4194 6198
340 401 458 463 545

1474 387 2015 456 HISTOlilARUM
2058 386 2619 454 GOMPENDIUM.

3635 401 3756 460 546

414 533 513 603 Τῷ
575 530 622 585 κ’
686 523 795 584 ἔτει
855 526 1073 602 γέγονεν
1139 528 1174 596 ἡ
1239 524 1368 602 ἁγία
1459 524 1549 579 καὶ
1635 523 1988 597 οίκουμενική

2176 526 2351 580 Anno
2380 527 2753 583 Constantini
2783 528 3063 585 vicesimo
3081 535 3353 587 sanctum
3374 533 3755 606 primumque

339 622 534 697 πρώτη
567 616 790 681 σύνοδος
849 617 901 672 ἐν
956 617 1178 689 Νικαίᾳ,
1233 614 1598 681 συνελθόντων
1650 620 1758 671 τῶν
1822 615 1991 692 ἁγίων

342 712 450 781 τιη¹
480 709 756 783 Πατέρων.
791 708 892 770 Ἢς
922 708 1158 781 ἡγοῦντο
1187 700 1528 781 Σιλϐέστρου
1559 706 1713 761 πάπα
1768 705 1995 777 Ῥώμης

343 798 742 874 τοποτηρηταὶ.
806 796 981 854 Βίτων
1059 795 1151 851 καὶ
1234 797 1526 853 Βικεντίων
1613 790 1993 871 πρεσϐύτεροι,

346 887 712 964 Μητροφάνης
759 888 857 941 τοῦ
927 883 1240 954 Βυζαντίου,
1324 881 1678 960 Ἀλέξανδρος
1738 882 1996 953 ’Λλεξαν-

347 975 551 1051 δρείας,
597 974 893 1036 Εὐπάθιος
943 973 1306 1049 Ἀντιοχείας,
1357 973 1637 1049 Μακάριος
1690 968 1994 1047 Ἰεροσολύ-

349 1086 490 1139 μων,
547 1065 686 1120 κατὰ
741 1061 957 1138 Ἀρείου
1038 1057 1408 1138 πρεσϐυτέρου
1466 1063 1758 1140 γεγονότος
1814 1059 1997 1131 Ἀλεξ-

346 1152 616 1228 ανδρείας,
679 1150 1141 1226 βλασφημοῦντος
1215 1152 1308 1206 τὸν
1375 1152 1504 1206 Θεὸν
1556 1151 1734 1225 Λόγον
1791 1149 1997 1222 κτίσμα

347 1244 438 1299 καὶ
470 1242 805 1317 ὲτεροούσιον
862 1245 960 1296 τοῦ
1017 1242 1252 1315 Πατρὸς,
1309 1240 1401 1295 καὶ
1461 1238 1546 1295 ὅτι
1593 1241 1660 1309 ἦν
1717 1260 1850 1296 ποτε
1906 1237 1997 1294 ὅτε

348 1336 451 1390 οὐκ
479 1335 548 1402 ἦν
580 1329 924 1404 δοξάζοντος,
979 1331 1077 1389 Ὃν
1135 1328 1441 1395 καθελοῦσα
1496 1330 1845 1404 ἀνεθεμάτισε
1899 1330 1992 1384 σὸν

347 1426 464 1484 τοῖς
494 1421 798 1498 ὁμόφροσιν
830 1419 1021 1491 αὐτοῦ,
1046 1419 1140 1474 τὸν
1172 1416 1230 1475 δὲ
1258 1420 1382 1474 Υιὸν
1412 1418 1707 1493 ὁμοούσιον
1746 1419 1837 1475 καὶ
1870 1439 1995 1473 συν-

349 1510 589 1589 άναρχον
655 1509 767 1583 (87)
821 1512 900 1582 τῷ
966 1508 1136 1584 Πατρὶ
1190 1508 1282 1563 καὶ
1367 1509 1495 1564 Θεὸν
1589 1505 1849 1578 ἀληθινὸν
1904 1508 1993 1564 καὶ

352 1597 584 1670 Κτίστην
644 1598 859 1653 πάντων
940 1595 1281 1673 ἐδογμάτισε.
1364 1600 1514 1654 Μετὰ
1569 1603 1698 1676 γοῦν
1752 1598 1815 1653 τὸ
1872 1619 1993 1653 συν·

350 1694 709 1762 αθροισθῆναι
748 1686 954 1750 πάντας
982 1685 1111 1749 τοὺς
1172 1685 1433 1761 ῥηθέντας
1490 1694 1596 1757 τιη’
1658 1685 1896 1763 Πατὲρας
1939 1685 1994 1742 ἐν

350 1777 554 1849 Νικαίᾳ
584 1772 874 1849 δημοσίοις
929 1777 1233 1851 ὀχήμασιν,
1291 1775 1509 1855 ἀφίκετο
1557 1777 1647 1830 καὶ
1678 1776 1706 1830 6
1741 1773 1994 1852 βασιλεὺς

2102 615 2537 671 ωοωῐιοιιίοιιιῐι
2569 617 2887 673 concilium
2920 619 3126 674 Nicaeae
3179 624 3377 676 actum
3425 622 3557 690 fuit,
3610 640 3755 678 con~

2102 705 2357 775 gregatis
2378 721 2447 760 eo
2469 707 2573 760 318
2596 707 2818 763 sanctis
2837 708 3129 765 Patribus.
3159 710 3534 766 Praefuerunt
3556 712 3608 766 ei
3642 712 3756 766 Sil-

2101 792 2279 847 vestri
2314 792 2559 850 Romani
2576 812 2741 867 papae
2756 796 2953 852 locum
2979 801 3246 853 tenentes
3260 799 3435 854 Viton
3457 805 3515 855 et
3544 799 3753 855 Vicen-

2101 881 2220 936 tius
2288 881 2449 939 500
2523 884 2873 957 presbyteri,
2966 887 3379 959 Metrophanes
3472 890 3752 961 Byzantii,

2102 970 2436 1027 Alexander
2503 972 2885 1039 Alexandriae,
2971 975 3312 1032 Eustathius
3389 977 3739 1045 Antiochim,

2103 1060 2391 1115 Macarius
2440 1060 2862 1134 Hierosolymae
2939 1064 3220 1135 episcopi.
3282 1067 3490 1120 Actum
3543 1072 3751 1122 contra

2103 1149 2331 1219 Arium,
2354 1151 2455 1221 qui
2483 1151 2868 1208 Alexandrem
2894 1153 3204 1224 presbyter
3224 1153 3738 1228 fuerat,impieque

2102 1240 2527 1311 pronuntiabat
2545 1241 2795 1298 Verbum
2812 1243 2912 1298 Dei
2930 1248 3262 1300 creaturam
3277 1261 3470 1316 neque
3488 1245 3747 1316 ejusdem

2103 1345 2240 1384 cum
2270 1332 2443 1384 Patre
2491 1331 2767 1386 essentia:
2817 1348 2967 1402 esse,
3018 1349 3086 1388 ac
3122 1333 3307 1389 fuisse
3354 1339 3586 1405 tempus
3631 1351 3749 1405 quo

2104 1420 2359 1475 Verbum
2392 1437 2513 1476 non
2541 1421 2738 1478 fuerit.
2772 1425 2919 1479 Eum
2939 1423 3261 1479 concilium
3280 1441 3415 1480 cum
3439 1426 3754 1480 sectatori-

2101 1507 2214 1564 bus
2235 1508 2363 1580 ejus
2384 1510 2782 1580 proscribens,
2809 1512 3066 1568 decrevit
3083 1513 3295 1569 Filium
3326 1530 3455 1570 esse
3473 1514 3744 1587 ejusdem

2102 1613 2239 1653 cum
2268 1599 2441 1653 Patre
2471 1599 2766 1667 essentia,
2788 1600 3185 1672 similiterque
3206 1602 3498 1676 principio
3522 1619 3745 1671 carere,

2103 1692 2162 1743 et
2191 1702 2320 1742 esse
2348 1703 2552 1742 verum
2583 1689 2769 1744 Deum
2801 1693 2979 1760 atque
3026 1691 3294 1746 omnium
3344 1691 3744 1750 Conditorem.

2102 1776 2247 1830 Cum
2304 1775 2559 1831 Nicaeam
2605 1778 2706 1832 318
2758 1777 2855 1833 isti
2898 1779 3102 1835 Patres
3148 1779 3404 1851 publicis
3461 1781 3748 1837 vehiculis

348 1864 631 1942 ἐφιέμενος
662 1862 795 1920 ἰδεῖν
854 1866 953 1933 τήν
989 1863 1205 1935 πληθὺν
1256 1869 1364 1919 τῶν
1407 1863 1726 1941 ἀρχιερέων.
1775 1864 1879 1923 Καὶ
1924 1860 1991 1934 δὴ

2108 1864 2528 1935 pervenissent,
2560 1865 2769 1921 eodem
2801 1867 2980 1922 etiam
3005 1867 3329 1939 imperator
3367 1885 3429 1925 se
3472 1870 3750 1939 contulit,

353 1955 508 2009 οἶκον
570 1954 826 2031 μέγιστον
885 1952 938 2008 ἐν
1013 1958 1129 2016 τοῖς
1219 1952 1517 2028 βασιλείοις
1597 1955 1996 2017 κατασκετάσας

357 2041 586 2117 θρόνους
627 2040 876 2107 πολλοὺς
934 2040 987 2098 ἐν
1051 2043 1201 2114 αὐτῷ
1264 2049 1487 2113 τεθῆναι
1542 2041 1856 2118 προσέταξε,
1910 2043 2003 2098 καὶ

358 2131 532 2194 οὕτως
560 2132 821 2196 είσελθεῖν
848 2130 976 2193 τούς
1030 2131 1309 2208 ἀρχιερεῖς
1368 2131 1674 2208 ἐπέτρεψεν.
1725 2134 2002 2208 Ἔσχατος

357 2219 416 2277 δὲ
446 2220 538 2277 σὺν
579 2220 791 2298 ὀλίγοις
830 2220 1089 2286 εἰσελθὼν
1147 2221 1236 2276 καὶ
1287 2222 1477 2290 αὐτὸς,
1522 2222 1612 2278 καὶ
1643 2223 1769 2285 στὰς
1820 2221 1873 2277 ἐν
1922 2227 2002 2295 τῷ

368 2313 537 2386 μέσῳ,
595 2313 965 2387 προετρέψατο
1043 2310 1245 2374 πάντας
1304 2310 1541 2371 καθίσαι.
1602 2312 1735 2369 Εἶτα
1812 2311 2002 2386 θρόνου

363 2405 562 2475 μικροῦ
644 2402 888 2463 τεθέντος
978 2400 1285 2462 κελευσθεὶς
1373 2402 1463 2456 ὐπ’
1517 2399 1695 2456 αὐτῶν
1759 2398 2000 2465 ἐκάθισεν

359 2487 592 2569 ἔσχατος
646 2493 883 2549 πάντων
959 2494 1192 2563 τοσαύτη
1253 2513 1336 2555 τις
1389 2488 1646 2548 εὐλάϐεια
1694 2493 1784 2549 καὶ
1832 2489 2001 2556 αἰδὼς

355 2588 463 2638 τῶν
496 2581 705 2658 ἀνδρῶν
773 2588 998 2659 κατεῖχε
1053 2584 1145 2639 τὸ)
1195 2581 1442 2660 βασιλέα.
1494 2583 1599 2640 Καὶ
1643 2584 1694 2639 oi
1744 2584 1838 2657 μὶν
1884 2587 2002 2645 τοῖς

353 2671 530 2739 ἄνθεσι
566 2679 676 2729 τῶν
736 2672 1025 2748 ἐγκωμίων
1075 2675 1175 2744 τήν
1218 2671 1461 2753 κεφαλὴν
1518 2672 1683 2730 αὐτοῦ
1730 2674 2004 2749 στεφανώ-

353 2782 537 2826 σαντες
568 2764 668 2833 τὴν
700 2762 922 2837 περὶτὰ
952 2768 1068 2826 θεῖα
1116 2763 1204 2835 [Ρ.
1255 2764 1381 2835 586]
1431 2759 1673 2833 σπουδὴν
1723 2760 2003 2838 εὐλογίαις

350 2851 685 2926 ἠμείψαντο·
722 2852 750 2906 6
785 2848 844 2906 δὲ
888 2848 1016 2913 τοὺς
1057 2850 1182 2925 περὶ
1240 2857 1339 2921 τῆς
1396 2850 1660 2923 ὁμονοίας
1712 2851 1803 2907 καὶ
1862 2873 1999 2925 συμ-

356 2939 559 3017 φωνίας
588 2942 959 3017 προσαγαγὼν
1019 2937 1224 3017 λόγους
1260 2938 1508 3002 πολλοὺς
1561 2940 1656 3014 μὲν
1704 2938 2003 3019 ἐφιλοφρο-

354 3024 559 3098 νήσατο
590 3030 680 3085 καὶ
721 3029 912 3105 λόγοις
951 3029 1042 3084 καί
1103 3027 1325 3104 δώροις,
1379 3027 1597 3093 πολλὰς
1640 3026 1696 3085 δὲ
1746 3025 2003 3091 στιϐάδας

355 3118 661 3193 προστάξας
756 3120 1171 3194 εὐτρεπισθῆναι
1263 3116 1351 3174 ἐπί
1436 3118 1499 3173 τὸ
1578 3118 1711 3174 αὐτὸ
1797 3119 2000 3181 πάντας

2111 1954 2356 2025 cupiens
2377 1953 2574 2008 videre
2596 1971 2727 2011 eam
2740 1972 3109 2012 summorum
3121 1957 3473 2029 pontificum
3485 1958 3656 2013 multi
3666 1965 3757 2014 tu-

2111 2043 2334 2100 dinem.
2356 2046 2607 2102 Domum
2624 2046 2687 2101 in
2711 2047 2874 2119 regia
2893 2047 3322 2119 amplissimam
3347 2049 3555 2122 positis
3586 2049 3754 2105 soliis

2110 2134 2387 2190 adornari
2420 2135 2601 2206 inque
2632 2152 2765 2191 eam
2795 2138 2997 2193 Patres
3028 2138 3345 2194 convenire
3385 2139 3587 2211 jussit.
3618 2140 3750 2211 Ipse

2111 2241 2247 2281 cum
2274 2228 2478 2297 paucis
2504 2233 2840 2298 postremus
2869 2229 3129 2298 intravit,
3163 2230 3344 2303 inque
3384 2231 3581 2287 medio
3612 2233 3757 2287 asti-

2114 2315 2201 2382 tit,
2214 2331 2293 2389 _ac
2314 2315 2623 2371 considere
2644 2318 2848 2373 Patres
2870 2319 3191 2387 mandavit,
3217 2319 3512 2391 jussuque
3545 2336 3753 2376 eorum

2112 2403 2307 2474 posita
2337 2403 2489 2459 sella
2516 2403 2764 2460 ultimus
2793 2407 3062 2461 omnium
3093 2407 3284 2475 sedit;
3316 2413 3548 2464 tantum
3573 2409 3758 2480 impe-

2110 2497 2274 2547 rator
2293 2491 2564 2547 Patribus
2585 2495 2930 2549 reverentiae
2951 2510 3019 2549 ac
3040 2494 3282 2551 honoris
3306 2494 3628 2553 deferebat.
3672 2500 3755 2552 Ac

2110 2583 2313 2638 Patres
2336 2581 2577 2654 quidem
2599 2582 2846 2639 ﬂoribus
2867 2584 3279 2641 laudationum
3301 2593 3476 2657 caput
3492 2586 3754 2657 impera-

2110 2670 2254 2726 toris
2274 2671 2869 2742 coronantes,faustis
2889 2674 3466 2745 comprecatiouibus
3491 2674 3756 2731 studium

2111 2758 2240 2831 ejus
2268 2775 2470 2814 rerum
2519 2776 2755 2816 sacrum
2805 2768 3355 2833 compensaverunt.
3406 2765 3755 2836 Imperator,

2108 2848 2312 2904 habita
2336 2848 2623 2915 oratione,
2657 2865 2774 2920 qua
2803 2865 2903 2905 eos
2932 2850 3006 2906 ad
3045 2851 3423 2907 concordiam
3454 2857 3511 2907 et
3542 2852 3760 2908 unani-

2109 2937 2379 2993 mitatem
2410 2937 2844 3007 exhortaretur,
2878 2939 3097 2996 multos
3154 2940 3418 3012 ipsorum
3462 2941 3656 2998 verbis
3684 2958 3755 2997 ac

2110 3026 2458 3081 muneribus
2488 3032 2858 3098 prosecutus,
2888 3027 3112 3084 multos
3150 3034 3311 3085 toros
3325 3031 3522 3102 parari
3545 3030 3753 3102 jussit,

2109 3131 2437 3185 omnesque
2467 3115 2542 3171 ad
2571 3132 2756 3171 unum
2787 3117 3118 3173 convivium
3147 3119 3391 3186 vocavit,
3424 3121 3506 3175 ita
3532 3125 3597 3174 ut
3616 3137 3763 3192 prm-

358 3206 590 3280 ἐστίασε,
655 3208 783 3269 τοὺς
852 3208 949 3281 μὲν
1035 3206 1504 3284 ἀξιολογωτέρους
1594 3208 2000 3284 ὁμοτραπέζους

358 3295 379 3312 κ
436 3291 497 3312 ο.
694 3297 706 3312 ς
815 3294 858 3312 κ.
927 3294 947 3312 κ
1102 3296 1114 3312 ι
1250 3298 1263 3312 .
1397 3298 1410 3312 .
1511 3296 1604 3312 ..η
1893 3298 1944 3312 ,μ

2116 3204 2432 3260 stantiores
2466 3221 2587 3261 sua:
2619 3222 2841 3262 mensa)
2862 3207 3193 3276 adhiberet,
3215 3208 3477 3280 reliquos
3500 3209 3561 3264 in
3584 3214 3757 3264 cante-

358 3291 570 3366 λαϐὼν,
625 3297 752 3361 τοὺς
812 3294 871 3352 δὲ
927 3294 1163 3362 λοιποὺς
1220 3298 1296 3359 είς
1354 3298 1450 3360 τὰς
1508 3296 1686 3362 ἃλλας
1739 3298 2008 3376 τραπέζας

359 3383 554 3445 διεῖλε.
588 3386 930 3460 Θεασάμενος
961 3383 1021 3441 δὲ
1047 3406 1198 3451 τινας
1243 3387 1370 3450 τοὺς
1417 3384 1622 3457 δεξιοὺς
1681 3390 2008 3470 ἀφθαλμοὺς

363 3470 820 3545 ἑκκεκομμένους,
879 3471 971 3526 καὶ
1059 3470 1243 3545 μαθὼν
1312 3472 1386 3534 ὡς
1445 3472 1549 3528 ὑπὸ
1608 3475 2008 3550 Διοκλητιανοῦ

362 3560 452 3615 καὶ
513 3560 857 3633 Μαξιμιυνοῦ
928 3556 1019 3615 διὰ
1101 3560 1202 3630 τήν
1269 3560 1345 3623 εἷς
1402 3562 1641 3637 Χριστόν
1700 3567 2008 3647 ὁμολογίαν

356 3653 521 3706 τοῦτο
563 3650 887 3718 πεπόνθασι,
915 3650 982 3704 τὰ
1030 3650 1197 3725 χείλη
1245 3654 1362 3714 τοῖς
1409 3652 1683 3727 τραύμασι
1735 3662 2010 3732 προσενή-

354 3757 487 3814 νοχε
515 3738 1014 3812 κατασπαζόμενος,
1072 3737 1314 3794 ὲλκύσειν
1365 3739 1564 3806 ἰκεῖθεν
1613 3743 1871 3821 εὐλογίαν
1928 3754 2008 3822 τῷ

361 3827 637 3905 φιλήματι
694 3825 986 3914 πιστεύων·
1044 3828 1219 3890 οὓτως
1264 3828 1331 3898 ἦν
1390 3830 1419 3885 6
1481 3835 1783 3905 θαυμάσιος
1867 3835 2006 3914 ἀνὴρ

357 3916 559 3979 ἐκεῖνος
614 3911 871 3989 εὐλαϐείᾳ
934 3917 1022 3972 καὶ
1105 3917 1284 3973 πίστει
1380 3920 1466 3974 καὶ
1566 3911 2003 4002 μετριοφροσύνη

359 4004 868 4082 λελαμπρυσμένος.
906 4011 987 4082 Τῇ
1043 4004 1101 4063 δὲ
1154 4006 1415 4085 ἐπαύριον
1471 4008 1763 4068 ἐπίσκοποι
1808 4016 2007 4079 πάντες

358 4095 448 4150 καὶ
481 4097 509 4150 ὁ
542 4093 800 4170 βασιλεὺς
829 4095 905 4158 είς
936 4092 1029 4151 ἕνα
1055 4094 1226 4152 τόπον
1252 4095 1595 4162 συνελθόντες
1635 4099 1865 4157 καλοῦσι
1910 4103 2004 4158 τὸν

360 4184 580 4258 ’Λρειον
612 4183 705 4239 σὺν
746 4190 863 4247 τοῖς
907 4184 1210 4263 ὁμόφροσιν
1256 4185 1423 4242 αὐτοῦ
1471 4187 1547 4251 εἷς
1595 4192 1694 4259 τήν
1751 4188 2002 4259 σύνοδον,

361 4272 734 4347 ἐπιτρέποντες
765 4275 914 4347 αὐτῷ
955 4282 1211 4355 συστῆναι
1264 4280 1381 4339 τοῖς
1427 4275 1656 4341 οἰκείοις
1707 4277 2004 4357 δόγμασιν.

358 4363 458 4419 Ἦν
492 4360 549 4418 δὲ
602 4362 669 4418 τὰ
709 4361 958 4439 δόγματα
1012 4367 1111 4419 τοῦ
1166 4360 1391 4427 ἀσεϐοῦς
1429 4367 1520 4420 καὶ
1577 4369 2004 4443 τρισκαταράτω

359 4451 572 4527 Ἀρείου
618 4455 809 4509 ταῦτα.
861 4451 978 4510 Οὐκ
1023 4452 1105 4507 ἀεὶ
1135 4453 1164 4507 6
1204 4454 1334 4517 Θεὸς
1384 4455 1571 4530 Πατήρ
1616 4454 1704 4529 ἧν,
1755 4456 1879 4513 ἀλλ’
1936 4459 2001 4527 ἦν

356 4541 448 4595 ὅτε
476 4541 605 4603 Θεὸς
648 4540 833 4612 Πατήρ
895 4541 999 4596 οὐκ
1053 4540 1145 4611 ἦν.
1194 4540 1310 4599 Οὐκ
1362 4541 1442 4597 ἀεὶ
1501 4543 1571 4612 ἦν
1631 4543 1659 4598 ὁ
1716 4542 1813 4600 τοῦ
1870 4549 2006 4601 Θεοῦ

2117 3310 2214 3350 ras
2234 3310 2469 3350 mensas
2498 3293 2899 3352 distribueret.
2939 3295 3151 3352 Videns
3180 3303 3378 3354 autem
3401 3297 3761 3370 quibusdam

2113 3382 2355 3439 oculum
2387 3382 2659 3439 dextrum
2693 3399 2821 3440 esse
2853 3390 3110 3455 erutum,
3155 3386 3575 3459 accipiensque
3603 3387 3752 3445 ὅθι

2112 3471 2171 3526 id
2201 3488 2302 3529 eos
2359 3488 2396 3528 a
2433 3472 2799 3529 Diocletiano
2848 3480 2907 3529 et
2952 3475 3300 3532 Maximiano
3343 3492 3550 3548 passos
3598 3476 3759 3547 quod

2112 3560 2409 3617 Christum
2440 3567 2643 3618 essent
2670 3563 2948 3632 confessi,
2980 3564 3284 3622 cicatrices
3323 3581 3532 3621 eorum
3578 3564 3755 3621 labiis

2110 3648 2365 3705 admotis
2385 3650 2763 3707 deosculatus
2795 3658 2902 3723 est,
2935 3669 3182 3725 sperans
3229 3654 3451 3710 osculis
3497 3654 3637 3710 inde
3688 3671 3752 3710 se

2110 3738 2456 3795 felicitatem
2476 3739 2831 3796 hausturum
2854 3757 2867 3794 :
2904 3746 3135 3798 tantum
3155 3742 3268 3797 fuit
3284 3742 3343 3796 in
3370 3743 3481 3798 isto
3509 3743 3757 3814 impcra-

2112 3832 2237 3882 tore
2268 3826 2427 3896 fidei,
2460 3828 2849 3885 observantiae
2882 3846 3019 3903 erga
3045 3835 3284 3886 sanctos
3313 3836 3371 3885 et
3417 3831 3751 3887 modestiae.

2111 3915 2401 3971 Postridie
2432 3917 2694 3989 episcopi
2724 3919 2985 3974 universi
3014 3923 3074 3974 et
3101 3918 3427 3989 imperator
3455 3920 3517 3974 in
3568 3934 3755 3975 unum

2110 4004 2307 4061 locum
2339 4004 2573 4062 collecti
2603 4007 2811 4063 Arium
2843 4007 2918 4063 ad
2967 4024 3030 4064 se
3075 4013 3286 4063 vocant
3328 4009 3388 4062 in
3433 4007 3750 4063 concilium

2110 4110 2246 4149 cum
2275 4094 2397 4149 suis
2422 4094 2831 4166 sectatoribus,
2866 4097 3039 4168 eique
3070 4112 3206 4153 suas
3246 4098 3558 4168 opiniones
3588 4112 3756 4153 asse-

2108 4183 2281 4239 rendi
2313 4187 2666 4254 potestatem
2696 4185 2937 4242 faciunt.
2976 4186 3108 4242 Haac
3137 4191 3336 4242 autem
3363 4191 3534 4242 erant
3586 4185 3757 4257 impii

2108 4280 2286 4347 atque
2309 4275 2655 4331 exsecrandi
2680 4277 2800 4332 Arii
2818 4277 3235 4334 decreta.Deus
3256 4294 3377 4333 non
3400 4277 3761 4349 semperfuit

2108 4363 2415 4432 Pater,sed
2427 4363 2685 4420 fuitcum
2699 4366 2853 4421 Deus
2865 4384 2983 4423 non
2997 4368 3355 4422 essetPater.
3381 4368 3506 4422 Non
3518 4382 3756 4438 semper

2108 4451 2221 4507 fuit
2250 4452 2505 4508 Verbum
2536 4454 2663 4520 Dei,
2697 4455 2799 4510 sed
2830 4473 2901 4511 ex
2940 4472 3007 4510 eo
3038 4456 3198 4527 quod
3229 4456 3380 4511 nihil
3412 4461 3560 4524 erat,
3593 4472 3760 4513 crea-

2110 4546 2238 4597 tum
2252 4547 2369 4598 est:
2389 4543 2543 4598 Deus
2557 4544 2718 4598 enim
2732 4544 2832 4614 qui
2849 4545 3050 4615 erat,is
3061 4546 3249 4601 Deum
3263 4545 3364 4616 qui
3378 4562 3498 4601 non
3512 4551 3658 4614 erat,
3686 4562 3756 4601 ex

356 4629 552 4704 Λόγος,
607 4628 735 4685 ἀλλ’
783 4629 836 4700 ἐξ
882 4630 983 4685 οὐκ
1033 4628 1199 4685 ὄντων
1258 4628 1497 4707 γέγονεν·
1531 4631 1560 4686 6
1598 4632 1699 4708 γάρ
1747 4631 1822 4688 ὥν
1873 4633 2000 4696 Θεὸς

2110 4630 2301 4686 nihilo
2316 4631 2550 4687 creavit.
2560 4631 2892 4703 Aliquando
2907 4633 3087 4706 igitur
3101 4632 3353 4690 Verbum
3367 4651 3488 4691 non
3501 4633 3765 4690 fuitmam

354 4721 445 4775 τὸν
478 4722 552 4793 μὴ
587 4717 715 4776 ὄντα
740 4719 801 4776 ἐκ
826 4725 924 4777 τοῦ
959 4721 1034 4795 μὴ
1067 4716 1220 4784 ὄντος
1276 4721 1569 4794 πεποίηκε.
1626 4724 1720 4779 Διὸ
1749 4723 1816 4792 ἦν
1867 4744 2002 4780 ποτε

357 4810 447 4865 ὅτε
475 4811 576 4866 οὐκ
614 4811 703 4880 ἦν·
763 4811 967 4885 κτίσμα
1023 4810 1125 4887 γάρ
1183 4810 1293 4867 ἐστι
1345 4813 1435 4867 καί
1488 4813 1709 4887 ποίημα
1764 4814 1793 4868 6
1852 4814 1998 4876 Υἱὸςο

356 4897 494 4956 Οϐτε
524 4895 583 4953 δὲ
620 4897 816 4972 ὅμοιός
870 4897 1014 4955 ἐστιν
1048 4900 1075 4954 6
1107 4901 1230 4961 Υἱὸς
1271 4904 1351 4974 τῷ
1410 4903 1581 4977 Ηατρὶ
1626 4907 1744 4957 κατ’
1786 4902 1999 4963 οὐσίαν.

358 4983 496 5045 Οὔτε
553 4984 620 5056 δὴ
676 4986 938 5059 ἀληθινὸς
997 4987 1087 5043 καὶ
1138 4989 1291 5064 φύσει
1356 4993 1455 5045 τοῦ
1532 4991 1743 5066 [ἰατρὸς
1827 4991 2006 5068 Λόγος

355 5072 523 5148 ἐστὶν,
589 5071 714 5130 οὔτε
766 5075 1006 5147 ἀληθινὴ
1075 5075 1238 5154 σοφία
1292 5077 1460 5133 αὐτοῦ
1515 5075 1675 5133 ἐστιν’
1744 5076 1872 5134 αλλ’
1929 5080 2004 5144 εἷς

359 5164 454 5236 μὶν
510 5166 619 5219 τῶν
681 5166 1008 5237 ποιημάτων
1064 5165 1158 5220 καὶ
1207 5166 1467 5241 γεννητός
1524 5163 1659 5238 ἐστι,
1711 5187 2000 5245 καταχρη-

354 5256 551 5314 στικῶς
581 5249 638 5309 δὲ
669 5251 882 5330 λέγεται
932 5252 1111 5329 Λόγος
1176 5254 1268 5309 καὶ
1333 5253 1514 5333 σοφία,
1570 5256 1862 5332 γενόμενος
1909 5257 2003 5313 καὶ

350 5343 512 5408 αὐτὸς
534 5347 611 5415 τῷ
642 5341 767 5418 ἰδίῳ
804 5346 903 5400 τοῦ
932 5343 1066 5401 Θεοῦ
1094 5343 1259 5419 Λόγῳ
1289 5345 1380 5400 καὶ
1429 5344 1484 5399 ἐν
1526 5350 1606 5419 τῷ
1642 5353 1759 5419 Θεῳ
1815 5346 2000 5426 σοφίᾳ,

2110 4719 2293 4776 Filius
2322 4725 2593 4777 creatura
2621 4726 2729 4787 est,
2765 4727 2823 4777 et
2843 4739 2938 4778 res
2959 4724 3188 4780 effecta.
3213 4724 3412 4794 Neque
3441 4740 3576 4778 vero
3599 4723 3759 4794 quod

2110 4809 2185 4865 ad
2226 4810 2543 4866 essentiam
2575 4810 2808 4879 attinet,
2840 4812 3022 4868 Filius
3050 4812 3210 4868 Patri
3236 4811 3450 4867 similis
3479 4816 3571 4867 est
3597 4828 3612 4877 ;
3652 4826 3761 4865 ne-

2118 4916 2234 4971 que
2265 4899 2590 4972 genuinum
2623 4905 2683 4956 et
2710 4905 2938 4957 naturae
2968 4902 3239 4974 ejusdem
3270 4917 3405 4957 cum
3436 4904 3608 4955 Patre
3630 4900 3767 4954 Ver-

2111 4989 2254 5045 bum
2277 4995 2387 5057 est,
2422 5006 2616 5062 neque
2642 5007 2778 5048 vera
2807 4992 2936 5064 ejus
2980 4991 3289 5064 sapientia.
3339 4988 3452 5046 Sed
3503 4987 3757 5044 Verbum

2112 5083 2201 5135 est
2229 5078 2303 5135 de
2332 5095 2583 5135 numero
2616 5086 3021 5137 creaturarum
3078 5080 3383 5153 genitum:
3434 5078 3759 5151 improprie

2111 5172 2309 5224 autem
2343 5168 2599 5226 Verbum
2657 5174 2718 5225 et
2759 5169 3051 5243 sapientia
3087 5169 3323 5234 dicitur,
3373 5184 3509 5225 cum
3558 5168 3757 5240 ipsum

2111 5277 2347 5333 quoque
2377 5262 2683 5318 conditum
2717 5261 2856 5317 sita
2885 5260 3123 5333 proprio
3162 5259 3265 5315 Dei
3308 5258 3497 5314 Verbo
3550 5263 3611 5316 et
3660 5276 3758 5316 sa-

2112 5350 2337 5420 pientia
2366 5367 2500 5422 quae
2531 5351 2593 5406 in
2626 5352 2744 5407 Deo
2775 5355 2883 5418 est,
2917 5366 3033 5421 qua
3061 5367 3097 5405 a
3123 5350 3241 5405 Deo
3273 5348 3476 5405 omnia
3520 5353 3581 5405 et
3615 5350 3758 5405 Ver-

1550 5494 1917 5551 XYLANDRI
1958 5496 2046 5549 ET
2083 5495 2292 5551 GOARI
2332 5496 2552 5551 NOT/E.

418 5608 651 5683 (‘87_)_A_n
680 5609 763 5666 ita
791 5610 1002 5683 Filius,
1026 5609 1179 5667 sicut
1206 5612 1382 5683 Pater
1410 5606 1672 5683 ἄναρχος,
1718 5626 1840 5667 non
1888 5611 1991 5680 ita,

349 5678 457 5751 sed
486 5680 671 5764 Filius
699 5698 938 5777 quoque
966 5678 1225 5761 ἄναρχος,
1267 5682 1408 5753 quia
1455 5678 1594 5738 licet
1638 5678 2002 5756 principium

2103 5611 2375 5685 originis,
2406 5629 2528 5685 non
2559 5613 2844 5685 temporis
2877 5616 3074 5668 tamen
3104 5616 3208 5669 aut
3226 5613 3545 5670 creationis
3569 5629 3764 5685 agno-

2115 5683 2242 5740 scit.
2273 5683 2586 5758 Gregorius
2617 5683 2961 5759 Tlieologus.
2995 5685 3170 5743 (ἴση.
