4194 6198
414 392 532 452 847
1726 383 2039 447 GEORGII

2160 388 2433 449 EDRENI
3697 394 3820 452 548

412 523 558 578 bum
588 537 822 594 quoque
846 520 1041 591 ipsum
1064 517 1219 573 facta
1249 521 1404 572 sunt.
1435 516 1574 572 Ideo
1601 517 1855 573 Verbum
1880 517 2052 574 etiam

2172 513 2224 571 ἐν
2317 517 2406 573 καὶ
2430 516 2499 573 τά
2539 517 2713 574 πάντα
2763 519 2853 574 καὶ
2912 518 3073 575 αὐτὸν
3137 520 3432 591 πεποίηκεν
3457 521 3487 574 6
3517 521 3670 582 Θεός.
3723 524 3816 577 Διὸ

416 610 704 667 mutabile
731 613 821 663 est
851 624 919 663 ac
950 611 1182 661 naturas
1229 602 1572 675 slterabilis,
1634 606 1807 661 sicuti
1865 607 2052 662 omnia

2173 606 2264 661 καὶ
2294 608 2525 682 τρεπτός
2557 606 2670 663 ἐστι
2700 609 2791 663 καὶ
2851 606 3163 670 ἀλλοιωτὸς
3219 611 3320 679 τὴν
3379 609 3559 689 φύσιν,
3611 611 3687 673 ὡς
3725 614 3816 668 καὶ

414 698 644 753 ratione
690 695 974 768 praedita;
1033 694 1417 765 alienumque
1464 699 1556 749 est
1602 694 1857 750 Verbum
1897 711 1931 750 a
1962 695 2065 750 Dei

417 785 767 849 substantia,
819 783 893 839 ab
954 798 1142 854 eaque
1201 783 1568 840 distinctum.
1619 785 1817 855 Neque
1864 782 2063 839 videre

412 878 612 946 potest
639 876 876 929 Patrem
907 872 1111 944 Filius,
1160 888 1356 944 neque
1402 872 1662 945 perfecte
1712 876 1793 928 et'
1817 872 2064 945 praacise

416 979 551 1019 eum
582 979 940 1036 cognoscere
968 979 1163 1035 neque
1191 962 1388 1019 videre
1434 967 1648 1036 potest.
1698 967 1843 1019 Nam
1892 978 2061 1019 suam

418 1053 609 1124 ipsius
633 1068 868 1124 quoque
888 1053 1283 1110 substantiam
1311 1068 1431 1108 non
1453 1052 1637 1120 novit,
1668 1052 1963 1124 quomodo
1987 1051 2065 1106 sit

412 1143 615 1198 Filius.
641 1145 891 1214 Propter
919 1158 1029 1198 nos
1062 1143 1223 1198 enim
1254 1143 1443 1198 factus
1473 1146 1582 1209 est,
1614 1147 1680 1197 ut
1704 1143 1857 1199 Deus
1908 1143 2060 1199 502

413 1249 522 1288 nos
554 1232 740 1304 ipsius
793 1237 1081 1303 tanquam
1139 1230 1517 1287 instrumenti
1575 1248 1755 1303 opera
1809 1237 2059 1300 crearet,

413 1336 608 1392 neque
639 1322 884 1377 omnino
917 1321 1244 1377 exstitisset
1272 1321 1391 1376 nisi
1424 1323 1578 1377 Deus
1607 1337 1717 1377 nos
1740 1321 1933 1377 facere
1959 1338 2057 1377 vo-

414 1410 643 1467 luisset.
728 1412 1132 1484 Interrogatus
1208 1411 1387 1465 etiam
1458 1410 1633 1465 Arius
1685 1426 1719 1465 a
1776 1411 2055 1481 quodam,

416 1504 695 1572 possetne
728 1498 984 1555 Verbum
1014 1498 1254 1564 mutari,
1305 1496 1602 1570 quomodo
1646 1497 1920 1555 diabolus
1968 1504 2062 1555 est

410 1592 694 1659 mutatus,
726 1603 850 1643 non
878 1588 1099 1643 veritus
1130 1592 1216 1642 est
1263 1586 1560 1643 afﬁrmare
1592 1603 1764 1660 posse
1812 1587 1873 1642 id
1923 1604 2057 1643 mu-

408 1679 560 1735 tari:
597 1694 725 1735 esse
759 1680 921 1734 enim
950 1677 1255 1734 mutabilis
1284 1684 1512 1735 nature
1557 1684 1760 1751 utpote
1791 1679 2057 1752 genitum

412 1773 472 1823 et
499 1773 784 1824 creatum.

2169 697 2343 751 πάντα
2373 697 2441 751 τά
2483 695 2701 773 λογικά.
2753 702 2923 759 Ξὲνος
2971 718 3031 753 τε
3061 698 3149 753 καὶ
3211 696 3512 774 ἀλλότριος
3566 700 3658 755 καὶ
3709 700 3814 756 ἀπ-

2169 786 2577 861 εσχοινισμένος
2631 786 2773 844 ἐστὶν
2810 789 2838 843 ὁ
2881 787 3058 863 Λόγος
3115 795 3218 858 τῆς
3272 793 3407 845 Θεοῦ
3458 788 3665 860 οὐσίας,
3722 793 3816 846 καὶ

2167 872 2398 947 ἀόρατος
2457 877 2484 931 6
2544 879 2731 951 Πατὴρ
2791 880 2868 948 τῷ
2924 877 3056 949 Υἱῷ.
3110 875 3247 933 Οὔτε
3304 877 3408 955 γὰρ
3459 875 3664 940 τελέως
3721 880 3814 933 καὶ

2165 959 2407 1034 ἀκριϐῶς
2434 966 2687 1040 γινώσκει
2720 966 2749 1020 6
2781 965 2953 1040 Λόγος
3003 964 3096 1020 τὸν
3139 967 3371 1042 Πατέρα,
3426 963 3551 1022 οὔτε
3586 965 3814 1028 τελείως

2166 1049 2325 1107 αὐτὸν
2360 1053 2487 1129 ὁρᾷν
2521 1050 2762 1111 δύναται.
2804 1054 2907 1111 Καὶ
2937 1054 3041 1131 γὰρ
3081 1055 3272 1110 ἑαυτοῦ
3326 1056 3428 1126 τήν
3483 1055 3664 1111 οὐσίαν
3714 1056 3815 1112 οὐκ

2167 1138 2317 1197 οἶδεν
2351 1142 2424 1205 ὡς
2482 1142 2605 1206 Υἱός
2658 1141 2793 1200 ἐστι·
2854 1140 2925 1198 δι’
2980 1132 3129 1216 ἡμᾶς
3186 1144 3290 1221 γὰρ
3347 1143 3667 1215 πεποίητᾶι,
3722 1144 3818 1201 ’ίνα

2163 1231 2317 1303 ἡμᾶς
2347 1228 2416 1286 δι’
2446 1231 2611 1288 αὐτοῦ
2641 1233 2716 1294 ὡς
2747 1229 2819 1287 δι’
2850 1232 3079 1309 ὀργάνου
3108 1234 3266 1309 κτίσῃ
3300 1234 3329 1288 6
3361 1234 3512 1296 Θεός·
3562 1234 3657 1289 καί
3712 1236 3815 1290 οὐκ

2165 1320 2227 1374 ἄν
2289 1320 2511 1393 ὑπέσνη,
2570 1321 2616 1376 εἰ
2679 1322 2755 1396 μή
2815 1323 2963 1396 ἡμᾶς
3018 1321 3505 1393 ἠθέλησενὸθεὸς
3558 1330 3810 1394 ποιῆσαι.

2166 1412 2477 1486 Ἦρώτησεν
2510 1412 2604 1469 οὖν
2635 1434 2719 1476 τις
2749 1413 2947 1478 αὐτοὺς
2975 1414 3021 1470 εί
3053 1412 3274 1470 δύναται
3307 1416 3336 1470 6
3365 1420 3464 1471 τοῦ
3522 1414 3655 1471 Θεοῦ
3704 1416 3815 1471 Λό-

2162 1520 2261 1576 γος
2320 1508 2615 1577 τραπῆναι,
2700 1503 2776 1566 ὡς
2870 1502 3075 1580 ἐτράπη
3138 1506 3167 1559 6
3226 1500 3505 1570 διάϐολος·
3564 1506 3655 1560 καὶ
3713 1505 3814 1561 οὐκ

2162 1586 2511 1666 ἐφοϐήθησαν
2544 1592 2735 1663 εἰπεῖν,
2769 1590 2856 1648 ὅτι
2888 1594 3015 1663 Ναὶ,
3070 1590 3291 1649 δύναται
3346 1596 3634 1669 τραπῆναιο
3686 1615 3815 1670 τρε-

2161 1685 2305 1748 πτῆς
2357 1680 2460 1757 γάρ
2518 1678 2629 1736 ἐστι
2682 1680 2915 1760 φύσεως,
2973 1682 3234 1758 γεννητὸς
3291 1682 3381 1738 καὶ
3436 1684 3652 1747 κτιστὸς
3703 1685 3813 1741 ὑπ-

2160 1765 2372 1842 άρχων.

482 1855 772 1912 Caeterum
802 1856 1158 1912 miraculum
1189 1872 1259 1912 eo
1289 1857 1351 1911 in
1391 1857 1644 1913 concilio
1675 1854 1896 1913 factum
1919 1857 2052 1929 jure

2170 1941 2194 1955 ζ
2235 1853 2416 1912 Ἀλλᾶ
2472 1858 2535 1913 τὸ
2591 1856 2728 1915 γατὰ
2783 1859 2882 1928 τὴν
2941 1856 3168 1915 σύνοδον
3225 1861 3446 1937 γεγονὸς
3508 1866 3690 1935 θαῦμα
3746 1863 3812 1917 ού

410 1946 785 2019 praetermitti
809 1945 1046 2001 silentio
1096 1961 1218 2002 non
1258 1952 1470 2018 potest.
1519 1946 1780 2003 Novitate
1833 1946 2052 2003 decreti

2166 1941 2372 2001 δίκαιον
2401 1950 2585 2021 σιωπῇ
2616 1949 2994 2022 παραπέμψαι.
3054 1949 3196 2024 Πρὸς
3251 1949 3358 2026 γὰρ
3398 1950 3462 2005 τὸ
3503 1948 3813 2026 παράδοξον

414 2036 792 2107 imperatoris
814 2036 960 2091 moti
982 2040 1385 2091 convenerant
1411 2036 1485 2091 ad
1510 2035 1830 2091 concilium
1862 2035 2055 2107 philo-

408 2124 579 2196 sophi
594 2130 978 2195 oratoresque
999 2124 1143 2180 artis
1164 2124 1493 2180 disserendi
1514 2125 1879 2196 peritissimi.
1896 2126 2057 2180 Inter

409 2230 509 2269 eos
541 2212 784 2285 quidam
818 2218 947 2269 erat
975 2213 1211 2269 Gracus
1242 2214 1303 2268 in
1334 2214 1603 2270 omnium
1636 2213 2051 2281 admiratione,

405 2309 465 2361 et
502 2304 576 2359 ad
605 2305 780 2378 cujus
809 2303 1246 2376 disputationes
1276 2320 1492 2377 magna
1511 2304 1823 2361 hominum
1857 2320 2056 2361 accur-

404 2397 565 2448 reret
593 2393 935 2449 multitudo.
967 2395 1166 2465 Neque
1199 2393 1361 2449 enim
1394 2409 1527 2450 cum
1562 2394 1866 2450 confutare
1898 2394 2053 2449 vale-

401 2483 548 2539 bant
567 2482 852 2556 episcopi,
885 2498 1022 2539 cum
1053 2489 1113 2538 et
1141 2483 1424 2540 facillime
1443 2485 1756 2556 quibusvis
1777 2484 2056 2556 objectio-

403 2572 582 2627 nibus
614 2578 974 2640 occurreret,
1007 2578 1067 2628 et
1094 2579 1297 2646 argute
1327 2573 1679 2630 dissolveret
1725 2573 2048 2646 proposita,

403 2660 708 2732 instarque
739 2659 1015 2734 anguilla)
1029 2661 1454 2733 comprehendi
1470 2664 1767 2734 nequiret,
1792 2663 1897 2718 sed
1917 2679 2052 2719 cum

402 2753 659 2808 maxime
687 2752 990 2808 videretur
1027 2754 1407 2822 constrictus,
1442 2754 1777 2810 elaberetur
1804 2771 1871 2810 ac
1908 2755 2054 2810 vali-

407 2840 541 2895 dius
572 2840 823 2894 instaret
852 2840 1229 2895 adversario:
1262 2847 1426 2896 tanta
1456 2842 1518 2897 in
1548 2859 1616 2897 eo
1653 2848 1782 2898 erat
1830 2843 2051 2915 ingenii

401 2928 511 2997 vis,
542 2928 974 3000 verborumque
995 2930 1164 3000 copia
1186 2934 1245 2985 et
1266 2930 1606 2986 volubilitas
1629 2930 1865 3001 linguas,
1898 2932 2053 2986 Deus

409 3023 611 3072 tamen
641 3022 784 3072 tunc
805 3017 1067 3073 ostendit
1095 3034 1346 3092 regnum
1379 3035 1553 3076 suum
1583 3037 1705 3076 non
1735 3020 1929 3076 verbis
1949 3019 2053 3076 sed

406 3110 697 3179 potestate
727 3107 856 3162 niti.
898 3107 1148 3172 Quidam
1196 3109 1353 3164 enim
1402 3109 1474 3164 de
1516 3110 1756 3181 sanctis,
1808 3110 2051 3165 nomine

399 3197 717 3268 Spyridon,
752 3197 1063 3268 episcopus
1095 3197 1571 3266 Trimithuntius,
1603 3199 2049 3271 simplicissime

402 3286 640 3359 ingenio
672 3302 741 3341 ac
770 3286 1102 3342 disserendi
1134 3287 1321 3355 rudis,
1352 3287 1523 3358 petiit
1552 3288 1662 3343 sibi
1697 3304 1831 3344 cum
1851 3289 2048 3360 philo-

395 3376 592 3447 sopho
620 3376 734 3431 isto
756 3375 1096 3447 disputandi
1116 3376 1310 3432 locum
1335 3377 1609 3447 concedi;
1633 3377 1908 3449 nihilque
1924 3395 2053 3433 mo-

394 3468 561 3518 ratus
598 3464 825 3532 Patres,
857 3464 960 3534 qui
988 3464 1121 3536 ejus
1150 3464 1471 3521 ruditatem
1500 3471 1559 3521 et
1606 3465 2053 3537 simplicitatem

399 3553 660 3608 scientes
684 3552 1098 3624 prohibebant,
1122 3570 1433 3627 aggressus
1463 3570 1599 3611 eum
1641 3572 1655 3610 :
1687 3558 1753 3611 In
1784 3557 2048 3625 nomine,

400 3642 618 3713 inquit,
649 3642 785 3697 Jesu
813 3642 1052 3711 Christi,
1076 3643 1238 3711 audi,
1270 3643 1643 3717 philosophe,
1664 3646 1928 3702 veritatis
1950 3646 2050 3701 de-

399 3735 579 3786 creta.
615 3730 835 3787 Unicus
865 3736 954 3787 est
992 3730 1167 3801 Deus,
1200 3734 1300 3804 qui
1333 3734 1486 3790 508
1509 3734 1723 3790 cmlum
1742 3740 1801 3790 et
1830 3739 2052 3790 terram

401 3821 640 3890 creavit,
673 3825 733 3876 et
761 3821 1065 3876 hominem
1096 3836 1167 3876 ex
1197 3827 1355 3877 terra
1377 3822 1568 3894 finxit,
1594 3828 1652 3879 et
1676 3823 1906 3895 reliqua
1926 3839 2052 3879 om-

402 3909 505 3965 nia
535 3914 655 3965 tam
687 3926 819 3982 quas
848 3910 1037 3966 visum
1066 3909 1301 3983 fugiunt
1329 3928 1506 3984 quam
1560 3929 1692 3984 quae
1739 3913 1802 3967 in
1847 3912 2052 3967 oculos

402 3999 736 4067 incurrunt,
773 3998 963 4054 Verbo
996 3999 1339 4071 Spirituque
1370 4017 1478 4056 suo
1526 4001 1809 4057 condidit.
1861 4001 2051 4073 Hujus

396 4087 654 4144 Verbum
674 4105 785 4144 nos
803 4090 1023 4145 scimus
1043 4090 1257 4146 Filium
1287 4091 1389 4146 Dei
1413 4090 1820 4162 esse,ideoque
1837 4090 2049 4147 adora-

394 4194 550 4246 mus,
580 4177 892 4234 credentes
917 4183 1137 4234 nostrm
1160 4179 1369 4235 salutis
1390 4196 1569 4237 causa
1590 4197 1724 4236 eum
1746 4185 2049 4253 postremo

396 4271 667 4338 tempore
692 4283 762 4323 ex
794 4268 1030 4340 Virgine
1061 4272 1292 4339 natum,
1318 4270 1630 4342 supplicio,
1659 4274 1847 4326 morte
1871 4274 2049 4341 atque

401 4355 465 4410 in
494 4355 674 4410 vitam
703 4356 899 4411 reditu
964 4372 1071 4412 suo
1120 4358 1446 4415 humanum
1491 4375 1680 4432 genus
1718 4359 2045 4427 liberasse;

398 4443 797 4515 eamdemque
813 4461 1123 4517 speramus
1142 4448 1499 4517 rediturum,
1514 4449 1798 4522 justeque
1819 4450 2051 4505 univer-

404 4549 502 4588 sos
527 4532 958 4604 judicaturum.
991 4535 1272 4592 Credisne
1310 4537 1456 4608 hinc,
1506 4538 1860 4611 philosophe
1881 4539 1911 4594 ?
1937 4538 2044 4593 Ille

2163 2039 2261 2090 τοῦ
2293 2033 2586 2110 βασιλικοῦ
2632 2033 2997 2112 διατάγματος
3052 2038 3141 2093 καὶ
3200 2036 3494 2117 φιλόσοφοι
3555 2040 3646 2095 καὶ
3706 2040 3813 2115 ῥη-

2162 2144 2320 2200 τορες
2376 2124 2427 2180 ἐν
2482 2130 2551 2201 τῇ
2611 2124 2816 2200 συνόδῳ
2866 2134 3134 2202 παρῆσαν,
3217 2125 3566 2198 διαλεκτικῆς
3624 2127 3812 2202 ἐμπει-

2164 2218 2405 2291 ρότατον
2454 2217 2507 2272 ἐν
2563 2218 2646 2281 οἶς
2710 2218 2927 2293 ὑπῆρχέ
2978 2238 3064 2282 τις
3116 2218 3328 2289 Ἕλλην
3385 2218 3531 2294 παρὰ
3586 2220 3804 2275 πάντων

2162 2305 2326 2369 αὐτὸς
2358 2306 2790 2381 θαυμαζόμενος,
2825 2307 2964 2363 ὥστε
2998 2305 3244 2384 μεγάλην
3284 2306 3543 2383 ἀκρόασιν
3599 2306 3655 2363 ἐκ
3702 2315 3805 2377 τῆς

2164 2390 2455 2470 συμϐολῆς
2510 2395 2748 2472 γενέσθαι
2804 2393 3055 2466 πλήθους
3113 2394 3615 2474 ἐπισυντρέχοντος.
3663 2393 3806 2454 Οὐδὲ

2160 2483 2272 2560 γὰπ
2297 2482 2412 2539 οἷοί
2442 2504 2501 2539 τε
2529 2484 2668 2553 ἦσαν
2701 2484 2753 2539 οἱ
2801 2481 3089 2539 ἐπίσκοποι
3118 2483 3209 2539 τὸν
3269 2482 3571 2564 φιλόσοφόν
3616 2504 3675 2538 τε
3711 2482 3805 2539 καὶ

2163 2574 2370 2650 ῥήτορα
2399 2575 2716 2649 περιτρέψαι
2747 2571 2886 2637 τέως
2942 2570 3349 2651 διαλεγόμενον,
3407 2576 3490 2648 [Ρ.
3543 2576 3671 2649 287]
3721 2576 3805 2630 ὅτι

2161 2667 2290 2717 πᾶσι
2319 2668 2436 2725 τοῖς
2490 2661 2854 2739 ἐπαγομένοις
2907 2664 3075 2737 ῥᾷστα
3127 2664 3512 2740 προσεφέρετο,
3570 2661 3813 2718 ἐπιλύων

2163 2750 2373 2829 εὐφυῶς
2400 2752 2469 2806 τὰ
2494 2752 2888 2827 προτεινόμενα
2925 2750 3015 2807 καὶ
3072 2748 3229 2821 δίκην
3287 2750 3552 2827 ἐγχέλυος
3608 2752 3811 2808 ἀκατάο

2164 2860 2363 2916 σχετος
2396 2840 2796 2916 εὑρισκόμενος.
2831 2842 2917 2897 Ἐν
2946 2840 3034 2903 οἷς
3082 2842 3184 2918 γὰρ
3246 2837 3422 2895 ἐδόκει
3469 2834 3809 2915 συνέχεσθαι,

2163 2926 2547 2984 διολισθαίνων
2642 2928 3100 3004 ἐπικρατεστὲρως
3180 2928 3500 3007 ἀντεφὲρετο
3574 2933 3643 3003 τῇ
3700 2935 3809 2984 τῶν

2160 3019 2453 3091 νοημάτων
2494 3014 2768 3089 δεινότητι
2813 3018 2904 3072 καὶ
2946 3016 3208 3094 ῥημάτων
3255 3015 3563 3094 εὖγλωττίᾳ
3611 3038 3668 3073 τε
3715 3019 3809 3073 καὶ

2163 3104 2474 3180 στωμυλίᾳ.
2502 3103 2657 3164 Ἀλλ’
2683 3105 2774 3161 ἳνα
2805 3103 2950 3181 δείξῃ
3011 3106 3040 3161 6
3070 3107 3202 3168 Θεὸς
3261 3105 3344 3163 ὅτι
3397 3105 3498 3162 οὐκ
3535 3106 3589 3161 ἐν
3650 3105 3807 3184 λόγῳ

2163 3197 2197 3265 ἡ
2233 3194 2484 3270 βασιλεία
2509 3198 2607 3250 τοῦ
2639 3200 2794 3265 Θεοῦ,
2828 3193 2954 3250 ἀλλ’
3007 3192 3059 3250 ἐν
3105 3191 3353 3268 δυνάμει,
3392 3193 3676 3271 ἄνθρωπός
3719 3216 3806 3258 τις

2159 3286 2222 3340 ἐκ
2248 3288 2358 3340 τῶν
2409 3282 2581 3361 ἁγίων
2619 3283 2843 3355 ὀνόματι
2903 3281 3206 3357 Σπυρίδων,
3255 3283 3548 3346 ἐπίσκοπος
3606 3288 3808 3361 Τριμι-

2162 3371 2424 3442 θούντων,
2464 3371 2839 3433 ἀπλούστατος
2873 3370 2931 3428 δὲ
2958 3374 3059 3442 τήν
3092 3371 3250 3448 φύσιν
3294 3373 3384 3428 καὶ
3442 3370 3669 3443 ἰδιώτης
3712 3373 3806 3428 τὸν

2166 3460 2353 3538 λόγον,
2385 3460 2616 3517 αἰτεῖται
2647 3462 2836 3540 χώραν
2864 3460 3014 3534 αὐτῷ
3041 3458 3269 3532 δοθῆναι
3329 3459 3617 3533 διαλέξεως
3661 3463 3805 3538 πρὸς

2158 3550 2251 3605 τὸν
2296 3548 2626 3628 φιλόσοφον.
2690 3549 2758 3608 Οἱ
2817 3546 2875 3604 δὲ
2931 3549 3162 3624 Πατὲρες
3217 3550 3280 3605 τὸ
3338 3547 3547 3604 ἁπλοῦν
3598 3570 3658 3605 τε
3704 3551 3794 3604 καὶ

2163 3636 2438 3696 ἰδιωτικὸν
2468 3644 2566 3695 τοῦ
2598 3636 2790 3715 ἀνδρὸς
2819 3637 3020 3701 εἰδότες
3049 3637 3293 3696 ἐκώλυον
3342 3639 3524 3696 αὐτόν.
3584 3642 3699 3697 Τοῦ
3746 3637 3816 3695 δὶ

2165 3730 2240 3802 μή
2302 3727 2661 3809 ἀνεχομένου,
2703 3728 2949 3803 πρόσεισι
3006 3732 3088 3801 τῷ
3142 3726 3295 3804 ἀνδρὶ
3350 3729 3441 3785 καί
3481 3749 3667 3807 φησιν·
3722 3731 3815 3785 Ἐν

2161 3816 2387 3891 ὀνόματι
2428 3823 2526 3873 τοῦ
2586 3819 2769 3889 Ἰησοῦ
2828 3820 3091 3892 Χριστοῦ,
3161 3816 3414 3890 ἄκουσον,
3448 3818 3493 3872 ὦ
3524 3816 3812 3894 φιλόσοφε,

2159 3906 2226 3962 τὰ
2282 3913 2383 3977 τῆς
2438 3905 2696 3977 ἀληθείας
2756 3903 3025 3984 δόγματα.
3086 3905 3215 3968 Θεὸς
3272 3907 3347 3969 εἷς
3411 3905 3575 3973 ἐστιν,
3630 3906 3660 3960 6
3713 3905 3810 3960 τὸν

2161 3996 2389 4070 οὐρανὸν
2444 3995 2536 4052 καὶ
2592 3998 2695 4066 τήν
2751 4002 2856 4072 γῆν
2907 3997 3163 4066 ποιήσας,
3193 3995 3221 4050 6
3251 3995 3340 4050 καὶ
3406 3994 3689 4071 ἄνθρωπον
3749 3994 3811 4049 ἐκ

2162 4090 2268 4160 γῆς
2301 4081 2627 4152 διαπλάσας,
2657 4083 2843 4139 καὶτὰ
2900 4083 3067 4159 ὁρατὰ
3125 4085 3297 4139 πάντα
3324 4084 3418 4139 καὶ
3469 4083 3673 4154 ἀόρατα
3726 4087 3809 4153 τῷ

2162 4174 2325 4248 Λόγῳ
2355 4171 2520 4228 αὐτοῦ
2550 4172 2640 4229 καὶ
2669 4177 2749 4245 τῷ
2801 4171 3073 4246 Πνεύματι
3131 4171 3558 4247 συστησάμενος.
3600 4173 3804 4228 Τοῦτον

2156 4264 2249 4319 τὸν
2282 4263 2460 4339 Λόγον
2509 4265 2675 4338 ἡμεῖς
2732 4264 2857 4318 Υἱὸν
2910 4260 3048 4319 Θεοῦ
3115 4259 3318 4326 εἰδότες
3369 4265 3806 4338 προσκυνοῦμεν,

2158 4351 2502 4417 πιστεύοντες
2532 4349 2621 4407 διὰ
2644 4352 2743 4422 τὴν
2780 4351 3049 4427 ἡμετέραν
3099 4351 3374 4426 σωτηρίαν
3427 4351 3512 4406 ἐπ’
3553 4349 3806 4425 ἐσχάτων

2161 4439 2224 4497 ἐκ
2278 4448 2379 4511 τῆς
2432 4439 2701 4516 Παρθένου
2756 4442 3041 4517 τεχθῆναι,
3095 4441 3189 4496 καὶ
3248 4438 3339 4495 διὰ
3424 4443 3657 4514 σταυροῦ
3711 4437 3805 4494 καὶ

2158 4530 2385 4585 θανάτου
2412 4529 2501 4585 καὶ
2532 4529 2873 4591 ἀναστάσεως
2900 4527 3329 4605 ἠλευθερωκέναι
3367 4532 3429 4584 τὸ
3482 4527 3640 4605 γένος
3698 4531 3815 4581 τῶν

396 4637 554 4688 vero,
588 4621 767 4679 veluti
798 4623 846 4678 si
880 4639 1191 4696 nunquam
1222 4625 1526 4698 disputare
1547 4627 1869 4695 didicisset,
1896 4626 2045 4683 muti

2160 4619 2481 4696 ἆνθρώπωψ
2522 4617 2580 4674 ὅν
2627 4619 2715 4674 καὶ
2777 4618 3072 4692 ἐλπίζομεν
3123 4616 3350 4675 ἐλθόντα
3396 4615 3562 4673 πάλιν
3622 4621 3809 4691 κρῖναι

398 4709 592 4767 instar
620 4711 888 4783 obticuit,
919 4713 1031 4769 hoc
1060 4730 1247 4770 unum
1276 4715 1433 4771 fatus
1461 4730 1475 4782 ;
1510 4715 1648 4771 Mihi
1689 4732 1925 4787 quoque
1963 4717 2047 4772 ita

395 4816 492 4855 res
521 4799 740 4857 habere
761 4802 1017 4860 videtur.
1039 4804 1185 4858 Tum
1212 4820 1393 4860 senex
1415 4804 1738 4875 Spyridon:
1762 4808 1931 4877 Ergo,
1959 4805 2044 4860 in-

397 4890 549 4961 quit,
583 4907 780 4963 surge,
811 4896 869 4947 et
898 4907 993 4948 me
1024 4891 1098 4947 ad
1128 4893 1418 4965 templum
1450 4909 1718 4964 sequere,
1754 4893 1834 4949 ibi
1864 4898 2046 4949 tesse-

396 4994 523 5034 ram
556 4978 693 5034 ﬂdei
745 4980 924 5052 hujus
975 4986 1344 5052 accepturus.
1398 4981 1796 5055 Philosophus
1845 4987 2045 5039 autem

394 5083 599 5123 versus
624 5068 698 5124 ad
715 5068 1042 5141 discipulos
1067 5086 1206 5125 suos
1228 5085 1242 5123 :
1266 5069 1499 5139 Audite,
1523 5071 1639 5125 ait:
1666 5071 1936 5137 Quandiu
1950 5087 2045 5127 res

386 5158 582 5215 verbis
609 5158 910 5233 agebatur,
944 5158 1102 5215 dicta
1130 5160 1305 5216 dictis
1340 5161 1611 5233 opposui,
1646 5167 1891 5233 arteque
1920 5162 2049 5218 dis-

391 5247 626 5303 serendi
657 5248 892 5320 objecta
920 5247 1190 5305 refutavi.
1216 5251 1535 5321 Postquam
1557 5255 1756 5306 autem
1780 5268 1888 5324 pro
1912 5267 2047 5308 ver-

392 5334 486 5389 bis
523 5335 610 5391 vis
638 5337 911 5407 quaadam
943 5354 1011 5393 ex
1042 5354 1146 5393 ore
1202 5338 1385 5412 hujus
1435 5339 1594 5395 senis
1638 5340 1831 5412 exivit,
1891 5342 2048 5398 nihil

391 5423 677 5479 adversus
735 5426 853 5481 vim
901 5426 1080 5483 verba
1126 5427 1410 5484 valuere:
1460 5445 1581 5485 non
1632 5430 1795 5487 enim
1850 5436 2049 5503 potest

391 5513 573 5566 homo
608 5514 888 5570 resistere
937 5516 1076 5571 Deo.
1126 5517 1330 5588 Itaque
1379 5517 1428 5573 si
1480 5518 1615 5589 quis
1656 5524 1908 5575 vestrum
1966 5521 2047 5577 ita

390 5603 593 5670 potest
620 5600 954 5673 intelligere
984 5604 1068 5658 uti
1101 5619 1230 5676 ego,
1262 5605 1314 5659 is
1354 5604 1416 5660 in
1464 5606 1763 5662 Christum
1820 5608 2046 5674 credat,

388 5703 757 5762 mecumque
784 5704 992 5746 senem
1024 5690 1183 5748 hunc
1214 5699 1517 5764 sequatur,
1550 5692 1723 5764 cujus
1748 5710 1849 5750 ore
1895 5697 2049 5755 Deus

2153 4708 2358 4771 πάντας
2396 4705 2450 4763 ἐν
2480 4704 2815 4782 δικαιοσύνῃ.
2872 4707 3149 4772 Πιστεύεις
3198 4708 3439 4779 τούτοις,
3498 4704 3808 4783 φιλόσοφες

2152 4801 2215 4858 Ὁ
2241 4796 2319 4871 δέ,
2351 4798 2425 4861 ὡς
2456 4795 2519 4853 ἂν
2564 4818 2649 4862 τις
2707 4795 2985 4872 μηδέποτε
3036 4803 3228 4875 πεῖραν
3283 4795 3466 4873 λόγων
3525 4791 3674 4872 ἔχων
3730 4795 3812 4860 εἷς

2154 4887 2441 4957 ἀντίθεσιν,
2476 4887 2790 4958 ἇπηνεώθη,
2823 4886 2913 4941 καὶ
2944 4886 3019 4949 ὡς
3047 4888 3232 4965 κωφὸς
3258 4886 3349 4942 καὶ
3397 4884 3606 4949 ἂλαλος
3662 4883 3807 4939 ἀπο-

2155 4979 2437 5049 σιωπήσας
2464 4981 2630 5032 τοῦτο
2684 4976 2848 5050 μόνον
2910 4974 3224 5054 ἐφθέγξατο,
3281 4974 3368 5031 ὅτι
3406 4974 3588 5049 Κᾶμοὶ
3636 4977 3809 5028 ταῦτα

2155 5066 2329 5128 οὓτως
2388 5059 2539 5138 ἔχειν
2598 5062 2767 5120 δοκεῖ.
2828 5064 2931 5121 Καὶ
2985 5064 3014 5118 6
3071 5063 3245 5141 γέρων
3333 5062 3517 5141 φησίνθ
3594 5059 3809 5119 Οὐκοῦν

2154 5154 2382 5217 ἀναστάς
2434 5150 2725 5209 ἀκολούθει
2785 5172 2882 5226 μοι
2934 5153 3071 5228 πρὸς
3153 5153 3253 5222 τὴν
3335 5149 3656 5221 ἐκκλησίαν,
3715 5149 3808 5206 καὶ

2155 5245 2310 5320 λήψῃ
2399 5243 2464 5299 τὸ
2540 5247 2772 5316 σημεῖον
2852 5246 2954 5312 τῆς
3026 5243 3265 5305 πίστεως
3343 5246 3568 5312 ταύτης.
3629 5241 3693 5298 Ὁ
3752 5236 3812 5296 δε

2155 5333 2481 5413 φιλόσοφος,
2534 5330 2885 5410 ἐπιστραφεὶς
2931 5330 3081 5407 λέγει
3130 5336 3249 5394 τοῖς
3299 5332 3570 5406 μαθηταῖς
3620 5329 3810 5398 αὐτοῦ,

2155 5422 2473 5495 Ἀκούσατε,
2531 5421 2575 5475 ὧ
2632 5417 2845 5495 ἄνδρεςο
2903 5422 3049 5484 Ἕως
3107 5419 3197 5475 ὅτε
3256 5420 3440 5495 λόγων
3498 5417 3810 5492 ἐποιούμην

2156 5511 2422 5583 σπουδὴν,
2450 5510 2647 5589 λόγους
2679 5509 2869 5588 λόγοις
2914 5511 3222 5568 άντετίθουν
3267 5512 3357 5569 καὶ
3405 5513 3472 5568 τὰ
3520 5511 3810 5588 προτεινό-

2159 5624 2290 5680 μενα
2344 5603 2513 5679 τέχνῃ
2575 5601 2673 5657 τοῦ
2754 5598 2930 5676 λέγειν
2987 5601 3293 5676 ἀνέτρεπον.
3383 5603 3514 5659 ’Ὀτε
3572 5596 3631 5654 δί
3687 5597 3809 5654 ἀντὶ

2156 5688 2339 5769 λόγων
2381 5689 2616 5766 δύναμίς
2651 5708 2737 5753 τις
2782 5686 3006 5765 ἐξῆλθεν
3054 5686 3117 5745 ἐκ
3171 5693 3270 5747 τοῦ
3314 5690 3594 5766 στόματος
3643 5685 3806 5746 τοῦδε
