4194 6198
310 353 430 412 549
1441 352 1964 414 HISTORIARUN

2083 351 2588 414 OMPENDIUM.
3605 350 3722 410 550

312 491 408 542 τοῦ
438 485 723 563 γέροντος,
758 487 861 542 ούκ
882 485 1117 566 ’ίσχυσαν
1147 488 1197 542 οἱ
1229 486 1385 563 λόγοι
1418 493 1486 562 τῇ
1542 487 1766 562 δυνάμει
1811 488 1964 543 ἀντι-

2083 496 2167 544 est
2194 491 2447 545 locutus.
2484 490 2601 543 Hoc
2651 487 2824 542 modo
2881 485 3272 557 philosophus
3330 486 3724 541 Christianam

311 577 586 646 τάξασθαι·
644 573 770 631 οὐδὲ
824 577 925 650 γὰρ
985 577 1100 638 οἷός
1152 577 1210 633 τὲ
1274 576 1417 632 ἐστιν
1486 575 1767 652 ἅνθρωπος
1827 579 1964 632 ἀντι-

2083 580 2358 650 pietatem
2393 578 2702 649 amplexus
2734 594 2794 632 se
2827 593 2862 631 a
2893 592 3034 631 sene
3083 576 3194 630 isto
3235 575 3452 630 victum
3490 576 3722 647 gavisus

315 673 501 734 στῆναι
534 670 672 738 Θεῷ.
714 666 810 720 Διά
839 687 923 721 τοι
962 671 1125 722 τοῦτο
1165 665 1218 722 εἷ’
1239 688 1323 728 τις
1383 667 1534 740 ὑμῶν
1594 666 1814 723 δύναται
1848 689 1970 722 συν·
2077 674 2186 722 est.

318 757 447 810 ιὲναι
504 755 578 816 ὡς
637 755 787 829 κάγὼ
821 801 837 826 ,
895 755 1166 810 πιστεύσει
1224 755 1300 818 είς
1351 758 1442 811 τὸν
1503 759 1755 832 Χριστὸν,
1813 757 1902 811 καὶ
1955 753 2329 818 ἀκολουθείτω
2389 753 2481 807 σὺν
2541 751 2666 826 ἐμοὶ
2737 757 2817 824 τῷ
2883 753 3097 827 γέροντι
3151 753 3354 822 τούτῳ,
3412 749 3462 805 ἐν
3510 749 3554 821 ᾦ
3601 748 3724 805 ἐλά-

313 865 474 914 κησεν
509 845 538 898 ὁ
588 844 739 905 Θεός.
774 843 971 916 Τούτῳ
1025 847 1118 900 οὖν
1175 850 1254 918 τῷ
1307 847 1496 921 τρόπῳ
1537 846 1830 923 γενόμενος
1892 847 1920 900 ὁ
1975 842 2276 924 φιλόσοφος
2334 843 2663 917 Χριστιανὸς
2717 839 2936 919 ἔχαιρεν
3001 842 3257 912 ἡττηθεὶς
3319 840 3422 894 ὑπὸ
3479 843 3574 893 τοῦ
3632 841 3725 915 γέ-

317 955 525 1010 ροντος.

315 1027 500 1096 Παρῆν
557 1019 615 1076 δὲ
695 1027 990 1090 τηνικαῦτα
1044 1026 1130 1079 καὶ
1193 1023 1223 1079 ὅ
1279 1030 1421 1089 θεῖος
1478 1025 1813 1102 Παιρνούτιος
1867 1026 1956 1080 καὶ

312 1111 672 1184 τερατουργὸς
703 1111 792 1166 καὶ
839 1111 1220 1187 ὁμολογητής,
1253 1113 1315 1168 οὗ
1344 1114 1438 1169 τὸν
1472 1111 1644 1187 δεξιὸν
1677 1112 1956 1193 ὀφθαλμὸν

316 1199 651 1271 Μαξιμιανὸς
737 1198 1011 1275 ἐξώρυξεν.
1090 1203 1184 1264 Ὃς
1268 1211 1368 1272 τῆς
1454 1201 1681 1258 συνόδου
1745 1203 1955 1257 κανονί-

315 1310 399 1343 σαι
455 1292 566 1362 (88)
620 1289 884 1360 θελούσης
953 1289 1094 1346 ὥστε
1147 1289 1416 1368 κληρικὸν
1475 1295 1551 1364 μή
1604 1291 1956 1367 συνέρχεσθαι

313 1380 523 1454 γυναικὶ
577 1379 715 1453 πρὸς
769 1379 969 1455 γάμον,
1027 1380 1101 1442 ὡς
1139 1381 1302 1456 βαρὺν
1334 1383 1426 1437 τὸν
1461 1380 1625 1458 λόγον
1683 1383 1957 1454 ἀνέτρεψε,

312 1467 403 1521 καὶ
454 1467 644 1540 μόνοις
701 1464 1018 1530 ἐπισκόποις
1084 1467 1324 1524 ἒτύπωσε
1379 1475 1542 1525 τοῦτο
1603 1467 1960 1545 παραφυλάτ-

313 1558 493 1610 τεσθαι
504 1600 516 1614 ,

387 1645 540 1700 Μετά
584 1647 714 1718 γοῦν
773 1642 994 1713 πολλὴν
1050 1653 1152 1715 τῆς
1199 1647 1436 1720 σκέψεως
1493 1641 1771 1716 ἀκρίϐειαν
1810 1643 1962 1714 ’ἔδοξε

315 1738 475 1787 πᾶσιν
534 1732 675 1804 ὁμοῦ
734 1729 841 1788 δεῖν
903 1734 1183 1808 ὁρίσασθαι
1235 1737 1298 1791 τὸ
1366 1735 1660 1808 ὁμοούσιον
1716 1735 1804 1789 ἐπὶ
1860 1741 1959 1804 τῆς

317 1821 611 1900 όρθοδόξου
647 1826 903 1896 πίστεως,
953 1827 1196 1882 τουτέστι
1248 1832 1348 1892 τῆς
1405 1828 1577 1896 αὐτῆς
1636 1827 1822 1891 οὐσίας
1871 1827 1960 1881 καὶ

2136 1024 2410 1081 Interfuit
2439 1023 2492 1078 ei
2515 1023 2766 1079 concilio
2798 1024 2978 1078 etiam
3028 1023 3258 1077 divinus
3314 1020 3717 1092 Paphnutius,

2067 1115 2356 1169 miriﬁcus
2393 1115 2571 1168 homo
2620 1118 2670 1168 et
2704 1114 3026 1177 confessor,
3061 1112 3153 1166 cui
3185 1111 3572 1166 Maximianus
3597 1110 3734 1163 dex-

2069 1209 2224 1257 trum
2264 1207 2504 1258 eruerat
2535 1203 2799 1257 oculum.
2860 1202 2932 1266 ls,
2995 1218 3129 1256 cum
3185 1199 3362 1254 vellet
3404 1199 3727 1254 concilium

2069 1295 2225 1351 504
2273 1294 2597 1349 decernere
2656 1298 2724 1348 ut
2786 1291 2987 1348 clerici
3054 1291 3278 1361 nuptiis
3336 1289 3726 1357 abstinerent,

2070 1399 2200 1437 eam
2245 1383 2602 1438 sententiam
2660 1387 2726 1436 ut
2781 1381 2992 1436 duram
3045 1379 3343 1445 refutavit,
3403 1382 3727 1447 auctorque

2066 1473 2181 1539 fuit
2261 1477 2327 1526 ut
2409 1473 2717 1528 ccelibatus
2778 1471 2920 1526 solis
3005 1470 3416 1542 injungeretur
3499 1466 3727 1538 episco-

2069 1561 2187 1632 pis.

2145 1651 2222 1704 Re
2255 1650 2700 1705 accuratissime
2735 1648 3166 1715 examinata,ea
3187 1647 3299 1702 fuit
3319 1645 3587 1701 omnium
3603 1661 3732 1700 sen-

2075 1739 2489 1804 tentia,veram
2517 1739 2696 1794 fidem
2729 1743 2986 1793 statuere
3017 1736 3231 1791 Filium
3260 1735 3737 1790 consubstantia«

2078 1826 2219 1895 lem,
2246 1827 2357 1882 hoc
2390 1833 2478 1882 est
2509 1828 2779 1898 ejusdem
2803 1843 2938 1881 cum
2997 1827 3168 1880 Patre
3229 1823 3500 1880 essentiaa
3555 1828 3733 1892 atque

315 1898 524 1993 φύσεως
554 1919 632 1987 τῷ
665 1915 942 1991 Πατρίκαὶ
963 1917 1053 1970 τὸν
1087 1917 1209 1970 Υἱὸν
1245 1916 1561 1990 ὁμολογεῖν.
1595 1918 1694 1973 Ἤν
1727 1918 1810 1990 [Ρ.
1844 1919 1964 1989 288]

2083 1920 2330 1970 naturai.
2385 1918 2526 1970 Eam
2575 1915 2931 1971 sententiam
2987 1915 3237 1969 ﬁrmiter
3293 1930 3501 1968 omnes
3549 1918 3728 1982 atque

317 2001 385 2071 δὴ
433 2003 525 2058 καὶ
600 2004 737 2059 κατά
819 2006 1029 2079 κράτος
1109 2005 1202 2060 καί
1261 2007 1567 2082 συμφώνως
1619 2000 1968 2073 ἐϐεϐαίωσαν,

314 2093 478 2164 παρὲξ
511 2093 724 2167 Ἀρείου
779 2098 878 2148 τοῦ
935 2089 1171 2156 ἀσεϐοῦς
1232 2095 1320 2148 καὶ
1372 2095 1566 2170 ὲτέριυν
1626 2088 1677 2166 ἕξ
1725 2095 1970 2170 ὁμοφρό-

311 2203 418 2236 νων
449 2182 618 2255 αύτῷ,
650 2183 742 2245 οὕς
791 2184 1308 2255 ἀναθεματισθὲντας
1347 2184 1450 2239 ὑπὸ
1510 2189 1616 2240 τῶν
1675 2183 1832 2248 θείων
1863 2183 1971 2255 τιη“

311 2273 569 2345 Πατὲρων
600 2273 629 2326 ὁ
665 2272 921 2346 βασιλεὺς
961 2272 1204 2348 ἐξώρισε.

383 2362 535 2418 Μετὰ
567 2358 624 2416 δὲ
651 2365 820 2417 ταῦτα
858 2363 1352 2438 φιλαπεχθήμονες
1384 2361 1566 2437 ἄνδρες
1623 2365 1759 2418 κατά
1805 2385 1968 2418 τινων

312 2450 624 2506 ἐπισκόπων
683 2450 982 2528 ἐγγράφους
1041 2449 1313 2507 ἐπέδωκαν
1395 2457 1476 2525 τῷ
1564 2452 1789 2510 Βασιλεῖ
1841 2473 1967 2511 κατ-

315 2539 563 2616 ηγορίας.
597 2542 660 2598 Ὀ
713 2539 771 2596 δὲ
822 2543 1018 2604 ταύτας
1077 2540 1361 2616 δεξάμενος
1417 2542 1506 2596 καὶ
1557 2539 1831 2616 δεσμησας
1879 2541 1970 2596 καὶ

315 2634 396 2701 τῷ
477 2627 755 2702 δακτυλίῳ
814 2631 1206 2706 σημηνάμενος
1286 2631 1530 2687 ἐκέλευσε
1586 2631 1966 2710 φυλάττεσθαι.

316 2721 452 2777 Εἶτα
482 2721 620 2794 πρὸς
654 2721 873 2793 εἰρήνην
930 2722 1128 2782 αὐτοὺς
1177 2721 1267 2776 καὶ
1317 2722 1572 2794 ὁμόνοιαν
1627 2717 1967 2793 συμϐιϐάσας

309 2809 516 2872 ταύτας
550 2807 782 2864 ἐνώπιον
809 2811 1027 2864 πάντων
1076 2811 1417 2880 κατέκαυσεν,
1472 2809 1620 2884 ὅρκῳ
1676 2808 1968 2888 πληροφο-

315 2901 487 2973 ρήσας
568 2898 763 2962 αὐτοὺς
855 2897 1026 2974 μηδὲν
1109 2900 1412 2976 ἀναγνῶναι
1481 2905 1587 2954 τῶν
1669 2899 1720 2954 ἐν
1783 2899 1969 2960 αὐτοῖς

309 2991 724 3062 γεγραμμένων.
759 2986 895 3043 Οὐδὲ
927 2990 1031 3065 γὰρ
1071 2984 1172 3066 ἔφη
1233 2997 1435 3064 χρῆναι
1495 2989 1562 3043 τά
1618 2986 1966 3061 πλημμελή·

317 3097 462 3149 ματα
493 3081 601 3132 τῶν
664 3076 852 3152 ἱεράων
913 3075 1057 3146 δῆλα
1103 3078 1346 3153 γενέσθαι
1400 3083 1518 3141 τοῖς
1569 3075 1826 3144 πολλοῖς,
1878 3077 1968 3131 ’ἰνα

312 3167 392 3238 μὴ
480 3163 785 3222 σκανδάλου
868 3167 1136 3245 πρόφασιν
1249 3167 1484 3231 ἐντεῦθεν
1592 3162 1968 3238 λαμϐάνοντες

2081 2022 2199 2060 uno
2258 2022 2358 2060 ore
2416 2006 2837 2077 approbarunt,
2904 2009 3149 2076 excepto
3231 2004 3414 2074 impio
3481 2002 3618 2056 Ario
3671 2003 3732 2055 et

2082 2110 2181 2149 sex
2239 2095 2373 2149 aliis
2449 2111 2582 2149 cum
2641 2111 2708 2149 eo
2757 2093 3169 2149 sentientibus.
3233 2094 3386 2157 Quos
3462 2108 3496 2146 a
3568 2090 3729 2144 divi-

2081 2184 2176 2238 nis
2206 2185 2309 2237 3l8
2339 2183 2612 2239 Palribus
2659 2183 3023 2255 proscriptos
3078 2183 3402 2252 imperator
3460 2179 3730 2235 exsulare

2073 2273 2275 2344 jussit.

2153 2361 2492 2418 Secundum
2524 2363 2664 2426 hac,
2700 2378 2834 2417 cum
2865 2361 3318 2416 inimicitiarum
3347 2358 3735 2428 serendarum

2082 2453 2331 2509 studiosi
2361 2453 2634 2508 homines
2662 2454 2910 2523 scriptas
2937 2458 3142 2507 contra
3199 2453 3505 2522 episcopos
3562 2467 3733 2519 quos-

2081 2543 2216 2598 dam
2249 2543 2657 2598 accusationes
2716 2543 3056 2612 imperatori
3110 2541 3513 2602 tradidissent,
3550 2539 3600 2592 is
3632 2555 3732 2592 eas

2079 2637 2350 2703 acceptas
2393 2632 2685 2704 colligavit
2732 2648 2958 2702 suoque
3007 2631 3230 2686 annulo
3263 2629 3604 2701 obsignatas
3635 2643 3729 2682 as-

2078 2723 2296 2776 servari
2320 2723 2522 2792 jussit.
2548 2724 2754 2777 Postea
2799 2721 3110 2776 discordiis
3159 2720 3568 2791 paciﬁcatione
3627 2734 3734 2771 sua

2083 2811 2353 2878 sublatis,
2404 2827 2504 2866 eas
2563 2812 2972 2866 accusationes
3003 2811 3062 2866 in
3111 2815 3430 2881 conspectu
3469 2808 3732 2863 omnium

2079 2901 2380 2968 cremavit,
2435 2901 2780 2972 juramento
2815 2901 2991 2955 ﬁdem
3022 2900 3248 2955 faciens
3297 2898 3450 2954 nihil
3483 2914 3544 2951 se
3576 2897 3637 2950 in
3666 2897 3737 2950 iis

2076 2991 2362 3062 scriptum
2394 2990 2630 3062 legisse.
2673 2989 2802 3044 Non
2835 2990 3020 3055 enim,
3073 2988 3332 3055 dicebat,
3392 2986 3612 3041 debent
3641 3002 3736 3039 sa-

2077 3079 2384 3134 cerdotum
2433 3079 2650 3134 delicta
2677 3077 3048 3133 multitudini
3084 3077 3321 3148 exponi,
3356 3092 3430 3131 ne
3458 3074 3732 3130 homines

2077 3170 2214 3226 inde
2247 3168 2487 3224 offensae
2521 3173 2757 3238 sumpta
2787 3166 3100 3222 occasione
3133 3167 3262 3219 sine
3290 3168 3727 3236 metupeccent.

307 3251 485 3316 ἀδεῶς
519 3255 921 3326 ἁμαρτάνωσιν.
960 3257 1106 3331 Ἐγὼ
1157 3253 1214 3311 δὲ
1271 3257 1320 3310 εἴ
1377 3256 1651 3326 αὐτόπτης
1707 3253 1964 3332 ἐγενόμην

2083 3261 2198 3330 Ego
2232 3257 2279 3312 si
2312 3257 2461 3312 meis
2483 3257 2670 3312 oculis
2691 3256 2952 3312 viderem
2983 3256 3054 3310 ab
3079 3255 3354 3325 episcopo
3368 3251 3729 3308 adulterium

307 3341 610 3398 ἐπισκόπου
638 3343 811 3417 γάμον
840 3343 1133 3418 ἀλλότριον
1167 3341 1567 3418 διορύττοντος,
1626 3343 1964 3418 συνεκάλυψα

309 3429 374 3486 ἂν
403 3435 474 3505 τῇ
501 3431 798 3510 πορφυρίδι
851 3454 956 3506 μου
1013 3433 1181 3508 ταύτῃ
1240 3435 1303 3488 τὸ
1349 3436 1683 3507 παρανόμως
1738 3436 1963 3508 γινόμε-

310 3541 426 3590 νον,
461 3521 536 3582 ὡς
569 3521 630 3576 ἂν
690 3523 768 3595 μή
827 3522 1056 3597 βλάψειε
1110 3524 1237 3584 τοὺς
1296 3528 1602 3596 θεωμένους
1655 3530 1764 3578 τῶν
1822 3522 1961 3597 δρω-

316 3607 494 3680 μὲνων
526 3612 562 3679 ἡ
595 3606 740 3683 ὄψις.
773 3610 933 3669 Οὕτω
990 3611 1171 3666 τοίνυν
1229 3611 1358 3674 τοὺς
1419 3615 1514 3686 μὶν
1583 3611 1640 3667 εὖ
1702 3609 1958 3687 λέγοντας

312 3696 702 3771 ἀνακηρύττων
732 3742 746 3768 ,
803 3700 930 3760 τοὺς
983 3697 1041 3755 δὲ
1098 3699 1478 3776 ἀντιλέγοντας
1537 3700 1963 3774 παρακλητικῶς

317 3784 395 3845 εἰς
457 3785 718 3858 ὁμόνοιαν
776 3785 1016 3842 ἐλαύνων
1049 3831 1064 3856 ,
1119 3787 1246 3850 τοὺς
1304 3788 1504 3851 πάντας
1563 3789 1962 3864 ὁμογνώμονας

313 3874 406 3928 καὶ
473 3872 772 3948 ὁμοδόξους
829 3881 945 3938 τοῖς
999 3874 1541 3954 ἀμφισϐητουμένοις
1624 3878 1786 3933 ἅπασι
1834 3899 1964 3934 κατ-

313 3983 529 4034 εστησε.
590 3965 694 4022 Καὶ
753 3965 896 4020 οὕτω
948 3968 1270 4040 παραινέσας
1319 3968 1540 4036 πάντας,
1597 3968 1684 4022 καὶ
1744 3967 1964 4035 πολλῆς

311 4059 486 4124 τιμῆς
525 4073 583 4108 τε
612 4053 702 4108 καὶ
761 4051 968 4126 δωρεᾶς
1023 4055 1275 4126 ἀξιώσας,
1322 4052 1545 4112 ἕκαστον
1605 4057 1966 4132 παρηγγύησε

311 4136 639 4196 καταλαϐεῖν
697 4143 798 4211 τὴν
869 4141 1010 4197 ἰδίαν
1051 4143 1280 4216 ποίμην.
1339 4145 1613 4202 Ἐτύπωσε
1659 4145 1718 4201 δὲ
1771 4147 1860 4201 καὶ
1904 4147 1966 4201 τὸ

315 4231 472 4306 ἅγιον
517 4231 708 4306 Πάσχα
765 4233 1037 4308 ἑορτάζειν
1069 4235 1218 4306 ἡμᾶς
1249 4234 1387 4289 κατά
1441 4237 1540 4305 τὴν
1597 4241 1682 4290 νῦν
1732 4240 1962 4308 κρατοῦ-

314 4341 411 4374 σαν
441 4322 750 4391 συνήθειαν
801 4323 947 4384 τινὶς
1001 4323 1103 4400 γὰρ
1161 4328 1270 4378 τῶν
1312 4324 1506 4400 πρώην
1558 4326 1694 4380 κατὰ
1743 4327 1841 4394 τὴν
1898 4323 1964 4380 ιδ’

316 4415 418 4478 τῆς
457 4407 696 4480 σελήνης
747 4411 1038 4486 ἑώρταζον.

391 4497 543 4554 Μετὰ
600 4495 658 4554 δὲ
711 4520 832 4554 τινα
886 4499 1084 4574 χρόνον
1144 4501 1249 4555 ὑπὸ
1315 4508 1413 4570 τῆς
1473 4504 1735 4577 θυγατρὸς
1801 4505 1967 4558 αὐτοῦ

2075 3347 2389 3413 committi,
2423 3346 2512 3401 vel
2538 3361 2801 3417 purpura
2830 3361 2963 3401 mea
2992 3344 3204 3399 vellem
3237 3341 3525 3412 flagitium
3567 3341 3734 3395 obte-

2074 3452 2313 3509 gere,ne
2345 3435 2474 3506 ejus
2505 3441 2858 3506 conspectus
2890 3433 3323 3490 alioslaaderet.
3361 3435 3446 3487 Ita
3475 3437 3602 3486 tum
3633 3430 3738 3484 im-

2074 3530 2314 3597 perator
2334 3542 2433 3580 eos
2463 3526 2562 3594 qui
2595 3530 2754 3580 recte
2786 3523 3349 3580 sentirentvictores
3381 3521 3735 3592 praedicans,

2074 3615 2304 3669 veritati
2353 3620 2752 3686 repugnantes
2811 3615 3042 3685 placido
3110 3614 3184 3668 ad
3233 3609 3730 3668 consentiendum

2075 3703 2396 3758 adhortans
2428 3703 2626 3759 effecit
2654 3704 2740 3758 uti
2774 3703 3034 3758 universi
3069 3703 3140 3757 de
3172 3703 3350 3756 rebus
3399 3707 3733 3756 controver-

2077 3793 2158 3848 sis
2184 3792 2341 3847 idem
2374 3793 2685 3847 sentirent.
2718 3793 2906 3862 Atque
2965 3793 3047 3846 ita
3103 3789 3466 3845 collaudatos
3520 3805 3728 3844 omnes

2076 3881 2403 3936 honoribus
2436 3882 2585 3938 505
2631 3898 2699 3936 ac
2729 3880 2900 3935 donis
2931 3884 3281 3952 prosecutus
3303 3879 3377 3932 ad
3411 3895 3583 3933 suum
3608 3877 3732 3931 sin-

2079 3970 2246 4042 gulos
2277 3987 2512 4042 gregem
2536 3970 2731 4024 redire
2767 3969 2966 4040 jussit.
3001 3967 3320 4023 Constituit
3347 3967 3526 4022 etiam
3556 3970 3620 4020 ut
3648 3983 3735 4019 sa-

2081 4076 2249 4113 crum
2281 4060 2507 4114 Pascha
2539 4076 2629 4121 eo,
2665 4075 2782 4128 quo
2829 4075 2987 4112 nunc
3040 4063 3346 4128 receptum
3397 4061 3504 4124 est,
3554 4053 3731 4109 modo

2078 4149 2486 4204 celebraretur
2519 4164 2532 4202 :
2567 4153 2704 4204 ante
2737 4147 2897 4203 enim
2924 4147 3167 4218 quidam
3202 4149 3269 4200 14
3308 4145 3451 4200 luna
3508 4143 3566 4197 id
3598 4160 3738 4216 age-

2079 4238 2242 4294 bant.

2152 4508 2472 4579 Aliquanto
2505 4511 2640 4578 post
2672 4509 2960 4576 tempore,
2995 4520 3175 4560 suasu
3205 4505 3563 4560 Constantim
3596 4505 3734 4559 filim

319 4588 701 4643 Κωνσταντίασ
755 4587 1128 4662 παρακληθεὶς
1212 4589 1377 4660 ἀνῆκε
1439 4591 1530 4645 τὸν
1590 4593 1802 4666 ’Λρειον
1858 4593 1964 4648 ἀπὸ

2083 4615 2224 4665 sum,
2255 4598 2460 4653 Arium
2481 4598 2554 4652 ab
2588 4597 2797 4651 exsilio
2853 4596 3093 4650 domum
3153 4595 3347 4650 redire
3381 4613 3590 4667 passus
3623 4601 3730 4663 est,

315 4685 414 4746 τῆς
455 4676 666 4751 ἐξορίας
727 4677 802 4739 ὡς
849 4677 1006 4747 δῆθεν
1063 4682 1482 4751 μετανοήσαντα.
1541 4679 1620 4737 Οὗ
1671 4703 1966 4758 παραγενο-

323 4765 507 4840 μένου,
540 4768 632 4822 καὶ
663 4767 1030 4841 ἐρωτηθέντος
1066 4769 1170 4824 ὑπὸ
1193 4774 1291 4824 τοῦ
1333 4769 1603 4844 βασιλέως
1654 4772 1700 4826 εί
1759 4779 1973 4848 στοιχεῖ

315 4861 435 4920 τοῖς
462 4858 613 4930 ὅροις
667 4858 757 4912 καὶ
806 4861 875 4930 τῇ
934 4858 1137 4913 ἐκθέσει
1192 4866 1292 4928 τῆς
1351 4859 1406 4914 ἐν
1464 4861 1660 4932 Νικαίᾳ
1717 4861 1966 4931 συνόδου,

319 4947 556 5018 παρευθὺ
585 4947 839 5010 κατέθετο
881 4946 1150 5001 πιστεύειν
1209 4947 1402 5010 οὕτως.
1462 4949 1519 5002 Ὀ
1577 4946 1634 5004 δὲ
1690 4953 1968 5024 θαυμάσας

320 5033 482 5107 ’ὁρκον
531 5032 795 5108 ἐπήνεγκε
828 5037 902 5106 μή
936 5039 1152 5111 φρονεῖν
1213 5035 1420 5091 ἐναντία
1479 5040 1549 5109 τῇ
1605 5036 1830 5111 συνόδῳ·
1877 5040 1965 5095 καὶ

319 5125 482 5176 τοῦτο
537 5124 771 5192 ποιήσας
829 5121 1094 5178 ἀπέλυσεν
1159 5123 1320 5179 αὐτὸν
1385 5125 1618 5196 εἰρηκὼς
1678 5127 1848 5200 αὐτῷ,
1903 5130 1966 5185 Εἰ

326 5211 420 5282 μὲν
452 5212 588 5286 ὀρθή
651 5214 748 5267 σού
805 5211 946 5268 ἐστιν
978 5215 1012 5282 ἡ
1045 5214 1250 5283 πίστις,
1293 5213 1483 5278 λαλῶς
1534 5214 1778 5289 ὤμοσας·
1813 5218 1862 5272 εἲ
1910 5217 1968 5275 δὲ

324 5297 522 5371 ἀσεϐὴς
574 5301 664 5356 καὶ
714 5298 1136 5378 διεστραμμένη,
1194 5303 1374 5378 κρίναι
1434 5303 1844 5380 Κύριοςὸθεὸς
1900 5309 1967 5362 τὰ

2081 4687 2399 4758 resipuisse
2443 4701 2576 4740 eum
2607 4691 2845 4756 putans.
2881 4685 3058 4739 Arius
3085 4701 3354 4740 reversus
3380 4685 3452 4740 ab
3486 4685 3739 4754 impera-

2083 4783 2206 4832 tore
2233 4782 2320 4832 est
2349 4777 2745 4846 interrogatus
2805 4792 2961 4829 anne
2997 4775 3234 4829 decreto
3265 4781 3322 4829 et
3378 4773 3732 4844 expositioni

2079 4865 2314 4921 concilii
2339 4864 2557 4920 Nicaani
2584 4868 2784 4918 staret.
2821 4863 3148 4932 Statimque
3199 4862 3310 4915 hoc
3341 4861 3443 4916 ille
3469 4860 3734 4915 afﬁrma-

2079 4955 2352 5021 vit.Quod
2367 4954 2694 5009 admiratus
2725 4954 3050 5024 imperator
3074 4954 3415 5021 juramento
3434 4950 3731 5016 adactum,

2078 5061 2197 5099 non
2231 5043 2548 5098 dissentire
2581 5041 2653 5096 ab
2679 5057 2745 5095 eo
2777 5039 3400 5108 concilio,dimisit,ita
3419 5039 3571 5094 fatus
3599 5054 3611 5092 :
3647 5038 3737 5091 Si-

2078 5134 2317 5204 quidem
2347 5138 2509 5187 recta
2541 5135 2630 5185 est
2659 5130 2806 5184 fides
2838 5136 2959 5196 tua,
2983 5129 3362 5199 benejurasti
3393 5145 3406 5182 :
3431 5128 3522 5182 sin
3551 5127 3735 5198 impia

2079 5229 2134 5278 et
2155 5239 2448 5294 perversa,
2482 5220 2757 5276 celeriter
2786 5219 2849 5273 in
2889 5223 2944 5272 te
3001 5219 3155 5273 Deus
3188 5222 3426 5273 statuat.
3482 5216 3738 5272 Proinde

2077 5311 2501 5367 Constantinus
2537 5326 2572 5365 a
2600 5325 2815 5380 magno
2849 5306 3028 5363 etiam
3058 5307 3383 5362 Athanasio
3414 5307 3738 5378 postulavit

1523 5452 1883 5509 XYLANDRI
1922 5454 2008 5510 ET
2047 5454 2260 5509 GOARI
2303 5455 2526 5511 ΝΟΤᾹΞ.

402 5563 762 5645 _(88‘)‘Canone
791 5565 942 5645 edito
969 5572 1226 5645 statuere.
1261 5565 1535 5622 Padnutii
1567 5567 1746 5635 dicto,
1781 5569 1876 5624 cui
1912 5569 2070 5626 velut
2099 5569 2314 5625 fabulas
2346 5568 2464 5635 alii,
2497 5567 2803 5625 Cedrenus
2826 5576 2892 5626 ut
2919 5571 3186 5626 historias
3245 5572 3568 5628 verissimae
3604 5591 3740 5645 per-

332 5634 501 5692 hibet
524 5635 951 5692 testimonium.
983 5639 1156 5694 Gem.
