4194 6198
450 355 564 413 551

1795 338 2114 400 GEORGII
2158 339 2505 406 CEDRENI

3737 350 3852 410 552

449 495 515 544 ut
546 505 681 543 eum
712 485 886 540 veluti
920 481 1018 551 qui
1052 477 1398 549 resipuisset
1427 477 1751 547 reciperet;
1781 479 1994 529 etcum
2025 474 2083 527 id

2201 473 2339 530 κατᾶ
2367 497 2422 531 σε
2479 477 2688 541 θάττον.
2747 477 2922 553 Ταύτῃ
2951 501 3034 534 τοι
3091 479 3181 534 καὶ
3239 481 3330 536 τὸν
3384 481 3552 557 μεγαν
3620 483 3848 545 Ἀθανά-

450 581 751 633 recusaret
777 574 993 644 quippe
1025 568 1146 622 Arii
1197 566 1641 638 perversitatem
1699 565 2092 636 perspiciens,

455 664 630 718 ﬁdem
663 659 950 716 adhibens
967 655 1321 709 Arianorum
1343 653 1532 708 calum
1544 652 1901 723 uiis,quibus
1915 652 2094 706 Atha-

448 752 684 806 nasium
717 745 1104 818 impetebant,
1141 744 1483 814 episc0patu
1523 743 1716 811 ejecit.
1775 744 1972 811 Neque
2035 741 2094 794 id

449 839 664 894 mirum
695 836 824 891 fuit.
858 835 1022 905 Swpe
1054 833 1212 888 enim
1245 833 1424 887 etiam
1455 831 1636 887 divini
1672 831 1962 896 homines,
1997 847 2096 885 ca-

445 926 702 981 lumnias
733 925 846 995 piis
881 923 1196 977 intentatas
1227 939 1288 976 re
1311 938 1431 975 non
1458 921 1761 991 explorata
1777 919 2096 974 admitten-

443 1021 592 1081 tes,a
623 1029 756 1068 vero
788 1012 1212 1068 aberraverunt
1240 1011 1484 1081 piosque
1519 1008 1756 1080 injuriis
1775 1024 1842 1062 ac
1861 1006 2094 1061 damnis

443 1105 788 1158 aﬁ'ecerunt.
815 1102 1114 1167 Quomodo
1167 1101 1344 1154 etiam
1372 1099 1602 1154 divinus
1636 1098 1811 1152 homo
1841 1097 2094 1151 Davidus

443 1210 477 1248 a
509 1209 673 1247 servo
703 1191 839 1245 Siba
895 1193 1198 1261 deceptus,
1230 1190 1330 1259 qui
1361 1188 1510 1243 falso
1555 1187 2092 1257 Memphibosthum

444 1283 752 1338 dominum
785 1297 957 1336 suum
989 1279 1290 1334 deferebat
1317 1279 1486 1349 quasi
1515 1278 1563 1332 is
1585 1276 1887 1331 Absalomi
1909 1276 2095 1347 parti-

443 1375 551 1427 bus
583 1389 642 1426 se
675 1370 1019 1438 addixisset,
1069 1369 1378 1423 facultates
1427 1367 1665 1422 domino
1723 1367 1943 1437 injuste
1975 1365 2093 1420 eri-

442 1463 570 1535 puit
612 1478 896 1531 servoque
955 1459 1329 1530 mancipavit.
1367 1460 1556 1522 Quare
1615 1461 1848 1528 oportet
1879 1471 2094 1526 magna

445 1569 583 1607 cum
613 1551 938 1607 attentione
981 1549 1167 1604 animi
1225 1554 1397 1618 atque
1451 1546 1880 1602 deliberatione
1939 1545 2089 1600 506

439 1642 692 1696 crimina
727 1640 1055 1712 explorare,
1109 1655 1302 1708 neque
1359 1643 1580 1691 temere
1641 1633 2091 1690 accusatoribus

441 1731 705 1794 credere,
733 1736 1034 1798 utcunque
1059 1729 1097 1782 ii
1122 1728 1234 1781 ﬁde
1256 1726 1418 1798 digni
1449 1724 1878 1781 habeantur.ln
1912 1739 2091 1794 quam

2201 584 2315 618 σιον
2369 564 2446 627 εἷς
2531 567 2816 622 κοινωνίαν
2879 569 3040 623 αὐτὸν
3111 567 3355 642 δέξασθαι
3413 570 3845 645 παρεκελεύσατο

2201 653 2274 714 ὡς
2331 656 2422 709 ἅτε
2484 659 2910 728 μετανοήσαντα.
2967 663 3073 712 Τοῦ
3131 655 3188 713 δὲ
3247 661 3322 732 μή
3389 657 3852 735 καταδεχομὲνου,

2199 744 2560 818 γινώσκοντος
2586 741 2826 822 ἀκριϐῶς
2862 746 2960 815 τήν
3022 745 3237 815 Ἀρείου
3297 744 3642 822 δυστροπίαν,
3678 748 3850 822 ἐξορί-

2200 836 2280 900 ζει
2309 837 2406 886 τοῦ
2436 834 2628 906 θρόνου
2689 834 2778 889 τὸν
2840 834 3016 909 ἆγὶον,
3076 835 3363 898 πιστεύσας
3430 836 3518 890 καὶ
3575 837 3673 898 τὰς
3735 841 3852 893 κατ’

2201 921 2368 977 αὐτοῦ
2397 925 2693 997 γενομένας
2719 924 2820 978 ὑπὸ
2881 929 2990 979 τῶν
3045 925 3331 998 Ἀρείανῶν
3390 923 3693 1001 λοιδορίας.
3744 928 3853 982 Καὶ

2199 1009 2258 1063 οὐ
2288 1013 2485 1084 Θαῦμα·
2520 1010 2789 1074 πολλάκις
2819 1013 2920 1088 γὰρ
2976 1014 3066 1067 καὶ
3133 1017 3268 1068 θεῖοι
3328 1012 3515 1089 ἄνδρες
3572 1018 3710 1070 κατά
3766 1037 3852 1069 τι-

2199 1121 2303 1153 νων
2339 1095 2571 1155 εὐσεϐῶν
2605 1097 2871 1172 διαϐολὴν
2926 1102 3158 1176 ἀκρίτως
3217 1101 3645 1177 παραδεξάμενοι
3704 1126 3841 1181 παρ-

2197 1189 2500 1262 ετράπησαν
2529 1197 2630 1259 τῆς
2656 1189 2916 1262 ἀληθείας
2947 1193 3036 1246 καὶ
3093 1192 3221 1254 τοὺς
3277 1188 3514 1254 εὐσεϐεῖς
3569 1190 3849 1268 παρέϐλα-

2197 1279 2300 1350 ψάν
2363 1299 2421 1332 τε
2472 1279 2562 1332 καὶ
2615 1279 3026 1352 παρελύπησαν,
3079 1278 3261 1356 ὥσπερ
3321 1281 3414 1335 οῦν
3472 1283 3562 1336 καὶ
3595 1284 3622 1336 ὁ
3653 1285 3844 1338 Οεσπὲ-

2199 1388 2314 1430 σιος
2345 1363 2511 1422 Δαϐἱδ
2543 1366 2896 1440 ἐξᾶπατηθεὶσ
2926 1369 3028 1424 ὑπὸ
3075 1375 3174 1424 τοῦ
3232 1370 3443 1425 οἷ’κέτου
3505 1367 3663 1439 Σιϐἆ,
3714 1373 3854 1427 κατᾶ

2195 1460 2291 1510 τοῦ
2323 1454 2586 1511 δεσπότου
2620 1453 2975 1535 Μεμφιϐοσθέ
3013 1456 3489 1534 ψευδηγοροῦντος
3537 1460 3612 1522 ὡς
3668 1461 3751 1515 ὅτι
3782 1462 3846 1514 τὰ

2195 1551 2294 1600 τοῦ
2332 1546 2594 1620 τυράννου
2651 1543 2979 1621 Ἀϐεσαλὼμ
3046 1554 3234 1627 φρονεῖ
3287 1553 3477 1604 τοῦτον
3531 1545 3851 1624 παρέϐλαψε

2196 1635 2284 1688 καὶ
2314 1639 2422 1688 τῶν
2457 1631 2608 1688 ἰδίων
2653 1634 3044 1708 ἀποστερήσας.
3079 1639 3167 1711 [Ρ.
3200 1639 3327 1708 289]
3357 1641 3437 1707 τῷ
3468 1635 3650 1710 οίκὲτῃ
3683 1657 3849 1711 προσ-

2199 1722 2554 1796 εκλήρωσεν.
2611 1725 2768 1780 Ὅθεν
2831 1727 2940 1800 χρὴ
3002 1726 3136 1798 μετὰ
3191 1724 3410 1796 πολλης
3459 1721 3737 1802 ἀκριϐείας
3793 1747 3852 1781 τε

441 1821 800 1875 sententiam
849 1818 1203 1873 Nicodemus
1261 1833 1496 1886 quoque
1556 1815 1810 1886 injustos
1857 1813 2086 1867 Judaeos

2195 1813 2286 1866 καὶ
2347 1813 2584 1886 σκέψεως
2659 1813 2869 1888 ἐρευνᾷν
2926 1814 3022 1876 τὰς
3079 1815 3430 1890 κατηγορίας,
3483 1815 3575 1870 καὶ
3627 1817 3704 1888 μή
3769 1815 3847 1876 ὡς

443 1909 698 1981 graviter
729 1908 1020 1979 objurgat,
1043 1905 1340 1976 inquiens,
1375 1906 1668 1958 Numnam
1701 1902 1859 1974 leges
1890 1907 2095 1956 vestras

448 1999 711 2068 aliquem
745 1996 968 2050 indicta
989 2011 1167 2049 causa
1199 2000 1256 2048 et
1296 2010 1417 2046 non
1447 1991 1751 2063 explorata
1806 2007 1869 2045 re
1929 1991 2096 2044 dam-

443 2092 590 2142 nant
615 2088 658 2122 9"
684 2088 710 2140 ?
742 2085 1031 2140 Nimirum
1064 2090 1123 2137 et
1151 2083 1382 2153 profani
1414 2081 1752 2152 phi1050phi
1802 2079 1961 2134 idem
1989 2097 2097 2150 per

449 2177 656 2248 spicue
681 2175 915 2241 docent,
950 2175 1031 2228 ita
1066 2173 1480 2243 praecipientes
1517 2188 1529 2225 :
1561 2171 1616 2225 Si
1675 2185 1919 2225 causam
1952 2185 2096 2224 con-

445 2265 737 2320 troversia
767 2264 1076 2333 disceptat,
1109 2260 1526 2332 suspendatur.
1557 2259 1613 2316 Si
1635 2257 2090 2329 judicium,pro-

442 2355 713 2409 bationes
770 2352 1173 2424 explorentur.
1251 2350 1306 2403 Si
1361 2349 1739 2420 quaestiones,
1818 2347 1878 2402 id
1936 2347 2093 2417 quod

446 2462 682 2516 azquum
708 2450 796 2499 est
827 2441 1564 2515 praescribatur,terminus
1595 2437 2093 2507 definiatur,scri—

441 2541 543 2606 pta
571 2540 698 2590 rata
729 2534 886 2599 sint;
920 2550 1050 2602 qua)
1083 2532 1230 2587 scita
1261 2535 1497 2598 sunt,ea
1525 2530 1681 2584 facto
1712 2528 2090 2600 impleantur.

443 2627 526 2680 lta
558 2627 752 2678 omnis
781 2623 1024 2678 tollatur
1080 2620 1404 2684 contentio,
1467 2634 1795 2688 rursusque
1829 2617 2096 2672 amicitia

445 2714 726 2768 obtineat.
761 2711 988 2767 Tumin
1019 2710 1359 2781 apostolicis
1386 2707 1913 2763 constitutionibus
1949 2705 2092 2760 divi-

440 2819 585 2857 num
610 2801 864 2855 Verbum
885 2799 969 2853 sic
999 2798 1242 2852 mandat
1268 2796 1480 2852 :Judex
1511 2801 1635 2851 esto
1659 2811 1875 2850 vacuus
1889 2811 2093 2866 perso—

441 2907 658 2944 narum
689 2886 1102 2958 reputationis,
1129 2885 1228 2955 qui
1260 2901 1454 2955 neque
1485 2884 1724 2938 divitem
1756 2887 2094 2938 revereatur

440 2982 542 3032 aut
571 2975 847 3031 aduletur
876 2990 1044 3045 aequo
1077 2973 1554 3043 amplius,neque
1586 2971 1832 3043 pauperi
1863 2974 2086 3041 parcat.

444 3067 742 3137 Scriptum
775 3070 864 3120 est
897 3065 1089 3119 enim:
1126 3064 1250 3117 Non
1281 3061 1562 3133 respicies
1593 3061 1667 3116 ad
1721 3060 1978 3131 potentis
2006 3059 2091 3114 di-

439 3156 752 3228 gnitatem,
783 3171 974 3224 neque
1009 3151 1389 3208 miseraberis
1411 3166 1730 3222 pauperem
1755 3149 2082 3220 injudicio.

2197 3154 2533 3224 ωπόΛηπτος
2577 3198 2590 3224 ,

439 3245 541 3300 Dei
577 3246 734 3300 enim
758 3243 1053 3315 judicium
1078 3241 1240 3312 juste
1291 3240 1590 3311 justitiam
1648 3244 2037 3310 persequetur
2071 3253 2084 3302 ;

441 3335 814 3406 uequejusto
848 3332 1173 3403 quidquam
1205 3331 1495 3401 injustum
1543 3328 1905 3399 probabitur.
1963 3329 2088 3381 Non

441 3440 576 3494 ergo
611 3423 817 3476 leviter
847 3419 1210 3475 credendum
1231 3424 1320 3473 est
1341 3418 1643 3488 quibusvis
1659 3417 2087 3472 criminationi-

437 3513 547 3567 bus
577 3528 640 3565 re
663 3527 783 3566 non
814 3507 1293 3580 explorata.Fieri
1326 3508 1483 3561 enim
1514 3513 1708 3578 potest
1738 3512 1804 3561 ut
1832 3506 1966 3561 odio
1988 3510 2090 3560 aut

439 3602 664 3658 invidia
694 3602 914 3673 aliquis
947 3600 1238 3672 impulsus
1267 3599 1512 3655 fratrem
1538 3599 1686 3654 falso
1719 3598 2084 3665 criminetur,

440 3694 596 3748 sicut
616 3693 943 3746 Susannam
976 3690 1092 3745 duo
1126 3706 1300 3744 senes
1359 3693 1418 3743 et
1469 3690 1784 3759 Josephum
1824 3687 2088 3759 Algyptia

440 3782 678 3838 mulier.
707 3783 787 3834 Tu
821 3779 1166 3852 ergo,homo
1189 3778 1314 3846 Dei,
1342 3777 1686 3849 hujusmodi
1717 3793 1792 3832 ne
1814 3782 2085 3847 prompte

436 3869 773 3935 admiseris,
807 3884 882 3922 ne
915 3868 1213 3921 insontem
1272 3864 1508 3920 occidas
1565 3870 1624 3919 et
1650 3864 2080 3934 interﬁciasju-

436 3965 612 4025 stum,
639 3974 832 4028 neque
856 3955 1029 4011 donis
1045 3961 1099 4010 te
1117 3955 1191 4010 ad
1211 3953 1545 4008 necandum
1569 3953 1866 4024 corrumpi
1887 3953 2081 4008 sinas:

434 4064 570 4102 nam
593 4062 847 4101 munera
876 4049 1178 4099 excaecant
1225 4041 1428 4096 oculos
1476 4043 1799 4113 justorum,
1833 4045 1891 4096 et
1933 4041 2080 4112 justi

434 4134 813 4190 sermonibus
844 4133 991 4189 507
1026 4131 1316 4186 ofﬁciunt.
1363 4129 1420 4183 Si
1453 4145 1589 4202 ergo
1623 4128 1846 4184 nullam
1879 4129 2082 4200 cujus-

429 4241 609 4294 quam
642 4240 909 4295 personzn
941 4221 1235 4276 rationem
1268 4220 1554 4275 habentes
1597 4219 1827 4291 judicia
1881 4219 2080 4284 obitis,

431 4310 888 4383 deprehendetis
919 4327 1054 4365 eum
1108 4310 1207 4379 qui
1262 4308 1408 4363 falso
1472 4308 1718 4363 crimine
1745 4308 2078 4378 proximum

432 4418 604 4455 suum
637 4399 992 4471 oppugnavit
1019 4416 1032 4464 ;
1055 4414 1308 4468 eumque
1330 4397 1640 4452 calumniae
1663 4397 1991 4452 convictum
2011 4413 2078 4451 eo

2201 1900 2364 1977 ἔτυχε
2421 1903 2692 1958 πιστεύειν
2745 1908 2861 1964 τοῖς
2928 1908 3318 1979 κατηγοροῦσι,
3373 1902 3468 1958 κᾶν
3529 1905 3658 1979 ἄγαν
3717 1905 3848 1958 ὦσιν

2201 1991 2524 2061 ἀξιόπιστοι.
2561 1989 2753 2060 Διὸδή
2793 1992 2882 2046 καὶ
2940 1990 3257 2065 Νικόδημος
3308 1992 3446 2069 πρδς
3501 1994 3629 2056 τοὺς
3675 2013 3851 2066 παρα-

2199 2082 2401 2154 νόμους
2455 2080 2751 2145 Ἰουδαίους
2812 2087 3194 2159 καταφορικῶς
3231 2103 3290 2137 τε
3344 2083 3435 2137 καὶ
3491 2085 3857 2157 ἓντρεπτικῶς

2200 2167 2326 2246 ἔφη·
2389 2172 2478 2239 Μὴ
2512 2172 2539 2225 ὁ
2574 2171 2743 2245 νόμος
2804 2171 2955 2243 ὑμῶν
3013 2173 3188 2246 κρίνει
3247 2171 3339 2226 τὸν
3401 2172 3709 2248 ἄνθρωπον,
3767 2165 3857 2226 ἔὰν

2203 2261 2278 2332 μή
2311 2259 2512 2333 ἀκούσῃ
2543 2261 2668 2334 παρ’
2728 2260 2892 2316 αὐτοῦ
2949 2265 3169 2336 πρῶτον
3228 2261 3316 2316 καὶ
3374 2265 3488 2336 γνῷ
3532 2260 3585 2316 τί
3643 2266 3850 2328 ποιεῖ;

2196 2349 2425 2422 ’Δμὲλει
2457 2352 2520 2426 γε
2556 2372 2642 2406 τοι
2673 2353 2764 2406 καὶ
2797 2351 2848 2406 οἰ
2895 2356 3003 2406 τῶν
3033 2346 3133 2424 ἔξω
3191 2350 3349 2428 σοφοὶ
3403 2356 3568 2407 τοῦτο
3626 2349 3846 2425 προδή-

2201 2439 2312 2500 λως
2345 2440 2770 2517 ὑπεμφαίνοντες
2813 2442 2956 2496 οὓτω
3015 2442 3192 2519 φασίν·
3255 2441 3318 2496 Ei
3374 2441 3468 2514 μὲν
3529 2435 3852 2519 ἀμφιϐήτη-

2199 2551 2282 2591 σις
2313 2529 2503 2603 κρίνει,
2547 2531 2885 2604 ἀναρτάσθω,
2945 2529 2990 2584 εἰ
3045 2527 3103 2585 δὶ
3156 2530 3358 2605 κρίσις,
3407 2529 3536 2591 τοὺς
3586 2527 3853 2606 ἐλέγχους

2201 2619 2552 2693 βασανιζέτω,
2613 2620 2658 2672 εἰ
2716 2616 2772 2674 δὲ
2826 2618 3080 2693 βάσανος,
3137 2619 3200 2674 τὸ
3258 2617 3378 2674 δὲον
3437 2621 3690 2692 ὁριζὲτω·
3736 2615 3854 2672 ὁδε

2197 2706 2327 2780 ὅρος
2420 2708 2760 2782 γεγράφθω,
2813 2707 2880 2762 τὰ
2979 2705 3036 2762 δὲ
3111 2708 3464 2784 γεγραμμένα
3547 2706 3854 2781 κυρούσθω,

2194 2797 2260 2850 τὰ
2311 2794 2368 2851 δὲ
2450 2796 2762 2872 κυρωθέντα
2853 2793 3193 2873 βεϐαιούστω
3287 2803 3405 2860 τοῖς
3497 2792 3702 2871 ἔργοις,
3761 2796 3852 2850 καὶ

2196 2889 2340 2939 πᾶσα
2409 2885 2690 2960 ἁψιμαχὶα
2768 2884 3028 2961 οἰχέσθω,
3109 2885 3199 2940 καὶ
3291 2884 3457 2940 πάλιν
3530 2884 3688 2960 φιλία
3745 2905 3850 2958 χο-

2197 2971 2399 3050 ρεϐἑτω
2432 3019 2445 3031 .
2530 2976 2631 3032 Καὶ
2719 2974 2772 3033 ἒν
2852 2983 2970 3039 ταῖς
3013 2976 3402 3039 ἀποστολικαῖς
3458 2975 3755 3048 διατάξεσιν
3818 2977 3847 3028 ὁ

2196 3069 2336 3126 Θεῖος
2395 3066 2570 3140 Λόγος
2623 3065 2794 3129 οὕτως
2821 3066 3003 3144 φησίν·
3037 3069 3216 3123 Ἔστω
3255 3065 3312 3122 δὲ
3342 3069 3370 3122 ὁ
3401 3070 3595 3142 κριτὴς
3638 3069 3844 3141 ἀπροσ-

2698 3157 2836 3229 μήτε
2944 3156 3211 3215 πλούσιον
3321 3156 3704 3233 ἐντρεπόμενος

2198 3242 2515 3300 κολακεύων
2563 3245 2712 3318 παρὰ
2765 3245 2828 3299 τὸ
2885 3249 3186 3320 προσῆκον,
3247 3248 3386 3318 μήτε
3441 3245 3673 3316 πένητος
3723 3267 3841 3320 φει-

2197 3329 2448 3405 δόμενος.
2482 3333 2554 3387 Ού
2582 3332 2738 3407 λήψῃ
2795 3334 2923 3409 γὰρ,
2981 3335 3135 3404 φησὶ,
3194 3336 3489 3411 πρόσωπον
3555 3332 3841 3402 δυνάστου,

2193 3421 2282 3475 καὶ
2343 3423 2550 3491 πένητα
2634 3423 2735 3476 οὐκ
2815 3420 3059 3493 ἐλεήσεις
3131 3421 3182 3477 ἐν
3272 3423 3464 3498 κρίσει.
3549 3426 3670 3481 ’Ότι
3744 3428 3844 3477 τοῦ

2194 3513 2326 3564 Θεοῦ
2363 3510 2595 3585 ἡκρίσις
2639 3507 2864 3572 δικαίως
2913 3512 2978 3567 τὸ
3010 3509 3220 3567 δίκαιον
3277 3510 3546 3586 διώξεται,
3604 3513 3695 3567 καί
3746 3511 3846 3566 οὐκ

2194 3598 2358 3674 ἀρέσῃ
2382 3603 2461 3671 τῷ
2526 3596 2722 3672 δικαίῳ
2788 3597 2942 3655 οὐδὲν
3003 3599 3209 3658 ἄδικον.
3265 3603 3420 3658 Ὅθεν
3476 3601 3538 3656 οὐ
3607 3599 3689 3656 δεῖ
3743 3623 3843 3656 πι-

2195 3687 2394 3742 στεύειν
2481 3687 2556 3750 ὠς
2609 3685 2768 3764 ἔτυχε
2818 3695 2937 3752 τοῖς
2995 3695 3394 3766 κατηγοροῦσιν
3460 3690 3695 3766 ἀκρίτως
3746 3692 3841 3745 καὶ

2192 3772 2580 3839 ἀϐασανίστως.
2635 3779 2906 3853 Ἑγχωρεῖ
2941 3779 3046 3855 γάρ
3099 3800 3247 3840 τινας
3300 3778 3392 3834 καὶ
3453 3777 3542 3834 διὰ
3600 3776 3767 3848 ζῆλον
3802 3780 3837 3849 ἢ

2191 3862 2390 3941 φθόνον
2437 3862 2570 3918 κατά
2646 3882 2796 3925 τινος
2861 3862 3101 3942 ἀδελφοῦ
3159 3859 3510 3936 ἔνστήσασθαι
3567 3861 3838 3940 ψευδηγο-

2193 3951 2330 4025 ρίαν,
2355 3952 2428 4014 ὠς
2465 3953 2515 4006 οἱ
2557 3949 2652 4006 δύο
2709 3948 3065 4029 πρεσϐύτεροι
3123 3955 3257 4008 κατὰ
3326 3955 3617 4024 Σωσάννης
3675 3953 3836 4022 καὶή

2187 4041 2459 4117 Αἰγυπτία
2488 4039 2575 4095 ἐπὶ
2622 4047 2723 4098 τοῦ
2752 4045 2979 4120 Ἰωσήφ.
3014 4043 3090 4099 Σὺ
3150 4045 3240 4099 οῦν
3301 4045 3376 4106 ὠς
3432 4049 3565 4099 Θεοῦ
3623 4041 3833 4120 ἄνθρω-

2186 4151 2290 4191 πος
2320 4131 2387 4185 τὰ
2439 4134 2665 4187 τοιαῦτα
2719 4131 2796 4204 μὴ
2853 4134 3172 4210 προχείρως
3225 4131 3566 4208 παραδέχου,
3625 4134 3827 4206 καὶμὴ

2189 4217 2384 4292 ἀνέλῃς
2413 4219 2504 4274 τὸν
2561 4219 2760 4289 ἀθῶον,
2793 4219 2883 4274 καί
2945 4222 3021 4293 μὴ
3071 4221 3401 4296 ἀποκτείνῃς
3452 4223 3544 4277 τὸν
3603 4219 3836 4293 δίκαιον,

2187 4305 2314 4362 οὐδὲ
2345 4305 2498 4381 λήψῃ
2522 4305 2672 4381 δῶρα
2701 4311 2886 4384 ψυχὴν
2919 4311 3166 4382 πατάξαι·
3227 4312 3292 4365 τὰ
3349 4313 3454 4388 γὰρ
3502 4309 3650 4385 δῶρα
3681 4311 3830 4366 ἐκτυ-

2187 4396 2413 4473 φλοῦσιν
2455 4395 2774 4471 ὀφθαλμοὺς
2834 4405 3014 4476 σοφῶν
3065 4400 3155 4455 καὶ
3195 4399 3558 4473 λυμαίνονται
3617 4401 3838 4475 ῥήματα

433 4490 586 4544 malo
609 4489 901 4555 afﬁcietis,
927 4488 1085 4558 quod
1116 4487 1212 4542 ille
1262 4487 1430 4542 alteri
1491 4486 1733 4541 molitus
1763 4485 1874 4540 fuit
1907 4501 1920 4551 ;
1952 4503 2079 4540 ma-

2193 4485 2393 4545 δίκαια.
2470 4485 2532 4542 Ei‘
2591 4487 2684 4541 οὗν
2743 4487 3274 4562 ἀπροσωπολήπτως
3324 4490 3553 4565 κρίνετε,
3611 4489 3840 4564 ἐπιγνώ-

428 4578 814 4648 litiosumque
849 4577 1067 4632 tolletis
1095 4593 1124 4630 e
1158 4575 1375 4640 medio,
1409 4575 1508 4646 qui
1542 4580 1830 4644 quantum
1853 4574 1915 4628 in
1946 4574 2076 4644 ipso

428 4667 560 4734 fuit,
595 4667 838 4722 auribus
892 4665 1115 4738 judicis
1173 4664 1473 4736 occupatis
1521 4663 1768 4718 fratrem
1825 4663 2071 4718 necavit.

432 4756 729 4827 Scriptum
759 4761 848 4811 est
880 4756 1040 4810 enim
1071 4771 1083 4808 :
1116 4754 1225 4819 Qui
1257 4753 1608 4824 sanguinem
1639 4751 1877 4821 fuderit,
1937 4767 2071 4806 eum

431 4848 670 4919 proprio
703 4847 987 4918 sanguine
1021 4846 1164 4901 luat.
1193 4847 1393 4915 Neque
1416 4843 1658 4898 omnino
1689 4841 1867 4896 unius
1887 4841 2073 4896 homi-

429 4954 571 4992 num
607 4936 1010 4992 testimonium
1044 4939 1250 4990 contra
1279 4933 1479 5000 alium,
1513 4937 1813 5002 utcunque
1845 4930 1959 4986 ﬁde
1991 4931 2073 4984 di-

427 5027 549 5098 gni,
580 5043 686 5098 pro
707 5031 865 5080 certo
899 5024 1234 5079 habendum
1263 5029 1370 5077 est.
1403 5023 1662 5076 Duorum
1695 5020 2077 5091 enim,inquit

431 5116 736 5181 Dominus,
759 5121 860 5169 aut
891 5115 1069 5169 trium
1101 5113 1340 5168 testium
1368 5128 1468 5166 ore
1503 5111 1721 5180 qumvis
1744 5128 1836 5165 res
1868 5112 2077 5165 conﬁr-

428 5205 647 5261 manda
676 5210 783 5259 est.
804 5203 968 5268 Quod
983 5203 1028 5256 si
1059 5217 1195 5272 ergo
1223 5200 1462 5255 difﬁcile
1497 5199 1655 5253 estid
1677 5199 2074 5271 quodjustum

428 5295 504 5348 sit
542 5293 1028 5359 invenire,adhuc
1060 5289 1684 5346 difﬁciliusinventum
1716 5289 2074 5356 tueri,nemo

421 5381 716 5452 judicium
749 5381 1118 5452 praecipitare
1151 5379 1344 5434 debet.
1372 5381 1530 5433 Tunc
1562 5383 1758 5433 autem
1817 5384 1974 5433 recte
2009 5379 2074 5430 ﬁ-

428 5485 534 5524 nes
579 5469 828 5540 justitim
907 5475 1234 5535 servantur,
1296 5485 1426 5523 cum
1487 5485 1679 5523 causa;
1755 5468 2072 5539 judicium,

496 5610 540 5644 9‘
567 5610 731 5664 Joan.
765 5624 858 5674 vn,
895 5611 983 5661 51.

2188 4579 2336 4630 σεσθε
2409 4576 2500 4630 τὸν
2579 4581 2988 4652 κατηγοροῦντα
3039 4581 3174 4634 κατὰ
3222 4584 3320 4634 τοῦ
3377 4579 3613 4650 πλησίον
3671 4579 3838 4634 αὐτοῦ

2188 4663 2484 4736 μαρτυρίαν
2515 4660 2709 4736 ψευδῆ·
2768 4665 2856 4718 καὶ
2917 4661 3292 4734 ἀποδείξαντες
3353 4665 3512 4722 αὐτὸν
3568 4666 3836 4741 συκοφάν-

2181 4771 2303 4820 την,
2362 4753 2625 4822 ποιήσατε
2692 4751 2838 4826 αύτῷ
2893 4755 3013 4818 καθ’
3059 4755 3118 4810 ὃν
3192 4755 3392 4828 τρόπον
3462 4755 3837 4828 ἐπονηρόσατο

2181 4843 2409 4911 ποιῆσαι
2459 4845 2540 4912 τῷ
2597 4841 2856 4911 πλησίον,
2915 4844 3006 4898 καὶ
3060 4841 3290 4919 ὲξαρεῖνε
3335 4845 3426 4899 τὸν
3481 4845 3721 4918 πονηρὸν
3777 4842 3838 4899 ἐκ

2187 4928 2352 5001 μὲσου
2412 4931 2583 5003 ὑμῶν.
2658 4931 2822 4987 ’Όσον
2899 4933 3004 5006 γὰρ
3074 4931 3154 4986 ἐπ’
3215 4932 3382 5005 αὐτῷ,
3435 4932 3689 5009 ἐφόνευσε
3743 4933 3839 4987 τὸν

2185 5015 2439 5094 ἀδελφὸν,
2489 5013 2922 5093 προκαταλαϐὼν
2971 5020 3039 5074 τὰ
3067 5021 3180 5075 ὦτα
3207 5025 3305 5075 τοῦ
3361 5025 3570 5095 κριτοῦ.
3631 5022 3835 5096 Γέγρα-

2181 5129 2307 5163 πναι
2339 5110 2464 5182 γάρ’
2494 5109 2554 5166 Ὀ
2589 5107 2796 5184 ἔκχὲων
2843 5111 2984 5183 αἷμα
3023 5109 3338 5186 ἀνθρώπου,
3385 5111 3503 5166 ἀντὶ
3551 5116 3648 5167 τοῦ
3679 5108 3840 5183 α’ίμα-

2182 5217 2275 5258 τος
2306 5196 2513 5251 ἐκείνου
2544 5195 2910 5276 ἐκχυθήσεται
2952 5199 3014 5254 τὸ
3070 5200 3208 5273 αἷμα
3267 5199 3454 5259 αὐτοῦ.
3487 5198 3660 5256 Ἀλλὰ
3697 5197 3840 5273 μηδὲ

2185 5289 2263 5348 εἷς
2291 5284 2686 5364 παραδεχέσθω
2737 5293 3026 5362 μαρτυρῶν
3085 5290 3219 5343 κατὰ
3274 5310 3439 5358 τινος,
3499 5288 3595 5343 κᾶν
3648 5287 3770 5342 λίαν
3801 5287 3838 5354 ἦ

2184 5374 2515 5445 ἀξιόπιστος.
2552 5375 2675 5433 Ἐπὶ
2725 5376 2994 5450 πόματος
3042 5378 3147 5453 γὰρ
3189 5375 3284 5432 δύο
3331 5379 3366 5448 ἢ
3424 5382 3590 5455 τριῶν
3640 5377 3844 5454 μαρτύ-

2185 5485 2292 5539 ρων
2343 5469 2445 5520 πᾶν
2505 5465 2656 5539 ῥῆμα
2719 5461 3168 5540 βεϐαιωθτςσεται.
3228 5468 3369 5522 εἶπεν
3434 5468 3462 5522 ὁ
3516 5467 3738 5541 Κύριος.
3774 5465 3842 5522 Ei“
