4186 6198
290 313 414 378 553

1495 311 2041 374 ΗΙΞΤΟΒῙΑΒΟΜ
2085 313 2635 380 COMPENDIUM.

3595 321 3718 379 554

292 447 476 503 τοίνυν
503 446 566 500 τὸ
600 445 694 517 μὶν
739 443 912 518 εὑρεῖν
942 442 1005 498 τὸ
1056 440 1266 498 δίκαιον
1315 438 1497 520 ἔργον,
1541 443 1604 498 τὸ
1632 441 1692 499 δὶ
1725 445 1800 517 μὴ
1836 441 1951 499 διά-

2091 447 2290 504 udicio
2344 450 2743 521 probationes,
2778 449 3230 522 probationibus
3251 453 3551 509 sententia
3596 454 3717 510 ﬂa-

300 548 539 612 φθειρειν
581 530 979 608 ἑργωδέστερον
1034 528 1248 586 ἐπειδάν
1307 532 1522 607 εὑρεθῇ,
1556 531 1618 587 οὗ
1678 530 1761 587 δεῖ
1804 531 1959 609 ἔπιῤ-

300 626 515 700 ῥιπτειν
574 623 767 679 ἑαυτόν
820 638 942 677 τινα
991 625 1071 693 τῷ
1116 622 1341 693 κρίνειν.
1402 620 1539 679 Τότε
1599 626 1730 696 γοῦν
1787 621 1962 696 ὀρθῶς

2069 537 2195 610 gitii
2226 539 2497 609 qualitati
2520 540 2983 613 respondentem
3012 557 3247 612 poenam
3280 542 3556 615 inﬂigens
3580 560 3723 603 suc-

2073 626 2248 684 cedit.

301 711 432 787 δρος
461 720 563 783 τῆς
594 709 945 779 δικαιοσύνης
979 711 1224 780 σώξεται,
1258 708 1385 765 ὅταν
1414 712 1482 783 τῇ
1518 710 1612 784 μὲν
1642 708 1789 783 αῗτίᾳ
1818 712 1853 781 ἡ
1887 708 2062 785 κρίσει
2093 713 2121 767 ὁ
2152 707 2411 793 ἔλεγχος,
2459 721 2539 790 τῷ
2584 713 2641 771 δὲ
2686 714 2901 793 ἐλέγχῳ
2933 718 2967 787 ἡ
3000 720 3185 794 ψῆφος
3214 718 3249 788 ἡ
3281 717 3419 794 πρὸς
3448 719 3684 790 ποιότητ

294 807 395 858 τοῦ
426 803 823 876 ἁμαρτήματος
852 799 1254 875 τὴνλτιμωρίαν
1290 799 1567 875 ὁρίζουσα.

367 906 453 978 [Ρ.
484 904 610 975 290]
647 902 841 957 Ἰστὲον
872 898 1058 955 τοίνυν
1092 899 1165 961 ὡς
1222 895 1276 952 ἐν
1336 902 1407 972 τῇ
1468 895 1684 969 Παλαιᾷ
1717 900 1959 974 Διαθήκῃ

300 993 426 1068 περί
454 998 555 1060 τῆς
605 988 759 1066 ἁγίας
792 988 881 1044 καῖ
943 986 1241 1061 ὁμοουσίου
1272 988 1362 1042 καὶ
1422 992 1696 1057 ζωοποιοῦ
1726 986 1962 1061 Τριάδος

307 1084 582 1155 μυστικῶς
638 1082 672 1150 ἡ
732 1075 1059 1134 διδασκαλία
1111 1076 1562 1152 ἐγκατέσπαρται,
1622 1078 1697 1140 ὡς
1735 1077 1825 1132 καὶ
1857 1077 1961 1134 Φί-

299 1169 455 1227 λωνα
485 1169 661 1225 καίτοι
721 1188 783 1245 γε
839 1163 1102 1225 Ἰουδαῖον
1156 1163 1327 1240 ἄνδρα
1393 1166 1708 1243 ὑπάρχοντα
1740 1167 1832 1222 καὶ
1865 1172 1960 1238 ζη-

301 1259 517 1328 λωτὴν,
568 1256 639 1314 δι’
687 1259 760 1312 ὢν
820 1254 1189 1312 καταλέλοιπε
1247 1256 1707 1331 συγγραμμάτων,
1741 1256 1964 1331 ἀπομά-

306 1359 503 1433 χεσθαι
532 1361 601 1431 τῇ
635 1354 810 1426 οἰκείᾳ
868 1353 1151 1429 θρησκείᾳ.
1212 1350 1519 1423 Βασανίζων
1575 1354 1677 1428 γὰρ
1713 1354 1776 1409 τὸ
1808 1352 1966 1429 εἴρη-

308 1447 492 1519 μένον,
573 1446 659 1500 Ἐν
737 1443 905 1498 εἰκόνι
980 1445 1114 1498 Θεοῦ
1170 1438 1404 1512 ἐποίησα
1493 1443 1585 1497 τὸν
1661 1439 1961 1518 ἄνθρωπον,

306 1535 625 1611 ἠναγκάσθη
660 1534 763 1589 ὑπὸ
817 1539 918 1602 τῆς
978 1529 1237 1601 ἀληθείας
1295 1531 1384 1585 καὶ
1437 1525 1717 1602 ἐξεϐιάσθη
1750 1530 1960 1586 καὶτὸν

305 1638 410 1689 τοῦ
437 1636 572 1689 Θεοῦ
605 1631 781 1706 Λόγον
813 1629 1169 1706 θεολογῆσαι.
1228 1628 1295 1686 Τί
1350 1628 1454 1705 γάρ
1494 1629 1541 1684 εἰ
1592 1629 1682 1684 καὶ
1713 1626 1959 1704 δεύτερον

306 1724 403 1778 τὸν
461 1717 738 1776 συναΐδιον
795 1719 973 1796 Λόγον
1046 1724 1127 1792 τῷ
1197 1718 1366 1793 Πατρὶ
1435 1718 1526 1773 καὶ
1577 1717 1814 1792 ἀριθμοῦ
1870 1717 1961 1773 καὶ

310 1812 529 1888 χρόνων
585 1809 852 1885 ἀνώτερον
900 1803 1031 1864 ὄντα
1066 1804 1249 1875 καλεῖ,
1282 1814 1386 1877 τῆς
1438 1806 1699 1878 ἀληθείας
1758 1809 1834 1881 μή
1869 1806 1964 1885 ἐφ-

310 1900 633 1975 ικνούμενος
665 1918 678 1968 ;
711 1900 906 1971 ’Όμως
958 1892 1163 1954 ἔννοιαν
1223 1891 1353 1972 ἔσχε
1407 1896 1497 1952 καὶ
1556 1896 1740 1971 ἑτερου
1788 1917 1963 1973 προσ-

310 1993 490 2046 ώπου.
522 1987 636 2045 Οὐκ
666 1987 889 2043 ἐνταῦθα
942 1984 1009 2057 δὴ
1063 1985 1228 2061 μόνον
1279 1980 1442 2041 ἔπαθε
1482 1989 1667 2054 τοῦτο,
1699 1984 1846 2042 ἀλλᾶ
1875 1987 1964 2042 καὶ

307 2090 378 2143 τὸ
423 2089 552 2149 Θεὸς
609 2084 698 2141 καί
754 2086 817 2141 τὸ
878 2084 1074 2159 Κύριος
1129 2084 1454 2160 ἑρμηνεῦσαι
1497 2083 1834 2160 πειρώμενος
1863 2090 1963 2153 τῆς

315 2176 763 2253 βασιλικωτάτης
821 2171 1054 2248 Τριάδος
1107 2167 1315 2227 ἔννοιαν
1370 2166 1521 2252 ἔσχε.
1579 2177 1808 2227 Φάσκων
1862 2174 1964 2249 γάρ

313 2269 402 2323 ὅτι
437 2267 518 2328 εἷς
550 2263 692 2320 ἐστιν
722 2264 749 2318 ὁ
781 2264 932 2331 Θεὸς,
965 2262 1031 2317 οὐ
1079 2263 1217 2335 πρὸς
1267 2261 1358 2316 τὸν
1399 2260 1629 2335 ἀριθμὸν
1663 2259 1969 2336 κατέδραμε

312 2364 417 2427 τῆς
477 2351 734 2427 μονάδος,
798 2350 944 2407 ἀλλὰ
1003 2351 1139 2425 πρὸς
1193 2351 1256 2406 τὸ
1317 2352 1619 2424 μυστήριον
1654 2358 1754 2420 τῆς
1812 2348 1967 2427 ἁγίας

313 2442 554 2519 Τριάδος
608 2445 672 2498 τὸ
734 2447 843 2498 τῶν
905 2442 1000 2514 μὲν
1058 2440 1234 2509 πάντη
1291 2437 1577 2516 διαιρετῶν
1628 2440 1969 2514 ἑνικώτερον,

308 2548 423 2598 τῶν
484 2540 542 2598 δὲ
597 2538 768 2603 ὅντως
823 2536 1131 2612 μοναδικῶν
1218 2540 1616 2617 ἀφθονῳτερον.
1676 2538 1773 2593 Καὶ
1828 2536 1969 2593 οὕτω

310 2633 454 2689 κατὰ
507 2631 706 2708 κράτος
766 2627 909 2685 εἷλεν
970 2627 1135 2684 αὐτοῦ
1192 2629 1293 2697 τὴν
1352 2629 1538 2704 ψυχήν
1595 2627 1671 2692 ὡς
1735 2627 1973 2702 ἀναγκα-

302 2725 500 2787 σθῆναι
552 2716 863 2795 διαρῥηδην
923 2722 1084 2775 τοῦτο
1144 2718 1304 2795 φάναι
1334 2716 1424 2772 καὶ
1454 2716 1507 2772 ἐν
1561 2719 1847 2792 γράμμασι
1877 2737 1972 2771 κα-

306 2808 595 2883 ταλεῖψαι.
629 2809 733 2862 Δύο
769 2807 864 2879 μὶν
915 2806 1018 2883 γὰρ
1073 2806 1193 2860 εἶπε
1247 2804 1342 2868 τὰς
1377 2808 1473 2859 τοῦ
1504 2803 1656 2866 ὄντος
1689 2800 1973 2877 δυτάμεις,

307 2899 390 2953 ὧν
432 2899 469 2967 ἡ
518 2896 612 2970 μὶν
671 2894 936 2964 ποιητική
996 2894 1087 2950 καὶ
1139 2894 1453 2970 εὐεργετικὴ
1515 2891 1670 2973 φύσει
1726 2889 1972 2947 καλεῖται

306 2998 463 3063 Θεὸς,
521 2997 556 3064 ἡ
614 2991 673 3049 δὲ
734 2991 995 3070 βασιλική
1052 2993 1140 3048 καὶ
1216 2992 1568 3067 τιμωρητικὴ
1628 2989 1850 3062 Κύριος
1911 2989 1973 3045 οὐ

308 3084 510 3162 πόῤῥω
570 3083 770 3159 βαίνων
807 3086 905 3138 τοῦ
960 3082 1254 3161 φήσαντοςο
1290 3080 1527 3155 Χριστὸς
1560 3084 1695 3135 Θεοῦ
1749 3076 1976 3153 δύναμις

312 3175 408 3231 καὶ
439 3176 575 3229 Θεοῦ
623 3171 805 3250 σοιρία·
866 3166 1097 3245 δύναμις
1153 3168 1253 3224 οὐκ
1307 3168 1696 3239 ἀνυπόστατος,
1739 3166 1866 3223 ἀλλ’
1896 3165 1975 3223 εν-

310 3264 638 3333 υπόστατος,
679 3261 770 3318 καὶ
825 3257 1261 3334 παντοδῦναμος,
1322 3261 1409 3315 καὶ
1468 3259 1817 3321 ὑποστάσεως
1875 3255 1977 3329 δη-

314 3352 610 3427 μιουργὸς,
665 3351 757 3406 καὶ
816 3349 1098 3419 ἷσοσθενής
1156 3346 1363 3404 ἐκείνου
1432 3348 1494 3403 οὗ
1556 3345 1783 3421 δύναμίς
1842 3345 1975 3402 ἔστι.

314 3442 418 3497 Καὶ
471 3440 636 3496 πάλιν
670 3440 698 3494 ὁ
744 3437 904 3501 αὐτὸς
961 3437 1150 3495 Φίλων
1199 3438 1323 3511 περὶ
1376 3441 1509 3493 Θεοῦ
1568 3435 1858 3511 θεάματος,
1915 3437 1977 3492 οὗ

310 3528 426 3588 εἶδε
488 3531 724 3597 Muniis-ﬁ:
779 3527 831 3583 ἐν
890 3531 958 3602 τῇ
1044 3527 1215 3603 βάτῳ,
1275 3524 1556 3604 ἱκφράζων
1616 3521 1744 3601 ἔφη·
1797 3523 1980 3601 Θέαμα

309 3626 858 3700 ἐκπληκτικώτατον.
893 3626 1028 3683 Εἶτα
1081 3627 1183 3700 ὁρᾷ
1237 3626 1357 3699 μετ’
1416 3623 1605 3701 ὀλίγον
1649 3625 1785 3681 κατὰ
1818 3626 1977 3699 μέσον

311 3728 418 3790 τῆς
476 3717 681 3797 φλογὸς
746 3719 962 3797 μορφήν
1019 3736 1141 3771 τινα
1199 3715 1728 3791 περικαλλεστάτην,
1770 3715 1977 3793 ἐμφερῆ

319 3807 506 3866 οὐδενὶ
550 3812 659 3863 τῶν
713 3807 945 3880 ὁρατῶν,
1008 3803 1409 3870 θεοειδέστατον
1464 3802 1710 3879 ἄγαλμα,
1737 3810 1853 3884 φῶς
1883 3804 1983 3858 αὖ·

317 3895 696 3976 γοειδεστερον
755 3899 852 3951 τοῦ
909 3896 1082 3967 πυρὸς
1140 3895 1651 3969 ἂπαστράπτουσαν’
1685 3893 1752 3962 ἢν
1785 3891 1872 3948 ἐάν
1901 3914 1984 3964 τις

318 3982 663 4057 ὑπετόπησεν
722 3984 900 4040 εῗκόνα
951 3989 1049 4040 τοῦ
1108 3980 1265 4048 ὄντος
1320 3984 1478 4053 εἶναι,
1527 3981 1714 4047 καλῶς
1752 3980 1985 4054 ὑπείλη-

319 4105 442 4165 φεν.
498 4083 559 4139 Ei
615 4079 672 4137 δὲ
725 4103 810 4146 τις
860 4083 985 4159 περὶ
1043 4087 1144 4150 τῆς
1213 4079 1421 4143 εἰκόνος
1478 4073 1723 4155 ἀκριϐῶς
1799 4081 1986 4153 μαθεῖν

327 4170 614 4244 βοῦλεται,
666 4171 912 4226 ἀκουέτω
972 4167 1192 4226 Παύλου
1252 4167 1507 4243 λεγοντος
1551 4169 1803 4240 περὶτοῦ
1837 4170 1983 4223 Υἱοῦ·

326 4285 357 4313 ι(
391 4263 493 4323 "Oc
524 4260 664 4315 ἐστιν
722 4259 881 4315 εῗκὼν
938 4263 1035 4315 τοῦ
1094 4262 1228 4314 Θεοῦ
1278 4261 1376 4314 τοῦ
1424 4256 1682 4333 ἀοράτου,
1717 4282 1745 4310 ››
1777 4257 1985 4316 Οὐκοῦν

325 4365 579 4423 κακεῖνος
633 4357 920 4437 θεολογίας
975 4355 1269 4434 ὀρθοδόξου
1327 4357 1574 4414 ἅπτεται·
1608 4358 1701 4427 Μὴ
1755 4357 1857 4431 γὰρ
1888 4358 1987 4427 την

329 4444 609 4525 ἀκρίϐειαν
673 4450 821 4518 ζήτει
880 4448 1029 4522 παρὰ
1064 4451 1161 4503 τοῦ
1212 4446 1532 4518 δυνηθέντος
1565 4444 1713 4509 ὅλως
1745 4443 1834 4501 διὰ
1864 4443 1990 4499 σύν-

331 4561 442 4596 εσιν
472 4538 743 4613 εἰλικρινῆ
797 4541 1156 4594 κατοπτεῦσαι
1210 4538 1309 4607 τήν
1359 4536 1620 4608 ἀλήθειαν
1656 4536 1747 4591 καὶ
1778 4539 1845 4610 τῇ
1879 4533 1989 4607 ἰδίᾳ

325 4637 591 4713 θρησκείᾳ
620 4636 1024 4712 ἀπομάχεσθαι.
1082 4633 1243 4693 Ἀλλ’
1293 4635 1468 4691 ἱκεῖνο
1530 4634 1723 4706 ἒννόει,
1784 4635 1867 4690 δτι
1911 4633 1989 4696 εἷς

330 4724 387 4783 ’ἐν
446 4728 739 4797 πρόσωπον
791 4724 852 4780 οὗ
919 4721 1226 4780 συνέκλεισε
1280 4726 1381 4794 τὴν
1443 4721 1757 4797 θεολογίαν,
1816 4723 1891 4785 ὡς
1938 4723 1991 4778 οἱ

332 4811 652 4871 ἀπαίδευτοι
681 4813 772 4869 καὶ
818 4811 1158 4893 κακόσχολοι
1215 4816 1323 4868 τῶν
1383 4809 1659 4871 Ἰουδαίων
1688 4812 1992 4887 καθηγηταὶ

334 4902 619 4979 προλήψει
678 4902 782 4958 τινὶ
838 4902 1203 4978 κατεχόμενοι
1271 4898 1703 4975 δογματίζουσιν.
1765 4901 1880 4959 Οὐκ
1934 4901 1996 4955 ὲκ

337 4993 548 5050 τούτων
605 4989 663 5048 δὶ
724 4991 903 5065 μόνων
964 4990 1432 5062 πληκτικωτάτων
1485 4985 1654 5045 ὄντων
1686 4989 1760 5051 εἷς
1790 4990 1993 5059 ταύτην

334 5081 626 5158 προήχθη,
659 5080 733 5143 ὣς
787 5102 851 5157 γε
891 5083 1165 5157 ἡγοῦμαι,
1223 5082 1323 5150 τήν
1380 5073 1610 5148 ἔννοιαν,
1640 5077 1790 5135 ἀλλὰ
1817 5078 1907 5134 καὶ
1939 5077 2000 5134 ἐκ

329 5183 452 5234 τοῦ·
487 5203 516 5231 α
552 5180 877 5251 Ποιήσωμεν
910 5175 1193 5249 ἄνθρωπον
1227 5177 1343 5232 κατ’
1378 5176 1560 5232 εἰκόνα
1602 5177 1873 5251 ἡμετέραν
1907 5176 1997 5231 καὶ

334 5270 460 5333 καθ’
491 5268 780 5342 ὁμοίωσιν
818 5291 846 5319 )›
915 5267 1005 5321 καὶ
1058 5266 1119 5321 ὲκ
1175 5270 1295 5334 τοῦ,
1329 5292 1355 5318 ‹‹
1407 5261 1632 5340 Ἕὸρεξε
1664 5266 1861 5340 Κύριος
1892 5270 1999 5341 πῦρ

340 5359 488 5435 παρά
519 5359 738 5433 Κυρίου·
778 5382 805 5407 »ι
834 5358 924 5412 καὶ
959 5358 1018 5412 ὲκ
1037 5360 1154 5429 τοῦ,
1177 5382 1204 5410 (ι
1232 5356 1392 5414 Εἶπεν
1427 5358 1455 5412 ὁ
1488 5356 1688 5431 Κύριος
1714 5360 1790 5428 τῷ
1822 5356 2004 5430 Κυρίῳ

341 5478 473 5535 μου,
498 5455 678 5513 Κάθου
704 5456 764 5511 ὲκ
785 5452 973 5526 δεξιῶν
1009 5475 1141 5527 μου,
1167 5478 1195 5505 ››
1224 5455 1315 5510 καὶ
1347 5454 1407 5509 ἐκ
1429 5455 1513 5528 [Ρ.
1545 5456 1674 5527 291]
1701 5457 1797 5509 τοῦ
1828 5475 1853 5507 ι
1880 5456 2004 5511 Ὅτι

341 5548 396 5603 δν
428 5544 514 5602 σοὶ
545 5547 575 5603 ὁ
604 5545 759 5614 Θεὸς,
786 5543 876 5601 καὶ
908 5543 971 5600 σὺ
1015 5544 1066 5599 εἴ
1116 5544 1144 5598 ὁ
1188 5542 1338 5606 Θεός.
1374 5568 1401 5596 »
1435 5544 1576 5606 Τοὺς
1607 5543 1712 5621 γὰρ
1742 5541 2005 5617 λέγοντας

410 5667 455 5704 ⁸⁸
484 5665 716 5724 Coloss.
740 5681 790 5734 ,1,
826 5666 912 5729 15.
950 5712 961 5723 .

626 5782 895 5847 Parnm.
942 5780 1063 5846 GR.
1109 5778 1317 5843 CXXI.

2145 903 2462 961 Sciendum
2495 922 2669 977 porro
2702 911 2792 961 est
2822 907 2999 962 etiam
3026 907 3087 962 in
3119 907 3312 964 Veteri
3344 909 3720 965 Testamento

2072 991 2143 1046 de
2178 1008 2346 1048 sacra
2361 995 2855 1050 consubstantiali
2876 1001 2933 1050 et
2948 996 3180 1051 viviflca
3200 997 3483 1052 Trinitate
3498 998 3688 1054 doctri
3702 1028 3723 1039 -

2071 1097 2210 1136 nam
2240 1098 2457 1138 arcane
2485 1084 2817 1155 dispersam
2849 1100 3001 1150 esse,
3032 1084 3211 1155 idque
3245 1085 3391 1141 adeo
3421 1093 3488 1141 ut
3548 1086 3720 1143 Philo

2072 1170 2514 1239 etiam,tametsi
2536 1172 2773 1228 Iudaeus
2799 1178 2859 1228 et
2883 1172 3140 1228 Judaicas
3171 1173 3473 1247 religionis
3495 1175 3724 1231 studio-

2072 1259 2362 1327 sissimus,
2388 1261 2449 1317 in
2481 1262 2607 1318 suis
2640 1268 2839 1317 tamen
2869 1263 3317 1318 commentariis
3347 1280 3496 1334 quos
3526 1269 3726 1335 poste-

2071 1349 2230 1404 ritati
2263 1349 2510 1422 reliquit
2559 1367 2727 1407 suam
2761 1351 2950 1422 ipsius
3004 1351 3354 1423 religionem
3403 1358 3728 1424 oppugnet.

2070 1438 2427 1509 Expendens
2458 1440 2619 1495 enim
2651 1439 2798 1496 illud
2831 1440 3079 1509 dictum,
3136 1440 3221 1496 Ad
3267 1441 3587 1513 imaginem
3627 1442 3731 1497 Dei

2071 1525 2377 1582 hominem
2409 1528 2668 1599 condidi,
2702 1529 2755 1583 vi
2786 1529 3049 1584 veritatis
3082 1546 3152 1585 eo
3178 1534 3268 1584 est
3298 1529 3639 1601 compulsus
3670 1535 3735 1585 ut

2072 1631 2191 1670 non
2224 1617 2484 1687 potuerit
2511 1634 2632 1673 non
2665 1618 2843 1674 etiam
2880 1617 3135 1674 Verbum
3159 1618 3260 1673 Dei
3287 1617 3733 1685 asserere.Quid

2075 1705 2235 1759 enim
2262 1705 2464 1773 refert,
2500 1706 2658 1777 quod
2692 1706 2750 1761 in
2783 1724 2852 1763 eo
2884 1708 3192 1763 veritatem
3225 1725 3344 1763 non
3377 1714 3468 1763 est
3491 1724 3732 1764 assecu-

2076 1799 2195 1861 tus,
2227 1794 2368 1849 dum
2402 1795 2658 1851 Verbum
2680 1798 2850 1852 Patre
2882 1813 3133 1853 numero
3167 1802 3225 1852 et
3254 1802 3519 1868 tempore
3538 1803 3737 1869 {oste-

2073 1884 2199 1939 rius
2246 1884 2499 1941 scribit?
2545 1886 2698 1944 εοε
2759 1887 2978 1943 Saltem
3044 1887 3107 1942 in
3152 1887 3397 1943 alterius
3454 1904 3587 1960 per!
3621 1905 3731 1943 mas

2075 1974 2347 2029 notitiam
2379 1976 2879 2048 pervenit.Neque
2916 1975 3064 2031 illud
3096 1977 3291 2048 ipsum
3312 1982 3601 2033 tantumir.
3620 1978 3728 2033 odo

2074 2063 2279 2131 movit,
2301 2064 2406 2119 sed
2438 2070 2495 2120 et
2522 2066 2809 2121 vocabula
2837 2067 2992 2122 Deus
3022 2082 3091 2122 ac
3118 2067 3406 2122 Dominus
3433 2068 3613 2138 inter]
3640 2083 3731 2122 re-

2077 2153 2186 2212 tari
2218 2159 2465 2209 conatus
2496 2154 2891 2227 regiissimam
2920 2154 3271 2211 Trinitatem
3302 2156 3557 2229 agnovit.
3584 2157 3732 2224 Cum

2076 2242 2236 2297 enim
2269 2242 2517 2299 dixisset
2546 2260 2730 2299 unum
2770 2260 2899 2299 esse
2930 2246 3139 2309 Deum,
3199 2262 3319 2301 non
3375 2246 3450 2302 ad
3482 2244 3738 2301 unitatis

2075 2348 2415 2396 numerum,
2446 2331 2551 2387 sed
2582 2333 2655 2387 ad
2687 2334 2875 2388 sancti
2902 2334 3195 2390 ternionis
3221 2335 3487 2407 confugit
3508 2341 3732 2407 myste-

2076 2421 2272 2490 rium;
2307 2421 2408 2492 qui
2440 2421 2513 2476 ad
2554 2422 2800 2476 unitatis
2868 2429 3143 2478 naturam
3202 2424 3445 2494 propius
3498 2425 3733 2481 accedit

2076 2527 2253 2582 quam
2285 2527 2356 2566 ea
2385 2526 2516 2581 qua)
2548 2510 2795 2566 omnino
2849 2510 3028 2565 dividi
3084 2517 3354 2582 possunt.
3407 2518 3467 2567 et
3495 2513 3738 2570 uberior

2078 2607 2280 2656 tamen
2311 2606 2401 2655 est
2422 2616 2599 2670 quam
2632 2616 2763 2671 qua)
2795 2616 3036 2670 prorsus
3059 2606 3197 2655 sunt
3226 2600 3513 2657 solitaria.
3548 2603 3735 2659 Tanta

2080 2695 2278 2746 autem
2299 2689 2351 2743 vi
2382 2689 2653 2744 animum
2684 2689 2812 2759 ejus
2844 2689 2956 2744 ista
2987 2690 3284 2745 sententia
3313 2691 3640 2761 occupavit,
3668 2696 3735 2746 ut

2080 2792 2210 2831 eam
2241 2774 2438 2847 palam
2471 2774 3112 2846 proﬂteriacscriptam
3135 2792 3371 2848 quoque
3390 2776 3735 2848 relinquere

2081 2870 2322 2920 coactus
2352 2863 2550 2920 fuerit.
2595 2865 2749 2918 Duas
2774 2864 2935 2919 enim
2975 2865 3059 2919 ait
3109 2880 3238 2921 esse
3299 2864 3428 2935 ejus
3460 2866 3621 2937 quod
3649 2871 3740 2921 est

2084 2953 2418 3018 facultates,
2454 2969 2707 3024 quarum
2736 2953 2922 3009 altera
2942 2954 3211 3009 effectrix
3240 2959 3299 3009 et
3327 2955 3601 3011 beneﬁca
3632 2972 3737 3013 na-

2084 3050 2217 3098 tura
2228 3044 2381 3098 Deus
2402 3040 2950 3114 appelletur,altera
2964 3043 3127 3115 regia
3149 3048 3207 3098 et
3228 3042 3410 3099 ultrix
3428 3044 3739 3101 Dominus.

2008 3131 2050 3198 C
2089 3132 2254 3199 Quod
2274 3133 2405 3204 ejus
2435 3131 2660 3187 dictum
2692 3148 2812 3188 non
2842 3132 3047 3204 procul
3081 3132 3248 3188 abest
3270 3133 3342 3190 ab
3392 3149 3461 3189 eo
3488 3135 3646 3204 quod
3681 3136 3743 3190 in

2089 3220 2392 3291 Scriptura
2420 3218 2687 3274 Christus
2710 3219 2813 3274 Dei
2861 3219 3129 3291 potentia
3185 3225 3243 3275 et
3300 3220 3591 3292 sapientia
3641 3221 3741 3277 Dei

2089 3309 2324 3373 dicitur,
2358 3307 2625 3379 potentia
2655 3308 2884 3363 scilicet
2936 3324 3041 3365 seu
3099 3308 3351 3365 facultas
3383 3325 3504 3364 non
3536 3326 3745 3365 carens

2088 3399 2444 3464 substantia,
2478 3398 2583 3454 sed
2615 3397 3047 3461 substantialis,
3082 3399 3462 3472 omnipotens
3502 3416 3572 3456 ac
3603 3400 3746 3456 sub—

2090 3489 2444 3544 stantiarum
2463 3488 3156 3560 effectrix,ejusdemque
3187 3506 3324 3546 cum
3357 3506 3425 3546 eo
3459 3491 3741 3562 potentia:

2090 3579 2260 3648 cujus
2291 3582 2381 3632 est
2410 3576 2680 3633 facultas.
2714 3579 2938 3633 Rursus
2970 3577 3127 3634 idem
3151 3579 3319 3634 Philo
3343 3579 3743 3651 spectaculum

2091 3667 2394 3739 explicans
2423 3667 2581 3738 quod
2612 3666 2672 3721 in
2700 3667 2849 3722 rubo
2880 3669 3069 3723 Moses
3121 3668 3286 3737 vidit,
3318 3669 3400 3724 ita
3429 3670 3695 3742 loquitur
3727 3688 3741 3725 :

2093 3756 2504 3829 Spectaculum
2526 3754 2671 3810 vidit
2722 3772 2901 3826 quam
2929 3757 3186 3812 maxime
3226 3758 3510 3815 terribile.
3545 3760 3745 3816 Cernit

2092 3847 2268 3920 paulo
2286 3850 2420 3918 post
2455 3846 2516 3900 in
2550 3844 2747 3900 medio
2787 3845 3046 3901 ﬂammas
3062 3845 3385 3917 quamdam
3411 3848 3745 3918 pulcherri-

2093 3952 2250 3992 mam
2266 3936 2541 4000 formam,
2574 3933 2777 3989 nullus
2793 3934 3040 3989 visibilis
3061 3935 3148 3989 rei
3180 3936 3461 4002 similem,
3495 3936 3742 3993 simula-

2094 4042 2261 4081 crum
2273 4024 2489 4080 divinas
2506 4023 2722 4095 speciei
2736 4022 3058 4078 admodum
3077 4023 3405 4091 conforme,
3440 4025 3634 4081 lucem
3648 4025 3743 4079 ni-

2094 4115 2313 4171 mirum
2351 4130 2482 4185 quaa
2510 4114 2640 4185 ipsa
2686 4112 2928 4169 ﬂamma
2962 4112 3334 4185 splendidius
3381 4115 3743 4188 eﬂulgebat;

2095 4220 2275 4276 quam
2306 4203 2354 4258 si
2385 4202 2517 4273 quis
2566 4202 2887 4274 imaginem
2948 4203 3077 4274 ejus
3130 4204 3231 4274 qui
3272 4209 3361 4259 est
3401 4204 3746 4270 arbitretur,

2096 4295 2148 4349 is
2199 4297 2358 4349 recte
2408 4291 2799 4363 judicaverit.
2869 4292 2995 4357 Qua
3050 4291 3124 4347 de
3190 4293 3451 4367 imagine
3510 4294 3560 4349 si
3615 4294 3751 4364 quis

2098 4386 2299 4439 exacte
2331 4382 2453 4437 vult
2481 4396 2858 4449 cognoscere,
2908 4382 2961 4436 is
2992 4381 3197 4438 audiat
3243 4382 3492 4440 Paulum
3542 4384 3626 4438 sic
3677 4383 3749 4440 de

2098 4470 2245 4525 Filio
2272 4468 2614 4541 loquentem
2659 4484 2734 4522 :«
2769 4469 2876 4534 Qui
2934 4474 3024 4524 est
3081 4470 3398 4526 invisibilis
3446 4471 3549 4527 Dei
3606 4472 3753 4529 ima-

2099 4576 2170 4634 go
2199 4557 2268 4613 9⁸.
2304 4579 2332 4608 ››
2364 4558 2563 4627 Neque
2593 4557 2745 4614 δοθ
2795 4574 2930 4613 vero
2988 4558 3156 4615 Philo
3187 4561 3410 4616 veracis
3442 4560 3752 4634 theologia)

2099 4650 2338 4705 decreta
2392 4652 2699 4702 assecutus
2759 4652 2849 4703 est
2909 4663 2923 4713 ;
2980 4664 3174 4720 neque
3231 4654 3322 4705 est
3386 4666 3491 4706 cur
3545 4649 3619 4705 ab
3679 4666 3747 4706 eo

2099 4742 2325 4794 tantam
2355 4735 2781 4808 perfectionem
2810 4737 3101 4808 requiras,
3132 4742 3200 4794 ut
3246 4743 3417 4810 putes
3447 4754 3581 4794 eum
3613 4738 3746 4792 sin-

2101 4844 2239 4884 cera
2265 4825 2659 4900 intelligentia
2687 4826 3026 4896 perspicere
3062 4827 3368 4882 veritatem
3401 4826 3661 4897 potuisse
3693 4830 3753 4881 et

2102 4933 2269 4974 suam
2303 4916 2652 4988 religionem
2676 4915 2954 4985 abjicere.
2988 4914 3099 4970 Sed
3128 4915 3239 4972 hoc
3259 4914 3750 4984 considera,quod

2106 5005 2570 5078 disputationem
2600 5003 2673 5058 de
2724 5004 2842 5057 Deo
2875 5019 2995 5057 non
3050 5002 3123 5057 ad
3174 5003 3410 5058 unicam
3478 5003 3754 5059 astrinxit

2107 5112 2446 5169 personam,
2479 5094 2631 5149 sicut
2662 5092 2880 5148 indocti
2912 5109 2979 5147 ac
3007 5092 3163 5148 male
3193 5092 3385 5148 feriati
3415 5093 3751 5151 Judmorum

2109 5184 2374 5257 magistri
2407 5183 2653 5247 faciunt,
2682 5197 2717 5235 a
2748 5180 3077 5252 majoribus
3108 5197 3215 5253 per
3245 5198 3453 5239 manus
3480 5183 3757 5240 traditam

2110 5274 2455 5346 opinionem
2529 5276 2844 5325 sectantes.
2905 5271 3105 5340 Neque
3156 5271 3282 5326 haec
3340 5287 3445 5343 ego
3504 5278 3756 5341 tantum,

2112 5376 2453 5436 quanquam
2494 5359 2818 5431 plurimum
2863 5358 3125 5416 habeant
3187 5362 3494 5431 momenti,
3545 5378 3760 5419 censeo

2111 5449 2348 5510 Philoni
2371 5464 2610 5505 causam
2636 5447 2719 5503 ita
2749 5448 3048 5505 sentiendi
3079 5449 3427 5521 praebuisse,
3460 5452 3563 5509 sed
3583 5453 3765 5509 etiam

2114 5543 2241 5598 haec
2276 5556 2288 5595 :
2323 5561 2351 5591 «
2387 5538 2694 5593 Faciamus
2737 5537 3040 5594 hominem
3085 5539 3159 5595 ad
3212 5539 3532 5615 imaginem
3571 5546 3629 5599 et
3681 5543 3764 5599 si-

3439 5775 3518 5837 18
