4186 6198
452 370 573 433 555

1826 352 2144 415 GEORGII
2190 355 2531 418 CEDRENI

3758 354 3885 415 556

455 504 854 563 militudinem
886 504 1153 556 nostram
1182 498 1225 533 ⁸⁷
1261 512 1275 563 ;
1310 518 1338 546 ››
1370 496 1511 550 item
1548 512 1616 550 ;‹‹
1650 490 2105 547 PluitDominns

2233 486 2306 543 ἔτι
2361 490 2617 565 μυριάκις
2671 489 2813 554 ἑστές
2873 490 3031 567 ἅγιος
3089 492 3118 546 ὁ
3177 492 3329 562 Θεὸς,
3386 490 3476 545 καὶ
3551 489 3616 545 τὸ
3670 495 3886 563 Ἄγιος,

456 597 659 665 ignem
694 609 730 647 a
760 590 1007 646 Domino
1037 586 1126 652 93;
1162 608 1190 635 »
1225 591 1283 640 et
1314 601 1328 640 :
1363 607 1389 634 ‹‹
1427 583 1584 640 Dixit
1611 581 1898 637 Dominus
1922 580 2115 635 Domi-

457 701 537 740 no
570 698 725 748 meo,
750 678 896 733 Sede
938 693 973 731 a
1023 674 1251 731 dextris
1289 674 1439 728 meis
1468 671 1551 740 99;
1581 694 1608 721 »
1640 677 1699 726 et
1727 687 1740 724 :
1773 697 1798 719 «ι
1830 670 2118 734 Quoniam

462 773 525 827 in
558 777 613 825 te
646 776 801 823 Deus
833 770 941 824 est.
977 770 1035 819 et
1064 770 1128 819 tu
1160 781 1223 818 es
1250 765 1424 818 Deus.
1463 785 1483 811 ιι
1548 762 1656 815 Eos
1688 760 1847 814 enim
1894 759 1992 830 qui
2026 758 2119 812 di-

457 865 601 916 cunt
630 860 816 913 Deum
840 854 1091 909 infinitis
1122 852 1311 907 modis
1334 867 1461 906 esse
1481 848 2117 919 sanctum,audentque

457 950 520 1004 in
552 948 737 1003 alium
770 961 946 1015 quam
995 943 1067 997 de
1096 942 1381 997 Trinitate
1434 955 1675 995 sensum
1736 939 2119 1009 interpretari

459 1036 612 1093 illud
644 1052 657 1091 :
696 1056 723 1084 «
756 1034 1027 1097 Sanctus,
1062 1037 1324 1097 sanctus,
1369 1035 1611 1083 sanctus
1666 1027 1956 1082 Dominus
1989 1029 2002 1061 ¹
2039 1043 2052 1093 ;
2088 1047 2116 1074 ››

460 1144 565 1183 eos
595 1126 722 1179 haec
753 1124 910 1178 dicta
940 1125 1143 1191 aperte
1175 1118 1462 1174 refellunt
1494 1135 1508 1171 :
1543 1141 1568 1165 α
1604 1116 1854 1181 Ωιιωείνὶ
1904 1115 2117 1170 faciem

462 1214 870 1281 tuam,faciem
904 1217 1085 1278 tuam,
1118 1208 1386 1273 Domine,
1418 1206 1753 1277 requiram:
1788 1221 1862 1259 ne
1893 1211 2119 1259 avertas

460 1304 676 1360 faciem
709 1308 870 1357 tuam
902 1317 936 1354 a
962 1314 1056 1353 me
1086 1300 1125 1352 '.
1153 1319 1180 1347 ››
1205 1298 1323 1352 Nisi
1356 1297 1517 1351 enim
1550 1300 1757 1349 auctor
1786 1294 1880 1348 his
1926 1292 2120 1348 verbis

464 1393 714 1465 mystice
737 1395 1006 1446 sanctam
1026 1387 1375 1442 Trinitatem
1399 1385 1742 1444 indicasset,
1774 1384 1985 1438 merito
2018 1401 2117 1438 su—

463 1495 964 1555 pervacaneorum
1024 1477 1335 1531 verborum
1394 1472 1807 1528 inculcationis
1848 1472 2118 1527 damnari

466 1571 894 1645 posset.Neque
922 1567 983 1621 in
996 1567 1108 1621 hoc
1130 1571 1361 1620 tantum
1394 1563 1672 1633 (arbitror
1685 1562 1843 1618 enim
1858 1564 2119 1634 apertius

470 1661 663 1717 adhuc
694 1659 919 1714 dictum
950 1653 1189 1725 aliquod
1219 1652 1865 1725 proferendum),sedet
1886 1652 1947 1705 in
1970 1652 2114 1706 hoc:

465 1773 493 1800 ‹‹
531 1748 894 1805 Sacrificium
926 1745 1120 1800 laudis
1149 1742 1398 1798 Domino
1454 1742 1684 1806 exhibe,
1744 1758 1813 1796 ac
1861 1747 1994 1796 vota
2018 1747 2119 1797 tua

2225 578 2399 654 ἅγιος,
2482 581 2634 657 ἅγιος
2712 581 2908 657 Κύριος
2983 586 3430 657 παρερμτρεῦσαι
3531 578 3882 652 τολμώντας,

2228 666 2499 744 λαμπρῶς
2532 668 2755 748 ἐλέγχει
2802 671 2867 725 τὸ
2919 695 2946 722 ‹‹
2972 673 3313 741 Ἐζεζήτησα
3341 670 3404 727 τὸ
3435 670 3730 745 πρόσωπον
3763 691 3878 735 σου,

2227 756 2289 811 τὸ
2320 758 2614 832 πρόσωπόν
2648 779 2766 821 σου,
2801 758 2983 833 Κόριε,
3030 761 3277 828 ζητήσω,
3342 759 3418 830 μὴ
3477 757 3790 832 ἀποτρέψῃς
3822 759 3881 813 τὸ

2226 847 2517 921 πρόσωπόν
2551 868 2646 902 σου
2678 848 2771 903 ἀπ’
2819 849 2975 921 ἑμοῦ.
3014 871 3041 898 ι)
3099 847 3163 903 El
3226 848 3301 920 μή
3331 848 3437 922 γὰρ
3464 852 3563 915 τήν
3600 848 3756 920 ἁγίαν
3790 847 3884 901 ἀν-

2227 937 2487 1009 εκήρυττε
2520 942 2795 1009 μυστικῶς
2843 934 3049 1011 Τριάδα
3101 938 3129 991 ὁ
3192 936 3418 1012 φράσας,
3461 933 3879 1012 περιττολογίας

2228 1022 2437 1089 δίκαιος
2491 1024 2554 1081 ἄν
2612 1026 2697 1096 εἳη
2760 1026 3126 1095 ἆπαιτηθῆναι
3185 1023 3360 1096 δίκην.
3395 1026 3472 1083 Οὐ
3514 1027 3683 1099 μόνον
3738 1023 3795 1081 δὲ
3825 1024 3876 1081 ἐν

2224 1112 2406 1186 τούτῳ
2462 1121 2688 1190 (χρῆναι
2740 1116 2842 1191 γὰρ
2901 1116 3064 1189 οἶμαι
3107 1112 3194 1169 ἐπὶ
3253 1117 3577 1194 σαφέστερον
3635 1116 3881 1188 ὁρμῆσαι

2230 1205 2439 1277 ρητὸν),
2472 1203 2617 1259 ἀλλὰ
2646 1205 2735 1259 καὶ
2768 1203 2819 1258 ἐν
2849 1210 2950 1276 τῷ,
2996 1229 3025 1256 ι(
3065 1208 3234 1260 Θῦσον
3264 1208 3342 1275 τῷ
3382 1209 3498 1277 Θεῷ
3523 1204 3709 1266 θυσίας
3740 1204 3886 1259 α*νέ-

2227 1314 2382 1356 σεως,
2414 1294 2503 1348 καὶ
2535 1290 2736 1355 ἀπόδος
2764 1298 2843 1365 τῷ
2867 1292 3103 1368 ’Υψίστῳ
3145 1293 3241 1354 τὰς
3290 1292 3454 1372 εὐχάς
3489 1313 3607 1363 σου,
3640 1293 3732 1348 καὶ
3762 1291 3886 1347 ἐπι-

2225 1381 2450 1437 κάλεσαί
2509 1403 2574 1455 με
2632 1382 2684 1437 ἐν
2738 1382 2920 1456 ἡμέρᾳ
2972 1382 3210 1454 Θλίψεώς
3267 1403 3386 1446 σου,
3443 1381 3534 1436 καὶ
3568 1379 3885 1458 κέξελοῦμαί

2229 1493 2286 1527 σε
2323 1472 2412 1527 καὶ
2472 1471 2710 1543 δοξάσεις
2773 1494 2857 1546 με.
2895 1497 2923 1524 ››
2990 1472 3057 1529 Εἴ
3117 1475 3192 1544 μὴ
3255 1476 3359 1549 γὰρ
3391 1474 3425 1541 ἡ
3457 1472 3627 1547 Τριὰς
3658 1471 3885 1527 ἐνταῦθα

2228 1566 2412 1638 σαφῶς
2465 1561 2812 1636 ἐκηρύττετο,
2891 1556 2999 1616 ἔδει
3086 1561 3341 1637 ῥηθῆναι.
3402 1565 3571 1616 Θῦσον
3625 1565 3705 1633 τῷ
3764 1566 3884 1633 Θεῷ

2226 1651 2410 1705 θυσίαν
2443 1650 2713 1716 αἰνέσεως,
2772 1652 2862 1705 καὶ
2918 1647 3120 1712 ἀπόδος
3178 1654 3258 1721 τῷ
3314 1649 3550 1724 Ὑψίστῳ
3592 1650 3687 1711 τὰς
3717 1649 3886 1725 εὐχάς

2228 1760 2347 1809 σου,
2394 1740 2484 1794 καὶ
2540 1738 2860 1796 ἐπικάλεσαι
2921 1737 3084 1794 αὑτὸν
3141 1737 3192 1793 ἐν
3247 1740 3428 1813 ἡμέρᾳ
3486 1737 3728 1813 θλίψεώς
3763 1759 3883 1810 σου,

461 1838 769 1896 Altissimo
800 1834 1300 1907 persolve,invoca
1316 1848 1408 1886 me
1422 1837 1685 1902 tempore
1709 1847 2108 1886 aerumnarum

2233 1830 2315 1883 καὶ
2344 1828 2601 1899 ὲξελεῖταί
2662 1849 2739 1894 σε,
2798 1828 2886 1883 καὶ
2944 1825 3189 1899 δοξᾶσεις
3249 1827 3431 1883 αὐτόν.
3476 1831 3577 1884 Καὶ
3611 1828 3756 1883 οὑτω
3787 1829 3883 1901 μὲν

460 1932 722 1990 tuarum,
754 1930 813 1979 et
841 1938 1045 1977 eruam
1080 1927 1156 1988 te,
1208 1922 1251 1977 5
1272 1920 1363 1975 l0
1411 1935 1478 1974 ac
1508 1917 1861 1989 prmdicabis
1889 1935 1981 1973 me
2003 1919 2044 1975 ³.
2082 1941 2111 1968 »

2226 1918 2334 1973 οὐκ
2363 1917 2594 1993 ἐρῥήθη,
2627 1916 2841 1993 εἴρηται
2871 1915 2928 1972 δὲ
2959 1918 3034 1978 ὡς
3068 1915 3304 1991 εἴρηται.

461 2018 610 2074 Nam
644 2014 692 2068 si
726 2013 827 2069 hic
857 2012 1114 2067 Trinitas
1144 2026 1262 2065 non
1293 2013 1494 2080 aperte
1526 2007 1970 2079 przrdicaretur,
2004 2009 2086 2063 ita
2115 2008 2310 2065 fuerat
2340 2009 2682 2074 dicendum,
2717 2009 3082 2064 Sacrificium
3133 2009 3325 2064 laudis
3356 2007 3605 2064 Domino
3637 2008 3849 2064 exhibe
3871 2054 3890 2080 ,

461 2123 530 2162 ac
568 2109 704 2160 vota
733 2108 835 2158 tua
868 2101 1172 2156 Altissimo
1203 2098 1470 2170 persolve
1497 2114 1510 2164 ;
1544 2103 1603 2151 et
1634 2097 1840 2151 invoca
1872 2114 2005 2153 eum
2040 2115 2174 2154 cum
2206 2100 2514 2171 premeris,
2540 2105 2599 2154 et
2628 2104 2797 2154 eruet
2830 2103 2907 2163 te,
2942 2114 3009 2154 ac
3040 2096 3390 2169 praedicabis
3421 2113 3578 2153 eum.
3613 2098 3726 2153 Sed
3757 2114 3877 2154 non

460 2196 576 2252 hoc
609 2193 809 2259 modo,
844 2206 1046 2246 verum
1074 2190 1156 2244 ita
1184 2194 1251 2243 ut
1281 2186 1458 2242 retuli
1488 2192 1649 2241 vates
1672 2186 1904 2241 locutus
1936 2193 2044 2243 est.

540 2283 858 2354 Perspicue
891 2280 1050 2335 enim
1083 2279 1176 2334 his
1207 2283 1266 2333 et
1293 2276 1427 2332 aliis
1489 2276 1695 2331 multis
1750 2275 1896 2331 locis
1949 2278 2124 2332 Vetus

469 2374 914 2429 Testamentum
947 2368 1229 2441 exprimit
1259 2384 1319 2423 se
1353 2366 1669 2438 imperium
1707 2383 1825 2421 non
1859 2367 1961 2421 uni
1992 2383 2124 2437 per-

469 2478 630 2518 sona
662 2460 1008 2521 attribuere,
1069 2456 1172 2512 sed
1225 2455 1416 2510 tribus
1468 2454 1836 2513 substantiis.
1873 2472 2124 2525 quarum

470 2552 648 2606 unica
678 2550 753 2604 sit
782 2555 995 2603 natura
1021 2552 1080 2601 et
1111 2545 1322 2601 eadem
1356 2543 1637 2608 essentia,
1671 2548 1737 2597 ut
1787 2543 2127 2598 Judreorum

470 2638 541 2695 de
556 2639 733 2693 unica
752 2652 1005 2709 persona
1023 2651 1142 2690 non
1154 2649 1358 2689 sanam
1393 2631 1752 2685 sententiam
1770 2631 2007 2686 traduce
2017 2637 2123 2686 ret.

468 2731 659 2799 Atque
692 2726 924 2781 Judzeos
956 2723 1198 2794 quidem
1236 2721 1525 2776 Sabellius
1582 2719 1814 2774 videtur
1867 2726 2123 2785 secutus,

470 2816 588 2871 nisi
620 2816 770 2869 forte
802 2812 942 2867 dum
975 2809 1418 2865 multitudinem
1444 2808 1690 2862 deorum
1726 2809 2126 2863 Graecanicam

472 2904 749 2976 exagitat,
767 2900 1018 2955 nimium
1041 2898 1365 2970 mqualitati
1393 2897 1520 2951 Filii
1547 2912 1614 2951 ac
1638 2897 1828 2951 Patris
1860 2897 2127 2951 intentus

474 2989 549 3046 ad
581 2988 926 3061 opinionem
977 2986 1049 3041 de
1098 2985 1275 3041 unica
1320 3000 1577 3056 persona
1623 2985 1936 3055 prolapsus
1992 2985 2123 3039 fuit.

474 3080 809 3135 Graecorum
825 3080 1147 3131 sectatores
1165 3074 1603 3146 deprehensum
1620 3079 1711 3128 est
1726 3073 1906 3128 fuisse
1935 3074 2125 3129 «rium

470 3173 531 3222 et
561 3166 942 3232 Eunomium,
975 3164 1075 3236 qui
1105 3180 1175 3218 ex
1207 3162 1553 3217 discrimine
1602 3178 1991 3233 personarum
2036 3164 2127 3217 di-

471 3272 670 3312 versas
716 3255 1004 3311 essentias
1053 3251 1305 3308 absurde
1338 3250 1691 3305 intulerunt.
1726 3251 1940 3315 Quodsi
1993 3252 2126 3321 quis

2305 2279 2500 2355 Σαφῶς
2555 2276 2658 2350 γὰρ
2717 2272 2806 2330 διὰ
2862 2274 3071 2331 τοὺτων
3126 2274 3216 2330 καὶ
3275 2272 3345 2330 δι’
3376 2271 3563 2329 ἄλλων
3594 2272 3894 2341 πολλῶνὴ

2237 2364 2449 2419 Παλαιὰ
2480 2367 2723 2435 Διαθήκη
2783 2364 3041 2438 κηρύττει
3104 2364 3187 2418 δτι
3244 2362 3353 2442 οὐχ
3417 2364 3536 2424 ἑνὸς
3587 2364 3891 2434 προσώπου

2236 2454 2487 2525 σημαὶνει
2547 2451 2882 2522 δεσποτείαν,
2942 2452 3089 2508 ἀλλά
3159 2457 3328 2526 τριῶν
3394 2452 3488 2524 μὲν
3550 2453 3899 2518 ὑποστάσεως

2240 2549 2366 2617 μίξις
2399 2540 2456 2597 δέ
2486 2542 2693 2613 οὐσίας,
2738 2541 2830 2597 ’ίνα
2884 2542 2975 2598 καὶ
3037 2539 3310 2598 Ἰουδαίων
3339 2540 3666 2616 στηλιτεύσο
3687 2543 3788 2610 τήν
3818 2543 3894 2605 ὡς

2235 2632 2315 2708 ἐφ’
2347 2634 2462 2694 ἑνὸς
2519 2634 2817 2707 προσώπου
2876 2632 2988 2711 οὐχ
3045 2633 3172 2709 ὑγιῆ
3233 2625 3463 2686 ἔννοιαν.
3525 2632 3629 2693 Οἷς
3658 2631 3748 2687 καὶ
3783 2639 3893 2687 Σα-

2237 2720 2462 2787 ϐέλλιος
2519 2724 2920 2795 ἠκολούθησεν.
2976 2725 3138 2785 Ἲσως
3223 2721 3279 2778 δὲ
3340 2723 3400 2779 ὲκ
3451 2731 3553 2792 τῆς
3605 2721 3735 2800 ἄγαν
3793 2728 3894 2779 τοῦ

2235 2815 2366 2868 Υἱοῦ
2396 2814 2534 2886 πρὸς
2564 2816 2657 2870 τὸν
2691 2812 2899 2885 Πατέρα
2958 2813 3209 2883 ῗσότητος
3258 2812 3334 2874 εἷς
3392 2813 3454 2866 τὸ
3487 2812 3616 2884 μίαν
3647 2812 3890 2867 ὑπόστα-

2236 2922 2315 2955 σιν
2359 2900 2690 2978 δογματίσαι
2744 2902 3053 2977 νευρωθεθς,
3110 2903 3210 2968 τήν
3256 2899 3547 2956 πολυτεῒαν
3603 2900 3891 2970 Ἑλλήνων

2235 2989 2646 3066 ἐξωστράκισεν,
2709 2993 2783 3046 ὧν
2842 2994 3063 3065 ’Ἄρειος
3146 2992 3234 3045 καὶ
3320 2989 3593 3062 Εὑνόμιος
3649 2989 3899 3045 ἑάλωσαν

2238 3078 2372 3133 εἶναι
2431 3077 2711 3157 φοιτηταὶ,
2760 3083 2859 3147 τήν
2914 3083 3022 3133 τῶν
3086 3079 3436 3142 ὑποστάσεως
3492 3075 3753 3154 διαφορὰν
3814 3079 3897 3141 εἰς

2235 3169 2336 3237 τήν
2392 3166 2575 3221 οὑσίαν
2629 3167 2963 3245 παραλόγως
3023 3165 3365 3229 ἑλκύσαντες.
3429 3166 3489 3222 Εἰ
3534 3164 3590 3221 δὲ
3620 3188 3704 3229 τις
3736 3167 3897 3247 φαίη,

2240 3258 2316 3329 μή
2377 3262 2562 3334 σαφῶς
2619 3257 2710 3312 καὶ
2769 3255 3073 3333 διαρῥήδην
3131 3256 3181 3326 ἐξ
3240 3257 3420 3332 ἀρχῆς
3467 3261 3634 3313 ταῦτα
3660 3259 3896 3330 κεκήρυ-

471 3353 640 3418 roget
695 3362 802 3400 cur
834 3361 952 3398 non
1009 3343 1082 3398 ab
1132 3342 1303 3396 initio
1361 3342 1561 3395 statim
1619 3340 1745 3394 hmo
1815 3341 2121 3396 manifesto

2233 3367 2374 3415 κται,
2433 3345 2599 3422 φαίην
2657 3347 2741 3401 ὃτι
2810 3346 3048 3419 μάλιστα
3125 3351 3242 3407 τοῖς
3326 3351 3559 3406 συνετῶς
3633 3345 3900 3400 ἀκούουσι

478 3434 1003 3496 fuerintindicata,
1035 3430 1472 3503 responderim,
1512 3430 1585 3483 iis
1616 3430 1716 3500 qui
1752 3431 2008 3485 scienter
2037 3448 2137 3486 au-

474 3524 692 3582 dirent.
743 3520 1318 3577 demonstrationem
1359 3519 1527 3573 istam
1578 3524 1756 3589 atque
1806 3518 2135 3575 doctrinam

476 3612 661 3668 fuisse
690 3611 958 3683 apprime
980 3608 1364 3681 perspicuam,
1383 3614 1450 3662 ut
1470 3609 1645 3662 etiam
1671 3609 1924 3680 sapienti
1947 3609 2135 3664 visum

469 3701 586 3755 fuit
606 3700 863 3755 Philoni.
886 3698 1050 3763 Quod
1071 3704 1269 3752 autem
1289 3697 1403 3752 ista
1423 3696 1732 3751 obscurius
1764 3698 2138 3770 promulgata

471 3795 631 3857 sunt,
650 3787 1033 3861 cogitandum
1058 3785 1414 3851 estvatibus,
1439 3802 1571 3840 cum
1603 3785 1821 3840 Judaeis
1843 3786 1916 3841 ad
1944 3787 2137 3841 multi-

472 3879 742 3934 tudinem
799 3877 1047 3933 deorum
1118 3874 1494 3931 statuendam
1555 3876 1916 3946 proclivibus
1974 3876 2134 3949 leges

467 3970 946 4043 praescriberent,
986 3985 1109 4023 non
1160 3967 1503 4022 consultum
1534 3967 1722 4021 visum
1756 3966 1936 4022 fuisse
1960 3968 2133 4022 diffe-

473 4059 729 4115 rentiam
763 4072 1157 4130 personarum
1187 4071 1670 4115 commemorare.
1692 4071 1766 4109 ne
1799 4056 1837 4109 ii
1871 4056 2132 4112 diversas

471 4149 649 4203 etiam
680 4152 922 4202 naturas
952 4159 1347 4217 personarum
1364 4143 1675 4214 opinantes
1701 4144 1776 4200 ad
1801 4144 2012 4199 falsam
2035 4162 2130 4201 re-

468 4232 752 4308 ligionem
782 4234 1202 4296 desciscerent.
1232 4232 1336 4288 sed
1367 4231 1565 4303 potius
1596 4231 1668 4287 ab
1700 4232 1872 4288 initio
1924 4234 2127 4289 statim

472 4324 667 4380 edocti
682 4340 869 4379 unum
883 4339 1013 4378 esse
1028 4321 1235 4378 mundi
1263 4321 1888 4393 Dominum,paulatim
1914 4322 2128 4378 deinde

470 4413 543 4468 de
573 4412 849 4487 personis
878 4412 1152 4467 doctrina
1205 4411 1666 4472 instruerentur.
1700 4427 1832 4482 quas
1892 4412 2019 4483 ipsa
2052 4412 2128 4467 ad

465 4503 758 4559 unitatem
790 4506 1016 4556 naturae
1049 4499 1322 4556 redit.lta
1347 4517 1479 4570 qum
1505 4500 1751 4555 unitatis
1784 4516 2034 4556 numero
2053 4502 2125 4557 de

466 4590 587 4647 Deo
618 4590 917 4657 dicuntur,
950 4591 1241 4646 unitatem
1298 4594 1526 4645 natura)
1566 4589 1959 4644 conﬁrmant:
1994 4608 2124 4661 qua)

469 4696 606 4736 eum
637 4695 957 4735 numerum
983 4681 1127 4736 611
1163 4678 1475 4737 excedunt.
1507 4678 1896 4750 proprietates
1927 4696 2124 4749 perso-

466 4785 681 4826 narum
712 4769 774 4826 in
802 4784 924 4825 una
949 4767 1208 4825 essentia
1235 4767 1801 4838 comprehensarum
1836 4766 1983 4822 indi(
1998 4775 2120 4825 ant.

471 4859 737 4914 Diversas
769 4857 929 4913 enim
962 4858 1023 4912 in
1060 4857 1284 4913 Deitate
1314 4861 1558 4911 naturas
1581 4862 1838 4910 statuere
1857 4856 2122 4913 Graecum

465 4947 819 5013 est,unicam
834 4962 1151 5018 personam
1181 4945 1492 5001 Judaicum
1515 4949 1821 5000 :caeterum
1855 4952 2121 5003 sanctam

460 5045 522 5095 et
573 5055 756 5095 unam
822 5039 1084 5094 essentia
1140 5036 1487 5092 Trinitatem
1547 5034 1826 5090 diducere
1884 5036 1947 5091 in
1999 5042 2121 5095 tres

459 5144 746 5203 personas
784 5128 1010 5200 hasque
1072 5128 1134 5182 in
1194 5141 1375 5181 unam
1433 5130 1709 5179 naturam
1754 5124 2116 5197 recolligere,

458 5219 864 5275 rectissimum
885 5223 974 5273 est
1006 5222 1065 5272 et
1092 5231 1228 5271 vera
1280 5213 1596 5270 sententia.
1634 5212 1732 5267 His
1792 5213 1855 5268 in
1885 5231 2119 5273 summa

465 5306 845 5373 addo,rerum
861 5312 1135 5362 naturam
1149 5303 1561 5359 excedentium
1578 5301 2116 5361 demonstrationes

464 5394 769 5451 naturales
818 5411 938 5451 non
971 5410 1143 5467 posse
1193 5393 1414 5465 ubique
1471 5390 1620 5448 dari.
1676 5393 1820 5447 Nam
1881 5395 2114 5450 tametsi

468 5482 733 5541 Verbum
758 5485 859 5540 Dei
891 5500 1027 5541 vera
1057 5500 1193 5540 caro
1214 5485 1430 5541 factum
1453 5488 1689 5548 est,non
1703 5488 1904 5539 tamen
1920 5483 2114 5541 nudus

2244 3433 2475 3505 λαμπρά
2529 3435 2672 3490 ἐστιν
2729 3432 2866 3505 αὕτη
2923 3435 3014 3490 καὶ
3075 3432 3347 3505 incide-Et:
3402 3436 3495 3489 καὶ
3553 3431 3902 3504 διδασκαλία,

2242 3523 2316 3584 ὡς
2354 3526 2442 3577 καί
2489 3529 2569 3597 τῷ
2617 3529 2769 3603 σοφῷ
2795 3521 2940 3594 ἔδοξε
2988 3524 3234 3580 Φίλωνι.
3282 3524 3339 3580 Εἰ
3383 3521 3441 3579 δὲ
3469 3524 3560 3578 καὶ
3593 3544 3900 3579 συνεσκιαιο

2241 3612 2455 3683 σμένως
2486 3611 2699 3689 ἐρἒέθη,
2742 3612 2916 3668 ἐκεῖνο
2968 3612 3278 3689 λογίζεσθαι
3331 3614 3468 3687 χρὴ.
3500 3612 3585 3668 ὅτι
3617 3610 3907 3675 Ἰουδαίοις

2239 3707 2354 3763 τοῖς
2387 3702 2461 3764 εἷς
2506 3701 2798 3758 πολ-»θείαν
2861 3703 3087 3779 ῥέπουσι
3144 3704 3564 3775 νομοθετοῦντες
3622 3701 3723 3757 οὑκ
3780 3699 3904 3757 i39-

2239 3790 2474 3862 κίμασαν
2561 3789 2826 3867 διαφορὰν
2892 3793 3204 3866 προσώπων
3263 3791 3594 3868 εἰσαγαγεῖν,
3653 3789 3739 3845 ἵνα
3815 3793 3896 3865 μή

2240 3876 2500 3960 διάφορον
2551 3881 2708 3959 φύσιν
2761 3884 2812 3935 ἐν
2866 3886 2986 3943 ταῖς
3042 3881 3395 3936 ὑποστάσεσιν
3430 3881 3567 3935 εἶναι
3623 3878 3902 3955 δογματί-

2239 3989 2424 4031 σαντες
2456 3968 2531 4031 εἷς
2591 3967 3021 4045 εἰδωλολατρίαν
3074 3969 3429 4038 ἑλκυσθῶσιν,
3469 3968 3615 4024 ἀλλὰ
3642 3976 3742 4038 τῆς
3771 3990 3896 4042 pov-

2236 4058 2437 4133 αρχίας
2496 4057 2549 4129 ἐξ
2606 4060 2788 4134 ἀρχῆς
2850 4058 3109 4133 μαθόντες
3169 4060 3398 4132 μαθημα
3435 4058 3571 4113 κατὰ
3604 4058 3797 4132 μικρὸν
3830 4059 3896 4114 τὸ

2234 4152 2342 4202 τῶν
2380 4148 2723 4203 ὑποστάσεων
2779 4145 3191 4227 ἆναδιδαχθῶσι
3251 4144 3451 4222 δόγμα,
3507 4147 3570 4201 τὸ
3622 4145 3788 4202 πάλιν
3816 4146 3898 4208 εἰς

2236 4235 2465 4307 ἑνότητα
2498 4237 2707 4314 φύσεως
2768 4237 3093 4313 ἀνατρέχον,
3147 4236 3222 4297 ὡς
3275 4236 3415 4290 εἶναι
3469 4235 3536 4289 τα
3569 4235 3663 4307 μὲν
3698 4235 3895 4297 ἑνικῶς

2237 4324 2510 4401 λεγόμενα
2539 4332 2638 4395 τῆς
2679 4325 3014 4395 ταυτότητος
3072 4331 3171 4393 τῆς
3230 4324 3442 4404 φύσεως
3495 4324 3889 4398 παραστατικὰ,

2232 4414 2301 4469 τὰ
2330 4412 2387 4469 δὲ
2420 4410 2809 4490 ὑπερϐαίνοντα
2856 4415 2946 4469 τὸν
2992 4414 3166 4470 ἑνικὸν
3218 4414 3450 4489 ἀριθμὸν
3480 4417 3581 4478 τῆς
3611 4418 3719 4468 τῶν
3754 4414 3895 4469 ὑπο-

2235 4504 2469 4559 στάσεων
2506 4501 2784 4575 ἰδιότητος
2815 4511 2916 4573 τῆς
2975 4503 3052 4565 εἷς
3096 4505 3222 4576 μίαν
3285 4503 3467 4558 οὐσίαν
3496 4503 3890 4578 συναγομένης.

2233 4593 2312 4649 Τὸ
2348 4594 2441 4666 μὲν
2487 4593 2590 4669 γὰρ
2651 4592 2943 4672 διαφόρους
2995 4592 3182 4654 φύσεις
3239 4591 3586 4655 ὑποτίθεσθαι
3628 4591 3893 4659 Έλληνι,

2231 4683 2349 4751 κὸν,
2378 4684 2441 4737 τὸ
2472 4680 2529 4737 δὲ
2559 4682 2610 4738 ἔν
2657 4682 2958 4757 πρόσωπον
3017 4683 3190 4761 ἤγουν
3249 4681 3375 4755 μίαν
3424 4681 3714 4736 ὑπόστασιν
3750 4682 3890 4737 Ἰου-

2232 4767 2438 4826 δαϊκόν·
2470 4773 2532 4827 τὸ
2566 4769 2623 4827 δὲ
2651 4772 3025 4834 πλατόνοντας
3079 4772 3156 4836 εἷς
3211 4772 3311 4841 τήν
3362 4772 3522 4846 ἁγίαν
3553 4774 3640 4827 καὶ
3677 4773 3890 4837 ὁμοοὺ-

2232 4881 2347 4915 σιον
2378 4859 2587 4937 Τριάδα
2615 4862 2709 4923 τὰς
2744 4862 3066 4924 ὑποστάσεις
3099 4860 3177 4921 εἷς
3236 4861 3365 4933 μίαν
3417 4859 3600 4915 οὐσίαν
3631 4862 3718 4935 [Ρ.
3753 4863 3884 4936 292]

2230 4950 2497 5025 συνάγειν,
2556 4950 2847 5025 ὀρθότατόν
2904 4948 3015 5006 ἐστι
3094 4948 3180 5005 καὶ
3238 4948 3500 5018 ἀληθίνὸν
3557 4950 3621 5004 τὸ
3679 4946 3879 5024 δόγμα.

2229 5038 2531 5119 Κεφάλαιον
2592 5036 2649 5094 δὲ
2707 5038 2792 5094 ἐπὶ
2844 5044 2961 5103 τοῖς
3009 5037 3346 5115 λεγομένοις,
3381 5037 3479 5092 οὑκ
3507 5032 3619 5094 ἔστι
3652 5041 3882 5112 φυσικὰς

2226 5126 2526 5199 ἀποδείξεις
2582 5129 2718 5184 κατὰ
2771 5129 2945 5184 πάντα
3000 5134 3343 5201 παραστῆσαι
3398 5131 3506 5183 τῶν
3569 5127 3701 5200 ὑπὲρ
3729 5127 3885 5205 φύσιν

2225 5219 2588 5293 πραγμάτων.
2648 5216 2710 5272 El
2768 5216 2872 5295 γὰρ
2930 5216 3020 5271 καὶ
3078 5216 3206 5291 σάρξ
3267 5213 3735 5290 ἀλῃθὴςὸλόγος
3766 5214 3887 5293 ἐγέ-

2224 5327 2345 5361 νετο
2430 5304 2557 5361 ἀλλ’
2613 5305 2679 5361 οὑ
2738 5305 2901 5378 ψιλὸς
2956 5306 3239 5381 ἅνθρωπος
3273 5304 3301 5359 ὁ
3333 5305 3568 5380 Χριστὸς
3609 5303 3880 5380 ἐνανθρω-

2222 5396 2427 5466 πήσας,
2461 5393 2673 5468 μᾶλλον
2724 5392 2780 5450 δὲ
2832 5395 2963 5456 Θεός
3012 5394 3064 5466 ἐξ
3121 5392 3386 5471 ἑκατέρων
3418 5399 3527 5450 τῶν
3557 5399 3767 5449 φύσεων
3801 5393 3882 5457 εἷς

2225 5484 2460 5562 ὑπάρχει
2503 5485 2628 5549 Υἱὸς
2688 5489 2823 5541 Θεοῦ
2883 5484 3013 5549 Θεὸς
3072 5483 3421 5561 ὑπεροῦσιος,
3453 5483 3499 5539 εἰ
3531 5484 3620 5541 καὶ
3651 5482 3881 5562 διαρῥή-

549 5651 597 5693 ’⁷
626 5655 770 5714 Gen.
804 5672 842 5723 ι,
872 5658 962 5712 26.
988 5653 1039 5691 93
1068 5654 1210 5714 Gen.
1244 5673 1361 5725 xix,
1387 5655 1477 5712 2i.
1507 5652 1556 5691 θ’
1577 5652 1731 5712 Ρεαιε
1763 5668 1876 5713 cxx.
1916 5659 1963 5714 l.
1999 5659 2014 5695 ⁸
2052 5657 2121 5718 Isi

2233 5675 2270 5728 ι,
2305 5661 2358 5718 3.
2387 5660 2408 5695 ³
2436 5660 2586 5719 Psal.
2616 5675 2771 5735 nvx,
2801 5662 2857 5731 8,
2888 5663 2942 5720 9.
2974 5656 2999 5697 ³
3025 5659 3182 5724 1⁵881»
3213 5675 3363 5730 m8.
3398 5659 3487 5731 14,
3510 5654 3595 5720 16.
