4194 6198
285 311 289 316 ’
322 328 439 389 557

1505 322 1871 384 HISTORIA
1885 318 2050 380 RUM
2098 317 2254 378 COM
2269 317 2644 380 PENDlUM.

3620 299 3740 383 55‘s

329 458 628 534 γνυνταιοὶ
667 457 728 512 τὸ
791 460 978 529 μεῖζον
1043 455 1132 509 καί
1188 450 1417 509 ’ἔλαττον
1477 449 1565 508 ἒπῖ
1619 456 1717 507 τοῦ
1777 451 1984 526 Πατρὸς

2105 448 2277 504 homo
2309 449 2420 504 fuit
2446 450 2713 505 Christus
2743 451 2803 505 in
2863 468 3037 506 carne
3088 452 3328 525 degens,
3389 455 3491 512 sed
3544 459 3745 529 potius

334 548 552 603 καὶτοῦ
581 548 710 601 Υὶοῦ
742 545 1137 620 συγκρίνοντες,
1199 543 1534 618 έτεροσύσιον
1589 544 1682 597 τὸν
1731 543 1851 597 Υἱὸν
1892 545 1989 595 τοῦ

335 638 548 712 Πατρὸς
579 637 667 690 καὶ
702 635 961 707 ἀνόμοιον
1013 631 1462 711 ὃογματίζοντες.
1521 631 1598 689 Οὐ
1646 633 1749 709 γὰρ
1786 632 1988 700 ἳσασιν,

336 728 410 788 ὡς
437 721 610 781 ἔοικεν
643 723 725 780 ὅτι
761 731 945 796 μεῖζον
971 724 1059 778 καὶ
1118 721 1342 777 ἔλαττον
1393 721 1480 776 ἐπὶ
1523 725 1630 777 τῶν
1678 718 1988 794 ὁμοουσίων

340 819 583 885 ζητεῖται
615 812 703 868 καὶ
755 813 1010 887 κρίνεται,
1067 811 1140 872 ὡς
1188 811 1472 884 ἄνθρωπος
1520 810 1808 882 ἀνθρώπου
1869 808 1992 879 μεί-

349 909 454 972 ζων
486 902 575 957 καὶ
609 902 738 974 βοῦς
771 901 902 977 βοὸς
932 899 1020 955 καὶ
1050 900 1237 973 ίηῖππος
1281 897 1481 968 ἵππου,
1526 898 1616 952 καὶ
1659 895 1990 968 ἁπαξαπλῶς

338 996 366 1049 ὁ
407 994 583 1049 κανὼν
646 999 744 1062 τῆς
815 991 1146 1066 σκγκρίσεως
1201 995 1320 1054 τοῖς
1374 989 1681 1064 ὁμογενέσιν
1740 987 1988 1062 ἁρμόζει.

333 1086 399 1142 '0
431 1083 614 1138 τοίνυν
664 1081 730 1136 τα
787 1085 885 1136 τοῦ
935 1083 1070 1136 Θεοῦ
1121 1077 1423 1154 τολμηρῶς
1482 1077 1990 1152 περιεργαζόμενος,

333 1173 424 1228 καὶ
471 1173 692 1245 μείζονα
724 1169 900 1244 λέγων
952 1173 1049 1224 τοῦ
1097 1169 1226 1224 Υἱοῦ
1277 1169 1370 1224 τὸν
1423 1167 1655 1242 Πατέρα,
1703 1168 1804 1234 τὴν
1857 1163 1992 1240 σύγ-

331 1281 510 1336 κρισιν
555 1261 629 1322 ὡς
692 1259 992 1331 ὁμοούσιον
1051 1259 1358 1333 προσίεται,
1407 1255 1503 1311 κᾶν
1566 1258 1642 1329 μὴ
1697 1253 1987 1331 βούληται·

333 1349 650 1423 ἒτεροοῦσια
732 1349 832 1424 γὰρ
884 1344 1161 1418 ἀλλήλοις
1207 1345 1584 1422 συγκρίνεσθαι
1636 1343 1697 1398 οὐ
1748 1341 1989 1411 δύναται,

332 1438 456 1496 οὔτε
515 1439 734 1514 λέγεται
799 1437 1000 1511 μείζων
1057 1439 1344 1511 ἀνθρωπος
1407 1435 1536 1509 βοὸς
1575 1435 1610 1504 ἤ
1647 1435 1844 1506 μείζων
1895 1431 1991 1487 ἄν-

334 1541 554 1603 θρωπος
612 1528 873 1600 καμήλου
932 1527 967 1597 ἢ
1040 1526 1238 1600 μείζων
1299 1525 1582 1600 ἄνθρωπος
1639 1522 1853 1599 ἴχθύος.
1909 1521 1992 1578 Τὰ

342 1618 522 1690 μέντοι
581 1639 641 1693 γε
694 1618 787 1672 τὸν
846 1617 1022 1672 ἑνικὸν
1079 1616 1312 1689 ἀριθμὸν
1377 1610 1764 1688 ὑπερϐαίνοντα
1820 1611 1872 1666 ἐν
1921 1616 1988 1686 τῇ

343 1708 460 1779 θείᾳ
493 1706 677 1784 Γραφῆ
717 1713 814 1774 τῆς
870 1711 978 1761 τῶν
1027 1705 1370 1760 ὖποστάσεων
1421 1701 1680 1777 διαφορᾶς
1725 1702 1826 1756 εἰσι
1883 1721 1992 1755 πα-

340 1797 654 1873 ραπατικᾶ,
686 1796 752 1850 τὰ
803 1795 860 1850 δὲ
907 1795 1100 1856 ἑνικῶς
1144 1793 1530 1870 ἐξενηνεγμένα
1575 1793 1676 1861 τῆς
1722 1789 1990 1860 ταυτότη-

336 1908 431 1948 τος
464 1893 564 1955 τῆς
597 1885 826 1958 φύσεως.
860 1885 940 1942 Τὰ
973 1885 1070 1957 μέν
1100 1885 1204 1959 γὰρ
1249 1882 1486 1957 εἷ’ρηται,
1531 1881 1627 1936 ’ἱνα
1679 1877 1983 1940 Σαϐέλλιος

336 1975 427 2031 καὶ
463 1973 718 2032 Ἰουδαῖοι
748 1973 1202 2048 ἒπιστομισθῶσι,
1249 1973 1316 2027 τὰ
1365 1970 1441 2039 δὲ,
1485 1969 1576 2026 ’ίνα
1628 1972 1844 2040 ἸΑρειος
1890 1968 1981 2024 καὶ

339 2062 612 2136 Εὐνόμιος
641 2063 728 2117 καὶ
762 2060 1033 2132 Ἓλληνες
1083 2059 1531 2132 στηλιτευθῶσιν.
1584 2061 1652 2116 Οἱ
1701 2061 1804 2136 γὰρ
1835 2056 1982 2113 πλα-

331 2153 580 2214 τύνοντες
617 2153 711 2226 μὲν
746 2151 822 2213 εἷς
852 2153 950 2220 τήν
1010 2149 1164 2225 ἁγίαν
1219 2147 1422 2224 Τριάδα
1466 2149 1557 2204 τὸν
1604 2155 1711 2203 τῶν
1771 2145 1984 2217 18:01:75-

337 2264 445 2297 των
479 2242 734 2317 ἀριθμὸν,
769 2241 1155 2303 συστέλλοντες
1185 2237 1241 2294 δὲ
1273 2239 1347 2300 εἰς
1383 2238 1508 2311 μίαν
1561 2237 1766 2308 οὐσίαν,
1822 2237 1985 2312 ὀρθό-

335 2353 469 2387 τατα
519 2329 913 2409 δογματίζουσι
963 2329 1050 2384 καὶ
1091 2335 1207 2390 ταῖς
1248 2332 1355 2382 τῶν
1411 2326 1673 2396 οόρανίων
1714 2330 1986 2400 χρησμῶν

339 2418 558 2476 ἕπονται
601 2417 1002 2488 διδασκαλίαις,
1040 2419 1180 2491 μήτε
1211 2416 1287 2480 εἷς
1316 2413 1609 2478 πολυθεΐαν
1645 2412 1734 2470 διὰ
1761 2416 1859 2483 τήν
1886 2420 1986 2482 τῆς

341 2511 550 2586 φύσεως
605 2507 867 2588 διαφορὰν
925 2507 1301 2574 ἐκπίπτοντες,
1361 2507 1500 2578 μήτε
1537 2505 1613 2565 εἰς
1672 2501 1990 2577 ίουδαϊσμὸν

339 2597 429 2654 διὰ
452 2601 552 2667 τήν
580 2603 681 2654 τοῦ
740 2598 854 2659 ένὸς
906 2595 1204 2671 προσώπου
1271 2595 1520 2648 σύστασιν
1566 2591 1988 2653 ὀλισθαίνοντες.

346 2692 470 2751 Πῶς
501 2687 557 2743 δὲ
585 2687 683 2742 οὐκ
740 2686 1041 2761 έμυθριῶσι
1105 2683 1360 2756 κτίσματι
1420 2686 1848 2758 προσκυνοῦντες
1904 2681 1990 2736 καὶ

339 2784 462 2839 ταῖς
493 2778 695 2832 ἑαυτῶν
732 2775 1041 2850 μαχόμενοι
1092 2775 1336 2848 ψήφοις
1392 2772 1848 2849 Ἀπαγορεύοντες
1887 2772 1993 2846 γὰρ

340 2868 404 2922 τὸ
441 2867 516 2939 μή
561 2869 630 2938 τῇ
684 2864 854 2920 κτίσει
911 2869 1230 2938 προσκυνεῖν
1299 2863 1373 2925 ὡς
1427 2860 1776 2932 Ἑλληνικὸν,
1837 2862 1991 2917 αὐτοὶ

334 2960 501 3010 τοῦτο
535 2952 766 3028 δρῶντες
800 2951 1022 3015 ἑαυτοὺς
1051 2950 1400 3015 λανθάνουσι.
1439 2952 1556 3025 Χρή
1591 2948 1647 3005 δὲ
1693 2951 1782 3004 καὶ
1831 2955 1993 3006 τοῦτο

344 3040 562 3110 εἰδέναι,
596 3042 669 3103 ὡς
701 3041 763 3096 οὖ
794 3042 860 3096 τὰ
892 3040 1024 3096 αὐτᾶ
1065 3039 1307 3113 ὀνόματα
1351 3039 1562 3102 πάντως
1605 3039 1691 3093 καὶ
1743 3039 1810 3094 τὰ
1862 3039 1994 3094 αὖτᾶ

344 3131 540 3204 μηνύει
599 3133 910 3206 πράγματα,
968 3128 1091 3184 οὔτε
1123 3132 1158 3198 ἡ
1205 3127 1497 3203 ὁμωνυμία
1546 3129 1887 3202 συνωνυμίαν
1935 3127 1994 3184 ἐκ

339 3221 544 3282 παντὸς
607 3221 814 3293 τρόπου
870 3218 1134 3294 ἐμφαίνει.
1199 3218 1318 3274 Ἐπὶ
1383 3218 1478 3290 μὲν
1538 3219 1641 3294 γὰρ
1711 3223 1808 3272 τοῦ
1864 3219 1992 3272 Υἱοῦ
2033 3206 2074 3272 C

336 3311 539 3385 κυρίως
586 3309 799 3384 λέγεται
842 3311 877 3378 ἡ
918 3309 1193 3382 γέννηρις,
1255 3307 1340 3362 ἐπὶ
1403 3304 1460 3361 δὲ
1516 3311 1624 3361 τῶν
1683 3308 1992 3379 κτισμάτων

334 3407 817 3477 καταχρηστικῶς,
905 3399 988 3454 ἐπ’
1089 3399 1298 3454 ἐκείνου
1379 3400 1473 3471 μὶν
1562 3405 1660 3467 τῆς
1735 3397 1997 3469 ἀληθείας

330 3491 510 3546 ’ἕνεκεν
540 3490 628 3545 καὶ
658 3497 759 3560 τῆς
801 3488 1261 3561 ὁμοουσιὸτητος,
1315 3487 1401 3544 ἐπὶ
1470 3486 1527 3543 δὲ
1573 3489 1780 3543 τούτων
1825 3495 1996 3558 τιμῆς

348 3583 510 3656 χάριν
543 3580 630 3635 καὶ
667 3579 960 3643 υἱοθεσίας.
1006 3576 1310 3648 Βουληθεὶς
1345 3578 1450 3654 γὰρ
1500 3575 1799 3647 ἀπεκύησεν
1849 3578 1997 3646 ἡμᾶς

353 3667 510 3744 λόγῳ
543 3667 817 3738 ἀληθείας.
855 3669 944 3736 Μὴ
993 3667 1174 3722 τοίνυν
1225 3669 1260 3734 ἡ
1313 3665 1608 3740 ὁμωνυμία
1652 3665 1749 3734 τήν
1807 3665 1998 3736 ὁμοτι-

1562 3405 1660 3467 τῆς

347 3760 473 3833 μίαν
524 3759 743 3814 ἐνταῦθα
798 3758 1047 3822 τικτέτω,
1099 3753 1239 3829 μηδὲ
1292 3755 1358 3810 τὰ
1413 3759 1867 3831 καταχρηστικῶς
1925 3753 1998 3808 εἲ-

343 3849 554 3926 ρημένα
609 3849 811 3924 κυρίως
873 3845 1142 3922 λεχθῆναι
1199 3845 1529 3918 νομιζέσθω,
1602 3843 1715 3899 ἐπεὶ
1767 3844 1858 3898 καὶ
1906 3845 1998 3899 τὸν

354 3939 524 4008 θυμὸν
553 3937 644 3990 καὶ
693 3939 793 4006 τήν
847 3937 1017 4010 ὀργὴν
1067 3935 1158 3990 καὶ
1205 3931 1385 3990 τᾶλλα
1439 3933 1609 3988 πάντα
1655 3934 1722 3987 τὰ
1768 3937 1836 4008 τῇ
1887 3932 2003 4004 θείᾳ

355 4030 430 4100 μή
475 4024 754 4101 πρέποντα
809 4024 962 4100 φύσει
1015 4027 1470 4100 καταχρηστικῶς
1535 4019 1854 4095 λελεγμένα,
1906 4021 2004 4076 οὒκ

351 4114 412 4171 ἄν
465 4137 550 4179 τις
594 4114 866 4189 εὐφρονῶν
928 4112 1128 4186 κυρίως
1179 4110 1480 4188 πεφράσθαι
1529 4112 1614 4184 [Ρ.
1661 4113 1787 4182 293]
1843 4109 2001 4188 φαίη.

357 4209 536 4279 Δῆλον
569 4208 670 4283 γάρ
698 4205 841 4262 ἐστιν
874 4205 958 4262 ὅτι
990 4205 1196 4278 ἑκάστῳ
1238 4205 1432 4281 χωρίῳ
1476 4203 1565 4260 καὶ
1617 4200 1813 4278 ἑκάστῃ
1864 4201 2002 4272 λέξει

350 4303 384 4370 ἡ
437 4301 794 4376 προσήκουσα
850 4297 940 4353 καὶ
991 4297 1306 4370 ἁρμόζουσα
1364 4292 1689 4373 διασάφησις
1729 4314 2006 4369 προσαγοο

351 4389 488 4462 μένη
525 4389 625 4457 τήν
655 4384 916 4452 ἀλήθειαν
949 4382 1155 4440 ὠδίνει.

2101 539 2254 592 Deus
2286 555 2356 593 ex
2389 544 2639 610 utraque
2667 549 2872 594 natura
2924 558 3081 596 unus
3132 545 3360 598 exstitit
3406 546 3588 602 Filius
3641 549 3744 604 Dei

2101 628 2274 688 Deus.
2308 635 2519 683 natura
2579 646 2777 683 rerum
2823 635 3154 685 creatarum
3205 635 3494 704 superior,
3549 637 3638 691 vel
3695 638 3743 692 si

2099 723 2453 788 rumpantur
2479 719 2579 788 qui
2601 721 2834 774 Patrem
2859 737 2990 774 cum
3015 721 3161 775 Filio
3183 723 3409 777 ratione
3433 726 3674 796 majoris
3687 732 3746 781 et

2099 807 2349 861 minoris
2379 816 2789 879 comparantes
2841 809 3084 864 diversa:
3135 812 3479 867 substantiae
3512 831 3546 869 a
3574 815 3742 871 Patre

2097 896 2310 950 Filium
2346 898 2517 968 eique
2548 898 2904 954 dissimilem
2953 904 3240 954 statuunt.
3293 903 3448 966 Quos
3498 909 3744 975 apparet

2099 1001 2218 1039 non
2261 986 2771 1054 animadvertisse,
2805 987 2963 1058 quod
2995 989 3188 1056 majus
3221 995 3279 1044 et
3299 990 3495 1044 minus
3515 996 3744 1047 tantum

2099 1074 2162 1128 in
2194 1074 2285 1128 his
2317 1082 2667 1145 quaeruntur
2698 1081 2756 1131 et
2779 1077 3128 1146 judicantur
3158 1095 3288 1148 quin
3313 1079 3580 1150 ejusdem
3603 1087 3748 1137 sunt

2099 1169 2352 1229 naturae,
2385 1171 2449 1220 ut
2480 1166 2658 1220 homo
2689 1167 2929 1222 homine
2960 1169 3152 1238 major
3182 1169 3443 1241 itemque
3469 1171 3610 1226 bove
3637 1172 3742 1226 hos

2100 1259 2157 1308 et
2184 1271 2371 1323 equus
2399 1271 2552 1324 equo
2579 1255 2824 1321 dicitur;
2858 1259 3220 1326 omninoque
3251 1258 3453 1330 regula
3481 1275 3550 1314 ea
3581 1277 3744 1314 com-

2098 1343 2348 1414 parandi
2374 1344 2431 1397 in
2460 1343 2532 1398 iis
2554 1343 2750 1398 locum
2777 1344 2956 1400 habet
2976 1362 3105 1414 qum
3129 1354 3266 1400 sunt
3288 1347 3558 1416 ejusdem
3572 1365 3746 1417 gene-

2098 1432 2315 1497 ris.Qui
2341 1449 2476 1504 ergo
2503 1433 2710 1488 audaci
2737 1434 3076 1490 curiositate
3099 1436 3280 1490 Deum
3311 1438 3543 1492 Patrem
3594 1438 3741 1493 Filio

2101 1524 2382 1594 majorem
2415 1524 2578 1591 dicit,
2614 1526 2664 1580 is
2694 1525 2914 1580 invitus
2947 1527 3122 1581 etiam
3157 1527 3425 1582 eamdem
3469 1535 3742 1585 naturam

2099 1613 2410 1684 utriusque
2441 1614 2719 1668 admittit.
2755 1617 2892 1680 Quae
2930 1617 3087 1670 enim
3115 1623 3325 1672 natura
3347 1618 3650 1687 differunt,
3681 1636 3750 1675 ea

2100 1704 2433 1774 comparari
2457 1719 2576 1757 non
2605 1710 2881 1774 possunt;
2901 1720 3094 1774 neque
3117 1705 3296 1761 homo
3323 1706 3489 1774 bove,
3519 1709 3746 1763 camelo

2101 1799 2201 1847 aut
2223 1793 2382 1863 pisce
2409 1793 2599 1864 major
2621 1793 2856 1848 dicitur.
2881 1794 3032 1850 Sane
3056 1811 3187 1865 qum
3220 1796 3277 1849 in
3301 1797 3486 1851 sacris
3511 1797 3744 1852 Litteris

2104 1844 2198 1847 ﬂ,
2225 1844 2376 1863 τη--
2410 1844 2588 1864 ηηση
2627 1844 2855 1848 “_-_-_--
2882 1844 3028 1850 π---
3061 1844 3183 1865 1----
3301 1844 3485 1851 --μη
3511 1844 3742 1852 ...πνυυ

2019 1844 2063 1906 Β
2094 1882 2165 1937 de
2193 1883 2309 1937 Deo
2333 1899 2510 1954 supra
2534 1883 2895 1955 singularem
2915 1879 3229 1938 numerum
3252 1884 3550 1952 dicuntur,
3577 1903 3644 1942 ea
3667 1886 3742 1941 ad

2093 1988 2484 2044 personarum
2509 1972 2855 2027 discrimina
2876 1973 3257 2028 monstranda
3273 1975 3524 2030 faciunt:
3544 1977 3743 2048 singu-

2092 2062 2203 2117 lari
2237 2079 2485 2116 numero
2518 2063 2693 2117 effata
2724 2063 3014 2118 unitatem
3043 2070 3268 2118 natura;
3291 2065 3523 2120 docent.
3549 2072 3740 2138 Atque

2094 2151 2195 2206 illa
2227 2153 2380 2208 512
2414 2151 2678 2222 quidem,
2712 2157 2777 2206 ut
2809 2152 3062 2207 Sabellio
3095 2159 3154 2207 et
3180 2154 3398 2210 iudicis
3431 2171 3534 2210 ora
3564 2157 3740 2211 obtu-

2095 2241 2212 2294 rari
2247 2247 2511 2311 possent,
2536 2241 2690 2296 dicta
2712 2248 2851 2296 sunt
2877 2259 2889 2308 ;
2918 2242 3066 2307 haec,
3091 2244 3370 2312 utArius,
3400 2247 3746 2316 Eunomius,

2097 2334 2156 2384 et
2175 2330 2356 2384 (ἓνωοί
2373 2336 2743 2387 notarentur.
2764 2332 2869 2395 Qui
2887 2347 3019 2386 vero
3039 2339 3301 2387 sanctam
3318 2334 3657 2389 Trinitatem
3684 2337 3746 2390 iu

2098 2437 2492 2492 personarum
2524 2421 2850 2476 ternarium
2903 2424 3250 2488 extendunt,
3300 2425 3382 2478 ita
3413 2431 3479 2478 ut
3527 2426 3634 2480 bas
3681 2427 3743 2480 in

2098 2525 2276 2564 unam
2303 2509 2688 2581 compingant
2711 2515 3007 2576 naturam,
3033 2511 3072 2564 ii
3097 2512 3431 2566 rectissime
3453 2514 3742 2582 sentiunt,

2100 2597 2547 2668 cmlestiumque
2561 2598 2973 2652 auctoritatem
2998 2599 3370 2655 oraculorum
3389 2607 3742 2672 sequuntur,

2101 2703 2168 2741 ac
2199 2703 2392 2757 neque
2435 2685 2510 2741 ad
2569 2687 3013 2742 multitudinem
3071 2687 3318 2743 deorum
3367 2690 3746 2746 statuendam

2102 2775 2437 2830 diversitate
2468 2781 2816 2831 naturarum
2861 2776 3116 2832 conficta
3163 2776 3500 2849 adiguntur,
3553 2796 3748 2850 neque

2100 2866 2281 2920 unius
2295 2882 2560 2936 personas
2586 2871 2922 2920 commento
2945 2866 3006 2920 in
3031 2865 3400 2922 Judaismum
3425 2868 3748 2939 prolabun.

2102 2962 2216 3011 tur.
2251 2957 2554 3022 Quomodo
2599 2962 2796 3012 autem
2847 2973 2966 3010 non
3041 2957 3400 3012 erubescunt
3463 2958 3750 3020 hwretici,

2104 3052 2432 3100 creaturam
2451 3046 2764 3100 adorantes
2778 3045 3011 3116 sibique
3027 3046 3172 3117 ipsis
3189 3045 3552 3118 refragantes
3565 3048 3593 3102 ‘I
3613 3065 3747 3102 cum

2104 3135 2262 3190 enim
2275 3140 2476 3190 vetunt
2489 3141 2816 3190 creaturam
2833 3135 3511 3190 adorare.t}rzecanicum
3529 3139 3748 3208 quippe

2105 3224 2216 3296 ipsi
2257 3223 2664 3294 imprudentes
2719 3223 2877 3278 idem
2938 3224 3337 3279 committunt.
3401 3225 3461 3280 ld
3513 3241 3748 3297 quoque

2108 3311 2412 3368 sciendum
2449 3320 2558 3378 est,
2581 3330 2698 3368 non
2721 3312 3182 3385 semperiisdem
3199 3314 3497 3369 vocabulis
3510 3315 3749 3370 easdem

2107 3418 2201 3456 res
2224 3402 2567 3472 signiﬁcari,
2591 3417 2785 3472 neque
2809 3403 3006 3457 statim
3036 3401 3242 3457 eodem
3269 3403 3444 3457 modo
3468 3404 3659 3459 natari
3684 3420 3755 3460 ea

2108 3507 2240 3560 qua)
2272 3491 2570 3545 communi
2603 3491 2887 3546 vocabulo
2919 3491 3281 3546 indicantur.
3315 3494 3458 3547 Nam
3514 3494 3752 3564 proprie

2110 3579 2328 3634 dicitur
2356 3579 2570 3634 Filium
2603 3597 2730 3634 esse
2758 3581 3023 3652 genitum
3050 3597 3062 3634 :
3098 3581 3168 3636 de
3201 3587 3474 3637 creatura
3497 3581 3758 3637 idemin-

2109 3667 2344 3738 proprie
2377 3667 2617 3722 dixeris.
2650 3667 2796 3722 Filio
2829 3669 2989 3723 enim
3023 3669 3306 3724 tribuitur
3343 3670 3453 3725 hoc
3491 3671 3753 3728 veritatis

2111 3772 2307 3816 causa.
2343 3761 2400 3810 et
2431 3757 2570 3826 quia
2629 3757 2894 3827 ejusdem
2945 3763 3034 3812 est
3087 3775 3220 3812 cum
3281 3760 3454 3813 Patre
3517 3766 3749 3814 naturas

2111 3848 2400 3904 creaturis
2434 3855 2631 3902 autem
2664 3847 2906 3903 honoris
2938 3855 2997 3903 et
3025 3849 3361 3919 adoptienis
3401 3851 3606 3922 gratia.
3643 3852 3757 3906 Sua

2113 3938 2274 3992 enim
2305 3937 2607 3992 voluntate
2640 3943 2835 3992 motus
2867 3938 3071 4009 genuit
3100 3954 3230 4006 nos,
3263 3938 3438 3992 verbo
3481 3939 3767 3993 veritatis.

2114 4033 2238 4085 Non
2271 4031 2450 4102 igitur
2469 4031 2730 4085 nominis
2753 4031 3149 4085 communitas
3176 4031 3272 4085 hic
3294 4031 3562 4086 eamdem
3581 4031 3770 4103 digni-

2115 4124 2296 4173 tatem
2320 4119 2619 4189 utrimque
2640 4119 2981 4174 afferreaut
3003 4119 3158 4190 quod
3188 4119 3511 4190 improprie
3527 4119 3766 4190 dicitur,

2115 4207 2353 4279 proprie
2383 4211 2734 4279 usurpatum
2769 4212 3028 4279 putetur,
3063 4207 3300 4278 quando
3332 4207 3770 4263 excandescen-

2115 4297 2257 4352 tiam
2294 4297 2470 4352 etiam
2505 4306 2563 4350 et
2591 4297 2739 4352 iram
2774 4302 2834 4352 et
2861 4297 2978 4351 alia
3008 4297 3220 4350 divinae
3251 4302 3478 4352 naturas
3538 4314 3766 4368 nequa-

2120 4404 2296 4458 quam
2325 4388 2736 4443 convenientia
2756 4404 2931 4442 nemo
2957 4404 3135 4442 sanus
3156 4389 3272 4442 Deo
3295 4388 3533 4459 proprie
3546 4389 3763 4445 ascribi

344 4478 636 4542 censebit,
669 4493 805 4532 cum
832 4475 1022 4530 abusu
1052 4474 1469 4531 vocabulorum
1502 4474 1556 4528 ei
1589 4473 1985 4530 ascribantur.
2025 4477 2265 4532 Constat
2311 4477 2471 4531 enim
2511 4477 2665 4532 513
2715 4476 2898 4532 cuivis
2929 4476 3058 4531 loeo
3107 4481 3165 4531 et
3212 4476 3497 4532 vocabulo
3546 4494 3770 4533 conve-

346 4569 613 4624 nientem
646 4570 704 4620 et
734 4563 1130 4635 quadrantem
1163 4561 1714 4634 interpretationem
1742 4561 2070 4618 adhibitam
2101 4565 2405 4620 veritatem
2447 4565 2762 4635 parturire.

420 4653 739 4710 Εἷπάτωσαν
773 4649 830 4707 δέ
859 4671 923 4724 γε
951 4649 1040 4704 καὶ
1073 4649 1124 4704 οἳ
1156 4649 1234 4711 εἷς
1259 4651 1322 4704 τὸ
1353 4650 1508 4726 ἅγιον
1555 4650 1773 4722 Πνεῦμα
1833 4647 2005 4724 βλασ-
2033 4655 2080 4719 D

348 4746 664 4820 φημοῦντες
696 4743 784 4796 καὶ
835 4748 935 4810 τῆς
993 4739 1134 4805 θείας
1191 4738 1380 4801 οὐσίας
1447 4737 1577 4792 αὐτὸ
1643 4737 2000 4813 χωρίζοντες,

351 4837 471 4893 πῶς
504 4832 533 4886 ὁ
573 4830 703 4891 Θεὸς
763 4832 854 4885 καὶ
911 4831 1111 4904 Σωτὴρ
1166 4831 1327 4901 ἡμῶν
1385 4826 1802 4901 ένανθρωπήσας
1860 4849 2003 4901 παρ-

354 4918 525 4976 έδωκε
575 4917 1045 4992 συμπληρωτικὸν
1107 4918 1244 4971 εἶναι
1300 4924 1402 4986 τῆς
1453 4917 1613 4990 ἁγίας
1658 4913 1886 4990 Τριάδος
1945 4914 2006 4971 τὰ

351 5010 618 5084 πανάγιον
679 5008 921 5079 Πνεῦμα,
975 5006 1064 5060 καὶ
1125 5005 1179 5060 έν
1245 5009 1313 5079 τῇ
1371 5004 1657 5074 ἒπικλήσει
1709 5009 1806 5059 τοῦ
1863 5005 2006 5060 θείου

360 5095 738 5175 βαπτῖσματος
771 5097 862 5153 σὺν
899 5096 1068 5172 Πατρὶ
1099 5096 1189 5151 καὶ
1239 5097 1348 5168 Υἱῷ
1406 5096 1482 5156 ὡς
1531 5092 1848 5169 ἐλευθεροῦν
1895 5101 2006 5151 τῶν

354 5193 770 5266 ἁμαρτημάτων
827 5189 956 5252 τοὺς
1043 5189 1364 5263 ἀνθρώπους
1422 5184 1847 5260 ἀριθμούμενον.
1903 5188 2006 5245 Καὶ

352 5280 441 5336 ἐπὶ
472 5286 572 5349 τῆς
608 5285 877 5352 μυστικῆς
908 5276 1182 5352 τραπέζης
1228 5277 1289 5331 τὸ
1337 5279 1495 5348 σῶμα
1545 5271 1714 5329 ίδικὸν
1763 5281 1864 5344 τῆς
1909 5281 2006 5332 τοῦ

356 5375 483 5428 Υἱοῦ
523 5372 852 5447 σαρκώσεως
912 5372 1236 5447 ἀποφαῖνον,
1295 5372 1413 5429 πῶς
1464 5364 1523 5421 ἄν
1573 5363 1656 5435 εἴη
1699 5368 1929 5437 ποιητὸν
1968 5369 2003 5440 ἢ

358 5462 574 5517 κτιστὸν
607 5463 644 5531 ἢ
678 5468 779 5530 τῆς
809 5457 1073 5528 δουλικῆς
1105 5460 1339 5538 φύσεως,
1365 5455 1491 5511 ἀλλ’
1544 5455 1609 5510 οὗ
1658 5462 1759 5523 τῆς
1811 5453 2004 5513 δεσπο-

347 5558 506 5621 τικῆς
534 5553 626 5607 καὶ
664 5547 1011 5624 δημιουργοῦ
1052 5548 1143 5603 καὶ
1199 5543 1481 5622 βασιλίδος
1530 5544 1713 5608 οὐσίας
1760 5547 2009 5622 συγγενὶς

347 5641 438 5698 καὶ
472 5639 773 5715 ὁμοούσιον
804 5637 868 5695 τὸ
898 5636 1053 5714 ἅγιον
1084 5636 1345 5712 Πνεῦμας
1376 5633 1442 5694 Εἰ
1479 5634 1583 5714 γὰρ
1637 5631 1869 5710 δοῦλον,
1926 5637 2004 5712 μὴ

2182 4655 2307 4708 Jam
2341 4654 2438 4725 qui
2469 4654 2540 4708 de
2573 4660 2775 4709 sancto
2800 4653 3019 4725 Spiritu
3046 4654 3224 4726 impie
3249 4654 3582 4726 loquuntur
3601 4671 3769 4710 eum-

2115 4758 2229 4814 que
2260 4742 2457 4797 divina
2489 4748 2700 4799 natura
2731 4744 3149 4810 exterminant,
3184 4745 3590 4816 respondeant
3616 4760 3772 4813 quo-

2122 4832 2296 4886 modo
2328 4833 2600 4886 Servator
2630 4837 2833 4887 noster
2883 4834 3037 4888 Deus
3089 4833 3149 4888 in
3202 4834 3464 4890 humano
3521 4848 3770 4902 corpore

2118 4920 2439 4974 obversans
2471 4927 2739 4976 sanctum
2775 4921 2943 4976 illum
2977 4922 3256 4993 Spiritum
3309 4920 3562 4975 voluerit
3605 4936 3770 4975 com-

2119 5010 2487 5081 plementum
2521 5027 2650 5065 esse
2682 5011 3005 5078 Trinitatis,
3039 5017 3214 5080 atque
3250 5011 3307 5063 in
3337 5008 3630 5080 baptismo
3650 5025 3772 5062 una

2119 5117 2250 5154 cum
2286 5101 2456 5154 Patre
2487 5105 2546 5153 et
2595 5099 2761 5160 Filio,
2812 5105 2878 5155 ut
2925 5099 3023 5170 qui
3079 5099 3353 5154 homines
3411 5114 3445 5152 a
3507 5098 3772 5170 peccatis

2119 5189 2352 5249 liberet.
2386 5188 2686 5242 numerari
2719 5194 2897 5259 atque
2946 5189 3226 5243 invocari.
3281 5189 3349 5240 Et
3407 5187 3466 5241 in
3515 5187 3774 5257 mystica

2117 5295 2302 5345 caena,
2338 5294 2472 5333 cum
2505 5277 2756 5349 Spiritus
2776 5282 3017 5334 sanctus
3044 5293 3256 5348 corpus
3279 5275 3574 5330 incarnati
3601 5276 3774 5330 Verbi

2117 5367 2344 5422 dicrtur
2370 5366 2684 5432 formasse,
2718 5367 3015 5437 quomodo
3047 5366 3234 5437 possit
3263 5366 3453 5420 factus
3489 5381 3620 5420 esse
3668 5369 3773 5420 aut

2119 5462 2373 5523 creatus,
2409 5461 2511 5510 aut
2540 5455 2770 5511 servilis
2801 5455 3180 5524 conditionis,
3211 5471 3327 5510 non
3370 5454 3773 5527 imperatricis

2115 5552 2366 5612 naturae,
2401 5561 2532 5616 quze
2563 5561 2770 5601 omnes
2810 5561 2904 5601 res
2935 5545 3118 5600 efficit
3147 5551 3325 5617 atque
3347 5545 3609 5617 guberna
3663 5544 3690 5600 ?
3711 5545 3770 5600 Si

2119 5637 2281 5698 enim
2302 5635 2504 5698 Servili
2527 5640 2618 5695 est
2642 5639 2948 5708 s'tatu,non
2973 5634 3154 5696 debet
3170 5635 3551 5696 annumerari
3573 5633 3770 5695 Domi-
