4194 6198
451 300 570 361 539

441 527 611 583 Certe
631 532 832 581 autem
859 522 1063 577 unitus
1077 520 1129 574 ei
1154 524 1245 573 est
1266 515 1839 582 etannumeratur,si
1856 516 2098 587 quidem

442 619 671 670 rectum
706 616 797 666 est
826 609 1060 665 Christo
1101 607 1312 662 harum
1372 603 1819 660 accuratissimo
1867 603 2096 659 doctori

446 701 626 757 fidem
656 697 964 764 adhibere,
998 695 1249 750 lirmiter
1270 700 1328 749 et
1353 699 1694 748 constanter
1713 692 1974 749 divinam
1997 710 2091 750 na.

440 794 635 843 turam
651 784 953 842 enarranti
966 783 1237 840 .Tametsi
1256 783 1510 855 Spiritus
1526 783 1967 855 impugnatores
1982 781 2095 837 sibi

444 893 514 932 eo
537 875 931 948 sapientiores
966 873 1257 937 videntur,
1280 887 1600 942 rerumque
1624 870 1737 926 sibi
1764 871 2094 928 caelestium

443 966 730 1037 majorem
765 980 942 1035 quam
976 962 1038 1017 in
1072 963 1188 1016 Deo
1221 961 1298 1016 sit
1346 961 1743 1033 cognitionem
1794 965 2092 1032 arrogant,

442 1054 567 1110 sive
597 1070 670 1110 ea
697 1052 896 1125 potius
930 1051 1249 1107 temeraria
1277 1055 1367 1105 est
1409 1055 1469 1105 et
1516 1048 1698 1121 impia
1749 1049 2089 1120 garrulitas.

441 1149 659 1216 Quodsi
689 1148 976 1205 Danielus
1006 1146 1216 1220 angelo
1248 1150 1565 1217 conspecto
1583 1144 2092 1217 pulchritudinem

442 1239 573 1311 ejus
605 1243 664 1294 et
693 1236 1166 1310 magnitudinem
1198 1235 1447 1290 miratus
1487 1249 1711 1305 pronus
1764 1233 1824 1288 in
1877 1233 2091 1291 faciem

439 1326 773 1401 procubuit.
809 1325 1097 1381 attonitus
1123 1323 1405 1379 inusitato
1432 1322 2090 1395 spectaculo,quidnam

439 1415 841 1472 excusationis
854 1415 1130 1475 aﬂ‘erent,
1151 1413 1254 1485 qui
1277 1412 1561 1468 audacter
1579 1428 1640 1466 se
1670 1413 1744 1466 Pa
1754 1411 1897 1469 tri.F
1900 1412 2004 1467 ilio
2022 1428 2091 1467 ac

438 1503 684 1576 Spiritui
716 1508 920 1559 sancto
952 1502 1249 1574 ingerunt,
1279 1499 1762 1570 inefl‘abilemque
1812 1504 2090 1555 naturam

436 1593 631 1649 verbis
649 1592 939 1647 trutinare
954 1596 1130 1662 atque
1147 1589 1444 1663 explicare
1458 1588 1785 1644 conantur?
1798 1589 2087 1645 Craterum

438 1698 621 1737 sacrae
656 1680 885 1739 Litteras
919 1680 1202 1751 temporis
1235 1684 1561 1750 expertem,
1591 1685 1902 1745 aeternum,
1933 1678 2090 1734 514

1810 290 2134 351 GEORGII
2177 289 2515 352 CEDBENI

441 450 559 492 no:
593 435 642 491 si
673 438 965 495 creatura,
1019 447 1140 486 non
1198 428 1377 484 debet
1416 442 1551 482 cum
1600 426 1874 481 Creatore
1932 424 2070 496 poni

2210 425 2643 500 συναριθμείσθω
2698 432 2778 502 τῷ
2833 430 3039 506 Κυρίῳο
3095 427 3141 484 εἰ
3206 425 3445 496 κτιστὸν,

3740 285 3859 349 560

3545 449 3580 497 η
3640 445 3861 501 συναρι-

2213 512 2452 585 θμείσθω
2526 520 2607 588 τῷ
2695 517 2912 594 κτίστῃ·
3000 515 3212 586 ἥνωται
3295 514 3400 588 γὰρ
3483 513 3575 570 καὶ
3634 514 3859 589 συνηρι-

2213 612 2441 676 θμηται,
2472 602 2662 676 ἐπειδὴ
2691 610 2773 679 τῷ
2801 600 3018 681 ἀκριϐεῖ
3045 610 3156 661 τῶν
3203 603 3467 660 τοιούτων
3516 601 3856 680 δογματιστῇ

2208 691 2425 767 Χριστῷ
2475 694 2751 759 πείθεσθαι
2806 697 3095 772 προσήκει,
3159 687 3394 768 βεϐαίως
3450 693 3540 748 καὶ
3598 690 3858 771 ἀσφαλῶς

2205 782 2273 837 τὰ
2303 781 2555 858 περὶτῆς
2596 783 2798 847 οἰκείας
2849 784 3033 846 οὐσίας
3096 779 3435 852 διδέσκοντι,
3490 781 3536 838 εί
3591 781 3681 836 καὶ
3737 789 3855 844 τοίς

2205 873 2690 949 πνευματομὰχοις
2720 871 2891 943 δοκεῖ,
2933 873 3277 951 σοςρωτέρους
3331 871 3463 927 εἶναι
3508 870 3599 927 καὶ
3643 870 3710 925 τὰ
3760 868 3852 925 0'5-

2207 961 2365 1035 ράνια
2394 964 2563 1018 πλέον
2594 960 2792 1018 εἰδέναι
2820 960 2955 1019 Θεοῦ
2984 961 3366 1034 κομπάζοντας
3395 961 3431 1030 ἢ
3468 958 3679 1033 μᾶλλον
3714 958 3852 1015 τολ-

2209 1055 2402 1125 μηρῶς
2453 1071 2515 1106 τε
2566 1051 2657 1107 καὶ
2713 1046 2988 1117 δυσσεϐῶς
3071 1050 3489 1125 ῥητορεύοντας.
3554 1048 3613 1104 Εἰ
3667 1048 3760 1104 οὖν
3819 1049 3848 1104 6

2206 1144 2349 1203 θεῖος
2383 1137 2586 1207 Δανιὴλ
2645 1139 2871 1215 ἃγγελον
2928 1138 3257 1211 θεασάμενος
3323 1138 3414 1191 καὶ
3468 1140 3749 1210 θαυμάσας
3786 1137 3848 1192 τὸ

2201 1225 2410 1292 καλλος
2448 1226 2538 1283 καὶ
2566 1228 2630 1283 τὸ
2662 1230 2888 1303 μέγεθος
2922 1230 3022 1282 τοῦ
3066 1226 3319 1303 ὀφθέντος
3372 1227 3584 1302 πρηνὴς
3639 1219 3844 1294 ἔπεσεν,

2202 1315 2491 1392 ἐκπλαγεὲς
2522 1315 2658 1391 πρὸς
2689 1317 2751 1371 τὸ
2791 1313 3093 1391 παράδοξον
3138 1321 3241 1385 τῆς
3290 1324 3433 1381 θεας,
3486 1314 3645 1370 ποίαν
3688 1311 3848 1384 ’ἐξου-

2202 1427 2284 1462 σιν
2316 1406 2625 1482 ἀπολογίαν
2657 1407 2708 1462 οἳ
2740 1405 2908 1481 Πατρὶ
2939 1406 3030 1461 καὶ
3083 1406 3191 1478 Υἱῷ
3240 1406 3331 1460 καί
3380 1404 3518 1481 ἁγίῳ
3573 1404 3845 1478 Πνεόματι

2204 1497 2497 1570 μεσιτεόειν
2524 1495 2846 1569 τολμῶντες
2869 1495 2960 1552 καὶ
3002 1496 3103 1565 τήν
3165 1493 3403 1572 ἃῤῥητον
3447 1494 3602 1569 φύσιν
3654 1493 3847 1569 λόγοις

2200 1594 2546 1662 ζυγοστατεῖν
2592 1587 2996 1666 ἐπιχειροῦντες
3050 1588 3139 1643 καὶ
3190 1586 3689 1668 φυσιολογοῦντεςς
3737 1589 3848 1655 Τήν

2195 1677 2378 1734 τοίνυν
2409 1676 2647 1758 ἄχρονον
2676 1682 2764 1735 καί
2797 1676 2969 1734 ἀίδιον
3000 1677 3090 1734 καὶ
3120 1677 3469 1749 ίιμεσίτευτον
3510 1677 3595 1732 καὶ
3648 1678 3847 1740 παντὸς

437 1771 607 1827 nullo
636 1769 830 1826 medio
848 1768 1266 1839 interceptum,
1290 1766 1573 1837 omnique
1596 1768 1825 1821 ratione
1848 1765 2077 1821 etintel-

2200 1763 2368 1842 λόγου
2400 1765 2609 1822 καὶνοῦ
2656 1768 2940 1842 κρείττονα
2986 1763 3222 1841 πρόοδον
3271 1769 3368 1821 τοῦ
3421 1766 3549 1821 ι’ἱοῦ
3596 1766 3702 1822 ἀπὸ
3749 1769 3848 1822 τοῦ

436 1860 597 1916 lectu
626 1864 995 1931 superiorem
1029 1856 1159 1912 Filii
1189 1873 1224 1912 a
1252 1857 1425 1911 Patre
1450 1870 1827 1927 progressum
1858 1855 2086 1926 genitu-

437 1964 564 2004 ram
596 1953 825 2015 vocant,
858 1963 979 2003 non
1000 1949 1067 2001 ut
1082 1944 1360 2002 accidens
1381 1942 1620 2015 aliquod
1641 1942 2085 2016 designent.sed

438 2045 505 2093 ut
531 2037 825 2092 unitatem
854 2041 1082 2090 naturas
1113 2032 1469 2104 exprimant.
1503 2033 1725 2088 Revera
1762 2031 1921 2086 enim
1951 2048 2083 2103 quas

435 2126 759 2200 gignuntur
787 2130 846 2179 et
871 2140 1003 2195 quas
1031 2124 1300 2195 gignunt,
1334 2121 1604 2194 ejusdem
1634 2127 1775 2175 sunt
1820 2121 1978 2176 inter
2020 2138 2083 2176 se

436 2223 685 2273 naturas.
701 2218 783 2271 Ac
799 2221 950 2270 netu
972 2213 1251 2271 accidens
1277 2210 2084 2283 aliquodimagineris,Filius

435 2304 694 2361 Verbum
717 2319 824 2361 seu
845 2303 994 2359 ratio
1017 2302 1266 2370 dicitur;
1291 2318 1366 2357 ne
1390 2303 1559 2357 Patre
1580 2302 1970 2373 posteriorem
1983 2317 2088 2373 pu-

435 2401 617 2464 tares,
648 2395 937 2467 scriptum
967 2400 1098 2450 est:
1135 2415 1164 2443 «
1196 2395 1262 2449 In
1278 2392 1571 2465 principio
1599 2397 1721 2448 erat
1748 2392 2023 2448 Verbum.
2052 2412 2082 2442 »

439 2484 693 2541 Additur
719 2489 1027 2557 respectus
1059 2482 1134 2538 ad
1164 2484 1399 2539 Patrem
1425 2497 1440 2536 :
1476 2503 1503 2532 ιι
1534 2482 1605 2536 Et
1653 2481 1908 2537 Verbum
1957 2486 2086 2537 erat

432 2573 592 2646 apud
614 2575 818 2629 Deum.
850 2594 879 2623 ››
902 2571 1227 2644 Snbjicitur
1248 2571 1538 2641 dignitas:
1572 2570 1643 2625 Et
1674 2570 1926 2626 Verbum
1958 2575 2085 2626 erat

430 2663 587 2719 Deus
615 2683 645 2713 ››
664 2660 1021 2717 Vocabulum
1038 2660 1169 2716 Filii
1184 2658 2080 2728 consubstantialitatem;Verbi,

433 2753 784 2809 vacuitatem
804 2751 1254 2824 perpessionum
1281 2766 1295 2815 ;
1320 2750 1381 2804 in
1402 2750 1694 2821 principio
1708 2750 2083 2814 fuisse,wter~

434 2841 685 2896 nitatem
715 2856 851 2896 cum
886 2843 1050 2893 Patre
1081 2838 1134 2893 ei
1166 2852 1585 2904 communem;
1644 2837 1801 2909 apud
1848 2839 2082 2893 Patrem

434 2929 638 2994 fuisse,
663 2927 1203 2991 necessitudinem;
1228 2927 1411 2982 Deum
1431 2925 1935 2998 esse,dignitatem
1953 2929 2083 2996 ejus

434 3018 680 3075 indicat.
713 3017 938 3083 Quibus
968 3015 1381 3082 consideratis,
1399 3031 1467 3071 ac
1488 3015 1561 3071 de
1592 3015 1840 3089 singulis
1864 3031 1930 3071 ea
1949 3032 2080 3086 quas

433 3123 555 3163 non
572 3107 1138 3176 conveniuntneque
1155 3104 1892 3171 decentan;olientes,utde
1906 3105 2075 3173 Filio,

431 3196 848 3269 posteriorem,
883 3195 955 3250 de
989 3192 1196 3256 Verbo,
1224 3193 1464 3265 prOpria
1486 3193 1816 3248 substantia
1846 3209 2076 3263 carens,

438 3287 521 3341 ita
550 3284 788 3357 quidem
821 3284 1035 3340 Filium
1067 3289 1355 3337 aaternum
1387 3283 1573 3337 Deum
1623 3280 1891 3353 ejusdem
1942 3298 2077 3337 cum

2199 1857 2408 1931 Ηατρὸς
2436 1858 2687 1931 γέννησιν
2738 1853 2998 1912 καλοῦσιν
3048 1854 3106 1910 αἱ
3154 1855 3359 1933 Γραφαῖ
3396 1853 3505 1933 οὐχ
3539 1849 3630 1908 ’ίνα
3673 1855 3848 1917 πάθος

2200 1944 2614 2022 ὑπογράψωσιν,
2674 1943 2801 2001 ἀλλ’
2854 1942 2947 1999 ’ίνα
3001 1942 3064 1999 τὸ
3115 1943 3410 2017 ὁμοούσιον
3468 1940 3843 2014 ὑποδείξωσιν·

2197 2032 2468 2106 ὁμοοόσια
2496 2033 2596 2110 γὰρ
2626 2038 2707 2107 τῷ
2763 2031 2880 2089 ὄντι
2927 2034 2996 2089 τὰ
3040 2032 3332 2107 τικτόμενα
3388 2037 3504 2095 τοῖς
3542 2033 3842 2093 τίκτουσιν.

2194 2122 2313 2179 Ἵνα
2369 2120 2427 2178 δὲ
2487 2124 2564 2196 μὴ
2623 2122 2914 2200 φαντασίαν
2976 2122 3186 2186 πάθους
3262 2120 3584 2197 έπικομίσῃ,
3664 2122 3841 2197 Λόγον

2196 2210 2713 2287 προσαγορεύουσιν.
2744 2212 2855 2268 Ἵνα
2898 2211 2976 2285 μὴ
3024 2211 3285 2286 νεώτερος
3343 2209 3630 2284 έπινοηθῂ,
3679 2235 3704 2263 ο
3750 2214 3844 2269 Ἐν

2195 2300 2346 2376 ἀρχῇ
2376 2300 2444 2370 ἦν
2486 2302 2514 2356 6
2546 2299 2739 2377 Λόγος,
2761 2323 2789 2353 »ι
2822 2299 2998 2378 φασίν.
3034 2300 3168 2357 Εἶτα
3196 2301 3287 2355 καὶ
3315 2301 3416 2369 τήν
3448 2299 3584 2376 πρὸς
3613 2299 3707 2355 τὸν
3729 2305 3845 2356 Πα-

2195 2388 2324 2461 τέρα
2351 2388 2540 2468 σχέσιν
2569 2388 2950 2465 κηρόττοντες,
2981 2413 3010 2441 ‹‹
3047 2390 3149 2446 Καὶ
3183 2389 3212 2444 6
3243 2388 3416 2464 Λόγος
3443 2387 3511 2457 ἦν
3571 2388 3708 2464 πρὸς
3749 2389 3845 2445 τὸν

2197 2478 2349 2536 Θεόν.
2386 2502 2414 2530 »
2450 2479 2579 2534 Ιιῒτα
2597 2478 2690 2533 καὶ
2719 2479 2818 2547 τήν
2847 2476 3021 2548 ἀξίαν,
3055 2503 3082 2531 ι(
3122 2478 3216 2533 Καὶ
3251 2478 3380 2539 Θεὸς
3408 2479 3474 2546 ἦν
3504 2477 3532 2532 6
3577 2476 3777 2555 Λόγος.
3811 2502 3842 2532 ››

2196 2567 2290 2625 Ἐκ
2325 2568 2420 2640 μὲν
2451 2570 2546 2622 τοὺ⁹
2576 2567 2704 2622 Υἱοῦ
2731 2567 2795 2622 τὸ
2824 2568 3146 2639 όμοούσιον,
3199 2565 3260 2622 ἐκ
3305 2563 3363 2622 δὲ
3409 2570 3508 2622 τοῦ
3555 2566 3732 2642 Λόγου
3779 2565 3847 2621 τὸ

2194 2656 2416 2723 ἀπαθὲς,
2457 2657 2549 2712 καὶ
2579 2657 2638 2712 ἐκ
2671 2656 2764 2727 μὶν
2815 2660 2912 2711 τοῦ
2969 2654 3020 2711 έν
3064 2657 3213 2733 ἀρχῇ
3263 2657 3399 2712 εἶναι
3442 2655 3505 2711 τὸ
3547 2653 3845 2726 ωναῖδιον,

2193 2743 2256 2801 ἐκ
2284 2742 2341 2801 δὲ
2368 2750 2465 2800 τοῦ
2495 2745 2630 2819 πρὸς
2655 2745 2747 2799 τὸν
2799 2744 3007 2818 Πατέρα
3051 2745 3180 2800 ε’ναι
3218 2746 3318 2814 τήν
3371 2746 3506 2821 πρὸς
3557 2744 3717 2801 αὐτὸν
3757 2745 3845 2799 ol-

2194 2835 2471 2906 κειότητα,
2502 2831 2593 2889 διὰ
2633 2831 2689 2888 δὲ
2717 2837 2813 2889 τοῦ
2844 2834 2974 2888 Θεὸν
3006 2835 3139 2890 ε’ναι
3169 2835 3269 2901 τὴν
3302 2834 3451 2905 ἀξίαν
3484 2834 3656 2890 αὐτοῦ
3672 2853 3845 2889 κατα-

2197 2924 2591 2996 μαθόντες,καὶ
2635 2923 2686 2993 ἐξ
2736 2923 2963 2978 ἑκάστου
3012 2923 3281 2985 ὀνόματος
3330 2923 3393 2979 τὸ
3436 2924 3512 2997 μή
3565 2922 3844 2997 ἐφορμοῠν

2193 3012 2281 3067 καὶ
2314 3012 2548 3086 ἀπρεπὲς
2582 3012 3066 3086 ἀποπεμψάμενοι,
3098 3012 3209 3067 οἷον
3251 3012 3357 3067 ἀπὸ
3415 3012 3511 3084 μὲν
3561 3016 3658 3067 τοῦ
3710 3014 3843 3067 Υἱοῦ

2190 3100 2254 3155 τὸ
2283 3102 2566 3175 νεώτερον,
2600 3100 2705 3156 ἀπὸ
2747 3098 2804 3156 δὲ
2832 3106 2931 3155 τοῦ
2962 3101 3142 3178 Λόγου
3175 3101 3237 3155 τὸ
3265 3100 3657 3165 ἀνυπόστατον,
3705 3102 3837 3157 Θεὸν

2189 3188 2383 3257 ἀΐδιον,
2417 3189 2712 3263 ὁμοούσιον
2750 3190 2839 3246 καὶ
2873 3192 3066 3267 ἀγαθὸν
3100 3192 3187 3245 καὶ
3219 3189 3471 3267 ἆχρόνως
3505 3189 3565 3245 ἐκ
3592 3194 3689 3246 τοῦ
3725 3197 3837 3246 Πα-

2186 3281 2312 3350 τρός
2342 3278 2679 3354 προελθόντα
2708 3277 2981 3352 εἰδείημεν
3014 3301 3073 3335 τε
3101 3280 3191 3335 καὶ
3224 3281 3721 3355 προσκυνήσωμεν.

428 3376 601 3430 Patre
632 3373 1003 3441 substantias,
1034 3371 1278 3439 bonum,
1304 3378 1363 3425 et
1390 3370 1491 3442 qui
1525 3376 1692 3427 extra
1723 3376 1956 3442 tempus
1986 3387 2021 3427 a
2052 3372 2221 3427 Patre
2252 3387 2593 3444 progressus
2624 3372 2717 3433 sit,
2751 3386 3142 3443 agnoscamus
3173 3388 3240 3428 ac
3265 3371 3704 3427 venerabimur.

502 3464 732 3517 Mortuo
764 3460 1094 3516 Antiochiae
1125 3459 1401 3530 episcopo
1433 3458 1809 3514 sanctissimo
1874 3462 2079 3514 l-lusta-

428 3549 555 3605 thio
592 3549 907 3604 Flavianus
938 3563 1186 3620 magnus
1209 3547 1582 3619 subrogatur.
1608 3547 1683 3601 Iis
1712 3548 2077 3619 temporibus

428 3636 917 3694 Messalianorum
954 3634 1199 3691 han-esis
1248 3635 1489 3690 initium
1547 3635 1804 3702 habuit,
1860 3637 1961 3708 qui
2019 3642 2076 3691 et

425 3726 688 3782 Euchitaa
710 3742 745 3781 a
768 3725 1063 3798 precibus.
1093 3729 1150 3779 et
1174 3724 1246 3779 ab
1276 3723 1560 3780 instinctu
1580 3725 1845 3780 numinis
1859 3727 2076 3781 Euthu-

424 3815 641 3885 siastaa,
668 3831 738 3871 ac
788 3823 1076 3887 praeterea
1132 3813 1495 3885 Lampetiani
1552 3819 1728 3884 atque
1789 3815 2073 3887 Bogomili

424 3905 838 3961 nominantur.
869 3901 1176 3975 Principes
1211 3910 1385 3958 sectae
1434 3902 1676 3958 fuerunt
1725 3902 2069 3974 Adelphius,

425 3994 645 4062 Dadoa,
675 3992 827 4049 Saba
856 3999 914 4047 et
942 3993 1203 4048 Simeon.
1264 3992 1342 4046 De
1388 3991 1499 4046 hac
1554 3998 1717 4046 secta
1761 3992 2072 4047 Flavianus

423 4085 643 4140 multos
675 4084 826 4139 515
862 4082 1183 4137 monachos
1216 4080 1619 4152 congregavit;
1651 4096 1906 4152 cumque
1937 4081 1976 4135 ii
2010 4097 2072 4137 se

423 4173 484 4228 in
508 4191 576 4229 ea
598 4189 727 4229 esse
753 4171 961 4227 haeresi
996 4177 1303 4239 negarent,
1326 4171 1405 4225 ita
1428 4187 1528 4224 eos
1550 4170 1832 4242 coarguit.
1862 4172 2073 4236 Quem-

422 4262 559 4317 dam
589 4261 786 4333 magni
820 4260 1156 4330 interipsos
1186 4258 1447 4313 nominis
1475 4274 1679 4313 senem
1702 4261 1951 4314 seorsim
1974 4261 2071 4315 ab-

431 4351 667 4405 :luctum
694 4355 886 4405 astute
919 4349 1004 4404 sic
1042 4347 1420 4417 compellavit
1453 4363 1464 4401 :
1496 4348 1633 4414 Nos,
1667 4364 1699 4402 ο
1732 4363 1934 4415 senex,
1967 4350 2067 4421 qui

421 4440 647 4496 diutius
708 4439 980 4499 viximus.
1065 4438 1400 4493 accuratius
1486 4438 1666 4493 etiam
1744 4438 2065 4495 humanam

2259 3460 2339 3532 [P.
2374 3460 2500 3532 294]
2542 3458 2692 3516 Μετὰ
2741 3458 2966 3521 θάνατον
3031 3458 3327 3522 Ηύσταθίου
3380 3461 3477 3513 τοῦ
3526 3459 3837 3535 ἀγιωτάτου

2185 3545 2483 3603 ἐπισκόπου
2542 3546 2880 3627 Ἀντιοχείας
2937 3540 3251 3610 Φλαειανὸς
3302 3548 3330 3602 6
3382 3546 3553 3622 μέγας
3598 3566 3837 3624 προγει-

2184 3636 2406 3711 ρίζετκι.
2466 3635 2692 3699 Τούτοις
2743 3641 2860 3697 τοῖς
2939 3637 3163 3712 χρόνοις
3218 3634 3420 3712 ανεφόη
3479 3635 3570 3691 καὶ
3629 3638 3665 3705 ἡ
3721 3641 3834 3691 τῶν

2184 3726 2545 3780 Μαααλιανῶν
2577 3722 2781 3799 α’ίρεσις
2831 3723 2930 3779 εἴτ’
2983 3725 3077 3779 οὗν
3138 3726 3394 3800 Εὐχιτῶν
3454 3724 3544 3779 καὶ
3603 3726 3830 3789 Ἑνθουυ

2184 3816 2414 3868 σιαστῶν
2445 3812 2534 3867 καὶ
2568 3816 2963 3887 Λαμπετιανῶν
2993 3813 3077 3867 κατ
3135 3811 3467 3889 Βογομίλων
3516 3811 3827 3885 (πολυώνυο

2184 3923 2285 3975 μος
2318 3903 2419 3977 γάρ
2451 3903 2589 3957 ἑστιν
2618 3903 2777 3976 αὕτη)
2836 3902 2943 3958 ἀπὸ
2997 3900 3285 3980 Ἀδελφιοῦ
3343 3901 3432 3957 καὶ
3491 3899 3684 3971 Δαδώη
3734 3902 3829 3957 καὶ

2180 3986 2329 4047 Σαϐα
2369 3993 2457 4047 καὶ
2518 3996 2808 4071 Συμεῶνος
2864 3997 2973 4049 τῶν
3034 3993 3402 4070 αἱρεσιαρχῶν
3483 3994 3607 4069 Ἀφ’
3664 3993 3739 4047 ὧν
3798 3993 3826 4046 ὸ

2183 4083 2350 4158 μέγας
2407 4075 2717 4144 Φλαόιανὸς
2801 4079 3075 4157 μοναχοῦς
3141 4080 3495 4151 συναθροίσας
3554 4079 3824 4150 πολλοὺς,

2178 4170 2267 4224 καὶ
2328 4171 2428 4237 τήν
2482 4168 2683 4245 αἳρεσιν
2756 4168 3173 4244 ἐξαρνουμένους
3245 4167 3402 4226 τόνδε
3476 4171 3567 4225 τὸν
3623 4171 3825 4245 τρόπον

2180 4254 2481 4333 διήλεγξεν.
2516 4259 2823 4330 Ἐπίσημον
2864 4259 2968 4337 γάρ
3020 4281 3142 4316 τινα
3186 4266 3313 4333 παρ’
3358 4260 3543 4321 αὐτοῖς
3593 4259 3826 4335 γέροντα

2178 4342 2513 4417 παραλαϐὼν
2541 4350 2657 4402 κατ’
2696 4344 2832 4402 ’δίαν
2864 4345 2963 4425 ἔφη
3016 4349 3151 4421 πρὸς
3197 4348 3357 4403 αὐτὸν
3403 4349 3538 4422 μετᾶ
3583 4367 3826 4420 πανουρ-

2797 4437 2823 4453 ν

2176 4435 2321 4509 γίας·
2354 4435 2544 4508 Ἡμεῖς
2607 4437 2723 4509 μὲν.
2785 4437 2830 4492 ὧ
2881 4431 3175 4511 πρεσϐῦτα,
3239 4438 3331 4492 τὸν
3386 4436 3563 4492 πλείω
3621 4431 3824 4512 βεϐιω-

419 4528 800 4601 cognovimus
832 4534 1131 4593 naturam,
1156 4534 1214 4581 et
1232 4527 1703 4582 adversariorum
1729 4527 2063 4585 dwmonum

2190 4522 2330 4584 ιότες
2379 4524 2495 4598 βίον
2549 4520 2928 4598 ἀκριϐέστερον
2989 4526 3081 4579 καὶ
3136 4526 3237 4594 τὴν
3295 4526 3632 4597 ἀνθρωπείαν
3686 4523 3823 4596 ἐμάς

422 4617 730 4676 machinas
764 4615 1048 4688 prmclare
1074 4615 1473 4688 comperimus
1501 4633 1514 4671 :
1549 4621 1670 4670 tum
1703 4618 2069 4688 experientia

419 4706 737 4763 didicimus
759 4705 1009 4778 gratiam
1039 4703 1291 4777 Spiritus
1315 4703 1699 4777 suppeditari.
1730 4706 1827 4760 Isti
1865 4713 2065 4763 autem

416 4796 825 4853 adolescentes
856 4794 1004 4850 nihil
1038 4795 1248 4849 horum
1279 4794 1534 4865 perfecte
1558 4793 1843 4849 habentes
1865 4799 2059 4870 cogni-

416 4891 541 4941 tum
596 4885 772 4958 paulo
832 4883 1266 4956 spiritualiores
1324 4898 1629 4938 sermones
1680 4884 1886 4939 audire
1944 4903 2065 4942 non

415 4974 733 5031 suSiinent.
761 4973 1031 5029 Edissere
1052 4988 1189 5045 ergo
1211 4971 1379 5033 mihi.
1410 4971 1708 5042 quomodo
1742 4972 1939 5029 dicitis
1960 4976 2067 5030 ad-

412 5080 644 5120 versum
660 5062 929 5135 spiritum
945 5061 1155 5117 vesti-is
1168 5060 1439 5132 precibus
1451 5066 1628 5131 atque
1644 5062 2062 5121 exercitatione

411 5151 633 5224 depelli
667 5151 978 5221 sanctique
1012 5150 1263 5223 Spiritus
1295 5148 1541 5215 gratiam
1577 5147 1917 5207 introduci?
1964 5154 2063 5209 His

411 5250 605 5305 verbis
638 5266 817 5305 senex
845 5249 1154 5303 demulsus
1184 5246 1481 5303 occultum
1512 5263 1581 5302 ac
1602 5247 1817 5304 animis
1846 5248 2059 5310 lethale

409 5353 702 5393 venenum
735 5352 911 5393 omne
947 5335 1209 5392 evomuit
1236 5334 2059 5411 Nullam,inquit,abaptismo

408 5424 727 5481 utilitatem
762 5440 1080 5481 censemus
1121 5421 1376 5479 conferri
1405 5438 1419 5476 :
1453 5423 1637 5479 solam
1674 5425 1888 5484 seriam
1920 5448 2057 5502 pre-

411 5513 706 5569 cationem
740 5513 931 5569 facere
955 5512 1029 5569 ad
1051 5512 1382 5568 dsemonem
1410 5512 1512 5582 qui
1543 5513 1602 5568 in
1630 5512 1870 5573 homine
1895 5519 2056 5576 inha-

404 5600 834 5691 bitatejusque
861 5600 1209 5657 substantia:
1258 5598 1463 5688 unitus
1508 5608 1616 5669 est,
1669 5602 2052 5679 abigendnm.

2176 4614 2340 4686 θομεν
2375 4614 2531 4687 φύσιν
2576 4614 2666 4668 καὶ
2706 4615 2773 4668 τα
2800 4618 2905 4669 τῶν
2954 4614 3269 4670 ἀντιπάλων
3321 4611 3598 4687 δαιμόνων
3649 4608 3823 4692 ἔγνω·-

2176 4722 2271 4774 μεν
2306 4704 2362 4757 εὖ
2424 4702 2573 4775 μάλα
2633 4706 3034 4780 μηχανήματα,
3094 4704 3254 4781 πείρᾳ
3314 4702 3370 4760 δὲ
3424 4704 3514 4760 καὶ
3564 4706 3666 4771 τὴν
3718 4711 3824 4772 τῆς

2176 4790 2404 4865 χάριτος
2436 4789 2803 4868 ἐδιδάχθημεν
2837 4793 3126 4872 χορηγίαν.
3172 4792 3339 4848 hinc:
3389 4791 3447 4849 δὶ
3493 4792 3602 4848 νέοι
3647 4791 3823 4861 ὄντες,

2172 4889 2263 4946 καὶ
2318 4890 2525 4945 τούτων
2583 4886 2826 4965 ἀκριϐῶς
2885 4889 3039 4946 οὐδεν
3090 4889 3464 4967 ἐπιστάμενοι,
3521 4910 3821 4964 πνευματιο

2171 4977 2424 5052 κωτέιεων
2458 4978 2640 5054 λόγων
2680 4982 2902 5036 ἀκοῦσαι
2959 4978 3023 5036 οὗ
3081 4980 3354 5056 ςαέρουσιν.
3413 4980 3645 5048 Οὔκουν,
3703 4974 3824 5034 εἶπέ

2175 5090 2292 5143 μοι,
2324 5074 2443 5131 πῶς
2496 5090 2627 5147 φατε
2681 5070 2771 5126 καὶ
2835 5070 2898 5126 τὸ
2946 5070 3183 5126 ἐναντίον
3238 5072 3451 5144 πνεῦμα
3509 5070 3825 5148 ὑποχωρεῖν

2170 5158 2260 5213 καὶ
2316 5162 2414 5213 τοῦ
2468 5157 2732 5233 παναγίου
2790 5159 3102 5232 Ηνεόματος
3159 5160 3261 5227 τήν
3313 5162 3476 5236 χάριν
3534 5156 3819 5235 ἐπιφοιτᾷν

2171 5245 2259 5302 διὰ
2297 5252 2395 5315 τῆς
2463 5247 2723 5322 ὑμετέρας
2766 5247 2935 5325 εὐχῆς
2992 5249 3078 5304 κατ
3140 5246 3579 5318 immisisse)“
3638 5246 3703 5303 Ὀ
3761 5241 3823 5300 δὲ

2164 5348 2284 5407 τοῖς
2336 5341 2530 5418 λόγοις
2589 5344 2803 5409 τούτοις
2846 5343 3246 5422 καταθελχθεὶς
3294 5343 3548 5417 ἐξήμεσεν
3606 5340 3819 5398 ἅπαντα

2164 5432 2256 5487 τὸν
2314 5432 2693 5507 κεκρυμμένον
2743 5434 2823 5490 ίὸν
2878 5434 2971 5491 καὶ
3027 5433 3406 5511 ψυχοφθόρον,
3479 5431 3568 5489 καί
3627 5447 3816 5510 φησιν·

2164 5517 2436 5592 Οὐδεμίαν
2482 5521 2579 5594 μὶν
2624 5521 2684 5578 ἐκ
2740 5526 2837 5578 τοῦ
2898 5523 3275 5599 βαπτίσματος
3332 5520 3485 5595 ἴσμεν
3544 5519 3813 5596 ὠφέλειαν

2161 5614 2278 5671 τοῖς
2308 5608 3000 5691 ὀξιουμένοιςέγγίνεαθαι,
3028 5613 3214 5691 ,μόνην
3267 5610 3326 5671 δὲ
3362 5612 3470 5687 ,τῂν
3521 5605 3819 5687 σπουδαίαν
