4194 6198
321 402 449 465 561
1479 406 2021 469 HIS'I‘ORIARUM
2067 407 2610 475 COMPENDIUM.
3632 418 3761 479 582

330 534 506 616 εὒχῆν
555 535 647 590 τὸν
708 534 916 591 ἑνοικον
971 537 1063 592 καὶ
1120 539 1557 614 συνουσιωμὲνον
1614 537 1844 606 δαίμονα
1902 537 1951 610 ἐξ

2096 543 2324 598 Etenim
2347 544 2538 616 quivis
2563 546 2740 601 homo
2772 562 2805 601 a
2848 547 3225 618 progenitore
3256 554 3325 603 ut
3344 554 3639 620 naturam,
3674 551 3755 608 ita

326 627 602 685 ελαῦνειν.
663 626 857 683 Ἐλκει
914 628 1018 705 γὰρ
1075 623 1300 684 ’ἑκαστον
1357 634 1468 685 τῶν
1534 631 1872 701 τικτομένων
1932 628 1954 684 ὲ

2096 636 2155 685 et
2172 631 2512 690 daemonum
2532 635 2874 690 servitutem
2893 635 3075 692 trahit
3098 654 3112 704 ;
3137 636 3353 708 quibus
3376 636 3749 697 dmmonibus

333 720 435 772 τοῦ
465 715 815 791 προπάτορος
846 714 1028 787 ὥσπερ
1067 722 1167 786 τήν
1216 718 1396 797 φύσιν,
1445 717 1589 773 οὕτω
1643 715 1711 786 δὴ
1752 717 1840 773 καὶ
1889 718 1954 785 τή

2094 722 2279 791 proba
2310 725 2647 794 precatione
2682 723 3031 797 profligatis,
3068 731 3191 781 tum
3226 733 3467 783 sanctus
3526 727 3751 801 ingruit

329 810 440 861 τῶν
470 803 751 878 δαιμονων
801 802 1075 873 δουλεῖαν,
1117 807 1190 861 ὧν
1243 807 1346 863 ὑπὸ
1392 815 1492 876 τῆς
1553 804 1849 870 σπουδαίας
1900 806 1954 860 εὖ

2094 808 2364 879 Spiritus,
2401 812 2483 868 ita
2513 813 2753 883 quidem
2788 820 2854 869 ut
2883 819 2941 867 et
2969 812 3150 868 videri
3185 814 3285 870 ille
3305 821 3363 870 et
3385 815 3590 870 sentiri
3618 830 3752 886 pos-

331 902 440 971 χῆ;
473 893 853 967 ἐλαυνομένων
914 895 1167 976 ἐπιφοιτᾷ
1212 894 1410 952 λοπὸν
1455 919 1518 952 το
1572 898 1721 971 ἅγιον
1772 900 1989 969 Πνεῦμα

331 986 543 1057 ὁρατῶς
605 985 695 1039 καὶ
753 983 1048 1055 αἰσθητῶς,
1116 986 1206 1040 καὶ
1263 988 1364 1055 την
1431 986 1630 1041 οἶιεῖαν
1692 986 1985 1058 πορουσῗαν

2090 899 2168 953 sit
2192 900 2336 955 Nam
2368 904 2853 960 manifestissime
2883 905 3203 960 adventum
3238 921 3411 960 suum
3446 904 3747 968 indicans,

2089 1004 2305 1060 corpus
2334 1000 2492 1047 motu
2516 994 2615 1063 qui
2641 994 2715 1049 ab
2735 994 2922 1049 animi
2942 993 3488 1066 parturbationibus
3512 993 3746 1065 profici-
3822 990 3833 999 “

323 1076 679 1152 φανερώτατα
711 1080 1004 1145 σημαῖνον,
1061 1072 1125 1131 τὸ
1186 1075 1282 1148 μὲν
1344 1080 1502 1147 σῶμα
1552 1081 1652 1143 τῆς
1713 1074 1954 1146 ἐμποθοῦ

2089 1077 2275 1133 scitur
2306 1097 2548 1150 prorsus
2580 1080 2812 1148 liberat,
2835 1083 3049 1138 animai
3070 1088 3269 1137 autem
3283 1089 3652 1138 momentum
3669 1082 3745 1139 ad

322 1163 599 1233 κινήσεως
632 1160 1342 1238 ἐλευθεροῦταιπαντελῶς,
1374 1167 1408 1235 ἡ
1443 1161 1501 1220 δὲ
1548 1166 1703 1241 ψυχή
1750 1173 1849 1232 τῆς
1896 1163 1954 1219 ἐπ

2090 1166 2385 1224 deteriora
2406 1186 2581 1225 omne
2602 1172 2809 1225 eximit
2850 1176 2913 1225 ut
2938 1188 3112 1243 porro
3134 1170 3569 1242 nequeJejunio
3592 1187 3745 1242 opus

319 1253 387 1308 τὰ
453 1252 627 1327 χείρω
684 1253 863 1327 ῥοπῆς
910 1252 1097 1308 τὲλεον
1162 1251 1592 1325 ἀπαλλάττεται,
1651 1253 1726 1315 ὡς
1787 1252 1954 1328 μηκέτ

2090 1256 2168 1311 sit
2199 1272 2315 1326 quo
2347 1274 2557 1328 corpus
2590 1260 2919 1331 subigatur,
2953 1276 3148 1331 neque
3179 1260 3452 1316 doctrina
3481 1260 3742 1315 animam

319 1337 528 1395 δεῖσθαι
583 1338 782 1396 λοιπον
842 1342 982 1413 μήτε
1039 1343 1291 1411 νηστείας
1348 1342 1646 1413 πιεζο·3σης
1704 1342 1767 1397 τὸ
1825 1346 1954 1416 σῶμ

2086 1344 2360 1400 frenante
2392 1354 2775 1419 mentemque
2807 1348 2880 1405 ab
2913 1349 3075 1404 omni
3110 1349 3269 1405 mala
3294 1348 3529 1404 actione
3559 1363 3627 1404 ac
3648 1364 3742 1404 co-

320 1430 468 1504 μήτε
520 1424 880 1494 διδασκαλίας
936 1428 1279 1506 χαλινοόσης
1335 1432 1436 1499 τήν
1493 1432 1682 1511 ψυχὴν
1739 1453 1825 1486 και
1888 1431 1951 1486 τὸ

2087 1435 2372 1505 gitatione
2404 1436 2735 1493 inhibente.
2766 1439 2968 1508 Neque
3002 1454 3138 1494 vero
3194 1438 3350 1496 516
3400 1436 3577 1494 homo
3607 1436 3737 1493 ani-

315 1522 445 1573 νοῦν
509 1518 619 1574 ἀπὸ
675 1518 852 1587 πάσης
913 1517 1186 1596 ἐνεργείας
1269 1525 1512 1593 πονηρᾶς
1600 1521 1686 1575 καὶ
1746 1519 1948 1592 ἆνθυμή

2086 1523 2166 1577 mi
2202 1524 2374 1579 modo
2407 1530 2467 1580 et
2495 1527 2760 1598 corporis
2786 1527 3032 1582 solvitur
3056 1527 3418 1599 turpissimis
3431 1526 3737 1583 aﬂ‘ectibus

326 1629 485 1672 σεως.
518 1607 596 1666 Οὐ
629 1607 799 1683 μόνον
829 1605 887 1664 δὲ
910 1612 1021 1665 τῶν
1061 1615 1162 1677 τῆς
1218 1612 1405 1685 ψυχῆς
1443 1610 1532 1665 καὶ
1581 1615 1680 1667 τοῦ
1729 1610 1951 1682 σώματο

2083 1618 2261 1684 atque
2293 1614 2645 1684 petulantia,
2680 1615 2782 1670 sed
2815 1622 2872 1670 et
2895 1615 3094 1671 futura
3113 1615 3425 1687 perspicue
3446 1614 3736 1688 praadicit,

325 1697 354 1752 ὁ
385 1701 636 1762 τοιοῦτος
663 1697 1063 1754 ἀπαλλάττεται
1096 1698 1394 1774 αἰσχίστων
1444 1700 1629 1755 παθῶν
1680 1699 1772 1755 καὶ
1826 1720 1947 1775 σκνρ

2086 1704 2708 1759 sanctamTrinitatem
2734 1704 2924 1760 oculis
2956 1706 3079 1761 suis
3112 1705 3328 1775 cernit,
3360 1721 3557 1761 rerum
3592 1704 3739 1761 divi-

322 1808 391 1856 τη
404 1788 612 1862 μάτων,
643 1784 792 1842 ἄλλα
819 1787 912 1841 καὶ
946 1787 1013 1843 τὰ
1046 1785 1322 1860 μέλλοντα
1354 1792 1539 1867 σαφῶς
1564 1785 1831 1866 προλέγει
1888 1810 1954 1844 κα

2085 1808 2298 1846 narum
2331 1793 2669 1861 cognitione
2701 1800 2759 1849 et
2780 1810 3084 1849 sacrorum
3107 1794 3526 1865 mysterierum
3553 1793 3741 1850 dona-

318 1879 424 1948 τήν
456 1876 615 1953 ἁγίαν
669 1873 872 1948 Γριᾶδα
921 1875 1365 1952 ὀφθαλμοφανῶς
1420 1883 1616 1953 θεωρεῖ
1654 1878 1743 1933 καί
1786 1878 1947 1943 θεολο

2085 1885 2198 1934 tur.
2215 1880 2526 1936 Flavianus
2546 1898 2683 1938 vero
2706 1898 2839 1937 cum
2864 1881 2975 1938 hoc
2992 1889 3165 1955 pacto
3185 1881 3539 1938 diabolicam
3560 1882 3738 1938 istam

319 1966 445 2042 γίας
485 1966 577 2022 καὶ
627 1966 784 2022 θείων
849 1966 1162 2040 μυστηρίων
1222 1968 1484 2038 ἀξιοῦται.
1545 1967 1734 2030 Οὕτως
1767 1969 1795 2022 ὁ
1827 1974 1954 2032 θεῖος

2083 1969 2339 2025 haeresin
2370 1969 2642 2039 eruisset,
2670 1971 2753 2028 ita
2787 1978 2875 2028 est
2903 1972 3327 2044 impiissimum
3353 1988 3558 2028 senem
3590 1971 3736 2027 allo-

315 2050 628 2121 Φλαϐιανὸς
681 2057 784 2125 τήν
842 2052 1184 2131 δαιμονιώδη
1258 2054 1463 2125 α’ίρεσιν
1544 2056 1801 2131 ἀνορύξας
1864 2053 1954 2135 ἔφη

2082 2065 2291 2114 cutus:
2324 2059 2600 2116 Confecte
2632 2060 2808 2117 malis
2829 2060 3060 2125 diebus.
3087 2061 3283 2135 arguit
3313 2068 3369 2118 te
3396 2059 3734 2134 impurissi-

308 2146 449 2221 πρὸς
485 2145 577 2200 τὸν
613 2139 1035 2201 δυσσεϐέστατον
1089 2146 1338 2222 γέροντα⁶
1396 2143 1825 2220 Πεπαλαιωμένε
1872 2166 1954 2202 κα-

2081 2165 2242 2205 mum
2261 2166 2326 2204 os
2352 2155 2539 2211 tuum.
2568 2167 2690 2207 non
2717 2168 2818 2224 sgo
2842 2151 2872 2207 τί
2894 2152 3423 2224 testimoniumque
3448 2151 3732 2209 adversus

309 2239 421 2290 κῶν
453 2238 703 2311 ἡμερῶν,
763 2232 964 2313 ἤλεγξὲ
1002 2256 1061 2291 σε
1115 2236 1179 2291 τὸ
1236 2237 1328 2292 σὸν
1383 2236 1724 2312 μιαρώτατον
1768 2237 1954 2310 στόμα,

2079 2243 2136 2293 te
2169 2239 2435 2295 tulerunt
2464 2241 2695 2312 perdita
2726 2249 2826 2298 tua
2856 2249 2915 2298 et
2957 2243 3268 2299 immunda
3320 2243 3495 2299 labia.
3545 2244 3728 2300 Porro

309 2327 398 2381 καὶ
435 2324 541 2380 οὐκ
567 2323 696 2399 ἐγὼ,
743 2325 836 2380 καὶ
889 2325 957 2380 τὰ
998 2324 1064 2380 σὲ
1112 2321 1498 2405 δεφθαρμὲνα,
1554 2325 1642 2381 καὶ
1693 2326 1954 2399 ἀκάθαρτα

2076 2326 2371 2383 diabolica
2387 2328 2491 2385 illa
2503 2330 2713 2385 haeresi
2727 2330 2960 2387 detecta
2982 2331 3353 2402 scelestoque
3368 2348 3626 2394 errore,e
3624 2332 3727 2403 jus

310 2412 477 2490 χείλη
542 2414 1023 2490 καταμαρτυοοῦσί
1082 2435 1198 2470 σου.
1288 2414 1700 2491 Φανερωθείσης
1756 2412 1813 2471 δε
1864 2420 1954 2482 τῆς

2077 2416 2444 2489 professores
2456 2418 2624 2489 Syria
2645 2420 2871 2491 expulsi
2890 2421 2949 2475 in
2965 2419 3373 2492 Pamphyliam
3390 2420 3724 2485 abiverunt,

315 2510 612 2573 σατανιχῆς
636 2504 727 2560 καὶ
788 2500 1060 2579 βδελυρᾶς
1117 2503 1333 2575 ἀπάτης
1377 2505 1468 2559 καὶ
1517 2504 1773 2579 αἱρέσεως
1829 2504 1954 2560 ταύ-

2077 2523 2327 2578 eamque
2358 2507 2455 2562 lue
2488 2507 2602 2563 ista
2630 2508 3047 2580 impleverunt,
3080 2526 3212 2580 quas
3244 2525 3402 2564 nunc
3436 2507 3724 2580 majorem

308 2614 437 2665 της,
467 2599 569 2664 τῆς
604 2592 702 2666 μὶν
735 2591 934 2666 Συρίας
963 2592 1326 2664 ἐξηλάθησαν,
1357 2591 1435 2655 είς
1484 2590 1542 2648 δὲ
1577 2594 1678 2663 τὴν
1733 2597 1954 2672 Παμφυ-

2074 2612 2313 2669 quoque
2346 2595 2683 2653 Occidentis
2712 2604 2942 2670 partem
2973 2599 3303 2672 occupavit.

311 2680 438 2739 λίαν
472 2683 831 2761 ἀνεχώρησαν
858 2682 948 2738 καὶ
979 2681 1181 2754 ταῦτην
1207 2688 1308 2751 τῆς
1368 2677 1558 2753 Αώϐης
1608 2680 1960 2759 ἐπλήρωσαν,

305 2774 394 2827 νῦν
424 2768 483 2827 δὲ
513 2768 712 2846 σχεδὸν
746 2771 914 2827 εἰπεῖν
942 2772 1033 2826 καὶ
1062 2773 1163 2841 τὴν
1196 2770 1425 2827 πλείονα
1457 2769 1626 2827 δύσιν·

375 2861 460 2934 [Ρ.
494 2861 622 2935 295]
654 2863 749 2933 Τῷ
789 2861 873 2915 κα⁹
918 2858 1024 2916 ἔτει
1078 2866 1179 2931 τῆς
1229 2861 1511 2937 βασιλείας
1558 2865 1657 2917 τοῦ
1717 2860 1959 2937 μεγάλου

308 2947 720 3005 Κωνσταντίνου
777 2944 1141 3005 διαϐάλλουσι
1230 2954 1502 3026 Σαπώρην
1579 2951 1672 3007 τὸν
1730 2951 1960 3028 βασιλέα

310 3040 532 3109 Περσῶν
573 3038 709 3094 κατᾶ
766 3043 1136 3113 Χριστιανῶν,
1180 3038 1271 3094 καὶ
1327 3039 1528 3118 γίνεται
1584 3037 1833 3117 διωγμὸς
1883 3045 1958 3106 ὠς

306 3126 536 3188 πλείους
563 3131 672 3183 τῶν
724 3125 1001 3183 δεκαοκτὼ
1058 3125 1331 3203 χιλιάδων
1395 3128 1485 3184 ὑπ’
1533 3128 1695 3185 αὐτοῦ
1742 3131 1957 3208 ἀναιρε-

305 3217 484 3286 θῆννι.
517 3217 580 3273 Ἢ
613 3214 671 3272 δὲ
709 3214 859 3272 αίτία
903 3224 1006 3286 τῆς
1060 3212 1362 3280 διαλύσεως
1422 3224 1524 3287 τῆς
1574 3220 1768 3294 μεταξὺ
1817 3222 1956 3278 Ῥω-

2136 2865 2375 2921 Annum
2405 2865 2755 2922 vicesimum
2788 2866 3047 2939 primum
3078 2867 3411 2940 imperante
3432 2869 3720 2924 Constan-

2068 2953 2217 3023 tino,
2249 2955 2498 3027 Sapores
2518 2957 2834 3012 Persarum
2852 2973 2977 3023 rex,
2995 2956 3311 3013 calumniis
3329 2963 3539 3015 contra
3561 2957 3722 3014 Chri-

2069 3043 2291 3100 stianos
2322 3052 2727 3117 exasperatus,
2756 3046 3018 3119 gravitur
3041 3062 3144 3102 eos
3169 3052 3519 3119 persecutus
3541 3052 3718 3121 est,et

2066 3150 2246 3205 supra
2280 3135 2345 3189 18
2376 3134 2565 3191 millia
2595 3151 2798 3190 eorum
2823 3135 3139 3192 interfecit.
3163 3136 3351 3193 Causa
3369 3137 3714 3209 pacisinter

2064 3223 2361 3279 Romanos
2381 3230 2441 3279 et
2460 3225 2668 3279 Persas
2694 3230 2883 3296 rupta:
2896 3224 3023 3280 haec
3038 3224 3178 3281 fuit:
3197 3225 3562 3282 Metrodorus
3574 3225 3709 3298 qui-

304 3273 482 3381 μαίων
539 3306 632 3362 καὶ
692 3311 910 3379 Περσῶν
961 3273 1269 3385 γενομένης
1337 3273 1585 3382 έιρτςᾷᾗέ
1637 3273 1827 3388 γέγονε
1882 3310 1954 3369 δι’

2068 3311 2205 3367 dam
2219 3314 2398 3368 Persa
2420 3313 2529 3368 sub
2551 3273 2839 3385 prastequ
2858 3314 3316 3387 philosophandi
3333 3314 3393 3370 in
3406 3273 3633 3371 Indiam
3649 3331 3711 3371 se

297 3395 478 3451 αἰτίαν
507 3396 789 3468 τοιαύτην·
837 3393 1211 3469 Μητρόδωρός
1257 3419 1341 3461 τις
1398 3401 1735 3475 Περσογενής
1784 3423 1953 3477 προσο

296 3484 670 3557 ποιησάμενος
726 3483 1047 3562 ιριλοσοφεῖν
1093 3485 1338 3556 ἀπῆλθεν
1371 3484 1425 3542 ἐν
1475 3484 1639 3560 Ἰνδίᾳ
1688 3491 1779 3545 καὶ
1826 3491 1957 3556 τοὺς

296 3574 654 3650 Βραχμᾶνας,
689 3574 781 3629 καὶ
831 3574 1187 3650 χρησάμενος
1229 3573 1515 3650 ἐγκρατείᾳ
1560 3577 1750 3647 πολλῇ
1791 3579 1954 3655 γέγο-

300 3684 383 3718 νεν
417 3664 602 3725 αὐτοῖς
655 3657 913 3726 σεϐαστός
1006 3664 1303 3740 Είργαζετο
1362 3662 1421 3719 8t
1469 3661 1814 3741 ὑδρομσῧλους
1862 3670 1954 3725 καὶ

306 3749 528 3826 λοετρὰ,
582 3754 748 3828 μέχρι
804 3751 930 3808 τότε
993 3753 1070 3825 μή
1128 3753 1504 3829 γνωριζόμενα
1560 3758 1690 3832 παρ’
1744 3756 1952 3822 αὐτοῖς.

304 3838 479 3904 Οὗτος
513 3842 566 3897 ἐν
594 3847 712 3903 τοῖς
740 3839 960 3904 ἀδύτοις
1005 3842 1081 3904 ὡς
1135 3837 1361 3910 εὐσεϐὴς
1407 3842 1592 3899 είσιὼν
1642 3843 1829 3909 λίθοῦς
1870 3869 1953 3904 τι-

302 3930 464 4005 μίους
491 3933 581 3987 καὶ
618 3930 962 4009 μαργαρίτας
1011 3929 1258 3994 πολλοὺς
1312 3932 1587 4012 ὑφείλετο.
1643 3932 1850 3993 Ἕλαόε
1898 3936 1955 3994 δὲ

299 4020 389 4076 καῖ
425 4022 570 4096 παρᾶ
599 4026 697 4076 τοῦ
730 4019 1002 4095 βασιλὲως
1031 4024 1138 4076 τῶν
1172 4017 1382 4092 Ἰνδῶν,
1421 4018 1564 4078 ὥστε
1605 4028 1684 4097 τῷ
1736 4023 1957 4100 βασιλεῖ

300 4106 453 4183 δῶρα
508 4110 760 4185 κομίσαιο
855 4109 946 4165 καὶ
1030 4107 1341 4166 ἐπανελθὼν
1396 4110 1473 4175 εἷς
1529 4112 1593 4167 τὸ
1661 4115 1954 4185 Βυζάντιον

302 4193 506 4253 δέδωκε
535 4202 702 4254 ταῦτα
757 4198 832 4261 ὡς
896 4195 1006 4253 ἴδια
1056 4202 1139 4271 τῷ
1197 4197 1437 4272 βασιλεῖ.
1495 4200 1839 4274 Θαυμάζοντι
1897 4201 1956 4260 δὲ

300 4283 451 4357 αὖτῷ
475 4281 577 4363 ἔφη
611 4285 701 4341 καὶ
725 4283 871 4342 ἃλλα
928 4281 1020 4341 διὰ
1073 4292 1178 4362 γῆς
1235 4285 1411 4361 προπέ
1440 4290 1581 4363 nbat,
1626 4286 1757 4345 ἀλλ’
1794 4292 1953 4372 aeu.

298 4380 519 4450 ρεθῆναι
552 4374 655 4430 ὑπὸ
722 4378 960 4451 Ηερσῶν.
1029 4375 1229 4456 Γρᾶφει
1283 4376 1376 4432 οὖν
1435 4375 1739 4452 ἀποτόμως
1796 4382 1950 4439 Κων-

297 4468 584 4526 σταντῖνος
636 4468 772 4537 πρὸς
833 4464 1128 4535 Σαπώρην,
1205 4462 1582 4535 ἀποσταλῆναι
1650 4469 1804 4535 αὐτὰ,
1862 4470 1952 4527 καὶ

298 4549 591 4626 δεξξμενος
633 4551 734 4609 οὐκ
787 4552 1190 4613 ἆνταπέστειΛε.
1251 4554 1349 4609 Διά
1393 4559 1555 4611 τοῦτο
1605 4554 1774 4627 ἐλύθη
1807 4561 1842 4629 ἡ
1872 4560 1944 4615 εί-

2068 3417 2136 3457 ac
2155 3403 2547 3458 Brachmanes
2560 3404 3170 3477 contulit,magnaque
3184 3420 3325 3460 usus
3345 3404 3715 3461 continentia

2067 3491 2423 3547 venerabilis
2454 3499 2545 3548 est
2575 3492 2660 3548 eis
2689 3492 2899 3549 factus.
2928 3493 3110 3549 Molas
3139 3510 3377 3566 quoque
3407 3493 3714 3566 aquaticas

2069 3586 2128 3636 et
2157 3580 2388 3637 lavacra
2418 3582 2725 3649 exstruxit,
2758 3582 2903 3654 ipsis
2933 3583 3220 3639 hactenus
3252 3583 3481 3657 ignotas
3510 3600 3625 3640 res.
3658 3585 3714 3641 Is

2069 3670 2435 3725 Metrodorus
2466 3671 2624 3741 quod
2657 3670 2735 3742 pii
2770 3671 3036 3728 hominie
3066 3672 3566 3730 existimationam
3597 3673 3713 3729 sibi

2067 3766 2353 3833 parasset.
2380 3759 2441 3814 in
2471 3759 2805 3832 penetralia
2852 3760 3097 3816 sacrarii
3139 3761 3443 3834 ingressus
3489 3762 3713 3819 multos

2068 3848 2296 3921 lapides
2326 3848 2622 3920 pretiosos
2653 3855 2713 3903 et
2750 3848 3098 3922 margaritas
3150 3850 3435 3905 sustulit:
3483 3851 3712 3922 accepit

2067 3940 2245 3996 etiam
2275 3955 2310 3995 a
2339 3954 2474 4012 rege
2504 3937 2689 3994 India
2720 3953 2852 4011 quas
2909 3937 3065 3994 dono
3111 3937 3456 4011 imperatori
3504 3939 3704 3996 ferret.

2063 4028 2209 4085 Inde
2238 4028 2577 4100 Byzantium
2610 4043 2883 4097 reversus
2909 4034 3192 4100 tanquam
3223 4030 3373 4086 6Ιῖ
3411 4027 3483 4085 de
3505 4045 3613 4085 suo
3638 4045 3709 4085 ea

2064 4119 2186 4191 regi
2218 4118 2468 4185 obtulit;
2502 4117 2867 4188 mieantique
2896 4117 3014 4174 alia
3042 4134 3280 4189 quoque
3310 4122 3469 4175 terra
3498 4135 3561 4175 se
3617 4123 3705 4175 at-

2064 4208 2270 4265 tulisse
2302 4207 2471 4267 dixit.
2503 4207 2606 4264 sed
2638 4224 2708 4264 ea
2736 4206 2848 4263 sibi
2880 4223 2915 4263 a
2945 4206 3138 4263 Persis
3166 4207 3462 4280 adempta.
3506 4208 3708 4281 Itaque

2064 4298 2489 4354 Constantinus
2520 4314 2717 4354 severe
2748 4296 2953 4369 Sapori
3002 4295 3227 4359 scribit,
3287 4297 3442 4368 mitti
3481 4296 3593 4354 sibi
3639 4315 3710 4356 ea

2064 4388 2394 4462 postulans,
2435 4393 2494 4442 et
2522 4393 2762 4459 accepta
2783 4404 2901 4443 non
2932 4386 3180 4444 remisit.
3212 4386 3350 4443 Ideo
3388 4404 3501 4460 pax
3531 4387 3711 4445 dissi-

2065 4477 2195 4534 luit.
2230 4477 2329 4531 His
2359 4492 2428 4531 ex
2459 4475 2758 4548 lapidibus
2788 4493 2936 4549 opus
2965 4475 3220 4532 confecit
3247 4476 3712 4550 imperator,mi-

2066 4568 2260 4637 sitque
2290 4564 2524 4638 populis
2557 4571 2721 4622 trans
2750 4565 3084 4622 Danubium
3103 4565 3439 4624 colentibus
3461 4584 3708 4626 munere

307 4643 469 4716 ρηνη.
505 4643 599 4699 Ἐκ
643 4641 852 4697 τούτων
908 4643 1003 4698 οὗν
1060 4647 1170 4699 τῶν
1226 4640 1395 4706 λίθων
1448 4639 1607 4720 ἔργον
1656 4649 1893 4716 ποιήσας
1925 4649 1954 4703 ὁ

2066 4654 2115 4709 ei
2148 4632 2247 4724 qui
2280 4632 2512 4709 ceteris
2542 4658 2852 4726 praestaret
2880 4654 3185 4726 inscripto.
3219 4654 3358 4720 Qum
3398 4655 3706 4729 inscriptio

306 4728 563 4804 βασιλεὺς
637 4729 927 4787 ἀπέστειλε
1005 4738 1126 4797 τοῖς
1200 4731 1368 4805 πέραν
1449 4738 1545 4789 τοῦ
1614 4731 1946 4793 Δαννουϐίου

300 4812 530 4891 ἔθνεσιν,
562 4818 865 4897 ἐπιγράψας
911 4826 994 4894 τῷ
1054 4821 1262 4895 μείζονι
1316 4823 1381 4878 τὸ
1434 4819 1630 4900 δῶρον·
1673 4826 1806 4902 ὅπερ
1860 4826 1948 4901 γἐ-

295 4930 450 4986 γονεν
482 4910 689 4996 αὐτοῖς
755 4910 986 4985 ὀλέθρου
1051 4910 1228 4966 οἳτιον
1312 4908 1402 4968 διὰ
1463 4914 1564 4984 τὴν
1618 4913 1948 4996 ἰπιγοαφήν.

297 4997 441 5055 Φασὶ
473 4995 531 5055 δὶ
559 4999 722 5055 αὐτὸν
751 5004 972 5076 πρῶτον
1020 5001 1233 5055 πάντων
1281 5005 1391 5055 τῶν
1434 5002 1705 5076 βασιλέων
1757 4995 1950 5078 δοαδή-

301 5108 431 5162 ματι
471 5089 901 5164 χρήσασθαικαὶ
962 5089 1325 5164 μαργαρίταις
1377 5091 1468 5145 καὶ
1528 5084 1725 5155 ἄλλοις
1769 5090 1949 5159 λίθοις

296 5173 716 5252 περιεργότερον
758 5180 1125 5252 κοσμηθῆναι.
1168 5175 1345 5235 Ἀλλὰ
1397 5178 1487 5235 καὶ
1530 5181 1746 5257 πτύχας
1777 5183 1952 5262 Eriny-

298 5261 503 5341 γελίων
532 5269 743 5341 ’χρυσᾶς
772 5262 863 5321 διὰ
923 5265 1218 5341 μαργάρων
1272 5266 1362 5322 καί
1403 5265 1569 5324 λίθων
1622 5291 1948 5330 κατασκευα-

289 5374 390 5418 σας
416 5352 470 5410 ἐν
513 5358 583 5428 τῇ
642 5354 870 5431 Μεγάλῃ
928 5354 1232 5429 Ἐκκλησία
1286 5359 1623 5435 προσήγαγε,
1678 5361 1952 5435 θαύματος

280 5442 449 5513 ἀξίας.
487 5444 574 5501 Ἐν
606 5444 791 5517 τοῦτῳ
818 5449 898 5518 τῷ
923 5446 1114 5521 χρόνῳ
1157 5446 1247 5503 καὶ
1298 5448 1333 5517 ἡ
1385 5446 1511 5523 ἁγία
1565 5449 1654 5506 καὶ
1710 5452 1950 5525 μακαρία

285 5529 486 5602 Ἑλένη
527 5533 666 5605 πρὸς
723 5534 925 5604 Κύριον
975 5531 1229 5608 ἐπιδημεῖ,
1285 5532 1422 5591 ἐτῶν
1471 5538 1604 5595 οὗσα
1644 5539 1720 5608 π’,
1760 5540 1852 5596 καὶ
1891 5539 1946 5597 ἐν

2064 4742 2335 4799 Barbaris
2354 4743 2604 4799 exitiosa
2624 4743 2984 4799 fuit.Ferunt
2999 4759 3131 4799 eum
3155 4744 3416 4816 primum
3434 4747 3703 4802 omnium

2059 4833 2487 4904 imperatorum
2527 4831 2865 4888 diademate
2913 4848 3086 4888 usum
3144 4834 3595 4907 margaritisque
3647 4840 3708 4890 et.

2058 4921 2309 4995 gemmis
2340 4922 2655 4993 superbius
2683 4921 2864 4978 fuisse
2895 4927 3196 4977 ornatum.
3226 4921 3379 4987 Quin
3419 4929 3478 4979 et
3524 4940 3705 4980 aurea

2059 5012 2510 5085 Evangeliorum
2532 5010 2834 5067 volumina
2854 5009 3176 5065 unionibus
3193 5015 3253 5064 et
3267 5010 3542 5083 pretiosis
3564 5012 3708 5084 lapi-

2060 5098 2234 5156 dibus
2259 5107 2470 5155 ornata
2500 5099 2776 5167 confecit,
2800 5099 2982 5170 inque
3006 5099 3209 5171 Magno
3225 5098 3464 5171 Templo
3488 5101 3706 5173 posuit,

2059 5189 2240 5263 digna
2269 5188 2682 5245 admiratione.
2706 5190 2787 5243 Eo
2816 5194 3081 5258 tempore
3103 5186 3281 5243 etiam
3313 5196 3517 5246 sancta
3531 5197 3711 5264 atque

2059 5277 2235 5334 beata
2257 5278 2480 5334 Helena
2499 5277 2573 5333 ad
2599 5277 2913 5332 Dominum
2934 5275 3556 5349 commigravit,anuos
3571 5290 3714 5340 nata

2022 5408 2025 5411 μ
2059 5367 2150 5433 80,
2181 5382 2249 5422 ac
2284 5366 2475 5439 prima
2504 5366 2771 5422 omnium
2805 5371 2895 5421 est
2922 5365 2983 5420 in
3014 5365 3234 5438 templo
3291 5369 3710 5441 Apostolorum

2059 5457 2312 5528 sepulta.
2345 5459 2498 5513 Ante
2528 5456 2757 5514 obitum
2787 5455 2977 5513 multa
3005 5455 3076 5513 de
3098 5456 3318 5530 pietate
3340 5459 3463 5517 tilio
3482 5478 3708 5535 praace-

2056 5549 2245 5618 perat.

285 5626 369 5694 τῷ
394 5626 507 5697 ναῷ
708 5621 905 5701 Ἀγίων
960 5622 1312 5681 Ἀποστόλων
1380 5626 1637 5685 θάπτεται
1688 5633 1906 5705 πρώτη,
1964 5631 2150 5690 πολλὰ
2200 5636 2283 5707 τῷ
2338 5630 2463 5709 ἰδίῳ
2522 5635 2627 5708 υἱῷ
2676 5634 2800 5709 περὶ
2849 5640 2953 5705 τῆς
3006 5633 3084 5698 εἷς
3141 5635 3374 5714 Χριστὸν
3431 5636 3708 5709 εὐσεϐείας

287 5708 731 5791 παραγγείλασα.
