4194 6198
435 383 552 445 563
1793 381 2109 443 GEORGII
2154 380 2496 444 CEDRENI
3723 392 3846 452 564

509 522 679 574 Anno
711 522 779 572 22
808 517 1230 571 Constantinus
1261 515 1414 570 facta
1443 515 1504 570 in
1531 517 1877 583 Germanos,
1939 516 2085 570 Sau-
2115 522 2168 588 Α

440 613 699 662 romatas
731 612 788 660 et
817 605 1033 659 Gothos
1065 605 1439 676 expeditione
1469 605 1662 660 crucis
1701 605 1754 658 vi
1809 620 2084 677 magnam

441 696 761 767 reportavit
790 695 1115 762 victoriam,
1151 711 1368 765 easque
1398 701 1605 762 gentes
1636 694 1697 748 in
1743 694 2084 749 servitutem

441 786 578 857 egit.
615 785 939 854 Drepanan‘.
965 801 1199 855 quoque
1217 784 1373 856 apud
1397 783 1800 839 Nicomediam
1821 785 1882 838 in
1905 785 2084 838 hono-

438 890 565 928 rem
599 874 857 940 Luciani,
890 874 991 944 qui
1025 874 1102 927 ibi
1137 874 1374 946 capitali
1408 874 1700 945 supplicio
1730 873 1958 928 veritati
1993 878 2085 927 te-

441 962 788 1016 stimonium
809 961 1210 1033 perbibuerat,
1237 963 1526 1033 condidit,
1553 971 1610 1018 et
1641 980 1674 1018 a
1703 969 1891 1018 matre
1925 961 2088 1018 Hele-

438 1051 703 1122 nopolim
737 1052 1076 1123 appellavit.

515 1142 702 1196 Annis
733 1144 822 1207 23,
851 1144 918 1195 24
951 1147 1006 1197 et
1035 1145 1101 1196 25
1134 1143 1456 1198 Antiochiae
1489 1143 1778 1214 templum
1809 1146 2086 1214 octangu-

441 1231 566 1286 lum
599 1231 878 1287 aediﬁcari
911 1240 1169 1302 coeptum
1204 1238 1312 1288 est.
1350 1233 1774 1288 Constantinus
1822 1231 2087 1287 Danubio

445 1323 692 1393 ‘trajecto
724 1328 902 1393 ponte
935 1339 1071 1376 eum
1103 1322 1337 1393 lapideo
1371 1322 1660 1386 instravit,
1689 1321 1930 1392 Scythas
1957 1321 2090 1375 sub-

447 1412 583 1481 egit.
618 1412 830 1465 Forum
890 1427 1124 1481 quoque
1183 1409 1449 1464 condidit
1496 1427 1629 1464 cum
1670 1409 1826 1463 binis
1877 1408 2091 1479 amplis

447 1500 657 1556 rostris
683 1518 696 1566 ;
740 1517 928 1571 eoque
958 1501 1048 1556 5|
1066 1499 1112 1554 8
1145 1500 1206 1553 in
1227 1499 1353 1553 foro
1377 1499 1718 1554 columnam
1745 1501 1928 1554 Roma
1947 1497 2090 1552 alla-

448 1596 568 1644 tam
599 1589 815 1660 posuit,
848 1607 966 1644 uno
997 1588 1184 1643 solido
1217 1587 1414 1660 lapide
1445 1593 1836 1655 constantem,
1870 1588 1968 1658 qui
2004 1593 2092 1641 to-

447 1685 542 1734 tus
562 1685 687 1733 erat
711 1695 1045 1750 purpureus
1069 1695 1082 1745 ;
1103 1683 1278 1749 atque
1303 1693 1431 1732 eam
1456 1677 1626 1732 mreis
1649 1677 1899 1748 cingulis
1912 1677 2098 1731 cinxit

448 1769 773 1838 inscriptis.
807 1769 872 1822 In
900 1769 1028 1840 ejus
1059 1775 1255 1823 autem
1289 1785 1521 1822 summo
1554 1773 1807 1822 statuam
1841 1765 1949 1822 sibi
1972 1765 2094 1820 col-

446 1857 661 1912 locavit
679 1874 812 1912 cum
836 1857 943 1912 hac
974 1858 1382 1928 inscriptione:
1401 1855 2096 1927 «Constantinus,Splen-

449 1947 576 2002 duit
605 1945 744 2002 solis
773 1948 985 2010 instar.
1018 1964 1167 2018 opus
1200 1947 1308 2001 fuit
1339 1946 1583 2015 Phidiae,
1635 1946 1880 2000 Athenis
1905 1944 2095 2000 addu-

452 2044 632 2092 ctum.
652 2059 678 2085 ››
706 2037 784 2090 Ad
803 2037 971 2091 basin
996 2037 1291 2091 columnae
1325 2037 1522 2107 posuit
1548 2041 1773 2107 septem
1794 2035 2002 2090 corbes
2032 2051 2099 2090 ac

451 2125 764 2180 duodecim
798 2131 1029 2196 sportas
1059 2126 1273 2180 Christi
1310 2125 1409 2180 Dei
1443 2125 1633 2179 nostri
1665 2125 1970 2180 miraculis
2005 2125 2097 2178 in-

454 2215 672 2286 signes.
707 2215 1029 2270 Ministerio
1063 2215 1241 2270 etiam
1303 2214 1488 2270 sancti
1532 2214 1809 2285 martyris
1855 2212 2102 2268 Artemii

453 2303 736 2374 reliquias
772 2310 1116 2360 sanctorum
1149 2305 1555 2376 apostolorum
1587 2305 1777 2372 Lucae,
1809 2302 2102 2358 Timothei

457 2399 515 2450 et
545 2393 793 2449 Andreae
825 2395 886 2449 in
920 2394 1128 2449 urbem
1161 2393 1376 2450 attulit.

526 2588 592 2641 26
626 2591 684 2641 et
711 2587 777 2640 27
819 2585 994 2640 annis
1030 2584 1365 2640 simulacris
1395 2600 1730 2655 eorumque
1760 2582 1916 2638 fanis
1942 2599 2108 2637 ever-

457 2675 650 2730 tendis
682 2691 919 2745 operam
950 2673 1132 2738 dedit,
1167 2673 1393 2728 reditus
1424 2690 1631 2728 eorum
1686 2672 1966 2727 Ecclesiis
2003 2672 2107 2726 Dei

453 2763 849 2832 transcripsit.
881 2763 1042 2816 Tunc
1074 2768 1130 2816 et
1165 2761 1411 2816 basilica
1466 2760 1822 2816 Nicomedia;
1855 2760 1927 2815 de
1959 2759 2104 2815 caelo

459 2856 612 2907 tacta
642 2850 1042 2922 conﬂagravit.

527 2942 698 2994 Anno
730 2941 797 2993 28
831 2939 1046 3010 impius
1077 2939 1253 2994 Arius
1280 2939 1416 2994 ﬁcta
1445 2937 1859 3009 resipiscentia
1899 2954 1966 2993 ac
1995 2938 2109 2994 fal-

458 3029 686 3087 lacibus
709 3029 1085 3086 sermonibus
1107 3035 1242 3100 post
1271 3046 1436 3084 suam
1463 3028 1904 3084 damnationem
1935 3045 2108 3084 aures

460 3119 850 3192 placidissimi
909 3119 1284 3190 imperatoris
1361 3117 1684 3184 demulsit;
1737 3119 2107 3190 sumptisque

461 3209 693 3264 duobus
725 3207 916 3270 libris.
948 3207 1202 3262 alterum
1236 3207 1335 3278 qui
1369 3223 1704 3278 perversam
1749 3207 1936 3277 ipsius
1982 3207 2107 3279 opi-

462 3299 704 3354 nionem
737 3297 1051 3352 continens
1083 3297 1269 3368 ipsius
1311 3313 1494 3351 manu
1526 3297 1781 3368 scriptus
1831 3303 1976 3364 erat,
2010 3313 2110 3352 oc-

464 3387 620 3442 culte
653 3403 852 3442 secum
887 3387 1111 3452 habuit,
1137 3387 1390 3441 alterum
1413 3386 1610 3440 aliena
1627 3403 1807 3442 manu
1825 3387 2110 3457 scriptum

463 3477 536 3531 de
567 3477 862 3532 sententia
892 3477 1068 3531 Nicaai
1097 3475 1331 3530 concilii
1367 3475 1707 3546 imperatori
1733 3475 1993 3542 tradidit,
2018 3477 2110 3547 ju-

465 3565 728 3635 ravitque
763 3580 822 3618 se
853 3564 939 3618 ita
968 3563 1189 3618 sentire
1206 3562 1277 3618 de
1299 3563 1582 3635 religione
1606 3563 2108 3635 quemadmodum

465 3669 572 3708 sua
603 3669 780 3707 manu
803 3651 1162 3722 scripsisset.
1205 3653 1322 3707 Hac
1353 3651 1558 3706 fraude
1581 3652 1681 3718 im,-
1709 3657 2000 3707 eratorem
2028 3653 2109 3707 ita

462 3743 715 3813 decepit,
748 3749 812 3798 ut
842 3742 1313 3812 Ariumjusserit
1334 3743 1462 3797 sine
1484 3759 1652 3798 mora
1672 3742 1744 3798 ab
1773 3742 2106 3797 Alexandro

460 3833 740 3903 pontifice
755 3849 882 3886 sum
895 3848 985 3886 mo
999 3831 1059 3886 in
1083 3831 1393 3886 ecclesiam
1409 3831 1836 3903 recipi.Verum
1850 3832 2107 3886 Alexan-

459 3920 564 3976 der
594 3923 824 3988 anxius,
865 3923 908 3978 5
927 3921 1018 3975 I9
1047 3928 1114 3976 ut
1142 3937 1248 3992 par
1277 3925 1421 3985 erat,
1453 3920 1639 3974 animi
1665 3925 1847 3975 totam
1867 3927 2104 3976 noctem

459 4010 534 4066 ad
563 4011 883 4065 Dominum
915 4011 1188 4080 precibus
1218 4011 1365 4064 fusis
1412 4009 1618 4065 Arium
1671 4009 2098 4080 pessumdedit.

421 4159 430 4168 _
453 4101 598 4156 Nam
621 4101 794 4155 Arius
821 4116 952 4155 cum
979 4099 1262 4170 postridie
1275 4115 1486 4171 magno
1505 4115 1636 4154 cum
1653 4099 1808 4154 fastu
1824 4106 1882 4153 et
1903 4106 2099 4154 osten-

455 4191 597 4246 tatio
630 4189 702 4244 ad
735 4188 1049 4245 ecclesiam
1080 4186 1446 4258 procederet,
1503 4205 1636 4243 cum
1684 4188 1745 4242 in
1797 4187 1926 4242 foro
1981 4204 2102 4243 non

455 4277 663 4352 procul
693 4295 728 4332 a
757 4277 921 4332 curia
951 4276 1203 4343 abesset,
1230 4282 1430 4331 ventre
1461 4277 1805 4332 stimulante
1837 4276 1908 4332 ad
1934 4277 2100 4331 latri-

456 4385 594 4423 nam
626 4368 788 4430 abiit.
813 4367 1011 4437 ibique
1043 4366 1116 4422 ab
1146 4365 1353 4438 angelo
1374 4369 1522 4421 ictus
1552 4367 1829 4422 intestina
1854 4367 2099 4422 inlatri-

456 4473 597 4512 nam
630 4456 747 4528 egit
775 4462 952 4527 atque
984 4455 1355 4510 exanimatus
1383 4459 1491 4510 est.

2268 514 2360 586 Τῷ
2391 515 2476 590 κβ“
2531 508 2638 570 ἔτει
2700 519 3098 581 Κωνσταντῖνος
3153 519 3181 574 ὁ
3242 515 3641 591 εὐσεϐέστατος,
3708 523 3845 577 κατᾶ

2195 608 2486 676 Γερμανῶν
2516 604 2606 659 καὶ
2645 613 3015 681 Σαυροματῶν
3069 609 3159 664 καὶ
3219 610 3431 675 Γότθων
3492 612 3842 686 στρατεύσας,

2193 693 2351 763 νίκην
2378 690 2548 768 ἤρατο
2578 716 2772 769 κραται
2795 697 2852 751 ἂν
2881 694 2969 752 διὰ
2989 705 3089 767 τῆς
3118 701 3214 754 105
3243 705 3478 774 σταυροῦ
3535 699 3836 775 δυνάμεως,

2194 781 2282 836 καὶ
2322 783 2546 845 τούτους
2579 784 2654 848 εἷς
2687 785 2924 861 ἐσχάτην
2953 788 3132 864 ἤγαγε
3162 786 3428 844 δουλείαν.
3483 791 3580 845 Καὶ
3628 799 3838 864 Δρεπα-

2193 873 2283 924 νᾶν
2312 871 2400 925 τὸν
2433 868 2484 924 ἐν
2518 872 2862 946 Νικομηδείᾳ
2911 873 3188 938 ἐπικτίσας
3248 877 3327 940 εἷς
3371 880 3541 950 τιμὴν
3602 886 3842 934 Λουκια-

2194 962 2290 1013 v05
2320 962 2442 1013 105°
2481 957 2653 1016 ἐκεῖσε
2686 965 3131 1040 μαρτυρήσαντος
3163 965 3554 1022 Ἐλενούπολιν
3605 965 3693 1022 διά
3739 969 3838 1036 τήν

2201 1046 2409 1122 μητέρα
2438 1046 2712 1110 ἐκάλεσεν.

2269 1139 2363 1209 Τῷ
2420 1139 2593 1214 κγ’καῖ
2627 1137 2788 1196 δ’καί
2822 1149 2859 1198 ε’
2917 1141 3023 1200 ἔτει
3087 1146 3150 1201 τὸ
3207 1145 3259 1200 ἐν
3317 1146 3628 1222 Ἀντιοχείᾳ
3683 1147 3841 1202 ὀκτά-

2199 1246 2373 1300 γωνον
2435 1230 2698 1303 Κυριακὸν
2758 1230 2958 1306 ἤρξατο
3019 1233 3450 1308 οἰκοδομεῖσθαι.
3517 1237 3622 1292 Καὶ
3679 1235 3842 1298 αύτὸς

2199 1315 2291 1370 τὸν
2325 1313 2582 1372 Δάνουϐιν
2616 1320 2851 1390 περάσας
2889 1323 3126 1398 γέφυραν
3179 1323 3230 1379 ἐν
3276 1324 3426 1398 αύτῷ
3480 1323 3694 1395 λιθίνην
3747 1346 3843 1380 πε-

2199 1405 2416 1476 ποίηκε,
2448 1408 2537 1462 καὶ
2567 1409 2694 1470 τοὺς
2728 1411 2936 1474 Σκύθας
2969 1412 3216 1484 ὑπέταξε,
3247 1414 3338 1469 καὶ
3369 1421 3460 1469 τὸν
3520 1415 3684 1494 φόρον
3735 1417 3848 1488 (89)

2202 1493 2375 1550 ἔκτισε
2425 1499 2562 1568 μετά
2584 1517 2645 1572 γε
2674 1503 2780 1553 τῶν
2823 1496 2918 1555 δύο
2962 1502 3213 1578 μεγάλων
3267 1493 3540 1577 ἐμϐόλων
3571 1506 3709 1577 (90),
3757 1502 3848 1558 καί

2203 1581 2254 1638 ἓν
2287 1584 2436 1656 αὐτῷ
2464 1590 2541 1658 τῷ
2570 1587 2725 1665 φόρῳ
2763 1587 2919 1644 κίονα
2980 1590 3269 1663 μονόλιθον
3320 1592 3410 1646 καὶ
3469 1591 3850 1668 ὁλοπόρφυρον

2203 1670 2442 1745 ἔστησεν,
2476 1677 2536 1732 ἐκ
2563 1677 2785 1752 Ῥώμης
2816 1681 3052 1757 ἀγαγὼν,
3086 1680 3314 1753 ἐκδήσας
3356 1683 3514 1738 αὐτὸν
3567 1680 3656 1738 διὰ
3705 1681 3854 1762 χαλ-

2205 1766 2314 1820 κῶν
2349 1770 2531 1834 ζωνῶν
2564 1771 2978 1844 γεγραμμένων.
3033 1767 3308 1846 Ἰδρύσατο
3349 1770 3406 1826 δὲ
3457 1771 3638 1827 ἐπάνω
3685 1774 3854 1827 αὐτοῦ

2204 1851 2494 1928 ἀνδριάντα
2550 1855 2634 1911 ἐπ’
2693 1857 2921 1932 ὀνόματι
3006 1859 3190 1932 αὐτοῦ,
3274 1859 3327 1916 ἐν
3408 1861 3454 1934 ᾦ
3530 1861 3854 1939 γέγραπται”

2209 1946 2293 2018 [Ρ.
2327 1946 2453 2017 296]
2485 1969 2513 1996 (ί
2555 1948 2977 2010 Κωνσταντῖνος.
3012 1948 3295 2024 Ἕλαυιψεν
3317 1948 3482 2020 ἡλίου
3505 1947 3685 2022 δίκην,
3709 1951 3768 2013 ὅς
3788 1951 3857 2019 ἦν

2209 2028 2366 2108 ἔργον
2401 2035 2494 2106 μὶν
2530 2032 2780 2105 Φειδίου,
2809 2033 2961 2116 ἤχθη
3005 2035 3062 2093 δὲ
3116 2039 3165 2108 ἒξ
3229 2040 3492 2111 Ἀθηνῶν.
3530 2066 3556 2092 η
3607 2041 3710 2097 Καὶ
3761 2041 3859 2102 τὰς

2209 2123 2343 2178 ἒπτὰ
2369 2121 2630 2199 σπυρίδας
2663 2127 2751 2180 καὶ
2785 2127 2911 2188 τοὺς
2947 2128 3015 2203 ιβ’
3053 2130 3332 2206 κοφίνους,
3391 2128 3442 2184 ἐν
3495 2131 3579 2191 οἶς
3627 2131 3859 2205 Χριστὸς

2211 2215 2239 2269 ὁ
2272 2214 2399 2274 Θεὸς
2433 2216 2594 2286 ἡμῶν
2648 2213 3180 2294 ἐθαυματούργησεν,
3248 2219 3352 2274 ὐπὸ
3399 2221 3497 2288 τήν
3551 2220 3706 2295 βάσιν
3760 2224 3860 2275 105

2211 2302 2393 2364 κίονος
2425 2296 2594 2360 ἔθετο.
2630 2303 2820 2360 Καὶτᾶ
2868 2305 3097 2380 λείψανα
3144 2307 3202 2362 δὲ
3230 2313 3337 2363 τῶν
3399 2310 3566 2386 ἀγίων
3622 2309 3860 2364 ἀποστό·

2215 2391 2326 2446 λων
2386 2399 2571 2449 Λουκᾶ
2651 2395 2741 2450 καὶ
2813 2395 3086 2471 Τιμοθέου
3137 2397 3227 2453 καὶ
3285 2395 3544 2474 Ἀνδρέου
3619 2397 3707 2452 διὰ
3761 2401 3861 2452 105

2213 2479 2374 2555 ἁγίου
2434 2481 2705 2558 μάρτυρος
2765 2485 3052 2557 Ἀρτεμίου
3121 2485 3172 2540 ἐν
3232 2491 3300 2562 τῇ
3366 2485 3528 2542 πόλει
3579 2487 3857 2564 εἰσήγαγε.

2284 2574 2377 2644 Τῷ
2407 2574 2486 2636 κς¹
2515 2571 2602 2628 καὶ
2634 2575 2713 2644 κζ’
2743 2568 2848 2629 ἔτει
2907 2574 3071 2630 αὐτοῦ
3118 2579 3218 2646 τὴν
3265 2577 3402 2632 κατὰ
3445 2582 3552 2632 τῶν
3611 2574 3859 2632 εἰδώλων

2213 2661 2440 2716 καὶτῶν
2468 2666 2610 2717 ναῶν
2639 2662 2814 2718 αὐτῶν
2845 2663 3138 2720 κατάλυσιν
3189 2665 3442 2736 ἐπέτεινε,
3500 2666 3595 2731 τὰς
3643 2664 3698 2720 δὲ
3753 2667 3864 2721 εἶσο

2217 2746 2375 2808 ὁδους
2409 2750 2581 2806 αὐτῶν
2609 2757 2728 2816 ταῖς
2760 2752 3112 2824 Ἑκκλησίαις
3140 2753 3238 2809 105
3269 2759 3402 2810 Θεοῦ
3429 2753 3684 2828 ἐκύρωσε.
3727 2757 3862 2812 Τότε

2216 2840 2306 2894 καὶ
2403 2839 2456 2894 ἐν
2485 2840 2828 2915 Νικομηδείᾳ
2859 2842 3122 2917 βασιλική
3155 2845 3281 2920 πυρῖ
3317 2845 3444 2918 θείῳ
3477 2845 3744 2925 ἐφλέχθη.

2289 2931 2385 3002 Τῷ
2415 2935 2501 3000 κη’
2540 2925 2645 2985 ἔτει
2677 2931 2842 2986 αὖτοῦ
2875 2933 2902 2987 ὁ
2944 2929 3208 3005 δυσσεϐὴς
3266 2935 3492 3010 1ἰ-ιρειος
3544 2935 3867 3008 ἐπιπλάστῳ

2222 3018 2475 3090 μετανοίᾳ
2505 3019 2595 3073 καὶ
2625 3019 2813 3095 λόγοις
2869 3019 3175 3091 ἀπατηλοῖς
3223 3024 3357 3096 μετὰ
3403 3025 3501 3092 τήν
3552 3025 3864 3099 καθαίρεσιν

2218 3108 2384 3163 αὐτοῦ
2442 3111 2877 3186 καταγοητεύσας
2963 3114 3057 3173 τὰς
3109 3113 3276 3178 ἀκοάς
3329 3119 3426 3170 105
3487 3113 3868 3192 γαληνοτάτου

2225 3196 2516 3274 βασιλέως,
2547 3199 2634 3253 καί
2665 3197 2759 3255 δύο
2795 3197 2986 3276 βιϐλία
3017 3196 3224 3271 λαϐὼν,
3254 3205 3316 3258 τὸ
3350 3204 3444 3277 μὲν
3491 3203 3542 3258 ἓν
3593 3206 3694 3274 τὴν
3745 3206 3869 3260 ἑαυ-

2221 3292 2318 3342 105
2351 3287 2786 3362 διεστραμμέκην
2821 3291 3076 3366 περιέχον
3112 3289 3266 3360 δόξαν
3318 3298 3436 3354 ταῖς
3489 3289 3650 3355 ἵόίαις
3707 3293 3869 3369 χερσὶ

2220 3377 2432 3450 γράψας
2467 3375 2516 3431 ἐν
2551 3381 2728 3456 κρυφῇ
2751 3384 2994 3456 κατεῖχε,
3028 3381 3092 3433 τὸ
3123 3378 3179 3434 δὲ
3208 3377 3388 3450 ἕτερον
3449 3378 3521 3436 δι’
3567 3379 3868 3456 ἀλλοτρίας

2218 3467 2403 3542 χειρὸς
2435 3467 2742 3544 ὁμοφώνως
2772 3471 2840 3540 τῇ
2873 3468 2923 3521 ἐν
2983 3469 3176 3541 Nimia
3224 3467 3497 3545 ἑκτεθείσῃ
3548 3471 3722 3526 πίστει
3771 3492 3867 3545 γε·

2217 3557 2464 3634 γραφὼς,
2499 3557 2584 3611 καὶ
2612 3560 2773 3611 τοῦτο
2807 3553 3023 3619 ἐπιδοὺς
3074 3563 3153 3629 τῷ
3205 3560 3310 3634 βασ
3337 3556 3442 3623 λεῖ,
3493 3559 3579 3614 καὶ
3631 3556 3864 3632 διομνύ-

2221 3666 2380 3719 μενος
2410 3647 2447 3714 ἦ
2479 3648 2588 3718 μὴν
2621 3644 2792 3707 οὕτως
2825 3645 3092 3701 πιστεύειν
3133 3645 3316 3722 ὥσπερ
3360 3645 3424 3718 δὴ
3477 3650 3566 3703 καὶ
3599 3644 3861 3724 ἔγραψεν,

2216 3735 2357 3789 οὕτω
2416 3737 2720 3810 συνήρπασε
2775 3738 2841 3808 τῇ
2895 3735 3060 3791 αὐτοῦ
3120 3733 3404 3808 δολιότητι
3462 3739 3552 3792 τὸν
3630 3738 3860 3814 βασιλέα

2215 3825 2351 3879 ὥστε
2405 3823 2656 3880 κελεῦσαι
2744 3823 2935 3879 τοῦτον
3017 3825 3384 3898 ἀνοπερθέτως
3443 3827 3546 3882 ὑπὸ
3605 3827 3860 3900 Ἀλεξάν-

2213 3911 2343 3989 δρου
2374 3918 2474 3969 105
2507 3909 2807 3988 ἀρχιερέως
2839 3913 2914 3974 εἷς
2945 3914 3224 3977 κοινωνίας
3285 3915 3371 3970 ἐπὶ
3418 3920 3519 3982 τῆς
3568 3914 3860 3988 ἐκκλησίας

2211 4000 2638 4078 προσδεχθῆναι,
2689 4003 3026 4077 Ἀγωνιάσας
3077 4005 3280 4072 τοίνυν,
3333 4007 3406 4068 ὡς
3459 4005 3623 4076 εἰκὸς,
3656 4007 3683 4060 ὁ
3715 4006 3851 4081 ἁρχ-

2214 4092 2405 4168 ιερεὺς,
2439 4093 2530 4147 καὶ
2581 4090 2650 4146 δι’
2705 4091 2842 4162 ὅλης
2890 4100 2990 4161 τῆς
3041 4095 3228 4155 νυκτὸς
3285 4092 3497 4166 δεηθεὶς
3554 4099 3654 4150 τοῦ
3693 4099 3852 4166 6:05,

2210 4182 2383 4257 εὐχῆς
2417 4176 2576 4259 ἔργον
2610 4179 2766 4236 αὐτὸν
2801 4179 3117 4252 ἐποιήσατο.
3151 4185 3234 4258 Τῇ
3268 4183 3371 4259 γάρ
3421 4184 3542 4253 ἑξῆς
3575 4185 3603 4238 ὁ
3635 4183 3852 4245 ἀνόσιος

2213 4272 2349 4345 μετὰ
2378 4271 2668 4349 φαντασίας
2710 4271 2801 4324 καὶ
2859 4273 3230 4346 γαυριάματος
3283 4272 3358 4334 εἷς
3404 4275 3503 4342 τὴν
3556 4271 3849 4343 ἐκκλησίαν

2208 4361 2641 4437 προερχόμενος,
2676 4357 2862 4429 ἐπειδὴ
2898 4358 2951 4414 ἐν
2991 4365 3070 4433 τῷ
3101 4361 3252 4438 φόρῳ
3283 4359 3517 4432 πλησίον
3564 4367 3660 4417 105
3693 4363 3856 4438 λεγο-

2131 4439 2178 4504 Ι)
2215 4454 2378 4525 μὲνου
2437 4451 2659 4505 σενάτου
2716 4451 2827 4522 (91)
2886 4448 3117 4524 ἐγένετο,
3183 4457 3285 4520 τῆς
3342 4451 3571 4526 γαστρὸς
3628 4454 3860 4525 νύξάσης

454 4545 613 4600 αὐτὸν
642 4548 756 4605 τοῖς
816 4544 988 4598 ἐκεῖσε
1042 4539 1342 4620 ἀφεδρῶσιν
1399 4542 1849 4620 ἁποκεχωρηκὼς
1905 4541 2174 4618 ἀγγελικῇ
2229 4544 2564 4602 κατασπᾶται
2606 4537 2777 4613 χειρὶ,
2824 4539 2923 4607 τῆς
2981 4558 3039 4594 τε
3094 4537 3309 4602 κοιλίας
3368 4538 3530 4595 αὐτοῦ
3594 4541 3681 4596 καὶ
3741 4545 3853 4596 τῶν

455 4633 788 4709 σπλάγχνων
814 4632 906 4687 σὺν
937 4637 1004 4706 τῇ
1035 4635 1189 4708 ψυχῇ
1221 4629 1486 4706 ῥαγέντων
1515 4632 1604 4685 καὶ
1634 4631 1709 4694 εἷς
1742 4629 2051 4708 ἀφεδρῶνας
2080 4625 2556 4700 καταϐληθέντων.

526 4727 744 4783 Eodem
767 4742 925 4782 anno
953 4724 1140 4780 fames
1171 4740 1383 4796 magna
1403 4722 1515 4778 fuit
1537 4722 1595 4776 in
1621 4723 1889 4790 Oriente;
1916 4740 2092 4793 quam

452 4817 765 4892 penuriam
795 4817 1117 4887 imperator
1174 4813 1495 4868 sublevavit
1552 4812 1738 4867 multo
1794 4813 2091 4869 frumento

2273 4724 2358 4791 Τῷ
2387 4726 2472 4790 κη¹
2503 4712 2610 4772 ἔτει
2639 4717 2806 4792 λιμὸς
2842 4717 3012 4793 μέγας
3043 4717 3248 4795 ἐγένετο
3279 4717 3331 4774 ἐν
3362 4722 3431 4794 τῇ
3490 4717 3784 4794 Ἀνατολῇ’
3823 4721 3852 4776 ὁ

2208 4808 2265 4864 δὲ
2299 4807 2552 4885 βασιλεὺς
2583 4813 2729 4863 σῖτον
2762 4808 2936 4863 πολὺν
2965 4807 3294 4872 ἀποστείλας
3351 4813 3544 4866 τοῦτον
3573 4808 3850 4884 ἤμβλυνε.

1650 4938 2013 4993 XYLANDRI
2052 4939 2138 4993 ET
2177 4938 2391 4993 GOARI
2432 4936 2654 4992 ΝΟΤᾸΞ.

550 5071 641 5136 89)
683 5068 1043 5124 Simocatta:
1102 5059 1708 5140 (popocjrepilapztpog
1759 5065 1958 5140 χῶρος.
2000 5067 2100 5130 τῆς

454 5133 695 5198 πόλεως.
765 5140 952 5193 Etiam
1011 5133 1415 5210 appellatione
1468 5133 1534 5190 a'
1570 5133 1799 5191 Latina“
1851 5133 2102 5190 deducta

449 5212 687 5285 gaudet.
720 5212 894 5267 Goan.

525 5294 638 5354 ιυυ)
672 5286 815 5337 Hinc
859 5281 995 5336 inde
1054 5281 1246 5354 forum
1300 5278 1599 5351 stipabant
1645 5271 1901 5354 ἔμϐολοι.
1954 5277 2103 5354 Sunt

452 5350 650 5409 autem
683 5356 1007 5409 secundum
1031 5353 1314 5408 Allatium
1333 5350 1579 5422 perticas
1601 5350 1775 5405 variis
1798 5351 2100 5422 asseribus

453 5425 789 5496 conjunctis
812 5433 870 5478 et
897 5425 1106 5496 tegulis
1134 5421 1609 5495 superimpositis
1642 5422 1714 5496 ad
1757 5421 1973 5496 coloris
2005 5424 2097 5474 in-

453 5494 764 5552 commoda
777 5503 834 5549 et
851 5494 1071 5549 imbres
1085 5494 2096 5565 repentinusarcendos,umbrarum

451 5569 712 5636 etiamet
733 5567 1230 5621 deambulationis
1255 5567 1443 5636 gratia
1465 5566 1898 5636 mdil’icataarsic
1924 5565 2116 5618 dictm'

449 5640 520 5694 ab
555 5633 845 5710 ἐμϐάλλω,
905 5638 1061 5710 quod
1109 5633 1328 5710 adeas
1377 5644 1434 5692 et
1466 5654 1590 5710 iper
1647 5652 1746 5690 eas
1795 5635 2096 5710 ingrfssus

449 5705 669 5788 pateat.
704 5705 992 5766 Asconius
1019 5709 1370 5780 provolantia
1400 5705 1647 5762 ιαὸίιιιιια
1677 5705 1884 5763 νοεαῐξ
1913 5705 2094 5771 Belle,

2212 5063 2258 5138 _si
2297 5069 2494 5118 tamen
2525 5060 2825 5138 addideris
2856 5055 3128 5138 ἐμῦόλους
3159 5079 3194 5118 a
3222 5064 3608 5138 Constantino
3639 5064 3856 5138 lapidi-

2211 5135 2320 5189 bus
2348 5141 2696 5199 eXstruclos,
2720 5133 3012 5208 columnis
3034 5137 3383 5208 marmoreis
3405 5137 3584 5193 fultos
3608 5133 3855 5208 etc-pere

2210 5213 2620 5262 concamerata
2653 5210 2856 5262 tectos.
2883 5205 3388 5275 jucundissimum
3411 5205 3856 5264 ambulantibus

2209 5279 2634 5350 spectaculum,
2669 5277 2821 5350 sicut
2848 5283 2906 5331 et
2935 5277 3364 5350 ampliSsimum
3393 5281 3453 5334 in
3486 5297 3586 5336 eos
3617 5298 3676 5336 se
3708 5281 3856 5336 reci-

2208 5348 2508 5420 pientibus
2539 5348 2792 5417 spatium
2827 5348 3168 5418 praebuisse.
3205 5351 3376 5407 Gem.

2280 5423 2385 5493 (9t:
2424 5421 2496 5493 Ut
2523 5433 2669 5472 nova
2701 5425 2953 5493 veterem
2988 5422 3234 5476 Romam
3269 5423 3623 5493 imitaretur,
3646 5423 3718 5479 ad
3742 5421 3854 5478 fori

2206 5491 2450 5546 maximi
2485 5491 2638 5564 latus
2688 5491 2850 5564 curia
2895 5491 2961 5564 in
3021 5498 3270 5564 utraque
3330 5491 3649 5552 constituta
3705 5501 3851 5551 erat.

2209 5564 2342 5638 [ἰωο
2374 5560 2598 5638 Σινάτον
2632 5563 2719 5638 vel
2773 5563 3023 5638 Σενάτον.
3086 5560 3243 5638 Cpbl.
3305 5566 3633 5638 dicebatur.
3693 5567 3853 5638 quod

2205 5636 2460 5714 Zonaras
2490 5629 2566 5714 ,ἐν
2590 5637 2701 5714 Ατῷ
2759 5632 2977 5707 Σενάτῳ
3061 5629 3397 5709 καλούμενον
3464 5629 3726 5714 μέγιστον⁸
3774 5637 3850 5692 οἶ-

2205 5725 2297 5760 κον
2328 5705 2550 5762 scribit.
2584 5705 2758 5761 Goan.
