4186 6198
347 331 470 392 565

1501 327 2049 395 HISTORIABUM
2093 326 2646 390 COMPENDIUM.

3656 331 3777 393 566

354 460 513 532 Μόνή
547 457 605 517 δὶ
655 462 692 532 ἡ
748 463 1057 538 Ἀντιόχεια
1113 463 1183 529 λς
1237 462 1499 529 χιλιάδας
1558 466 1711 522 σίτου
1740 465 1858 521 κατ’
1888 460 2006 526 ἔτος

2121 465 2410 521 immisso.
2445 464 2581 520 Solo
2612 464 2922 521 Antiochia
2959 481 3149 521 annos
3200 465 3431 523 modios
3461 470 3636 525 36000
3662 488 3780 527 ac-

354 544 650 618 ξλᾶμὸανε,
686 557 927 624 Σεισμοῦ
976 549 1032 608 δὲ
1089 551 1143 608 ἒν
1205 556 1404 631 Κύπρῳ
1431 555 1722 633 γενομένου
1757 553 2005 627 Σαλαμῖν

350 640 386 708 ἡ
416 637 581 701 πόλις
613 640 870 696 κατέπεσε
900 642 990 696 καὶ
1022 645 1203 699 ἱκανὸν
1231 643 1450 715 πλῆθος
1490 643 1779 725 διέφθειρε.

426 729 523 799 Τῷ
546 729 624 781 κθ’
654 725 757 784 ἔτει
791 727 1100 803 Δαλματιος
1159 735 1364 809 Καῖσαρ
1418 733 1779 810 ἀνηγορεύθη.
1829 730 2012 788 Καλό-

347 836 541 891 καιρος
600 813 661 871 δὲ
718 816 769 872 ἐν
830 817 1036 894 Κύπρῳ
1090 824 1422 896 τυραννήσας
1454 820 1506 877 ἐν
1539 824 1736 897 Ταρσῷ
1781 827 1883 891 τῆς
1917 825 2012 874 Κι-

351 903 536 969 λικίας
572 907 678 962 ὑπὸ
710 905 1031 981 Δαλματίου
1064 915 1169 979 ζῶν
1201 911 1572 969 κατακαίεται.

420 1000 510 1068 Τῷ
540 994 755 1073 λγ“τῆς
794 997 962 1053 αὑτοῦ
1022 999 1306 1074 βασιλείας
1359 1002 1389 1057 ὁ
1452 1001 1618 1077 μέγας
1678 1004 2010 1056 Κωνσταντῖ-

348 1105 439 1147 νος
501 1088 745 1158 τελευτᾷ.
793 1089 1025 1157 Κινήσας
1081 1090 1183 1164 γὰρ
1238 1091 1373 1145 κατᾶ
1431 1094 1650 1166 Περσῶν
1705 1090 1811 1145 ἀπὸ
1843 1096 2009 1145 Νικο-

354 1172 589 1248 μηδείας
648 1173 702 1230 ἐν
757 1180 875 1239 τοῖς
937 1177 1159 1241 Πυθίοις
1218 1178 1547 1253 αὐτομάτοις
1616 1183 1841 1254 θερμοῖς
1900 1180 2012 1252 (92)

349 1265 722 1341 παραγίνεται.
776 1266 877 1321 Καὶ
932 1269 1221 1337 κακωθεὲς,
1267 1266 1468 1332 ἐκεῖθεν
1526 1290 1585 1324 τε
1642 1267 1711 1323 δι’
1752 1267 2011 1326 Έλενου-

347 1354 571 1417 πόλεως
604 1353 656 1408 ἰν
688 1358 768 1424 τῷ
798 1355 1002 1429 χάρακι
1061 1356 1255 1424 ἐλθὼν,
1316 1356 1551 1429 πυρετοῦ
1605 1352 1816 1434 λάϐρον
1846 1377 2010 1412 κατα-

350 1442 588 1517 σχόντος
621 1444 782 1498 αὐτὸν
814 1441 1186 1515 ἐτελεύτησεν,
1242 1448 1376 1518 μετᾶ
1407 1448 1450 1510 θ’
1481 1445 1598 1510 ἔτος
1628 1450 1725 1501 τοῦ
1755 1446 2011 1519 οἰκισμοῦ

346 1532 441 1585 καὶ
499 1530 857 1607 ἐγκαινισμοῦ
917 1536 1570 1598 Κωνσταντινουπόλεως.
1620 1535 1723 1593 Καὶ
1778 1536 2007 1605 ἆπετὲοη

349 1620 406 1675 ὲν
467 1620 696 1695 λάρνακι
754 1629 1009 1699 πορφυσᾷ
1064 1626 1189 1694 ἢτοι
1240 1626 1520 1698 Ῥωμαίῳ,
1568 1628 1651 1698 [Ρ.
1684 1628 1812 1698 297]
1850 1624 2009 1686 αὐτὸς

352 1730 414 1765 τε
442 1710 536 1765 καὶ
566 1713 599 1779 ἡ
638 1714 823 1787 μήτηρ
865 1713 1029 1767 αὐτοῦ
1068 1712 1262 1784 Ἑλένη
1322 1715 1429 1787 πρὸ
1483 1711 1693 1768 δώδεκα
1746 1711 1879 1768 ἐτῶν
1907 1719 2009 1780 τῆς

353 1800 521 1855 αὐτοῦ
553 1798 811 1870 τελευτῆς
846 1802 1186 1866 ἀποθανοῦσα
1242 1802 1332 1857 καὶ
1390 1805 1425 1871 ἡ
1483 1804 1618 1878 γυνὴ
1666 1801 1831 1857 αὐτοῦ
1862 1805 2011 1857 Φαῦ-
2045 1832 2090 1896 Β

354 1911 475 1955 στα,
509 1890 754 1965 θυγάτηρ
787 1892 1127 1963 Μαξιμιανοῦ
1173 1896 1270 1946 τυῦ
1299 1891 1649 1966 Ἑρκουλίου,
1680 1888 2011 1964 καταλείψας

359 1978 414 2034 ἰν
488 1977 739 2054 βασιλείᾳ
803 1986 946 2052 τρεῖς
1018 1981 1193 2051 υἱοὺς,
1265 1982 1633 2037 Κωνστάντιον
1698 1981 1787 2035 καὶ
1854 1986 2014 2036 Κων-

357 2074 636 2124 σταντῖνον
709 2070 797 2124 καὶ
867 2071 1209 2141 Κώνσταντα,
1279 2068 1659 2146 διορισάμενος
1726 2070 2012 2126 Κωνστάν-

348 2179 470 2213 τιον
534 2159 627 2228 μὲν
688 2154 837 2237 ἔχειν
893 2160 958 2214 τὲ
1016 2159 1231 2233 Θρῖκης
1288 2159 1377 2213 καὶ
1430 2160 1605 2232 Ἒῲας
1669 2160 1831 2233 μὲρη,
1872 2164 2015 2213 Κων-

348 2253 631 2303 σταντῖνον
674 2244 731 2303 δὲ
788 2249 854 2302 τε
912 2249 1048 2323 πρὸς
1106 2249 1357 2303 Ὠκεανὸν
1416 2246 1659 2324 ἑσπέρια,
1695 2249 2013 2304 Κώνσταντα

348 2334 406 2391 δὲ
440 2339 687 2410 Κρήτην.
722 2338 991 2413 Ἀφρικὴν
1024 2338 1113 2392 τιαῖ
1145 2340 1206 2393 τὸ
1238 2335 1567 2413 Ἰλλυρικόν.
1616 2339 1750 2408 Δόξα
1782 2335 1839 2393 δὲ
1888 2358 2013 2393 κατ-

345 2426 479 2501 έσχε
520 2425 840 2495 τελευτῆσαι
893 2428 990 2500 μὲν
1044 2428 1137 2482 τὸν
1201 2424 1373 2504 μέγαν
1434 2431 1841 2483 Κωνσταντῖνον
1884 2448 2014 2503 φαρ-

349 2516 512 2589 μάκῳ
568 2513 899 2590 δηλητηρῖῳ
957 2512 1227 2591 ἐπιϐουλῇ
1285 2521 1394 2571 τῶν
1453 2514 1726 2594 ἀδελφῶν,
1779 2513 1864 2571 διὸ
1916 2518 2009 2571 καί

345 2604 509 2658 αὐτὸν
545 2608 707 2658 τοῦτο
736 2600 806 2658 δι’
838 2603 1183 2683 αὐτογράφου
1236 2603 1531 2678 ἐπισκῆψαι
1583 2609 1663 2677 τῷ
1721 2601 1899 2671 παιδὶ,
1931 2603 2013 2658 ἐκ·

350 2689 573 2760 δικῆσαί
634 2714 693 2748 τε
761 2693 849 2747 καὶ
916 2693 1250 2765 φυλάξασθαι
1313 2693 1442 2756 τοὺς
1498 2691 1792 2754 ἀνελόντας
1850 2693 2012 2748 αὐτὸν

349 2785 551 2845 θείους
603 2777 839 2839 λαϐόντα
900 2780 957 2839 δὲ
1015 2785 1115 2854 τὴν
1176 2784 1434 2853 τοιαύτην
1490 2786 1703 2862 γραφὴν
1738 2778 2009 2840 Εὐσὲϐιον

347 2874 444 2928 τὸν
506 2871 876 2945 Νικομηδείας
935 2873 1230 2928 ἐπίσκοπον
1291 2870 1584 2928 ἀποδοῦναι
1648 2873 2010 2945 Κωνσταντίῳ

350 2961 411 3016 ἐκ
461 2968 561 3029 τῆς
610 2961 783 3034 Ἑῴας
834 2958 955 3035 ἄρτι
987 2957 1430 3038 παραγενομένῳ,
1464 2954 1612 3023 ἔιοεν
1663 2981 1723 3016 τε
1762 2961 2008 3034 γενέσθαι

350 3048 514 3103 αὐτὸν
590 3048 679 3104 καὶ
756 3047 1050 3104 ἐπίσκοπον
1125 3049 1766 3110 Κωνσταντινουπόλειυς.
1816 3050 1889 3102 Τὸ
1953 3045 2010 3103 δὲ

346 3138 573 3199 τούτους
604 3136 953 3213 ἀναιρεθῆναι
1011 3142 1147 3209 (93),
1179 3136 1297 3192 ἐπεί
1348 3158 1433 3194 τοι
1492 3134 1786 3214 ἀλόγιστος
1826 3141 2011 3214 σαφῶς

350 3228 385 3294 ἡ
421 3227 589 3299 αορόα
616 3226 832 3281 πάντων
890 3229 1065 3282 αὐτῶν
1117 3226 1389 3300 ἀναίρεσις
1436 3225 1616 3297 τούτῳ
1648 3223 1844 3285 ἐδόκει,
1886 3221 2005 3279 δεον

351 3309 528 3390 ἔκρ.νε
562 3317 638 3387 μὴ
672 3318 795 3370 ἀνευ
836 3314 1008 3390 λόγου
1053 3319 1214 3370 τοῦτο
1261 3319 1512 3379 ποιῆσαι.
1565 3313 1920 3385 Ἐτελεύτησε
1952 3313 2009 3369 δὲ

350 3409 380 3463 ὁ
466 3410 631 3484 μέγας
710 3414 1109 3469 Κωνσταντῖνος
1184 3403 1419 3469 εὐσεϐῶς
1509 3406 1832 3479 βασιΛεύσας
1910 3406 2005 3479 ἔτη

348 3495 442 3573 λβ“
470 3497 559 3552 καὶ
592 3504 762 3569 μῆνας
798 3504 848 3565 ι’,
883 3500 1049 3567 ζήσας
1080 3499 1148 3554 τὶ
1179 3500 1349 3552 πάντα
1374 3492 1470 3567 ἔτη
1503 3498 1589 3568 ξε’.

427 3586 798 3649 Κωνστάντιος
855 3582 1201 3641 ἐϐασίλευσεν
1274 3580 1368 3655 ἔτη
1443 3582 1545 3655 κδ’,
1606 3586 1853 3647 Κώνστας
1913 3584 2008 3656 ἔτη

353 3676 439 3745 ιζ’.
478 3677 869 3737 Κωνσταντῖνος
900 3672 958 3729 ὂὶ
987 3677 1129 3751 ταχὺ
1186 3672 1540 3742 τετελεύτηκε
1570 3675 1760 3750 τρόπῳ
1790 3672 2007 3747 τοιῷδν

352 3762 501 3837 Πρὸς
531 3763 623 3818 τὸν
652 3760 888 3840 ἀδελφὸν
925 3763 1296 3818 Κωνστᾶντιον
1330 3764 1443 3836 (94)
1490 3762 1892 3834 κοινωσάμενος
1921 3756 2010 3835 ᾔει

351 3851 478 3924 περὶ
508 3873 668 3906 τινων
701 3857 836 3926 μετὰ
865 3851 1088 3920 πολλῆς
1129 3851 1321 3927 ἰσχύος
1379 3851 1469 3905 καὶ
1524 3848 1826 3923 δυναμεως,
1857 3850 1887 3905 ὅ
1915 3851 2008 3905 τὸν

354 3941 728 3998 Κωνστάντιον
770 3941 985 4015 είσῆγεν
1040 3940 1115 4003 εἰς
1171 3935 1431 4010 ἔκπληξιν
1484 3942 1559 4013 μή
1593 3960 1647 3995 τι
1674 3938 2007 4013 νεωτερίσων

349 4028 640 4104 ἀφικνῆται
719 4025 795 4088 εἰς
868 4026 1046 4081 αὐτόν·
1131 4027 1222 4081 καὶ
1314 4029 1568 4100 πονηρῶν
1677 4020 2009 4098 συμϐουλῶν

349 4116 628 4190 ἐπιτυχὼν
702 4117 794 4171 καὶ
872 4118 1006 4191 πρὸς
1082 4113 1335 4188 πόλεμου
1427 4112 1773 4190 ερεθιζόντων
1849 4113 2007 4169 αὐτὸν

350 4204 546 4276 ἐξῆλθε
574 4206 691 4261 κατ’
722 4206 909 4263 αὐτοῦ.
946 4205 1045 4262 Καὶ
1075 4200 1428 4282 συρῥαγέντο,
1476 4201 1731 4276 πολέμου
1783 4201 1834 4258 ἐν
1893 4209 2009 4267 τοῖς

350 4293 610 4374 ἐσχάτοις
668 4300 778 4351 τῶν
840 4296 1144 4373 φευγόντων
1206 4293 1442 4368 εὑρεθεὶς
1510 4293 1538 4347 ὁ
1609 4295 2009 4358 Κωνσταντῖνος

349 4385 670 4458 ἀναιρεῖται,
702 4384 888 4460 τρίτος
919 4382 992 4438 ὢν
1036 4380 1293 4461 ἁδελφὸς,
1350 4382 1441 4437 καὶ
1495 4382 1693 4459 γίνεται
1728 4385 2012 4438 Κωνσταν-

349 4494 469 4536 τιος
518 4472 788 4551 ἒγκρατης
838 4474 1056 4529 πάντων
1103 4474 1211 4528 τῶν
1260 4470 1577 4547 Ἑσπερίων.
1631 4475 1732 4528 Ἦν
1770 4470 1827 4527 δὲ
1858 4479 2008 4527 Κων-

2119 554 2295 626 cepit.
2328 556 2688 609 Terrtemotu
2720 571 2895 627 porro
2947 555 3209 611 Salamin
3257 557 3401 612 urbs
3449 559 3623 632 Cypri
3672 560 3779 616 de-

2111 644 2292 716 jecta,
2330 642 2620 714 multique
2653 644 2931 700 mortales
2957 645 3235 701 exstincti
3288 652 3445 704 sunt.

2191 741 2361 788 Anno
2420 736 2487 789 29
2547 733 2873 791 Dalmatius
2924 736 3120 791 Caesar
3174 736 3515 811 designatus
3575 746 3683 796 est.
3716 742 3773 797 Is

2119 824 2278 879 Tarsi
2303 822 2522 878 Ciliciae
2549 824 2936 893 Kalocaerum,
2965 826 3066 897 qui
3094 826 3156 881 in
3179 826 3367 899 Cypro
3394 829 3771 900 tyrannidem

2120 917 2401 985 gesserat.
2436 912 2625 968 vivum
2657 913 3004 970 combussit.

2192 1003 2358 1056 Anno
2390 1001 2479 1056 sui
2514 1002 2748 1073 imperii
2781 1004 2847 1056 33
2895 1005 3321 1061 Constantinus
3379 1008 3621 1080 Magnus
3651 1025 3775 1064 mo-

2122 1089 2291 1143 ritur.
2326 1090 2500 1145 Facta
2533 1091 2590 1144 in
2624 1091 2830 1146 Persas
2854 1093 3232 1163 expeditione
3264 1111 3299 1151 a
3331 1096 3672 1152 Nicomedia
3700 1096 3775 1153 ad

2122 1179 2383 1233 thermas
2414 1180 2653 1250 Pythias
2671 1186 3042 1250 pervenerat.
3070 1182 3212 1238 lnde
3235 1184 3389 1240 male
3415 1186 3627 1241 allecto
3648 1202 3774 1241 cor-

2120 1284 2264 1339 pore
2295 1285 2403 1339 per
2433 1269 2848 1340 Helenopolim
2883 1270 2943 1325 in
2975 1277 3171 1327 castra
3199 1289 3333 1328 cum
3365 1274 3645 1341 venisset,
3676 1291 3776 1330 ve-

2121 1358 2387 1413 hementi
2418 1358 2579 1414 febre
2602 1367 2909 1431 correptus
2931 1361 3107 1416 vitam
3132 1378 3267 1418 cum
3292 1369 3481 1419 morte
3512 1380 3777 1419 commu-

2124 1448 2283 1516 tavit,
2318 1465 2475 1503 nono
2535 1455 2665 1520 post
2722 1450 3021 1506 conditam
3063 1450 3514 1524 dedicatamque
3569 1453 3775 1525 Cpolin

2122 1553 2299 1592 anno.
2337 1538 2615 1609 Sepultus
2647 1544 2735 1594 est
2764 1539 2825 1594 in
2874 1556 3011 1595 arca
3061 1541 3487 1613 Porphyretica
3526 1559 3630 1599 seu
3662 1544 3777 1597 Ro-

2120 1643 2314 1687 mana.
2353 1633 2412 1681 et
2441 1633 2631 1683 mater
2685 1629 2813 1701 ejus
2870 1630 3090 1685 Helena
3132 1631 3342 1687 eodem
3394 1635 3676 1704 reposita,
3708 1649 3777 1688 ac

2120 1720 2335 1771 Fausta
2365 1733 2533 1782 uxor,
2566 1717 2690 1772 tilia
2728 1718 3065 1774 Maximiani
3126 1721 3413 1785 Berculei,
3450 1739 3582 1793 quas
3616 1721 3772 1777 duo-

2124 1804 2314 1859 decim
2345 1806 2520 1861 annis
2551 1813 2687 1860 ante
2718 1808 2917 1862 mariti
2950 1808 3176 1864 obitum
3228 1810 3583 1866 decesserat.
3619 1811 3775 1873 520

2123 1895 2443 1966 Imperium
2479 1895 2666 1951 tribus
2722 1895 2860 1952 filiis
2918 1898 3181 1971 reliquit,
3227 1901 3585 1959 Constantio.
3621 1903 3777 1959 Con-

2123 1984 2387 2039 stantino
2421 1990 2480 2039 et
2509 1986 2838 2054 Constanti,
2887 1988 2969 2043 ita
3019 1987 3270 2045 divisum
3301 1995 3366 2045 ut
3396 1992 3777 2048 Constantius

2123 2077 2427 2132 Thraciam
2461 2084 2520 2133 et
2550 2079 2850 2135 Orientem
2883 2086 3135 2149 teneret,
3188 2085 3611 2140 Constantinus
3648 2102 3778 2157 quin

2122 2165 2459 2221 Occidentis
2518 2173 2657 2223 sunt
2712 2168 2785 2224 ad
2842 2171 3163 2232 Oceanum.
3198 2172 3484 2228 Constans
3516 2175 3775 2246 Cretam,

2121 2256 2381 2312 Africam
2413 2262 2471 2311 et
2501 2258 2825 2331 Illyricum.
2856 2260 3157 2317 Creditum
3179 2263 3289 2318 fuit
3319 2265 3776 2321 Constantinum

2122 2361 2156 2399 a
2187 2346 2310 2401 suis
2340 2347 2622 2402 fratribus
2644 2349 2905 2403 exhibito
2928 2350 3133 2405 lethali
3163 2368 3386 2407 veneno
3417 2354 3776 2409 exstinctum

2122 2433 2344 2500 fuisse;
2379 2435 2632 2506 ideoque
2684 2453 2818 2491 eum
2873 2455 2980 2493 sua
3036 2456 3217 2495 manu
3276 2440 3514 2512 scriptis
3559 2442 3773 2498 litteris

2121 2522 2439 2578 mandasse
2460 2524 2582 2579 tilio
2607 2530 2724 2579 uta
2747 2527 2971 2596 patruis
2994 2527 3104 2581 sibi
3128 2532 3357 2583 caveret
3381 2545 3601 2601 eosque
3625 2529 3771 2584 ulci-

2122 2619 2387 2667 sceretur
2410 2628 2423 2679 ;
2450 2629 2548 2669 eas
2574 2613 2801 2670 litteras
2824 2615 3140 2671 Eusebium
3163 2616 3521 2673 Nicomedia;
3544 2618 3774 2690 episco-

2121 2717 2261 2771 pum
2290 2701 2611 2773 accepisse,
2647 2715 2706 2758 et
2743 2705 3087 2760 Constantio
3144 2722 3356 2762 recens
3406 2722 3476 2762 ex
3534 2708 3775 2764 Oriente

2120 2806 2354 2846 reverso
2386 2791 2721 2855 tradidisse,
2753 2792 3010 2863 indeque
3070 2794 3250 2850 etiam
3309 2794 3617 2866 Cpolitano
3649 2797 3775 2868 epi-

2120 2885 2363 2950 scopatu
2399 2880 2669 2951 potitum.
2704 2881 2907 2936 Visum
2937 2887 3134 2937 autem
3166 2882 3280 2938 fuit
3307 2882 3631 2939 absurdum
3663 2900 3775 2956 pa-

2118 2976 2284 3025 trnos
2317 2971 2462 3026 istos
2486 2971 2663 3026 simul
2687 2973 2994 3028 universos
3018 2973 3164 3029 velle
3189 2973 3458 3029 occidere.
3482 2992 3496 3041 ;
3524 2974 3778 3047 ideoque

2119 3059 2422 3115 decretum
2458 3066 2547 3116 est
2578 3075 2702 3114 rem
2760 3066 2932 3117 caute
2989 3061 3299 3133 agendam.
3360 3063 3529 3118 Diem
3575 3069 3776 3119 autem

2122 3165 2293 3204 suum
2328 3149 2422 3220 pie
2462 3149 2607 3203 obiit
2650 3149 3073 3205 Constantinus
3123 3151 3386 3222 Magnus,
3419 3167 3552 3206 cum
3586 3152 3775 3223 impe-

2127 3201 2141 3203 _
2203 3201 2291 3204 η
2329 3201 2383 3220 Γ
2662 3201 3067 3205 --______-_____-
3123 3201 3386 3222 _.__o____,
3425 3201 3552 3206 -_-_
3586 3201 3741 3223 --πρ

2039 3201 2082 3267 C
2119 3242 2311 3291 rasset
2341 3252 2528 3291 annos
2561 3234 2803 3308 triginta
2824 3236 2992 3305 duos,
3016 3253 3255 3293 menses
3272 3237 3501 3305 decem,
3532 3238 3775 3293 vixisset

2115 3342 2303 3382 annos
2333 3326 2641 3399 sexaginta
2662 3325 2947 3399 quinque.

2188 3583 2566 3639 Constantius
2626 3584 2935 3656 imperavit
2987 3600 3177 3640 annos
3229 3585 3432 3658 viginti
3490 3591 3767 3657 quatuor,

2118 3673 2407 3727 Constans
2456 3689 2643 3728 annos
2692 3673 3141 3745 septemdecim.
3193 3675 3619 3731 Constantinus
3650 3676 3768 3731 cito

2117 3761 2311 3833 periit.
2336 3760 2513 3831 idque
2537 3760 2645 3815 hoc
2667 3766 2838 3832 pacto
2870 3778 2883 3815 :
2916 3761 3247 3817 Accedebat
3265 3763 3338 3818 ad
3360 3763 3601 3819 fratrem
3624 3766 3770 3818 Con-

2119 3850 2429 3914 stantium,
2461 3854 2526 3903 ut
2547 3864 2683 3903 eum
2706 3865 2774 3903 eo
2796 3848 2869 3904 de
2899 3865 2964 3903 re
2986 3849 3243 3920 quadam
3275 3852 3767 3918 communicaret,

2118 3939 2350 4009 magnis
2380 3936 2696 3993 comitatus
2728 3937 2934 4009 copiis.
2979 3939 3145 4002 Quod
3177 3939 3578 4011 suspicionem
3609 3941 3765 3995 Con-

2119 4029 2335 4101 stantio
2362 4026 2563 4096 movit,
2595 4042 2669 4081 ne
2703 4026 2843 4098 quid
2888 4026 3070 4083 frater
3115 4028 3251 4082 novi
3302 4027 3632 4083 moliretur.
3665 4033 3767 4084 At-

2119 4132 2232 4187 que
2256 4116 2353 4172 hic
2383 4114 2555 4171 malis
2582 4115 3022 4171 consultoribus
3065 4132 3208 4172 usus
3252 4116 3325 4172 ad
3374 4134 3633 4189 pugnam
3664 4133 3768 4173 ex-

2117 4203 2513 4269 hortantibus,
2572 4210 2779 4259 contra
2853 4220 2988 4259 eum
3064 4205 3386 4261 exercitum
3446 4205 3649 4261 eduxit
3702 4206 3765 4262 in

2116 4294 2325 4359 aciem,
2351 4291 2797 4363 Commissoque
2830 4292 3033 4363 przelio
3056 4293 3477 4349 Constantinus
3500 4294 3653 4349 inter
3674 4310 3767 4349 ex-

2115 4389 2339 4437 tremos
2370 4382 2432 4436 in
2463 4381 2600 4453 fuga
2644 4382 3105 4452 comprehensus
3163 4387 3221 4437 et
3276 4383 3622 4439 interfectus
3653 4389 3761 4439 est.

2114 4476 2201 4528 Ita
2229 4472 2609 4528 Constantius
2639 4470 2956 4527 Occidente
2987 4479 3109 4528 toto
3143 4473 3385 4544 potitur.
3417 4474 3626 4530 Satura
3654 4474 3767 4531 fuit

355 4563 600 4624 στάντιος
655 4565 754 4633 τήν
812 4567 910 4617 τοῦ
966 4564 1221 4636 σώματος
1279 4558 1592 4636 ἀναδρομὴν
1639 4561 1886 4633 εὐμήκης
1918 4562 2006 4617 καὶ

2121 4561 2498 4617 Constantius
2553 4577 2820 4632 procera.
2854 4561 3005 4618 ὅτι
3042 4578 3249 4631 navus,
3304 4569 3546 4635 aspectu
3588 4563 3761 4632 truci,

352 4650 658 4722 ὲπίεανθος,
690 4653 937 4729 χαροπὸς
977 4657 1090 4725 (95)
1137 4653 1236 4720 τήν
1296 4648 1443 4726 ὄψιν,
1498 4644 1871 4724 εὐμετάϐολος
1901 4652 1999 4720 τὴν

351 4744 605 4820 γνώμην,
664 4746 896 4822 σώφρων
951 4743 1017 4797 τὰ
1072 4743 1207 4818 πρὸς
1263 4737 1575 4818 ἀφροδίσια,
1635 4741 1822 4803 φίλοις
1880 4762 2001 4795 συν-

2114 4652 2315 4709 aninio
2346 4651 2733 4713 inconstanti.
2765 4651 2852 4707 rei
2901 4668 3165 4707 venerem
3214 4652 3538 4714 abstinens.
3575 4654 3761 4709 comis

2114 4757 2251 4814 erga
2280 4740 2523 4799 amicos.
2553 4740 2614 4794 in
2646 4739 2778 4796 cibo
2813 4740 3244 4796 continentiam
3275 4741 3585 4810 adhibens,
3620 4740 3762 4796 sub-

1556 4866 1919 4923 XYLANDRI
1958 4867 2045 4921 ET
2080 4865 2298 4922 GOARI
2324 4864 2551 4922 ΝΟΤᾸΞ.

422 4995 537 5067 (92)
571 4997 769 5067 Aquas
799 4995 967 5051 nulla
995 4995 1257 5067 humana
1286 4992 1601 5058 industria,
1634 4991 1739 5049 sed
1768 4998 1996 5067 naturaa

347 5063 559 5151 sponte
593 5063 1000 5139 beneficioque
1031 5066 1106 5122 ad
1155 5066 1372 5122 balnea
1416 5070 1778 5137 praeparatas
1819 5063 1997 5119 intel-

350 5139 488 5212 lige.
522 5140 695 5195 Goaa.

415 5213 530 5282 (93)
598 5211 833 5283 Absque
894 5209 1089 5283 verbis
1150 5207 1213 5262 τὸ
1278 5203 1337 5283 δε
1413 5206 1658 5283 τούτουςΔ
1706 5204 1997 5283 ᾀναιρεθῆ-ει

345 5274 432 5335 ναί
463 5274 677 5339 sensus
708 5274 1013 5355 integrior,
1047 5282 1093 5337 si
1125 5279 1484 5353 praamiseris
1533 5275 1659 5333 ἀλλ’
1705 5274 1841 5332 ἔπεϊ
1870 5274 2000 5330 ἀλό-

350 5373 559 5431 γιστος.
601 5358 775 5412 6οη.
1545 5422 1555 5434 ⁸
1694 5422 1705 5433 ο

364 5498 391 5502 _
424 5426 537 5498 (94)
569 5427 803 5502 Falsum
835 5428 947 5502 hoc
1004 5429 1093 5502 est
1119 5426 1230 5502 _et_
1263 5428 1467 5502 contra
1499 5420 1995 5502 historimﬁdem.

352 5492 658 5576 Constanti
683 5500 842 5576 enim
864 5496 1093 5576 absenti
1115 5493 1335 5550 bellum
1360 5495 1621 5576 inferer
1641 5492 1795 5576 apud
1820 5492 1999 5576 aqui-

355 5569 533 5626 leiam
564 5570 637 5627 ab
668 5574 798 5641 ejus
829 5569 1092 5625 exercitu
1122 5582 1310 5641 caesus
1348 5568 1527 5641 periit
1553 5567 1995 5623 Constantinus.

357 5641 428 5700 Et
455 5643 540 5701 sic
569 5638 746 5717 paulo
777 5648 913 5717 post
940 5646 1099 5698 recte
1129 5638 1364 5712 legitur.
1397 5639 1531 5695 XvL.

2177 4991 2289 5059 (95)
2340 4990 2443 5045 Hic
2499 5006 2668 5061 mque
2725 5005 2792 5045 ac
2849 4988 2928 5061 in,
2960 4988 3299 5061 Justiniano
3351 4987 3599 5061 χαροπόν
3654 4989 3754 5057 τήν

2106 5054 2229 5135 ὄψιν
2272 5054 2507 5131 ἀερεοῑιι
2571 5054 2805 5135 trucem_
2832 5059 3091 5116 reddidit
3139 5054 3451 5135 interpres.
3483 5054 3761 5135 _Constat

2109 5131 2329 5201 autem,
2361 5140 2427 5188 ut
2458 5132 2744 5196 moribus,
2791 5132 2875 5186 ita
2930 5131 3196 5203 corporis
3247 5131 3429 5203 signis
3474 5133 3757 5189 Iustinia-

2108 5221 2249 5259 num
2284 5219 2577 5258 summam
2602 5202 3119 5258 mansuetudinem
3144 5202 3496 5273 praetulisse.
3522 5205 3758 5261 Rectius

2106 5276 2308 5356 itaque
2340 5291 2474 5356 cum
2504 5274 2886 5356 Jo._-Baptist_a
2917 5276 3091 5327 Porta
3111 5274 3199 5356 _in_
3234 5274 3553 5356 Phi/322091;;
3586 5295 3757 5353 χαρο-

2105 5344 2415 5401 πόνίτεδίἰδ
2473 5345 2662 5407 oculis.
2712 5344 2930 5407 ’quales
2989 5352 3130 5399 sunt
3184 5344 3451 5406 leonini.
3487 5344 3757 5405 illustrem

2107 5424 2527 5494 vert9.__guenl
2584 5415 2862 5494 eumdem
2915 5422 3181 5494 περιφερῆ
3238 5415 3328 5494 καὶ
3389 5415 3757 5494 εὐόφθαλμον,

2107 5488 2439 5561 volubilibus
2469 5488 2827 5558 benignisque
2883 5489 3053 5561 oculis
3110 5488 3505 5561 Conspicuum'
3546 5491 3757 5549 Suidas

2107 5578 2241 5616 cum
2290 5559 2479 5615 lexico
2540 5562 2849 5632 Anonymo
2908 5558 3053 5615 Bibl.
3116 5558 3273 5635 Reg:
3307 5562 3754 5635 interpretatur.

2105 5635 2285 5694 Con.
