4186 6198
418 394 535 457 567

1775 401 2097 465 GEORGII
2127 401 2468 464 CEDRENI

3713 406 3834 470 568

418 522 677 585 ditorum
709 530 1099 601 petitionibus
1130 536 1189 586 et
1218 533 1413 588 causis
1436 533 1757 607 benignus:
1781 534 2074 590 fructibus

2201 530 2673 611 ἱναστρειρόμενος,
2708 530 2978 610 ἐγκρατὴς
3037 534 3106 589 τὰ
3160 533 3298 610 πρὸς
3335 537 3567 612 τροφὴν,
3603 534 3838 608 εὐμενής

419 635 664 690 prorsus
695 618 1055 685 abstinebat,
1080 620 1141 675 in
1173 623 1656 680 contentionibus
1678 624 1896 679 ducum
1917 639 2076 677 sem-

420 723 529 778 per
579 707 857 763 decorum
909 709 1199 777 servabat,
1252 712 1558 768 neminem
1614 711 1980 768 ineruditum
2011 712 2073 766 in

422 800 697 850 senatum
724 797 1068 868 recipiebat,
1095 799 1222 871 ipso
1248 806 1307 856 et
1327 818 1565 873 prosam
1588 802 1913 857 orationem
1939 801 2078 855 scri-

420 883 561 939 bere
593 888 652 939 et
678 901 883 941 versus
914 904 1169 960 pangere
1200 888 1509 947 didicerat.
1560 892 1751 946 Unum
1782 891 1837 945 ei
1867 890 2072 945 vitium

422 972 633 1043 adfuit,
665 991 858 1047 pravas
884 975 957 1032 de
981 977 1266 1050 religione
1298 980 1632 1053 opiniones.

492 1161 664 1216 Anno
723 1161 1053 1217 Constantii
1110 1162 1347 1236 imperii
1407 1164 1670 1220 secundo
1746 1163 2074 1220 Dalmatius

420 1249 613 1305 Caesar
643 1265 677 1304 a
709 1249 1000 1306 militibus
1031 1260 1297 1318 necatur,
1328 1271 1523 1326 neque
1548 1254 1799 1327 jubente
1832 1254 1889 1310 id
1921 1253 2075 1309 Con—

422 1340 637 1394 stantio
670 1356 863 1410 neque
886 1347 1138 1399 vetante.
1163 1345 1344 1398 Erant
1365 1345 1542 1400 etiam
1566 1361 1686 1399 una
1703 1342 2074 1398 interfecturi

417 1427 650 1483 Gallum
684 1435 741 1483 et
768 1429 1074 1485 Julianum
1109 1431 1260 1487 ﬁlios
1291 1434 1615 1489 Constantii
1649 1434 1779 1504 ejus
1810 1433 1910 1504 qui
1933 1430 2078 1488 Con;

419 1518 680 1572 stantini)
714 1517 922 1589 Magno
984 1520 1167 1575 frater
1214 1520 1357 1576 fuit:
1406 1522 1510 1577 sed
1568 1521 1801 1578 Gallum
1832 1520 2075 1576 morbus

422 1607 553 1661 neci
584 1606 896 1672 subtraxit,
927 1608 1231 1664 Julianum
1264 1616 1429 1675 aetas,
1462 1616 1591 1666 octo
1623 1617 1855 1665 tantum
1888 1626 2075 1666 annos

423 1700 652 1751 natum.
673 1697 1051 1753 Constantius
1074 1705 1271 1754 autem
1295 1717 1431 1756 cum
1457 1706 1594 1755 ante
1622 1701 1981 1756 sententiam
2003 1699 2075 1754 de

424 1785 572 1840 Filio
600 1785 1093 1843 consubstantiali
1153 1795 1312 1844 esset
1364 1789 1697 1862 amplexus,
1738 1795 1873 1861 post
1900 1788 1973 1844 ab
2008 1804 2078 1844 ea

427 1874 935 1935 descivitJevitate
959 1877 1182 1950 ingenii
1204 1895 1272 1933 ac
1292 1878 1498 1934 fraude
1518 1879 1721 1935 Ariani
1747 1876 2075 1951 presbyteri

427 1969 487 2020 et
520 1963 750 2019 Eusebii
791 1966 1201 2022 ennucborum
1232 1967 1521 2040 principis
1554 1974 1613 2023 et
1641 1967 1877 2023 Eusebii
1909 1968 2083 2023 Nico-

426 2052 751 2109 mediensis
782 2054 1067 2127 episcopi.

499 2142 691 2199 Tertio
719 2159 874 2198 anno
904 2143 1328 2201 Constantinus
1389 2162 1525 2201 eum
1555 2144 1616 2201 in
1649 2145 1936 2202 ditionem
1968 2145 2083 2201 fra-

427 2232 534 2288 tris
564 2232 903 2288 Constantis
936 2232 1292 2301 advenisset,
1326 2236 1646 2293 commissa
1675 2253 1873 2308 pugna
1899 2252 1933 2290 a
1964 2235 2085 2291 mi-

426 2321 634 2377 litibus
684 2326 774 2377 est
821 2321 1191 2389 interfectus,
1251 2328 1319 2380 ut
1371 2324 1647 2382 diximus.
1709 2325 2087 2380 Constantius

429 2411 685 2469 Orientis
713 2411 1036 2483 imperator
1065 2412 1294 2468 Gallum
1318 2415 1694 2471 etJulianum
1728 2413 2088 2471 erudiendos

431 2501 676 2558 tradidit
707 2501 768 2557 in
800 2502 928 2557 loco
992 2504 1091 2573 qui
1150 2504 1459 2560 Macelium
1513 2506 1848 2578 appellatur
1878 2511 1936 2561 et
1968 2520 2089 2559 non

434 2591 643 2664 procul
674 2591 841 2647 abest
870 2608 904 2648 a
935 2593 1201 2649 Caesarea
1252 2593 1659 2667 Cappadocia}.
1707 2596 1776 2651 Hi
1824 2595 1939 2650 duo
1972 2597 2090 2649 fra-

436 2686 558 2736 tres
589 2681 842 2736 lectores
871 2681 1260 2755 (Anagnostas
1282 2685 1513 2756 vocant)
1538 2684 2091 2753 fuerunt,intende-

436 2774 695 2840 runtque
714 2770 1005 2839 templum
1030 2776 1232 2825 sancto
1258 2773 1498 2842 martyri
1514 2773 1790 2827 Mamanti
1813 2772 2090 2828 condere.

439 2860 578 2924 Quas
609 2861 807 2911 autem
838 2873 979 2928 pars
1010 2858 1162 2914 252
1190 2859 1425 2915 Iuliano
1475 2859 1827 2915 mdiﬁcanda
1864 2860 2092 2932 obtigeo

440 2951 553 3009 rat,
585 2944 667 2999 ibi
725 2945 916 3000 solum
975 2947 1285 3003 materiam
1343 2965 1464 3004 non
1520 2950 1764 3021 recepit.
1826 2949 2094 3005 Julianus

442 3040 616 3091 tonso
666 3034 881 3106 capillo
932 3036 1319 3093 monasticam
1363 3038 1542 3094 vitam
1591 3055 1654 3094 se
1702 3039 1913 3112 degere
1944 3038 2094 3094 velle

441 3123 767 3182 simulavit.
803 3126 1183 3182 Constantius
1207 3134 1265 3182 et
1286 3128 1577 3183 Constans
1608 3128 1795 3202 legem
1831 3129 2095 3183 tulerunt

435 3233 511 3272 ne
539 3216 673 3288 quis
694 3215 932 3272 Judmus
955 3233 1188 3273 servum
1215 3223 1475 3273 emeret:
1500 3225 1764 3290 emptum
1796 3217 2085 3289 publicari

423 3307 777 3378 jusserunt;
839 3306 887 3361 si
939 3306 1073 3378 quis
1126 3307 1555 3363 circumcidere
1613 3324 1847 3364 servum
1904 3325 2086 3364 ausus

430 3403 607 3465 esset,
639 3397 835 3471 gladio
862 3397 1026 3453 feriri
1059 3405 1117 3453 et
1144 3399 1301 3455 bona
1333 3399 1463 3471 ejus
1484 3399 1797 3471 publicari.

498 3488 685 3543 Annis
743 3493 998 3557 quatuor
1054 3493 1114 3543 et
1170 3489 1435 3561 quinque
1473 3490 1792 3546 Antiochia
1822 3490 2085 3546 triduum

427 3592 643 3649 magno
676 3581 851 3632 terrm
882 3583 1048 3633 motu
1078 3578 1414 3649 periclitata
1443 3584 1551 3636 est.

500 3666 677 3721 Sexto
708 3682 865 3722 anno
896 3667 1277 3723 Constantius
1305 3668 1377 3724 de
1401 3668 1567 3725 victis
1600 3670 1856 3742 Assyriis
1884 3669 2088 3725 trium-

427 3756 649 3829 phavit.
686 3756 937 3828 Sapores
968 3758 1283 3813 Persarum
1316 3774 1420 3814 rex
1440 3759 1808 3815 Christianos
1839 3766 1930 3815 est
1958 3776 2086 3831 per-

431 3851 690 3903 secutus.
723 3847 1014 3902 Constans
1046 3846 1107 3902 in
1137 3846 1455 3905 Occidente
1493 3848 1752 3905 Francos
1781 3866 2087 3922 oppugna-

429 3937 529 3991 vit.
577 3942 655 3993 Εο
714 3953 873 3992 anno
929 3936 1218 4009 Didymus
1274 3938 1539 4009 quidam,
1598 3941 1685 3994 vir
1741 3939 2084 4011 praeclarus,

431 4026 619 4082 oculis
649 4033 856 4098 captus
887 4025 1169 4082 innotuit.
1193 4027 1281 4082 Ad
1304 4028 1461 4084 hunc
1491 4045 1740 4101 magnus
1770 4028 1871 4084 ille
1901 4031 2087 4083 Anto-

429 4116 566 4171 nius
592 4114 965 4171 Alexandria:
1023 4115 1356 4173 accedens:
1415 4118 1542 4172 Non
1597 4124 1707 4184 est,
1740 4118 1842 4184 ait,
1876 4134 1981 4173 cur
2011 4117 2084 4171 ob

421 4204 720 4276 jacturam
746 4204 1053 4259 oculorum
1071 4204 1468 4275 perturberis:
1488 4205 1635 4261 tales
1652 4206 1811 4261 enim
1833 4198 2087 4261 amisisti

429 4292 661 4355 oculos,
695 4310 845 4364 quos
877 4293 1056 4348 etiam
1092 4310 1309 4349 muscae
1343 4311 1411 4349 ac
1442 4295 1664 4351 culices
1708 4295 1923 4350 damno
1955 4295 2087 4351 affi-

421 4398 555 4437 cere
608 4388 873 4451 possunt.
932 4383 1129 4438 Gaude
1187 4383 1386 4456 potius
1444 4385 1602 4455 quod
1659 4385 1862 4441 oculos
1902 4384 2087 4440 habes

431 4472 710 4544 qualibus
740 4473 933 4545 angeli
966 4473 1181 4530 vident.

500 4560 763 4631 Septimo
794 4578 951 4616 anno
985 4563 1211 4634 ingenti
1268 4568 1441 4619 terrm
1498 4571 1662 4621 motu
1706 4567 2088 4623 Neocassarea

2184 621 2321 696 πρὸς
2349 620 2445 684 τὰς
2499 621 2742 692 αἰτήσεις
2798 620 2888 675 καὶ
2946 622 3150 697 κρίσεις
3204 628 3311 678 τῶν
3368 624 3645 691 ὑπηκόων·
3680 625 3832 681 ὀπω-

2185 715 2294 786 ρῶν
2326 711 2563 781 καθάπαξ
2622 709 2941 789 ἀφέστηκεν.
3004 713 3091 769 Ἐν
3147 709 3204 767 δὲ
3261 717 3381 774 ταῖς
3410 719 3519 769 τῶν
3548 716 3836 791 ἡγεμόνων

2184 799 2531 877 φιλοτιμίαις
2585 800 2648 856 τὸ
2702 802 2909 875 πρέπον
2968 800 3050 856 ἀεὶ
3109 798 3369 878 διετήρει.
3421 800 3632 860 Οὐδένα
3662 803 3720 859 δὲ
3751 806 3831 878 μὴ

2181 886 2431 952 παιδείας
2491 888 2789 965 μετέχοντα
2842 894 2911 965 τῇ
2971 891 3226 967 γερουσίᾳ
3282 891 3591 969 κατέλεγεν,
3637 896 3712 958 ὡς
3740 894 3832 949 καὶ

2181 978 2245 1033 τὸ
2304 976 2464 1054 εἷ’ρειν
2522 974 2690 1054 λόγον
2759 978 2850 1034 καὶ
2934 981 3153 1054 μέτροις
3209 980 3430 1058 γράφειν
3487 981 3832 1050 ἐπίστασθαι,

2184 1069 2262 1124 ἑνὶ
2296 1068 2445 1142 μόνῳ
2473 1071 2743 1142 νοσήματι
2775 1073 2842 1144 τῇ
2871 1068 3163 1141 κακοδοξίᾳ
3194 1073 3307 1143 (96)
3346 1071 3685 1144 ἡττώμενος.

2253 1161 2347 1231 Τῷ
2382 1159 2426 1233 β’
2451 1156 2557 1213 ἔτει
2600 1165 2701 1228 τῆς
2761 1157 3040 1235 βασιλείας
3091 1160 3260 1216 αὐτοῦ
3291 1160 3601 1234 Δαλμάτιος
3631 1167 3833 1237 Καῖσαρ

2185 1248 2289 1304 ὑπὸ
2347 1253 2695 1321 στρατιωτῶν
2754 1248 3075 1326 ἀναιρεῖται,
3134 1248 3197 1304 ού
3269 1248 3623 1314 κελεύσαντος
3681 1255 3837 1311 Κωλι-

2184 1337 2455 1407 σταντίου,
2486 1335 2616 1393 ἀλλ’
2647 1335 2771 1394 οὐδὲ
2820 1336 3169 1401 κωλύσαντος
3216 1342 3315 1409 τήν
3359 1342 3594 1417 σφαγήν.
3624 1339 3836 1414 ’ἔμελε

2184 1427 2279 1484 λον
2312 1425 2367 1483 δὲ
2406 1435 2836 1504 συναναιρεῖσθαι
2890 1425 3105 1492 Γάλλος
3148 1428 3238 1484 καὶ
3271 1428 3567 1492 Ἰουλιανὸς
3596 1431 3649 1485 οἱ
3682 1432 3835 1487 Κων-

2186 1516 2436 1573 σταντίου
2493 1521 2590 1572 τοῦ
2642 1515 2884 1592 ἀδελφοῦ
2941 1522 3038 1573 τοῦ
3111 1516 3370 1592 Μεγάλου
3428 1521 3835 1577 Κωνσταντίνοὶ)

2183 1604 2393 1670 παῖδες.
2427 1605 2601 1664 Ἀλλᾶ
2631 1607 2723 1663 τὸν
2754 1608 2848 1681 μὲν
2908 1606 3122 1664 Γάλλον
3180 1610 3360 1674 νόσος,
3387 1608 3480 1663 τὸν
3509 1606 3567 1664 δὲ
3599 1608 3837 1666 ’ίουλια-

2183 1698 2275 1753 νὸν
2336 1699 2370 1766 ἡ
2428 1697 2694 1768 νηπιότης
2754 1695 3028 1752 διέσωσεν
3091 1698 3356 1768 ὀκταετής
3403 1701 3507 1773 γὰρ
3558 1699 3646 1767 ἦν,
3682 1702 3842 1754 Κων-

2185 1787 2428 1847 στάντιος
2459 1782 2517 1842 δὲ
2547 1786 2809 1862 πρότερον
2860 1783 3160 1862 δεχόμενος
3187 1787 3250 1842 τὸ
3283 1788 3584 1861 ὁμοούσιον
3613 1787 3840 1859 ὕστερον

2189 1873 2439 1949 μετέθετο
2509 1877 2816 1949 κουφότητι
2899 1876 3131 1951 γνώμης
3188 1876 3279 1932 καὶ
3346 1877 3525 1952 ἀπάτῃ
3583 1880 3665 1948 [Ρ.
3708 1880 3841 1952 298]

2188 1969 2286 2021 τοῖ’)
2345 1966 2620 2042 Ἀρειανοῦ
2675 1960 3045 2041 πρεσϐυτέρου
3100 1967 3191 2021 καὶ
3251 1962 3516 2023 Εὐσεϐίου
3570 1971 3668 2022 τοῦ
3724 1971 3839 2022 τῶν

2190 2053 2467 2133 εὐνούχων
2527 2054 2899 2130 πρωτεύοντος
2956 2054 3046 2110 καὶ
3116 2050 3381 2113 Εύσεϐίου
3442 2052 3847 2129 Νικομηδεέας.

2263 2146 2354 2216 Ἰῷ
2382 2143 2428 2220 γ’
2456 2141 2562 2198 ἒτει
2593 2146 2999 2206 Κωνσταντῖνος
3057 2141 3300 2199 ἐπελθὼν
3351 2148 3468 2206 τοῖς
3498 2145 3854 2210 Κώνπαντος

2188 2237 2287 2289 τοῦ
2325 2230 2468 2288 ἰδίου
2527 2230 2766 2312 ἀδελφοῦ
2827 2233 3042 2309 μέρεσιν
3100 2234 3190 2288 καὶ
3246 2230 3551 2308 συμϐαλὼν
3607 2232 3857 2309 πόλεμον

2194 2322 2431 2398 ἀνῃρέθη
2502 2323 2605 2378 ὑπὸ
2679 2327 2787 2378 τῶν
2867 2326 3234 2399 στρατιωτῶν,
3316 2323 3392 2386 ώς
3459 2322 3853 2397 προλέλεκται.

2194 2413 2572 2477 Κωνστάντιος
2628 2408 2686 2467 δὲ
2739 2419 2840 2482 τῆς
2898 2412 3075 2485 ’Κῴας
3135 2412 3437 2489 βασιλεύων
3498 2410 3710 2468 Γάλλον
3757 2412 3852 2468 καὶ

2196 2500 2493 2559 Ἰουλιανὸν
2534 2498 2888 2571 παιδευθῆναι
2947 2501 3258 2574 παρέδωκεν
3315 2501 3367 2558 ἐν
3424 2502 3584 2579 χώρᾳ
3639 2502 3849 2558 καλουο

2200 2594 2332 2666 μένῃ
2367 2588 2433 2660 δὴ
2467 2589 2726 2664 Μακελίῳ
2760 2595 2893 2664 (97),
2951 2590 3186 2661 πλησίον
3242 2592 3570 2666 Καισαρείας
3621 2595 3853 2650 Καππα-

2198 2680 2400 2744 δοκίας.
2437 2681 2603 2738 Οὗτοι
2662 2680 2712 2735 οἱ
2773 2677 2869 2734 δύο
2927 2677 3155 2754 ἀδελφοὶ
3210 2682 3540 2756 ἀναγνῶσται
3570 2682 3852 2759 γεγόνασι,

2196 2770 2287 2825 καὶ
2347 2768 2641 2841 ἐκκλησίαν
2719 2769 2896 2824 κτίσαι
2969 2774 3049 2841 τῷ
3106 2769 3241 2844 ἁγίῳ
3302 2770 3536 2846 μάρτυρι
3594 2770 3849 2844 Μάμαντι

2197 2861 2681 2935 προεθυμήθησαν.
2740 2860 2829 2916 Ἐν
2875 2859 2920 2932 ᾧ
2974 2856 3031 2914 δὲ
3089 2862 3242 2935 μέρει
3292 2861 3490 2931 κτίζειν
3545 2860 3845 2926 Ἰουλιανὸς

2198 2947 2390 3028 ἔλαχε,
2440 2953 2601 3004 τοῦτο
2631 2951 2667 3019 ἡ
2698 2954 2769 3025 γῆ
2830 2947 2929 3002 ούκ
2982 2946 3221 3023 ἐδέχετο.
3283 2951 3745 3026 Ἀποκειράμενος
3789 2949 3850 3007 δὲ

2196 3040 2294 3101 τὰς
2345 3038 2542 3114 τρίχας
2604 3040 2913 3114 μοναχικὴν
2971 3039 3197 3109 ἄσκησιν
3286 3040 3628 3116 ὑπεκρίνατο.
3692 3045 3852 3099 Κων-

2199 3124 2443 3191 στάντιος
2494 3123 2551 3180 δὲ
2600 3124 2692 3181 καὶ
2742 3126 2997 3190 Κώνστας
3042 3125 3438 3199 ἐνομοθέτησαν
3472 3125 3735 3187 Ἰουδαῖον
3770 3132 3850 3203 μὴ

2200 3216 2451 3279 ὠνεῖσθαι
2519 3212 2739 3283 δοῦλον,
2806 3213 2924 3270 ἐπεὶ
2987 3214 3329 3291 ἀφαιρεῖσθαι
3393 3217 3553 3272 αὐτὸν
3624 3217 3701 3281 εἷς
3762 3220 3852 3273 νὸν

2200 3303 2466 3379 δημόσιον
2502 3304 2690 3382 Λόγον·
2722 3303 2765 3359 εἰ
2791 3302 2846 3360 δὲ
2867 3305 2956 3359 καὶ
2986 3312 3293 3382 περιτεμεῖν
3320 3307 3591 3380 τολμήσει
3624 3307 3847 3380 δοῦλον,

2192 3393 2330 3471 ξίφει
2361 3395 2718 3469 τιμωρεῖσθαι
2765 3394 2857 3449 καὶ
2900 3396 3000 3465 τήν
3029 3395 3224 3451 τούτου
3274 3394 3605 3469 δημεύεσθαι
3636 3398 3845 3454 οὐσίαν.

2264 3487 2354 3556 Τῷ
2387 3480 2430 3538 δ’
2456 3484 2544 3538 καὶ
2577 3484 2615 3539 ε’
2644 3478 2749 3539 ἔτει
2779 3485 3096 3560 Ἀντιόχεια
3150 3485 3255 3541 ὑπὸ
3314 3491 3545 3561 σεισμοῦ
3596 3489 3843 3562 μεγάλου

2194 3573 2281 3629 ἑπὶ
2310 3572 2485 3648 τρισὶν
2518 3570 2750 3649 ἡμέραις
2777 3571 3090 3633 ἐκινδύνευε.

2263 3668 2350 3735 Τῷ
2434 3664 2479 3728 ς’
2554 3661 2658 3719 ἔτει
2763 3663 3138 3728 Κωνστάντιος
3215 3665 3529 3742 Ἀσσυρίους
3619 3669 3849 3738 νικήσας

2193 3747 2574 3828 ἐθριάμϐευσε,
2628 3753 2903 3827 Σαπώρης
2961 3750 3019 3809 δὲ
3075 3755 3103 3810 6
3158 3759 3266 3810 τῶν
3318 3761 3535 3829 Περσῶν
3584 3756 3843 3832 βασιλεὺς

2192 3844 2326 3907 τοὺς
2383 3842 2736 3917 Χριστιανοὺς
2795 3841 3009 3914 ἐδίωκε,
3069 3845 3327 3909 Κώνστας
3383 3842 3442 3901 δὲ
3496 3843 3547 3902 έν
3588 3850 3657 3920 τῇ
3688 3846 3849 3902 Δύσει

2195 3931 2483 4009 Φράγγους
2541 3930 2830 4006 ἐπόρθησε.
2889 3933 3084 4007 Τούτῳ
3134 3938 3214 4006 τῷ
3288 3933 3394 3990 ἔτει
3461 3933 3701 4010 Δίδυμός
3757 3956 3843 3998 τις

2195 4020 2501 4097 ἐλλόγιμος
2573 4021 2713 4097 ἀνὴρ
2787 4022 2894 4077 ἀπὸ
2968 4021 3233 4096 ὀμμάτων
3310 4025 3423 4099 (98)
3497 4023 3843 4100 ἐγνωρίζετο.

2193 4112 2380 4185 Τούτῳ
2437 4112 2679 4192 ἐντυχὼν
2736 4113 2764 4167 6
2826 4114 2994 4188 μέγας
3049 4108 3342 4178 Ἀντώνιος
3372 4114 3423 4169 ἐν
3466 4114 3849 4189 Ἀλεξανδρείᾳ

2198 4202 2317 4258 εἶπε
2347 4203 2483 4279 πρὸς
2517 4201 2699 4258 αὐτὸν·
2734 4199 2916 4275 Μηδὲν
2953 4205 3265 4279 ταραττέτω
3298 4225 3355 4259 σε
3384 4206 3419 4275 ἡ
3451 4200 3704 4274 ἀποϐολή
3735 4211 3846 4262 τῶν

2197 4290 2484 4366 ὀμμάτων·
2518 4292 2758 4348 τοιοῦτοι
2816 4292 2918 4370 γάρ
2982 4313 3040 4347 σε
3097 4291 3376 4349 λείπουσιν
3432 4293 3709 4372 ὀφθαλμοὶ
3753 4294 3850 4358 οὕς

2195 4383 2286 4438 καὶ
2347 4388 2503 4455 μυῖαι
2555 4382 2645 4437 καὶ
2702 4383 2963 4444 κώνωπες
3024 4380 3231 4456 βλάψαι
3286 4382 3538 4462 ἰσχύουσι
3593 4387 3760 4459 Χαῖρε
3789 4382 3851 4441 δὲ

2197 4471 2281 4527 ὅτι
2314 4468 2463 4550 ἔχεις
2494 4469 2816 4548 ὀφθαλμοὺς
2848 4473 2929 4534 οἷς
2958 4472 3047 4526 καὶ
3081 4470 3307 4548 ἄγγελοι
3341 4471 3630 4548 βλέπουσι.

2271 4564 2366 4634 Τῷ
2398 4563 2438 4631 ζ’
2469 4559 2575 4616 ἔτει
2634 4565 2859 4635 σεισμοῦ
2919 4560 3165 4639 μεγάλου
3219 4560 3515 4636 γενομένου
3546 4562 3852 4621 Νεοκαισά-

427 4622 596 4708 ωεινῖ
613 4649 893 4723 absorpta
922 4656 1031 4720 est,
1050 4622 1295 4708 tantum
1345 4654 1608 4726 episcopi
1642 4655 1780 4711 sede
1813 4662 1870 4710 et
1899 4656 2083 4711 eccle-

2201 4673 2313 4729 ρεια
2379 4653 2727 4707 ποντισθεῖσα
2782 4652 3105 4723 κατεπτώθη
3170 4649 3316 4723 πλὴν
3383 4655 3482 4723 τῆς
3541 4652 3845 4723 ἐπισκοπῆς

429 4742 518 4797 sia
573 4740 1014 4813 superstitibus.
1070 4742 1230 4796 Tunc
1282 4743 1461 4799 etiam
1516 4744 1734 4799 Paulus
1779 4745 2085 4802 confessor

429 4831 745 4903 episcopus
777 4829 1122 4901 Lpolitanus
1155 4829 1454 4903 deligitur.

499 4922 711 4978 Octavo
742 4938 900 4977 anno
934 4936 1146 4994 magno
1198 4925 1372 4978 terras
1419 4928 1583 4979 motu
1617 4922 1855 4980 Rhodus
1886 4923 2085 4981 insula

424 5016 722 5085 prostrata
750 5017 860 5068 est.

2193 4742 2283 4798 καὶ
2313 4748 2412 4812 τῆς
2462 4739 2774 4813 ἐκκλησίας.
2837 4742 2974 4799 Τότε
3028 4742 3120 4798 καὶ
3182 4741 3396 4805 Παῦλος
3427 4744 3456 4799 ὁ
3487 4742 3843 4819 ὁμολογητὴς

2194 4837 2591 4910 χειροτονεῖται
2620 4829 2915 4894 ἐπίσκοπος
2949 4831 3590 4897 Κώνσταντινουπόλεως.

2265 4925 2366 4996 Τῷ
2415 4923 2466 4993 η’
2523 4919 2626 4977 ἔτει
2686 4926 2911 4995 σεισμοῦ
2968 4922 3210 4998 μεγάλου
3268 4921 3557 4999 γενομένου
3586 4922 3841 4997 Ῥόδοςή

2192 5019 2364 5084 νῆσος
2386 5013 2668 5070 κατέπεσε.

1640 5166 2001 5222 XYLANDRI
2041 5167 2128 5223 ET
2165 5167 2383 5225 GOARI
2421 5167 2641 5225 NOTAE.

478 5288 591 5360 (96)
625 5288 993 5361 Favitenim
1047 5288 1277 5361 Arianae
1339 5288 1631 5361 impietali
1684 5292 1753 5346 Et
1808 5297 1966 5347 recte
2026 5290 2086 5347 in

413 5358 683 5436 margine
715 5360 986 5436 additur.
1046 5358 1164 5436 οὖα-ἰ
1193 5359 1313 5436 [ὁτι
1465 5362 1680 5415 πάντων
1708 5361 1945 5436 ἐσχάτῳ.
1975 5365 2083 5419 De-

417 5430 613 5506 plorat
645 5448 783 5486 eum
824 5433 934 5506 hoc
964 5448 1081 5487 uno
1107 5432 1245 5487 vitio
1272 5430 1597 5500 laborasse,
1622 5430 1783 5506 quod
1796 5430 2081 5491 omnium

424 5502 503 5556 sit
528 5518 855 5557 summum.
888 5505 1010 5558 XYL

498 5574 615 5650 (97,
643 5573 977 5650 $cr_iptura_
1003 5590 1299 5650 perversa.
1358 5578 1706 5650 Ammianus
1755 5595 1876 5634 non
1906 5578 2078 5650 longe

429 5644 502 5700 ab
535 5644 706 5722 initio
738 5644 785 5699 l.’
812 5662 892 5722 xv
923 5644 1187 5722 Marcelli
1232 5647 1497 5722 fundum
1554 5655 1758 5705 vocat:
1819 5644 2078 5722 legerem

429 5734 566 5791 ergo
642 5712 1000 5794 Μαρκελλὲῳ.
1080 5717 1251 5789 Apud
1322 5719 1709 5776 Sozomenum
1781 5712 2078 5795 μαρῖιέλλῳ

2198 5292 2433 5373 legitur,
2466 5311 2518 5360 v,
2551 5293 2625 5349 2:
2651 5291 2762 5373 sed
2791 5292 2853 5349 in
2897 5292 3284 5373 eo_scriptore
3332 5295 3578 5354 nomina
3606 5297 3846 5373 propria

2197 5366 2391 5420 vitiari
2425 5383 2542 5420 non
2577 5371 2667 5420 est
2696 5381 2934 5420 novum.
2969 5366 3111 5420 ΧΠ..

2267 5439 2375 5507 (98)
2407 5439 2531 5491 Νοη
2561 5436 2634 5491 ab
2663 5437 2874 5498 oculis.
2918 5452 3171 5506 quorum
3227 5437 3427 5494 lumen
3482 5442 3845 5500 exstinctum

2194 5514 2340 5573 erat,
2374 5508 2799 5590 innotescebat.
2822 5507 3128 5590 Didymus,
3180 5510 3284 5590 sed
3338 5511 3495 5590 quod
3526 5529 3560 5569 a
3591 5514 3844 5590 videndo

2191 5580 2565 5654 excessisset,
2620 5596 2690 5635 ea
2744 5579 2944 5654 phrasi
3003 5596 3124 5652 qua
3182 5579 3287 5634 ἀπὸ
3352 5579 3592 5654 ὑπατων,
3625 5593 3685 5641 et
3736 5585 3844 5641 ἀπὸ

2188 5650 2559 5781 ἔραμματέων
2627 5650 2888 5708 exconsul
2967 5650 3038 5706 etC
3106 5654 3356 5711 emsrriba
3443 5650 3841 5732 nuncupatur.

2234 5740 2360 5781 om.

2234 5740 2360 5782 OAR.
