4194 6198
345 403 461 465 569

1488 402 2028 469 ElSTOBlARUM
2075 401 2628 468 COMPENDIUM.

3631 400 3753 466 5⁸10

415 535 508 606 Τῷ
547 535 589 591 θ’
620 530 728 589 ἔτει
785 534 1091 612 Δυρράχιον
1148 534 1314 593 πόλις
1365 544 1467 609 τῆς
1523 536 1838 608 Δαλματίας
1885 535 1975 592 ὁπὲ

2175 538 2337 594 Nono
2394 553 2551 593 anno
2610 533 2997 609 Dyrrachium
3054 533 3360 591 Dalmatiaa
3411 535 3553 593 urbs
3579 541 3752 594 terrm

344 627 571 678 σεισμοῦ
602 618 892 702 διεφθάρη,
922 626 1008 680 καὶ
1041 626 1233 701 Ῥωμη
1298 625 1349 682 ἐν
1405 627 1579 704 τρισὶν
1633 623 1996 682 ἐκινδόνευσεν

2104 633 2269 682 motu
2300 626 2496 698 periit.
2529 630 2612 681 Ac
2643 627 2828 681 Roma
2856 624 3035 679 etiam
3076 641 3182 696 per
3228 625 3491 680 triduum
3521 627 3757 698 pericu-

341 710 581 785 ἡμέραις
645 712 927 785 σειομένη,
991 720 1093 783 τῆς
1163 713 1221 770 δὲ
1289 715 1611 789 Καμπανίας
1682 714 1751 790 ιβ’
1807 711 1999 775 πόλεις
2103 714 2227 771 lose
2251 714 3752 787 ιτρωιιίι.ι1ιιοιὶοοὶῐηϐαιηρδιιίωιιὼεερετὶθιιυῐιι·

342 798 729 880 διεφθάρησαν.
786 800 998 859 Ἐλθὼν
1057 800 1113 858 δὲ
1174 807 1555 869 Κιυνστάντιος
1598 805 1674 867 εἷς
1700 806 1763 862 τὸ
1798 804 1975 875 Βυζάν

2103 806 2257 862 ιτα
2289 805 2670 861 Constantius
2726 811 2791 860 ut
2844 805 3183 876 Byzantium
3230 804 3410 873 venit,
3443 805 3751 877 episcopa-

338 910 457 947 τιον
492 888 706 946 Παῦλον
734 890 830 946 τὸν
871 889 1166 947 ἐπίσκοπον
1220 899 1316 949 τοῦ
1375 895 1571 971 θρόνου
1602 891 1872 965 ἀπήλασε,
1903 893 1994 948 καὶ

334 977 429 1031 τὸν
462 972 814 1032 ἀσεϐέστατον
876 975 1135 1036 Εὐσέϐιον
1189 982 1280 1036 τὸν
1336 979 1699 1056 ηικομηδείας
1738 981 1994 1059 εἰσήγαγε

334 1062 642 1140 λῃστρικῶς
674 1066 761 1121 καὶ
822 1066 1096 1141 άθὲσμως,
1151 1071 1214 1126 τὸ
1268 1075 1376 1127 τῶν
1416 1076 1597 1128 κακῶν
1629 1071 1988 1148 καταγώγιον.

333 1155 439 1215 Καὶ
493 1159 926 1212 συντελεσθεῖσαν
983 1161 1084 1231 τήν
1137 1165 1235 1216 τοῦ
1293 1166 1426 1217 Θεοῦ
1484 1160 1728 1240 μεγάλου
1790 1159 1989 1231 ἐκκλη-

331 1244 449 1301 σίαν
480 1245 584 1302 ὑπὸ
616 1248 994 1304 Κωνσταντίου
1050 1250 1189 1307 κατὰ
1252 1253 1353 1320 τήν
1408 1250 1730 1324 ἐνδιάθηγον
1765 1248 1990 1319 ἐντολήν

328 1339 429 1390 τοῦ
460 1335 715 1413 Μεγάλου
777 1338 1188 1396 Κωνσταντίνου
1244 1335 1507 1404 Εὐσέϐιος
1558 1341 1863 1417 ἐγκαινίζει,
1896 1340 1986 1395 καὶ

325 1424 399 1479 τὰ
463 1422 688 1500 λείψανα
744 1428 849 1482 απὸ
907 1430 1246 1506 Ἀντιοχείας
1311 1431 1528 1504 κομίζει
1584 1431 1673 1487 καὶ
1732 1429 1785 1485 ἐν
1837 1428 1986 1503 αὖτῷ

326 1513 654 1587 κατατίθησι
713 1520 810 1572 τοῦ
869 1518 1027 1595 ἁγίου
1091 1541 1365 1596 μαρτυρος
1417 1518 1717 1596 Ηαμφίλου
1745 1519 1836 1575 καὶ
1878 1522 1986 1574 τῶν

328 1603 423 1659 σὺν
457 1603 630 1677 αὑτῷ,
660 1603 991 1677 Θεοόοόλου,
1029 1608 1339 1686 ΙΙορςρυρίου
1396 1610 1487 1664 καὶ
1522 1609 1760 1667 Παύλου.
1795 1607 1981 1678 Ἀλεξ-

324 1689 544 1767 ανόρεῖς
604 1690 662 1748 δὲ
722 1695 1020 1770 Γρηγόριον
1080 1693 1387 1773 λῃστρικῶς
1446 1700 1531 1772 [Ρ.
1565 1699 1691 1772 299]
1722 1691 1985 1753 ἐπιϐάντα

319 1780 422 1837 τοῦ
453 1783 650 1857 θρόνου
708 1782 1122 1859 Ἀλεξανδρείας
1177 1787 1268 1842 καὶ
1324 1787 1419 1842 τὸν
1463 1786 1630 1863 μεγαν
1667 1786 1978 1844 Ἀθανάσιον

321 1868 705 1941 άποδιώξαντα
736 1871 821 1927 ἐπὶ
949 1867 1116 1929 ἔτεσιν
1173 1873 1415 1934 ἀνεῖλον.
1448 1876 1543 1931 Καὶ
1585 1880 1978 1951 χειροτονεῖται
2012 1916 2056 1980 Β

327 1960 343 1980 ρ
405 1960 419 1980 ς
484 1965 535 1980 ..
714 1964 736 1977 .
833 1967 871 1980 ...
925 1962 938 1980 ρ
1181 1962 1195 1980 .
1364 1965 1377 1980 .
1535 1966 1545 1980 .
1823 1971 1863 1980 ..

321 1960 430 2016 ὑπὸ
484 1964 777 2035 Ἀρειανῶν
833 1962 1104 2038 Γεώργιος
1170 1962 1443 2040 ἀρειανὸς,
1494 1966 1654 2040 τὲρας
1710 1986 1763 2021 τι
1819 1971 1978 2020 Καπ-

319 2047 616 2107 παδόκειον
627 2094 641 2107 .

387 2142 480 2211 Τῷ
512 2141 543 2194 ι’
572 2136 677 2196 ἔτει
715 2140 1079 2208 Κωνστάντιος
1106 2143 1197 2200 τὸν
1225 2141 1279 2199 ἐν
1326 2143 1617 2218 Σελευκείᾳ
1645 2151 1745 2215 τῆς
1780 2142 1976 2221 Συρίας

311 2221 515 2300 λιμένα
558 2228 877 2302 πεποίηκεν,
910 2229 1041 2306 ὄρος
1091 2229 1181 2288 ἐπὶ
1240 2231 1388 2288 πολὺ
1420 2229 1716 2306 διατεμὼν,
1754 2233 1842 2289 καὶ
1870 2233 1972 2301 τήν

315 2314 485 2374 πόλιν
515 2316 910 2395 ἀνῳκοδόμησε
964 2322 1066 2379 Καὶ
1108 2323 1208 2393 τήν
1268 2319 1591 2400 Ἀντάραδον
1642 2320 1696 2378 ἒν
1743 2322 1973 2398 Φοινίκῃ

311 2404 538 2480 ἔκτισεν,
586 2407 654 2478 ἦν
705 2409 1112 2466 Κωνσταιτείαν
1171 2408 1446 2485 ὠνόμασε.
1488 2413 1583 2484 Τῷ
1612 2409 1661 2466 δ’
1690 2412 1840 2483 αὖτῷ
1871 2406 1975 2467 ἔτει

310 2490 559 2571 ἔκλειψις
589 2496 806 2574 ἐγάνετο
858 2498 1048 2570 ἡλίου,
1101 2500 1233 2573 μηνὶ
1282 2499 1484 2574 Δαισίῳ
1516 2502 1582 2570 ς’,
1614 2499 1825 2576 ἡμέρας
1862 2499 1978 2575 ὥρᾳ

308 2581 490 2660 τρίτῃ.
526 2584 626 2639 Καὶ
687 2584 742 2640 οἱ
798 2585 1158 2651 ἀπελαθέντες
1218 2586 1501 2660 όρθόδοξοι
1543 2588 1833 2644 ἐπίσκοποι
1864 2589 1978 2663 ἅμα

310 2673 625 2747 Ἀθανασίῳ
650 2675 748 2743 τὴν
782 2675 1006 2748 Ῥώμην
1034 2672 1580 2751 καταλαμϐάνουσιν.

390 2765 484 2836 Τῷ
561 2759 620 2818 δὲ
696 2764 762 2819 ια’
835 2757 942 2820 ἔτει
1015 2768 1334 2842 γράμμασιν
1381 2764 1622 2823 Ἰουλίου
1675 2770 1771 2823 τοῦ
1822 2766 1978 2823 πάπα

309 2837 541 2925 Ῥώμης
575 2844 941 2930 θαρρήσαντες
970 2837 1099 2918 τους
1128 2837 1137 2841 ⁷
1161 2837 1336 2919 ἰτδίους
1393 2854 1617 2932 θρόνους
1646 2849 1972 2915 κατέλαϐον.

314 2938 694 3003 Κωνστάντιος
719 2938 776 2996 δὲ
798 2939 851 2996 ἐν
876 2942 1191 3019 Ἀντιοχείᾳ
1211 2940 1415 3019 διάγων
1435 2943 1663 3005 τούτους
1693 2941 1973 3016 ἀπήλασεν

320 3024 577 3105 ὑποϐολῇ
608 3036 720 3087 τῶν
752 3034 1066 3108 Ἀρειανῶν.

385 3125 476 3194 Τῷ
508 3122 581 3197 ιβ’
613 3115 718 3177 ἔτει
752 3123 976 3196 σεισμὸς
1017 3124 1189 3199 μέγας
1237 3122 1444 3202 ἐγένετο
1502 3124 1554 3181 ἐν
1613 3127 1846 3201 Βηρυτῷ
1872 3132 1974 3197 τῆς

312 3210 601 3281 Φοινίκης,
632 3211 707 3274 ὡς
727 3213 793 3267 τὸ
823 3213 1015 3269 πλεῖον
1045 3216 1145 3283 τῆς
1177 3212 1395 3278 πόλεως
1426 3220 1632 3272 πεσεῖν.

2101 899 2225 949 tum
2260 895 2424 949 Pauli
2452 893 2694 963 ademit,
2716 893 3249 965 impiissimumque
3272 893 3589 949 Eusebium
3613 896 3741 955 imi-

2097 985 2259 1039 nime
2281 1001 2386 1039 suo
2410 984 2635 1039 nomini
2664 982 3145 1054 respondentem)
3178 982 3525 1051 introduxit,
3560 983 3742 1038 latro-

2096 1072 2253 1128 cinio
2286 1072 2511 1145 injusto
2541 1071 2715 1127 malis
2758 1071 2991 1144 asylum
3038 1071 3331 1142 aperiens.
3364 1070 3525 1126 Idem
3560 1073 3740 1127 Euse-

2095 1160 2228 1217 bius
2259 1161 2453 1233 magni
2488 1161 2590 1217 Dei
2619 1160 2906 1233 templum
2941 1176 2975 1215 ει
3004 1160 3347 1216 Constantio
3378 1159 3739 1227 absolutum,

2094 1251 2266 1306 sicuti
2298 1250 2721 1306 Constantinus
2750 1255 3103 1305 testamento
3143 1249 3546 1316 mandaverat,
3577 1249 3742 1304 dedi-

2093 1340 2244 1394 cavit
2268 1356 2282 1407 ;
2310 1346 2487 1412 atque
2509 1339 2825 1395 Antiochia
2845 1339 3053 1395 allatas
3076 1347 3414 1394 sanctorum
3443 1337 3738 1410 Pamphili

2092 1430 2371 1502 martyris
2401 1436 2460 1485 et
2488 1431 2778 1486 socioram
2800 1429 3108 1495 Theoduli,
3132 1428 3441 1501 Porphyrii
3472 1444 3541 1484 ac
3568 1426 3738 1483 Pauli

2089 1519 2374 1591 reliquias
2405 1519 2468 1574 in
2497 1536 2566 1574 eo
2599 1519 2891 1591 deposuit.
2928 1517 3316 1574 Alexandrini
3362 1523 3563 1573 autem
3596 1518 3737 1573 Gre-

2087 1609 2342 1679 gorium,
2376 1610 2475 1680 qui
2508 1608 2915 1680 episcopatum
2965 1608 3278 1664 latrocinio
3323 1612 3731 1680 occupaverat,

2087 1715 2487 1773 magnumque
2511 1699 2902 1755 Athanasium
2942 1716 3047 1772 per
3089 1699 3437 1754 sexennium
3469 1698 3607 1755 inde
3639 1715 3735 1754 ar-

2086 1794 2310 1854 cuerat,
2342 1790 2790 1844 interfecerunt.
2814 1789 2877 1842 In
2903 1787 3033 1860 ejus
3054 1787 3252 1843 locum
3275 1786 3629 1860 snbrogatur
3660 1786 3733 1843 ab

2088 1877 2326 1933 Arianis
2355 1876 2637 1949 Georgius
2694 1893 2902 1933 eorum
2964 1881 3159 1945 sectas,
3216 1881 3549 1932 monstrum
3581 1877 3731 1949 Cap-

2084 1966 2297 2040 padox.

2153 2140 2394 2196 Decimo
2426 2156 2583 2197 anno
2612 2139 2994 2196 Constantius
3038 2145 3275 2212 portum
3317 2138 3600 2196 Seleucia:
3631 2138 3734 2211 Sy-

2082 2226 2187 2283 riae
2209 2229 2563 2292 construxit,
2589 2228 2808 2284 montis
2829 2243 3043 2301 magna
3061 2235 3229 2300 parte
3254 2226 3473 2297 excisa,
3495 2226 3733 2282 urbem-

2083 2333 2200 2389 que
2223 2317 2734 2373 rel‘ecit.Condidit
2754 2318 2933 2373 etiam
2951 2318 3314 2374 Antaradum
3334 2319 3394 2373 in
3409 2317 3736 2385 thnicia,

2083 2412 2142 2462 et
2169 2407 2571 2462 Constantiam
2622 2406 2968 2461 nominavit.
3010 2407 3229 2462 Eodem
3280 2423 3436 2462 anno
3468 2404 3732 2462 defectus

2082 2494 2226 2551 solis
2250 2494 2552 2562 fuit,sexta
2570 2495 2793 2550 mensis
2815 2492 3011 2559 Dmsii,
3033 2493 3305 2560 die,hora
3326 2495 3443 2550 diei
3468 2495 3736 2549 tertia.Et

2082 2585 2347 2658 episcOpi
2368 2601 2566 2641 veram
2588 2583 2937 2657 religionem
2960 2587 3216 2653 tuentes,
3240 2584 3341 2656 qui
3374 2583 3433 2637 in
3456 2582 3731 2638 exsilium

2083 2674 2203 2730 acti
2235 2679 2424 2739 erant,
2458 2689 2593 2729 eum
2628 2672 2951 2729 Athanasio
3010 2675 3255 2729 Romam
3315 2676 3732 2745 pervenerunt.

2156 2762 2481 2819 Undecimo
2514 2779 2671 2819 anno
2700 2762 2883 2819 iidem
2913 2762 3128 2818 litteris
3156 2762 3293 2818 Julii
3324 2778 3491 2834 papm
3525 2761 3732 2817 Roma-

2080 2851 2143 2908 ni
2200 2851 2336 2908 freti
2390 2868 2498 2908 sua
2552 2852 2703 2909 solia
2761 2856 3282 2925 recuperaverunt.
3353 2850 3732 2906 Constantius

2081 2946 2281 2998 autem
2310 2941 2637 2998 Antiochia
2667 2942 2889 3016 degens
2916 2942 3206 2998 instinctu
3245 2940 3598 2997 Arianorum
3629 2957 3729 2995 eos

2080 3030 2299 3103 abegit.

2152 3120 2513 3177 Duodecimo
2542 3138 2700 3178 anno
2758 3126 2931 3178 terras
2989 3122 3186 3178 motus
3219 3122 3503 3194 majorem
3536 3116 3731 3194 Beryti

2083 3211 2252 3282 (urbs
2283 3218 2373 3268 est
2392 3213 2729 3281 Phoenicim)
2761 3219 2992 3287 partem
3026 3213 3252 3268 evertit.

384 3301 480 3372 Τῷ
633 3266 749 3355 ἔτει
1373 3266 1778 3374 Ἴτηνηῇίσιϐιν
1808 3303 1969 3360 πόλιν

2093 3266 2129 3282 ”
2155 3266 2339 3360 se;
2370 3266 2991 3376 i.5;."is"'s;g...';
3026 3266 3487 3358 eiei-gingiua
3527 3302 3734 3359 urbem

308 3386 586 3451 ποικίλως
626 3391 1072 3463 παρακαθεσθείς,
1134 3391 1226 3447 τόν
1281 3412 1342 3448 τε
1397 3393 1643 3467 ποταμὸν
1692 3393 1831 3449 κατά
1874 3395 1973 3463 τῆς

304 3478 529 3543 πόλεως
557 3482 782 3552 κινήσας
837 3482 927 3537 καὶ
986 3483 1245 3547 παντοίας
1307 3484 1560 3559 μηχανὰς
1600 3486 1836 3556 ποιήσας
1862 3486 1959 3554 ἡτ-

306 3571 483 3641 τήθη,
540 3568 633 3626 καὶ
692 3569 908 3648 φεύγων
968 3569 1045 3632 εἷς
1099 3572 1199 3642 τὴν
1260 3571 1462 3628 οἰκείαν
1524 3573 1873 3650 ὑπεχώρησε,
1909 3573 1973 3629 τὸ

304 3656 569 3715 πλεῖστον
598 3662 698 3714 τοῖν⁹
730 3657 871 3714 λαοῦ
903 3659 1073 3716 αὐτοῦ
1104 3658 1398 3724 ἀπολέσας.

385 3753 476 3820 Τῷ
513 3745 575 3803 ιδ’
606 3744 711 3803 ἔτει
744 3749 1121 3813 Κωνστάντιος
1168 3751 1259 3806 τὸν
1304 3751 1525 3827 ἀνεψιὸν
1576 3750 1791 3808 Γάλλον
1825 3751 1970 3809 Καί-

308 3857 453 3913 σαρα
483 3838 844 3914 ἀναγορεύσας
871 3838 962 3895 καὶ
1016 3844 1381 3896 Κωνστάντιον
1416 3842 1789 3916 μετονομάσας
1820 3838 1872 3897 ἐν
1900 3845 1971 3917 τῇ

307 3925 596 4002 Ἀνατολῇ
629 3926 969 3986 ἀπέστειλεν.

388 4018 476 4092 Τῇ
507 4017 569 4072 ει⁹
607 4015 715 4073 ἔτει
762 4017 818 4073 οἴ
879 4016 931 4073 ἐν
991 4022 1059 4092 τῇ
1119 4019 1389 4095 Ἀνατολῇ
1444 4026 1547 4091 τῆς
1601 4019 1970 4093 Παλαιστίνης

325 4103 567 4163 Ιουδαῖοι
596 4107 858 4183 ἀντῆραν,
889 4106 979 4162 καὶ
1029 4106 1278 4171 πολλοὺς
1328 4114 1435 4165 τῶν
1489 4108 1772 4181 Ἑλλήνων
1802 4108 1968 4166 ἐθνῶν

302 4217 368 4252 τε
398 4196 487 4252 καὶ
521 4202 872 4272 Σαμαρειτῶν
929 4194 1165 4254 ἀνεῖλον.
1228 4197 1406 4256 Ἀλλά
1456 4198 1545 4254 καὶ
1585 4198 1741 4255 αὐτοὶ
1770 4221 1972 4276 παγγε-

298 4284 389 4339 νεὶ
424 4285 528 4340 ὑπὸ
583 4285 875 4360 Ῥωμαίων
935 4286 1296 4360 ἀνῃρέθησαν,
1352 4287 1445 4343 καὶ
1500 4289 1536 4358 ἡ
1595 4287 1760 4351 πόλις
1791 4289 1970 4345 αὐτῶν

308 4373 689 4447 Διοκαισάρεια
718 4374 1012 4451 ἡρανίσθη.
1064 4378 1154 4449 Τῷ
1208 4374 1356 4447 αὐτῷ
1404 4368 1509 4431 ἔτει
1542 4376 1570 4431 ὁ
1603 4384 1773 4454 μὲγας
1804 4377 1969 4434 Ἀθα-

307 4464 497 4527 νάσιος
529 4462 632 4518 ὑπὸ
664 4461 1044 4519 Κωνσταντίου
1099 4464 1236 4521 κατᾶ
1290 4466 1391 4536 τήν
1440 4464 1760 4541 Βρεττανίαν
1793 4463 1972 4541 ἐξορί-

308 4556 481 4621 ζεται,
511 4553 599 4607 καὶ
636 4552 817 4621 Φῆλιξ
874 4551 994 4607 ἀντ’
1047 4552 1213 4609 αὐτοῦ
1271 4560 1689 4629 χειροτονεῖται.
1736 4557 1824 4613 Ἐν
1858 4557 1967 4614 Με-

2084 3391 2281 3447 omnis
2337 3390 2576 3465 generis
2636 3392 3075 3464 oppugnatione
3132 3390 3418 3458 tentavit;
3496 3409 3735 3448 amnem

2084 3497 2321 3552 quoque
2340 3480 2621 3537 adversus
2640 3479 2849 3537 urbem
2868 3480 3183 3537 concitavit
3202 3486 3379 3553 atque
3401 3482 3736 3554 omnigenis

2086 3568 2381 3624 machinis
2402 3567 2781 3642 oppugnavit.
2807 3570 3002 3624 Victus
3022 3572 3222 3624 tamen
3244 3568 3507 3624 maxima
3536 3570 3738 3640 copia-

2084 3674 2218 3714 rum
2248 3663 2417 3730 parte
2447 3658 2669 3713 amissa
2699 3657 2943 3712 domum
2964 3657 3235 3715 recessit.

2156 3748 2327 3803 Anno
2361 3746 2424 3802 M
2455 3747 2836 3804 Constantius
2858 3745 3090 3802 Gallum
3114 3744 3538 3801 consobrinum
3562 3762 3736 3803 suum

2084 3837 2377 3893 Cmsarem
2410 3834 2756 3910 designavit,
2788 3835 3032 3890 nomine
3076 3835 3403 3890 Constantii
3440 3834 3648 3903 indito,
3683 3841 3743 3891 et

2084 3925 2147 3982 in
2181 3926 2485 3983 Orientem
2519 3924 2706 3979 misit.

2156 4022 2327 4072 Anno
2394 4016 2459 4068 15
2519 4013 2706 4069 Judaei
2772 4013 2834 4068 in
2892 4011 3209 4069 Palmstina
3275 4011 3736 4081 rebellaverunt;

2085 4104 2425 4177 multosque
2456 4104 2709 4170 Gl‘lBCOS,
2732 4102 3054 4159 Samaritas
3075 4109 3134 4157 et
3153 4102 3521 4174 alienigenas
3554 4103 3738 4157 truci-

2084 4194 2389 4253 daverunt.
2449 4195 2577 4251 Mox
2634 4193 2747 4266 ipsi
2804 4211 2840 4249 a
2896 4192 3176 4249 Romanis
3216 4192 3523 4248 occidione
3554 4192 3733 4248 occisi

2085 4291 2243 4352 sunt,
2273 4283 2533 4355 urbsque
2565 4298 2772 4339 eorum
2820 4282 3189 4338 Diocaasarea
3245 4280 3460 4337 deleta.
3514 4281 3736 4337 Eodem

2084 4390 2241 4430 anno
2275 4389 2521 4445 magnus
2555 4371 2905 4428 Athanasius
2950 4387 2985 4427 α
3029 4370 3375 4426 Constantio
3408 4370 3469 4425 in
3504 4371 3735 4426 Britan-

2084 4463 2248 4519 niam
2278 4460 2641 4535 deportatur,
2673 4462 2847 4534 eique
2877 4458 3042 4516 Felix
3085 4459 3485 4519 substituitur.
3518 4460 3737 4518 Medio-

2084 4551 2207 4607 lani
2241 4567 2479 4624 quoque
2528 4550 2850 4606 concilium
2906 4549 3144 4605 Patrum
3203 4556 3621 4623 congregatum
3670 4567 3734 4607 re

309 4637 588 4703 διολάνοις
631 4638 689 4697 δὶ
747 4638 974 4702 σύνοδος
1030 4646 1136 4698 τῶν
1197 4645 1453 4719 Ηατέρων
1513 4645 1954 4721 συναθροισθεῖσα

2093 4641 2302 4698 infecta
2330 4640 2591 4698 solutum
2624 4646 2734 4697 est.

310 4729 480 4786 πάλιν
510 4727 785 4805 ἄπρακτος
819 4725 1120 4790 διαλύεται.

379 4820 474 4891 Τῷ
520 4818 590 4889 ιη’
647 4816 753 4874 ἔτει
818 4816 1029 4881 Γάλλος
1088 4818 1374 4894 τυραννίδα
1435 4818 1741 4896 μελετήσας
1769 4821 1964 4879 κτείνει

309 4907 637 4980 Δομετιανὸν
670 4904 912 4982 ἔπαρχον
970 4912 1072 4978 τῆς
1131 4909 1307 4981 Ἑῴας
1363 4908 1455 4966 καί
1512 4911 1735 4988 Μάγνον
1781 4913 1963 4968 κοιαί-

309 5016 512 5072 στωρα,
568 4997 635 5052 τὰ
695 5003 797 5067 τῆς
856 4992 1161 5067 ἐπιϐουλῆς
1218 4999 1574 5073 Κωνσταντίῳ
1627 4999 1960 5075 μηνύσαντα.

308 5087 367 5141 δν
435 5084 933 5160 μεταπεμψάμενος
1020 5086 1395 5151 Κωνστάντιος
1461 5089 1587 5164 περὶ
1652 5087 1965 5164 Θαλαμῶνα

303 5175 406 5245 τήν
434 5182 596 5247 νῆσον
626 5176 740 5249 (99)
770 5175 997 5251 ἀναιρεῖ.
1043 5176 1154 5234 Τὸν
1213 5175 1273 5233 Si
1326 5178 1524 5234 τούτου
1552 5174 1788 5256 ἀδελφὸν
1820 5179 1961 5238 Ἰου-

309 5261 494 5320 λιανὸν
524 5261 577 5319 ἐν
610 5268 822 5342 φρουρᾷ
850 5262 1135 5341 κατέσχεν.
1186 5261 1422 5322 Εὖσεϐία
1471 5263 1530 5322 δὲ
1557 5268 1593 5337 ἡ
1627 5268 1838 5343 γαμετὴ
1865 5268 1963 5324 τοῦ

316 5351 581 5429 βασιλέως
616 5355 809 5409 τοῦτον
866 5351 1261 5430 ἐξαιτησαμένη
1318 5354 1371 5411 ἐν
1424 5356 1677 5428 ’Δθήναις
1732 5353 1960 5432 πέμπειι

2146 4824 2311 4880 Anno
2346 4822 2408 4878 l8
2468 4818 2672 4879 Gallus
2707 4820 3081 4893 tyrannidem
3115 4818 3399 4877 ali‘ectans
3429 4819 3729 4876 Domitia-

2071 4929 2215 4969 num
2250 4911 2505 4969 Orientis
2550 4908 2896 4982 praefectum
2941 4916 3116 4965 necat
3162 4916 3222 4965 et
3262 4910 3531 4981 Magnum
3566 4926 3731 4980 qum-

2071 5000 2422 5072 storem,qui
2437 4999 2683 5056 insidias
2697 4998 3043 5055 Constantio
3058 4998 3737 5054 indicaverat.tlonstau-

2072 5092 2190 5147 tius
2221 5089 2454 5147 Gallum
2497 5091 2803 5145 evocatum
2833 5086 2990 5160 apud
3021 5086 3280 5144 insulam
3301 5087 3728 5144 Thalamonem

2071 5180 2376 5249 interficit,
2432 5176 2730 5234 Iulianum
2806 5176 3054 5233 fratrem
3141 5177 3271 5248 ejus
3337 5177 3399 5231 in
3459 5177 3729 5234 custodia

2072 5268 2319 5326 detinet.
2352 5269 2539 5335 Quem
2571 5264 2823 5322 Eusebia
2851 5265 3228 5337 imperatoris
3262 5282 3408 5321 uxor
3448 5265 3726 5338 precibus

2072 5359 2391 5415 liberatum
2457 5357 2723 5413 Athenas
2806 5353 3009 5410 mittit.
3094 5355 3363 5412 Julianus
3429 5355 3725 5428 permissu

1508 5510 1868 5569 XYLANDRl
1905 5512 1994 5569 ET
2031 5511 2248 5569 GOARI
2285 5511 2509 5568 ΝΟΤΛΕ.

375 5624 487 5699 (99)
544 5625 716 5698 Apud
791 5624 1182 5699 Sozomenum
1248 5624 1467 5699 legitur
1523 5620 1798 5682 Φλάϐωνα
1855 5630 1955 5699 νῆ-

305 5696 416 5771 σον,
448 5714 525 5766 iv,
557 5696 614 5753 7.
661 5696 833 5771 Apud
863 5698 1022 5755 hunc
1071 5704 1133 5754 et
1175 5696 1412 5770 reliqua
1440 5696 1634 5756 fusius
1664 5696 1951 5758 enarran-

2067 5632 2197 5704 tur.
2217 5627 2594 5704 Marcellinus
2618 5622 2856 5704 βδιιωῃ
2916 5625 3293 5704 interfectum
3326 5629 3484 5704 apud
3513 5624 3720 5687 Petam

2064 5696 2254 5758 lstriza
2285 5701 2369 5758 ait
2395 5712 2578 5773 prope
2610 5696 2792 5755 ﬁnem
2821 5692 2863 5755 1.
2900 5708 3008 5757 XIV.
3042 5698 3182 5756 XYL.
