4194 6198
380 390 501 449 873

1532 386 2078 452 HISTORIARUM
2122 385 2678 453 COMPENDIUM.

3674 387 3792 447 574

386 519 683 579 Ἰουλιανόν
735 519 1080 597 ὑπέστρεψεν.
1134 523 1198 581 '0
1251 520 1311 577 δὶ
1363 523 1463 593 τήν
1511 521 1685 579 αἰτίαν
1742 527 1843 591 τῆς
1898 522 2036 597 βρα-

2147 524 2241 579 rit.
2272 525 2507 581 Iuliano
2538 538 2777 581 causam
2809 537 2991 579 moras
3040 520 3399 589 sciscitante,
3439 521 3566 575 Non
3612 519 3791 575 modo

387 610 621 685 δύτητος
681 613 971 684 ἠρώτησεν
1005 632 1019 647 ο
1077 612 1342 690 ἀπεκρίθη
1398 609 1458 667 δὲ
1514 613 1664 685 αὐτῷ
1715 613 1743 668 6
1801 608 2033 684 δαίμων.

385 703 491 759 Καὶ
567 696 833 775 ἐϐράδυνα
906 701 998 757 καί
1056 700 1330 777 ἅπρκατος
1379 699 1582 776 ἔμεινα.
1642 696 2039 776 Ἐκδεχόμενος

383 791 487 869 γὰρ
521 789 801 847 Πούπλιόν
829 812 952 847 τινα
986 791 1309 866 μονάζοντα,
1341 788 1397 847 εἷ’
1448 812 1567 854 πως
1621 788 1880 846 παύσεται
1933 794 2037 857 τῆς

385 885 726 955 προσευχῆς,
748 880 838 935 καὶ
865 880 944 953 μὴ
972 880 1317 955 παυσάμενος
1347 879 1558 954 ἡμέρας
1611 875 1738 933 δέκα
1794 874 2038 932 ἐκώλυσὲ

390 989 457 1043 με
488 974 715 1038 ποιῆσαι
744 968 807 1024 τὸ
838 967 1057 1043 θέλημά
1085 989 1204 1026 σου.
1264 967 1362 1024 Καὶ
1417 972 1581 1023 τοῦτο
1633 967 1865 1029 ἀκούσας
1896 967 2034 1021 Ἰου-

387 1056 574 1120 λιανὸς
601 1056 692 1112 καὶ
749 1056 957 1135 σφόδρα
1009 1058 1378 1134 ἀγανακτήσας
1432 1054 1847 1133 προσηηείλησε
1904 1053 2039 1127 μετὰ

386 1146 488 1217 τήν
521 1146 865 1224 ὑποστροφὴν
908 1144 1284 1223 ἐξολοθρεῦσαι
1340 1147 1403 1203 τὸ
1459 1150 1569 1203 τῶν
1626 1148 1713 1219 [Ρ.
1745 1147 1872 1218 301]
1938 1164 2038 1216 μο-

386 1238 571 1314 ναχῶν
630 1235 807 1311 γένος.
894 1236 1069 1313 Ὀπερ
1124 1235 1310 1311 μαθὼν
1387 1256 1469 1298 τις
1524 1239 1635 1292 τῶν
1701 1231 2038 1309 μεγιστᾶνων

388 1323 554 1380 αὐτοῦ
610 1322 701 1381 καὶ
759 1325 1059 1398 θαυμάσας,
1116 1323 1427 1381 ἐπανελθὼν
1487 1321 1724 1398 διένειμε
1751 1322 1818 1378 τά
1866 1321 2042 1397 ὑπάρ-

388 1432 559 1490 χοντα
588 1412 754 1470 αὐτοῦ
783 1416 957 1470 πάντα
1007 1413 1202 1485 πένησι
1231 1414 1323 1470 καὶ
1376 1413 1590 1485 ἀπῆλθε
1645 1412 1781 1488 πρὸς
1827 1412 1918 1468 τὸν
1956 1410 2044 1486 γε·

387 1521 567 1575 ροντα.
623 1500 725 1558 Καὶ
772 1500 1070 1578 γενόμενος
1146 1499 1375 1576 δόκιμος
1433 1504 1512 1575 (3)
1573 1499 1814 1577 μοναχὸς
1877 1503 2041 1553 πᾶσιν

386 1585 539 1667 ἔλεγε
565 1590 666 1661 τήν
709 1589 866 1646 ἰσχὺν
892 1595 1000 1646 τῶν
1034 1591 1396 1663 μοναζόντων,
1424 1590 1487 1660 ἣν
1519 1583 1718 1646 ἔλάϐον
1757 1587 1896 1644 κατὰ
1936 1591 2045 1643 τῶν

392 1674 868 1756 σκοτεινομόρφων
903 1676 1193 1752 δαιμόνων.

461 1767 550 1825 Ἐν
583 1765 642 1824 δὶ
674 1769 889 1843 Κάραις,
920 1772 989 1843 τῇ
1033 1768 1179 1845 παρά
1223 1772 1322 1825 τοῦ
1370 1769 1562 1842 Κάρου
1617 1771 1715 1824 τοῦ
1775 1764 2044 1843 βασιλέως

390 1857 667 1933 κτισθείσῃ
709 1856 893 1924 πόλει,
941 1858 1041 1928 τὴν
1095 1858 1234 1933 πρὸς
1290 1860 1497 1933 Πέρσας
1550 1856 1882 1930 ποιούμενος
1931 1875 2042 1910 πο·-

394 1945 561 2022 ρείαν,
595 1944 855 2011 εἴσελθὼν
916 1946 1007 2001 καὶ
1060 1943 1115 2001 ἓν
1170 1967 1273 2001 τινι
1329 1943 1616 2002 κατάδύσει
1674 1943 1857 2006 θυσίας
1908 1943 2039 1999 ἀκα-

395 2035 627 2110 Θάρτους
706 2030 1041 2107 ἐπιτελέσας,
1125 2033 1351 2111 γλεῖθρα
1416 2034 1507 2090 καὶ
1582 2036 1868 2107 σήμαντριι
1920 2036 2040 2094 ταῖς

395 2123 583 2199 θύραις
660 2122 889 2195 ὶηὲθηκε
978 2124 1067 2180 καὶ
1149 2123 1396 2199 φύλακας
1480 2121 1786 2194 ἐπέστησεν
1871 2123 2041 2195 ἥνπερ

393 2212 701 2285 ἀνοίξαντες
745 2212 879 2288 μετᾶ
909 2215 1009 2284 τὴν
1043 2212 1248 2269 ἐκείνου
1304 2216 1535 2281 πτῶσιν,
1607 2212 1761 2288 εὗρον
1821 2216 2039 2289 γύναιον

393 2299 454 2356 ἔκ
480 2305 589 2358 τῶν
610 2306 819 2378 τριχῶν
857 2303 1201 2378 κρεμάμενον
1232 2302 1323 2359 καὶ
1382 2300 1733 2376 ἐκτεταμέναις
1791 2296 1922 2377 ἔχον
1945 2301 2044 2364 τὰς

394 2396 604 2467 χεῖρας,
661 2392 731 2463 ἦς
811 2391 1106 2468 ἀνασχίσας
1161 2393 1191 2448 6
1237 2390 1589 2472 ἄσπλαγχνος
1638 2393 1738 2462 τὴν
1806 2392 2044 2466 γαστέρα

392 2481 491 2550 τήν
547 2481 686 2537 κατᾶ
750 2486 967 2557 Περσῶν
1033 2479 1301 2554 δήπουθεν
1359 2481 1500 2558 ἓγνιυ
1547 2478 1637 2536 διὰ
1692 2483 1789 2535 τοῦ
1831 2481 2042 2551 ἥπατος

393 2570 579 2642 νίκην.
619 2572 707 2628 Ἐν
738 2568 797 2627 δὲ
828 2572 1143 2648 Ἀντιοχείᾳ
1171 2570 1356 2628 πολλᾶ
1414 2573 1509 2647 μὲν
1564 2565 1800 2627 κιϐώτια
1847 2569 1898 2624 ἐν
1926 2574 2044 2631 τοῖς

401 2657 703 2736 βασιλείοις
735 2662 987 2737 κεφαλῶν
1037 2662 1336 2738 ἀνθρώπων
1394 2659 1828 2735 πεπληρωμένα,
1860 2656 2045 2715 πολλὰ

397 2747 456 2805 δὲ
489 2749 692 2828 φρέατα
738 2755 945 2828 νεκγῶν
1002 2751 1273 2825 σωμάτων
1326 2751 1480 2826 εὗρον
1538 2747 1921 2823 πεπλησμένσσ
1953 2746 2043 2802 καὶ

393 2840 494 2914 γάρ
528 2839 723 2914 μυρίας
783 2840 877 2913 μὲν
932 2845 1188 2918 γυναῖκας
1243 2838 1296 2895 ἂν
1350 2838 1540 2916 γαστρὶ
1598 2838 1831 2915 ἐχούσας
1887 2840 2045 2894 ἁνατε

400 2929 513 3000 μὼν
570 2926 661 2983 καί
718 2927 771 2984 ἐν
826 2932 943 2992 τοῖς
1006 2924 1267 3006 ἐμϐρύοις
1325 2929 1898 3001 ἡπατοσκοποῦμενος,
1953 2925 2045 2983 καὶ

394 3013 584 3071 πολλὰ
617 3014 806 3072 παιδία
833 3021 1193 3097 κατασφάξας,
1228 3017 1331 3073 ὑπὸ
1359 3016 1427 3072 τά
1482 3014 1686 3071 εἴδωλα
1740 3016 2043 3091 κατώρυξεν

398 3105 426 3159 6
457 3104 790 3182 φιλείδωλος
839 3104 1141 3170 Ιουλιανός.
1180 3104 1404 3175 Πολλὴν
1449 3102 1505 3162 δὶ
1555 3106 1640 3161 καὶ
1679 3103 1857 3176 ἄλλην
1887 3104 2047 3181 λογι-

398 3195 500 3262 κὴν
531 3191 737 3271 ἆγέλην
769 3192 830 3250 ἐκ
857 3193 1127 3250 ποικίλων
1165 3195 1401 3264 ἡλικιῶν
1460 3190 1750 3272 διαφόροις
1807 3188 2046 3248 ὑπέϐαλε

2143 613 2340 684 inquit
2367 613 2621 679 daamon,
2656 612 2840 681 tarde,
2873 610 2976 667 sed
3012 610 3190 667 etiam
3220 624 3287 664 re
3343 606 3561 664 infecta
3613 607 3790 665 redii.

2142 703 2570 773 Exspectabam
2591 701 2753 758 enim
2766 701 2908 757 dum
2928 699 3174 755 Publius
3197 697 3438 770 quidam
3464 697 3789 753 monachus

2142 792 2425 863 precandi
2449 792 2628 848 tinem
2660 790 2901 847 faceret.
2923 789 3189 855 Quicum
3212 787 3415 843 decem
3445 784 3574 841 dies
3604 785 3791 841 conti—

2144 887 2357 936 nenter
2378 885 2865 953 precaretur,non
2886 878 3047 950 potui
3063 877 3299 950 jussum
3324 881 3493 931 tuum
3525 874 3790 945 exsequi.

2144 970 2264 1025 Hoc
2308 969 2510 1026 audito
2568 968 2859 1037 Julianus,
2908 967 3069 1041 gravi
3128 965 3536 1037 indignatione
3592 963 3794 1019 conci-

2146 1064 2262 1127 tus,
2290 1059 2553 1114 minatus
2576 1062 2667 1115 est
2694 1074 2756 1112 se
2786 1068 2819 1113 a
2847 1056 3042 1111 reditu
3077 1060 3315 1129 gentem
3360 1053 3791 1109 monachorum

2143 1147 2501 1203 deleturum.
2528 1147 2648 1203 Hoc
2670 1163 2806 1203 cum
2846 1144 3090 1217 quidam
3121 1159 3434 1216 procerum
3464 1146 3592 1209 ejus
3621 1141 3789 1196 inau-

2146 1236 2407 1305 divisset,
2439 1236 2832 1293 admiratione
2863 1250 3095 1290 summa
3123 1233 3334 1289 ductus
3364 1237 3497 1304 post
3527 1230 3787 1286 reditum

2145 1342 2319 1382 suum
2360 1324 2564 1381 omnia
2593 1341 2700 1381 sua
2741 1322 3100 1397 pauperibus
3152 1320 3474 1387 distribuit,
3506 1324 3683 1391 atque
3713 1316 3788 1372 ad

2147 1431 2352 1471 senem
2378 1415 2555 1470 istum
2586 1414 2887 1487 profectus
2918 1411 3237 1485 praeclarus
3276 1409 3604 1466 monachus
3633 1407 3779 1465 527

2147 1503 2349 1574 evasit,
2385 1502 2666 1559 omnibus
2714 1501 3046 1574 praedicans
3096 1497 3521 1555 monachorum
3551 1493 3669 1548 vim
3725 1508 3794 1548 ac

2147 1600 2502 1668 potestatem
2561 1610 2679 1665 qua
2725 1593 2999 1649 adversas
3055 1588 3437 1645 tenebriones
3494 1585 3797 1641 daemonas

2149 1689 2285 1741 sunt
2316 1682 2568 1757 prazditi.

2220 1775 2400 1830 Porro
2454 1774 2724 1830 Julianus
2774 1772 2989 1839 Garris,
3057 1787 3190 1843 quas
3233 1766 3377 1826 urbs
3435 1773 3526 1822 est
3570 1780 3605 1820 a
3653 1764 3798 1819 Caro

2074 1888 2122 1954 Β
2150 1865 2507 1935 imperatore
2529 1863 2788 1931 condita,
2819 1863 2934 1918 iter
2974 1861 3036 1916 in
3059 1862 3268 1915 Persas
3298 1856 3522 1913 faciens
3554 1852 3795 1926 spelun-

2149 1969 2280 2010 cam
2310 1951 2629 2025 quamdam
2661 1952 2862 2019 subiit,
2890 1951 3092 2021 ibique
3130 1947 3398 2005 scelestis
3435 1944 3618 2001 sacris
3661 1958 3797 2015 ope-

2150 2049 2314 2100 ratus
2344 2043 2502 2098 fores
2533 2040 2682 2098 seris
2719 2040 2971 2097 occlusit
2997 2056 3065 2095 ac
3105 2035 3492 2110 consignavit,
3525 2031 3796 2106 apposita

2151 2131 2437 2188 custodia.
2473 2131 2699 2197 Quibus
2744 2130 2995 2195 foribus,
3044 2144 3113 2183 eo
3159 2126 3490 2192 interfecto,
3550 2121 3792 2193 apertis,

2150 2222 2393 2277 inventa
2424 2227 2512 2276 est
2531 2218 2884 2277 muliercula
2912 2217 3143 2289 capillis
3181 2230 3490 2289 suspensa,
3541 2209 3794 2268 extentis

2151 2310 2465 2376 manibus;
2552 2310 2724 2382 cujus
2809 2308 3069 2364 crudelis
3124 2306 3224 2361 ille
3282 2311 3483 2360 ventre
3539 2301 3794 2356 dissecto

2150 2399 2417 2455 victorim
2475 2398 2705 2454 scilicet
2760 2395 2832 2453 de
2890 2396 3085 2451 Persis
3142 2411 3311 2451 suam
3390 2410 3461 2449 ex
3526 2390 3797 2463 jecinore

2152 2488 2460 2544 didicerat.
2496 2486 2824 2543 Antiochiae
2854 2491 3052 2543 autem
3084 2485 3147 2538 in
3168 2482 3328 2553 regia
3356 2480 3560 2537 multa
3580 2476 3796 2534 arculas

2152 2578 2405 2634 inventas
2436 2584 2576 2634 sunt
2603 2576 2881 2633 humanis
2913 2573 3204 2646 capitibus
3261 2572 3452 2644 plenas
3504 2568 3798 2638 multique

2151 2669 2314 2741 putei
2372 2667 2758 2723 cadaveribus
2831 2665 3076 2737 oppleti.
3138 2664 3283 2719 Nam
3337 2666 3396 2717 et
3449 2660 3796 2715 innumeras

2152 2759 2421 2832 gravidas
2442 2759 2726 2815 mulieres
2758 2758 3028 2814 Julianus
3060 2754 3445 2821 dissecuerat,
3467 2759 3533 2808 ut
3570 2751 3798 2807 fetuum

2146 2850 2418 2923 jecinora
2437 2848 2962 2921 contemplaretur,
2994 2851 3054 2903 et
3084 2845 3302 2902 multos
3338 2844 3597 2900 infantes
3619 2843 3797 2913 jugu-

2156 2939 2306 2994 latos
2363 2938 2437 2994 ad
2486 2938 2658 2994 bases
2716 2937 3166 2993 simulacrorum
3224 2932 3551 2998 defoderat,
3584 2929 3799 3001 quibus

2156 3028 2427 3100 impense
2484 3034 2611 3084 erat
2693 3026 2948 3082 deditus.
3001 3026 3274 3097 Magnum
3323 3036 3559 3094 quoque
3615 3018 3801 3075 alium

2154 3133 2392 3189 gregem
2415 3117 2644 3174 ratione
2674 3114 3057 3189 prasditorum
3088 3110 3504 3168 animantium.
3538 3108 3802 3163 diversa-

2153 3224 2289 3263 rum
2341 3213 2605 3269 astutum,
2656 3204 2832 3260 variis
2886 3204 3098 3259 mortis
3159 3200 3479 3274 generibus
3535 3196 3796 3267 sustulit,

402 3282 656 3345 θανάτοις
711 3283 793 3339 ἐπ’
852 3282 1077 3356 ὀνόματι
1136 3279 1470 3346 Ποσειδῶνος
1532 3283 1622 3338 καὶ
1673 3287 1782 3338 τῶν
1832 3280 2041 3338 λοιπῶν

2152 3299 2420 3370 Neptuno
2451 3312 2553 3351 eos
2583 3300 2640 3352 et
2660 3294 2795 3351 aliis
2825 3292 3216 3356 daemonibus,
3248 3305 3501 3362 quorum
3524 3303 3586 3342 se
3616 3286 3795 3342 homo

401 3369 677 3447 δαιμόνων
711 3372 739 3427 6
790 3367 1160 3445 δαιμονιώδης
1192 3373 1278 3427 καὶ
1331 3371 1677 3445 Θεομίσητος.
1738 3372 1816 3428 Οὐ
1849 3371 1957 3446 μὴν
1991 3369 2041 3427 δὲ

2149 3367 2269 3443 Deo
2316 3386 2538 3441 invisus
2579 3383 2765 3440 cultui
2796 3382 3122 3449 addixerat,
3168 3380 3506 3435 immolaris.
3538 3376 3689 3441 Quin
3740 3378 3801 3429 et

396 3459 544 3517 ἀλλᾶ
597 3461 687 3517 καὶ
732 3462 935 3525 ἳππους
962 3461 1190 3526 λευκούς
1214 3483 1274 3517 τε
1309 3461 1400 3517 καὶ
1431 3460 1668 3538 πυρροὺς
1725 3458 1865 3530 ἔθυε,
1918 3461 2046 3525 τοὺς

401 3553 496 3625 μὲν
526 3556 608 3625 τῷ
635 3548 784 3624 ἡλίῳ
813 3550 940 3614 τοὺς
972 3548 1029 3607 δὲ
1058 3556 1138 3625 τῷ
1166 3551 1296 3627 πυρὶ
1325 3552 1415 3607 καὶ
1468 3556 1584 3612 τοῖς
1642 3548 1884 3623 ἀνέμοις.
1940 3551 2045 3607 Καὶ

398 3641 535 3718 πρὸς
558 3643 774 3706 τούτοις
827 3642 988 3705 κύνας
1042 3642 1133 3698 καὶ
1190 3645 1458 3713 πιθήκους
1515 3641 1604 3699 καὶ
1662 3642 1897 3718 κόρακας
1955 3643 2043 3698 καὶ

400 3737 504 3787 πάν
538 3726 735 3808 σχεδὸν
779 3732 1016 3807 ἑρπετῶν
1077 3729 1222 3795 εἶδος
1278 3732 1369 3787 καὶ
1434 3729 1779 3806 τετραπόδων
1840 3731 2043 3806 θηρίων

398 3841 458 3875 τε
484 3821 711 3876 καὶτῶν
769 3820 958 3877 ἄλλων
987 3818 1208 3892 πτηνῶδ
1265 3821 1356 3876 καὶ
1412 3825 1626 3891 νηκτῶν
1687 3819 1749 3876 οὐ
1808 3817 2049 3877 διέλειπε

398 3911 782 3988 κατασφάττων
813 3912 900 3967 καὶ
958 3908 1238 3969 τελετετὰς
1269 3908 1528 3974 παντοίας
1560 3909 1793 3966 ἐπινοῶν
1821 3909 2046 3975 πλείους

399 4000 488 4055 καὶ
520 3997 742 4075 χείρους
772 4003 881 4055 τῶν
936 4001 1064 4074 παρ’
1129 3997 1373 4071 Ἕλλησι
1431 4000 1852 4074 νενομισμένων,
1912 4002 2048 4077 πρὸς

395 4109 460 4144 το
489 4088 687 4150 πάντας
731 4087 860 4151 τοὺς
906 4090 1014 4163 πρὸ
1055 4087 1227 4169 ,αὐτοῦ
1293 4086 1692 4167 ἑλληνίσαντας
1753 4089 2047 4165 ὑπερακον-

396 4174 686 4247 τίσαι,δι5ι
723 4181 831 4233 τῶν
890 4177 1122 4233 τοιύτων
1187 4176 1442 4251 οἰόμενος
1501 4179 1529 4233 6
1585 4179 1746 4243 ἄθεος
1795 4178 2045 4243 ἀποθεω-

401 4267 556 4337 Θῆναι
586 4267 676 4323 καὶ
707 4268 826 4333 θεὸς
848 4273 1194 4341 νομισθῆναι.
1228 4265 1402 4325 Ἀλλὰ
1446 4267 1514 4323 τὰ
1560 4267 1685 4344 περὶ
1740 4268 1937 4323 τούτου
1994 4266 2046 4324 ἐν

395 4359 466 4422 τῆ
495 4356 640 4428 τάξει
670 4364 769 4427 τῆς
800 4357 968 4413 αὐτου
1008 4361 1331 4433 θεοστυγοῢς
1383 4355 1662 4434 βασιλείας
1719 4357 1794 4420 ὡς
1842 4358 1959 4413 οἶόν
1985 4378 2047 4414 τε

398 4442 487 4501 διὰ
521 4445 773 4522 βραχέων
803 4444 1049 4521 λέξομεν.
1079 4447 1143 4504 'O
1170 4443 1228 4501 δὲ
1274 4443 1439 4523 λόγος
1486 4446 1622 4522 πρὸς
1667 4446 1733 4502 τά
1783 4447 1902 4521 ἑξῆς
1943 4447 2044 4523 βα-

399 4529 614 4605 διζέτω.

2150 3475 2302 3531 albis
2332 3475 2501 3546 equis
2546 3473 2679 3537 soli,
2728 3472 2876 3526 rufis
2906 3468 3026 3543 igni
3056 3485 3124 3525 ac
3182 3467 3370 3523 ventis
3427 3463 3796 3521 sacrificavit.

2146 3564 2265 3618 Nec
2297 3579 2416 3617 non
2447 3561 2685 3617 assidue
2716 3576 2912 3627 canes,
2945 3559 3169 3623 simias,
3192 3572 3396 3612 corvos
3426 3560 3602 3625 atque
3624 3567 3799 3607 omne

2148 3652 2576 3725 propemodum
2601 3667 2788 3724 genus
2814 3647 3285 3721 quadrupedum,
3336 3645 3533 3701 avium
3592 3648 3799 3697 natan-

2147 3741 2417 3813 tiumque
2449 3740 2764 3807 mactabat,
2796 3738 3110 3808 omnisque
3138 3735 3298 3791 modi
3346 3750 3516 3790 sacra
3559 3731 3792 3803 excogi-

2150 3831 2328 3899 tabat,
2362 3831 2535 3903 plura
2563 3836 2622 3886 et
2664 3829 2961 3885 deteriora
3011 3828 3104 3882 his
3163 3842 3294 3897 qum
3350 3823 3509 3895 apud
3562 3824 3795 3878 Grmcos

2148 3927 2388 3993 recepta
2411 3925 2568 3976 sunt.
2602 3920 2682 3975 Ea
2703 3918 2866 3974 enim
2898 3933 2961 3973 re
2992 3914 3269 3971 omnibus
3302 3913 3401 3985 qui
3435 3916 3572 3967 ante
3596 3910 3792 3981 ipsum

2146 4010 2408 4067 Graacam
2437 4008 2785 4081 religionem
2816 4005 3021 4062 sectati
3044 4004 3317 4071 fuissent,
3348 4001 3608 4074 palmam
3640 4015 3794 4070 pra:-

2145 4101 2339 4171 ripere
2367 4097 2661 4165 studebat,
2697 4096 2846 4153 528
2875 4101 3186 4167 propterea
3215 4109 3278 4148 se
3327 4091 3387 4146 in
3420 4088 3666 4145 deorum
3698 4104 3789 4142 re-

2145 4189 2333 4245 latum
2362 4187 2436 4243 iri
2471 4189 2648 4243 homo
2679 4203 2713 4242 a
2737 4186 2855 4241 Deo
2878 4184 3109 4240 alienus
3131 4197 3398 4253 sperans.
3430 4180 3643 4234 Verum
3663 4176 3794 4248 ejus

2144 4295 2240 4334 res
2272 4294 2380 4334 nos
2402 4275 2609 4333 ordine
2642 4290 2957 4331 annorum.
2990 4272 3205 4344 quibus
3256 4267 3588 4342 imperavit,
3613 4281 3791 4337 quam

2146 4365 2489 4423 brevissime
2565 4364 2849 4437 deinceps
2917 4361 3291 4418 referemus:
3354 4373 3514 4413 nunc
3560 4355 3794 4427 reliqua

2147 4462 2476 4514 attexamus
2504 4453 2823 4528 prioribus.

463 4627 572 4682 Τοῦ
602 4622 976 4681 Κωνσταντίου
1034 4629 1116 4698 τῷ
1174 4626 1238 4680 ιθ’
1291 4617 1421 4693 ἔτει,
1477 4622 1533 4680 ἐν
1587 4627 1657 4699 τῇ
1708 4626 1891 4702 ἡμὲρᾳ
1938 4632 2039 4696 τῆς

2215 4633 2451 4687 Annum
2475 4630 2820 4686 Constantio
2850 4624 3180 4698 imperante
3219 4625 3306 4686 19,
3346 4621 3443 4679 die
3508 4623 3793 4678 Penteco-

396 4719 789 4787 Πεντηκοστῆς,
818 4713 869 4769 ἰν
901 4711 1306 4787 Ἰεροσολύμοις
1364 4712 1528 4793 ἐφάνη
1577 4715 1641 4770 τὸ
1680 4720 1910 4790 σημεῖον
1941 4719 2039 4771 τοῦ

392 4808 666 4873 ζωοποιοῦ
724 4807 955 4880 σταυροῦ
986 4803 1039 4859 ἐν
1090 4804 1329 4879 οὐρανῳ,
1386 4801 1702 4877 φωτοειδὲς,
1746 4805 2039 4880 τεταμένον

389 4893 497 4950 ἀπὸ
544 4899 643 4951 τοῦ
700 4895 972 4971 Γολγοθᾶ,
1028 4889 1150 4959 ἔνθα
1200 4892 1513 4969 ἐσταυρώθη
1563 4895 1876 4971 ὁΧριστὸς,
1928 4890 2037 4959 ἓως

387 4988 486 5040 τοῦ
515 4979 680 5063 ὅρους
707 4989 819 5040 τῶν
848 4983 1105 5053 Ἐλαιῶν,
1139 4985 1258 5040 ὅθεν
1287 4984 1379 5039 καὶ
1422 4983 1727 5065 ἀνελήφθη,
1757 4982 1950 5059 κύκλῳ
1975 4981 2033 5041 δὶ

388 5071 585 5130 τούτου
615 5075 895 5153 στέφανος,
927 5074 1002 5137 ὡς
1031 5074 1142 5150 ἶρις
1192 5074 1257 5129 τὸ
1314 5071 1461 5139 εἶδος
1492 5070 1661 5150 ἔχων.
1691 5073 1773 5150 Τῇ
1802 5073 1944 5150 αὐτῇ
1976 5071 2035 5130 δὶ

388 5164 571 5240 ἡμέρᾳ
593 5164 679 5220 καὶ
730 5163 1089 5237 Κωνσταντίῳ
1142 5158 1325 5241 ὤφθη,
1356 5160 1636 5238 Κυρίλλου
1691 5164 1815 5220 τότε
1864 5165 2032 5237 Ἱερο-

390 5250 525 5310 σολῦ
533 5275 649 5328 μων
678 5253 1119 5314 ἑπισκοποῦντος.

2147 4726 2274 4787 stas,
2299 4721 2361 4775 in
2390 4719 2537 4777 caelo
2560 4718 2795 4792 signum
2824 4715 3068 4772 νὶνὶῐίοω
3097 4712 3290 4769 crucis
3311 4711 3601 4783 apparuit,
3638 4710 3794 4765 luci-

2145 4807 2287 4864 dum
2316 4813 2495 4880 atque
2548 4811 2854 4862 extentum
2885 4819 2921 4860 a
2958 4801 3258 4874 Golgotha.
3294 4815 3411 4870 quo
3444 4798 3570 4853 loco
3630 4796 3797 4851 Chri-

2146 4903 2272 4953 stus
2301 4898 2363 4952 in
2392 4911 2625 4953 crucem
2660 4893 2927 4951 sublatus
2971 4891 3103 4960 fuit,
3152 4903 3342 4960 usque
3402 4886 3476 4942 ad
3529 4890 3794 4941 montem

2144 4987 2442 5051 Olearum,
2490 4985 2649 5042 unde
2686 4983 2844 5039 idem
2896 4981 3163 5037 Christus
3209 4978 3271 5034 in
3320 4976 3533 5033 coslum
3589 4973 3791 5030 subiit.

2143 5076 2500 5150 Cingebatur
2514 5092 2621 5148 per
2639 5074 2845 5131 orbem
2874 5070 3100 5129 circulo
3120 5086 3293 5126 arcus
3308 5066 3564 5124 cmlestis
3586 5065 3788 5122 simili.

2145 5167 2361 5224 Eadem
2417 5166 2512 5223 die
2543 5167 2722 5222 etiam
2778 5161 3164 5220 Constantino
3221 5158 3514 5233 apparuit,
3572 5155 3792 5231 Cyrillo

2142 5256 2566 5329 Hierosolyma:
2599 5261 2722 5311 tum
2756 5253 3053 5326 episcopo.

1592 5371 1960 5427 XYLANDRI
1997 5371 2084 5427 ΕΤ
2124 5372 2340 5428 GOARI
2374 5372 2595 5428 NOTAE.

459 5475 536 5543 (3)
568 5471 806 5541 Δόκιμος
836 5487 971 5527 cum
1020 5470 1093 5526 de
1150 5469 1457 5543 monachis
1503 5470 1739 5527 dicitur.
1802 5482 1924 5526 non
1978 5469 2031 5543 is

387 5550 478 5600 est
498 5542 596 5617 qui
623 5545 738 5616 jam
775 5542 1179 5617 asceticaAvi‘ta
1227 5542 1530 5617 probatus,
1585 5543 1904 5617 virtutibus
1958 5542 2037 5598 ef-

382 5612 568 5698 fulget
596 5612 925 5698 provectus,
958 5613 1090 5698 sed.
1109 5612 1159 5669 is
1198 5612 1448 5698 proprie
1474 5614 1674 5698 _cuju_s
1707 5614 1874 5698 _vires
1902 5628 2036 5698 pro-

382 5682 667 5765 positum,
700 5687 936 5744 animus
961 5682 1293 5759 probantur
1322 5682 1389 5742 et
1418 5685 1494 5742 ad
1544 5682 1821 5745 virtutem
1850 5682 2039 5745 intor-

2140 5475 2415 5526 mantur:
2502 5484 2623 5526 uno
2675 5467 2872 5533 verbo,
2933 5483 3053 5522 non
3110 5464 3410 5521 monachus
3476 5463 3788 5535 praeclarus

2151 5542 2312 5609 iuxta
2339 5541 2727 5609 Xylandrum,
2749 5539 2873 5597 sed.
2885 5540 3060 5609 juxta
3087 5537 3293 5593 tritum
3323 5537 3385 5593 in
3408 5536 3789 5595 monasteriis

2172 5560 2312 5598 uxm
2340 5560 2384 5598 Ᾱ
2432 5560 2727 5605 lanarum,
2749 5560 3060 5609 seu.Juxw
3088 5560 3269 5593 ιιΊιυιι

2139 5560 2428 5688 ’ίοιιιιεῐιςίί
2456 5629 2654 5685 usum,
2682 5612 2924 5670 novitius
2952 5616 3062 5666 est.
3094 5610 3269 5667 Goaa.
