4194 6198
398 437 514 498 575

1754 439 2068 500 GEORGII
2113 441 2454 503 CEDRENI
2495 459 2498 463 '

3695 443 3817 501 576

472 578 641 627 Anno
673 575 759 635 2t,
795 577 1024 627 mortuo
1057 572 1237 644 impio
1271 575 1519 629 Eusebio
1563 571 1870 645 Cpolitano
1931 572 2050 644 epi-

2235 575 2329 644 Τῷ
2384 581 2464 628 κα¹
2520 570 2625 630 ἔτει
2680 583 2780 644 τῆς
2843 573 3119 651 βασιλείας
3179 572 3574 639 Κωνσταντίου,
3624 574 3817 628 τελευ-

401 675 598 730 scopo.
625 663 866 715 Romam
886 660 1080 716 denuo
1108 661 1180 716 ad
1202 663 1418 717 Julium
1446 679 1657 734 papam
1682 669 1740 716 et
1768 663 2051 716 Constan-

399 754 514 802 tem
549 748 985 818 imperatorem.
1047 752 1372 806 Constantii
1435 752 1698 807 fratrem.
1736 738 2044 806 redierimt

398 837 756 891 Athanasius
776 844 832 890 et
859 838 1094 893 Paulus.
1128 841 1271 894 Cum
1302 859 1374 895 au
1405 859 1498 896 em
1523 841 1686 911 Cpoli
1734 840 2048 898 Christiani

401 927 650 982 Paulum
683 928 1025 998 episcopum
1057 929 1366 1003 designare
1400 932 1639 997 vellent,
1679 931 1876 986 Ariani
1908 947 2046 984 con-

401 1020 491 1069 tra
550 1017 953 1072 Macedonium
1023 1020 1370 1091 deligerent,
1427 1038 1782 1076 conseruere
1842 1035 2052 1074 manus

399 1105 686 1160 factiones
709 1107 1000 1178 multique
1027 1109 1307 1181 utrinque
1336 1111 1680 1165 ceciderunt
1745 1111 2054 1180 Hermoge-

396 1210 504 1248 nes
563 1211 798 1265 quoque
849 1195 1059 1252 ductor
1116 1216 1220 1253 exe
1255 1199 1428 1264 citus,
1485 1217 1518 1255 a
1590 1199 1930 1254 Constantio
1979 1197 2053 1253 ad

397 1284 832 1339 exturbandum
887 1287 1133 1342 Paulum
1167 1290 1400 1348 missus.
1435 1307 1469 1344 a
1499 1288 1849 1344 Christianis
1877 1304 2050 1342 neca-

395 1379 488 1427 tus
520 1375 701 1444 inque
763 1391 922 1430 mare
975 1377 1242 1446 abiectus
1295 1379 1422 1433 fuit.
1495 1379 1620 1444 Qua
1673 1395 1734 1433 re
1795 1379 2052 1450 cognita.

392 1462 771 1518 Constantius
802 1465 1027 1535 Cpolim
1061 1475 1329 1538 occupat.
1369 1467 1612 1522 Paulum
1659 1469 1718 1522 in
1776 1466 2051 1521 eXsilium

395 1555 512 1624 agit
539 1572 550 1608 :
576 1571 694 1608 non
724 1560 921 1610 tamen
953 1557 1355 1612 Macedonium
1379 1558 1743 1628 episcopatui
1769 1556 2050 1627 pra-fecit.

395 1644 535 1696 Post
562 1645 746 1698 Roma
779 1645 995 1699 Paulus
1028 1647 1269 1701 veniens
1292 1664 1427 1702 cum
1449 1647 1664 1702 litteris
1693 1646 1829 1701 Julii
1864 1662 2050 1716 papas.

395 1732 832 1788 Thessalonica)
864 1735 924 1788 in
957 1735 1163 1789 exsilio
1197 1752 1325 1790 esse
1349 1735 1616 1807 jubetur.
1677 1735 1829 1792 529
1865 1735 2048 1789 Mace-

397 1821 610 1876 donius
641 1829 838 1876 autem
894 1824 1188 1894 praedonis
1230 1825 1290 1878 in
1351 1841 1576 1879 morem
1610 1823 1832 1879 invadit
1863 1822 2050 1878 eccle-

2157 662 2419 730 τήσαντος
2474 659 2735 720 Εύσεϐίου
2791 669 2890 719 τοῦ
2949 659 3240 726 δυσσεϐοῦς
3297 661 3817 719 Κωνσταντινουπὸ-

2160 749 2320 814 λέως,
2353 752 2626 821 κατῆλθον
2659 753 2734 815 εἷς
2765 754 2986 825 Ῥώμην
3034 750 3200 808 πάλιν
3259 752 3394 827 πρὸς
3454 749 3691 808 Ἰούλιον
3719 751 3815 804 τὸν

2159 842 2340 894 παπαν
2397 841 2484 895 καὶ
2545 843 2860 898 Κωνσταντα
2913 843 3003 896 τὸν
3054 845 3151 896 τοῦ
3213 838 3484 916 βασιλέως
3537 841 3622 912 [Ρ.
3681 841 3808 909 302]

2160 930 2539 985 Κιυνσταντίου
2605 928 2837 1011 ἀδελφὸν
2916 930 3230 995 Ἀθανάσιος
3285 929 3374 984 καὶ
3446 928 3681 990 Παῦλος.
3750 926 3818 985 Οἱ

2162 1017 2443 1088 ὀρθόδοξοι
2475 1021 2656 1075 τοίνυν
2722 1018 3348 1079 Κωνσταντινουπόλεως
3407 1016 3621 1073 Παῦλον
3679 1037 3819 1092 προ-

2161 1101 2482 1178 ϐαλόμενοι.
2517 1107 2627 1163 ἐπεῖ
2661 1109 2711 1163 οἱ
2741 1108 3013 1183 Ἀρείανοῖ
3051 1105 3385 1166 Μακεδόνων
3441 1105 3817 1181 ἀντεχειροτό-

2161 1217 2349 1264 νησαν.
2383 1192 2796 1268 συμϐάλλουσιν
2837 1196 3138 1268 ἀλλήλοις,
3178 1197 3267 1252 καὶ
3327 1194 3534 1252 πολλοὶ
3568 1195 3816 1273 ἀμφοτέ-

2816 1286 3152 1363 Ἐραογένης
3233 1283 3291 1340 δὲ
3350 1287 3378 1340 6
3438 1283 3814 1352 στρατηλάτης

2161 1377 2307 1450 παρα
2343 1376 2714 1432 Κωνσταντίου
2770 1377 3032 1452 πεμφθεῖς
3085 1375 3164 1439 εἷς
3216 1377 3280 1431 τὸ
3311 1371 3554 1445 ἔξελᾶσαι
3596 1372 3813 1430 Παῦλον

2162 1466 2308 1539 παρᾶ
2336 1469 2444 1520 τῶν
2475 1463 2776 1536 όρθοδόξων
2805 1465 3069 1521 κτείνεται
3101 1465 3188 1519 καὶ
3243 1464 3319 1525 εἷς
3380 1465 3481 1530 τήν
3541 1464 3812 1526 θάλασσαν

2163 1553 2398 1630 ῥίπεται.
2465 1558 2637 1610 Τοῦτο
2682 1557 2710 1609 6
2745 1554 3112 1616 Κωνστάντιος
3173 1552 3358 1626 μαθὼν
3408 1547 3815 1625 καταλαμϐάνει

2159 1646 2258 1712 τὴν
2297 1644 3008 1714 Κωνσταντινούπολιν,καὶ
3063 1644 3154 1698 τὸν
3219 1643 3314 1713 μὶν
3375 1641 3586 1697 Παῦλον
3643 1639 3815 1715 ἐξορί-

2165 1740 2264 1804 ζει,
2293 1734 2354 1789 ού
2417 1736 2526 1807 μὴν
2585 1731 2642 1790 δὲ
2689 1732 3016 1808 ἐνθρονιᾶζει
3047 1729 3409 1791 Μακεδόνων.
3470 1733 3726 1801 Ὕστερον
3757 1727 3815 1784 δὲ

2162 1823 2306 1892 παρὰ
2363 1822 2600 1880 Ἰουλίου
2656 1823 2882 1895 Ῥώμης
2943 1822 3078 1894 μετὰ
3123 1823 3460 1896 γραμμάτων
3517 1820 3545 1874 6
3597 1817 3812 1879 Παῦλος

2166 1288 2329 1361 ρωθεν
2415 1287 2727 1344 πίπτουσιν.

398 1911 568 1975 siam,
602 1911 768 1965 caasis
801 1912 938 1966 viris
970 1915 1129 1976 3150,
1162 1921 1339 1984 atque
1373 1914 1453 1968 ita
1482 1913 1685 1968 Ariani
1739 1911 2050 1968 ecclesiam

2164 1912 2408 1976 ἅινελθὼν¹
2460 1914 2512 1966 ἐν
2559 1910 2920 1986 Θεσσαλονίκῃ
2980 1906 3298 1985 ἕξορίζεται,
3329 1911 3357 1964 ὁ
3391 1907 3448 1964 δὲ
3477 1905 3815 1969 Μακεδόνιπ

401 2007 710 2070 occupant.
744 2002 1099 2056 Athanasius
1156 2009 1354 2056 autem
1415 2009 1474 2057 et
1531 2003 1748 2057 Paulus
1806 2005 2048 2056 Romam

399 2104 604 2142 rursus
630 2104 690 2142 se
723 2089 1040 2143 conferunt
1069 2089 1141 2144 ad
1173 2090 1574 2145 Constantem.
1608 2090 1780 2160 eique
1811 2105 2050 2144 omnem

403 2191 526 2230 rem
560 2182 823 2230 narrant.
857 2176 1144 2232 Constans
1167 2177 1408 2249 indigne
1439 2194 1560 2232 rem
1584 2177 1779 2232 ferens
1810 2177 2051 2232 fratrem

404 2280 510 2334 per
541 2263 768 2319 litteras
800 2264 973 2336 jubet
1032 2266 1212 2321 Paulo
1271 2273 1330 2321 et
1369 2267 1690 2322 Athanasio
1750 2283 1857 2322 sua
1907 2265 2056 2320 solia

402 2353 590 2407 reddi.
629 2353 740 2408 Sed
781 2370 912 2408 cum
974 2355 1340 2426 Magnentius
1399 2357 1459 2410 in
1526 2355 1713 2411 Gallia
1770 2360 2057 2426 occupata

407 2442 720 2512 tyrannide
743 2443 1123 2498 Constantem
1148 2444 1307 2515 pium
1333 2443 1748 2510 interfecisset,
1771 2446 2056 2499 Constan-

407 2531 480 2585 tis
512 2531 570 2585 id
628 2533 959 2587 Antiochia;
1011 2533 1271 2588 resciens
1329 2535 1527 2589 statim
1595 2534 1742 2589 urbe
1802 2533 2052 2588 Paulum

407 2620 570 2688 ejicit
590 2625 646 2673 et
669 2621 879 2676 Cucusi
903 2621 1174 2677 exsulare
1197 2622 1388 2692 jubet.
1426 2623 1508 2677 lbi
1542 2623 1592 2678 is
1626 2640 1732 2678 suo
1767 2621 2060 2677 humerali

403 2709 476 2764 ab
498 2709 732 2764 Arianis
757 2711 1561 2782 strangulaturMacedonius
1586 2729 1823 2766 rursum
1854 2711 2056 2766 sedem

401 2799 802 2869 episcopalem
849 2806 1122 2870 occupat,
1149 2803 1163 2834 ¹
1195 2801 1486 2855 Athanius
1535 2805 1730 2855 autem
1779 2800 1915 2872 fuga
1945 2800 2058 2854 sibi

401 2889 662 2942 consulit
705 2889 1086 2943 Constantius
1105 2889 1404 2944 lulianum
1428 2891 1573 2945 Galli
1599 2891 1840 2945 fratrem
1865 2896 2060 2944 custo-

403 2975 834 3031 dialiberatum
851 2978 1139 3032 Caesarem
1160 2977 1616 3049 declaratinque
1642 2977 1889 3034 Galliam
1921 2978 2061 3032 mit-

407 3065 475 3119 tit
507 3064 747 3121 tradens
783 3066 835 3120 ei
869 3066 927 3120 in
969 3067 1415 3122 matrimonium
1449 3084 1717 3122 sororem
1750 3084 1918 3123 suam
1951 3067 2058 3121 He-

401 3154 624 3214 lenam.
660 3171 792 3226 qua:
818 3161 875 3210 et
903 3156 1268 3211 Constantia:
1297 3173 1514 3212 nomen
1541 3157 1696 3211 tulit.
1721 3156 2061 3211 Constantio

400 3261 548 3298 uxor
572 3244 688 3299 fuit
711 3245 916 3300 inclita
933 3245 1204 3309 Eusebia,
1225 3244 1396 3316 cujus
1426 3244 1888 3316 pulchritudinis
1907 3244 2065 3299 fama

2155 2006 2223 2076 τῇ
2257 1999 2558 2073 Ἑκκλησιᾳ
2581 1999 2893 2076 λῃστρικῶς
2910 1994 3196 2067 ἐπιϐαίνει,
3231 1997 3310 2074 ἐφ’
3335 1998 3380 2070 ᾧ
3405 1997 3493 2052 καὶ
3529 1997 3816 2072 ἀναιροῦν-

2156 2112 2244 2147 ται
2277 2087 2462 2162 ἄνδρες
2517 2088 2826 2168 τρισχίλιοι
2877 2089 3067 2144 ἑκατὸν
3120 2089 3473 2158 πεντήκοντα·
3519 2085 3610 2141 καὶ
3665 2084 3811 2140 οὕτω

2155 2183 2254 2246 τῆς
2293 2175 2624 2246 Ἐκκλησίας
2681 2177 2951 2250 Ἀρειανοί
3009 2178 3291 2250 κρατοῦσι,
3350 2174 3442 2230 καὶ
3496 2173 3810 2236 Ἀθανάσιος

2161 2263 2336 2320 δὲκαὶ
2371 2262 2585 2325 Παῦλος
2617 2265 2717 2335 τήν
2762 2263 2986 2336 Ῥώμην
3043 2262 3208 2319 πάλιν
3268 2255 3811 2334 καταλαμϐάνουσιν.

2160 2354 2226 2409 Οἳ
2278 2353 2367 2409 καὶ
2422 2351 2812 2428 προσελθόντες
2892 2351 2971 2426 τῷ
3020 2355 3292 2408 Κώσταντι
3351 2351 3522 2406 πάντα
3612 2347 3815 2425 διηγή-

2163 2465 2343 2500 σαντο.
2403 2443 2464 2500 Ὀ
2524 2440 2581 2497 δὲ
2637 2441 2724 2496 ἐπὶ
2791 2441 3008 2503 τούτοις
3065 2441 3441 2517 ἀγανακτήσας
3485 2439 3681 2518 γράφει
3738 2442 3817 2511 τῷ

2164 2531 2290 2605 ἰδίῳ
2321 2531 2544 2611 ἆδελφῳ
2575 2530 2925 2604 λυπούμενος
2959 2527 3255 2586 ἀποδοῦναι
3305 2527 3508 2600 Παύλῳ
3538 2528 3627 2582 καὶ
3662 2529 3822 2584 Ἀθαο

2163 2621 2334 2694 νασίῳ
2361 2620 2489 2681 τοὺς
2521 2617 2694 2682 ἰδίους
2754 2621 2995 2696 θρόνους.
3058 2617 3387 2692 Μαγνεντίου
3445 2615 3500 2672 Si:
3561 2618 3615 2672 ἐν
3675 2615 3824 2671 Γαλ-

2167 2709 2312 2772 λίαις
2396 2710 2819 2784 τυραννήσαντος
2889 2709 2980 2763 καὶ
3069 2709 3394 2765 Κώνσταντα
3468 2707 3558 2762 τὸν
3615 2700 3810 2774 εὐσεϐῆ

2165 2797 2468 2869 ἀνελόντος,
2517 2798 2632 2854 ἐπεὶ
2667 2798 3031 2860 Κωνστάντιος
3065 2795 3117 2852 ἐν
3145 2796 3460 2870 ’Δντιοχείᾳ
3517 2792 3594 2849 ὢν
3651 2798 3816 2850 τοῦτο

2165 2883 2350 2961 ἔμαθε,
2381 2887 2615 2962 παρευοὺ
2664 2893 2763 2956 τῆς
2820 2885 3037 2946 πόλεως
3088 2885 3179 2940 τὸν
3228 2883 3441 2940 Παῦλον
3500 2881 3725 2958 ἐξορίζει
3763 2880 3817 2936 ἐν

2166 2981 2490 3050 Κουκουσῷ.
2525 2976 2689 3030 Κάκεῖ
2727 2975 2830 3030 ὑπὸ
2859 2976 2966 3030 τῶν
2999 2977 3292 3047 Ἀρειανῶν
3340 2979 3419 3044 τῷ
3477 2969 3606 3044 ῗδίῳ
3662 2970 3818 3040 ὠμο-

2167 3067 2321 3145 φόρῳ
2379 3069 2458 3138 (4)
2514 3063 2896 3139 ἀποπνίγεται,
2955 3063 3044 3117 καὶ
3105 3059 3436 3123 Μακεδόνιος
3494 3059 3664 3116 πάλιν
3718 3063 3818 3115 τοῦ

2166 3155 2365 3230 θρόνου
2413 3148 2864 3228 ἐπιλαμϐάνεται,
2898 3153 2926 3208 ὁ
2959 3149 3016 3208 δὲ
3071 3151 3385 3211 Ἀθανάσιος
3440 3147 3607 3206 πᾶλιν
3667 3152 3817 3229 φυγῆ

2165 3246 2268 3312 τήν
2301 3241 2573 3317 σωτηρίαν
2619 3241 3076 3318 πραγματεύεται.
3115 3240 3408 3296 ’Ῑουλιανὸν
3447 3236 3505 3294 δὲ
3534 3239 3620 3294 τὸν
3656 3234 3816 3292 ἁδελ-

401 3334 601 3388 orbem
620 3329 791 3389 terrae
824 3342 1133 3407 pervagata
1151 3341 1256 3390 est.
1289 3337 1498 3390 Verum
1529 3334 1778 3390 maritus
1810 3335 2048 3390 mollior

2164 3333 2256 3410 φὸν
2286 3331 2502 3387 Γάλλου
2533 3330 2593 3386 ἐκ
2620 3338 2719 3399 τῆς
2769 3328 3017 3408 φυλακῆς
3046 3328 3095 3399 ἑξ
3109 3328 3313 3403 αγαλὼν
3379 3327 3620 3402 Καίσαρα
3679 3346 3817 3399 προ-

401 3437 578 3490 quam
604 3421 929 3492 expediret.
957 3439 1024 3476 ac
1047 3428 1334 3492 praeterea
1359 3421 1691 3487 morbosus,
1716 3438 1836 3477 non
1859 3421 2055 3492 potuit

405 3509 715 3563 mulierem
735 3511 1170 3580 curareJtaque
1187 3509 1330 3564 flore
1349 3511 1538 3566 artatis
1554 3517 1894 3582 naturaeque
1908 3511 2058 3583 vigo-

405 3615 469 3653 re
503 3597 887 3652 exardl-scens
902 3613 969 3653 ea
983 3599 1041 3652 in
1059 3598 1321 3653 matricis
1343 3616 1524 3654 saevos
1537 3600 1832 3656 cruciatus
1848 3599 2055 3654 incidit

410 3687 812 3759 paulatimque
853 3687 1322 3743 coutabescendo
1383 3689 1575 3760 periit,
1643 3689 1810 3744 nulla
1863 3705 2053 3759 neque

405 3778 610 3833 forma:
624 3795 814 3848 neque
829 3778 1019 3833 artatis
1036 3795 1227 3848 neque
1243 3780 1475 3850 imperii
1492 3786 1768 3852 percepta
1782 3779 2050 3836 utilitate.

2165 3416 2428 3473 ϐάλλεται
2501 3419 2589 3472 καὶ
2650 3417 2725 3479 εἷς
2787 3416 3025 3479 Γαλλίας
3081 3417 3368 3489 ἐκπέμπει,
3432 3415 3612 3488 ζεύξας
3671 3412 3819 3484 αύτῷ

2163 3509 2300 3584 πρὸς
2329 3508 2506 3582 γάμον
2533 3509 2633 3577 τήν
2660 3504 2799 3561 ἰδίαν
2856 3503 3101 3584 ἀδελφήν
3156 3505 3382 3575 Ἑλένην
3409 3505 3509 3573 τῆν
3539 3503 3628 3558 καὶ
3666 3509 3816 3558 Κων-

2165 3598 2436 3654 σταντίαν.
2531 3597 2746 3668 Γαμετὴ
2805 3593 2861 3650 δὲ
2926 3595 3295 3652 κωνσταντίου
3371 3595 3438 3663 ἦν
3497 3587 3731 3649 Εὐσεϐία
3783 3593 3818 3660 ἠ

2163 3690 2535 3763 περιώνυμος,
2565 3688 2632 3755 ἦς
2661 3687 2726 3741 τὸ
2782 3683 2994 3747 κάλλος
3025 3685 3100 3748 εἷς
3143 3689 3317 3740 πᾶσαν
3349 3682 3539 3756 ἐξῆλθε
3566 3683 3665 3750 τήν
3693 3688 3818 3755 γῆν·

2165 3775 2292 3832 ἀλλ’
2325 3779 2357 3832 ἁ
2384 3777 2585 3846 ταύτης
2614 3774 2748 3851 ἀνηρ
2783 3773 3208 3848 μαλθακώτερος
3267 3773 3531 3847 ὑπάρχων
3559 3775 3655 3825 τοῦ
3686 3769 3814 3845 πρέο

407 3887 625 3933 ποντος,
659 3863 737 3920 ἔτι
778 3863 834 3920 δὲ
863 3868 950 3920 καὶ
1011 3865 1470 3938 νοσηλευόμενος,
1525 3867 1624 3922 οὐκ
1674 3864 1912 3936 ἠδύνατο
1945 3869 2267 3942 θεραπεῦσαι
2317 3867 2418 3934 τήν
2477 3863 2785 3940 ἄνθρωπον,
2831 3863 2866 3932 ἢ
2909 3867 2990 3934 τῷ
3045 3869 3147 3932 τῆς
3198 3862 3456 3930 νεότητος
3513 3859 3660 3914 ἄνθει
3727 3855 3823 3912 καί

401 3960 482 4028 κῷ
512 3954 706 4009 κάλλει
733 3962 832 4024 τῆς
864 3955 1072 4029 φύσεως
1107 3955 1434 4029 ὑπερζέουσα
1456 3959 1535 4028 τῷ
1565 3962 1664 4025 τῆς
1700 3957 2082 4028 μητρομανίας
2111 3956 2394 4028 περιέπεσε
2441 3954 2617 4018 πάθει,
2651 3954 2912 4031 φθίνουσα
2944 3950 3000 4007 δέ
3023 3953 3161 4008 κατὰ
3225 3952 3421 4026 μικρὸν
3479 3947 3818 4019 ἐτελεύτησε,

477 4044 489 4062 ι
561 4039 586 4058 ν
742 4047 767 4059 ς-
853 4044 863 4062 ι
1111 4041 1136 4060 ν
1269 4051 1292 4063 -
1682 4041 1706 4060 ν
1838 4051 1862 4062 υ
2218 4045 2239 4064 η
2376 4051 2404 4064 .-
2642 4064 2660 4074 ,,
2879 4042 2891 4062 ι

402 4064 492 4100 και
525 4064 648 4098 ουτε
676 4065 772 4099 του
802 4042 1042 4106 καλλους
1075 4065 1197 4100 ουτε
1226 4066 1325 4114 της
1358 4044 1606 4114 ἡλικίαις
1639 4063 1766 4100 ουτε
1797 4065 1897 4114 της
1929 4043 2154 4114 ἡλικίας
2186 4065 2310 4100 ουτε
2339 4065 2438 4114 της
2475 4041 2751 4119 βασιλείας
2779 4042 3034 4100 ἂπωνατο

557 4171 840 4241 Utcunque
879 4172 1029 4227 enim
1061 4173 1258 4226 mulier
1286 4173 1505 4242 reliqua
1547 4171 1734 4228 omnia
1776 4172 2006 4229 sustinet
2039 4189 2057 4228 :

551 4243 658 4298 Sed
686 4244 968 4311 deﬁciente
996 4247 1137 4308 viro,
1167 4245 1284 4298 vita
1309 4260 1524 4314 quoque
1555 4246 1752 4314 deﬁcit.

485 4351 634 4406 305
675 4358 840 4404 Anno
861 4353 930 4404 2'2
959 4350 1158 4405 Ariani
1181 4351 1524 4406 Constantio
1547 4357 1974 4423 persuaserunt
1994 4356 2058 4406 ut

2238 4171 2320 4228 Τὰ
2353 4170 2446 4240 μὲν
2520 4170 2583 4243 ἄρ
2616 4165 2760 4224 α’λλα
2792 4166 2994 4244 δεύτερ’
3024 4164 3084 4223 ἃν
3115 4167 3320 4242 πάσχοι
3353 4165 3514 4237 γυνὴ.

2240 4240 2457 4299 Ἀνδοὸς
2569 4240 2938 4299 ἀμαρτάτουσ’
2976 4240 3270 4299 ἆμαστανει
3307 4238 3448 4299 βίου.

2240 4238 2457 4315 Ἀνδρὸς
2493 4238 2536 4299 δ’
2555 4238 2956 4316 ’ἀμαρτάτουσν
2976 4238 3270 4316 ἁμαρτανεὶ
3307 4238 3448 4314 βίου.

2232 4352 2327 4423 Τῷ
2356 4352 2442 4424 κβ⁹
2463 4348 2568 4406 ἔτει
2628 4349 2680 4404 οἱ
2712 4349 2978 4424 Ἀρειανοὶ
3035 4349 3127 4404 τὸν
3161 4345 3387 4423 βασιλέα
3444 4350 3825 4400 Κωνσταντιον

407 4437 666 4507 capitale
689 4438 1045 4509 supplicium
1067 4439 1388 4494 Athanasio
1404 4439 1771 4496 decerneret.
1796 4439 1908 4495 Sed
1923 4448 2054 4495 tunc

2167 4439 2302 4495 κατὰ
2330 4439 2649 4497 Ἀθανασίου
2675 4437 3003 4514 παρέπεισαδ
3047 4436 3122 4499 ὡς
3181 4433 3485 4514 κεφαλικὴν
3549 4431 3825 4506 τιμωρίαν

405 4544 639 4598 quoque
672 4527 720 4582 is
745 4528 916 4583 vitam
951 4528 1086 4590 fuga
1119 4529 1383 4584 servavit.
1419 4531 1614 4585 Noctis
1675 4531 1822 4586 hora
1881 4530 2057 4584 tertia

400 4623 576 4671 terra)
612 4623 804 4672 motus
835 4617 1190 4674 Nicomediaa
1231 4618 1476 4674 obortus
1527 4635 1803 4692 magnam
1865 4619 2058 4674 homi-

405 4724 549 4762 num
584 4706 1026 4762 multitudinem
1069 4715 1250 4779 alque
1289 4725 1421 4764 cum
1456 4709 1546 4763 his
1579 4709 1920 4781 episcopum
1953 4712 2056 4764 Ce-

405 4796 674 4866 cr0pium
707 4797 1020 4868 oppressit.
1053 4796 1431 4852 Macedonius
1464 4797 1808 4869 episcopatu
1863 4797 2053 4868 Cpoli-

407 4895 547 4944 tano
580 4891 820 4962 potitus,
853 4907 1064 4962 corpus
1093 4890 1460 4945 Constantini
1494 4891 1679 4962 Magni
1712 4889 1784 4944 ab
1815 4893 2059 4961 Aposto-

405 4979 602 5035 lorum
635 4980 858 5051 templo
885 4979 960 5035 ad
984 4979 1178 5034 Sancti
1230 4979 1428 5035 Acacii
1485 4979 1690 5034 fanum
1739 4979 2059 5035 transferre

407 5085 718 5141 aggressus
747 5076 857 5138 est,
892 5069 1335 5140 praescriptione
1367 5085 1434 5123 ea
1475 5074 1672 5138 utens,
1706 5067 1864 5138 quod
1909 5073 2062 5124 tem-

405 5158 572 5229 plum
601 5161 1016 5230 Apostolorum
1047 5157 1389 5212 corruisset.
1421 5157 1646 5228 Papulo
1673 5164 1875 5213 autem
1907 5157 2062 5213 obsi-

407 5252 600 5302 stente
658 5266 871 5316 magna
929 5246 1128 5303 existit
1184 5245 1394 5312 caades,
1429 5247 1508 5300 ita
1539 5252 1604 5301 ut
1661 5247 1948 5318 sanguine
2005 5253 2064 5303 et

406 5342 626 5408 puteus
656 5337 987 5394 testimonii
1015 5343 1074 5391 et
1120 5336 1330 5408 plateas
1387 5341 1443 5390 et
1474 5335 1610 5391 aula
1657 5335 2060 5409 opplerentur.

2165 4529 2330 4585 αὐτοῦ
2373 4528 2868 4606 καταψηφίσασθαν
2902 4525 3049 4582 ἀλλᾶ
3107 4525 3194 4582 καὶ
3252 4525 3376 4580 τότε
3433 4526 3580 4602 φυγῇ
3609 4523 3636 4576 ὁ
3669 4516 3828 4594 ἅγιος

2164 4621 2263 4690 τὴν
2297 4617 2568 4693 σωτηρίαν
2628 4615 3128 4693 ἐπραγματεύσατο.
3186 4617 3426 4686 Σεισμοῦ
3480 4609 3540 4667 δὲ
3573 4609 3824 4686 μεγάλου

2165 4707 2219 4764 ἐν
2295 4705 2645 4780 Νικομηδείᾳ
2724 4706 3020 4782 γενομένου
3107 4705 3229 4780 περὶ
3313 4701 3457 4770 ὥιςαν
3513 4701 3826 4775 νυκτερινὴν

2164 4797 2376 4873 τρίτην.
2419 4799 2518 4866 τήν
2549 4797 2712 4854 πόλιν
2745 4791 3038 4866 κατέλαϐε,
3093 4795 3183 4850 καὶ
3243 4793 3434 4863 πλήθη
3488 4789 3676 4846 πολλὰ
3735 4785 3822 4844 διο

2168 4888 2379 4966 ἔφθειρε
2413 4887 2546 4962 μετᾶ
2582 4891 2679 4944 τοῦ
2734 4885 3032 4943 ἐπισκόπου
3101 4881 3424 4959 Κεκροπίου.
3484 4876 3822 4941 Μακεδόνιος

2165 4976 2345 5034 τοίνυν
2374 4978 2465 5033 τὸν
2500 4978 2686 5050 θρόνον
2743 4983 2845 5045 τῆς
2895 4968 3523 5032 Κωνσταντινουπόλεως
3574 4967 3822 5043 κατέχων

2173 5063 2443 5140 μετήδαγε
2498 5067 2559 5120 τὸ
2616 5069 2776 5138 σῶμα
2833 5067 2934 5120 τοῦ
3002 5060 3260 5137 Μεγάλου
3311 5057 3706 5116 Κωνσταντίνου
3754 5055 3829 5118 εἶς

2166 5155 2260 5211 τὸν
2293 5156 2443 5229 ἅγιον
2485 5155 2737 5212 Ἀκάκιον
2766 5153 2874 5208 ἀπὸ
2903 5154 3004 5206 τοῦ
3031 5155 3160 5206 ναοῦ
3190 5153 3295 5204 τῶν
3330 5151 3407 5222 [Ρ.
3443 5147 3570 5219 303]
3626 5144 3828 5220 Ἀγίων

2172 5244 2552 5313 Ἀποστόλων,
2582 5248 2787 5299 πτῶσιν
2817 5239 3291 5322 προφασιζόμενος
3319 5241 3417 5292 τοῦ
3445 5239 3603 5290 ναοῦ·
3648 5239 3744 5288 τοῦ
3776 5232 3834 5288 δὲ

2173 5333 2310 5391 λαοῦ
2339 5333 2653 5395 κωλύοντος
2675 5332 2838 5412 φόνος
2863 5333 3053 5408 γέγονε
3077 5327 3274 5398 πολὺς,
3297 5325 3434 5382 ὥστε
3463 5323 3806 5400 πληρωθῆνα
3823 5393 3839 5426 ι

1602 5483 1970 5541 XYLANDRI
2002 5485 2090 5540 ET
2127 5485 2344 5542 GOARI
2381 5483 2609 5538 NOTE.

483 5600 553 5670 (4)
587 5601 878 5655 Humerale
925 5597 998 5654 ad
1037 5595 1278 5655 verbum
1331 5597 1595 5672 reddidit
1625 5599 1950 5672 interpres:
1987 5605 2050 5656 tu

403 5675 632 5801 {pscium
666 5673 906 5727 honoris
931 5672 1138 5742 gratia.
1178 5670 1527 5742 pontificum
1584 5670 1864 5727 humeros
1922 5689 2049 5727 am-

447 5745 668 5800 ientem
725 5749 784 5799 et
838 5745 1117 5798 extremis
1175 5747 1305 5796 ante
1369 5749 1647 5801 retroaue
1705 5742 2047 5801 pendulam.

447 5745 668 5800 ientem
725 5749 784 5799 et
838 5745 1117 5798 extremis
1175 5747 1305 5796 ante
1369 5749 1647 5812 retroque
1705 5742 2047 5813 pendulam,

2160 5616 2194 5655 a
2267 5597 2488 5654 Latinis
2565 5597 2820 5666 pallium,
2906 5591 3490 5666 archiepiscoporum
3533 5587 3818 5666 Ainsigne

2159 5670 2398 5745 dictam,
2427 5659 2744 5745 intelliges.
2778 5659 3068 5740 Ἐπωμίδα
3096 5659 3264 5722 vocat
3283 5659 3499 5720 auctor
3525 5659 3813 5735 frequen-

2162 5743 2300 5799 tius.
2334 5742 2515 5800 Gou.
