4194 6198
406 304 525 366 579

407 496 717 605 postmodo
734 496 1008 578 vidisset:
1006 516 1154 572 dixit
1173 531 1186 568 :
1203 513 1329 583 jam
1348 507 1637 579 templum
1653 503 1874 560 habent
1891 496 2054 555 Chri-

1762 270 2091 343 OBORGII
2131 265 2471 331 CEDRENI

407 441 469 497 in
501 439 802 512 pulverem
848 429 1080 502 redigit.
1130 425 1191 481 ld
1247 419 1534 493 templum
1593 430 1744 512 cum
1785 408 2058 512 Julianus

2180 399 2248 465 ιῗς
2301 402 2437 475 χοῦν
2497 393 2784 453 ἀπετέλεσε
2816 440 2830 454 .

2199 494 2324 512 καί--
2381 487 2677 512 ἸῌΑἹ.--ν1-
2739 485 2827 512 ,τ-

2158 494 2326 545 ταῦτα
2381 487 2677 549 Ἰουλιανὸς
2737 485 2907 541 εἶπεν
2970 485 3182 555 Ἀκμὴν
3235 482 3287 538 οἱ
3344 480 3661 556 Χριστιανοὶ
3716 481 3814 536 ἐκ-

3694 258 3816 321 580

2890 396 3098 452 Τοῦτον
3150 393 3244 448 τὸν
3301 390 3427 448 ναὸν
3484 388 3620 447 ίδὼν
3682 411 3818 465 μετα

407 571 603 677 ξιίοηί.
634 614 746 672 Sed
776 628 882 684 ego
923 607 1022 663 ubi
1054 620 1088 661 a
1118 603 1352 659 Persico
1410 598 1563 655 bello
1620 594 1875 655 rediero,
1928 603 2055 644 me-

2180 579 2389 650 ιλησίας
2419 572 2661 653 ἔχουσιν.
2715 575 2837 629 Ἐὰν
2893 572 3217 647 ὑποστρέψύ
3248 572 3356 626 ἀπὸ
3423 574 3664 644 Περσῶν,
3720 571 3814 627 τὸν

2204 670 2220 684 ι
2344 672 2353 684 .
2670 660 2701 684 ρ
2744 664 2808 684 \~
2943 663 2994 684 _~
3064 660 3113 684 sx
3178 655 3286 684 vn-
3371 661 3612 684 ,μιμηειΔιλ
3678 659 3805 684 ηιΑη

408 710 573 764 dium
604 705 733 776 ejus
764 679 899 756 {eno
920 693 1288 768 reponendo.
1315 694 1513 763 partes
1545 685 1617 742 ab
1639 689 1888 754 utroque
1914 679 2055 733 late-

407 813 470 853 re
501 769 801 851 stabulum
840 800 1126 859 equorum
1158 780 1401 856 parabo,
1430 782 1499 834 ut
1550 775 1779 831 videam
1810 769 2054 827 ubinam

412 900 578 941 suam
612 896 777 953 spem
815 876 1129 933 collocent.

479 974 615 1028 Erat
643 946 923 1025 dulianus
982 969 1209 1019 statura
1263 957 1446 1021 brevi,
1478 954 1780 1019 barbatus,
1839 946 2054 1020 capillo

405 1063 598 1135 nigro,
632 1057 848 1126 somni,
880 1052 1152 1120 luxurias,
1207 1050 1409 1119 reique
1466 1059 1731 1101 venerere
1789 1037 2055 1113 apprime

405 1153 754 1215 abstinens,
803 1151 1084 1202 cmterum
1141 1135 1663 1196 ambitiosissimus
1718 1136 1779 1187 et
1815 1127 2055 1200 impius.

411 1243 563 1300 582
596 1242 650 1295 Is
678 1239 753 1294 ad
782 1253 845 1292 se
869 1250 1049 1290 unum
1082 1237 1204 1287 toto
1233 1227 1483 1300 imperio
1514 1224 1710 1280 delato
1742 1219 2059 1290 impudens

410 1336 672 1391 Graecam
696 1326 1046 1398 religionem
1070 1319 1393 1391 usurpavit.
1419 1314 1706 1387 sanguine
1738 1307 2059 1366 sacriﬁcio-

408 1439 543 1479 rum
574 1434 807 1476 sacrum
837 1414 1197 1486 baptismum
1222 1410 1450 1470 eluens,
1504 1403 1823 1472 omniaque
1877 1412 2060 1470 agens

412 1510 630 1586 quibus
660 1508 963 1563 daamones
984 1500 1277 1557 coluntur.
1306 1494 1643 1553 Oribasium
1677 1489 1970 1547 medicum
1994 1502 2061 1541 ac

413 1574 769 1673 qumstorem
803 1592 1064 1665 Delphos
1091 1588 1275 1655 misit,
1315 1590 1382 1641 ut
1410 1582 1717 1640 oraculum
1768 1574 2062 1651 Apollinis

410 1689 774 1745 instauraret
844 1686 898 1739 Is
946 1696 1081 1737 cum
1136 1694 1204 1733 eo
1261 1674 1626 1749 pervenisset
1679 1682 1945 1741 opusque
1978 1665 2063 1720 in-

417 1778 714 1845 choasset,
749 1773 859 1829 tale
911 1771 1180 1826 daemone
1209 1764 1440 1836 accepit
1470 1760 1780 1819 oraculum
1808 1776 1822 1813 :

524 1886 744 1943 Corruit
773 1880 980 1947 artiﬁri
999 1878 1154 1933 varie
1192 1875 1410 1947 cortina
1440 1871 1623 1947 labore

524 1957 844 2014 Constructa
864 1942 897 2006 ε’
915 1951 1013 2004 hoc
1035 1949 1155 2016 regi
1184 1946 1467 2001 redeuntes
1496 1942 1660 2016 dicite
1678 1944 1885 2016 pestro.

523 2010 629 2084 Nec
659 2041 783 2081 casa
812 2038 908 2079 nec
939 2010 1127 2077 thb'i
1153 2017 1385 2072 reddens
1415 2012 1643 2069 oracula
1663 2010 1862 2084 laurus

529 2080 651 2156 Ulla
680 2080 864 2166 super.
916 2091 1086 2147 nullae
1134 2092 1429 2166 ventante
1452 2080 1923 2166 fofiiedloquelaal:

524 2156 801 2228 Ειοεεὶηὸιὶ
829 2166 1121 2234 laticesque
1143 2158 1433 2232 profunda
1458 2156 1679 2213 silentia
1701 2157 1942 2210 servant.

491 2279 689 2334 Primo
711 2271 944 2345 imperii
965 2268 1182 2327 Juliani
1210 2283 1387 2331 anno,
1418 2279 1556 2320 cum
1582 2262 1632 2318 is
1657 2265 1794 2317 ante
1816 2262 2069 2314 mortem

422 2364 755 2425 Constantii
786 2344 1061 2417 diadema
1091 2356 1201 2413 sibi
1230 2349 1817 2426 sumpsisset,statim
1847 2347 1937 2402 ira
1966 2344 2070 2401 Dei

420 2461 823 2515 Romanorum
880 2448 1092 2505 ditioni
1151 2446 1356 2501 imissa
1383 2442 1542 2499 mala
1570 2445 1728 2497 sunt.
1760 2439 1907 2493 Tum
1958 2436 2072 2490 im-

417 2548 552 2620 pius
608 2545 743 2612 iste,
801 2545 869 2596 ut
914 2536 1323 2594 Constantium
1380 2532 1673 2604 injustum
1730 2543 1800 2582 ac
1845 2524 2073 2598 legibus

419 2637 733 2693 adversum
764 2629 948 2686 fuisse
979 2625 1340 2690 ostenderet,
1367 2621 1615 2693 justiam
1648 2632 1769 2689 pra:
1808 2630 1870 2670 se
1918 2613 2070 2669 ferre

418 2724 616 2796 C(Bpit,
650 2720 961 2792 episcopos
1006 2714 1080 2769 ab
1138 2711 1351 2769 exsilio
1401 2722 1697 2769 revocare,
1753 2702 2074 2760 Eusebium

420 2812 719 2884 regiorum
770 2803 1180 2862 cunuchorum
1219 2798 1549 2871 principem
1578 2797 1783 2865 utpote
1840 2797 2073 2847 sontem

424 2880 662 2960 necare,
700 2894 965 2964 reliquos
1012 2890 1193 2947 etiam
1223 2886 1529 2944 eunuchos
1578 2882 1799 2955 palatio
1856 2880 2074 2951 ejicere

423 2988 499 3045 ob
532 2986 841 3043 dimissam
882 2998 951 3037 ac
997 2978 1371 3051 repudiatam
1402 2991 1437 3030 a
1465 2990 1529 3030 se
1550 2987 1817 3039 uxorem,
1858 2969 1971 3025 sibi
2000 2968 2074 3024 ab

423 3076 553 3149 ejus
584 3075 764 3132 fratre
794 3068 1137 3126 Constantio
1169 3066 1609 3138 desponsatam,
1642 3075 1862 3130 coquos
1895 3058 2074 3113 etiam

2096 1787 2143 1853 Β

2164 670 2258 745 μὲν
2295 672 2454 742 μέσον
2492 660 3005 742 χορτοϐολῶνα,τὰ
3060 660 3119 717 δὲ
3176 655 3319 717 ἔνθεν
3368 661 3613 716 κάκεῖθεν
3675 659 3813 734 μέρη

2162 752 2431 817 στάϐλους
2462 760 2569 812 τῶν
2592 753 2779 809 ’ίππων
2833 773 2960 827 μου,
2995 754 3230 823 ποιήσας
3285 748 3478 812 αὐτοὺς
3535 747 3668 805 ἰδεῖν
3699 745 3816 825 ἔχω

2161 853 2271 905 ποῦ
2298 847 2632 918 ἐλπίζουσιν.

2235 940 2334 995 Ἦν
2366 934 2424 992 Si
2462 932 2761 998 Ἰουλιανὸς
2789 933 2851 988 τὸ
2882 936 3041 1007 σῶμα
3105 928 3341 1008 βραχὺς,
3399 930 3685 1004 εύπώγων,
3721 949 3819 1002 με-

2164 1026 2438 1098 λανόθριξ,
2497 1024 2664 1081 ὕπνου
2715 1034 2805 1078 καὶ
2869 1027 3080 1102 τρυιρῆς
3152 1019 3243 1076 καὶ
3337 1016 3671 1096 ἀφροδισίων
3731 1020 3820 1074 δτι

2168 1115 2318 1190 μάλα
2347 1114 2641 1191 ἐγκρατὴς,
2670 1110 3098 1192 φιλοδοξότατος
3154 1130 3213 1165 τε
3270 1109 3362 1164 καὶ
3389 1113 3469 1181 τῷ
3496 1110 3615 1163 κατ’
3670 1105 3822 1163 εὐσέ-

2167 1201 2314 1261 ϐειαν
2336 1204 2526 1277 τρόπῳ
2579 1201 2840 1276 πονηρός.
2910 1198 3080 1261 Οὗτος
3138 1196 3492 1275 μονοκρᾶτωρ
3545 1200 3633 1268 [Ρ.
3693 1198 3821 1271 304]

2165 1295 2456 1371 γενόμενος
2489 1288 2720 1353 ἀναιδῶς
2753 1288 3060 1360 ἒλλτίνιζεν,
3108 1285 3305 1361 α’ίματι
3340 1290 3539 1351 θυσιῶν
3566 1286 3630 1340 τὸ
3662 1279 3819 1361 ἃγιόν

2171 1385 2452 1459 βάπτισμα
2507 1378 2993 1452 ἀποπλυναμενοςς
3022 1377 3112 1432 καὶ
3143 1376 3317 1431 πάντα
3382 1379 3559 1430 ποιῶν
3616 1374 3706 1435 οἷς
3763 1371 3821 1427 οῖ

2170 1471 2425 1547 δαίμονες
2480 1468 2888 1545 θεραπεύονται.
2948 1465 3157 1539 Πέμπει
3208 1465 3302 1520 οὗν
3363 1458 3672 1538 Ὀριϐἀσιον
3728 1462 3822 1517 τὸν

2172 1562 2355 1636 ίατρὸδ
2384 1558 2475 1614 καὶ
2503 1556 2846 1628 κοιαίστωμα
2878 1554 2931 1610 ὲν
2984 1554 3217 1635 Δελφοῖς
3274 1552 3543 1629 ἀνεγεῖραι
3571 1552 3663 1608 τὸν
3694 1552 3824 1606 ναὸν

2169 1656 2268 1708 τοῦ
2299 1646 2678 1708 Ἀπόλλωνος.
2718 1643 3007 1701 Ἀπελθὼν
3043 1634 3137 1699 οὗν
3170 1643 3334 1705 αὐτὸς
3364 1643 3451 1697 καὶ
3499 1646 3602 1698 τοῦ
3660 1634 3827 1716 ἔργου

2176 1742 2448 1817 ἁψάμενος
2482 1732 2753 1809 λαμϐάνει
2787 1734 3044 1811 χρησμὸν
3077 1733 3221 1810 παρᾶ
3251 1736 3350 1789 τοῦ
3380 1727 3661 1805 δαίμονος.

2171 1884 2378 1944 Εἲπατε
2405 1886 2485 1952 τῷ
2517 1879 2755 1952 βασιλεῖ·
2791 1875 2977 1952 Χαμᾳῖ
3007 1876 3136 1952 πέσε
3157 1872 3418 1952 δαίδαλος
3434 1871 3613 1952 Ααρλά.

2171 1955 2368 2013 Οόκέτι
2399 1945 2606 2027 φοῖϐος
2637 1945 3044 2027 ἔχεικαᾼῖύὸιαν)
3072 1946 3135 2004 οὗ
3168 1945 3399 2027 μαντιδμ
3430 1945 3667 2027 δας-νην,

2173 2028 2249 2085 Οὔ
2283 2025 2453 2103 παγὰν
2483 2006 2804 2080 λαλέοῶαν.
2838 2006 3130 2078 Ἀπέσέετο
3161 2006 3252 2076 καὶ
3283 2018 3457 2076 λάλυν
3485 2006 3655 2093 ὕδωρ.

2244 2171 2340 2242 Τῷ
2371 2169 2574 2245 πρώτῳ
2629 2165 2827 2222 τούτου
2877 2161 2982 2220 ἔτει
3043 2160 3291 2237 διάδημα
3336 2163 3691 2238 περιθεμένου
3718 2158 3829 2235 πρὸ

2170 2264 2271 2329 τῆς
2298 2262 2396 2314 τοῦ
2428 2253 2793 2312 Κωνσταντίου
2838 2251 3101 2323 τελευτῆς
3141 2251 3296 2316 εὐθὺς
3348 2250 3609 2322 θεήλατοι
3665 2249 3832 2323 ὀργα-

2170 2351 2271 2419 τὴν
2300 2346 2590 2421 Ῥωμαίων
2648 2351 2750 2421 γῆν
2826 2342 3211 2412 κατειλήφασι.
3273 2341 3447 2413 Δεῖξαι
3505 2341 3597 2396 οὗν
3654 2337 3830 2394 θέλων

2172 2439 2265 2494 τὸν
2326 2435 2702 2495 Κωνστάντιον
2761 2429 2949 2489 ἄδικον
2995 2431 3086 2486 καὶ
3142 2430 3486 2504 παράνομον,
3526 2427 3819 2504 ὑποκρινόί

2179 2548 2336 2602 μενος
2367 2523 2773 2593 δικαιοσύνηνὸ
2807 2516 3005 2589 ἀσεϐής
3061 2521 3189 2581 τους
3245 2519 3298 2575 ἐν
3355 2518 3539 2593 ἐξορίᾳ
3596 2516 3830 2575 ἐπισκό-

2174 2638 2312 2679 πους
2335 2613 2717 2675 ἀνεκαλέσατο.
2750 2605 3008 2669 Εὐσέϐιον
3044 2606 3102 2664 δὶ
3127 2610 3221 2665 τὸν
3253 2614 3471 2685 πρῶτον
3502 2613 3611 2664 τῶν
3672 2608 3830 2683 βασι-

2176 2705 2346 2763 λικῶν
2369 2704 2644 2779 εὐνούχων
2684 2700 2894 2767 ἀνεῖλεν
2928 2701 3004 2763 ὡς
3061 2696 3223 2769 δῆθεν
3278 2696 3484 2756 ἄδικον.
3514 2693 3739 2767 Ἐδίωξε
3766 2692 3828 2751 δὶ

2176 2795 2265 2853 καὶ
2301 2794 2431 2856 τοὺς
2462 2792 2690 2855 λοιποὺς
2721 2791 3018 2869 εὐνούχους
3043 2792 3143 2844 τοῖ’)
3184 2787 3457 2843 παλατίου
3488 2783 3578 2841 διὰ
3604 2787 3669 2842 τὸ
3699 2785 3833 2841 ἀπο-

2177 2881 2365 2941 ϐαλεῖν
2413 2883 2512 2951 τὴν
2560 2886 2813 2957 γυναῖκα,
2844 2880 2911 2949 ἣν
2967 2880 3199 2953 συνῆψεν
3246 2876 3394 2947 αὖτῷ
3452 2874 3828 2938 Κωνστάντιος

2178 2976 2207 3030 ὁ
2237 2970 2472 3050 ἀδελφὸς
2506 2970 2696 3039 αὐτῆς.
2729 2967 2971 3043 Ὁμοίως
3004 2968 3093 3023 καὶ
3149 2964 3442 3042 μαγείρους
3470 2962 3561 3020 διὰ
3582 2965 3648 3021 τὸ
3677 2962 3830 3020 λιτὸν

2175 3069 2276 3133 τῆς
2309 3058 2545 3130 διαίτης,
2576 3059 2667 3114 καὶ
2696 3057 3020 3127 κουρίσκους
3066 3059 3175 3129 (l2)
3207 3053 3297 3111 διὰ
3324 3056 3388 3112 τὸ
3441 3050 3533 3109 ἵνα
3594 3051 3830 3116 πολλοίς

427 3165 749 3230 dimittere,
806 3165 872 3216 ut
925 3156 1212 3229 frugalius
1268 3153 1594 3219 viveretur,
1654 3155 1715 3205 et
1767 3146 2070 3219 puerulos,

2180 3152 2381 3227 ἀρκεῖν,
2415 3149 2489 3211 ὡς
2536 3141 2711 3222 ἔλεγε.
2770 3148 2882 3204 Τοῦ
2939 3142 2997 3202 δὲ
3054 3142 3326 3218 δημοσίου
3379 3141 3589 3230 δρόμου
3643 3142 3740 3205 τάς
3770 3162 3831 3197 τε

427 3254 586 3328 quod
618 3267 799 3309 unum
833 3247 1040 3305 multis
1067 3245 1341 3301 sufﬁcere
1369 3240 1611 3297 diceret.
1636 3236 1880 3293 Publico
1896 3236 2073 3291 etiam

426 3360 607 3401 cursu
637 3338 920 3401 camelos,
979 3334 1181 3391 asinos
1212 3337 1273 3388 et
1300 3330 1493 3386 mulas
1523 3328 1760 3400 ejicere,
1812 3325 2073 3396 solisque

425 3433 596 3504 equis
627 3429 700 3486 ad
730 3424 1060 3484 ministeria
1087 3423 1175 3478 uti
1207 3417 1552 3483 concedere,
1586 3415 1829 3472 avaritia
1856 3413 2075 3486 impul-

427 3539 552 3589 sus,
587 3519 681 3575 cui
729 3521 856 3572 erat
901 3512 1292 3584 mancipatus.
1324 3508 1478 3567 583
1525 3506 1689 3562 Tunc
1744 3504 1805 3560 in
1837 3504 2075 3560 Oriente

428 3609 610 3668 Graeci
633 3605 883 3665 sublatis
910 3603 1126 3659 animis
1142 3599 1341 3656 statim
1366 3595 1736 3653 Alexandriae
1766 3592 2076 3665 Georgium

422 3701 771 3773 episcopum
848 3698 1146 3767 raptatum
1204 3686 1649 3744 interfecerunt.
1716 3682 2077 3739 Athanasius

426 3771 648 3855 autem,
681 3785 783 3859 qui
813 3784 915 3840 diu
945 3779 1102 3853 apud
1128 3777 1413 3851 virginem
1462 3772 1781 3847 quamdam
1826 3771 2075 3828 delitue-

423 3884 534 3948 rat,
566 3879 629 3933 in
660 3873 965 3948 publicum
994 3884 1341 3943 progressus
1406 3863 1729 3921 concilium
1785 3876 2074 3918 convoca-

423 3970 525 4038 vit,
577 3965 950 4034 decretisque
1025 3957 1283 4016 Nictenis
1375 3953 1743 4011 conﬁrmatis
1799 3950 2077 4007 ecclesias

427 4055 815 4130 recuperavit.
853 4049 1056 4108 Ariani
1080 4052 1279 4104 autem
1310 4044 1556 4117 Georgio
1578 4041 1810 4098 sublato
1832 4039 2077 4096 Lucium

425 4146 537 4204 sibi
561 4143 975 4217 praefecerunt,
1010 4138 1190 4209 inque
1213 4132 1516 4191 communi
1547 4130 1724 4187 domo
1754 4133 2078 4186 conventus

425 4240 695 4309 egerunt.
728 4233 944 4287 Graeca:
993 4232 1191 4283 autem
1251 4221 1559 4296 religionis
1615 4220 1812 4276 tumuli
1857 4218 2078 4274 multos

422 4323 792 4380 Christianos
814 4320 876 4375 in
898 4332 1106 4373 cruces
1125 4312 1499 4370 sustulerunt
1518 4315 1694 4381 atque
1698 4309 2074 4382 jugularunt.

426 4414 571 4469 Nam
619 4411 779 4466 Gazae
828 4411 887 4463 et
927 4404 1216 4463 Ascalone
1236 4399 1635 4474 presbyteros,
1668 4405 1728 4453 et
1754 4397 1857 4468 qui
1909 4396 2078 4468 virgi-

425 4502 677 4558 nitatem
726 4498 1207 4560 conservassent,
1257 4490 1702 4548 interfecerunt.
1751 4501 2075 4556 eorumque

425 4594 654 4650 viscera
684 4594 891 4663 aperta
914 4585 1139 4644 hordeo
1171 4582 1571 4655 impleverunt
1601 4584 1659 4636 et
1688 4578 1882 4652 porcis
1911 4576 2080 4649 obje-

426 4686 654 4740 cerunt.
685 4678 963 4736 Pbamice
984 4672 1183 4747 Cyrilli
1206 4670 1442 4727 diaconi
1473 4668 1667 4726 necati
1691 4667 1865 4738 jecur
1890 4670 2083 4739 gusta-

425 4777 656 4828 verunt.
702 4769 812 4836 Qui
857 4770 1054 4824 autem
1102 4762 1418 4819 diaconum
1475 4759 1656 4814 istum
1709 4755 1993 4812 dissecuit
2023 4759 2084 4810 et

420 4863 596 4936 jecur
623 4861 756 4931 ejus
800 4853 1147 4925 degustavit,
1186 4850 1236 4906 is
1266 4853 1327 4905 et
1372 4848 1625 4921 linguam
1681 4861 1847 4902 suam
1895 4844 2082 4916 ipsius

430 4933 747 5022 putredine
799 4945 1132 5003 confectam
1184 4938 1450 5007 vomuit,
1510 4940 1569 4991 et
1621 4934 1830 4990 dentes
1884 4933 2086 4989 amisit

433 5047 611 5113 atque
670 5036 871 5095 oculos
906 5074 921 5099 .
976 5038 1035 5089 et
1091 5029 1239 5088 diris
1289 5032 1481 5083 tortus
1536 5022 1838 5081 doloribus
1891 5022 2081 5096 periit.

430 5130 598 5196 Quod
625 5143 762 5184 vero
808 5134 1272 5182 commemorem
1304 5130 1437 5188 quae
1492 5114 1605 5170 isto
1665 5118 1933 5185 tempore
1979 5128 2087 5185 per

431 5219 611 5275 urbes
645 5222 705 5274 et
758 5230 929 5287 agros
959 5229 994 5268 a
1023 5208 1241 5267 Grmcis
1262 5208 1605 5280 perpetrata
1633 5204 1864 5260 fuerint
1888 5203 1917 5261 Ἰ
1942 5206 2085 5260 Cum

433 5322 504 5362 ea
534 5322 728 5378 neque
756 5302 951 5359 verbis
973 5301 1223 5374 possent
1266 5309 1460 5366 neque
1486 5294 1798 5352 scribendo
1817 5311 2085 5369 unquam

2175 3237 2469 3314 καμήλους
2511 3236 2601 3293 καὶ
2658 3235 2816 3297 ὄνους
2872 3235 2965 3290 καὶ
3020 3233 3286 3307 ἡμιόνους
3342 3227 3581 3303 ἐξέϐαλε,
3627 3232 3826 3304 μόνους

2174 3329 2381 3390 ἵππους
2413 3327 2781 3406 συγχωρήσας
2814 3325 3100 3399 ὓποῦργεῖν
3132 3320 3223 3378 διὰ
3278 3320 3500 3391 πολλὴν
3558 3319 3827 3399 φιλαργυ-

2179 3417 2320 3493 ρίαν,
2358 3417 2426 3487 ἥς
2458 3413 2655 3477 δοῦλος
2676 3414 2763 3484 ἦν.
2794 3414 2927 3470 Τότε
2958 3414 3010 3468 oi.
3039 3412 3176 3468 κατά
3233 3409 3539 3479 Ἀνατολῆν
3562 3408 3833 3482 Έλληνες

2177 3505 2491 3581 ἐπαρθέντες
2530 3502 2687 3569 εὐθὺς
2718 3501 2771 3559 ἐν
2806 3498 3181 3577 Ἀλεξανδρείᾳ
3229 3501 3507 3577 Γεώργιον
3564 3500 3656 3555 τὸν
3710 3497 3831 3554 ἐπί-

2178 3616 2381 3652 σκοπον
2413 3593 2666 3669 σύροντες
2701 3590 2939 3649 ἀνεῖλον.
2979 3591 3117 3649 Τότε
3162 3589 3484 3654 Ἀθανάσιος
3514 3589 3652 3662 πρός
3710 3607 3837 3644 τινα

2177 3684 2444 3761 παρθένον
2502 3680 2881 3758 κρυπτόμενος
2946 3680 3150 3755 χρόνον
3207 3677 3381 3734 πολὺν
3451 3675 3681 3749 ἐξελθὼν
3742 3676 3836 3731 σὺν

2179 3774 2306 3832 οδον
2363 3775 2647 3851 ἐκρότησε,
2713 3770 2806 3827 καὶ
2862 3770 2929 3827 τὰ
2981 3769 3119 3826 κατά
3176 3769 3400 3825 Νίκαιαν
3449 3766 3699 3842 κυρώσας
3739 3763 3835 3821 δό-

2180 3866 2364 3943 γματα
2417 3865 2514 3927 τὰς
2570 3859 2902 3932 Ἐκκλησίας
2967 3853 3258 3916 ἀπέλαϐεν.
3328 3860 3394 3918 Οἱ
3443 3855 3503 3913 δὲ
3557 3856 3831 3931 Ἀρειανοὶ

2186 3957 2321 4030 μετᾶ
2349 3950 2885 4029 ΓεωργιονιΛούκιον
2937 3948 3395 4026 προεχειρίσαητο
3452 3945 3682 4011 ὲαυτόῖς,
3739 3944 3829 4001 καὶ

2182 4043 2235 4101 ἐν
2267 4042 2406 4117 οἷ’κῳ
2433 4045 2604 4114 κοινῷ
2650 4040 2971 4112 συνήθοντο.
3005 4038 3074 4095 Οἳ
3132 4033 3189 4092 δὶ
3244 4033 3522 4107 Ἕλληνες
3580 4032 3833 4096 πολλοὺς

2181 4130 2541 4210 Χριστιανοὺς
2599 4127 3005 4204 ἀνεσταύρωσαν
3062 4147 3122 4183 τε
3171 4124 3290 4210 καὶΔ
3318 4124 3667 4203 κατέσφαξαν.
3731 4124 3829 4179 Καὶ

2180 4208 2285 4298 γὰρ
2320 4219 2371 4277 ἐν
2418 4219 2563 4295 Γάζῃ
2611 4216 2705 4274 καὶ
2752 4214 3059 4274 Ἀσκάλωνι
3122 4208 3520 4290 πρεσϐυτέρους
3571 4211 3664 4269 καί
3720 4211 3838 4268 ἀει-

2179 4308 2479 4384 παρθένους
2564 4308 2906 4382 ἀναιροῦντες
2989 4303 3316 4359 ἀνέπτυσσον
3397 4301 3465 4359 τὰ
3543 4300 3837 4376 σπλάγχνα

2180 4399 2357 4456 αύτῶν
2396 4396 2487 4453 καὶ
2515 4403 2712 4472 κριθῆς
2740 4393 3087 4467 πληροῦντες
3139 4396 3257 4454 τοῖς
3287 4391 3507 4469 χοίροις
3558 4383 3839 4466 παρέϐαλ-

2183 4487 2306 4546 λον.
2332 4489 2421 4545 Ἐν
2451 4482 2509 4542 δὲ
2539 4483 2769 4560 Φοινίκῃ
2804 4480 3075 4559 Κύριλλον
3109 4478 3361 4536 διάκονον
3405 4478 3689 4543 ἀνελόντες
3739 4481 3838 4533 τοῦ

2186 4579 2390 4647 ἥπατος
2443 4574 2607 4630 αὐτοῦ
2684 4571 3072 4648 ἀπεγεύσαντο.
3158 4570 3219 4628 Ὁ
3304 4565 3362 4624 δὶ
3408 4567 3691 4641 ἀνατεμὼν
3747 4566 3841 4622 τὸν

2191 4665 2437 4723 διάκονον
2492 4664 2720 4720 καὶτοῦ
2747 4662 2958 4732 ἥπατος
3016 4659 3183 4716 αὐτοῦ
3237 4659 3678 4737 ἀπογευσάμενος
3734 4658 3837 4727 τὴν

2194 4756 2289 4830 μὶν
2317 4753 2573 4834 γλῶσσαν
2604 4757 2860 4807 σαπεῖσαν
2916 4749 3237 4827 κατὲρρευσε
3292 4748 3382 4804 καὶ
3434 4748 3562 4810 τοὺς
3621 4743 3843 4806 ὀδόντας

2190 4845 2358 4903 αὐτοῦ
2413 4837 2657 4901 ἀπέλαϐε
2724 4841 2851 4904 τοὺς
2907 4860 2967 4895 τε
3023 4837 3344 4916 ὀφθαλμοὺς
3434 4837 3693 4912 ἐπηρώθη
3751 4834 3843 4892 καὶ

2190 4938 2402 5012 πικρῶς
2452 4932 2883 5011 βασανιζόμενος
2949 4927 3316 5000 ἔντελεύτησε.
3351 4928 3450 4984 Καὶ
3512 4926 3561 4983 τί
3614 4923 3697 4981 δεῖ
3752 4923 3842 4980 λέ-

2191 5046 2304 5103 γειν
2362 5025 2430 5080 τὰ
2483 5022 2603 5087 καθ’
2654 5020 2887 5090 ὶκάστην
2946 5016 3108 5075 πόλιν
3167 5016 3260 5073 καὶ
3319 5017 3507 5093 χώραν
3571 5014 3707 5070 κατὰ
3749 5013 3841 5068 τὸν

2194 5116 2398 5193 χρόνον
2428 5113 2634 5171 ἐκεῖνον
2666 5111 2769 5167 ὑπὸ
2796 5114 2906 5166 τῶν
2951 5108 3237 5181 Ἑλλήνων
3301 5102 3561 5186 γινόμενά
3593 5124 3608 5175 ;
3650 5111 3841 5178 Ὑπερ-

2194 5201 2440 5261 ϐαίνουσι
2497 5203 2602 5279 γὰρ
2679 5199 2771 5256 καὶ
2827 5197 2993 5276 λόγον
3045 5198 3218 5255 πάντα
3270 5196 3361 5252 καὶ
3411 5194 3647 5273 γραφήν.
3705 5193 3846 5250 Τότε

2193 5294 2287 5350 καὶ
2318 5295 2346 5350 ὁ
2380 5292 2549 5370 μέγας
2582 5288 2870 5351 Βασίλειος
2921 5295 3022 5359 τῆς
3082 5283 3458 5346 Καππαδοκῶν
3511 5279 3845 5351 Ἐκκλησίας

1632 5412 1996 5470 XYLANDRI
2026 5413 2113 5470 ET
2146 5408 2369 5468 GOARI
2412 5407 2637 5465 NOTAE.

509 5525 624 5595 (12)
653 5524 960 5584 Puerascit
987 5521 1305 5599 interpres,
1327 5519 1595 5594 puerulos
1618 5519 1775 5576 hanc
1827 5535 2032 5579 vocem
2087 5516 2311 5575 referre
2367 5513 2726 5588 suspicatus,
2782 5529 2915 5588 qua:
2966 5518 3205 5571 tonsores
3260 5507 3611 5568 diminutive
3666 5502 3848 5582 signi-

441 5611 599 5673 ﬂeat;
627 5609 851 5674 Paulus
874 5610 1176 5679 Diaconus
1202 5608 1269 5669 in
1292 5606 1547 5669 Iuliano.
1577 5600 1754 5666 (ἔω.

3294 5697 3335 5712 ι.
3382 5694 3521 5716 ..ἡν-ο
3588 5698 3601 5709 ο
3654 5700 3671 5710 ο
3715 5689 3827 5711 ιδ..

4191 5388 4194 5521 ‘
