4194 6198
350 316 464 378 581

1495 313 2047 383 HISTORIARUM
2089 314 2642 381 COMPENDIUM.

3645 327 3766 387 582

348 436 714 519 πρεσϐύτερος
750 445 842 513 ἧν,
899 443 990 499 καὶ
1042 438 1300 509 Λιϐένιος
1332 446 1361 502 ὁ
1392 447 1655 527 σοφιστὴς
1710 445 1802 501 καί
1860 441 1994 519 Πρό-

2121 446 2364 515 mquari.
2410 446 2543 502 Fuit
2598 452 2721 504 tum
2771 447 3023 505 Basilius
3078 466 3328 524 magnus
3386 453 3770 525 Cappadociae

346 533 482 596 κλος
514 532 603 588 καὶ
640 532 890 606 Μάξιμος
919 533 973 589 οἳ
1005 530 1327 613 φιλόσοφοι.

424 714 507 786 [Ρ.
543 714 672 787 305]
726 715 820 785 Τῷ
877 709 1113 786 δευτέρῳ
1165 709 1273 770 ἔτει
1303 714 1332 770 δ
1382 708 1649 784 δυσσεϐὴς
1709 711 2003 775 Ἰουλιανὸς

351 800 661 877 ἔνομοθὲτει
697 802 775 875 μή
814 802 1065 879 μετέχειν
1096 804 1458 878 Χριστιανοὺς
1518 802 1863 875 Ἑλληνικῶν
1899 823 2004 877 μα-

350 892 634 963 θημάτων.
677 890 1062 967 Ἀπολινάριος
1091 887 1150 948 δὲ
1201 896 1271 967 τῇ
1320 893 1436 964 θείᾳ
1484 892 1668 971 Γραφῇ
1714 890 1820 967 ὅλῃ
1862 913 2003 972 χρη-

354 981 613 1054 σάμενος,
643 979 862 1036 πάντων
917 1001 977 1036 τε
1032 987 1279 1053 ποιητῶν
1333 982 1463 1045 τοῦς
1523 989 1875 1058 χαρακτῆρας
1908 1003 2002 1056 μι-

354 1071 652 1145 μούμενος,
713 1067 909 1145 ἔγραψε
963 1066 1311 1127 παιδεύεσθαι
1377 1073 1525 1147 παρὰ
1578 1076 1688 1128 τῶν
1742 1075 1999 1147 Χριστια-

348 1164 476 1218 νῶν.
509 1160 571 1217 Ὀ
603 1156 663 1214 δὶ
694 1154 1017 1233 παραϐάτης
1053 1160 1149 1223 τὰς
1200 1166 1310 1216 τῶν
1363 1162 1696 1237 Χριστιανῶν
1748 1159 1999 1223 εὐποιίας

352 1248 693 1323 μιμούμενος
722 1246 970 1304 ἇκὲλευσε
1000 1246 1167 1320 ξένοις
1199 1271 1257 1305 τε
1284 1250 1373 1305 καὶ
1433 1255 1683 1326 πτωχοῖς
1742 1251 1809 1306 τὶ
1863 1251 1999 1326 πρὸς

348 1342 451 1405 τὴν
478 1336 670 1413 χρείαν
706 1343 1087 1413 χορηγεῖσθαι,
1117 1338 1336 1395 ἀπατῶν
1393 1341 1523 1402 τοὺς
1571 1339 1996 1415 ἁπλουστέρους.

350 1430 487 1489 Ταῖς
517 1425 577 1483 δὲ
634 1426 837 1482 ε²κόσιν
896 1427 1063 1482 αὐτοῦ
1120 1427 1216 1483 Δία
1272 1428 1361 1484 καὶ
1420 1435 1589 1504 Ἄρεα
1643 1431 1730 1485 καὶ
1787 1430 1998 1504 Ἑρμῆν

350 1517 751 1595 συγγράφεσθαι
784 1519 1079 1593 προσέταξε
1116 1518 1205 1575 καὶ
1247 1518 1375 1582 τοὺς
1433 1517 1668 1582 λοιποὺς
1715 1517 1998 1594 δαίμονας,

345 1606 475 1669 τοὺς
507 1604 564 1662 δὲ
592 1600 1079 1679 ἀναϐαλλομὲνους
1106 1607 1206 1676 τήν
1243 1609 1450 1664 τούτων
1510 1607 1876 1684 προσκύνησιν
1922 1607 1998 1672 ὡς

345 1693 581 1769 ἐχθροὺς
613 1693 935 1770 βασιλικοὺς
991 1702 1370 1769 τιμωρεῖσθαι.
1405 1698 1497 1770 Τῷ
1529 1694 1587 1752 δὲ
1642 1702 1856 1773 στρατῷ
1899 1698 2000 1766 τήν

2114 534 2390 592 Ecclesia;
2422 536 2750 609 presbyter,
2781 544 2842 593 et
2871 539 3149 595 Libanius
3208 542 3489 614 sophista,
3521 545 3769 603 Proclus

2106 624 2514 696 Maximusque
2546 626 2883 698 philosophi
2928 628 3292 686 claruerunt.

2176 717 2347 768 Anno
2379 715 2641 770 secundo
2662 716 2930 772 Julianus
2964 716 3090 790 lege
3120 718 3259 775 data
3283 720 3470 776 edixit
3500 739 3574 778 ne
3605 723 3769 778 Chri-

2107 801 2284 858 stiani
2318 804 2535 859 Graecis
2565 804 2902 877 disciplinis
2934 807 3408 866 instituereutur.
3456 811 3583 876 Quo
3617 819 3765 867 tem-

2106 907 2250 964 pore
2282 892 2681 965 Apollinarius
2710 894 3010 950 scribendi
3044 898 3355 961 materiam
3390 915 3763 957 sumens.sa-

2104 995 2267 1036 cram
2298 981 2659 1053 Scripturam
2682 990 2860 1055 atque
2912 1000 3123 1042 omnes
3182 994 3489 1058 poetarum
3540 989 3762 1047 formas

2105 1070 2350 1139 imitans
2381 1088 2449 1127 ea
2474 1074 2810 1144 composuit
2868 1091 2999 1145 quas
3049 1076 3375 1132 Christiani
3432 1078 3759 1137 discerent.

2103 1160 2393 1215 Caeterum
2420 1160 2694 1216 Julianus
2742 1178 2894 1217 verm
2942 1163 3248 1235 religionis
3280 1167 3441 1223 584
3472 1168 3764 1241 desertor,

2104 1247 2574 1304 Christianorum
2615 1248 3076 1307 beneﬁcentiam
3135 1252 3402 1315 imitans.
3434 1259 3763 1329 peregrinis

2105 1345 2166 1394 et
2193 1338 2484 1394 mendicis
2533 1340 2873 1396 necessaria
2931 1342 3301 1415 suppeditari
3358 1346 3558 1412 jussit.
3620 1347 3766 1402 sim-

2103 1428 2383 1500 pliciores
2413 1428 3111 1502 decipiens.lmaginibus
3141 1433 3266 1487 suis
3287 1433 3764 1491 JovemMartem

2103 1523 2163 1572 et
2189 1518 2543 1573 Mercurium
2560 1518 2945 1590 reliquosque
2961 1519 3271 1575 dmmones
3302 1522 3543 1595 appingi
3558 1524 3765 1604 jussit,

2102 1605 2175 1663 de
2224 1606 2299 1661 iis
2356 1606 2458 1679 qui
2516 1605 2768 1663 adorare
2819 1624 2890 1663 ea
2946 1609 3347 1679 distulissent,
3404 1612 3765 1683 supplicium

2102 1695 2256 1751 sumi
2288 1702 2577 1767 tanquam
2618 1696 2893 1752 hostibus
2952 1697 3352 1770 imperatoris.
3384 1700 3764 1767 Congiarium

347 1785 507 1860 ῥόγαν
565 1787 679 1859 (l3)
739 1782 1007 1860 διανέμων
1063 1790 1171 1861 πῦρ
1248 1785 1412 1842 ἰτίθει
1490 1786 1582 1841 γαὶ
1666 1782 1994 1860 λιϐανωτὸν,

2109 1784 2396 1840 exercitui
2425 1784 2685 1857 largiens
2717 1786 2918 1859 ignem
2942 1786 3081 1858 poni
3116 1788 3501 1845 mandavitac
3531 1790 3766 1857 thus,ac

344 1873 436 1929 καὶ
466 1876 662 1946 θυμιᾷν
695 1874 825 1936 τοὺς
857 1876 1194 1950 στρατιώτας
1225 1876 1547 1954 ἠνάγκαζεν.

420 1963 511 2021 Ἐν
541 1962 832 2037 Καισαρείᾳ
863 1961 921 2020 δὲ
948 1970 1052 2034 τῆς
1109 1964 1417 2035 Φιλίππου,
1478 1968 1548 2039 τῇ
1598 1968 1693 2020 νῦν
1752 1963 2000 2038 Παναΐδι,

348 2054 385 2122 ἢ
448 2052 553 2108 ὑπὸ
607 2058 705 2107 τοῦ
762 2059 995 2128 Χριστοῦ
1082 2059 1468 2129 θεραπευθεῖσα
1553 2055 1855 2132 αἱμόρῥους
1908 2057 2000 2112 ἀν-

352 2138 579 2217 δριάναα
631 2144 827 2214 ὶστησε
879 2143 961 2215 τῷ
1019 2143 1260 2218 Δεσπότῃ
1345 2148 1590 2220 Χριστῷ,
1646 2146 1734 2199 καὶ
1794 2145 1997 2221 βοτάνη

349 2229 540 2308 ἐφύετο
572 2230 678 2286 ὑπὸ
707 2233 809 2302 τήν
866 2231 1023 2308 βάσιν
1075 2237 1174 2288 τοῦ
1232 2230 1547 2309 ἀνδριάντος
1604 2235 1784 2305 πάσης
1838 2232 2000 2290 νόσου

350 2317 735 2395 ἀλεξητήριον.
765 2323 849 2395 Τῇ
881 2319 975 2376 οὖν
1012 2322 1110 2398 βοτ
1124 2324 1216 2397 ἑνῃ
1258 2324 1531 2402 φθονήσας
1571 2324 1666 2379 τὸν
1711 2321 2002 2397 ἀνδριάντα

348 2408 571 2482 κατάγει
600 2410 629 2463 ὁ
662 2405 923 2480 δείλαιος,
952 2411 1043 2465 καὶ
1090 2411 1204 2466 ἀντ’
1233 2412 1400 2466 αὐτοῦ
1455 2412 1642 2483 ξόανον
1694 2411 1999 2469 Ἰουλιανοῦ

350 2493 556 2567 ἵστησι.
590 2498 693 2555 Καὶ
723 2498 815 2553 τὸν
861 2499 957 2572 μὶν
1004 2503 1103 2555 τοῦ
1150 2507 1415 2575 Σωτῆρος
1464 2497 1753 2575 ἀνδριάντα
1783 2502 1835 2556 οἱ
1865 2506 2001 2578 Χρι-

347 2587 551 2639 στιανοῖ
611 2581 870 2650 λαϐόντες
927 2589 1003 2650 εἰς
1061 2585 1358 2660 ἰκκλησίαν
1410 2586 1613 2657 ἔθεντο,
1669 2590 1763 2645 τὸν
1804 2587 1863 2646 δὶ
1900 2596 1998 2647 τοῦ

346 2672 649 2731 Ἰουλιανοῦ
704 2680 814 2752 πῦρ
877 2675 1139 2733 κατελθὸν
1200 2678 1260 2732 ἐκ
1313 2678 1412 2733 τοῦ
1488 2676 1719 2753 ούρανοῦ
1784 2677 1995 2735 ἀνάλωο

352 2783 459 2821 σεν.

419 2852 507 2909 Ἐν
555 2851 612 2908 δὶ
665 2852 969 2912 Νικοπόλει
1024 2862 1127 2926 τῆς
1187 2854 1561 2927 Παλαιστίτης
1611 2860 1681 2932 τῇ
1712 2858 1996 2931 Ἐμμαοῦς

2111 1872 2352 1929 adolere
2374 1873 2596 1928 milites
2626 1875 2836 1948 coegit.

2182 1963 2463 2018 Cwsarem
2512 1962 2791 2035 Philippi.
2852 1980 2985 2035 qum
3042 1981 3205 2022 nunc
3260 1967 3477 2023 Panais
3526 1967 3762 2037 dicitur,

2112 2051 2330 2107 mulier
2357 2068 2537 2123 quam
2567 2053 2836 2108 Christus
2868 2054 3155 2125 profluvio
3200 2056 3508 2123 sanguinis
3544 2056 3763 2113 libera-

2110 2147 2290 2204 verat,
2324 2142 2575 2197 Domino
2596 2142 2829 2198 Christo
2858 2149 3116 2200 statuam
3149 2151 3427 2216 posuerat
3452 2146 3562 2200 sub
3592 2148 3764 2217 cujus

2109 2230 2238 2287 basi
2271 2231 2452 2287 herba
2483 2232 2874 2288 enascebatur
2928 2250 3189 2305 praesens
3229 2236 3575 2306 quorumvis
3600 2252 3762 2292 mor-

2109 2319 2322 2375 borum
2356 2320 2705 2375 remedium.
2742 2321 2881 2392 Ejus
2912 2321 3112 2377 herbae
3161 2323 3384 2378 invidia
3440 2331 3636 2380 motus
3663 2327 3761 2380 Ju-

2109 2407 2308 2463 lianus
2338 2414 2593 2464 statuam
2624 2424 2753 2463 eam
2785 2408 3080 2480 deposuit.
3108 2426 3177 2466 ac
3203 2411 3421 2467 Iuliani
3443 2413 3762 2484 imaginem

2110 2495 2403 2568 sculptam
2462 2496 2634 2551 istius
2690 2496 2822 2551 loco
2876 2497 3094 2569 posuit.
3138 2499 3455 2554 Christiani
3504 2507 3761 2556 statuam

2109 2585 2432 2641 Servatoris
2477 2585 2771 2641 sublatam
2806 2585 2868 2640 in
2901 2586 3121 2658 templo
3154 2586 3629 2644 collocaverunt:
3656 2590 3757 2646 Ju-

2108 2674 2252 2731 liani
2286 2675 2439 2748 ignis
2472 2674 2546 2731 de
2576 2675 2724 2732 cmlo
2754 2676 2973 2731 missus
3002 2678 3397 2748 consumpsit.

2178 2855 2444 2927 Nicopoli
2476 2854 2831 2917 Palmstinm.
2887 2872 3021 2927 quas
3081 2860 3140 2911 et
3192 2858 3471 2912 Emmaus
3519 2856 3755 2924 dicitur.

344 2945 502 3017 πηγή
534 2940 647 2997 ἐστι
674 2943 945 2999 παντοίων
977 2948 1167 3000 παθῶν
1198 2945 1497 3019 ἀνθρώπων
1536 2966 1596 3001 τε
1639 2945 1732 3001 καὶ
1779 2949 1994 3018 κτηνῶν

2108 2943 2239 3000 l'ons
2263 2949 2391 3001 erat
2420 2945 2616 3000 omnis
2645 2945 2880 3018 generis
2934 2944 3175 3001 morbos
3208 2946 3517 3002 hominum
3549 2947 3755 3003 bruto-

347 3030 508 3096 ἵισιςσ
551 3031 604 3088 ἰν
634 3032 775 3107 αύτῇ
799 3033 899 3108 γάρ
938 3054 1070 3105 φασι
1117 3035 1209 3090 τὸν
1264 3034 1464 3110 Κύριον
1512 3036 1602 3090 καὶ
1652 3036 1779 3092 Θεὸν
1831 3038 1991 3110 ἡμῶν

340 3122 472 3184 τοὺς
501 3119 674 3184 πόδας
703 3122 1071 3197 ἀπονίψασθαι
1119 3122 1169 3194 ἐξ
1230 3121 1568 3200 ὁδοιπορίας.
1610 3127 1701 3180 Ἔν
1750 3125 1992 3200 Ἕρμου-

341 3208 502 3266 πόλει
531 3218 633 3279 τῆς
662 3206 938 3283 θηϐιίδος
1006 3209 1228 3287 δένδρον
1268 3210 1486 3269 ’ίσταται
1535 3211 1753 3289 περσέα⁸
1793 3213 1995 3286 ταύτης

340 3299 855 3380 φ·3λλονῆκάρφος
915 3300 962 3358 εί
1023 3297 1193 3358 λάϐοι
1246 3323 1355 3373 τις,
1412 3302 1551 3379 πρὸς
1608 3309 1784 3360 πᾶσαν
1834 3305 1994 3361 νόσον

339 3388 482 3447 ἔστὶν
541 3391 789 3462 ἰάσιμος⁸
853 3391 987 3468 ὅπερ
1073 3388 1314 3468 δένδρον,
1367 3393 1518 3471 φασὶ,
1577 3391 1763 3449 κλιθὲν
1820 3414 1994 3469 προσ-

340 3480 512 3534 εκύνει
572 3484 654 3552 τῷ
709 3481 949 3552 Χριστῷ,
1006 3479 1164 3551 ἡνίκα
1228 3482 1364 3554 πρὸς
1433 3480 1716 3557 Αῗγυπτον
1779 3477 1992 3563 ἔφευγε,

339 3566 431 3623 καὶ
463 3568 614 3623 σκιὰν
644 3566 792 3642 αύτῷ
822 3568 1109 3640 πεποίηκε.
1172 3570 1276 3626 Καὶ
1313 3574 1385 3644 τῇ
1441 3571 1538 3643 μὶν
1588 3575 1740 3647 πηγῇ
1789 3574 1992 3652 φθονήσ

339 3677 433 3720 σας
466 3657 772 3737 κατέχωσε,
800 3658 864 3713 τὸ
897 3654 955 3713 δὲ
986 3654 1202 3733 δένδρον
1260 3653 1474 3734 ἔκοψεν.
1527 3657 1701 3722 Οὗτος
1734 3661 1763 3715 ὁ
1798 3661 1994 3735 μιαρὸς

332 3748 433 3817 τῆν
464 3751 564 3803 τοῦ
598 3743 927 3821 ΙΙροόρόμου
964 3750 1139 3820 θήκην
1186 3747 1403 3822 ἀνοίξας
1457 3749 1588 3825 πυρὶ
1654 3749 1720 3806 τὰ
1766 3747 1996 3825 λείψανα

334 3833 692 3914 παραδέδωκε
718 3835 811 3892 καὶ
842 3838 941 3904 τήν
975 3836 1131 3893 κόνιν
1161 3833 1511 3913 διελίκμησε.

410 3925 553 3984 Φασὶ
585 3924 644 3982 δὲ
672 3927 759 3983 ’ὁτι
791 3925 843 3982 ἐν
874 3930 945 4002 τῇ
977 3927 1114 3982 κατὰ
1142 3927 1243 3996 τὴν
1278 3927 1602 4004 Καισάρειαν
1632 3933 1733 3998 τῆς
1787 3927 1993 3985 Φιλίπ-

340 4037 470 4085 που,
502 4015 554 4072 ἐν
582 4020 653 4092 τῇ
686 4016 905 4092 ἀρκτῲᾳ
938 4016 1079 4080 θέσει
1138 4022 1240 4086 τῆς
1298 4017 1601 4094 φάραγγος,
1653 4016 1805 4092 ῥίζαν
1850 4017 1992 4094 γίνε·

342 4107 461 4160 σθαι
492 4102 814 4181 φλογοειδῆ,
872 4101 940 4175 ἤν
999 4103 1230 4161 καλοῦσι
1281 4107 1612 4182 βαπαρῖτιν,
1644 4105 1821 4186 ἐφ’ἧς
1868 4106 1992 4182 περὶ

339 4195 442 4264 τήν
474 4191 700 4265 ὶσπὲραν
764 4192 1124 4269 ὲξαστράπτον
1184 4198 1300 4272 φῶς
1352 4193 1800 4268 ἀπροσπίλαστον
1858 4194 1990 4251 εἶναι

342 4284 433 4338 καὶ
464 4282 757 4358 ἀπρόσιτον
813 4284 1208 4360 παρασκευάζει
1240 4280 1329 4338 διὰ
1383 4284 1448 4339 τὸ
1503 4287 1845 4361 παραχρῆμα
1895 4285 1989 4342 τὸν

335 4370 624 4449 ὶγγίζοντα
678 4373 1053 4443 ἀποθνήσκειν.
1144 4371 1421 4430 Κυκλὸθεν
1478 4372 1571 4428 οὗν
1624 4371 1794 4443 αύτῆς
1842 4394 1990 4449 περι-

341 4462 619 4537 ορόξαντες
657 4462 791 4519 κύνα
848 4460 1141 4535 δεσμοῦσιν
1196 4460 1257 4519 ἔκ
1311 4465 1414 4532 τῆς
1470 4462 1625 4538 ῥίζης
1680 4463 1868 4535 αὐτῆς.
1926 4466 1988 4524 Ὀ

338 4550 486 4605 κύων
515 4546 573 4606 δὶ
627 4554 745 4612 τοῖς
799 4549 965 4605 αὐτοῦ
1018 4547 1305 4613 δεσπόταις
1359 4547 1575 4617 ἔπεσθαι
1631 4551 1849 4625 ἱέμενος
1899 4551 1987 4609 ἐπὶ

341 4637 488 4696 πολὺ
520 4638 696 4713 σύρων
724 4638 935 4710 ἀνασπᾷ
963 4639 1067 4707 τήν
1110 4638 1286 4712 ῥίζαν.
1346 4640 1452 4696 Καὶ
1502 4639 1664 4705 αὐτὸς
1719 4641 1815 4715 μὶν
1866 4642 1991 4712 θνή-

344 4748 460 4783 σκει
484 4728 751 4802 παραυτά,
790 4728 892 4796 τήν
925 4728 1075 4803 ῥίζαν
1104 4725 1162 4785 δὲ
1192 4728 1579 4802 περιάπτοντες
1619 4732 1747 4794 τοὺς
1793 4727 1990 4805 δαιμο-

337 4816 660 4888 νιζομένους
689 4817 1065 4892 θεραπεύουσι,
1100 4819 1195 4874 Καὶ
1228 4816 1280 4872 ἰν
1306 4821 1376 4892 τῇ
1434 4816 1703 4891 Γαλιλαίᾳ
1754 4816 1812 4874 δέ
1860 4840 1987 4898 φασι

340 4904 504 4962 πόλιν
562 4905 697 4962 εἶναι
757 4905 1027 4979 πάραλον
1112 4907 1317 4972 ταύτης
1408 4906 1516 4962 ἀπὸ
1600 4906 1834 4962 σταδίων
1891 4905 1987 4964 δύο

339 4990 547 5070 διαρδεῖ
575 4994 842 5067 ποταμός.
877 4993 1051 5056 Οὗτος
1079 4988 1197 5071 ἔχει
1226 4995 1395 5050 τόπον
1425 4995 1479 5049 ἐν
1508 4994 1655 5070 αὐτῷ
1704 4995 1988 5069 νησοειδῆ,

337 5081 467 5139 ὡσεὶ
500 5087 704 5158 πηχῶν
758 5083 948 5140 δγατὸν
1007 5086 1095 5159 [Ρ.
1156 5085 1281 5157 306]
1338 5084 1404 5139 τὸ
1455 5084 1802 5160 περίμετρον,
1859 5085 1922 5141 οὗ
1951 5088 1988 5157 ἢ

333 5169 471 5244 ἀργὴ
502 5170 733 5247 ψάμμος
763 5169 854 5228 διὰ
880 5176 986 5228 τῶν
1038 5170 1255 5246 ἀνέμων
1312 5171 1651 5250 ἐκφερομένη
1704 5171 1783 5237 εἷς
1829 5171 1987 5230 ὕελον

340 5258 496 5324 εὐθὺς
527 5266 928 5335 μεταποιεῖταιο
971 5262 1063 5318 καὶ
1122 5262 1325 5334 ταύτης
1373 5261 1781 5342 ἀφαιρουμένης
1823 5259 1988 5318 πάλιν

339 5349 491 5413 αὖθις
519 5348 954 5425 ἀναπληροῦται.

2019 4331 2066 4396 D

2104 3049 2357 3105 rumque
2389 3050 2609 3090 sanans
2642 3050 2656 3089 :
2691 3050 2760 3089 eo
2795 3034 2954 3089 enim
3005 3034 3168 3089 fonte
3220 3033 3423 3090 ferunt
3459 3036 3755 3092 (Ihristum

2099 3138 2169 3178 ex
2200 3122 2411 3179 itinere
2445 3122 2626 3195 pedes
2657 3123 2938 3178 abluisse.
2976 3124 3481 3196 Hermopoliquaa
3504 3130 3592 3180 est
3611 3125 3756 3182 urbs

2099 3211 2437 3277 Tuehaidis.
2472 3212 2709 3267 Persica
2756 3212 2938 3267 arbor
2994 3212 3126 3282 fuit,
3187 3216 3358 3285 cujus
3414 3213 3622 3268 folium
3654 3220 3754 3269 aut

2098 3306 2299 3356 cortex
2330 3301 2515 3357 cuivis
2543 3300 2752 3357 morbo
2782 3300 3160 3358 mederetur:
3189 3318 3319 3358 eam
3350 3302 3550 3357 ferunt
3576 3302 3748 3357 arbo-

2097 3405 2223 3445 rem
2254 3405 2384 3446 sese
2411 3390 2734 3447 inclinasse
2764 3396 2824 3445 et
2853 3392 3150 3446 Christum
3189 3391 3469 3447 adorasse
3499 3392 3561 3446 in
3582 3393 3746 3463 (Egy-

2096 3482 2264 3550 ptum
2285 3479 2628 3551 fugientem.
2664 3480 2837 3551 eique
2874 3480 3148 3535 umbram
3202 3479 3545 3552 praebuisse.
3602 3482 3749 3536 Eum

2094 3565 2323 3623 fontem
2353 3568 2574 3624 invidia
2609 3568 2956 3624 stimulante
2985 3570 3257 3625 Julianus
3310 3569 3539 3643 ingesta
3567 3576 3759 3626 mate-

2097 3655 2186 3716 ria
2241 3655 2553 3726 obstruxit,
2611 3658 3006 3729 arboremque
3062 3658 3225 3713 illam
3286 3658 3521 3715 excidit.
3594 3659 3747 3717 585

2098 3743 2262 3801 Idem
2294 3752 2501 3816 aperto
2532 3747 2924 3801 Prmcursoris
2964 3746 3181 3801 Christi
3212 3748 3583 3803 monimento
3613 3749 3755 3804 reli-

2096 3834 2268 3905 quias
2299 3836 2429 3906 ejus
2450 3835 2736 3889 cremavit
2758 3836 3112 3907 cineresque
3136 3835 3463 3907 dissipavit.

2165 3924 2352 3980 Aiunt
2382 3923 2443 3979 in
2475 3923 2644 3979 vallis
2671 3940 2803 3996 quas
2850 3922 2926 3979 ad
2982 3928 3315 3980 Cmsaream
3374 3924 3634 3997 Philippi
3666 3931 3758 3981 est

2096 4012 2551 4085 septentrionali
2575 4018 2741 4085 parte
2774 4012 3110 4067 llammeam
3139 4012 3461 4084 quamdam
3494 4013 3754 4070 radicem

2094 4103 2280 4172 nasci,
2312 4100 2724 4159 Battaritidem
2787 4102 3049 4165 nomine,
3081 4119 3116 4158 a
3161 4119 3279 4173 qua
3309 4103 3418 4159 sub
3448 4119 3754 4176 vesperam

2096 4192 2389 4266 effulgens
2419 4192 2626 4247 lumen
2660 4191 3025 4248 inaccessam
3086 4207 3217 4247 eam
3253 4191 3464 4249 reddat
3494 4209 3507 4249 :
3541 4194 3753 4264 quodsi

2098 4281 2243 4355 quid
2272 4279 2535 4343 accedat.
2567 4279 2625 4335 id
2667 4279 2868 4336 statim
2924 4280 3236 4336 moriatur.
3283 4281 3453 4338 Circa
3493 4298 3626 4338 eam
3655 4301 3752 4340 ra-

2099 4370 2292 4433 dicem
2324 4367 2385 4423 in
2415 4366 2619 4423 orbem
2652 4372 2871 4423 terram
2903 4366 3212 4435 effodiunt,
3237 4385 3306 4424 ac
3337 4369 3521 4425 radici
3541 4386 3751 4429 canem

2098 4457 2365 4527 alligant.
2400 4456 2500 4528 qui
2535 4454 2676 4511 dum
2710 4456 2986 4512 dominos
3016 4473 3158 4514 suos
3202 4459 3373 4530 sequi
3402 4459 3586 4532 cupit.
3618 4476 3751 4516 eam

2098 4545 2302 4603 evellit
2330 4550 2513 4618 atque
2539 4545 2668 4617 ipse
2724 4544 2884 4601 illico
2924 4545 3195 4601 moritur.
3226 4546 3519 4604 Cmterum
3549 4564 3621 4605 ea
3650 4565 3748 4605 ra-

2099 4636 2229 4694 dice
2258 4651 2522 4708 appensa
2569 4650 2670 4690 eos
2700 4641 2915 4690 sanant
2944 4635 3045 4707 qui
3077 4652 3112 4692 a
3141 4635 3514 4693 daemonibus
3544 4654 3753 4695 vexan-

2097 4732 2212 4782 tur.
2248 4726 2313 4781 ln
2343 4722 2579 4780 Galiltea
2609 4722 2787 4780 etiam
2810 4724 3010 4781 ferunt
3038 4724 3247 4780 urbem
3280 4726 3598 4797 quamdam
3621 4743 3749 4783 esse

2096 4813 2482 4878 maritimam.
2520 4828 2556 4869 a
2580 4828 2699 4884 qua
2725 4812 2933 4868 stadiis
2962 4812 3196 4870 duobus
3226 4815 3592 4885 prmterﬂuat
3620 4830 3743 4870 am-

2098 4908 2212 4968 nis.
2248 4906 2311 4961 in
2342 4920 2459 4977 quo
2505 4904 2583 4959 sit
2605 4904 2804 4960 insula
2835 4905 3106 4976 quaedam
3156 4906 3384 4962 ambitu
3414 4907 3750 4964 cubitorum

2098 4994 2337 5053 circiter
2364 4996 2627 5051 centum.
2661 4993 2832 5063 cujus
2890 4993 3027 5049 alba
3073 5009 3258 5050 arena
3313 4994 3502 5051 ventis
3551 5003 3752 5066 egesta

2099 5084 2299 5142 statim
2332 5082 2395 5138 in
2436 5081 2651 5136 vitrum
2710 5087 2996 5144 mutetur.
3055 5088 3234 5155 atque
3281 5099 3463 5140 arena
3518 5083 3753 5143 sublata

2095 5171 2265 5232 locus
2294 5170 2611 5229 confestim
2638 5169 2757 5228 alia
2784 5170 3116 5244 expleatur.

1544 5451 1908 5513 XYDANDRI
1938 5452 2027 5511 ET
2054 5449 2274 5511 6οΑΒί
2317 5448 2542 5508 NOTIE.

404 5577 520 5653 (l3)
548 5579 843 5653 ξῆρεηάἱα
872 5580 1187 5653 militum,“
1211 5579 1305 5638 vel
1367 5580 1797 5653 imperatorum
1828 5580 1995 5653 dona

333 5649 962 5721 Kalendis'lannuriis,
980 5649 1284 5712 natalibus
1304 5649 1671 5729 principium
1681 5651 1993 5712 aturbium

2099 5576 2518 5661 regiggpmtut
2541 5574 3116 5661 hicpagratPaplus
3152 5579 3473 5661 piannus,
3521 5582 3750 5643 eisdem

2101 5642 2383 5709 exhibita.
2406 5642 2805 5719 ΑΒ.Μὼ
2822 5656 2934 5709 τοι
2951 5647 3226 5710 deducta.
3258 5642 3436 5714 Bon.
