4194 6198
414 277 539 345 583

1773 244 2096 311 GEORGII
2138 244 2488 341 CEDRENI

3703 238 3829 301 584

489 416 724 476 Juliano
753 402 1184 467 Chalcedonem
1218 390 1551 452 transeunti
1586 393 1763 460 atque
1822 385 1884 440 in
1931 384 2070 440 fano

2235 380 2628 476 “Acepxépevov
2681 379 2739 437 δὲ
2796 380 2889 438 τὸν
2949 378 3250 439 Ἰουλιανὸν
3305 377 3407 447 τὴν
3471 367 3829 441 Χαλκηδόνος

421 510 694 567 Fortuna:
735 490 1089 555 sacrificanti
1122 485 1296 543 Maris
1327 483 1459 554 ejus
1490 478 1601 535 loci
1636 477 1949 550 episcopus
2008 472 2070 526 in

414 560 629 654 faciem
658 584 921 645 convicia
950 576 1247 652 permulta
1278 572 1436 639 iecit,
1467 569 1841 625 desertorem
1863 560 2071 634 appel-

414 651 546 740 lans
563 687 623 736 et
651 676 867 735 furiam
898 651 1186 741 etigloriaa
1220 660 1322 719 Dei
1352 653 1757 727 alienum.Sed
1778 651 2070 741 Julianus,

416 779 486 831 ut
514 769 614 839 qui
643 759 1064 839 philosophum
1095 770 1217 827 prae
1248 767 1311 806 se
1338 750 1540 812 ferret,
1601 760 1721 800 uno
1780 743 1891 798 hoc
1913 740 2072 796 dicto

418 837 818 918 Marim—ultus
842 855 955 916 est,
986 846 1118 912 Abi,
1181 841 1463 913 inquiens
1522 837 1726 895 miser.
1788 838 2074 901 tuamque

422 949 670 1022 deplora
699 942 1025 1000 caecitatem
1058 935 1151 992 cui
1183 935 1507 991 Nazaraaus.
1531 941 1709 998 quem
1748 929 1812 978 tu
1840 921 2071 983 adoras,

424 1010 598 1111 opem
630 1050 751 1090 non
784 1030 938 1086 tulit.
972 1028 1114 1083 Nam
1146 1022 1319 1078 Maris
1353 1016 1742 1075 suilusionem
1764 1010 2073 1067 oculorum

420 1098 740 1203 perpessus
821 1124 968 1175 erat.
1026 1117 1199 1185 lsque
1252 1109 1406 1168 538
1460 1102 1788 1177 respondit.
1848 1098 2075 1155 Gratias

421 1193 546 1290 ago'
564 1211 812 1271 Domino
846 1222 977 1263 meo
1007 1203 1259 1267 Christo,
1291 1197 1392 1269 qui
1425 1193 1573 1251 mihi
1603 1194 1715 1249 hoc
1746 1195 1916 1263 pacto
1946 1202 2077 1258 pro-

420 1275 617 1379 spexit
653 1317 729 1357 ne
776 1290 1361 1368 impudentissimum
1394 1291 1562 1341 tuum
1592 1288 1769 1352 atque
1801 1275 2079 1349 impiissi-

421 1409 588 1454 mum
616 1390 847 1447 videam
866 1384 1114 1441 vultum.

497 1571 665 1627 Idem
721 1566 993 1624 Julianus
1042 1558 1260 1618 Graacis
1318 1549 1742 1620 instigantibus
1799 1559 2080 1616 magnum

429 1657 821 1719 Athanasium
859 1648 1113 1707 ecclesia
1140 1643 1388 1715 expulit.
1423 1639 1531 1705 Qui
1561 1637 1768 1693 abiens
1796 1630 2081 1689 Christia-

2176 470 2359 539 πόλιν,
2394 471 2568 546 Μάρις
2599 473 2627 526 6
2651 473 2853 542 ταύτης
2882 471 3178 533 ἐπίσκοπος
3235 466 3451 528 πολλάς
3509 459 3693 538 ὕϐρεις
3749 463 3833 531 τῷ

2176 558 2465 633 Ἰουλιανῷ
2494 560 2570 624 εἰς
2594 562 2685 616 τὸν
2713 568 2812 631 τῆς
2842 562 3037 637 Τύχης
3067 560 3194 616 ναὸν
3249 561 3431 614 θωντι
3461 555 3601 610 κατά
3629 552 3826 612 ποὼσ-

2178 668 2328 703 ωπον
2367 648 2633 727 ἐπήγαγε,
2673 645 2994 724 παραϐάτην
3060 645 3355 704 ἀποκαλῶν
3410 644 3503 701 καὶ
3554 641 3831 715 ἀλάστορα

2177 736 2267 792 καὶ
2296 744 2396 807 τῆς
2423 743 2521 794 τοῦ
2551 744 2686 795 Θεοῦ
2718 737 2881 811 δόξης
2913 736 3227 813 ἀλλότριον.
3257 737 3320 793 Ὀ
3373 731 3430 790 εὶ
3468 728 3561 787 ἅτε
3590 728 3827 809 φιλόσο-

2179 847 2280 904 φον
2311 830 2786 904 προσποιούμενος
2843 828 2923 886 ἐνὶ
2986 829 3078 885 τὸν
3140 830 3321 901 Μάριν
3366 820 3609 880 ὠνείδισε
3655 821 3829 896 λόγῳ,

2179 915 2433 983 Ἀπελθε,
2466 916 2664 995 λὲγων,
2695 918 3037 994 ταλαίπωρε,
3067 918 3159 973 καὶ
3225 915 3523 989 ἀποθρήνει
3570 913 3667 982 τὴν
3701 931 3831 965 σαυο

2178 1011 2277 1062 τοῦ
2304 1005 2606 1082 τύῳλωσιν·
2640 1005 2767 1065 ούόὶ
2790 1010 2896 1086 γὰρ
2926 1009 2957 1064 6
2991 1009 3332 1082 Ναζωραῖος,
3372 1003 3431 1058 δν
3491 1000 3554 1057 σὺ
3593 1019 3835 1075 προσκυ-

2179 1101 2314 1164 νεῖς,
2343 1094 2442 1152 τοῦ
2471 1097 2675 1184 πάθους
2709 1097 2918 1158 ἰάσατο.
2976 1099 3077 1155 Ἱιν
3125 1097 3225 1170 γὰρ
3266 1096 3295 1151 6
3347 1093 3527 1167 Μάρις
3578 1088 3832 1168 ἐπίχυσιν

2182 1188 2485 1248 πεπονθώς.
2516 1180 2818 1266 Ὀδὲφησι
2839 1188 2975 1262 πρὸς
3001 1187 3094 1243 τὸν
3126 1180 3472 1261 Ιὶαραϐάτην·
3512 1179 3833 1253 Εύῖαριστῶ

2180 1280 2260 1347 τῷ
2308 1276 2549 1353 Δεσπότῃ
2596 1299 2702 1353 μου
2753 1279 2979 1353 Χριστῷ
3033 1277 3195 1332 τοῦτό
3255 1294 3351 1348 μοι
3386 1268 3833 1348 προνοησαμὲνῳ,

2178 1360 2269 1421 ’ίνα
2297 1367 2375 1439 μὴ
2404 1367 2468 1422 τὸ
2498 1364 2870 1424 ἀναιδέστατον
2924 1367 3016 1423 καὶ
3072 1360 3425 1421 ἀσεϐὲστατόν
3485 1381 3583 1416 σου
3638 1359 3837 1414 θεάσω-

2188 1478 2285 1529 μαι
2312 1456 2629 1533 πρόσωπον.

2257 1547 2427 1611 Οὗτος
2454 1549 2546 1604 τὸν
2584 1546 2750 1623 μέγαν
2783 1548 3104 1611 Ἀθανάσιον
3136 1552 3236 1615 τῆς
3292 1538 3628 1611 ἘκκΑησίας
3685 1535 3837 1609 ἐξελ-

2187 1638 2298 1692 θεῖν
2347 1633 2619 1705 ἐκέλευσε,
2657 1642 2767 1693 τῶν
2825 1634 3114 1706 Ἑλλήνων
3178 1632 3338 1690 αὐτὸν
3391 1627 3835 1706 παροξυνάντων.

430 1766 542 1807 nos
574 1760 754 1818 super
781 1744 910 1814 ipso
941 1740 1155 1795 ﬂentes
1183 1735 1339 1790 bono
1370 1746 1499 1787 esse
1530 1727 1728 1784 animo
1741 1722 1925 1797 jussit
1948 1736 2082 1776 :nu-

2196 1723 2254 1818 ’ρ
2286 1721 2344 1779 δὲ
2374 1723 2733 1818 ἔξερχύμενος
2763 1725 2980 1799 θαρῥεῖν
3012 1723 3131 1778 εἶπε
3170 1723 3511 1797 Χριστιανοῖς
3559 1720 3677 1777 τοῖς
3705 1713 3839 1788 ὑπὲρ

430 1837 706 1896 beculam
729 1832 888 1889 enim
920 1831 1074 1885 hanc
1087 1823 1251 1880 brevi
1278 1820 1687 1878 transituram.

501 2020 732 2089 Degens
767 2006 1089 2066 Antiochiae
1117 2003 1385 2061 Julianus
1408 2015 1476 2055 ac
1511 1995 1719 2053 crebro
1750 1993 1814 2049 in
1837 1989 2083 2062 Daphna

432 2077 1266 2169 obauibulansApollinisque
1287 2087 1672 2146 simulacrum
1694 2077 2083 2169 colens.quod

435 2195 519 2250 ibi
550 2166 850 2263 erat,opus
880 2166 1153 2259 Bryxidis
1184 2177 1453 2236 statuarii
1481 2166 2083 2240 admirandumquod

432 2281 723 2341 imitando
742 2256 990 2349 .azquare
1016 2288 1194 2330 nemo
1244 2270 1540 2341 potuerat,
1580 2260 1884 2319 oraculum
1909 2256 1982 2313 ab
2013 2272 2082 2312 eo

436 2371 737 2446 poscebat.
766 2345 911 2424 cum
942 2380 1078 2419 vero
1111 2358 1261 2416 nihil
1286 2353 1766 2428 responderetur,
1799 2345 2084 2418 reliquias

435 2441 624 2521 sancti
656 2455 934 2529 martyris
966 2450 1219 2523 Babylaa,
1252 2463 1384 2519 quas
1414 2445 1477 2500 in
1508 2441 1754 2529 Daphna
1791 2441 1964 2529 erant
1992 2450 2083 2529 re-

434 2549 666 2623 positm,
699 2546 760 2601 in
815 2520 997 2599 causa
1034 2520 1164 2594 esse
1219 2540 1384 2591 ratus
1439 2527 1746 2587 transferri
1799 2541 1900 2582 eas
1946 2520 2085 2578 inde

429 2611 629 2711 jussit.
647 2636 772 2702 Quo
792 2627 1186 2700 facto,eadem
1217 2627 1389 2680 nocte
1422 2620 1575 2691 ignis
1604 2614 1917 2674 confertim
1939 2611 2085 2668 cwlo

436 2703 670 2783 delatus
702 2722 890 2778 eadem
935 2716 1439 2783 simulacrumque
1487 2706 1833 2770 combussit,
1890 2703 1975 2757 ita
2023 2705 2090 2757 ut

437 2833 513 2872 ne
542 2812 851 2881 vestigium
886 2806 1128 2879 quidem
1178 2803 1308 2874 ejus
1361 2801 1715 2871 superesset.
1751 2795 1832 2850 Ea
1884 2811 1950 2851 re
1980 2795 2088 2850 im-

438 2904 572 2976 pius
603 2900 705 2957 ille
736 2895 1069 2970 perculsus,
1099 2889 1451 2960 insidiisque
1499 2884 1970 2942 Christianorum
2001 2883 2087 2939 fa-

434 2971 595 3048 ctum
626 2993 865 3061 putans,
896 2981 1234 3040 sacerdotes
1262 2976 1431 3034 torsit
1456 2974 1751 3046 variisque
1781 2971 2089 3045 suppliciis

431 3079 649 3145 affecit,
681 3077 765 3132 ita
792 3080 859 3131 ut
889 3073 1067 3129 etiam
1098 3069 1325 3141 aliquot
1352 3066 1426 3121 de
1464 3064 1538 3173 iis
1566 3062 2085 3119 morerentur.lloc
2114 3106 2157 3173 ϐ

433 3174 632 3226 autem
662 3161 1075 3223 tantummodo
1117 3175 1189 3214 ex
1221 3157 1294 3212 iis
1330 3153 1536 3210 retulit
1563 3151 1856 3223 responsi,
1888 3165 2083 3221 neque

433 3257 905 3315 Christianorum
980 3263 1176 3321 neque
1249 3244 1432 3301 ullius
1487 3242 1731 3298 omnino
1825 3239 2086 3296 hominis

436 3343 750 3418 opera.sed
779 3343 915 3415 igne
945 3338 1176 3395 calitus
1206 3333 1401 3390 delato
1432 3330 1617 3387 eadem
1649 3327 2086 3400 atquesimula-

436 3450 605 3492 crum
635 3430 1052 3503 conflagrasse.
1082 3428 1403 3496 Propterea
1432 3421 1617 3476 iratus
1650 3433 1924 3490 magnam
1968 3421 2086 3472 An-

438 3521 674 3579 tiochia
705 3519 895 3576 adem
924 3514 1172 3573 reclusit
1226 3510 1545 3581 omniaque
1602 3506 1821 3578 templa
1851 3506 2086 3577 deprai-

437 3610 609 3671 datus
640 3614 750 3664 est.
783 3606 942 3662 Missi
975 3608 1174 3661 autem
1217 3601 1366 3659 581
1421 3598 1536 3654 duo
1568 3596 1816 3653 comites
1844 3595 2000 3651 Felix
2031 3596 2092 3651 et

434 3700 704 3757 Julianus
736 3693 1060 3753 avunculus
1092 3687 1485 3763 imperatoris,
1543 3702 1675 3742 cum
1730 3684 1999 3741 dicerent
2026 3701 2089 3740 se

438 3789 737 3863 putavisse
767 3783 1087 3857 quamdam
1127 3779 1471 3836 facultatem
1518 3791 1717 3831 rerum
1772 3773 2091 3846 inSpectri-

437 3862 565 3935 cem
617 3891 769 3937 esse.
820 3891 956 3946 qua)
1009 3871 1172 3943 ipsos
1227 3865 1657 3940 impedivisset,
1717 3862 2089 3920 subsannavi

438 3984 540 4025 eos
568 3966 863 4025 Julianus.

512 4143 812 4203 Artemius
840 4157 1018 4214 porro
1051 4137 1166 4193 dux
1200 4132 1592 4199 Alexandriae,
1640 4130 1741 4202 qui
1772 4129 2091 4202 imperium

446 4233 793 4291 Constantio
823 4233 1065 4303 gerente
1078 4241 1289 4297 magno
1301 4222 1512 4279 ardore
1529 4219 1786 4276 cultores
1806 4218 2092 4275 falsorum

443 4324 763 4380 numinum
819 4319 1279 4391 oppugnaverat,
1336 4316 1472 4385 post
1523 4309 1742 4366 multos
1797 4308 2093 4364 cruciatus

443 4416 688 4486 prapter
718 4408 897 4467 ﬁdem
927 4404 1323 4463 Christianam
1377 4399 1568 4471 capite
1624 4403 1932 4454 truncatus
1983 4402 2092 4466 est,

2192 1813 2358 1869 αὐτοῦ
2388 1811 2706 1888 δακρύουσι·
2747 1818 3022 1889 Θαρσεῖτε,
3062 1811 3220 1893 φησὶ,
3250 1809 3384 1873 λαὸς
3429 1811 3527 1864 τοῦ
3582 1807 3838 1881 Χριστοῦ’

2188 1900 2471 1981 νεφύδριόν
2503 1902 2636 1972 ἆστι,
2666 1904 2757 1958 καὶ
2786 1902 3144 1978 παρέρχεται.

2260 1993 2467 2068 Διάγων
2500 1989 2559 2048 δί
2588 1991 2892 2055 Ἰουλιανὸς
2934 1991 3001 2047 ιέν
3061 1990 3394 2065 Ἀντιοχείᾳ,
3452 1985 3542 2043 καὶ
3599 1987 3841 2059 συνεχῶς

2190 2080 2242 2138 ἐν
2273 2082 2455 2156 Δάφνῃ
2508 2081 2677 2137 ἀνιὼν
2731 2082 2822 2137 καὶ
2877 2081 2941 2137 τὸ
2987 2084 3085 2136 τοῦ
3144 2076 3503 2140 Ἀπόλλωνος
3533 2072 3841 2149 θεραπεύων

2190 2168 2423 2227 εἴδωλον
2487 2171 2571 2244 (ἦν
2622 2171 2725 2247 γὰρ
2783 2169 2953 2227 ἐκεῖσε
3012 2168 3319 2241 θαυμαστὸν
3375 2162 3530 2243 ἔργον
3582 2159 3843 2240 Βρύξιδος

2190 2256 2665 2335 ἀγαλματοποιοῦ,
2694 2259 2723 2314 ’ὸ
2757 2258 2921 2330 μήτις
2942 2254 3114 2318 ἄλλος
3136 2254 3358 2331 ἴσχυσεν
3381 2251 3839 2327 ἐκμιμήσασθαι),

2189 2348 2319 2422 παρ’
2375 2347 2540 2403 αὐτοῦ
2585 2347 2842 2421 χρησμὸν
2901 2344 3104 2418 ἐζήτει,
3144 2343 3274 2401 ἀλλ’
3332 2339 3589 2417 οὐδεμιᾶς
3619 2338 3844 2416 ἀποκρί-

2192 2457 2328 2501 σεως
2357 2431 2540 2517 ἔτυχε.
2571 2436 2817 2509 Νομίσας
2847 2432 2905 2491 δὲ
2934 2435 3021 2492 ’ὁτι
3051 2434 3141 2490 ὸιά
3169 2434 3237 2490 τὰ
3277 2432 3330 2489 ἐν
3384 2436 3454 2506 τῇ
3487 2430 3668 2511 Δάφνῃ
3704 2431 3846 2485 ἀπο-

2191 2526 2416 2600 κείμενα
2444 2513 2678 2599 λείψανα
2703 2528 2800 2581 τοῦ
2852 2523 3012 2598 ἀγίου
3044 2523 3442 2600 ίερομάρτυρος
3484 2523 3594 2594 (14)
3631 2513 3849 2575 Βαϐύλα

2193 2617 2510 2689 ἀποσιωπᾷ,
2541 2617 2817 2673 ἐκέλευσεν
2884 2616 3094 2671 ἅπαντα
3151 2614 3526 2688 μετατεθῆναι.
3559 2609 3639 2670 Οῦ
3696 2631 3848 2684 γενο-

2199 2706 2363 2782 μένου
2393 2705 2603 2777 ἀθρόως
2658 2709 2768 2781 πῦρ
2816 2704 2877 2761 ἐκ
2929 2709 3028 2760 τοῦ
3087 2704 3322 2779 ούρανοῦ
3376 2699 3640 2765 κατελθὸν
3671 2697 3846 2775 ἐκείνῃ

2193 2799 2263 2870 τῇ
2288 2795 2440 2851 νυκτὶ
2475 2796 2571 2851 τόν
2599 2815 2659 2850 τε
2685 2794 2811 2850 ναὸν
2842 2792 3136 2871 κατεφλεξε
3162 2793 3255 2848 καὶ
3303 2791 3369 2849 τὸ
3424 2795 3523 2847 τοῦ
3555 2786 3848 2847 Ἀπόλλω-

2193 2905 2285 2948 νος
2348 2882 2591 2960 ἄγαλμα,
2672 2881 2815 2939 ὥστε
2876 2880 3019 2956 μηδὲ
3105 2881 3260 2959 ἴχνος
3345 2880 3515 2936 αύτοῦ
3588 2884 3844 2957 φανῆναι.

2191 2972 2517 3049 Ἐκπλιγεῖς
2580 2969 2671 3027 οῦν
2730 2970 2817 3028 ἐπὶ
2875 2970 3056 3043 τούτῳ
3121 2972 3151 3027 6
3210 2971 3430 3045 μιαρὸς,
3486 2972 3576 3023 καὶ
3613 2964 3845 3039 νομίσας

2192 3063 2311 3119 κατ’
2365 3055 2666 3128 ἐπιϐουλὴν
2727 3063 3069 3136 Χριστιανῶν
3127 3058 3397 3136 γενέσθαι,
3472 3055 3556 3112 ἐπ’
3609 3054 3842 3125 ὶξὲτασιν

2191 3155 2302 3207 τῶν
2359 3148 2546 3225 ἱερέων
2599 3147 2821 3224 ἐχώρει.
2879 3149 2984 3205 Καὶ
3063 3147 3331 3209 παντοίως
3384 3143 3844 3221 τιμωρησάμενος

2189 3236 2331 3295 ὥστε
2357 3238 2449 3293 καί
2475 3257 2627 3299 τινας
2658 3237 2837 3293 αὐτῶν
2870 3237 3174 3303 ἀποθανεῖν,
3206 3240 3374 3291 τοῦτο
3436 3235 3596 3306 μόνον
3649 3234 3847 3303 ἢκουσε

2189 3330 2317 3405 παρ’
2349 3328 2548 3393 αὐτῶν,
2581 3328 2666 3382 ὅτι
2697 3324 2822 3382 οὔτε
2873 3329 2978 3383 ὑπὸ
3011 3327 3351 3402 Χριστιανῶν
3383 3321 3501 3380 οὔθ’
3531 3323 3634 3379 ὑπὸ
3664 3320 3846 3391 ἄλλης

2192 3417 2535 3493 ἀνθρωπίνης
2598 3410 2923 3486 ἐπιϐουλῆς,
2998 3415 3129 3472 ἀλλ’
3187 3413 3249 3470 ἐκ
3298 3418 3398 3469 τοῦ
3452 3411 3684 3487 ούρανοῦ
3738 3414 3847 3487 πῦρ

2191 3506 2453 3564 κατελθὸν
2505 3506 2762 3581 ἐνέπρησε
2818 3506 2908 3560 καὶ
2964 3505 3058 3560 τὸν
3110 3505 3236 3560 ναὸν
3291 3504 3381 3559 καὶ
3449 3503 3514 3558 τὸ
3598 3499 3845 3576 ἄγαλμα.

2195 3597 2478 3671 Θυμωθεὶς
2507 3596 2603 3650 οὖν
2663 3596 2691 3651 6
2753 3590 3082 3670 Παραϐάτης
3107 3595 3199 3650 καὶ
3233 3591 3511 3666 θεομάχος
3541 3593 3643 3660 την
3679 3590 3849 3667 μεγά-

2197 3686 2300 3756 λην
2327 3682 2621 3756 ἐκκλησίαν
2694 3684 3039 3759 Ἀντιοχείας
3089 3679 3379 3743 ἀπέκλεισε
3407 3681 3497 3736 καὶ
3556 3681 3731 3735 πάντα
3784 3678 3853 3733 τὰ

2195 3775 2317 3850 ἱερὰ
2346 3772 2600 3845 ἐσύλησε.
2633 3775 2760 3829 Τῶν
2794 3769 2853 3828 δὶ
2891 3770 3312 3829 ἀποσταλέντων
3343 3771 3606 3843 κομήτων
3665 3765 3849 3839 Φήλι-

2194 3884 2289 3926 κος
2315 3864 2407 3918 καὶ
2446 3861 2758 3919 ἰουλιαειοῦ
2815 3866 2913 3919 τοῦ
2964 3861 3114 3917 θείου
3169 3859 3333 3916 αὐτοῦ
3387 3858 3686 3934 λεγόντων,
3737 3854 3847 3923 ὅτι,

2197 3951 2556 4026 Ἐνομίζομεν
2591 3950 2894 4022 ἑποπτικήν
2924 3972 3046 4007 τινα
3074 3951 3214 4006 εἶναι
3276 3945 3507 4021 δύναμιν
3528 3947 3633 4016 τὴν
3660 3941 3851 3999 κωλύ-

2197 4062 2360 4099 σασαν
2395 4043 2564 4113 ἡμᾶς,
2597 4040 2626 4095 ὁ
2661 4040 2856 4114 μιαρὸς
2886 4038 3243 4108 ἰπετωθαζεν.

2267 4128 2558 4205 ’Λρτὲμιος
2586 4126 2645 4185 δὲ
2672 4130 2701 4185 ὁ
2765 4126 2891 4198 δοὺξ
2948 4125 3382 4201 Ἀλεξανδρείας,
3434 4121 3726 4198 ἐπειδήπερ
3757 4121 3851 4178 ἐπὶ

2195 4224 2293 4277 τοῦ
2322 4217 2703 4277 Κωνσταντίου
2735 4214 2905 4287 ζῆλον
2935 4215 3111 4273 πολὺν
3143 4213 3437 4289 ἐνεδείξατο
3489 4212 3543 4270 ἰν
3601 4211 3849 4283 Ἀλεξαν-

2198 4306 2350 4384 δρείᾳ
2389 4308 2528 4364 κατά
2589 4310 2698 4363 τῶν
2766 4288 3350 4381 εἰδωλολατρούντων,
3412 4288 3689 4375 ἐδημεύθη
3747 4302 3851 4370 τὴν

2197 4395 2441 4478 κεφαλήν
2498 4395 2844 4467 ἀποτμηθεὶς
2903 4395 3038 4468 μετᾶ
3099 4391 3317 4457 πολλάς
3378 4393 3646 4469 βασάνους
3717 4389 3851 4465 ὗπὶρ

443 4475 505 4558 et
533 4475 691 4556 bona
718 4498 849 4570 ejus
878 4497 941 4552 in
971 4495 1276 4569 publicum
1307 4490 1564 4547 redacta.
1582 4486 1866 4543 Similiter
1893 4490 2086 4542 actum

2322 4485 2399 4548 είς
2440 4484 2670 4561 Χριστὸν
2703 4485 2961 4546 πίστεως.
3018 4483 3262 4556 Ὁμοίως
3323 4480 3382 4538 δὶ
3430 4481 3523 4536 καὶ
3570 4476 3669 4536 δύο
3720 4498 3852 4554 πρε-

442 4606 580 4663 cu_m
608 4588 838 4645 duobus
866 4583 1231 4660 presbyteris
1259 4578 1519 4649 Eugenio
1553 4581 1612 4631 et
1640 4575 1911 4633 Macario.

522 4679 715 4737 Tertio
728 4677 819 4735 sui
846 4673 1252 4746 imperiianno
1266 4668 1536 4727 Julianus
1558 4665 1777 4721 multos
1796 4663 2094 4735 professos

443 4768 842 4828 Christianam
871 4763 1215 4837 religionem
1246 4754 1554 4830 suppliciis
1592 4753 1808 4809 aﬂ‘ecit.
1859 4751 2094 4809 Judwos

445 4874 682 4932 quoque
712 4854 1001 4927 templum
1023 4867 1194 4909 suum
1217 4850 1548 4905 instaurare
1563 4840 1928 4915 jussit.Quod
1945 4856 2094 4914 opus

444 4929 770 5008 cum‘esset
793 4943 1160 5009 inchoatum,
1192 4935 1449 5011 primum
1478 4931 1638 4988 venti
1669 4929 1840 4988 turbo
1869 4929 2093 4985 calcem

444 5036 685 5110 disjecit
712 5049 894 5106 supra
921 5030 1178 5087 ducenta
1206 5024 1399 5081 millia
1453 5019 1810 5077 modiorum.
1841 5019 1912 5075 Et
1957 5034 2093 5075 cum

445 5109 632 5185 Judaei
665 5125 861 5182 denuo
891 5137 1040 5194 opus
1077 5115 1556 5192 aggrederentur,
1588 5109 1742 5184 ignis
1783 5126 1855 5166 ex
1884 5109 2096 5167 funda-

400 5242 413 5253 -
446 5216 666 5271 mentis
696 5226 1016 5283 erumpens
1041 5224 1144 5265 eos
1172 5201 1519 5262 combussit.
1571 5201 1753 5270 Atque
1810 5199 1893 5255 ita
1947 5216 2097 5271 opus

448 5303 596 5360 illud
626 5303 915 5359 omissum
963 5303 1073 5355 est.
1125 5294 1348 5368 Impius
1406 5289 1510 5347 ille
1562 5287 1832 5345 Julianus
1862 5289 2098 5362 scripsit

2200 4571 2475 4648 σὸύτεροι,
2507 4572 2761 4647 Εύγένιος
2797 4574 2888 4628 καὶ
2918 4573 3224 4648 Μακάριος.

2273 4665 2356 4740 [Ρ.
2390 4665 2517 4737 307]
2548 4661 2641 4736 Τῷ
2668 4663 2842 4739 τρίτῳ
2878 4655 2990 4719 ἔτει
3043 4661 3242 4717 τούτου
3298 4657 3547 4721 πολλοὺς
3596 4677 3854 4732 τιμωρη-

2199 4755 2431 4826 σάμενον
2464 4751 2553 4807 καὶ
2583 4752 2863 4828 μάρτυρας
2894 4753 3150 4821 ποιήσας,
3182 4748 3384 4806 καὶτὸν
3411 4752 3520 4804 τῶν
3569 4743 3851 4805 Ἰουδαίων

2198 4844 2325 4899 ναὸν
2358 4838 2791 4914 οἰκοδομηθῆναι
2848 4839 3162 4916 προσέταξε.
3196 4838 3302 4895 Καὶ
3357 4841 3455 4893 τοῦ
3481 4831 3635 4912 ἔργον
3664 4834 3857 4910 ἐγχει-

2203 4932 2500 5008 ρισθέντος,
2559 4931 2627 4986 τὰ
2688 4931 2784 5003 μὶν
2837 4934 3031 5004 πρῶτα
3084 4925 3295 5001 λαῖλαψ
3350 4928 3452 4997 τήν
3480 4945 3540 4981 τε
3589 4918 3850 4980 ἄσϐεστον

2203 5022 2520 5095 ἐξεφόρησεν
2553 5019 2686 5095 ὑπὲρ
2719 5015 2988 5095 μυριάδας
3029 5014 3199 5073 εἴκοσι
3260 5013 3467 5089 μοδίων
3525 5014 3712 5081 οὖσαν,
3740 5014 3850 5067 τῶν

2204 5108 2263 5168 δὲ
2291 5108 2568 5169 Ἰουδαίων
2601 5103 2679 5165 ἔτι
2709 5113 2788 5182 τῷ
2816 5104 2960 5184 ἔργῳ
2988 5106 3412 5184 ἐπιχειρούντων
3471 5110 3578 5178 πῦρ
3635 5102 3854 5174 agnos»

2204 5205 2313 5258 τῶν
2341 5197 2611 5273 θεμελίων
2636 5196 2861 5261 τούτους
2891 5199 3206 5267 κατέκαυσε,
3264 5195 3355 5251 καὶ
3411 5190 3581 5263 οὕτω,
3610 5197 3709 5250 τοῦ
3767 5186 3856 5264 ἔρο

2204 5309 2304 5366 γου
2335 5286 2651 5343 ἐπαύσαντο.
2680 5287 2855 5347 Οὗτος
2886 5287 2914 5341 6
2946 5281 3214 5355 δυσσεϐὴς
3243 5284 3335 5340 καὶ
3389 5285 3489 5355 τὴν
3541 5282 3650 5339 τῶν
3699 5280 3860 5336 θείων

1648 5417 2013 5481 ΧΥιΑΝΒΒῙ
2049 5419 2139 5475 ΕΤ
2176 5417 2395 5476 GOARI
2430 5415 2659 5473 NOTE.

522 5546 639 5621 (14)
654 5543 986 5602 Pontiﬁces
1016 5538 1197 5598 simul
1226 5552 1296 5597 ac
1323 5541 1617 5610 martyres
1643 5531 2047 5611 ἱερομάρτυρας
2078 5537 2086 5592 1

2196 5533 2344 5592 lesia
2368 5533 2571 5591 Graaca
2591 5539 2919 5610 nuncupat.
2948 5535 3126 5593 Gosa.
