4194 6198
352 311 476 377 585

1492 309 2029 373 HISTORIARUM
2076 309 2630 378 COMPENDIUM.

3644 324 3766 382 586

348 448 703 526 Εύαγγελίων
742 436 1057 524 ἀνατροπὴν
1105 441 1354 526 ἕγραὼεν·
1403 440 1473 514 ἤν
1524 444 1552 498 ὁ
1605 443 1774 518 μὲγας
1805 437 2002 517 Κύριλ-

2136 450 2296 504 :tiam
2321 452 2769 523 Evangeliorum
2796 452 3274 524 depravationem
3299 471 3312 519 ;
3354 471 3485 525 quas
3516 472 3765 529 magnus

347 538 446 601 λος
496 535 902 612 Ἀλεξανδρείας
959 537 1051 592 καὶ
1107 534 1277 591 ἂλλοι
1335 531 1695 614 φιλόχριστοι
1751 529 2005 608 ἐπηνωρ-

349 629 615 692 θώσαντο.
646 627 749 683 Καὶ
780 631 952 681 πᾶσαν
986 622 1054 695 δὴ
1100 621 1281 695 ἄλλην
1332 623 1549 698 Γραφήν
1598 620 1763 682 αύτός
1812 640 1871 674 τε
1912 616 2006 674 καὶ

352 719 404 772 οἱ
462 714 651 790 ὅμοιοι
715 716 881 771 αὐτοῦ
936 708 1212 771 διέϐαλον
1264 712 1369 768 ὑπὸ
1427 708 1485 767 δὲ
1537 715 1649 766 τῶν
1709 705 2017 785 ὀρθοδόξων

354 800 728 877 ἐξεϐλήθησαν
751 805 820 860 τὶ
846 800 1055 859 τούτων
1083 800 1412 875 νοθεύματα.

432 895 560 952 Ἐπὶ
596 893 817 957 τούτοις
849 892 1006 974 ὢφθη
1040 894 1069 948 ὁ
1098 894 1244 954 θεῖος
1283 890 1511 966 σταυρὸς
1567 887 1620 944 ἐν
1665 893 1746 963 τῷ
1804 887 2015 963 ούρανῷ

362 981 683 1063 φωτοειδῶς
741 981 1116 1056 γυκλούμενος
1200 981 1304 1036 ὑπὸ
1389 979 1648 1059 στεφάνου
1723 983 2013 1057 φωτεινοῦ,

361 1074 470 1129 ἀπὸ
497 1076 595 1128 τοῦ
617 1072 865 1147 Γολγοθᾶ
919 1068 1025 1136 ἓως
1055 1074 1153 1127 τοῦ
1194 1069 1351 1144 ἁγίου
1397 1069 1558 1142 ὅρους
1600 1072 1709 1123 τῶν
1761 1065 2015 1138 Ἐλαιῶν,

359 1162 743 1238 λαμπρότερος
778 1160 997 1236 μᾶλλον
1028 1159 1065 1230 ἢ
1095 1158 1184 1215 ἐπὶ
1225 1157 1626 1217 Κωνσταντίουο
1685 1156 2014 1231 αύτομάτως

360 1249 418 1307 δὲ
449 1257 569 1315 τοῖς
598 1249 901 1323 ἀπλώμασι
927 1253 1037 1305 τῶν
1069 1245 1471 1322 θυσιαστηρίων
1502 1245 1592 1302 καὶ
1649 1239 1867 1321 βίϐλοις
1923 1245 2016 1300 καὶ

360 1339 559 1403 ἄλλοις
589 1338 913 1412 ἐσθήμασιν,
969 1337 1118 1394 ἀλλά
1172 1337 1264 1392 καὶ
1322 1335 1375 1391 ἐν
1432 1335 1675 1408 ἱματίοις
1732 1334 1797 1388 οὐ
1853 1335 2015 1408 μόνον

360 1432 720 1506 Χριστιανῶν,
753 1427 899 1485 ἀλλά
950 1427 1043 1482 καὶ
1096 1423 1399 1496 Ἰουδαίων,
1448 1422 1754 1493 ἐπεπόλαζε
1798 1423 1862 1478 τὸ
1918 1443 2016 1493 ση-

370 1526 521 1595 μεῖον
551 1524 649 1576 τοῦ
680 1523 936 1594 σταυροῦ,
969 1516 1030 1573 ού
1075 1516 1242 1591 μόνον
1291 1513 1345 1570 ἐν
1395 1513 1824 1591 Ἱεροσολύμοις,
1870 1510 2017 1567 ἀλλὰ

363 1608 455 1664 καὶ
487 1609 543 1665 ἑν
583 1608 898 1683 Ἀντιοχείᾳ
951 1605 1042 1661 καὶ
1096 1610 1216 1667 ταῖς
1274 1601 1475 1665 ἄλλαις
1535 1599 1751 1658 πόλεσι’
1808 1600 1900 1656 καὶ
1955 1598 2014 1655 ὃν

364 1699 742 1774 ἀναισχύντως
772 1695 1037 1768 ἠπίστουν
1068 1691 1328 1752 Ἰουδαῖοι
1374 1691 1466 1747 καὶ
1526 1689 1824 1762 Ἕλληνες,
1879 1687 2017 1762 εὕρι-

2122 538 2373 609 Cyrillus
2404 541 2774 597 Alexandria
2815 543 3122 613 episcopus
3179 542 3397 614 aliique
3444 544 3761 600 Christiani

2122 631 2754 686 correxerunt.0mnes
2780 636 2977 687 autem
3000 648 3196 687 sacras
3221 630 3469 687 Litteras
3496 632 3764 689 Julianus

2125 717 2371 789 ejusque
2401 717 2627 775 similes
2656 736 2971 792 corrupere
3007 736 3020 787 ;
3071 726 3324 791 qubrum
3367 720 3765 777 adulterinam

2124 807 2479 879 scripturam
2510 808 2593 880 pii
2628 808 2987 866 deleverunt.

2196 896 2276 950 Eo
2306 901 2574 969 tempore
2606 897 2667 952 in
2701 899 2845 953 calo
2868 897 3063 954 lucida
3078 915 3221 954 crux
3250 899 3543 972 apparuit,
3575 899 3770 955 cincta

2124 984 2322 1040 lucida
2350 1002 2588 1055 corona,
2622 1004 2656 1042 a
2685 987 2966 1058 Golgotha
2989 1004 3177 1058 usque
3209 988 3283 1044 ad
3312 993 3577 1044 montem
3599 989 3768 1045 Olea-

2126 1090 2259 1129 rum
2288 1076 2616 1146 pertinens,
2651 1075 3018 1148 splendidior
3046 1093 3225 1146 quam
3256 1077 3365 1132 sub
3404 1078 3769 1134 Constantio.

2131 1165 2310 1219 Porro
2326 1170 2525 1221 autem
2539 1165 2728 1220 crucis
2741 1166 2973 1237 signum
2987 1166 3044 1220 in
3060 1166 3334 1221 altarium
3348 1166 3771 1238 mappis,libris

2127 1252 2359 1310 a0588
2376 1254 2763 1311 vestimentis.
2791 1256 2935 1310 Tum
2966 1255 3029 1309 in
3062 1254 3320 1310 vestibus
3343 1270 3463 1309 non
3486 1255 3774 1311 Christia-

2130 1359 2344 1397 norum
2394 1343 2593 1413 modo,
2626 1344 2732 1399 sed
2763 1348 2821 1398 et
2864 1343 3205 1399 Iudaeorum
3255 1344 3611 1399 exstiterunt
3641 1358 3776 1398 cru-

2128 1432 2212 1487 cis
2244 1432 2430 1504 signa,
2463 1449 2656 1504 neque
2690 1433 3111 1506 Hierosolymis
3144 1438 3396 1501 tantum,
3426 1432 3532 1488 sed
3568 1432 3772 1487 Antio-

2126 1521 2287 1576 chea;
2319 1522 2496 1576 etiam
2528 1527 2704 1593 atque
2736 1522 2870 1578 aliis
2900 1522 2960 1577 in
2991 1522 3257 1578 urbibus.
3291 1523 3553 1593 thuem
3576 1521 3774 1592 impu-

2128 1608 2337 1666 denter
2364 1611 2665 1684 negabant
2683 1611 2866 1668 Judaai
2898 1618 3075 1684 atque
3091 1611 3298 1678 Graeci,
3319 1627 3455 1666 eum
3476 1611 3773 1683 signatum

2127 1698 2191 1754 in
2221 1700 2343 1755 suis
2383 1700 2641 1757 vestibus
2699 1700 3097 1773 reperiebant.
3159 1700 3374 1755 Cruces
3431 1699 3560 1755 ista:
3617 1698 3772 1770 apud

364 1812 492 1847 σκον
521 1791 573 1847 ἐν
600 1795 721 1854 τοῖς
746 1789 990 1865 ἱματίοις
1030 1785 1228 1842 αὐτῶν.
1285 1786 1382 1841 Ἕν
1427 1804 1539 1839 τισι
1590 1779 1648 1837 δὲ
1688 1784 1777 1836 καὶ
1823 1779 2019 1855 ἐμελά-

2136 1789 2416 1861 quosdam
2438 1790 2683 1846 fuerunt
2704 1790 3157 1863 nigramlnterim
3172 1788 3436 1845 Julianus
3456 1787 3776 1856 vaticiniis,

364 1887 536 1951 νιζον.
568 1877 867 1940 Ἰουλιανὸς
896 1874 953 1932 δὲ
996 1874 1275 1950 μαντείαις
1319 1871 1408 1928 καὶ
1467 1872 1679 1932 θυσίαις
1734 1871 1824 1926 καὶ
1868 1872 2015 1942 ’ἐπῳ-

371 1966 491 2030 δαῖς
542 1965 816 2042 δαιμόνων
873 1964 964 2019 καὶ
1020 1961 1250 2024 ἀπάταις
1306 1960 1668 2038 φραξάμενος,
1727 1953 1802 2019 ὥς
1859 1978 2021 2035 φησιν

368 2056 649 2135 Ἀγαθίας,
688 2052 825 2111 κατᾶ
885 2055 1106 2128 Περσῶν
1163 2049 1529 2127 ἰστράτευσεν,
1587 2048 1676 2104 ὅτε
1730 2047 1822 2103 καὶ
1873 2066 2022 2122 χρη-

363 2145 503 2220 σμὸν
532 2139 725 2201 ἔλαϐεν
753 2137 947 2219 ἔχοντα
981 2139 1176 2204 οὕτως·
1209 2137 1316 2194 Νὖν
1347 2138 1443 2211 μὲν
1495 2135 1691 2198 πάντες
1739 2136 2012 2210 ὡρμήθη-

367 2256 463 2310 μεν
522 2234 657 2306 θεοὶ,
724 2232 879 2303 νίκης
952 2230 1190 2304 τρόπαια
1255 2226 1587 2301 κομίσασθαι
1663 2224 1811 2297 παρὰ
1886 2223 2019 2297 θηρὶ

362 2328 623 2398 ποταμῷ.
655 2323 782 2380 Τῶν
815 2319 873 2377 Si
902 2320 1009 2399 ἐγὼ
1035 2318 1387 2396 ἡγεμονεύσω
1418 2319 1613 2392 θοῦρος
1656 2310 2023 2387 πολεμόκλο-

363 2436 454 2477 νος
480 2416 680 2490 Ἀρης.
712 2413 802 2468 Ἐν
834 2407 893 2466 δὲ
918 2414 1000 2483 τῷ
1029 2407 1251 2465 εἶσιέναι
1299 2406 1461 2462 αὐτὸν
1512 2404 1602 2461 ἐπὶ
1653 2400 1908 2480 Περσίδα,
1958 2401 2011 2456 ἐν

367 2503 518 2576 οἰκίᾳ
564 2489 724 2566 τινὸς
780 2500 1032 2579 γυναικὸς
1107 2500 1437 2572 Χριστιανῆς
1520 2492 1710 2579 εὑρέθη
1795 2489 2022 2567 ὑδρίσκη

370 2593 571 2658 ὕδατος
609 2578 817 2648 ἑστῶσα
869 2590 1117 2665 πλήρῃς,
1178 2585 1301 2655 ἣτις
1360 2584 1447 2639 καὶ
1493 2578 1705 2657 ἀθρόως
1739 2580 1820 2643 εἲς
1879 2579 2027 2636 οἶνον

371 2684 582 2764 γλυκὺν
619 2684 888 2761 βράζοντα
920 2675 1261 2755 μετεϐλήθη.
1298 2678 1458 2738 Ἴσως
1504 2671 1562 2730 δὲ
1605 2677 1769 2764 τούτο
1814 2666 2029 2746 σύμϐο-

375 2763 476 2831 λον
508 2776 686 2829 ὦπται
717 2778 818 2842 τῆς
848 2770 939 2826 ἐπὶ
963 2769 1026 2825 τὸ
1055 2765 1279 2839 ἣδιστον
1311 2770 1421 2822 τῶν
1477 2763 1818 2842 πραγμάτων
1862 2782 2029 2836 μετα-

376 2858 557 2933 ϐολῆς
583 2859 673 2918 διὰ
707 2862 810 2932 τὴν
849 2863 947 2915 τοῦ
991 2856 1257 2933 τυράννου
1313 2854 1448 2928 μετά
1494 2852 1686 2928 μικρὸν
1730 2870 2032 2925 καταστρο-

377 2954 503 3032 φήν.
564 2948 903 3015 Στρατεύσας
959 2946 1065 3022 γὰρ
1116 2944 1206 3000 ἐπὶ
1289 2943 1497 3032 Πέρσας
1572 2938 1865 3009 ἐδελεάσθη
1925 2938 2029 3032 ὑπό

376 3022 544 3097 τινων
603 3036 935 3110 αὒτομόλων
1014 3033 1291 3109 ἐμπρῆσαι
1374 3031 1471 3092 τάς
1549 3034 1698 3091 ναῦς.
1767 3028 1903 3084 Εἶτα
1959 3022 2031 3080 δι’

2124 1879 2451 1947 sacriﬁciis,
2470 1879 2971 1935 incantationibus
2984 1878 3319 1935 daemonum
3337 1884 3513 1950 atque
3525 1877 3777 1933 fallaciis

2130 1968 2419 2035 munitus,
2450 1978 2517 2024 ut
2547 1969 2629 2025 ait
2654 1970 2952 2042 Agathias,
2986 1969 3047 2024 in
3078 1970 3288 2024 Persas
3346 1973 3561 2023 movet.
3615 1968 3778 2021 Inter

2129 2058 2276 2114 alias
2302 2057 2421 2114 tale
2455 2059 2633 2114 etiam
2666 2058 2971 2115 oraculum
3006 2058 3057 2113 ei
3090 2057 3388 2114 redditum
3416 2062 3580 2113 erat:

2126 2150 2250 2203 Jam
2278 2164 2425 2203 nunc
2449 2148 2524 2203 ad
2555 2150 2747 2219 Tigrin
2777 2150 3004 2218 fluvium
3032 2146 3431 2218 proﬁciscimur
3460 2160 3642 2201 omnes

2130 2235 2417 2305 Caelicolae,
2451 2244 2502 2292 et
2529 2239 2650 2306 regi
2672 2237 2953 2307 praeclara
2983 2241 3195 2307 tropaea
3212 2250 3498 2305 paramus.

2133 2330 2279 2384 Mars
2308 2330 2423 2398 ipse
2451 2327 2525 2382 ad
2546 2344 2804 2398 pugnam
2830 2342 3055 2397 superos
3084 2343 3181 2395 ego
3206 2326 3346 2381 duco
3372 2326 3659 2382 Gradivus.

2130 2416 2400 2470 Intrante
2433 2432 2503 2469 eo
2532 2414 2837 2469 Persidem
2869 2413 3048 2482 situla
3076 2428 3243 2483 aqua:
3274 2412 3447 2483 plena
3484 2412 3547 2466 in
3598 2410 3773 2466 domo

2132 2506 2402 2562 mulieris
2424 2505 2727 2578 cujusdam
2748 2504 3095 2560 Christianae
3118 2503 3354 2558 inventa
3384 2507 3512 2557 est:
3534 2519 3602 2557 ea
3623 2517 3778 2572 aqua

2132 2595 2326 2651 subito
2356 2595 2418 2650 in
2447 2595 2651 2649 vinum
2672 2609 2846 2649 suave
2877 2609 2945 2648 ac
2974 2592 3231 2648 ubertim
3262 2592 3458 2648 ﬂuens
3515 2589 3769 2646 transiit.

2134 2684 2301 2751 Quod
2329 2685 2561 2740 videtur
2610 2683 2794 2740 fuisse
2850 2683 3082 2755 signum
3119 2697 3321 2737 rerum
3376 2681 3437 2736 in
3484 2680 3775 2752 optimum

2136 2779 2353 2831 statum
2376 2774 2743 2840 mutationis,
2768 2771 2943 2845 paulo
2962 2775 3310 2844 post,morte
3334 2769 3588 2841 tyranni,
3610 2785 3778 2825 even-

2136 2868 2304 2920 turaa.
2345 2866 2401 2919 Is
2456 2880 2591 2920 cum
2649 2863 2709 2918 in
2765 2863 2974 2917 Persas
3031 2859 3468 2932 expeditionem
3517 2857 3776 2926 fecisset,

2136 2955 2576 3027 transfugarum
2608 2951 3004 3024 quorumdam
3043 2966 3223 3007 suasu
3270 2948 3551 3020 deceptus
3602 2964 3781 3003 naves

2138 3062 2275 3101 suas
2305 3043 2647 3111 combussit,
2680 3046 2857 3112 atque
2887 3039 3024 3095 inde
3054 3039 3226 3112 longo
3258 3039 3471 3093 itinere
3502 3054 3610 3109 per
3638 3037 3781 3093 soli-

376 3128 613 3207 ἐρημίας
642 3127 732 3184 καὶ
774 3122 1084 3199 ἀνωμάλων
1146 3120 1370 3198 χωρίων
1407 3120 1507 3189 τήν
1556 3118 1784 3194 πορείαν
1832 3113 2024 3171 ποιού-

2139 3134 2377 3189 tudines
2408 3138 2467 3188 et
2488 3132 2694 3204 iniqua
2740 3130 2871 3185 loca
2899 3128 3053 3184 facto
3097 3126 3375 3182 omnibus
3424 3125 3777 3181 necessariis

381 3238 545 3293 μενος
569 3215 654 3295 ἐφ’
682 3216 891 3283 ἱκανὸν,
922 3214 1138 3268 πάντων
1166 3208 1621 3267 ἀπολελοιπότων
1664 3210 1773 3262 τῶν
1818 3224 2024 3295 χρειω-

383 3305 491 3363 δῶν
519 3293 619 3362 καί
638 3305 747 3361 τῶν
779 3301 1112 3378 ἀναγκαίων,
1142 3299 1235 3356 καὶ
1266 3296 1454 3355 πολλά
1486 3293 2028 3371 ταλαιπωρησάντων

381 3400 493 3453 τῶν
530 3395 645 3469 μετ’
675 3393 865 3463 αὐτοῦ,
905 3388 1095 3460 ἐπειδὴ
1128 3388 1319 3461 καιρὸς
1356 3390 1453 3442 τοῦ
1489 3380 1743 3458 πολέμου
1781 3382 2029 3462 ἀφίκετο,

378 3480 809 3559 περιερχόμενος
840 3480 942 3537 ἀνά
967 3479 1031 3534 τὸ
1056 3472 1423 3550 στρατόπεδον
1457 3472 1549 3529 καὶ
1606 3470 2029 3559 διατασσόμενος

665 3568 853 3646 δόρατι
938 3567 1158 3646 ἀφανῶς
1217 3564 1295 3626 εἷς
1349 3563 1417 3620 τὰ
1475 3557 2034 3647 ὑποχόνδριαπῶστε

383 3642 893 3734 ἀνοιμῶξαιαῦτόν.
950 3642 1053 3713 Καὶ
1108 3657 1176 3728 τῇ
1218 3651 1365 3729 χειρὶ
1421 3653 1520 3706 τοῦ
1571 3648 1805 3724 αἳματος
1859 3642 2033 3703 λαϐό-

392 3768 553 3824 μενος
614 3741 849 3824 ἔρραινεν
920 3743 998 3806 είς
1063 3742 1156 3799 τὸν
1214 3740 1364 3817 ἀέρα,
1441 3738 1635 3813 λέγων’
1706 3737 2034 3808 Νενίκηκας,

384 3838 602 3913 Χριστὲ·
635 3835 951 3908 κορέσθητι,
976 3834 1282 3907 Ναζωραῖε.
1338 3828 1433 3887 Καὶ
1474 3825 1646 3890 οὕτως
1687 3827 1789 3896 τήν
1839 3827 2036 3902 μιαρὰν

386 3929 556 3983 αὐτοῦ
595 3924 781 4001 ψυχὴν
812 3920 1103 3999 ἀπέρρηξε,
1133 3916 1322 3976 πολλᾶ
1379 3914 1742 3996 δυσφημήσας
1791 3915 1865 3976 εἰς
1910 3913 2038 3977 τοὺς

385 4018 582 4073 ἑαυτοῦ
625 4014 801 4084 θεοὺς,
860 4013 1173 4072 ἀπατεῶνας
1224 4006 1315 4063 καὶ
1366 4003 1605 4067 πλάνους
1656 4003 1747 4059 καὶ
1807 4002 2037 4078 ψεύστας

383 4103 699 4161 αποκαλῶν.
726 4102 804 4160 Οὗ
835 4104 924 4176 [Ρ.
957 4101 1085 4173 308]
1114 4097 1178 4152 τὸ
1208 4092 1469 4166 δύστηνον
1503 4098 1664 4168 σῶμα
1694 4092 2037 4168 ἀπεκομίσθη

382 4194 439 4250 ὲν
484 4187 1086 4258 Κωνσταντινουπόλει,
1144 4185 1235 4241 καὶ
1291 4183 1447 4255 ὲτὲθη
1502 4181 1556 4238 ἐν
1625 4178 1854 4258 λᾶρνακι
1911 4201 2040 4256 πορ-

383 4285 528 4360 φυρᾷ
577 4273 995 4353 κυλινδροειδεῖ,
1054 4274 1107 4329 ἐν
1167 4275 1213 4347 ᾧ
1264 4270 1566 4349 ἀπέγραψεν
1628 4272 1738 4344 (15)
1792 4268 2039 4347 ’ἐλεγεῖον

386 4384 539 4517 ἓύὶδν
622 4456 705 4513 ἐπ’
734 4455 1076 4533 ἀργυρόεντι,
1109 4452 1201 4508 ἀπ’
1230 4449 1520 4531 Εὐφρήταο
1555 4446 1732 4523 ῥοάων

393 4478 660 4585 Περαίδος
690 4527 752 4583 ἐκ
779 4528 963 4585 γαίης.
994 4523 1344 4585 ἀτελευτήτῳ
1370 4521 1457 4577 ἐπὶ
1484 4514 1630 4585 ἔργῳ

393 4514 660 4613 ῥεραίδος
690 4527 752 4583 ἐκ
772 4514 963 4613 ὀίίιίξης,
994 4514 1630 4613 ἀτκελευτητῴξπὶκὲργῳ

387 4591 636 4673 Κινήσας
671 4591 958 4674 στρατιὰν,
978 4594 1094 4652 τόδ’
1122 4591 1423 4656 Ἰουλιανὸς
1453 4591 1803 4667 λάχε’σημα,

387 4689 731 4768 Ἀμφότερον
828 4685 1085 4762 βασιλεὺς
1185 4683 1232 4739 τ’
1332 4682 1530 4759 ἀγαθὸς
1629 4678 1911 4768 κρατερός,
1992 4679 2039 4734 τ’

1632 4750 1966 4827 [άῖχμὴτήςο

384 4869 501 4922 Τοῦ
559 4860 618 4918 δὲ
673 4862 791 4935 μετ’
858 4860 1016 4917 αὐτὸν
1101 4857 1522 4935 βασιλεύσαντος
1614 4849 1884 4913 Ἰοϐιανοῦ
1939 4854 2040 4924 τὴν

384 4949 689 5028 ἁλουργίδα
751 4949 971 5006 ὄπισθεν
1030 4951 1457 5018 περιπατοῦντος
1543 4944 1813 5006 ἀκουσίως
1862 4942 2042 5012 πατήο

386 5061 584 5106 σαντος
612 5040 664 5096 ἐν
694 5043 773 5113 τῷ
802 5037 1052 5108 ἐπικλινῆ
1094 5059 1216 5094 τινα
1264 5036 1501 5092 κατιέναι
1551 5034 1741 5101 τόπον,
1792 5030 2043 5107 ἐπιστρα-

389 5131 510 5211 φεὶς
570 5127 868 5192 Ἰουλιανὸς
924 5127 1015 5184 καὶ
1071 5128 1133 5184 τὸ
1216 5120 1428 5200 συμϐὰν
1482 5121 1666 5201 κρίνας
1717 5120 1877 5177 αὐτὸν
1931 5120 2047 5194 μετ’

390 5206 594 5276 ἐκεῖνον
646 5223 748 5289 τῆς
812 5215 1090 5293 βασιλείας
1170 5216 1486 5290 κρατήσειν,
1545 5206 1671 5291 ἔφη·
1736 5212 1885 5280 Εἴθε,
1951 5210 2048 5264 κᾶν

392 5313 526 5387 γοῦν
558 5305 864 5383 ἅνθρωπος.

2138 3223 2316 3281 rebus
2346 3238 2546 3279 carere
2577 3220 2772 3293 saepit,
2823 3234 3037 3291 magna
3080 3217 3373 3273 exercitus
3411 3215 3670 3271 miseria.
3710 3215 3782 3272 Ut

2141 3320 2375 3385 tempus
2399 3327 2613 3384 pugnas
2644 3307 2913 3382 appetiit,
2945 3307 3087 3362 dum
3118 3305 3308 3361 aciem
3339 3302 3548 3360 circuit
3602 3307 3779 3373 atque

2143 3402 2405 3467 instruit,
2438 3401 2611 3456 hasta
2639 3398 2866 3454 incerto
2896 3401 3135 3453 auctore
3182 3392 3629 3467 hypochondria
3657 3391 3782 3447 vul-

2140 3496 2406 3547 neratur.
2428 3489 2512 3544 Ibi
2535 3487 2824 3561 ejulatum
2844 3484 3058 3541 tollens
3081 3483 3430 3557 sanguinem
3456 3497 3630 3537 suum
3645 3496 3784 3535 cava

2140 3597 2325 3637 manu
2355 3584 2667 3649 exceptum
2699 3575 2759 3630 in
2790 3590 2989 3630 aerem
3020 3572 3256 3645 sparsit,
3291 3570 3494 3626 dicens
3519 3586 3532 3624 :
3560 3569 3783 3637 Vicisti,

2143 3669 2410 3736 Christe;
2443 3666 2681 3730 satiare,
2715 3662 2865 3720 589
2896 3663 3212 3717 Nazarene.
3248 3664 3437 3729 Atque
3466 3659 3549 3714 ita
3598 3656 3783 3713 scele-

2143 3764 2294 3815 stam
2323 3772 2491 3813 suam
2539 3755 2802 3811 animam
2852 3750 3188 3823 exspiravit,
3239 3764 3374 3803 cum
3426 3747 3588 3819 prius
3640 3745 3783 3801 deos

2144 3865 2282 3905 suos
2337 3844 2542 3902 multis
2599 3839 2932 3899 maledictis
3002 3837 3371 3911 procidisset,
3432 3835 3785 3906 impostores

2144 3955 2245 3994 eos
2276 3940 2334 3993 et
2362 3934 2677 3992 mendaces
2707 3930 3005 3986 dictitans.
3038 3926 3294 3983 Cadaver
3325 3923 3452 3995 ejus
3498 3923 3783 3979 miserum

2144 4026 2373 4099 Cpolim
2430 4023 2693 4087 allatum,
2742 4018 3188 4092 repositamque
3236 4018 3325 4069 est
3368 4013 3431 4067 in
3479 4028 3616 4068 arca
3654 4028 3786 4099 por-

2145 4097 2451 4190 pbyretica
2486 4109 2738 4184 cylindri
2794 4108 3007 4175 forma,
3054 4104 3226 4175 eique
3273 4101 3625 4174 inscriptum
3670 4097 3819 4163 tale.

2145 4221 2388 4264 carmen
2412 4220 2425 4258 ἶ

2153 4478 2426 4533 Incassum
2458 4470 2595 4527 bello
2628 4471 2817 4525 Persas
2846 4481 3130 4538 aggressus
3159 4456 3322 4520 inani

2075 4521 2124 4588 D
2669 4521 3184 4608 etvfortivsvbetlator
3209 4539 3269 4591 in
3292 4536 3462 4608 armis

2146 4617 2425 4681 Julianus,
2459 4613 2686 4670 tumidis
2705 4606 2859 4682 jacet
2896 4611 3000 4665 huc
3036 4608 3342 4680 Euphratis
3370 4607 3438 4661 ab
3467 4606 3650 4672 undis,

2148 4693 2268 4757 Qua
2295 4689 2465 4745 volvit
2497 4685 2714 4757 Cydnus
2744 4687 3055 4757 turgentem
3082 4685 3372 4757 argenteus
3401 4693 3636 4757 amnem,

2149 4750 2441 4825 Educatus,
2473 4750 2791 4825 tumuloque
2813 4750 2909 4810 sub
2936 4753 3038 4808 hoc
3059 4757 3189 4823 post
3214 4753 3339 4820 fata
3369 4750 3616 4819 quiescit.

2148 4849 2439 4915 Julianus,
2473 4862 2609 4901 cum
2649 4844 2780 4916 ejus
2836 4841 3151 4914 aliquando
3208 4852 3536 4911 purpuram
3586 4832 3795 4889 declivi

2151 4938 2278 4994 loco
2300 4933 2664 4993 ambulantis
2694 4932 2967 4989 Iovianus
2996 4927 3344 5002 imprudens
3373 4923 3525 4998 pede
3574 4921 3800 4978 calcas-

2152 5033 2264 5098 set,
2297 5040 2637 5093 conversus,
2660 5021 3107 5094 conjiciensque
3135 5033 3273 5073 eum
3313 5013 3426 5071 sibi
3454 5013 3519 5069 in
3547 5011 3797 5084 imperio

2155 5131 2591 5184 successurum,
2623 5115 2782 5181 Esto,
2814 5110 3031 5181 inquit,
3062 5104 3384 5164 dummodo
3411 5104 3591 5160 homo
3631 5102 3727 5159 sit.

1587 5425 1949 5483 XYLANDRI
1985 5425 2074 5479 ET
2111 5420 2325 5480 GOARI
2364 5420 2585 5475 NOTAE.

465 5535 581 5607 (15)
614 5535 805 5590 Locus
837 5533 1123 5598 mutilus;
1156 5529 1319 5586 Tarsi
1351 5526 1510 5584 enim
1540 5522 2049 5607 bocepitap'hium
2083 5521 2139 5579 ei
2184 5521 2407 5579 factum
2461 5522 2570 5585 est,
2602 5514 2761 5587 quod
2798 5511 2887 5569 vel
2933 5510 3120 5582 Cydni
3168 5506 3393 5564 mentio
3436 5505 3651 5563 docere
3687 5518 3816 5575 pos-

390 5596 493 5677 sit,
527 5596 578 5662 si
610 5607 860 5661 Zonarm
889 5621 1010 5660 non
1042 5596 1420 5659 moveremur
1447 5596 1818 5655 auctoritate.
1846 5596 1983 5650 Χγι..

679 5719 953 5784 Ρλτιιοι.
1002 5721 1116 5781 Gs.
1164 5715 1375 5781 CXXI.

3582 5690 3658 5751 19
