4186 6198
268 371 396 429 593

1415 368 1957 431 HISTORIABUM
2001 369 2565 433 COMPENDIUM.

3572 383 3690 444 594

347 501 438 557 Ἐν
469 497 525 554 δὲ
552 503 632 571 τῷ
666 500 709 569 ζ’
756 498 865 555 ἓτει
920 498 1138 570 Οὐάλης
1173 500 1201 553 6
1236 501 1432 573 μιαρὸς
1488 504 1604 561 τοῖς
1661 497 1931 569 Ἕλλησιν

2120 502 2377 574 Septimo
2408 519 2567 558 anno
2598 505 2884 561 scelestus
2911 506 3119 563 Valens
3141 510 3355 565 Graecis
3386 512 3689 572 licentiam

272 587 460 645 ἄδειαν
531 585 733 644 δέδωκε
800 590 989 653 θυσίας
1071 589 1160 643 καὶ
1254 589 1578 664 πανηγύρεις
1646 586 1935 644 ἐπιτελεῖν.

270 678 555 741 Ὡσαύτως
586 679 677 732 καὶ
710 674 1011 739 Ἰουδαίους
1069 677 1248 751 ἐτίμα.
1305 677 1520 739 Μόνους
1569 674 1626 732 δὲ
1669 679 1798 741 τοὺς
1845 676 1932 752 ὀρ-

274 766 539 838 οοδόξους
575 767 671 822 καὶ
703 768 771 822 τά
807 773 909 837 τῆς
941 766 1313 837 ἀποπολικῆς
1370 766 1697 836 ἘκκΛησίας
1725 766 1791 835 ἦν
1825 762 1936 820 δει-

272 862 388 920 νῶς
416 855 650 912 διώκων.

356 949 448 1018 Τῷ
477 948 531 1015 η’
563 941 672 1001 ἔτει
700 944 1151 1003 Οὐαλεντινιανοῦ
1209 944 1260 1000 ἐν
1317 944 1633 1023 ’Λντιοχείᾳ
1682 947 1782 1008 τῆς
1834 950 1937 998 Συ-

274 1036 403 1111 ρίας
449 1034 622 1099 ἐλθὼν
685 1033 910 1104 Οὐάλης
966 1031 1220 1089 πάνδεινα
1269 1034 1409 1088 κακὰ
1446 1039 1564 1094 τοῖς
1619 1029 1932 1107 ὀρθοδόξοις

274 1124 570 1195 ἐνδείξατο,
638 1121 886 1186 πολλοὺς
960 1124 1055 1196 μὲν
1118 1120 1331 1178 ἀνελὼν
1399 1122 1669 1197 μαχαίρᾳ,
1729 1119 1937 1185 ἄλλους

276 1213 581 1282 ἀποπνίξας
638 1212 714 1276 εἰς
767 1212 861 1266 τὸν
914 1210 1290 1287 παραρρέοντα
1340 1212 1604 1286 Ὀρόντην
1662 1210 1931 1283 ποταμόν,

269 1302 550 1365 Ὡσαύτως
586 1301 642 1357 δὶ
694 1303 786 1357 καὶ
842 1300 894 1356 ἐν
935 1299 1159 1376 Ἐδὲσσῃ
1215 1304 1280 1357 τὸ
1336 1301 1550 1371 πλῆθος
1605 1305 1714 1355 τῶν
1772 1299 1934 1374 ὀρθο-

275 1390 451 1463 δόξων
538 1386 830 1447 συλλαϐὼν
918 1391 1189 1469 ἐφόνευσε.
1260 1391 1362 1448 Καί
1434 1410 1518 1453 τις
1586 1390 1719 1465 γυνή
1781 1388 1934 1463 ὀρθό-

274 1481 439 1552 δοξον
477 1482 540 1536 τὸ
567 1477 710 1536 ’ἰδιον
743 1481 928 1536 τέκνον
968 1479 1207 1536 ἓλκουσα
1257 1476 1466 1556 σπογδῇ
1513 1473 1682 1554 ἔλεγε·
1740 1482 1927 1552 Δεῦρο,

271 1570 493 1640 τέκνον,
529 1571 711 1644 καιρὶς
768 1570 1088 1647 μαρτυρίας’
1152 1571 1583 1643 μαρτυρήσωμεν
1648 1567 1779 1641 ὑπὲρ
1833 1570 1932 1622 106

274 1665 546 1737 Χριστοῦ.
577 1663 754 1717 Τοῦτο
783 1660 876 1715 τὸν
920 1659 1201 1716 Οὐάλεντα
1252 1657 1460 1734 ᾔσχυνε
1514 1658 1603 1713 καὶ
1654 1656 1716 1712 τὸ
1762 1655 1932 1723 ἄλγος

274 1749 545 1821 ἐκώλυσε,
578 1754 711 1805 Θεοῦ
738 1746 954 1821 δηλαδή
986 1752 1149 1804 τοῦτο
1181 1748 1664 1821 οἶκονομήσαντος.
1687 1746 1930 1817 Ὁμοίως

273 1840 368 1896 καὶ
402 1839 455 1894 ἐν
491 1834 847 1909 Καππαδοκίᾳ
901 1838 997 1900 τὰς
1056 1835 1351 1907 ἐκκλησίας
1411 1837 1703 1911 Ἀρειοινοῖς
1753 1854 1932 1909 παρα-

274 1928 467 1985 δοῦναι
526 1923 844 1995 ἐσπούδασε,
900 1933 1002 1996 τῆς
1059 1924 1423 1986 ἐναντιώσεως
1481 1921 1812 1996 δραξάμενος
1860 1923 1929 1992 ἧς

274 2018 411 2095 ἔσχε
435 2018 582 2094 παρὰ
629 2022 727 2073 106
788 2013 1034 2091 μεγάλου
1090 2012 1379 2069 Βασιλείου
1438 2012 1737 2074 Ἰουλιανὸς
1796 2015 1927 2086 (23),

272 2105 648 2185 πρεσϐυτέρου
687 2106 809 2161 τότε
837 2106 1209 2180 τυγχάνοντος
1254 2106 1353 2172 τῆς
1405 2100 1734 2172 Ἐκκλησίας
1794 2104 1932 2158 Και-

274 2197 523 2272 σαρείας,
579 2194 669 2250 καὶ
729 2188 989 2251 Εὐσεϐίου
1056 2196 1154 2247 τοῦ
1211 2185 1522 2247 ἐπισκόπου
1576 2185 1929 2267 διεγείροντος

275 2287 357 2348 είς
384 2284 554 2355 ζῆλον
585 2280 922 2360 ὀρθοδοξίας.

346 2379 438 2447 Τῷ
470 2371 526 2428 δὲ
558 2374 602 2428 θ’
643 2367 747 2427 ἔτει
777 2376 875 2426 106
906 2368 1257 2426 πολυνάθλου
1286 2368 1602 2427 Ἀθανασίου
1630 2370 1765 2443 πρὸς
1824 2370 1933 2425 Κύ-

278 2486 402 2541 ριον
472 2460 909 2536 ἐκδημήσαντος,
998 2459 1467 2529 ἐπισκοπήσαντος
1552 2452 1645 2529 ἔτη
1712 2458 1821 2531 μς’,
1881 2457 1931 2512 ἐν

276 2554 555 2631 διωγμοῖς
585 2550 643 2607 δὶ
673 2552 764 2607 καὶ
793 2556 932 2614 τοῖς.
977 2548 1110 2623 ὑπὲρ
1167 2543 1437 2609 εὐσεϐείας
1479 2547 1677 2624 ἀγῶσι,
1728 2545 1932 2621 Πέτρος

276 2646 384 2713 τήν
449 2642 752 2710 ἐπισκοπὴν
823 2635 1119 2711 διεδέξατο,
1174 2638 1233 2691 ’ὀν
1284 2636 1337 2691 οἱ
1393 2636 1659 2713 Ἀρειανοὶ
1711 2633 1933 2706 ἀπήλα-

279 2733 577 2794 σαν.’Τότε
605 2730 809 2788 πολλοὶ
853 2734 961 2785 τῶν
1022 2724 1328 2803 ἀρθοδόξων
1378 2725 1548 2787 ἀθέως
1603 2726 1933 2801 ᾐλίσθησαν,

278 2823 494 2881 πολλοὶ
528 2820 585 2877 δὲ
612 2821 703 2877 καὶ
736 2820 788 2876 ἐν
827 2819 1079 2895 βασάνοις
1110 2816 1528 2886 ἐτελειώθησαν.
1579 2820 1671 2889 Τῷ
1710 2814 1757 2871 δ’
1788 2817 1937 2889 αὐτῷ

276 2914 390 2970 ἐτει
460 2911 550 2967 καὶ
617 2911 645 2966 6
709 2908 875 2984 μέγας
931 2907 1216 2968 Βασίλέιος
1298 2907 1400 2974 τῆς
1493 2906 1802 2980 Καισαρέων
1847 2903 1939 2960 ἐπ-

282 3002 589 3073 εσκόπησεν
643 2996 1000 3068 Ἐκκλησίας,
1055 2999 1153 3051 106
1207 2988 1475 3052 Εὐσεὸίου
1531 2989 1763 3057 εὐσεϐῶς
1819 3014 1935 3049 κοι-

284 3093 583 3168 μηθέντος.
1412 3146 1421 3153 ,

342 3185 444 3253 Τῷ
507 3185 534 3233 ι’
589 3172 694 3232 ἔτει
750 3169 1083 3250 Ἀμϐρόσιος
1146 3174 1280 3247 μετὰ
1344 3169 1601 3242 Εὐδόξιον
1659 3179 1760 3241 τῆς
1815 3172 1931 3228 Ἐκ-

271 3269 514 3341 κλησίας
574 3263 931 3324 Μεδιολανῶν
998 3264 1267 3338 ἡγήσατο,
1326 3260 1777 3317 Οὐαλεντινιανοῦ
1835 3264 1929 3315 106

276 3357 552 3438 βασιλέως
584 3355 755 3411 ἐκεῖσε
785 3353 1091 3430 διάγοντος.
1146 3351 1246 3438 Καί
1291 3350 1394 3426 γάρ
1445 3350 1538 3438 τὸν
1596 3343 1933 3424 Ἀμϐρόσιον

275 3434 371 3505 ἐπὶ
429 3451 509 3519 τῷ
562 3443 813 3500 διαλῦσαι
869 3446 977 3497 τῶν
1034 3434 1565 3518 ἀμφισϐητουμένων
1647 3440 1932 3513 αἱρετικῶν

273 3539 378 3600 τὰς
434 3530 617 3612 ἔριδας
672 3529 1066 3598 ἀποσταλέντα,
1129 3526 1207 3584 ἔτι
1293 3529 1716 3604 κατηχούμενον
1784 3524 1933 3598 ὅντα,

278 3626 713 3699 ἐξαιτησάμενος
745 3624 773 3678 6
819 3619 953 3684 λαὸς
1012 3614 1271 3675 ἐϐάπτισε
1330 3616 1418 3673 καὶ
1477 3617 1767 3672 ἐπίσκοπον
1825 3622 1938 3673 Με-

275 3715 554 3772 διὸλανῶν
616 3711 889 3781 ἐποίησεν.
966 3711 1141 3783 ’Ὀπερ
1197 3706 1429 3767 ἀκούσας
1483 3703 1933 3768 Οὐαλεντινιανὸς

275 3809 302 3862 6
337 3803 622 3883 βασιλεὺς,
653 3801 832 3876 Χάρις
865 3820 972 3869 σοι,
1022 3796 1149 3875 ἔφη,
1208 3797 1253 3851 ὧ
1293 3795 1534 3883 Δέσποτα
1585 3796 1704 3883 Θεὲᾲ
1735 3815 1929 3883 παντο-

272 3881 498 3972 κράτωρ
528 3892 619 3947 καὶ
654 3894 836 3963 Σῶτερ
868 3890 1122 3961 ἡμέτερε,
1175 3885 1261 3941 ὅτι
1316 3882 1455 3957 τῷδε
1502 3889 1582 3956 τῷ
1624 3881 1775 3958 ἀνδρὶ
1827 3882 1932 3960 ἐγὼ

275 3987 378 4060 μὶν
436 3983 685 4056 σώματα,
752 3978 816 4034 σὺ
875 3975 932 4033 δὲ
988 3975 1168 4051 ψυχὰς
1225 3975 1523 4048 ἀνθρώπων
1582 3973 1929 4048 ἐνεχείρισας,

278 4070 576 4146 καὶταύτῃ
606 4070 703 4133 τὰς
740 4067 875 4142 ἐμὰς
935 4068 1151 4143 ψήφους
1210 4062 1418 4125 δικαίας
1466 4063 1761 4139 ἀπέφηνας.
1823 4065 1932 4126 Τῆς

277 4162 336 4220 δὲ
373 4161 583 4222 Δύσεως
612 4161 793 4228 πάσης
847 4152 1049 4231 Τριάδα
1107 4156 1189 4228 [Ρ.
1259 4155 1384 4226 312]
1451 4150 1742 4225 ὁμοούσιον
1798 4173 1933 4226 πρε-

279 4249 588 4321 σϐευούσης
645 4248 924 4323 ᾐτήσαντο
1000 4242 1466 4313 Οὐαλεντινιανὸν,
1548 4242 1636 4296 καὶ
1708 4240 1933 4311 ἐποίησε

275 4338 505 4397 σύνοδον
538 4338 590 4393 ἐν
623 4342 702 4409 τῷ
761 4332 1059 4408 Ἰλλυρικῷ
1125 4334 1264 4405 [24],
1317 4329 1405 4386 καὶ
1463 4332 1562 4400 τήν
1622 4328 1673 4384 ἐν
1729 4330 1932 4400 Νικαίᾳ

272 4433 460 4487 πίστιν
515 4426 804 4501 ἐκύρωσεν.
864 4420 1096 4480 Ἴδικτον
1154 4417 1212 4475 δὲ
1267 4414 1491 4495 ἔγραψεν
1548 4416 1930 4476 Οὐαλεντινια-

271 4521 365 4582 νὸς
396 4523 515 4580 τοῖς
563 4515 616 4571 ἐν
658 4512 811 4585 Ἀσίᾳ
860 4511 951 4566 καὶ
1001 4508 1213 4587 Φρυγίᾳ
1259 4508 1349 4563 καὶ
1398 4512 1529 4562 πᾶσι
1584 4512 1699 4569 τοῖς
1750 4506 1802 4561 ἐν
1859 4510 1928 4580 τῇ

2046 591 2209 647 dedit
2237 594 2612 649 sacriﬁcandi
2671 600 2729 650 et
2768 596 2952 651 festos
2990 597 3118 652 dies
3165 601 3395 670 agendi.
3448 604 3599 668 Quin
3632 612 3692 661 et

2041 681 2276 738 Judreos
2308 682 2368 736 in
2424 683 2650 738 honore
2709 684 2933 739 habuit.
2995 686 3163 741 Solos
3219 688 3583 747 Christianos
3632 700 3692 750 et

2044 771 2399 841 apostolicae
2429 772 2722 828 Ecclesias
2751 774 3006 845 graviter
3034 776 3301 832 vexabat.

2114 951 2264 1008 545
2300 952 2511 1006 Octavo
2544 950 2943 1007 Valentiniani
3002 969 3158 1008 anno
3213 956 3423 1011 Valens
3481 959 3688 1013 Antio-

2042 1041 2238 1095 chiam
2273 1041 2453 1112 Syria;
2501 1041 2744 1096 veniens
2794 1041 3144 1097 Christianis
3192 1046 3413 1100 atrocia
3462 1047 3682 1113 intulit,

2042 1129 2261 1184 multos
2292 1128 2485 1200 gladio
2516 1128 2841 1198 trucidans,
2866 1130 3014 1185 alios
3031 1132 3093 1185 in
3117 1133 3449 1203 proﬂuente
3467 1136 3683 1192 Oronte

2043 1234 2333 1291 mergens.
2366 1218 2460 1272 Sic
2491 1222 2549 1271 et
2580 1216 2807 1272 Edessa:
2839 1218 3205 1274 Christianos
3248 1225 3552 1278 turmatim
3584 1242 3678 1280 ca-

2041 1309 2211 1380 piens
2237 1307 2485 1364 necavit.
2545 1307 2669 1371 Quo
2724 1312 2988 1377 tempore
3029 1308 3301 1378 quaedam
3350 1310 3683 1368 Christiana

2040 1398 2256 1455 mulier
2268 1413 2442 1452 suum
2454 1395 2694 1450 filiolum
2705 1412 2953 1467 propere
2968 1396 3682 1472 trahenszEamus,inquit,

2040 1503 2172 1542 mea
2204 1486 2425 1559 proles,
2458 1491 2691 1556 tempus
2723 1489 2811 1540 est
2840 1484 3147 1541 veritatem
3170 1489 3456 1561 sanguine
3477 1497 3681 1547 nostro

2039 1574 2389 1647 obsignandi
2418 1592 2432 1629 :
2461 1573 2789 1629 moriamur
2820 1574 3037 1629 Christi
3068 1591 3266 1632 causa.
3300 1578 3419 1633 Hoc
3461 1579 3681 1635 factum

2042 1664 2268 1720 Valenti
2299 1663 2587 1735 pudorem
2617 1662 2868 1718 incussit
2897 1669 2954 1718 et
2984 1663 3210 1719 malum
3267 1665 3512 1731 sedavit.
3564 1669 3681 1725 Deo

2037 1754 2322 1810 nimirum
2361 1754 2444 1808 ita
2473 1752 2778 1826 dirigente.
2809 1753 3097 1808 Similiter
3132 1755 3313 1811 etiam
3344 1755 3406 1811 in
3453 1761 3681 1829 Cappa-

1960 1866 2006 1930 B
2036 1844 2207 1900 docia
2235 1843 2519 1899 ecclesias
2570 1842 2806 1898 Arianis
2862 1842 3095 1900 tradere
3150 1845 3396 1912 studuit,
3442 1854 3680 1919 arrepta

2036 1933 2449 1989 controversiae
2480 1933 2811 1998 occasione,
2845 1949 2977 2003 qum
3011 1932 3428 1989 intercesserat
3465 1952 3676 2008 magno

2038 2021 2273 2090 Basilio,
2308 2026 2447 2075 tunc
2504 2020 2847 2093 presbytero
2896 2022 3197 2090 Cassareee,
3253 2039 3389 2078 cum
3428 2025 3680 2080 Eusebio

2038 2111 2337 2183 episcopo,
2370 2110 2471 2181 qui
2502 2110 2574 2165 ad
2605 2110 3050 2167 aemulationem
3079 2128 3229 2167 veras
3254 2114 3559 2186 religionis
3589 2115 3683 2170 in-

2038 2198 2309 2272 stigabat.

2111 2380 2274 2432 Nono
2294 2393 2473 2445 anno,
2499 2393 2634 2432 cum
2657 2376 2991 2433 laboriosus
3023 2378 3123 2433 ille
3146 2381 3507 2436 Athanasius
3540 2399 3687 2452 qua-

2041 2466 2311 2539 draginta
2339 2481 2529 2520 annos
2563 2466 2906 2537 episcopatu
2937 2466 3201 2535 functus,
3233 2468 3437 2523 multis
3485 2486 3689 2540 perse-

2040 2554 2378 2610 cutionibus
2398 2559 2643 2626 propter
2662 2554 2961 2609 Christum
2984 2560 3249 2623 vexatus,
3265 2555 3338 2610 ad
3368 2557 3687 2612 Dominum

2040 2642 2506 2712 commigrasset,
2536 2644 2747 2697 Petrus
2776 2642 2837 2698 in
2881 2643 3291 2716 episcopatum
3333 2650 3423 2700 est
3473 2646 3687 2701 subro-

2037 2738 2228 2805 gatus.
2266 2732 2431 2787 Hunc
2461 2731 2663 2786 Ariani
2696 2730 3043 2803 abegerunt,
3079 2732 3370 2804 multique
3421 2750 3490 2789 eo
3536 2740 3688 2790 tem-

2038 2837 2182 2893 pore
2212 2819 2532 2875 Christiani
2576 2820 2755 2891 impie
2804 2825 2944 2875 sunt
2993 2822 3333 2889 excruciati,
3391 2823 3684 2894 multique

2040 2910 2198 2965 inter
2229 2914 2483 2964 torturas
2513 2909 2979 2981 exspiraverunt.
3011 2909 3233 2964 Eodem
3254 2926 3412 2966 anno
3432 2912 3686 2968 Basilius

2040 3014 2290 3071 magnus
2302 2998 2693 3054 Caesareensis
2709 2998 2985 3054 Ecclesiae:
3006 2999 3411 3071 episcopatum
3432 3000 3686 3074 adeptus

2042 3094 2152 3158 est,
2184 3088 2436 3144 Eusebio
2465 3088 2560 3159 pie
2592 3087 2888 3144 defuncto.

2113 3178 2352 3233 Decimo
2375 3193 2530 3232 anno
2552 3176 2896 3232 Ambrosius
2917 3176 3224 3232 Mediolani
3251 3178 3311 3232 in
3344 3179 3684 3251 episcopatu

2042 3266 2304 3323 Eudoxio
2334 3267 2639 3335 successit,
2670 3283 2805 3322 cum
2836 3265 2916 3320 ibi
2947 3265 3188 3339 degeret
3236 3266 3685 3324 Valentinianus

2041 3357 2384 3429 imperator.
2417 3356 2642 3428 Quippe
2672 3354 3069 3423 Ambrosium,
3102 3372 3236 3411 cum
3268 3356 3319 3411 is
3349 3357 3505 3413 546
3538 3358 3685 3412 mis-

2042 3463 2143 3501 sus
2184 3452 2341 3502 esset
2394 3445 2469 3501 ad
2524 3446 2682 3500 rixas
2747 3445 3163 3500 haereticorum
3220 3447 3684 3518 componendas,

2040 3536 2368 3590 etiamnum
2399 3535 2956 3602 cathechumenum,
3015 3534 3272 3607 populus
3317 3535 3683 3608 depoposcit,

2038 3624 2447 3696 baptizatoque
2471 3623 2875 3694 episcopatum
2894 3622 3393 3679 Mediolanensem
3407 3624 3680 3681 credidit.

2037 3712 2103 3767 Id
2132 3728 2267 3767 cum
2300 3711 2712 3766 Valentiniano
2740 3710 3085 3782 imperatori
3117 3718 3275 3767 esset
3332 3713 3681 3783 indicatum,

2039 3801 2284 3866 Gratias,
2317 3800 2419 3868 ait,
2450 3800 2555 3854 tibi
2610 3815 2739 3870 ago,
2783 3800 3030 3854 Domine
3080 3801 3233 3854 Deus
3278 3802 3680 3872 omnipotens,

2038 3891 2195 3963 quod
2226 3906 2359 3946 cum
2390 3906 2496 3963 ego
2526 3890 2665 3944 huic
2692 3889 2815 3944 viro
2859 3904 3109 3960 corpora
3158 3890 3467 3945 hominum
3515 3906 3680 3945 com-

2037 3981 2358 4048 misissem,
2410 3984 2472 4034 tu
2530 3980 2581 4034 ei
2644 3978 2875 4034 animas
2932 3978 3438 4047 commendavisti,
3480 3979 3677 4049 itaque

2036 4086 2236 4126 meum
2281 4069 2624 4141 suifragium
2676 4067 3038 4140 approbasti.
3090 4068 3233 4123 Cum
3277 4072 3474 4123 autem
3523 4070 3681 4122 totus

2037 4159 2328 4215 Occidens
2339 4159 2497 4213 Trini
2508 4164 2685 4214 tatem
2700 4157 3266 4213 consubstantialem
3282 4157 3681 4229 proﬁteretur,

2041 4247 2488 4302 Valentinianus
2520 4251 2758 4318 rogatus
2781 4244 3097 4301 concilium
3121 4245 3182 4299 in
3202 4245 3440 4317 Illyriao
3471 4244 3683 4317 coegit,

2038 4337 2218 4408 inque
2244 4352 2314 4391 eo
2370 4336 2549 4391 ﬁdem
2604 4335 2900 4390 Nicaanam
2958 4332 3349 4389 conﬁrmavit.
3412 4333 3682 4389 Edictum

2037 4442 2273 4497 quoque
2304 4425 2469 4480 misit
2495 4425 2568 4480 ad
2600 4424 2774 4491 Λεία),
2792 4422 3060 4495 Phrygiae
3083 4439 3409 4494 omnesque
3427 4423 3684 4480 Orientis

2036 4512 2368 4584 episcopos,
2397 4527 2512 4581 quo
2543 4510 2869 4565 mandabat
2895 4515 2961 4564 ut
3008 4514 3235 4565 starent
3283 4510 3519 4565 concilii
3575 4510 3681 4565 de-

273 4605 549 4679 ’Δνατολῇ
579 4603 928 4672 ἐπισκόποις,
959 4598 1212 4673 ἐμμένειν
1243 4603 1360 4660 τοῖς
1413 4596 1736 4672 ὡρισμένοις
1787 4598 1931 4687 παρα

2043 4601 2238 4666 cretis,
2272 4601 2464 4655 socios
2497 4599 2610 4654 sibi
2643 4615 2711 4654 eo
2736 4599 2797 4654 in
2826 4597 3018 4654 edicto
3049 4597 3353 4654 ascribens
3376 4598 3682 4653 Valentem

273 4705 375 4767 τῆς
432 4690 660 4750 συνόδοο
720 4690 1208 4765 παρεγγυώμενος,
1284 4683 1580 4747 κοινωνοὺς
1634 4684 1799 4740 αὐτοῦ
1837 4683 1929 4740 καὶ

276 4787 557 4847 Οὐάλεντα
580 4786 673 4840 τὸν
708 4780 942 4861 ἀδελφὸν
973 4781 1063 4835 καὶ
1102 4780 1396 4854 Γρατιανὸν
1442 4778 1534 4834 τὸν
1587 4777 1702 4831 υἱὸν
1757 4798 1928 4853 προσ-

278 4873 585 4950 λαϐόμενος
619 4874 671 4929 ἐν
699 4875 779 4944 τῷ
809 4868 1023 4943 ίδίκτῳ.
1051 4868 1185 4925 Τότε
1215 4867 1304 4922 καὶ
1334 4867 1640 4943 Γρηγόριος
1670 4867 1698 4920 6
1731 4865 1929 4922 Θεολό-

275 4989 375 5043 γος
433 4972 534 5035 τῆς
594 4956 1225 5020 Κωνσταντινουπόλεως
1285 4955 1611 5026 Ἐκκλησίας
1669 4954 1927 5030 προέστη,

274 5063 395 5119 ταῖς
422 5052 713 5112 Βασιλείου
771 5050 863 5105 καὶ
928 5046 1197 5104 Μελετίου
1260 5046 1351 5100 καὶ
1408 5050 1518 5101 τῶν
1558 5044 1772 5100 λοιπῶν
1827 5051 1928 5114 τῆς

278 5139 552 5205 εὐσεϐείας
598 5139 936 5216 ὑπερμάχων
1000 5135 1339 5212 εἶσηγήσεσι.
1397 5133 1501 5189 Καὶ
1560 5133 1604 5189 εἰ
1666 5134 1741 5207 μὴ
1801 5135 1930 5212 φθά-

2039 4689 2285 4745 fratrem
2316 4695 2375 4745 et
2400 4690 2742 4744 Gratianum
2768 4687 2959 4743 illium
2990 4704 3184 4743 suum.
3207 4689 3369 4742 Tunc
3392 4693 3448 4741 et
3475 4689 3684 4759 Grego-

2038 4779 2164 4834 rius
2194 4778 2523 4851 Theologus
2553 4777 2871 4849 Cpolitanaa
2901 4776 3178 4832 Ecclesim
3218 4775 3516 4847 profectus
3567 4780 3678 4831 est.

2041 4870 2275 4934 Basilio,
2309 4871 2541 4925 Meletio
2572 4886 2639 4925 ac
2664 4868 2908 4939 reliquis
2936 4868 3037 4938 qui
3070 4884 3176 4939 pro
3206 4882 3343 4921 vera
3394 4866 3679 4937 religione

2039 4959 2493 5032 propugnabant
2541 4957 2902 5013 auctoribus.
2955 4954 3120 5020 Quod
3180 4954 3295 5008 nisi
3354 4954 3403 5007 is
3451 4958 3682 5008 mature

2037 5048 2244 5103 urbem
2276 5052 2631 5114 revocasset,
2663 5046 2870 5115 utique
2898 5049 3082 5098 totam
3110 5042 3328 5097 Ariana
3381 5047 3440 5096 et
3485 5043 3683 5096 Euno-

2037 5137 2244 5192 miana
2277 5136 2407 5192 lues
2432 5139 2801 5206 occupasset,
2834 5147 2968 5186 cum
2988 5132 3116 5203 jam
3150 5136 3274 5185 tum
3306 5130 3508 5186 omnia
3534 5137 3687 5186 tem-

1485 5234 1845 5289 XYLANDRI
1885 5234 1971 5287 ET
2010 5234 2222 5289 GOARI
2264 5234 2485 5288 ΝΟΤᾹΞ.

280 5344 588 5400 Valentem
618 5341 849 5396 venisse
879 5336 1121 5400 scribit;
1154 5350 1363 5388 navem
1395 5350 1600 5388 eorum
1624 5334 1929 5388 incensam

280 5415 482 5481 fuisse,
514 5430 647 5469 cum
682 5412 946 5467 medium
982 5405 1198 5481 Astacii
1232 5405 1397 5481 sinus
1455 5405 1820 5481 navigarent,
1872 5409 1931 5457 et

281 5477 574 5556 usquead
605 5478 1230 5556 Dacidam_maritimaa
1256 5477 1776 5556 Bithynigp'agum
1795 5492 1926 5556 per-

285 5544 547 5627 durasse.
611 5552 1049 5627 Apud_Suidam
1098 5564 1333 5627 quoque
1492 5544 1713 5627 Οὐξάλῆς
1757 5544 1923 5627 μέχρι

288 5618 808 5698 Δαυϐίζωωλρμά
844 5623 1236 5692 Nicephorum
1281 5618 1496 5689 legitur
1538 5618 1619 5673 ita
1656 5626 1723 5673 ut
1769 5618 1925 5690 apud

286 5700 695 5755 Sozomenum.
729 5697 865 5751 Χη.

2110 5335 2222 5402 (23)
2253 5334 2572 5409 In__Graaco
2620 5331 2786 5386 locus
2838 5332 2939 5409 est‘
2972 5327 3322 5409 depravatus
3366 5333 3423 5409 et
3471 5328 3688 5409 Iuliani

2039 5399 2258 5457 nomen
2292 5403 2722 5458 alienissimum
2754 5419 2787 5458 a
2816 5399 3131 5474 sententia
3154 5399 3534 5474 inculcatum.
3569 5402 3685 5474 Ego

2041 5474 2348 5528 historiam
2382 5480 2619 5529 secutus
2652 5490 2805 5537 sum,
2838 5486 3016 5541 quam
3036 5470 3216 5525 habet
3246 5471 3473 5526 Sozom.
3500 5489 3570 5540 νι,
3598 5470 3683 5540 {5,

2037 5551 2096 5599 et
2122 5545 2485 5616 Nicephorus
2526 5562 2603 5609 xx,
2637 5546 2723 5597 18.
2758 5543 2896 5598 XvL.

2107 5619 2220 5687 (24)
2253 5617 2473 5671 Sirmii.
2509 5616 2648 5670 XvL.
