4134 6212
332 337 450 398 59⁸1

1491 331 2031 397 HISTORIAM)"
2080 333 2611 405 GOMPENDIUM

3633 355 3756 415 598

339 465 595 536 Σιιυθίαν,
652 464 883 534 Mucii",
941 463 1179 539 Θρᾴκην,
1237 460 1600 555 Μακεδονίαν,
1634 464 1867 555 Ἀχαΐαν
1892 466 1970 520 καῖ

2099 468 2441 543 dep0pulati
2478 480 2636 544 sunt,
2668 477 2988 550 Scythiam,
3013 480 3277 552 Mysiam,
3300 483 3756 555 Thraciam,Ma-

334 562 509 611 πᾶσαν
567 556 670 624 τήν
728 550 993 621 Ἐλλάδα,
1059 553 1192 627 ὑπὲρ
1247 554 1342 615 τὰς
1419 550 1619 607 εἶ’κοσιν
1693 552 1983 633 ἐπαρχίας.

335 648 666 716 Ἐθεάθησαν
725 640 782 698 δὲ
830 641 881 697 ἐν
934 647 1015 714 τῷ
1070 642 1189 717 ἀέρι
1236 639 1421 716 ἄνδρες
1451 636 1700 711 ἔνοπλοι,
1732 641 1985 717 ἐσχημα-

331 735 578 809 τισμένοι
638 736 693 788 ἓν
743 738 862 794 ταῖς
901 732 1168 809 νεφέλαις.
1229 733 1523 806 Ἐγεννήθη
1578 729 1635 786 δὲ
1683 730 1735 786 ἐν
1780 733 1988 789 Ἀντιο-

334 825 465 900 χείᾳ
494 820 713 878 παιδίαν
766 818 972 883 ἐντελὲς
1038 821 1131 894 μὶν
1187 821 1257 875 τὰ
1311 818 1580 894 ὀλομερῆ,
1614 818 1896 900 ’ὀφθαλμὸν
1929 816 1987 874 δὲ

332 913 463 989 ἔχον
494 909 587 967 ἕνα
629 911 680 966 ιν
733 910 882 984 μίσῳ
937 914 1033 973 τοῦ
1095 910 1373 983 μετώπου,
1422 914 1613 984 χεῖρας
1644 906 1701 963 δὲ
1729 908 1986 985 τέσσαρας

329 1003 420 1058 καὶ
450 999 622 1063 πόδας
674 1000 936 1074 τέσσαρας
994 999 1083 1054 καὶ
1145 1000 1409 1073 πώγωνα.
1460 993 1718 1060 Αιϐάνιος
1752 994 1808 1052 δὲ
1837 999 1866 1052 6
1894 1018 1985 1052 co-

329 1092 528 1169 φιστής
558 1091 647 1145 καὶ
700 1083 1025 1164 Ἱάμϐλιχος
1073 1090 1101 1144 ὁ
1149 1087 1400 1160 Πρόκλου
1433 1084 1758 1150 διδάσκαλος
1791 1084 1987 1156 ἐποίη-

327 1204 424 1236 σαν
458 1183 558 1249 τὴν
613 1178 919 1255 λεγομὲνην
976 1176 1518 1252 ἀλεκτορομαντείανο
1552 1176 1854 1253 γράψαντες
1882 1176 1985 1251 γὰρ

325 1272 394 1325 τὰ
449 1267 529 1325 κδ’
584 1271 879 1345 γράμματα
950 1266 1039 1322 ἐπὶ
1108 1268 1334 1347 κόνεως,
1390 1267 1481 1323 καὶ
1539 1265 1805 1335 ἐπιθέντες
1864 1266 1986 1329 καθ’

321 1361 549 1416 ’ἑκαστον
580 1359 808 1435 γράμμα
837 1358 1032 1412 κόκκον
1068 1357 1237 1425 σίτου,
1291 1354 1562 1421 ἀπέλυσαν
1591 1354 1856 1430 ἀλέκτορα
1895 1353 1984 1411 ἐπὶ

324 1451 394 1506 τὰ
424 1452 747 1526 γράμματα,
772 1448 863 1503 καὶ
894 1442 1089 1502 ἔλαϐεν
1123 1448 1151 1501 6
1194 1446 1445 1517 ἀλέκτωρ
1474 1448 1565 1502 τὸν
1600 1447 1649 1507 ἐν
1680 1450 1762 1519 τῷ
1794 1457 1822 1509 ο
1853 1446 1987 1508 κόκ-

325 1561 448 1609 κον,
480 1534 664 1593 ἔπειτα
690 1538 783 1593 τὸν
821 1536 875 1591 ἐν
921 1542 1001 1609 τῷ
1055 1557 1079 1591 ι
1135 1537 1224 1591 καὶ
1284 1557 1312 1591 ο
1368 1535 1458 1591 καὶ
1487 1537 1577 1591 τὸν
1610 1535 1661 1590 ἐν
1694 1540 1770 1607 τῷ
1799 1532 1851 1591 ὃ,
1886 1534 1980 1588 Καὶ

326 1628 540 1706 ἐγένετο
597 1631 633 1697 ἠ
695 1627 903 1683 τούτων
963 1625 1181 1700 μαντεία
1234 1621 1566 1703 ἀμφίϐολοςθ
1625 1632 1849 1681 τοιαῦτα
1878 1623 1984 1700 γάρ

322 1721 394 1775 τὰ
448 1724 556 1774 τῶν
607 1717 871 1773 τοιούτων
930 1714 1211 1785 ἀπατηλά.
1281 1719 1456 1775 Τοῦτο
1518 1717 1702 1789 μαθὼν
1757 1715 1983 1788 υίιάλης

322 1808 578 1870 πολλοὺς
637 1804 958 1869 Θεοδοσίους
1011 1805 1099 1859 καὶ
1161 1802 1461 1870 Θεοδότους
1520 1806 1610 1865 καὶ
1668 1803 2059 1892 ΘεοδώρουςΒ

319 1899 417 1953 καὶ
448 1897 575 1958 τοὺς
626 1897 836 1969 ὁμοίως
888 1896 1236 1971 εγκειμένους
1278 1899 1395 1955 τοῖς
1449 1915 1735 1971 γραμμασι
1765 1896 1982 1957 τούτοις

320 1988 431 2042 ἀπὸ
492 1991 600 2041 τῶν
659 1985 941 2058 ὀνοματων
1000 1982 1255 2045 ἀναιτίως
1314 1982 1590 2042 ἐκόλασεν.
1653 1980 1982 2061 Ἰάμϐλιχος

317 2076 380 2133 δὲ
410 2072 674 2160 φοϐηθεὶς
733 2077 1018 2152 φάρμακον
1077 2073 1219 2129 πιὼν
1279 2073 1527 2138 ἀπέθανε.
1591 2078 1788 2131 Μαθὼν
1820 2074 1877 2131 δὲ
1924 2076 1978 2133 ἂν

319 2166 639 2241 Ἀντισχείᾳ
711 2162 935 2235 Οὐάλης
1008 2164 1130 2238 περὶ
1205 2167 1310 2223 τῶν
1390 2165 1604 2219 Γότθων
1672 2165 1837 2232 ἦλθεν
1905 2167 1981 2229 είς

320 2253 928 2314 Κωνσταντινοῦπολιν.
992 2249 1245 2327 Ὕϐριζον
1304 2250 1361 2307 δὲ
1418 2254 1575 2308 οὖτὸν
1607 2256 1658 2309 οἱ
1691 2255 1978 2324 Βυζάντιοι

317 2348 395 2409 ὡς
426 2343 680 2421 ἄνανδρον
732 2346 822 2399 καὶ
881 2342 1294 2419 φυγοπόλεμον.
1347 2345 1751 2433 Ἐξερχομὲνου
1792 2343 1847 2401 δὲ
1878 2346 1975 2401 αὐ-

316 2434 417 2491 τοῖὶ
477 2435 613 2510 πρὸς
666 2433 759 2489 τὸν
813 2438 919 2488 τῶν
977 2431 1191 2488 Ρότθων
1247 2431 1517 2505 πόλεμον,
1578 2434 1849 2495 ἰσαάκιός
1895 2455 1978 2497 τις

321 2525 575 2601 μοναχὸς
631 2528 739 2578 τῶν
800 2520 1055 2598 μεγάλων
1114 2522 1386 2597 κρατήσας
1441 2526 1538 2578 τοῦ
1598 2520 1831 2596 χαλινοῦ
1879 2527 1977 2578 τοῦ

310 2615 491 2669 ’ἱππου
521 2611 823 2674 Οὐάλεντος
853 2607 953 2692 ἔφη
989 2612 1125 2683 πρὸς
1181 2610 1364 2665 αὐτόν⁹
1426 2615 1534 2665 Ποῦ
1563 2610 1783 2696 ἐξὲρχῃ,
1819 2613 1976 2685 βασι-

315 2703 439 2771 λεῦ,
483 2700 620 2758 κατά
678 2706 811 2757 Θεοῦ
868 2696 1290 2776 στρατευόμενος
1344 2699 1433 2754 καὶ
1489 2700 1618 2754 Θεὸν
1650 2696 1795 2775 ἔχων
1826 2700 1973 2755 ἀντί-

310 2792 491 2848 παλον
523 2811 537 2860 ;
568 2793 775 2848 Τοῦτον
811 2789 1080 2865 ὀργισθεὶς
1111 2787 1337 2858 Οὖαλης
1398 2794 1607 2867 φρουρᾷ
1639 2787 1973 2863 παρέδωκεν,

312 2881 620 2952 ἀπειλήσας
678 2882 899 2939 θάνατον
953 2880 998 2934 εί
1051 2878 1360 2935 ιπανέλοοι·
1420 2880 1533 2953 Πρὸ
1593 2877 1650 2935 ὃὶ
1678 2887 1778 2949 τῆς
1809 2879 1972 2935 αι’)τοῦ

305 2973 595 3041 τελευτῆς,
648 2970 901 3035 ἐθεάσατο
958 2972 1076 3024 κατ’
1133 2967 1267 3044 ὄναρ
1334 2966 1499 3044 ἄνδρα
1549 2969 1668 3024 τινὰ
1740 2968 1974 3046 λέγοντα

308 3062 482 3134 αὐτῷ’
516 3062 710 3139 Τάχος
741 3056 931 3134 βάδιζε
986 3058 1123 3131 πρὸς
1181 3059 1438 3130 Μίμαντα
1493 3058 1584 3113 τὸν
1631 3056 1814 3132 μέγαν,
1846 3051 1972 3122 ἔνθα

312 3152 488 3226 μόρος
546 3171 603 3206 σε
662 3147 836 3211 δεινὸς
910 3149 1159 3222 ἁρπάσει,
1228 3147 1420 3206 τάλαν.
1480 3148 1817 3210 Διυπνισθεῗς
1876 3147 1966 3202 οὖν

310 3240 501 3316 ἠρώτα
554 3240 638 3300 τίς
695 3237 805 3293 ἐστι
879 3236 1092 3310 Μίμας·
1164 3235 1678 3308 προσκαλεσάμενος
1736 3234 1794 3291 δὲ
1844 3258 1965 3292 τινα

307 3334 421 3385 τῶν
482 3333 661 3408 σοφῶν
720 3327 1037 3383 ἐπυνθάνετο
1094 3328 1220 3401 παρ’
1272 3327 1440 3380 αὐτοῦ
1487 3324 1570 3388 τίς
1611 3328 1726 3381 ἔστι
1757 3326 1967 3397 Μίμας,

311 3421 376 3475 Ὀ
412 3416 469 3473 δὲ
499 3413 599 3499 ἔφη
646 3416 811 3487 αὐτῷ’
846 3418 1014 3491 ’Όρος
1068 3415 1202 3482 ἐστὶ,
1262 3410 1516 3482 δέσποτα,
1581 3413 1836 3497 μέγιστον
1867 3422 1970 3484 τῆς

314 3508 524 3571 Ἀσίας,
581 3504 942 3591 προσεγγίζον
999 3509 1069 3579 τῇ
1125 3501 1395 3578 θαλάσσῃ,
1454 3503 1694 3574 πλησίον
1736 3511 1835 3573 τῆς
1864 3507 1967 3575 νή·

300 3619 405 3652 σου
461 3596 619 3651 Χίου’
680 3594 892 3656 οὗτινος
941 3594 1030 3648 καὶ
1088 3597 1339 3668 Ὅμηρος
1398 3592 1693 3665 μὲμνηται,
1748 3594 1965 3673 φάσκων

304 3684 358 3740 ἐν
393 3682 699 3755 Ὀδυσσείᾳ·
757 3684 889 3758 Παρ⁹
948 3684 1245 3755 ἠνεμόεντα
1303 3683 1584 3755 Μίμαντα.
1620 3682 1769 3736 Καίὸ
1804 3684 1964 3757 βασι-

307 3774 457 3837 λεύς·
490 3776 587 3836 Τίς
619 3773 743 3847 ἐμοὶ
776 3771 936 3847 χρεία
968 3772 1106 3845 πρὸς
1133 3773 1196 3826 τὸ
1254 3776 1352 3825 τοῦ
1383 3771 1669 3843 Μίμαντος
1700 3770 1850 3847 ὄρος,
1872 3770 1962 3827 ’ἱνα

301 3864 415 3919 ἐκεῖ
470 3865 555 3937 [Ρ.
615 3850 743 3934 3-14]
800 3860 1114 3932 τελευτήσω
1185 3858 1476 3928 ἀπελθών;
1540 3861 1715 3916 Τοῦτο
1774 3859 1956 3931 πλάνη

299 3950 598 4025 δαιμόνων,
629 3952 719 4006 καὶ
779 3948 1028 4005 εἶ’δώλων
1088 3949 1386 4019 ἀπατηλῶν
1423 3944 1656 4023 ὄνειρος.
1690 3950 1787 4003 Καὶ
1824 3952 1959 4023 μετά

297 4042 494 4115 μικρὸν
541 4040 737 4113 ἐξῆλθε
785 4046 886 4108 τῆς
937 4038 1154 4112 Θρᾴκης
1183 4038 1527 4111 πολεμήσων
1553 4044 1671 4101 τοῖς
1700 4037 1953 4099 Σκῦθαις.

2096 559 2430 630 cedoniam,
2466 565 2769 635 Achaiam,
2802 575 2860 623 et
2885 568 3221 625 universam
3254 572 3557 630 Grarciam.
3595 576 3747 633 Visa;

2096 654 2235 703 sunt
2265 652 2441 707 etiam
2482 655 2542 708 in
2588 671 2724 711 aere
2780 657 3007 726 efﬁgies
3066 659 3324 716 virorum
3356 669 3743 731 armatorum,

2094 738 2153 791 in
2185 739 2442 795 nubibus
2500 758 2810 815 expressae.
2872 749 2941 800 Et
2997 749 3324 805 Antiochiaa
3382 768 3529 823 puer
3567 761 3743 811 natus

2094 832 2184 882 est
2212 830 2488 886 omnibus
2519 834 2803 890 membris
2851 842 3149 905 constans,
3183 839 3286 894 sed
3326 842 3569 897 unicum
3602 860 3745 900 ocu-
3808 860 3811 863 '

2097 915 2217 971 lum
2251 917 2311 971 in
2341 918 2552 974 frontis
2583 922 2779 977 medio
2806 923 3054 993 habens,
3087 943 3299 982 manus
3332 935 3586 1000 quatuor
3615 933 3746 986 toti-

2093 1004 2348 1077 demque
2380 1008 2559 1079 pedes
2590 1026 2657 1065 ac
2686 1010 2952 1069 barbam.
2986 1014 3146 1070 Tunc
3174 1016 3449 1073 Libanius
3480 1022 3746 1092 sophista

2093 1098 2151 1146 et
2178 1094 2540 1151 Jamblichus
2568 1100 2759 1154 Procli
2793 1102 3074 1173 magister
3092 1104 3229 1175 galli
3262 1105 3572 1178 gallinacei
3607 1111 3747 1165 divi-

2092 1182 2395 1237 nationem
2453 1185 2861 1246 instituerunt.
2922 1191 3255 1247 Scribentes
3309 1197 3469 1251 enim
3510 1198 3569 1253 in
3601 1200 3743 1281 pul-

2092 1287 2226 1325 vere
2256 1274 2323 1327 24
2354 1273 2671 1341 elementa,
2704 1294 2769 1331 ac
2803 1278 2989 1334 cuivis
3031 1297 3280 1352 granum
3311 1273 3742 1342 frumenti'im-

2092 1365 2399 1428 ponentes,
2435 1361 2653 1432 gallum
2678 1363 2751 1418 iis
2774 1365 3168 1421 immiserunt.
3196 1370 3385 1439 Atque
3416 1371 3464 1425 is
3494 1387 3745 1443 granum

2092 1446 2165 1501 de
2196 1447 2394 1505 littera
2424 1451 2501 1518 th,
2535 1452 2678 1507 item
2710 1453 2781 1507 de
2815 1472 2859 1523 θ,
2926 1454 2997 1511 d'e
3056 1473 3087 1509 ο
3138 1463 3194 1511 et
3251 1458 3324 1513 de
3371 1460 3422 1528 pd
3476 1460 3741 1530 abstulit,

2093 1536 2292 1606 itaque
2323 1539 2657 1611 ambiguam
2686 1541 3153 1615 designationem
3176 1546 3440 1618 reliquit,
3467 1551 3745 1620 quemad-

2090 1624 2332 1679 modum
2366 1626 2423 1681 id
2461 1644 2647 1700 genus
2703 1646 2799 1685 res
2857 1633 3051 1687 solent
3101 1635 3565 1706 imposturarum
3612 1656 3741 1694 esse

2091 1713 2300 1783 plenas.
2342 1716 2549 1771 Valens
2580 1725 2776 1773 autem
2810 1738 2872 1774 re
2906 1721 3209 1778 intellecta
3239 1725 3457 1779 multos
3479 1726 3742 1782 Theodo-

2092 1803 2232 1869 sios,
2269 1810 2325 1858 et
2354 1806 2701 1875 Theodotos,
2724 1814 2779 1863 et
2801 1810 3155 1880 Theodoros,
3188 1813 3454 1885 aliosque
3486 1832 3738 1886 quorum

2090 1893 2333 1949 nomina
2358 1895 2431 1949 ab
2468 1896 2597 1951 istis
2655 1897 2866 1953 litteris
2914 1900 3265 1973 inciperent,
3299 1904 3566 1959 insontes
3597 1923 3741 1977 sup-

2088 1980 2280 2051 pliciis
2310 1984 2526 2039 ai'l‘ecit.
2554 1986 2918 2042 Jamblichus
2962 1995 3233 2045 metuens
3261 1991 3371 2046 sibi
3401 1993 3610 2048 hausto
3644 2010 3745 2049 ve-

2085 2086 2240 2125 neno
2264 2072 2374 2126 sibi
2401 2080 2651 2129 mortem
2672 2077 3162 2133 conscivit.Porro
3182 2080 3396 2135 Valens
3414 2082 3742 2139 Antiochim

2086 2161 2157 2214 de
2213 2163 2438 2217 Gotthis
2487 2166 2705 2219 certior
2760 2167 2913 2223 549
2946 2170 3135 2223 iactus
3168 2171 3743 2244 Constantinopolim

2084 2251 2278 2315 venit;
2314 2252 2512 2323 ibique
2542 2271 2675 2309 eum
2708 2257 2861 2311 cives
2891 2264 2957 2312 ut
2989 2259 3391 2315 effeminatum
3428 2267 3485 2315 et
3508 2262 3745 2317 bellifu-

2083 2356 2215 2411 gam
2274 2343 2553 2398 conviciis
2612 2346 3043 2416 prosciderunt.
3090 2350 3377 2405 Eumdem
3411 2352 3483 2405 ad
3514 2352 3737 2406 bellum

2083 2435 2290 2484 contra
2321 2431 2566 2486 Gotthos
2616 2440 2931 2489 exeuntem
2981 2438 3261 2507 Isaacius,
3307 2454 3461 2493 unus
3492 2457 3735 2511 magno-

2082 2534 2214 2573 rum
2246 2520 2696 2590 monachorum,
2729 2529 2965 2595 arrepto
2998 2526 3133 2595 equi
3165 2525 3332 2580 freno
3366 2525 3447 2582 ita
3476 2531 3731 2596 monuit;

2082 2609 2371 2673 Quorsum
2405 2608 2590 2677 vadis,
2625 2611 2968 2683 imperator,
3002 2618 3209 2668 contra
3254 2616 3435 2669 Deum
3489 2619 3736 2688 expedi-

2082 2698 2305 2757 tionem
2337 2697 2581 2765 faciens,
2607 2716 2860 2771 eumque
2893 2701 3115 2757 habens
3138 2703 3536 2759 adversarium
3555 2706 3584 2761 τί
3614 2708 3733 2761 Ira-

2084 2791 2175 2840 tus
2206 2786 2421 2841 Valens
2452 2803 2584 2842 eum
2625 2789 2685 2843 in
2717 2790 3049 2845 custodiam
3082 2791 3343 2857 tradidit,
3380 2795 3639 2849 minatus
3672 2814 3735 2851 se

2081 2892 2115 2930 a
2171 2875 2367 2930 reditu
2416 2876 2773 2948 supplicium
2831 2878 2903 2933 de
2960 2880 3088 2950 ipso
3148 2886 3544 2951 sumpturum.
3585 2887 3737 2940 Ante

2081 2981 2253 3019 suum
2287 2965 2592 3019 interitum
2616 2967 2940 3037 imperator
2961 2985 3068 3039 per
3093 2969 3352 3039 quietem
3377 2971 3521 3026 vidit
3541 2973 3732 3028 virum

2081 3053 2399 3124 quemdam
2431 3055 2511 3109 ita
2541 3054 2653 3109 sibi
2689 3054 2987 3112 dicentem
3016 3073 3028 3111 ι

2221 3144 2484 3200 Celeriter
2512 3146 2586 3200 ad
2614 3163 2874 3215 magnum
2906 3150 3223 3203 Mimantem
3252 3151 3415 3205 miser
3444 3152 3553 3220 abi,

2222 3238 2292 3289 ’I’e
2318 3238 2510 3290 mortis
2539 3242 2707 3291 atrox
2734 3237 2817 3292 ibi
2838 3237 3103 3309 corripiet
3134 3241 3338 3295 exitus.

2078 3325 2295 3380 Somno
2326 3326 2555 3381 solutus
2586 3327 2855 3397 quaesivit
2881 3328 3156 3398 quisnam
3191 3334 3347 3383 esset
3377 3329 3463 3384 illi
3492 3330 3724 3397 Mimas,

2076 3414 2515 3485 quemdamque
2545 3414 2781 3470 doctum
2817 3415 2891 3471 ad
2932 3432 2993 3470 se
3042 3422 3311 3472 vocatum
3344 3425 3724 3490 percontatus

2077 3509 2164 3557 est
2186 3520 2253 3557 ea
2276 3503 2346 3557 de
2371 3521 2451 3559 re.
2474 3505 2527 3560 Is
2550 3503 2858 3576 respondit
2880 3505 3218 3561 Mimantem
3246 3524 3374 3562 esse
3403 3509 3726 3565 maximum

2072 3594 2224 3649 Asius
2255 3600 2541 3661 montem,
2569 3595 2671 3664 qui
2695 3612 2815 3650 non
2849 3596 3055 3666 procul
3078 3596 3274 3653 insula
3296 3598 3439 3653 Chio
3472 3599 3530 3653 in
3563 3616 3727 3663 mare

2070 3688 2400 3752 procurrat,
2429 3683 2601 3753 cujus
2629 3688 2687 3737 et
2711 3685 3000 3738 Homerus
3029 3684 3236 3739 fecerit
3266 3687 3632 3744 mentionem
3666 3690 3726 3743 in

2070 3770 2335 3841 Ulyssea,
2368 3770 2460 3830 his
2510 3771 2739 3825 verbis:
2802 3773 3122 3826 Ventosum
3176 3789 3332 3844 pone
3362 3775 3724 3831 Mimantem.

2068 3862 2213 3914 Tum
2246 3861 2606 3931 imperator:
2640 3860 2812 3927 Quid,
2866 3861 3080 3930 inquit,
3112 3863 3327 3918 attinet
3357 3878 3452 3916 me
3485 3864 3559 3918 ad
3590 3881 3725 3919 eum

2066 3955 2331 4003 montem
2356 3948 2680 4019 proficisci,
2713 3953 2780 4001 ut
2808 3947 2888 4001 ibi
2921 3948 3191 4003 moriar?
3220 3950 3353 4004 Haec
3383 3955 3473 4004 est
3504 3952 3727 4005 daemo-

2065 4055 2208 4093 num
2242 4037 2571 4108 impostura
2598 4042 2655 4092 et
2685 4038 2989 4092 fallacium
3012 4038 3465 4093 simulacrorum
3500 4039 3725 4095 insom-

298 4132 400 4187 Καὶ
463 4124 763 4202 συμϐαλὼν
825 4127 1011 4189 αὐτοῖς
1082 4127 1173 4182 καὶ
1249 4128 1509 4196 ἡττηθεὶς
1566 4127 1703 4181 κατά
1759 4127 1957 4203 κράτος

2084 4128 2249 4182 nium.
2284 4126 2466 4181 Paulo
2499 4131 2633 4199 post
2662 4127 2723 4181 in
2753 4126 3062 4181 Thraciam
3097 4127 3319 4194 eduxit,
3355 4128 3556 4200 ibique
3590 4146 3724 4185 eum

299 4221 485 4298 φεύγει
515 4215 568 4273 ἓν
601 4239 703 4277 τινι
738 4216 954 4292 χωρίῳ,
1007 4214 1096 4270 καὶ
1150 4214 1410 4277 εἰσελθὼν
1442 4213 1493 4269 ἐν
1542 4215 1785 4289 ἀχυρῶνι
1818 4217 1954 4289 μετᾶ

2079 4216 2290 4287 Scythis
2322 4215 2447 4270 acie
2491 4232 2870 4288 congressus,
2905 4215 3128 4288 ingenti
3182 4216 3386 4288 praelio
3420 4218 3625 4283 victus,
3661 4220 3722 4275 in

297 4314 409 4364 τῶν
478 4308 745 4371 συνόντων
805 4305 1118 4379 ὲκρύπτετο.
1206 4306 1330 4361 Τῶν
1416 4304 1507 4358 οὖν
1569 4305 1786 4359 Σκυθῶν
1844 4309 1948 4379 πῦρ

303 4385 661 4469 ἐμϐαλόντων
716 4395 907 4469 ἀγνοίᾳ
963 4397 1070 4449 τῶν
1125 4393 1538 4467 κεκρυμμένων,
1587 4395 1778 4455 πάντες
1807 4395 1863 4448 οἱ
1892 4393 1948 4449 ἐν

300 4491 381 4559 τῷ
444 4487 705 4556 οἰκήματι
778 4482 1253 4559 προσπεφευγότες
1312 4481 1795 4558 ἀπετεφρώθησαν,
1849 4501 1946 4558 γι-

2059 4305 2376 4375 quemdam
2410 4321 2623 4377 pagum
2675 4305 2977 4377 confugit;
3030 4306 3457 4379 ingressusque
3508 4309 3723 4365 cellam

2060 4393 2121 4448 in
2160 4409 2277 4464 qua
2304 4394 2491 4465 palea;
2536 4395 2809 4466 repositas
2866 4399 3052 4463 erant,
3107 4411 3242 4450 cum
3272 4396 3343 4450 iis
3374 4413 3523 4467 quos
3552 4398 3703 4471 fugm

2055 4482 2313 4537 habebat
2345 4483 2614 4551 comites,
2650 4482 2727 4536 ibi
2773 4499 2902 4537 sese
2952 4482 3196 4538 abdidit.
3229 4485 3459 4569 Scythis
3491 4493 3721 4555 autem,

306 4577 527 4653 γονότες
582 4573 963 4647 πυρίκαυστοι.
1027 4573 1277 4644 Ὕστερον
1338 4568 1397 4625 δὲ
1476 4570 1611 4644 μετὰ
1683 4573 1784 4641 τὴν
1846 4576 1954 4626 τῶν

2080 4572 2181 4642 qui
2214 4572 2541 4626 occultatos
2598 4571 2676 4626 ibi
2735 4571 3106 4644 ignorabant,
3168 4562 3361 4646 ignem
3397 4574 3598 4630 domui
3629 4577 3725 4631 isti

305 4662 595 4735 πολεμίων
626 4662 977 4736 ἀναχώρησιν
1018 4660 1431 4728 ἀναζητούντων
1471 4663 1634 4713 τινῶν
1688 4660 1751 4713 τὸ
1802 4664 1962 4733 σῶμα

305 4758 404 4808 τοῦ
439 4750 735 4828 βασιλέως,
780 4749 971 4823 εὑρέθη
1030 4748 1081 4804 ἰν
1138 4748 1184 4821 ᾧ
1243 4747 1539 4822 ἐκρύπτετο
1571 4748 1835 4822 οδκήματι
1865 4749 1959 4804 τά·

307 4862 407 4921 φος
440 4842 673 4917 ἀρχαίου
725 4840 872 4901 τινὸς
930 4836 1399 4913 ἐπιγεγραμμένος
1445 4834 1647 4901 οὕτως·
1699 4839 1961 4895 Ἐνταῦθα

305 4938 482 4986 κεῖται
542 4930 731 5003 Μίμας
799 4926 1060 4987 Μακεδὼν
1138 4926 1523 5002 στρατῃγέτης.
1582 4927 1644 4983 Ὁ
1701 4924 1758 4981 δὲ
1816 4930 1958 4990 θεῖος

304 5020 569 5080 ’ίσαᾶκιος
603 5017 654 5072 ἐν
680 5022 750 5092 τῇ
782 5020 993 5090 φρουρᾷ
1044 5012 1118 5068 ὢν
1174 5021 1274 5083 τῆς
1332 5012 1602 5077 δυσωδίας
1633 5009 1960 5069 ἀντελάϐετο

298 5113 367 5183 τῇ
399 5115 501 5177 τῆς
547 5111 735 5182 ψυχῆς
794 5104 1150 5176 καθαρότητι,
1181 5104 1269 5157 καὶ
1331 5097 1457 5176 ἔφη·
1491 5103 1678 5165 Οὓτως
1712 5104 1740 5157 6
1770 5100 1959 5165 ἄθλιος

300 5196 524 5267 Οὐάλης
575 5198 696 5269 ἃρτι
752 5192 1118 5249 κατακαίεται.
1164 5193 1337 5267 ’Ὁπερ
1369 5189 1457 5246 διὰ
1484 5198 1591 5247 τῶν
1628 5193 1761 5265 μετὰ
1791 5197 1958 5248 ταῦτα

302 5285 706 5349 ἐπανελθόντων
743 5278 1069 5350 ἐϐεϐαιώθη.
1103 5287 1201 5337 Ἦν
1238 5279 1295 5336 δὲ
1345 5280 1568 5352 Οὐάλης
1597 5283 1700 5352 τήν
1733 5280 1956 5351 ἠλικίαν

303 5374 619 5450 διμοιραίαν
678 5371 852 5453 ἔχων,
894 5370 1137 5443 αὐθέδης
1198 5373 1289 5426 τὸν
1344 5370 1549 5442 τρόπον
1607 5370 1696 5426 καὶ
1754 5373 1959 5448 ὑπερή-

306 5486 471 5544 φανος
510 5464 600 5519 καί
658 5463 795 5538 πρὸς
853 5462 1100 5537 αἱμάτων
1159 5460 1347 5534 χύσεις
1407 5460 1777 5534 ἑτοιμότατος,
1809 5462 1957 5533 ἒχων

304 5555 404 5614 τὰς
434 5555 627 5630 φρένας
672 5553 1005 5625 ἀσυμπαθεῖς
1048 5549 1137 5603 καὶ
1189 5549 1384 5610 παντὸς
1418 5548 1604 5611 ἐλέους
1636 5547 1956 5621 ἀλλοτρίας,

309 5643 577 5717 αὐστηρία
631 5644 721 5697 τὸν
794 5639 1059 5717 λογισμὸν
1150 5636 1535 5710 σκοτιζόμενος
1596 5638 1690 5692 καὶ
1778 5638 1957 5708 πάσης

2071 4660 2499 4732 injicientibus,
2523 4666 2816 4732 quotquot
2837 4662 2916 4715 ibi
2940 4661 3220 4730 latebant,
3245 4679 3453 4718 omnes
3479 4666 3725 4720 cremati

2071 4755 2129 4805 et
2160 4750 2221 4805 in
2253 4750 2483 4805 cineres
2514 4751 2736 4805 redacti
2794 4756 2951 4805 sunt.
2988 4752 3198 4805 Postea
3254 4750 3534 4822 digressis
3566 4754 3723 4809 550

2072 4839 2341 4894 hostibus
2353 4855 2485 4894 cum
2504 4839 2745 4909 quidam
2760 4856 2974 4909 corpus
2998 4840 3371 4910 imperatoris
3391 4846 3724 4908 quaererent

2071 4934 2418 5000 repererunt
2476 4929 2537 4981 in
2598 4927 2795 4996 domo,
2829 4928 2889 4981 in
2946 4944 3121 4998 quam
3166 4944 3227 4981 se
3260 4927 3567 4982 abdiderat
3594 4930 3716 4996 ille,

2070 5017 2405 5090 sepulcrum
2440 5017 2672 5088 antiqui
2706 5016 3016 5087 cujusdam
3048 5016 3128 5071 ita
3148 5016 3496 5086 inscriptum
3522 5033 3534 5070 :
3560 5041 3587 5066 σε
3616 5018 3719 5074 Hic

2071 5109 2219 5161 situs
2252 5112 2339 5161 est
2371 5107 2571 5159 Mimas
2600 5105 2833 5159 Macedo
2856 5103 3066 5158 ductor
3087 5104 3398 5159 exercitus.
3424 5126 3453 5153 n
3478 5106 3719 5161 Divinus

2069 5200 2265 5249 autem
2298 5193 2555 5247 Isaacius
2587 5194 2645 5246 in
2677 5191 2943 5246 custodia
2989 5191 3262 5245 detentus
3292 5193 3547 5262 puritate
3577 5195 3720 5249 ani-

2068 5301 2180 5339 mm
2212 5282 2689 5345 sensitfetorem,
2719 5280 3015 5351 dixitque:
3051 5282 3136 5335 ita
3158 5281 3341 5335 miser
3360 5282 3720 5355 Valensjam

2068 5372 2455 5431 comburitur.
2518 5370 2682 5439 Quod
2740 5370 2871 5447 ejus
2921 5369 3143 5437 dictum
3177 5370 3249 5424 ab
3283 5370 3356 5429 iis
3387 5372 3487 5442 qui
3520 5389 3553 5427 a
3582 5373 3719 5447 fuga

2066 5459 2341 5517 redibant
2391 5460 2810 5523 conﬁrmatum
2869 5464 2977 5519 est.
3040 5460 3171 5519 Fuit
3222 5459 3435 5517 Valens
3492 5467 3718 5521 statura

2066 5549 2373 5606 mediocri.
2409 5547 2672 5602 moribus
2731 5547 3182 5601 contumacibus
3230 5553 3288 5602 et
3331 5551 3625 5621 superbis.
3660 5558 3718 5608 et

2067 5639 2141 5695 ad
2171 5637 2538 5692 fundendum
2563 5635 2911 5707 sanguinem
2936 5637 3379 5707 promptissimo
3402 5639 3621 5705 animo,
3646 5656 3713 5695 ac
