4134 6212
413 334 533 395 599

1773 326 2099 392 GEORGII
2141 329 2495 393 CEDRENI

3705 327 3835 387 600

417 467 487 525 ab
520 467 591 522 ab
636 467 796 523 omni
858 466 1237 521 miseratione
1295 470 1353 519 et
1408 465 1777 520 humanitate
1828 464 2068 532 alieno;

2198 459 2429 525 παιδείας
2460 460 2756 538 ἀμέτοχος.
2794 462 2930 530 Γυνή
2963 459 3019 516 δὲ
3048 459 3248 516 τοότου
3280 457 3539 533 Δομνίκα,
3568 461 3842 534 Ἀρειανῆ

415 557 752 626 rationique
810 572 917 609 sua
972 554 1322 609 auctoritate
1382 553 1657 608 tenebras
1714 552 2065 619 obducebat,

417 645 595 700 homo
625 643 849 698 nullius
880 640 1209 712 disciplinas
1265 641 1582 713 particeps.
1615 643 1769 696 Uxor
1796 642 1925 711 ejus
1957 642 2067 696 Do-

418 732 639 788 minica
666 730 945 786 Arianam
976 735 1198 786 sectam
1229 730 1622 786 fervidissime
1652 730 1904 786 colebat.

489 818 797 874 Gratianus
852 817 1250 874 Valentiniani
1332 818 1492 875 illius
1548 819 1859 890 imperavit
1911 817 2069 873 solus

419 924 609 963 annos
638 913 778 974 tres,
813 912 869 961 et
927 907 1075 963 alios
1134 908 1381 964 totidem
1439 907 1768 963 Theodosio
1822 907 2066 978 collega.

419 999 562 1053 Nam
595 996 867 1067 Byzantio
899 997 1065 1052 missi
1119 997 1189 1051 ad
1250 997 1590 1053 Gratianum
1629 997 1804 1069 legati
1836 997 2073 1052 fuerant

422 1086 483 1140 in
513 1085 905 1151 Pannoniam,
938 1085 1358 1157 imperatorem
1381 1086 1514 1140 urbi
1536 1092 1865 1157 poscentes.
1895 1087 2072 1140 Datus

424 1180 513 1229 est
542 1189 680 1245 ergo
709 1173 1073 1229 Theodosius
1131 1176 1392 1245 Magnus,
1446 1175 1768 1245 imperator
1797 1173 2070 1229 declara-

422 1269 539 1318 tus.
573 1265 626 1317 Is
654 1263 962 1334 imperavit
991 1280 1179 1319 annos
1226 1267 1311 1332 l7,
1364 1280 1598 1318 menses
1628 1268 1681 1330 ὅ,
1715 1263 1840 1318 dies
1870 1266 1922 1318 4.
1956 1263 2071 1317 Sub

425 1352 704 1407 Gratiano
738 1357 935 1407 tantus
965 1352 1075 1407 fuit
1130 1359 1301 1408 terras
1359 1359 1554 1408 motus
1582 1352 1978 1420 Alexandriae,
2011 1358 2075 1406 ut

426 1457 581 1511 aqua
610 1440 790 1494 maris
819 1440 1021 1511 procul
1042 1456 1103 1495 se
1135 1457 1169 1496 a
1194 1441 1395 1496 littore
1415 1441 2074 1511 subduxeritnavesque

429 1530 491 1584 in
523 1530 677 1584 sicco
709 1528 1160 1584 destituerit.Ad
1188 1530 1344 1601 quod
1386 1531 1734 1584 inusitatum
1770 1536 2077 1601 spectacu-

429 1621 553 1675 lum
586 1635 722 1673 cum
755 1634 967 1689 magna
998 1619 1306 1674 hominum
1354 1619 1671 1674 multitudo
1702 1620 2075 1686 accurrisset,

433 1724 587 1779 aqua
629 1707 821 1762 subito
855 1723 1066 1779 magna
1116 1708 1168 1761 vi
1227 1708 1421 1772 rediit,
1483 1712 1542 1762 et
1596 1708 1770 1762 50000
1801 1707 2079 1763 mortales

2175 548 2459 627 διάπυρος.

2245 822 2539 893 Γρατιανός
2597 823 2624 876 ὁ
2684 823 2801 884 υἱὸς
2840 820 3319 891 Οὖαλεντινιανοῦ,
3373 821 3654 894 αἱρετικὸς
3708 821 3853 891 (26),

2176 904 2492 965 ἐϐασίλευσε
2550 911 2712 982 μόνος
2770 908 2863 981 ἔτη
2917 912 2989 985 γ’,
3043 910 3132 965 καὶ
3195 910 3329 984 μετά
3357 907 3653 966 Θεοδοσίου
3684 906 3854 981 ’ἔτερα

2174 1000 2240 1074 γ’·
2301 999 2407 1054 ἀπὸ
2479 1001 2586 1074 γὰρ
2658 1003 2757 1055 τοῦ
2817 1000 3110 1069 Βυζαντίου
3163 997 3516 1079 ἐπέμφθησαν
3573 991 3848 1071 πρέσϐεις

2176 1088 2315 1161 πρὸς
2371 1090 2659 1164 Γρατιανὸν
2735 1086 2787 1144 ἐν
2875 1088 3111 1160 Πανονία
3163 1089 3592 1163 κατερχόμενον,
3655 1084 3848 1155 δοθῆ-

2176 1200 2260 1233 ναι
2292 1178 2477 1240 αὐτοῖς
2532 1176 2779 1252 βασιλέα,
2840 1178 2932 1233 καὶ
2987 1174 3148 1248 ἐδόθη
3203 1178 3393 1239 αὐτοῖς
3424 1178 3452 1233 ὁ
3487 1177 3655 1251 μέγας
3712 1180 3852 1230 Θεο-

2180 1267 2365 1330 δόσιος
2420 1268 2794 1346 ἀναγορευθεὶς
2884 1266 3161 1344 βασιλεὺς,
3235 1268 3329 1322 καὶ
3386 1267 3683 1342 ἐκράτησεν
3750 1264 3847 1335 ἔτη

2184 1359 2268 1428 ιζ’,
2303 1364 2478 1431 μῆνας
2508 1358 2564 1427 ε’,
2617 1357 2826 1433 ἡμέρας
2868 1355 2930 1414 δ’.
2991 1358 3114 1415 Ἐπὶ
3173 1362 3473 1430 Γρατιανοῦ
3532 1356 3769 1430 σεισμὸς
3799 1355 3853 1410 ἐν

2182 1444 2562 1521 Ἀλεξανδρείᾳ
2634 1448 2846 1523 γέγονεν
2924 1445 3011 1502 ἐπὶ
3093 1451 3354 1502 τοσοῦτον
3412 1446 3485 1508 ὠς
3542 1445 3631 1500 ἐπὶ
3696 1443 3852 1500 πολὺ

2185 1536 2547 1611 ὑποχωρῆσαι
2576 1536 2676 1605 τὴν
2728 1532 3004 1591 θάλασσαν
3061 1535 3152 1590 καὶ
3207 1536 3275 1590 τὰ
3326 1534 3497 1590 πλοῖα
3547 1533 3636 1589 ἐπὶ
3672 1536 3853 1608 ξηρᾶς

2184 1625 2420 1681 ἑστάναι.
2456 1622 2708 1694 Πλήθους
2767 1621 2824 1678 δὲ
2875 1622 3090 1679 πολλοῦ
3156 1622 3243 1679 ἐπὶ
3276 1628 3356 1696 τῷ
3386 1620 3685 1698 παραδόξῳ
3717 1622 3851 1676 θεά-

2189 1736 2315 1787 ματι
2373 1710 2899 1786 συνδεδραμηκότος,
2955 1717 3062 1768 τῶν
3128 1710 3337 1768 ὑδάτων
3396 1713 3608 1789 ἀθρόως
3642 1708 3852 1788 ἐκδρα-

436 1797 773 1851 submersit.
808 1797 1026 1851 Eodem
1051 1803 1313 1868 tempore
1336 1814 1550 1869 magna
1572 1797 1749 1851 etiam
1782 1813 1919 1868 pars
1948 1799 2081 1852 Gre-

2198 1803 2399 1876 μιτντων
2431 1803 2589 1857 πέντε
2649 1802 2905 1877 μυριάδες
2964 1802 3262 1877 ἀνθρώπων
3314 1800 3849 1870 κατεποντίσθησαν,

434 1892 528 1955 ιω,
560 1885 817 1953 Achaiae,
846 1886 1099 1953 Bmotiaa,
1133 1887 1289 1957 Epiri
1337 1903 1405 1941 ac
1452 1888 1601 1943 551
1639 1886 1852 1941 Siciliaa
1882 1886 2079 1956 periit,

439 1975 615 2030 maris
645 1974 958 2042 alluvione,
1010 1991 1144 2029 cum
1203 1974 1443 2045 quidem
1502 1990 1679 2030 naves
1736 1975 1798 2028 in
1846 1980 2083 2029 'montes

438 2069 577 2120 sunt
616 2063 819 2134 ejectaa
851 2062 924 2117 ad
956 2069 1194 2118 centum
1224 2080 1411 2134 usque
1444 2082 1479 2119 a
1507 2064 1707 2119 littore
1737 2064 1946 2120 stadia.

509 2334 799 2389 Caeterum
832 2334 1218 2390 Maximianus
1240 2335 1481 2405 quidam
1504 2337 1843 2405 Britannus,
1865 2355 2000 2393 cum
2022 2354 2085 2392 se

437 2423 737 2495 prmterito
769 2424 1056 2496 nulloque
1086 2425 1308 2480 honore
1340 2427 1548 2481 affecto
1578 2425 1803 2482 videret
1822 2427 2085 2482 Theodo-

439 2514 594 2568 sium
626 2529 660 2567 a
690 2514 963 2568 Gratiano
1021 2513 1251 2585 imperii
1310 2521 1644 2571 consortem
1692 2523 2085 2589 assumptum,

442 2603 754 2657 Britannos
783 2603 846 2657 in
874 2603 1216 2658 Gratianum
1257 2605 1494 2671 excitat,
1545 2605 1845 2677 mittitque
1880 2612 2089 2661 contra

442 2708 576 2746 eum
607 2691 1097 2762 Andragathium.
1154 2691 1589 2763 Andragathius
1647 2694 1854 2750 lectica
1885 2700 2089 2766 operta

439 2786 640 2835 vectus
670 2795 971 2834 rumorem
1028 2780 1250 2850 spargit
1296 2781 1558 2836 Gratiani
1588 2798 1833 2836 uxorem
1866 2799 1934 2836 ex
1962 2785 2089 2837 Bri-

440 2867 648 2922 tannia
676 2883 745 2920 ea
775 2866 1004 2920 advehi.
1035 2868 1241 2921 Uxoris
1273 2884 1408 2939 ergo
1440 2885 1641 2924 amore
1674 2872 1986 2926 Gratianus
2015 2872 2089 2926 ad

439 2955 715 3011 lecticam
745 2970 1074 3026 aggressus,
1108 2972 1241 3010 cum
1294 2973 1424 3012 eam
1467 2958 1816 3029 aperuisset,
1849 2960 2087 3015 Andra-

441 3042 706 3116 gathium
737 3042 896 3097 intus
927 3044 1194 3113 offendit,
1228 3045 1400 3116 cujus
1429 3046 1606 3118 jussu
1634 3064 1670 3102 a
1701 3048 1985 3104 militibus
2015 3049 2089 3105 ad

2187 1892 2276 1946 καὶ
2308 1898 2405 1960 τῆς
2437 1893 2660 1964 Κρήτης
2691 1888 2748 1945 δὲ
2802 1890 2890 1946 καὶ
2944 1892 3175 1965 Ἀχαίας
3229 1891 3320 1945 καὶ
3353 1889 3621 1952 Βοιωτίας
3658 1887 3856 1947 Ἐπεί-

2192 2003 2287 2057 ρου
2332 2002 2391 2036 τε
2445 1982 2534 2037 καὶ
2595 1980 2849 2044 Σικελίας
2886 1981 3116 2037 πλείστα
3177 1980 3316 2056 μέρη
3373 1979 3703 2046 ἀπολέσθαι,
3747 1987 3854 2048 τῆς

2190 2070 2467 2142 θαλάσσης
2527 2070 2863 2141 ἀνελθούσης
2955 2072 3045 2127 καὶ
3105 2070 3475 2142 ἐπικλυσάσης
3541 2070 3704 2141 αὐτὰ,
3777 2070 3855 2131 ὡς

2190 2160 2281 2215 καὶ
2312 2159 2399 2214 ἐπὶ
2428 2163 2536 2214 τῶν
2570 2159 2738 2235 ὀρέων
2792 2158 3162 2238 ἀπορριφῆναι
3220 2157 3393 2215 πλοῖα
3445 2156 3579 2233 ἄχρι
3610 2154 3855 2212 σταδίων

2192 2247 2377 2303 ἑκατόν
2388 2294 2401 2306 .

2265 2338 2597 2410 Μαξιμιανὸς
2658 2335 2716 2392 δέ
2766 2358 2849 2399 τις
2905 2336 3227 2411 Βρεττανὸς,
3259 2335 3342 2391 ὅτι
3367 2336 3461 2392 τὸν
3494 2332 3795 2391 Θεοδόσιον
3823 2333 3852 2388 ὁ

2194 2427 2486 2501 Γρατιανὸς
2539 2425 2765 2501 βασιλέα
2812 2424 3085 2495 ἐποίησεν,
3116 2423 3281 2481 αἰ)τοῦ
3338 2422 3613 2498 μηδεμιᾶς
3644 2424 3858 2500 τυχὸν-

2192 2536 2287 2577 τος
2313 2520 2505 2589 τιμῆς,
2538 2512 2782 2589 διήγειρε
2831 2514 2961 2578 τοὺς
3018 2514 3070 2570 ἐν
3127 2516 3424 2588 Βρεττανίᾳ
3447 2514 3677 2589 ἀντᾶραι
3712 2520 3855 2587 Γρα-

2191 2609 2381 2677 τιανῷ.
2445 2604 2542 2659 Καὶ
2622 2602 2949 2660 ἀποστέλλει
3030 2601 3417 2679 Ἀνδραγάθιον
3474 2606 3593 2659 κατ’
3651 2603 3852 2671 αὐτοῦ,

2193 2696 2255 2751 Ὁ
2284 2692 2340 2748 δὲ
2387 2692 2635 2763 εἰσῆλθεν
2695 2691 2745 2746 ἐν
2807 2692 3008 2769 φορείῳ
3065 2691 3405 2768 καταστέγῳ,
3463 2690 3726 2766 φημίζων
3757 2692 3854 2758 τήν

2195 2787 2420 2856 γυναῖκα
2456 2785 2747 2850 Γρατιανοῦ
2807 2782 2939 2836 εἶναι
2974 2780 3033 2836 ἐκ
3072 2784 3394 2856 Βρεττανιας
3448 2781 3851 2852 ἐπανήκουσαν,

2194 2872 2261 2940 ἧς
2290 2877 2358 2945 τῇ
2389 2871 2574 2946 ’ἀγάπῃ
2630 2869 2923 2945 Γρατιανὸς
2969 2870 3261 2944 κρατηθεὶς
3311 2874 3393 2942 τῷ
3441 2870 3646 2948 φορείῳ
3678 2890 3849 2945 προσ-

2194 2959 2351 3025 ἦλθε·
2410 2959 2499 3015 καὶ
2558 2958 2907 3033 ἀνακαλύψας
2998 2958 3186 3034 βλέπει
3269 2959 3359 3013 τὸν
3435 2957 3848 3034 Ἀνδραγάθιον,

2197 3048 2255 3110 ὅς
2312 3048 2559 3121 παραυτὰ
2613 3045 2702 3102 διὰ
2775 3051 3122 3121 στρατιωτῷν
3180 3048 3704 3123 παρεσκευασμένων
3765 3044 3848 3100 ὅν-

440 3134 552 3189 hoc
583 3133 938 3205 comparatis
996 3133 1152 3189 illico
1201 3134 1546 3190 trucidatur.
1581 3137 1895 3193 Gratianus
1926 3144 2085 3194 tanta

2198 3159 2303 3193 των
2363 3136 2451 3193 ἐπὶ
2517 3137 2713 3192 τούτου
2781 3137 3069 3210 Γρατιανὸν
3128 3135 3513 3216 διεχειρίσατο.
3592 3138 3692 3199 ⁸ος
3765 3134 3851 3191 ἐπὶ

438 3222 553 3279 fuit
573 3190 881 3295 jaculandi
912 3223 1144 3294 peritia,
1204 3228 1269 3279 ut
1325 3224 1566 3294 quidam
1597 3190 2085 3298 didicerentvejus

2198 3230 2454 3282 τοσοῦτον
2490 3228 2581 3299 [Α.
2615 3227 2740 3299 315]
2773 3223 3049 3301 εὐστόχως
3083 3190 3317 3295 ἐτόξέίιεν
3370 3226 3445 3289 ὡς
3492 3225 3667 3301 λέγειν
3700 3225 3850 3286 τινας

442 3314 670 3385 spicula
699 3330 829 3368 esse
860 3319 1057 3369 mente
1090 3314 1357 3384 praadita.
1390 3316 1614 3387 Corpus
1645 3319 1775 3388 ejus
1804 3318 1867 3372 in
1898 3318 2089 3389 impe-

440 3404 664 3461 ratoria
692 3403 1064 3459 monimenta
1084 3404 1444 3461 Theodosius
1474 3406 1698 3461 retulit.

518 3496 721 3549 Frater
747 3499 946 3548 autem
992 3495 1250 3549 Gratiani
1312 3502 1633 3567 superstes,
1665 3500 1850 3569 patris
1884 3498 2093 3554 Valen-

441 3586 656 3642 tiniani
683 3602 904 3642 nomen
934 3603 1166 3659 gerens,
1184 3587 1489 3661 episcopos
1510 3588 1582 3646 ab
1606 3590 1813 3647 exsilio
1836 3597 2089 3661 revocat,

442 3691 701 3746 suasque
760 3675 833 3730 iis
890 3675 1085 3731 reddit
1143 3677 1447 3745 ecclesias,
1480 3679 1807 3752 proﬂigatis
1832 3681 2089 3738 Arianis.

442 3765 568 3830 Qua
618 3763 681 3816 in
727 3778 792 3816 re
850 3768 941 3819 est
969 3779 1004 3818 a
1034 3765 1282 3819 Damaso
1331 3766 1594 3822 Romano
1641 3784 1793 3839 papa
1830 3768 2090 3839 adjutus.

453 3856 603 3909 I‘unc
633 3858 691 3908 et
714 3852 1038 3925 Theologus
1069 3855 1381 3926 Gregorius
1414 3857 1624 3929 majori
1655 3875 1789 3914 cum
1820 3859 2092 3915 libertate

442 3941 751 3995 veritatem
782 3939 941 4011 Cpoli
974 3939 1174 3995 docuit
1202 3942 1263 3996 in
1294 3943 1553 3998 oratorio
1584 3950 1803 4000 sancta;
1836 3949 2092 4001 Anasta-

445 4030 568 4096 siaa,
602 4028 761 4099 quod
792 4028 985 4083 adhuc
1016 4035 1138 4084 erat
1188 4030 1485 4102 exiguum,
1518 4031 1874 4090 decennium
1926 4035 2004 4088 ibi
2038 4039 2098 4090 et

447 4117 625 4190 paulo
658 4117 915 4187 amplius
938 4123 1220 4172 moratus.
1247 4118 1331 4172 Ibi
1365 4135 1600 4191 quoque
1623 4122 1892 4177 inaudita
1912 4123 2096 4177 mira-

447 4207 583 4261 cula
612 4211 752 4260 sunt
781 4206 939 4259 edita
968 4221 1001 4258 a
1031 4208 1364 4262 castissima
1393 4209 1495 4263 Dei
1538 4210 1819 4265 Genitrix.
1871 4212 2097 4283 Duplex

449 4296 607 4349 enim
634 4293 980 4363 perhibetur
1006 4295 1154 4349 ratio
1177 4296 1437 4351 nominis
1461 4298 1664 4369 templi
1694 4306 1911 4355 sanctae
1941 4302 2095 4358 552

448 4381 776 4437 Anastasis)
802 4397 815 4435 :
848 4397 984 4446 una,
1018 4382 1177 4453 quod
1208 4384 1290 4438 ibi
1331 4387 1654 4441 resurrexit
1676 4404 1827 4443 versa
1857 4389 2098 4462 religio-

2192 3318 2260 3371 τὰ
2317 3320 2610 3388 Γρατιανοῦ
2675 3312 2812 3391 βέλη
2869 3316 3061 3394 φρένας
3118 3312 3288 3395 ἔχειν.
3344 3313 3611 3386 Μετετέθη
3654 3312 3716 3370 δὲ
3748 3315 3848 3370 ὑπὸ

2195 3404 2487 3461 Θεοδοσίου
2518 3403 2594 3468 είς
2621 3403 2748 3467 τοὺς
2783 3401 3103 3478 βασιλικοὺς
3132 3405 3365 3483 τάφους.

2267 3491 2531 3572 Ἀδελφὸς
2589 3491 2645 3549 δὲ
2701 3498 2999 3567 Γρατιανοῦ
3056 3496 3463 3567 ὁμώνυμοςτῷ
3493 3494 3653 3570 πατρὲ
3702 3496 3845 3552 Οὐα-

2196 3584 2529 3654 λεντινιανῷ,
2589 3578 2668 3637 ἔτι
2722 3584 2948 3658 περιὼν,
3006 3581 3135 3644 τοὺς
3174 3581 3225 3637 ἐν
3275 3581 3455 3656 ἐξορίᾳ
3515 3583 3844 3644 ἐπισκόπους

2196 3672 2556 3730 ἀνεκαλέσατο
2610 3670 2700 3727 καὶ
2747 3672 2842 3734 τὰς
2900 3669 3039 3733 ἰδίας
3098 3670 3394 3742 ἐκκλησίας
3443 3670 3721 3728 ἀπέδωκεν
3755 3672 3845 3728 αὖα

2193 3768 2333 3834 τοῖς,
2366 3759 2622 3833 ἐκδιώξας
2686 3762 2813 3823 τοὺς
2876 3761 3211 3832 Ἀρειανοὺς,
3270 3762 3523 3836 Δαμάσου
3564 3766 3663 3816 τοῦ
3694 3763 3847 3817 πάπα

2200 3853 2420 3925 Ῥώμης
2470 3852 2621 3922 αὐτῷ
2681 3850 3143 3923 συμπράττοντος.
3204 3852 3343 3908 Τότε
3396 3850 3485 3906 καὶ
3516 3852 3545 3906 ὁ
3575 3850 3847 3925 Θεολόγος

2198 3939 2499 4017 Γρηγόριος
2558 3938 3162 4017 παρρησιαστικώτερον
3220 3940 3311 3995 τὸν
3368 3938 3535 4015 λόγον
3574 3946 3675 4010 τῆς
3710 3940 3851 4010 ἀλη-

2199 4032 2341 4092 θείας
2373 4027 2646 4084 ἐδίδασκεν
2703 4027 2753 4082 ἐν
2812 4028 3375 4084 Κωνσταντινουπόλει
3436 4027 3513 4091 είς
3553 4029 3616 4083 τὸ
3648 4028 3850 4098 εὐκταί-

2201 4141 2317 4195 ριον
2377 4127 2476 4188 τῆς
2542 4117 2696 4193 ἁγίας
2755 4118 3110 4181 Ἀναστασίας
3167 4114 3245 4176 ἔτι
3307 4120 3499 4195 μικρὸν
3555 4120 3852 4195 τυγχάνον,

2202 4207 2329 4265 δέκα
2361 4209 2592 4283 χρόνους
2623 4208 2711 4263 καὶ
2751 4209 2945 4282 μικρόν
3004 4230 3058 4264 τι
3116 4210 3251 4283 πρὸς
3305 4208 3477 4266 ἐκεῖσε
3506 4209 3849 4280 πεποιηκώς.

2201 4300 2367 4355 Ἔνθα
2424 4298 2512 4353 καὶ
2570 4295 2849 4372 παράδοξα
2904 4297 3105 4373 γίνεται
3164 4301 3411 4373 θαύματα
3465 4299 3517 4371 ἐξ
3566 4299 3851 4381 ἐμφανείας

2200 4394 2301 4456 τῆς
2367 4387 2747 4461 παναχράντου
2807 4388 3103 4459 Δεσποίνης
3160 4391 3321 4462 ἡμῶν
3394 4396 3496 4460 τῆς
3561 4391 3849 4446 Θεοτόκου.

452 4472 547 4525 nis
577 4469 882 4536 doctrina;
931 4470 1119 4527 altera
1156 4489 1190 4528 a
1218 4474 1506 4530 miraculo
1556 4475 1637 4530 ibi
1681 4476 1857 4532 edito.
1892 4479 2085 4533 Fertui

2204 4483 2408 4542 Δισσῶς
2465 4479 2569 4553 γὰρ
2628 4479 2846 4554 λέγεται
2902 4482 2937 4550 ἡ
2999 4479 3279 4555 ἐπωνυμία
3351 4486 3448 4538 τοῦ
3506 4489 3607 4552 τῆς
3663 4484 3851 4561 Ἀγίας

453 4556 612 4613 enim
671 4556 988 4626 quamdam
1062 4559 1372 4615 mulierem
1426 4561 1497 4617 de
1554 4562 1794 4618 sublimi
1862 4564 2085 4636 lapsam

2199 4567 2548 4631 Ἀναστασίας
2578 4571 2731 4623 ναοὶῖ⁸
2766 4569 3080 4632 ’Δνάστασις
3133 4572 3226 4644 μὲν
3289 4568 3378 4627 διὰ
3404 4574 3467 4629 τὸ
3504 4573 3599 4628 τὸν
3624 4556 3855 4649 τῆςϋόρ-

455 4645 786 4716 exspirasse
817 4650 874 4700 et
903 4645 1370 4702 Christianorum
1432 4648 1681 4720 publicis
1728 4652 2003 4723 precibus
2034 4655 2095 4709 in

453 4735 630 4791 vitam
660 4739 1010 4789 revocatam.
1062 4735 1125 4790 Id
1184 4737 1505 4793 oratorium
1564 4755 1699 4794 eum
1731 4757 1799 4795 eo
1832 4746 2097 4814 tempore

455 4830 613 4880 esset
668 4839 933 4894 parvum,
987 4828 1193 4894 postea
1250 4827 1536 4898 temporis
1594 4829 1727 4899 pius
1776 4829 2099 4901 imperator

454 4914 784 4969 Marcianus
814 4913 889 4968 ad
916 4928 1045 4968 eam
1078 4914 1293 4969 molem
1325 4916 1584 4971 extruxit
1611 4934 1728 4988 qua
1770 4935 1928 4975 nunc
1958 4922 2096 4976 visi—

454 5009 571 5058 tur.

2205 4653 2453 4727 θοδοξίας
2512 4655 2679 4730 λόγον
2743 4654 2797 4711 ἐν
2849 4656 3019 4732 ταύτῃ
3090 4660 3406 4729 ἀναστῆναι,
3452 4661 3769 4717 Ἀναστασία
3800 4659 3853 4716 δὲ

2206 4743 2294 4801 διὰ
2348 4745 2412 4800 τὸ
2469 4740 2678 4818 συμϐάν
2746 4745 2822 4806 είς
2878 4747 3050 4816 αὐτὴν
3111 4748 3607 4823 θαυματούργημα·
3641 4748 3851 4825 λέγεται

2206 4835 2311 4912 γὰρ
2362 4834 2586 4907 γυναῖκά
2641 4854 2761 4889 τινα
2818 4833 3019 4890 ἄνωθεν
3077 4840 3341 4892 πεσοῦσαν
3396 4836 3712 4909 ἀποθανεῖν,
3762 4860 3852 4914 γε·

2206 4922 2438 4996 νομένης
2470 4919 2526 4978 δέ
2555 4928 2742 4993 κοινῆς
2775 4922 2945 4999 εὐχῆς
2988 4923 3091 4979 ὕπὸ
3146 4930 3255 4980 τῶν
3315 4923 3621 5000 ὀρθοδόξων
3650 4932 3852 4997 ταύτην

2208 5011 2515 5082 ἀναστῆναι·
2579 5015 2778 5087 μικροῦ
2852 5009 2910 5067 δὲ
2979 5009 3133 5074 ὄντος
3204 5013 3329 5070 τότε
3385 5019 3484 5070 τοῦ
3542 5015 3854 5091 εὖκτηρίου,

2207 5101 2429 5175 ὕστερον
2490 5099 2577 5156 ἐπὶ
2632 5104 2730 5156 τοῦ
2789 5100 2940 5157 ὁσίου
2998 5103 3312 5177 Μαρκιανοῦ
3351 5102 3853 5180 ἀνοικοδομηθῆναι

2206 5190 2386 5253 καθὼς
2419 5190 2631 5261 ὁρᾶται.

1652 5279 2011 5339 XYLANDRI
2050 5288 2137 5341 ET
2175 5289 2392 5343 GOARI
2431 5288 2658 5344 ΝΟΤΑΞ.

526 5401 637 5470 (26)
669 5399 1155 5481 Aipstgadeinitio
1176 5402 1447 5481 Gratiani
1479 5422 1586 5481 vo_x
1627 5422 1870 5481 prorsus
1897 5426 2096 5481 super-

456 5487 713 5548 vacanea
742 5473 1092 5548 veritatique
1123 5473 1364 5548 adversa
1391 5481 1498 5531 est.
1526 5478 1594 5548 Et
1623 5473 1783 5548 quod
1813 5479 1885 5533 de
1916 5473 2099 5535 Theo-

2212 5419 2414 5467 nostro
2462 5414 2868 5482 Maximianus,
2924 5416 3027 5471 sed
3086 5418 3369 5474 Maximus
3399 5422 3763 5478 nominatur.
3796 5426 3862 5478 Et

2215 5484 2297 5567 sic
2329 5484 2506 5539 etiam
2539 5486 2746 5540 Noster
2802 5486 2981 5541 habet
3034 5504 3191 5544 anno
3243 5490 3557 5548 Theodosii
3587 5497 3856 5567 septimo,

456 5542 624 5598 dosio
657 5542 894 5609 dicitur,
926 5542 1142 5599 falsum
1200 5545 1301 5599 alii
1355 5542 1989 5605 historici-ostendunt.
2026 5557 2106 5608 Ac
2214 5556 2352 5609 XYL.

457 5613 557 5685 qui
592 5628 726 5667 eum
774 5614 1003 5669 curavit
1057 5616 1334 5685 interfici,
1394 5619 1444 5673 is
1501 5619 1574 5674 ab
1631 5620 1787 5689 aliis,
1828 5638 1947 5678 non
1980 5631 2107 5679 uta
