4170 6204
299 399 410 459 601

1440 401 1803 462 HISTORIA
1816 401 1977 463 BUM
2022 401 2574 465 COMPENDIUM.

3587 394 3705 456 602

367 529 657 596 Θεοδόσιος
688 530 874 604 μέντοι
939 531 1193 609 βασιλεὺς
1251 537 1335 605 τῷ
1386 534 1524 608 γὲνει
1561 533 1657 606 μὲν
1689 527 1848 606 Ἴϐηρ
1879 534 1947 603 ἦν

2134 535 2495 592 Theodosius
2545 537 2870 607 imperator
2922 534 3164 589 natione
3218 532 3332 587 fuit
3387 531 3701 602 Hispanus,

296 626 407 679 τῶν
443 622 762 697 Ἑσπερίων,
818 622 1038 699 εὐγενὴς
1096 620 1155 679 δὲ
1207 642 1291 684 τις
1347 623 1440 678 καὶ
1496 623 1793 697 Θαυμάσιος
1823 623 1945 699 περὶ

295 714 427 776 τοὺς
455 709 759 786 πολέμους.
789 713 965 777 Οὗτος
1015 712 1140 778 εύθὺ
1196 712 1330 775 τοὺς
1385 711 1439 768 ἐν
1496 713 1679 789 Θρᾴκῃ
1730 709 1950 789 Βαρϐά-

301 824 427 879 ρους
477 802 616 859 κατᾶ
664 804 863 878 κράτος
914 801 1181 873 ἐνίκησεν,
1239 797 1466 873 εύσεϐἠς
1495 800 1569 858 ὥν
1598 803 1690 859 καὶ
1721 801 1947 878 όρθόδο·

301 892 407 964 ξος.
440 892 615 955 Οὗτος
640 892 708 961 ἦν
738 892 836 961 τήν
884 893 978 965 μὲν
1025 890 1342 967 ἀναδρομὴν
1388 895 1490 947 τοῦ
1522 892 1777 966 σώματος
1810 891 1950 965 σύμ-

304 1000 526 1056 μετρος,
558 979 845 1053 ἄμεμπτος
900 980 1007 1036 ἆπό
1065 978 1249 1037 ποδῶν
1300 977 1406 1043 ’ἕως
1451 980 1719 1056 κεφαλῆς,
1753 980 1946 1055 ὑπέρυ-

301 1072 428 1147 θρος
480 1076 561 1145 τῷ
619 1071 930 1145 προσώπῳ,
994 1073 1185 1145 ξανθὴν
1240 1068 1386 1146 ἔχων
1442 1073 1543 1141 τήν
1599 1073 1788 1147 τρίχα,
1846 1072 1946 1141 τὴν
1998 1138 2005 1145 _

299 1160 423 1235 ῥῖνα
477 1158 685 1229 λεπτὴν
736 1159 825 1216 καὶ
883 1158 1200 1235 ἐπίγρυπον,
1266 1159 1478 1236 χαρίεις
1537 1162 1637 1229 τὴν
1697 1158 1946 1233 ὁμιλίαν,

298 1249 393 1303 τὸν
460 1248 663 1321 τρὸπον
720 1245 778 1304 δὲ
835 1247 1213 1325 χαριέστατος,
1252 1242 1399 1328 ἔχων
1456 1253 1686 1324 γυναῖκα
1715 1247 1947 1322 ὀνοματι

298 1334 642 1405 Πλακίλλαν,
701 1334 752 1407 ἒξ
809 1339 875 1406 ἦν
930 1332 1087 1412 ἔσχεν
1171 1334 1461 1414 ’Δρκάδιον
1515 1338 1605 1393 καὶ
1663 1338 1944 1413 Ὀνώριοψ

297 1426 367 1495 ἧς
415 1424 819 1496 τελευτησάσης
853 1424 1065 1482 Γάλλον
1097 1423 1339 1503 ἀδελφὴν
1394 1432 1687 1503 Γρατιανοῦ
1717 1423 1944 1503 ἔγημεν.

296 1515 389 1571 Ἐν
447 1515 812 1589 Θεσσαλονίκῃ
867 1511 925 1571 δὲ
988 1512 1086 1583 ὢν,
1149 1516 1293 1589 νόσῳ
1329 1516 1658 1592 περιπεσὼν,
1695 1517 1946 1593 βαπτίζε-

296 1624 387 1658 ται
418 1603 525 1659 ὑπὸ
583 1602 884 1679 Ἀσχολίου
941 1608 1040 1659 τεῦ
1096 1602 1419 1663 ἐπισκόπου.
1478 1604 1583 1661 Καὶ
1612 1604 1781 1679 νόμον
1814 1606 1949 1681 ὑπὲρ

294 1696 406 1747 τῶν
468 1689 771 1767 ὀρθοδόξων
828 1696 925 1748 τοῖ’)
980 1692 1281 1768 ὁμόουσίου
1336 1688 1581 1769 ἔγραψεν,
1616 1692 1674 1749 ὅν
1716 1693 1768 1749 ἐν
1801 1701 1951 1750 Κων-

298 1779 746 1837 σταντινουπόλει
775 1780 1110 1838 ἀπέστειλεν.
1166 1781 1375 1838 Ἐλθὼν
1431 1781 1489 1838 δὲ
1537 1781 1630 1838 καὶ
1687 1783 1847 1844 αὐτὸς
1893 1782 1944 1838 ἐν

2055 624 2275 681 nobilis
2307 631 2365 681 et
2392 625 2550 680 bello
2580 622 2988 691 admirandus,
3020 623 3154 694 pius
3197 626 3256 675 et
3282 637 3432 676 veras
3464 619 3707 691 religio-

2053 713 2147 769 nis
2168 714 2486 785 professor.
2513 715 2568 768 Is
2599 714 2800 769 statim
2824 711 3113 768 Barbaros
3132 711 3194 765 in
3215 709 3463 765 Thracia
3491 723 3703 780 magno

2054 804 2259 876 praalio
2291 805 2607 876 superavit.
2642 805 2877 860 Statura
2902 803 3019 859 fuit
3045 801 3356 873 medjocri,
3382 816 3418 855 a
3447 798 3607 854 calce
3638 814 3706 853 ac

2053 894 2332 950 verticem
2361 910 2549 966 usque
2579 893 2919 965 inculpata:
2975 889 3254 947 subrufus
3284 890 3518 953 faciem,
3550 887 3703 942 fulvo

2055 983 2292 1054 capillo,
2325 999 2471 1038 naso
2501 982 2666 1038 tenui
2697 986 2757 1037 et
2784 981 3047 1047 incurvo,
3080 979 3373 1052 gratiosus
3421 977 3481 1032 in
3516 975 3701 1030 collo-

2056 1072 2217 1144 quio,
2284 1071 2550 1127 moribus
2629 1069 3083 1126 venustissimis.
3154 1070 3406 1123 Uxorem
3498 1064 3706 1121 habuit

2053 1160 2381 1225 Placillam,
2413 1177 2545 1232 quas
2585 1176 2722 1215 eum
2769 1157 3019 1214 Arcadio
3077 1161 3136 1212 et
3186 1154 3442 1210 Honorio
3472 1158 3702 1225 patrem

2054 1251 2212 1307 fecit.
2245 1250 2326 1306 Ea
2353 1255 2589 1306 mortua
2627 1248 2854 1304 Gallam
2903 1247 3091 1317 duxit,
3123 1244 3381 1300 Gratiani
3413 1258 3699 1297 sororem.

2053 1339 2485 1395 Thessalonicae
2515 1339 2737 1412 degens
2767 1352 2902 1393 cum
2950 1335 3012 1390 in
3070 1333 3341 1390 morbum
3370 1330 3700 1396 incidisset,

2054 1428 2383 1500 baptizatus
2432 1441 2519 1484 est
2577 1427 2649 1483 ab
2704 1425 2980 1483 Ascholio
3040 1423 3339 1495 episcopo.
3372 1421 3699 1490 Legemque

2055 1516 2190 1574 tulit
2207 1534 2315 1589 pro
2337 1516 2681 1574 orthodoxis
2707 1516 2780 1572 de
2805 1515 2952 1571 Filio
2976 1513 3165 1569 Patris
3186 1507 3697 1572 consubstantiali,

2056 1622 2306 1678 eamque
2327 1606 2556 1679 Cpolim
2577 1605 2895 1677 misit.Ipse
2917 1618 3154 1675 quoque
3175 1617 3243 1656 eo
3266 1615 3399 1655 cum
3422 1597 3699 1666 venisset,

2055 1695 2473 1767 DemOphilum
2504 1700 2605 1750 aut
2633 1693 2705 1750 ab
2745 1710 2944 1748 errore
2975 1691 3097 1746 Arii
3129 1690 3414 1745 desistere
3436 1692 3537 1742 aut
3563 1701 3700 1741 mox

2054 1784 2316 1841 Ecclesia
2344 1783 2631 1840 decedere
2671 1782 2872 1855 jussit.
2906 1778 3287 1851 Demophilus
3318 1774 3698 1833 multitudine

298 1869 881 1972 Κωνσταντινουπόλει
907 1958 925 1972 ς
946 1868 1255 1949 Δημοφίλῳ
1304 1868 1581 1943 ἐδήλωσεν
1639 1872 1675 1942 ἢ
1706 1872 1949 1943 ἀποστῆ-

2061 1877 2403 1933 Arianorum
2421 1873 2712 1929 conducta
2726 1871 3043 1928 conciones
3058 1872 3224 1925 extra
3238 1866 3447 1922 urbem
3468 1864 3695 1920 habuit:

292 1980 386 2014 ναι
439 1966 543 2029 τῆς
601 1959 814 2035 ’Δρείου
862 1958 1080 2032 πλάνης
1135 1960 1172 2030 ἢ
1224 1961 1439 2037 ταχέως
1484 1968 1586 2032 τῆς
1614 1961 1945 2033 Ἐκκλησίας

2061 1970 2298 2035 eratque
2357 1980 2488 2018 eum
2550 1978 2619 2018 eo
2676 1962 2906 2027 Lucius,
2964 1955 3336 2014 Alexandriae
3384 1954 3697 2027 episcopus

295 2045 549 2118 ἒξελθεῖν.
612 2049 673 2106 Ὀ
730 2045 789 2104 δὲ
839 2049 903 2104 τὸ
958 2048 1173 2119 πλῆθος
1227 2053 1338 2105 τῶν
1399 2052 1688 2126 Ἀρειανῶν
1716 2052 1943 2122 συνάζας

293 2131 401 2208 ἔξω
430 2144 529 2208 τῆς
560 2137 777 2201 πόλεως
835 2137 1212 2210 ἐκκλησίαζεν,
1266 2138 1412 2216 ἔχων
1467 2140 1557 2196 καὶ
1588 2139 1820 2197 Λούκιον
1849 2142 1941 2197 τὸν

296 2224 707 2300 ’Δ).εξανδρείας
767 2226 1064 2283 ἐπίσκοπον
1122 2229 1402 2304 Ἀρειανὸν
1468 2230 1561 2284 σὺν
1624 2229 1792 2303 αὐτῷ.
1840 2231 1946 2286 Καὶ

294 2316 442 2371 οὕτω
495 2313 688 2371 λοιπὸν
737 2317 766 2371 6
814 2317 960 2379 θεῖος
1009 2316 1329 2392 Γρηγόριος,
1382 2319 1500 2391 μεθ’
1530 2318 1607 2372 ὧν
1636 2317 1799 2380 αὐτὸς
1844 2319 1945 2387 τὴν

2052 2055 2329 2109 Arianus.
2360 2053 2446 2107 Ita
2476 2051 2716 2107 demum
2746 2050 2954 2106 beatus
2982 2046 3314 2119 Gregorius,
3337 2049 3397 2099 et
3416 2060 3565 2115 quos
3592 2042 3695 2097 ille

2055 2144 2207 2201 558
2260 2158 2411 2197 verae
2467 2140 2604 2196 ﬁdei
2662 2139 2933 2196 doctrina
2989 2136 3447 2200 illuminaverat,
3495 2131 3697 2187 omnia
3808 2126 3809 2129 “

2058 2230 2281 2303 templa
2346 2234 2717 2301 receperunt,
2786 2227 2858 2283 ab
2916 2226 3151 2282 Arianis
3206 2223 3382 2296 paulo
3448 2221 3704 2293 amplius

2054 2319 2445 2392 quadraginta
2473 2319 2646 2373 annis
2674 2322 2980 2388 occupata.

295 2401 588 2479 ὀρθόδοξον
620 2406 803 2461 πίστιν
830 2403 1082 2485 ἐφώτισε,
1113 2407 1209 2470 τὰς
1238 2404 1532 2478 ἐκκλησίας
1563 2406 1736 2469 πάσας
1792 2402 2089 2482 παρέλαϐε,
2139 2408 2535 2481 τεσσαράκοντα
2564 2403 2657 2476 ἔτη
2708 2405 2798 2459 καὶ
2843 2401 3039 2477 μικρόν
3067 2422 3121 2456 τι
3150 2399 3288 2474 πρὸς
3315 2397 3703 2471 κατασχόντων

293 2492 464 2557 αύτὲις
490 2499 600 2550 τῶν
631 2497 948 2571 Ἀρειανῶν.

371 2588 459 2658 Τῷ
505 2586 543 2639 ε’
599 2578 703 2639 ἔτει
754 2582 1045 2640 Θεοδοσίου
1103 2572 1165 2641 ἐν’
1211 2584 1522 2661 Ἀντιοχείᾳ
1549 2579 1694 2640 ἔτεκε
1725 2586 1862 2661 γυνὴ
1897 2583 1948 2640 ἐν

293 2674 482 2745 ταυτῷ
539 2670 730 2729 παιδία
784 2675 1015 2750 τέσσαρα
1068 2674 1345 2751 ἆρῥενικά·
1405 2673 1635 2746 ἐπέζησε
1664 2671 1723 2730 δὲ
1776 2678 1949 2747 μῆνας

298 2759 424 2831 δύο,
455 2762 544 2818 καὶ
572 2762 831 2819 ἀπέθανεν
853 2760 908 2819 ἓν
940 2762 1015 2819 ἐνὶ
1044 2765 1112 2820 τὰ
1138 2764 1388 2840 τέσσαρα.

373 2854 456 2926 [Ρ.
518 2854 642 2927 316]
697 2855 791 2924 Τῷ
846 2860 890 2917 ς’
946 2846 1053 2909 ἔτει
1110 2855 1145 2923 ἡ
1209 2854 1419 2929 μεγάλη
1474 2855 1563 2910 καὶ
1595 2854 1943 2928 οἷκουμενική

294 2942 429 3019 ἁγία
458 2938 680 3014 δευτέρα
735 2940 960 3003 σύνοδος
1013 2946 1123 2997 τῶν
1178 2942 1361 2999 ἑκατὸν
1417 2944 1756 3014 πεντήκοντα
1785 2943 1947 3017 ὀρθο-

296 3028 470 3101 δόξων
529 3028 837 3085 ἐπισκόπων
910 3028 963 3086 ἓν
1019 3029 1592 3088 Κωνσταντινουπόλει
1659 3031 1948 3106 συνηθροί-

299 3121 405 3189 σθη
439 3121 577 3194 πρὸς
608 3114 899 3194 βεϐαίωσιν
955 3123 1065 3174 τῶν
1118 3118 1170 3174 ἐν
1229 3119 1425 3191 Νικαίᾳ
1474 3117 1945 3195 δογματισθὲντων

293 3208 564 3265 καὶκατὰ
596 3205 934 3264 Μικεδονίου
986 3212 1084 3264 τοῦ
1140 3207 1635 3284 Πνευματομάχου”
1702 3210 1949 3286 ὑπῆρχον

299 3296 382 3403 δὲ,
416 3298 681 3403 Ἱὶιμόθεος
734 3294 1205 3403 Ἀλεξανδρείαςκ
1241 3297 1508 3361 Μελέτιος
1588 3300 1949 3378 Ἀντιοχείας,
1978 3336 2030 3403 C

298 3385 587 3463 Κύριλλος
630 3384 1060 3460 Ἱεροσολύμων,
1117 3386 1207 3442 καὶ
1264 3388 1567 3463 Γρηγόριος
1597 3389 1626 3443 6
1657 3386 1947 3464 Θεόλογος.

298 3476 780 3549 Ἀναθεματίζεται
812 3473 871 3531 δὲ
928 3473 1261 3539 Μακεδόνιος
1299 3477 1439 3532 κατὰ
1468 3482 1566 3532 τοῦ
1596 3478 1751 3553 ἁγίου
1781 3479 1950 3536 ΙΙνεύ-

305 3586 479 3638 ματος
514 3563 883 3643 βλασφημῶν,
910 3565 1001 3620 καὶ
1023 3564 1115 3620 σὺν
1144 3565 1290 3639 αύτῷ
1322 3561 1628 3630 Σαϐἑλ).ιος
1662 3567 1749 3622 καὶ
1777 3571 1950 3623 Ἀπο-

301 3653 574 3729 λινάριος,
610 3652 691 3708 ’ἐτι
722 3650 779 3708 δὲ
807 3659 1028 3728 ’Ἄρειος
1084 3654 1177 3709 καὶ
1242 3651 1499 3718 Εὐσέϐιος
1526 3657 1555 3711 6
1582 3654 1955 3729 Νικομηδείας

301 3741 553 3812 Εύζώϊός
582 3763 641 3797 τε
670 3740 761 3797 καὶ
793 3741 1068 3814 Ἀκάκιος,
1133 3745 1299 3818 Θὲογν
1312 3764 1357 3806 ις
1398 3743 1487 3799 καὶ
1537 3743 1834 3822 Εὐφρόνιος
1862 3745 1953 3800 καὶ

303 3832 361 3887 oi
420 3830 608 3887 λοιποὶ
665 3831 952 3906 αἱρετικοί,
1014 3828 1239 3908 Ἀπέχει
1299 3830 1421 3903 δὶὴ
1455 3830 1677 3909 δευτέρα
1733 3833 1954 3896 σύνοδος

302 3919 414 3976 ἀπὸ
468 3926 568 3989 τῆς
624 3921 851 3995 πρώτης
907 3915 1000 3991 ἔτη
1048 3922 1109 3994 ξ’.
1168 3920 1459 3998 Γρηγορίῳ
1491 3920 1549 3978 δὲ
1586 3926 1666 3994 τῷ
1694 3921 1955 3999 Θεολόγῳ

297 4011 403 4078 τήν
450 4009 751 4079 ἐπισκοπὴν
802 4009 1429 4074 Κωνσταντινουπόλεως
1490 4015 1525 4081 ἡ
1577 4009 1802 4074 σύνοδος
1834 4011 1955 4067 ἐκύ-

304 4118 478 4175 ρωσεν
534 4099 609 4161 ὡς
662 4097 846 4154 πολλὰ
894 4100 1129 4173 καμόντι
1176 4101 1267 4155 καὶ
1312 4106 1414 4170 τῆς
1454 4095 1645 4172 λώϐης
1675 4107 1784 4156 τῶν
1817 4101 1957 4177 αἱρὲ-

307 4206 445 4241 σεων
497 4187 598 4256 τήν
657 4184 985 4257 Ἐκκλησίαν
1042 4184 1486 4263 ἐλευθερώσαντι.
1547 4189 1712 4251 Τινὰς
1762 4187 1819 4244 δὶ
1849 4194 1957 4245 τῶν

306 4274 363 4345 ἐξ
419 4274 702 4349 Αἰγύπτου
756 4276 942 4349 μαθὼν
996 4277 1025 4331 6
1080 4277 1492 4352 μακαριώτατος
1548 4283 1628 4351 τῷ
1670 4280 1955 4355 πράγματι

308 4365 702 4441 φθονήσαντας,
770 4364 862 4419 τὸν
942 4367 1330 4441 συντακτήριον
1390 4365 1791 4440 ἐπιδειξάμενος
1860 4367 1953 4423 λό·

308 4472 409 4529 γον
441 4454 557 4526 (27)
588 4453 848 4516 ἑκουσίως
900 4458 1000 4508 τοῦ
1029 4455 1223 4526 θρόνου
1260 4461 1361 4525 τῆς
1421 4453 1703 4531 βασιλίδος
1735 4456 1958 4532 ὑπεχώ-

311 4562 467 4617 ρησε,
501 4540 597 4599 δύο
654 4543 886 4618 χρόνους
946 4545 1114 4617 μόνον
1168 4545 1373 4615 ταύτης
1427 4544 1820 4618 ἐπισκοπήσας.
1855 4554 1957 4602 Νε-

307 4633 531 4708 κταριον
568 4632 596 4687 6
649 4631 903 4709 βασιλεὺς
964 4632 1056 4688 καὶ
1112 4635 1148 4702 ἡ
1207 4631 1430 4697 σύνοδος
1488 4634 1953 4715 προχειρίζονται,

312 4715 643 4777 ἀϐάπτιστον
695 4718 800 4784 ἕως
846 4721 972 4777 τότε
1015 4723 1373 4797 τυγχάνοντα.
1426 4724 1735 4799 Προσὲθηκε
1786 4723 1844 4780 δὲ
1870 4729 1951 4798 τῷ

312 4804 583 4883 συμϐόλῳ
611 4809 702 4865 καὶ
731 4811 827 4880 νὴν
874 4809 1159 4887 θεολογίαν
1205 4815 1301 4866 τοῦ
1349 4812 1681 4887 Ιινεύματος.
1716 4813 1957 4884 Ἐξὲθετο

1982 4684 2030 4749 D

2126 2587 2340 2651 Quinto
2361 2600 2516 2639 anno
2536 2583 2768 2655 imperii
2784 2578 3175 2637 Theodosiani
3198 2575 3469 2648 quaedam
3490 2574 3707 2629 mulier

2053 2674 2381 2731 Antiochia;
2400 2690 2521 2730 uno
2543 2678 2714 2745 partu
2741 2677 2996 2743 quatuor
3020 2665 3310 2724 masculos
3342 2663 3528 2719 edidit
3552 2679 3566 2717 :
3600 2678 3703 2717 su-

2053 2763 2307 2838 pervixit
2325 2778 2561 2819 menses
2592 2762 2760 2817 duos.
2783 2761 2982 2816 Infans
3002 2774 3159 2813 unus
3179 2759 3314 2827 post
3333 2754 3516 2809 alium
3533 2751 3701 2807 obiit.

2126 2854 2301 2910 Sexto
2326 2868 2485 2907 anno
2510 2867 2790 2924 magnum
2823 2847 3153 2905 secundum
3180 2859 3414 2901 sacrum
3444 2857 3703 2897 ozcume—

2055 2943 2257 2998 nicum
2281 2941 2600 2997 concilium
2614 2939 2779 3012 Cpoli
2793 2937 3157 2994 celebratum
3172 2934 3420 2989 esta150
3432 2928 3708 2985 orthodo-

2054 3033 2146 3088 xis
2163 3029 2558 3103 episcopis,ad
2578 3026 2988 3085 confirmanda
3008 3026 3215 3080 Nicaeae
3237 3019 3445 3093 synodi
3470 3018 3707 3074 decreta

2057 3138 2127 3178 ac
2155 3126 2360 3176 contra
2389 3119 2796 3175 Macedoniam
2827 3116 3080 3188 Spiritus
3109 3111 3299 3169 sancti
3329 3110 3706 3181 impugnata—

2054 3228 2205 3267 rem.
2236 3209 2612 3264 Prml’uerunt
2636 3207 2977 3262 Timotheus
3014 3199 3405 3265 Alexandriae,
3438 3196 3707 3253 Meletius

2057 3299 2409 3367 Antiochia,
2442 3297 2695 3368 Cyrillus
2751 3294 3294 3365 Hierosolymorum
3334 3286 3614 3360 episcopi,
3648 3290 3709 3339 et

2059 3388 2371 3461 Gregorius
2401 3387 2747 3458 Theologus.
2790 3383 3057 3440 Damnati
3118 3384 3257 3436 sunt
3308 3374 3705 3439 Macedonius,

2058 3478 2238 3549 impie
2258 3477 2321 3532 in
2342 3475 2624 3547 Spiritum
2657 3479 2927 3530 sanctum
2960 3468 3708 3535 contumeliosus,cumque

2058 3583 2128 3621 eo
2159 3564 2469 3631 Sabellius,
2519 3563 2917 3635 Apolinarius,
2962 3561 3158 3625 Arius,
3210 3555 3499 3612 Eusebius
3535 3553 3708 3617 Nico-

2058 3653 2270 3709 mediaa
2296 3653 2634 3724 episcopus,
2654 3651 2969 3717 Euzonius,
2991 3648 3259 3716 Aeacius,
3278 3643 3707 3716 TheognisEu-

2059 3745 2348 3819 phronius
2392 3750 2450 3799 et
2494 3743 2712 3814 reliqui
2762 3741 3049 3798 haaretici.
3081 3737 3352 3795 Secunda
3382 3735 3642 3808 synodus
3674 3751 3710 3789 a

2060 3836 2255 3908 prima
2274 3833 2461 3889 abfuit
2480 3833 2656 3888 annis
2675 3832 3001 3903 sexaginta.
3020 3832 3102 3884 Ea
3117 3826 3392 3899 Gregorio
3413 3823 3707 3893 Theologo

2062 3924 2468 3996 episcopatum
2498 3920 2872 3992 Cpolitanum
2913 3916 3172 3973 decrevit
3222 3920 3287 3969 ut
3337 3914 3438 3983 qui
3488 3911 3707 3967 multos

2060 4014 2295 4071 labores
2316 4009 3127 4085 pertulisset,Ecclesiamque
3141 4003 3557 4060 haereticorum
3571 4000 3706 4056 labe

2061 4108 2464 4176 expurgasset.
2487 4100 2601 4157 Sed
2622 4100 2830 4156 cumis
2850 4098 3076 4154 videret
3096 4094 3384 4168 quosdam
3410 4090 3707 4165 Egyptios

2060 4193 2146 4247 rei
2172 4191 2394 4247 invidia
2420 4195 2745 4261 correptos,
2776 4185 3161 4260 pronuntiata
3187 4184 3260 4240 de
3290 4178 3705 4239 constituenda

2061 4280 2381 4337 concordia
2409 4280 2697 4346 oratione,
2718 4278 2876 4335 ultro
2899 4293 2961 4332 se
2983 4276 3132 4331 solio
3151 4274 3327 4347 regiae
3349 4272 3513 4327 urbis
3541 4268 3709 4325 abdi-

2062 4370 2232 4438 cavit,
2260 4386 2394 4426 cum
2442 4368 2753 4424 biennium
2811 4366 3219 4438 episcopatum
3249 4363 3379 4435 ejus
3407 4360 3705 4434 gessisset.

2060 4461 2202 4532 Ejus
2232 4459 2293 4514 in
2323 4458 2521 4514 locum
2550 4458 2873 4529 imperator
2919 4460 2978 4510 et
3023 4452 3344 4509 concilium
3375 4449 3709 4507 Nectarium

2062 4548 2347 4621 deligunt,
2378 4548 2646 4603 nondum
2676 4545 3055 4618 baptizatum.
3086 4544 3152 4598 In
3200 4541 3519 4599 concilium
3550 4555 3709 4610 sym-

2063 4637 2199 4693 bolo
2230 4636 2452 4709 adjecit
2480 4635 2810 4692 doctrinam
2867 4635 2940 4691 de
2996 4632 3217 4706 Spiritu
3273 4635 3477 4687 sancto
3507 4646 3521 4695 ;
3553 4627 3709 4686 654

2069 4731 2128 4781 et
2157 4742 2415 4782 canones
2445 4725 2651 4795 edidit,
2684 4724 2746 4779 in
2795 4723 3011 4795 quibus
3057 4722 3183 4779 sedi
3225 4721 3547 4793 Gpolitanae
3580 4723 3713 4789 post

2068 4815 2287 4872 solium
2316 4818 2649 4872 Romanum
2702 4815 2929 4886 primus
2988 4812 3154 4868 locus
3181 4811 3535 4883 assignatur.
3567 4808 3711 4861 Tum

1510 4941 1872 4998 XYLANDRI
1909 4943 1997 4998 ET
2034 4943 2251 4999 GOABI
2288 4942 2513 4998 NOTJE.

385 5061 496 5133 (27)
526 5061 870 5136 (irationem
902 5063 1140 5136 titulum
1171 5063 1329 5136 hunc
1358 5065 1773 5136 praeferentem
1799 5082 1960 5122 com-

316 5133 609 5211 ponendis
628 5133 1041 5211 episcoporum
1059 5134 1322 5211 dissidiis
1333 5133 1381 5211 a:
1379 5136 1656 5211 Gregorio
1666 5137 1959 5211 Theologo

315 5206 947 5278 pronuntiatamicum
991 5206 1294 5278 Xylandro
1324 5206 1593 5278 plerique
1624 5206 1956 5278 autumant,

316 5291 495 5345 quam
521 5276 732 5331 Billius
759 5277 978 5352 Observ.
1007 5275 1148 5352 siler.
1172 5295 1214 5348 ι,
1234 5280 1305 5352 22_
1325 5275 1736 5352 ἂποτοὶκτήριον
1763 5275 1960 5351 potius

317 5352 539 5427 censet,
571 5347 1414 5427 qua_nimirum_alios_valere_
1438 5350 1572 5422 quis
1593 5347 1787 5427 jubet.
1820 5351 1961 5423 Ejus

316 5419 658 5543 conjectura
680 5419 1029 5475 Damasceni
1059 5421 1336 5489 maxime,
1369 5419 1487 5478 sive
1522 5419 1783 5478 auctoris
1811 5419 1959 5494 opu-

319 5505 422 5543 scu
450 5507 464 5543 ι
525 5490 682 5543 Ouod
734 5493 939 5543 mortui
991 5494 1297 5543 viventium
1354 5494 1623 5543 beneﬁciis
1679 5494 1959 5543 iuventur-

319 5490 471 5564 sculi
525 5490 682 5564 Quod
734 5493 939 5564 mortui
991 5494 1297 5564 visentium
1354 5494 1623 5560 beneﬁciis
1667 5490 1959 5564 juveniur,

318 5561 1011 5639 ve_rbis_fulcitur,quibus
1030 5563 1297 5639 damnati
1318 5580 1352 5618 a
1356 5564 1379 5636 j
1383 5564 1537 5639 ustis
1554 5561 1807 5639 separati
1831 5566 1958 5639 θρη-

316 5635 435 5705 νεῖν
468 5632 531 5686 τὸ
583 5634 994 5705 συντακτηριον,
1028 5636 1086 5690 in
1116 5635 1315 5690 ultima
1358 5632 1957 5705 digressu—lamentari.

319 5708 372 5757 et
404 5704 476 5760 de
505 5704 704 5761 futuro
736 5704 797 5759 in
829 5704 1117 5761 aeternum
1146 5706 1394 5762 dissidio
1425 5704 1733 5779 conqueri,
1755 5709 1954 5779 perhi-

2067 5067 2303 5123 bentur.
2337 5065 2549 5137 Scribit
2577 5080 2814 5137 quoque
2844 5068 3050 5119 auctor
3086 5061 3337 5137 inferius
3366 5062 3559 5137 p_._255
3591 5077 3715 5111 συν-

2065 5139 2325 5212 τακήριον
2368 5131 2849 5212 ἐκκλῃριξῦν,’ριιο
2904 5150 2973 5190 eo
3026 5133 3335 5212 quod_est_
3376 5131 3713 5186 discessum

2068 5204 2220 5266 votis
2250 5204 2556 5280 conceptis
2572 5208 2698 5280 Deo
2729 5204 3458 5280 commendarer‘Lexicon
3488 5218 3717 5280 anony-

2069 5298 2234 5352 mum
2259 5298 2272 5335 :
2305 5270 2697 5352 Συντακτήριοι
2729 5277 2899 5352 λόγοι
2918 5276 2975 5329 οἱ
3014 5275 3065 5329 ἐν
3091 5271 3309 5352 ἐξόδοις
3358 5270 3585 5352 ἐπὶὶςιῶν
3606 5270 3715 5352 51p-

2069 5351 2282 5429 X6).to
2313 5342 2966 5429 ἀποχαιρετισμοὶ,ὀξος
3018 5348 3108 5402 καὶ
3135 5342 3167 5401 δ
3192 5342 3570 5429 τούμεγάλου
3604 5342 3717 5429 na-

2068 5417 2543 5497 τ’ρὸςᾼΓρηγορἶού
2579 5424 2685 5497 λτοῦ
2736 5418 3008 5497 Θεολόγου
3048 5417 3457 5497 συντακτήριος.
3500 5420 3719 5497 Auctor

2069 5489 2649 5552 B'ardam‘Michaelis
2697 5489 3053 5550 avunculum
3095 5491 3243 5548 mari
3274 5489 3336 5544 se
3367 5489 3717 5546 commissu-

2070 5583 2203 5622 rum
2246 5566 2428 5638 refert
2474 5565 2862 5638 συντακτήριον
2910 5561 3291 5638 ἐππλᾼηρῶσαι,
3327 5568 3465 5617 ante
3496 5561 3716 5638 disces-

2067 5652 2202 5764 Eum
2228 5636 2502 5694 videlicet
2520 5633 2855 5708 nuncupatis
2873 5640 3017 5693 votis
3037 5633 3147 5692 iter
3170 5637 3277 5691 Deo
3296 5633 3716 5689 commendasse.

2113 5724 2241 5764 om.

2113 5724 2241 5767 CAR.
