4170 6204
369 377 495 438 607

1733 374 2050 439 GEORGII
2094 376 2441 438 CEDRENI

3669 382 3791 444 608

365 518 683 581 traturum,
715 512 972 577 dimisit;
1004 527 1071 566 ac
1099 528 1217 565 non
1257 512 1445 567 multo
1485 517 1618 584 post
1666 512 1792 583 ipse
1841 509 2014 566 lacta-

2133 502 2387 579 δέσποτα,
2420 505 2737 584 δραμοῦμαι
2784 511 2875 565 καὶ
2931 512 3025 567 τὸν
3090 511 3351 587 ἀρχιερέα
3406 515 3579 569 πείσω
3630 508 3795 570 λῦσαί

367 606 463 655 tus
494 618 597 672 spe
628 601 979 656 subsecutus
1011 599 1311 655 hominem
1337 606 1443 655 est.
1470 600 1822 656 Ambrosius
1839 597 2021 653 simul

370 695 549 760 atque
581 690 857 744 Ruﬁnum
913 689 1262 761 conspexit:
1296 690 1635 760 Emularis,
1668 691 1772 756 ait,
1807 703 2020 744 canum

365 777 820 847 impudentiam,
854 776 1086 846 Ruﬁne,
1114 778 1215 849 qui
1250 783 1369 835 tam
1412 779 1678 835 scelestas
1731 770 1886 836 5’58
1917 792 2023 831 caa-

369 866 460 921 dis
492 867 688 921 socius
718 883 786 921 ac
816 883 1024 923 suasor
1051 868 1236 924 fuisti.
1270 874 1343 926 Et
1371 871 1614 941 quidem
1673 885 1780 941 ego
1826 867 2020 923 denuo

367 955 797 1025 imperatorum
825 955 1051 1012 foribus
1065 958 1270 1030 templi
1293 959 1642 1031 prohibebo.
1669 959 1801 1013 Haec
1822 956 2023 1011 audita

364 1045 639 1100 celeriter
668 1048 914 1102 Ruﬁnus
944 1046 1289 1119 imperatori
1329 1049 1643 1103 nuntiavit.
1693 1049 2024 1119 Imperator

362 1134 561 1189 media
583 1134 710 1205 jam
741 1136 832 1191 via
862 1136 1129 1191 confecta
1149 1138 1427 1192 nuntium
1457 1136 1780 1208 accipiens,
1807 1133 2019 1203 Adibo,

370 1224 584 1293 inquit,
634 1226 1002 1296 meritasque
1056 1226 1351 1298 perferam
1410 1226 1825 1282 contumelias.
1856 1225 1930 1278 Ut
1956 1223 2021 1277 in

367 1314 656 1385 templum
688 1314 868 1380 venit,
898 1315 971 1369 ab
1002 1315 1278 1387 episcopo
1336 1315 1627 1386 majorem
1658 1316 1721 1369 in
1776 1311 2020 1368 modum

369 1401 654 1475 ﬂagitavit
707 1409 771 1458 ut
814 1420 875 1458 se
908 1403 1156 1459 vinculis
1201 1404 1475 1469 solveret,
1506 1403 1855 1459 Ambrosius
1884 1417 2020 1456 vero

365 1493 744 1560 tyrannicum
777 1509 905 1549 esse
937 1493 1098 1548 hunc
1153 1493 1472 1549 adventum
1512 1498 1571 1548 et
1600 1493 2021 1564 imperatorem

365 1586 573 1637 contra
622 1584 809 1637 Deum
838 1582 1036 1637 furere
1081 1582 1250 1640 dixit.
1283 1582 1395 1637 Sed
1434 1581 1803 1637 Theodosius
1857 1571 2023 1652 gravi

244 1668 249 1679 '
355 1672 637 1726 mmstitia
665 1688 733 1727 ac
763 1672 971 1727 dolore
995 1671 1196 1727 cordis
1214 1678 1629 1744 compunctus,
1654 1668 2020 1742 respondere

358 1778 479 1816 non
510 1779 571 1817 se
603 1763 787 1818 sacris
807 1762 1135 1818 canonibus
1160 1763 1436 1819 ferociter
1452 1760 1823 1835 repugnandi
1846 1775 2025 1815 causa

358 1849 587 1917 adesse,
622 1850 727 1907 sed
760 1850 1175 1907 liberationem
1206 1852 1580 1908 vinculorum
1626 1848 2020 1922 efﬂagitandi.
2053 1870 2100 1935 Β

364 1936 767 2014 Interrogatus
798 1942 871 1998 ab
893 1943 1171 2014 episcopo
1204 1958 1383 2013 quam
1414 1947 1548 2014 post
1599 1946 1831 1996 tantum
1877 1939 2024 1994 faci-

364 2047 479 2085 nus
508 2031 985 2103 resipiscentiam
1015 2032 1804 2103 demonstrasset,quibusve
1830 2045 2023 2085 reme-

365 2120 477 2176 diis
497 2126 712 2176 sanatu
727 2121 997 2176 difficilia
1026 2122 1139 2176 ista
1168 2121 1416 2176 vulnera
1434 2120 2025 2193 procurasset,Tuum

362 2216 471 2280 est,
506 2212 723 2283 inquit,
757 2212 1192 2268 medicamenta
1216 2213 1431 2268 docere
1453 2217 1634 2283 atque
1667 2217 2022 2283 temperare,

362 2317 563 2356 meum
594 2300 887 2373 imperata
906 2301 1121 2358 facere.
1142 2302 1227 2356 Ibi
1254 2302 1496 2358 demum
1520 2302 1867 2357 Ambrosius
1896 2301 2017 2357 ait:

363 2390 653 2454 Quoniam
704 2391 765 2445 in
805 2390 1133 2463 judicando
1194 2391 1344 2446 iram
1402 2407 1466 2446 es
1523 2395 1784 2458 secutus,
1834 2389 2021 2462 legem

364 2495 523 2535 nunc
552 2496 706 2551 pone
736 2496 869 2550 qum
898 2480 1001 2535 iras
1032 2479 1269 2536 decreta
1294 2479 1683 2549 rescindat,ut
1713 2478 2020 2535 sententiae

365 2568 648 2639 capitales
682 2574 739 2624 et
769 2569 842 2624 de
890 2568 1294 2641 publicatione
1332 2568 1626 2625 bonorum
1674 2569 2018 2640 perscripta;

369 2659 814 2731 suspendantur
841 2675 949 2731 per
978 2660 1219 2731 triginta
1255 2658 1403 2726 dies,
1435 2658 1576 2714 dum
1598 2664 1759 2713 recta
1787 2657 2017 2713 ratione

368 2749 716 2804 examinata;
750 2747 1174 2819 dijudicentur.
1206 2749 1349 2802 Cum
1406 2748 1595 2819 legem
1641 2764 1768 2802 eam
1815 2746 2014 2802 statim

366 2837 618 2892 dictaret
645 2835 1007 2890 Theodosius
1038 2841 1097 2890 et
1126 2852 1235 2890 sua
1254 2852 1434 2892 manu
1456 2835 1852 2907 subscriptam
1873 2852 2015 2890 con-

364 2924 650 2992 ﬁrmaret,
690 2923 1037 2979 Ambrosius
1066 2924 1298 2980 vinculo
1329 2940 1465 2980 eum
1497 2924 1668 2980 solvit
1687 2940 2015 2996 passusque

366 3020 455 3068 est
485 3013 548 3068 in
579 3013 864 3085 templum
894 3014 1140 3071 intrare.
1171 3014 1532 3069 Theodosius
1562 3014 1865 3087 ingressus
1881 3030 2016 3086 pro-

363 3119 478 3158 nus
508 3103 570 3157 in
590 3103 992 3175 pavimentum
1023 3103 1359 3175 procubuit,
1374 3104 1607 3174 altaque
1624 3119 1763 3158 voce
1780 3103 2010 3159 clama-

2134 616 2191 650 σε
2222 600 2319 652 τοῦ
2351 594 2579 672 δεσμοῦ.
2619 600 2681 656 Ὁ
2712 597 2788 670 δὲ,
2832 597 2973 657 Οἶδα
3013 600 3140 675 ἐγω,
3172 602 3328 680 φησὶ,
3380 604 3481 673 τὴν
3541 598 3794 679 Ἀμϐρο-

2133 683 2252 740 σίου
2312 681 2614 763 ἀκρίϐειαν.
2668 690 2817 747 Ἐπεὶ
2879 686 2938 745 δὲ
2991 688 3211 746 πλείοσι
3265 689 3456 766 λόγοις
3489 697 3791 767 χρησάμε-

2128 794 2218 836 νος
2272 774 2301 830 6
2359 780 2644 857 Ῥουφῖνος
2697 779 2903 834 πείθειν
2976 778 3271 854 ὑπέσχετο,
3339 779 3593 837 ἀπελθεῖν
3678 781 3799 837 ἐκέ-

2134 862 2312 922 λευσε.
2371 867 2454 940 Τῇ
2512 864 2696 923 ἐλπίδι
2754 864 2812 922 δὲ
2873 867 3236 942 βουκοληθεὶς
3293 868 3646 942 ἠκολούθησε
3699 871 3795 925 καὶ

2131 951 2294 1015 αὐτὸς
2344 956 2462 1028 μετ’
2527 953 2740 1031 ὀλίγον.
2800 956 3005 1013 Αὐτίκα
3058 959 3238 1013 τοίνυν
3297 955 3429 1014 ίδὼν
3485 960 3578 1014 τὸν
3629 960 3790 1014 Ῥου-

2131 1049 2285 1121 φῖνον
2345 1039 2681 1121 Ἀμϐρόσιος
2736 1044 2864 1125 ’ἐφη-
2941 1048 3055 1116 Τήν
3110 1052 3283 1103 κυνῶν
3359 1047 3654 1119 ἀναίδειαν,
3737 1049 3785 1102 ὦ

2129 1135 2400 1212 Ῥουφῖνε,
2489 1135 2705 1208 ζηλοῖς,
2758 1138 3029 1209 τόσαύτης
3099 1138 3409 1215 μιαιφονίας
3494 1139 3789 1217 γενόμενος

2134 1222 2373 1299 μέτοχός
2430 1245 2489 1280 τε
2540 1226 2631 1281 καὶ
2690 1221 3029 1300 σύμϐουλος.
3096 1225 3259 1285 Ἀλλ’
3315 1227 3425 1304 ἐγὼ
3478 1229 3569 1283 καὶ
3625 1226 3795 1283 πάλιν

2130 1309 2289 1368 αὺτὸν
2318 1313 2555 1369 κωλύσω
2583 1320 2690 1371 τῶν
2722 1316 2882 1391 ἰερῶν
2929 1311 3183 1386 ἐπιϐῆναι
3240 1317 3556 1392 προθύρων.
3605 1319 3793 1374 Ταῦτα

2130 1400 2660 1480 ἀκοῦσαςῬουφῖνος
2717 1401 2966 1475 ἐδήλωσε
3014 1409 3096 1477 τῷ
3150 1403 3373 1480 βασιλεῖ
3428 1406 3673 1481 ταχέως.
3726 1405 3792 1462 Ὁ

2131 1486 2189 1545 δὲ
2248 1489 2504 1566 βασιλεὺς
2555 1494 2691 1548 κατὰ
2749 1494 2917 1567 μέσην
2974 1497 3135 1550 τοῦτο
3223 1495 3431 1568 μαθών·
3503 1493 3782 1564 ’Δπέλθω,

2131 1580 2286 1654 φησὶ,
2317 1581 2408 1636 καὶ
2436 1582 2531 1644 τὰς
2564 1580 2772 1644 δικαίας
2829 1580 3052 1656 δέξομαι
3116 1582 3425 1658 παροινίας.
3485 1583 3626 1642 Εἶτα
3680 1603 3788 1638 πα-

2130 1671 2491 1745 ραγενόμενος
2522 1671 2597 1734 εἰς
2618 1678 2718 1741 τήν
2751 1670 3046 1743 ἐκκλησίαν
3100 1669 3370 1729 ἐδυσώπει
3425 1673 3521 1729 τὸν
3579 1672 3779 1748 ἀρχιε-

2132 1754 2226 1832 ρέα
2281 1757 2512 1830 λυθῆναι
2574 1764 2673 1816 τοῦ
2752 1758 2974 1835 δεσμοῦ.
3037 1762 3135 1819 Καὶ
3212 1764 3241 1817 6
3300 1763 3397 1835 μὲν
3457 1762 3788 1838 τυραννικήν

2129 1846 2389 1904 ἀπεκάλει
2419 1851 2518 1920 τὴν
2550 1849 2869 1926 παρουσίαν,
2926 1852 3016 1906 καὶ
3072 1855 3207 1907 κατὰ
3255 1855 3389 1907 Θεοῦ
3451 1850 3787 1925 μεμηνέναι⁶

2135 1937 2163 1991 ὁ
2196 1934 2253 1992 δὲ
2312 1938 2446 2012 μετὰ
2501 1940 2956 2016 σκυθρωπότητπ
3015 1939 3106 1995 καὶ
3146 1939 3369 2006 πολλῆς
3423 1939 3787 2013 κατανύξεως,

2134 2027 2211 2084 Οὐ
2269 2030 2688 2102 θρασυνόμενος,
2752 2026 2881 2107 ἔφη,
2935 2029 3071 2085 κατὰ
3133 2035 3239 2085 τῶν
3291 2031 3462 2106 ἁγίων
3514 2029 3781 2097 κανόνων,

2132 2114 2281 2172 ἀλλὰ
2309 2115 2467 2174 λῦσαί
2508 2139 2576 2191 με
2614 2123 2722 2173 τῶν
2778 2115 2990 2192 δεσμῶν
3045 2118 3289 2190 ἀξιώσων
3348 2117 3613 2190 ἐλήλυθα.
3674 2116 3774 2174 Καὶ

2130 2206 2312 2279 ποίαν,
2340 2210 2422 2281 [Ρ.
2455 2211 2580 2282 319]
2614 2208 2768 2286 φησὶ,
2826 2210 3107 2283 μετάνοιαν
3164 2207 3367 2281 ἔδειξας
3424 2209 3557 2283 μετᾶ
3610 2228 3781 2283 παρα-

2129 2296 2322 2370 νομίαν
2347 2297 2615 2369 τοσαύτην
2650 2317 2663 2368 ;
2694 2295 2731 2368 ἤ
2761 2300 2946 2361 ποίοις
2999 2297 3310 2376 φαρμάκοις
3369 2297 3535 2368 ἀξίως
3591 2295 3780 2371 iaspi-

2128 2404 2327 2447 πευσας
2357 2385 2425 2439 τὰ
2465 2382 2687 2441 δυσίατα
2722 2387 3007 2460 τραύματα
3036 2403 3053 2456 ;
3084 2386 3189 2442 Καὶ
3248 2385 3277 2440 6
3340 2382 3618 2461 βασιλεύς
3680 2385 3782 2440 Σὸν

2128 2468 2283 2549 ἔργον
2337 2471 2449 2528 ἐστὶ
2505 2474 2569 2530 τὸ
2629 2471 2797 2545 δεῖξαι
2854 2476 2948 2548 μὶν
3002 2475 3090 2530 καὶ
3123 2476 3343 2551 κεράσαι
3397 2474 3465 2530 τὰ
3499 2472 3778 2551 φάρμακα,

2128 2560 2260 2635 ἐμὸν
2293 2559 2351 2618 δὲ
2386 2563 2450 2618 τὸ
2480 2560 2746 2634 δέξασθαι.
2778 2564 2916 2621 Τότε
2967 2564 3164 2620 λοιπὸν
3215 2558 3552 2637 Ἀμόρόσιος
3610 2562 3776 2639 λέγει·

2124 2649 2351 2722 Ἐπειδὴ
2407 2657 2489 2725 τῷ
2547 2656 2704 2726 θυμῷ
2757 2653 2821 2707 τὸ
2880 2650 3114 2723 δικάζειν
3172 2650 3504 2728 ἐπιτρέπεις,
3562 2653 3773 2727 γράψον

2123 2740 2293 2814 νόμον
2319 2745 2416 2797 τοῦ
2469 2745 2644 2815 θυμοῦ
2706 2742 2802 2805 τὰς
2860 2743 3078 2817 ψήφους
3127 2742 3300 2818 ἀργὰς
3355 2745 3639 2810 ποιοῦντα,
3686 2739 3775 2795 καὶ

2124 2830 2335 2904 ἡμέρας
2366 2828 2413 2885 λ’
2444 2831 2501 2885 αἱ
2529 2831 2752 2909 φονικαί
2805 2851 2864 2886 τε
2925 2832 3016 2885 καὶ
3073 2828 3399 2903 δημευτικαὶ
3460 2830 3773 2903 μενέτωσαν

2121 2919 2346 2993 γνώσεις
2415 2917 2468 2973 ἐν
2515 2919 2827 2995 γράμμασι,
2909 2922 3010 2990 τὴν
3066 2923 3164 2975 τοῦ
3244 2920 3408 2995 ὀρθοῦ
3493 2918 3770 2994 λογισμοῦ

2121 3004 2478 3081 ἐκδεχόμεναι
2508 3007 2704 3084 κρίσιν.
2737 3010 2833 3065 ⁸⁸ον
2879 3007 3040 3073 εὐθὺς
3094 3012 3191 3064 τοῦ
3249 3006 3523 3084 βασιλέως
3581 3005 3770 3064 κελεύ-

2120 3122 2311 3164 σαντος
2337 3108 2611 3179 γραφῆναι
2640 3100 2731 3157 καὶ
2761 3099 2850 3157 διὰ
2874 3105 2977 3168 τῆς
3033 3101 3235 3167 οἰκείας
3293 3103 3480 3178 χειρὸς
3522 3096 3763 3177 βεϐαιώ-

366 3192 450 3247 vit
477 3208 491 3247 :
523 3193 735 3249 Anima
762 3209 896 3248 mea
921 3192 1047 3248 solo
1098 3192 1278 3248 afﬁxa
1325 3197 1450 3248 est:
1482 3192 1710 3248 viviﬁca
1748 3208 1868 3262 me,
1897 3194 2012 3247 Do-

2124 3210 2339 3259 σαντος,
2388 3186 2605 3245 διέλυσε
2657 3189 2749 3246 τὸν
2805 3188 3003 3264 δεσμὸν
3062 3185 3395 3265 Ἀμόρόσιος
3449 3191 3537 3246 καὶ
3597 3189 3771 3246 εἰσελ-

366 3282 549 3348 mine,
570 3282 900 3338 secundum
931 3282 1174 3337 verbum
1203 3288 1371 3337 tuum
1401 3281 1443 3337 ⁴.
1478 3281 1745 3337 Manibus
1776 3298 2013 3353 quoque

365 3372 562 3427 crines
592 3372 802 3442 capitis
833 3371 1052 3440 evellit,
1078 3371 1290 3426 faciem
1306 3370 1485 3439 feriit,
1500 3377 1719 3426 terram
1736 3371 2017 3443 lacrymis

361 3460 741 3526 humectavit,
774 3461 928 3518 559
956 3477 1146 3532 usque
1159 3461 1232 3516 ad
1257 3460 1465 3515 horam
1491 3460 1809 3516 oblationis
1830 3462 2016 3516 Deum

362 3548 712 3619 deprecans.
744 3550 906 3604 Tunc
922 3536 1184 3621 surgens
1215 3554 1273 3605 et
1318 3550 1393 3605 ad
1423 3548 1722 3605 cancellos
1749 3565 2015 3621 progres-

372 3654 473 3693 sus
503 3653 638 3692 cum
668 3638 890 3694 intrare
908 3638 1182 3709 vellet,ab
1204 3638 1516 3695 Ambrosio
1546 3643 1636 3695 est
1657 3639 2013 3710 prohibitus,

369 3727 451 3782 ita
475 3732 749 3782 monente
772 3744 786 3782 :
821 3727 1643 3800 Scias,imperator,interiora
1662 3728 1807 3784 solis
1820 3745 2017 3785 sacer-

369 3815 608 3871 dotibus
632 3816 797 3872 adire
827 3815 916 3872 fas
945 3833 1106 3873 esse:
1139 3834 1174 3873 a
1200 3816 1451 3888 reliquis
1467 3817 1770 3887 quibusvis
1783 3816 2014 3872 eaadiri

366 3911 471 3962 aut
500 3906 658 3979 tangi
688 3905 898 3977 religio
929 3911 1038 3962 est.
1063 3906 1166 3961 Exi
1198 3906 1398 3978 igitur,
1431 3911 1491 3962 et
1517 3905 1673 3961 inter
1693 3905 1843 3961 alios
1862 3910 2010 3961 asta.

366 4000 633 4069 Purpura
662 3998 823 4054 enim
845 4014 966 4053 non
978 3997 1292 4069 pontiﬁces
1304 3997 1577 4064 facit,sed
1598 3997 2010 4069 imperatores.

362 4088 481 4142 Hoc
507 4104 744 4159 quoque
773 4104 944 4158 inquo
967 4087 1167 4142 animo
1194 4086 1333 4141 tulit
1360 4086 1722 4141 Theodosius
1748 4086 2009 4154 ;docuit—

361 4193 477 4247 que
507 4192 569 4231 se
594 4193 717 4231 non
733 4176 1013 4247 superbia
1030 4175 1352 4231 adductum
1374 4175 1598 4230 intrare
1628 4174 2009 4243 voluisse,sed

365 4266 505 4337 quia
541 4266 702 4322 hunc
722 4282 949 4321 morem
978 4264 1145 4336 Cpoli
1191 4264 1518 4331 didicisset,
1568 4264 1802 4337 egitque
1832 4265 2012 4339 hujus

363 4369 599 4423 quoque
654 4353 1038 4408 correctionis
1084 4352 1329 4408 nomine
1410 4352 1627 4425 gratias
1680 4353 2009 4409 Ambrosio.

362 4443 548 4497 Tanta
578 4446 637 4496 et
665 4442 988 4514 imperator
1016 4446 1077 4497 et
1117 4442 1431 4513 episcopus
1480 4441 1695 4497 virtute
1748 4442 2011 4498 illustres

360 4530 620 4586 fuerunt.
654 4532 805 4597 Quin
837 4530 1015 4586 etiam
1061 4530 1269 4602 Cpolin
1307 4546 1599 4597 reversus,
1644 4531 1896 4587 solemni
1926 4548 2013 4588 sa'

358 4619 584 4674 oriﬁcio
612 4635 749 4675 cum
780 4619 843 4675 in
870 4635 1037 4675 sacra
1056 4635 1268 4674 mensa
1308 4634 1527 4673 munus
1554 4634 1727 4674 suum
1755 4619 2001 4675 obtulis-

357 4715 466 4775 set,
499 4709 699 4765 statim
731 4709 907 4764 exivit
924 4708 1204 4764 sacrario.
1236 4708 1306 4762 Et
1334 4723 1469 4763 cum
1500 4723 1535 4763 a
1569 4708 1862 4775 Nectario,
1895 4708 1997 4779 qui

356 4804 484 4854 tum
514 4798 850 4870 patriarcha
880 4802 1026 4866 erat,
1080 4813 1319 4852 causam
1348 4796 1487 4852 lacti
1518 4802 1857 4869 rogaretur:
1894 4797 1999 4852 Vix

2125 3282 2233 3334 θεῖν
2309 3278 2467 3334 αὐτὸν
2571 3278 2624 3335 ἐν
2703 3283 2773 3353 τῇ
2849 3279 3113 3352 ἐκκλησίᾳ
3164 3278 3485 3357 ἐπέτρεψεν.
3578 3281 3638 3338 Ὀ
3716 3276 3773 3333 δὲ

2123 3368 2406 3438 εἰσελθὼν,
2463 3370 2676 3445 πρηνὴς
2722 3369 2808 3426 ἐπ’
2867 3368 3098 3450 ἰδάφους
3164 3372 3362 3439 πεσὼν,
3438 3365 3569 3426 ἐϐόα
3635 3370 3773 3444 μετά

2121 3465 2383 3534 κραυγῆς·
2420 3457 2731 3531 Ἐκολλήθη
2759 3464 2839 3531 τῷ
2866 3456 3048 3537 ἐδάφει
3097 3462 3132 3530 ἡ
3188 3462 3344 3535 ψυχή
3406 3480 3531 3534 μου”
3603 3459 3769 3530 ζῆσόν

2126 3569 2194 3622 με
2221 3547 2357 3603 κατὰ
2382 3548 2471 3602 τὸν
2497 3545 2664 3623 λόγον
2720 3569 2840 3618 σου,
2897 3549 3074 3625 Κύριε.
3134 3549 3235 3606 Καὶ
3286 3554 3407 3612 ταῖς
3458 3548 3618 3625 χερσὶ
3674 3549 3772 3612 τὰς

2119 3635 2317 3716 τρίχας
2370 3644 2473 3708 τῆς
2521 3635 2762 3716 κεφαλῆς
2821 3630 3026 3707 ἔτιλλε,
3080 3639 3179 3700 τὰς
3217 3636 3369 3711 ὄψεις
3407 3632 3619 3709 ἔτυπτε,
3676 3637 3767 3692 καὶ

2119 3729 2218 3796 τήν
2246 3734 2349 3802 γῆν
2380 3732 2497 3790 τοῖς
2551 3724 2805 3800 δάκρυσιν
2873 3722 3089 3804 ἔϐρεχε,
3144 3729 3237 3783 καὶ
3287 3729 3381 3784 τὸν
3433 3729 3564 3784 Θεὸν
3621 3726 3771 3783 ἐδυσ-

2120 3817 2257 3872 ώπει
2286 3814 2419 3891 ἃχρι
2457 3822 2557 3886 τῆς
2585 3814 2732 3891 ὥρας
2784 3822 2887 3886 τῆς
2929 3814 3310 3892 μεταλήψεως.
3367 3817 3504 3874 Τότε
3558 3814 3614 3872 δὲ
3671 3813 3762 3871 δι-

2121 3905 2348 3969 αναστὰς
2404 3905 2493 3961 καὶ
2549 3902 2949 3974 πλησίον’τῶν
3007 3902 3309 3983 κιγκλίδων
3403 3908 3513 3979 (29)
3578 3903 3752 3960 ἐλθὼν

2125 3994 2465 4072 βουλόμενος
2520 3992 2801 4063 εἰσελθεῖν,
2858 3991 3110 4065 ἐκωλύθη
3167 3995 3314 4070 παρὰ
3368 3992 3467 4050 τοῦ
3523 3989 3761 4070 Ἀμϐροο

2119 4083 2262 4154 σίου,
2292 4080 2641 4154 δηλώσαντος
2671 4081 2836 4157 αὒτῴ⁶
2871 4084 3031 4153 Ἰσθι,
3063 4083 3109 4138 ὧ
3160 4082 3409 4160 βασιλεῦ,
3441 4084 3516 4146 ὡς
3584 4084 3769 4156 μόνοι,

2117 4179 2234 4235 τοῖς
2256 4174 2487 4248 ἱερεῦσιν
2548 4172 2856 4248 ὑπάρχουσι
2907 4173 2972 4228 τὰ
3028 4167 3178 4228 ἔνδον
3234 4172 3497 4244 εἷσιτητὰ,
3552 4177 3670 4233 τοῖς
3724 4169 3772 4227 δ’

2120 4259 2315 4324 ἃλλοις
2355 4265 2515 4315 πᾶσιν
2573 4256 2747 4316 ἃϐατά
2799 4281 2859 4317 τε
2908 4262 2998 4317 καὶ
3056 4259 3319 4336 ἄψαυστα.
3376 4264 3548 4335 ’Ἕξιθι
3584 4262 3766 4317 τοίνυν

2116 4350 2207 4407 καὶ
2234 4355 2352 4413 τοῖς
2377 4348 2569 4412 ἄλλοις
2599 4350 2848 4406 κοινώνει
2877 4357 2978 4421 τῆς
3033 4352 3291 4413 στάσεωςο
3351 4349 3614 4427 ἁλουργὶς
3662 4353 3765 4425 γὰρ

2120 4439 2392 4517 βασιλεῖς,
2424 4439 2533 4515 οὐχ
2563 4441 2727 4514 ἱερεῖς
2757 4446 2933 4497 ποιεῖν
2990 4439 3202 4505 εἴωθεν.
3261 4443 3324 4500 '0
3377 4440 3433 4496 δὲ
3476 4442 3759 4497 καὶτοῦτο

2119 4528 2400 4603 δεξάμενος
2460 4528 2706 4602 ἀσμένως
2757 4526 3152 4601 ἀντεδήλωσεν,
3211 4531 3288 4594 ὡς
3334 4531 3452 4588 Οὐκ
3506 4528 3759 4601 αὐθαδείᾳ

2107 4619 2398 4695 χρώμενος
2427 4622 2593 4673 τοῦτο
2622 4619 2919 4688 πεποίηκα,
2961 4617 3090 4674 ἀλλ’
3145 4617 3199 4674 ἐν
3256 4618 3760 4677 Κωνσταντινουπό-

2106 4707 2190 4763 λει
2246 4709 2310 4763 τὸ
2368 4702 2486 4770 ἔθος
2554 4708 2692 4763 εἶναι
2746 4711 2907 4763 τοῦτο
2967 4707 3277 4782 μεμάθηκα.
3330 4708 3497 4783 Χάριν
3557 4705 3614 4764 δέ
3668 4729 3752 4764 σοι

2106 4795 2314 4875 ὀφείλω
2371 4798 2459 4852 καὶ
2516 4793 2680 4864 τῆσδε
2735 4802 2836 4865 τῆς
2903 4796 3163 4869 ἰατρείας.
3230 4796 3483 4870 Τοσαύτη
3538 4793 3605 4867 δὴ
3660 4797 3752 4851 καὶ

353 4887 841 4959 tandem,inquit,
855 4886 1177 4942 discrimen
1199 4886 1574 4957 imperatoris
1596 4891 1654 4940 et
1674 4885 1997 4942 sacerdotis

2123 4884 2411 4960 τηλικαύτῃ
2453 4881 2757 4957 διέλαμπον
2787 4884 2956 4959 ἀρετῇ
3011 4883 3042 4938 6'
3096 4905 3155 4939 τε
3203 4884 3491 4963 ἀρχιερεὺς
3547 4884 3637 4939 καὶ
3720 4887 3749 4939 ὁ

356 4977 559 5034 didici.
618 4977 871 5033 Unicum
924 4976 1085 5031 enim
1132 4974 1512 5030 Ambrosium
1541 4974 1701 5040 novi,
1732 4975 1835 5045 qui
1880 4976 1999 5046 epi-

354 5067 519 5138 scopi
559 5082 781 5122 nomen
812 5065 1025 5120 merito
1057 5080 1164 5119 suo
1216 5069 1381 5135 gerat
1413 5079 1426 5117 :
1462 5068 1691 5118 tantum
1724 5064 1998 5121 utilitatis

353 5157 583 5212 confert
611 5155 965 5228 objurgatio,
995 5154 1069 5210 ab
1100 5153 1341 5210 homine
1372 5153 1583 5208 virtute
1612 5154 1831 5227 insigni
1862 5172 1994 5227 pro-

348 5244 524 5301 fecta.

2110 4974 2383 5050 βασιλεύς.
2426 4971 2764 5031 Ἐπανελθὼν
2796 4969 2854 5027 δὲ
2909 4974 2938 5028 ὁ
2994 4971 3250 5048 βασιλεὺς
3303 4971 3357 5028 ἐν
3406 4977 3751 5031 Κωνσταντιη

2106 5064 2391 5127 νουπόλει.
2418 5062 2508 5118 καὶ
2542 5064 2736 5137 ἑορτῆς
2791 5062 3115 5136 γενομένης,
3146 5062 3237 5117 καὶ
3282 5061 3336 5117 έν
3365 5066 3434 5137 τῇ
3474 5063 3593 5139 ἱερᾷ
3621 5083 3756 5140 τρα-

2106 5153 2242 5228 πέζῃ
2275 5153 2342 5208 τὰ
2375 5150 2525 5226 δώρα
2548 5149 2922 5226 προσενεγκὼν
2962 5150 3120 5215 εὐθὺς
3160 5148 3506 5223 ἐξελήλυθεν,
3541 5158 3752 5208 Νεκτα-

2109 5241 2229 5318 ρίου
2288 5239 2347 5296 δὲ
2420 5245 2518 5296 τοῦ
2588 5244 2885 5311 τηνικαῦτα
2965 5240 3312 5315 πατριάρχου
3370 5236 3752 5311 δεδηλωκότος

354 5338 540 5407 μαθεῖν
570 5334 669 5402 τὴν
688 5334 891 5401 αἰτίαν,
924 5333 1117 5409 Μόγις,
1148 5328 1274 5409 ἔφη,
1307 5328 1581 5401 βασιλέως
1611 5332 1700 5387 καὶ
1730 5331 1921 5407 ἱερέως
1953 5330 2215 5410 διαφορὰν
2246 5329 2563 5406 ἐδιδάχθηνο
2621 5325 2953 5406 ’Λμϐρόσιον
3012 5330 3117 5405 γὰρ
3175 5327 3299 5386 οἶδα
3362 5331 3528 5405 μόνον
3584 5331 3753 5402 ἀξίως

347 5421 640 5479 ἐπίσκοπον
667 5422 1028 5496 καλούμενον.
1064 5425 1340 5480 Τοσοῦτον
1372 5419 1611 5491 ὀνίνησιν
1643 5418 1880 5497 ἔλεγχος
1909 5423 2054 5498 παρὰ
2085 5418 2279 5495 ἀνδρὸς
2308 5420 2472 5495 ἀρετῇ
2506 5419 2822 5492 λάμποντος
2849 5419 3320 5498 προσφερόμενος.

431 5524 453 5556 ⁸
482 5523 633 5577 Psal.
667 5537 856 5590 cxvm,
887 5526 974 5578 25.

1554 5592 1918 5648 XYLANDRI
1959 5593 2041 5647 ET
2079 5591 2295 5647 GOARI
2336 5590 2556 5646 NOTAE.

415 5687 528 5758 (29)
547 5689 730 5745 Juxta
768 5686 1036 5758 cancellos
1067 5682 1354 5758 populum
1381 5682 1630 5758 a_sacris_
1649 5680 2058 5758 penetralibus
2081 5684 2381 5758 arcentes,
2413 5679 2485 5735 de
2519 5679 2733 5751 quibus
2789 5679 3038 5736 Allatius
3099 5678 3171 5735 de
3230 5680 3495 5752 templis,
3528 5688 3587 5738 et
3633 5699 3746 5740 nos

349 5750 585 5829 quoque
612 5758 908 5814 nonnulla
937 5750 1094 5811 circa
1121 5750 1546 5824 Euchologium
1577 5750 2036 5806 observavimus.
2072 5751 2247 5808 Goan.
