4170 6204
359 335 481 395 609
1498 325 2028 389 HISTORIARUM

2136 325 2233 389 ΟΜ
2244 331 2617 395 PENDIUM.
3652 340 3776 399 610

435 465 579 539 Εἶχε
627 460 687 516 δὲ
730 460 821 516 καὶ
880 457 1058 531 ἄλλην
1112 458 1370 537 ἀφορμὴν
1449 456 1480 512 6
1555 455 1812 533 βασιλεὺς
1872 457 2012 543 ὡᾼφε-

2200 462 2465 521 Habebat
2484 482 2661 538 porro
2693 467 3017 539 imperator
3041 468 3215 524 aliam
3230 469 3409 525 etiam
3431 471 3777 543 Opportuni-

363 552 536 615 λείας·
595 554 631 621 ἡ
684 553 788 625 γὰρ
840 550 1036 605 τούτου
1094 549 1347 624 σύζυγος,
1522 545 1812 603 Πλακίλλα
1893 541 2011 600 ὅνο-

369 663 467 717 μα,
497 645 606 697 τῶν
648 640 808 703 θείων
870 636 1029 694 αὐτὸν
1090 642 1333 716 συνεχῶς
1385 636 1760 711 ἀνεμίμνησκε
1808 635 2012 707 νόμων.

364 731 443 790 Ού
482 731 585 807 γὰρ
644 728 841 804 ἐπῆρεν
908 727 1076 797 αὐτὴν
1131 734 1231 798 τῆς
1283 724 1561 803 βασιλείας
1618 728 1654 795 ἡ
1713 722 2012 791 δυναστεία,

367 818 515 876 ἀλλὰ
543 825 645 888 τῆς
676 816 981 895 εὐεργεσίας
1007 817 1071 872 τὸ
1132 816 1357 890 μέγεθος
1416 820 1600 889 μεῖζον
1634 815 1699 870 τὸ
1748 814 1870 888 περὶ
1923 811 2015 867 τὸν

370 909 658 986 εὐεργέτην
717 904 995 984 εἰργάζετο
1050 906 1299 985 φίλτρον.
1358 908 1480 964 Τῶν
1531 907 1635 984 γὰρ
1693 898 2018 975 λελωϐημέ-

368 1022 478 1054 νων
509 1000 620 1073 (30)
648 995 900 1069 ἀδελφῶν
931 995 1020 1052 καὶ
1044 1001 1151 1051 τῶν
1184 994 1371 1058 ἄλλως
1426 997 1490 1051 τὸ
1546 999 1710 1070 σῶμα
1754 1011 2015 1066 πεπηρωο

375 1089 551 1163 μένων
625 1083 975 1155 παντοδαπὴν
1032 1084 1269 1141 ἐποιεῖτο
1352 1082 1633 1162 φροντίδα,
1718 1081 2015 1158 αὐτουργὸς

366 1178 504 1247 αύτὴ
535 1177 799 1252 γινομένη
830 1175 920 1231 καὶ
952 1173 1022 1230 δι’
1070 1175 1264 1243 ἑαυτῆς
1323 1173 1585 1249 ὀρέγουσα
1639 1173 1866 1237 κύλικας
1924 1167 2015 1229 καὶ

365 1268 570 1346 τροφὰς
602 1268 972 1341 παρατιθεῖσα.
1004 1265 1143 1327 Τοὺς
1169 1265 1272 1340 γὰρ
1331 1265 1557 1335 ξενῶνας
1613 1268 1722 1319 τῶν
1773 1262 2014 1337 Ἐκκλη·

366 1362 499 1412 σιῶν
574 1359 968 1432 περινοστοῦσα
1047 1356 1130 1428 [Ρ.
1182 1356 1309 1427 3'20]
1366 1352 1494 1417 τοὺς
1548 1353 1889 1417 κλινοπετεῖς
1944 1353 2016 1411 δι’

370 1448 567 1517 εαυτῆς
619 1446 959 1521 ἐθεράπευσε·
1007 1444 1099 1500 καὶ
1180 1444 1281 1500 ὃσα
1331 1444 1555 1501 οἰκετῶν
1608 1446 1699 1502 καὶ
1758 1458 2014 1523 θεραπαιο

373 1535 539 1592 νίδων
596 1535 731 1613 ἔργα
793 1537 1122 1608 νενόμισται,
1173 1536 1343 1605 αὐτὴν
1400 1533 1724 1610 ἐξεπλήρου.
1779 1538 1881 1595 Καὶ
1935 1542 2015 1610 τῷ

370 1626 608 1701 όμόζυγι
648 1623 705 1681 δὶ
732 1625 823 1681 καὶ
860 1622 1078 1700 βασιλεῖ
1107 1629 1354 1703 συνεχῶς
1382 1622 1654 1702 ἐπέλεγεν·
1693 1625 1806 1683 Ἀεί
1865 1648 1942 1696 σε,
1970 1628 2015 1681 ὦ

367 1712 514 1788 ἄνερ,
549 1715 813 1789 προσήκει
839 1712 1153 1788 λογίζεσθαι
1181 1711 1265 1774 τίς
1327 1713 1420 1786 μὶν
1479 1715 1639 1784 ἦσθα,
1676 1714 1759 1776 τίς
1819 1713 1877 1770 δὲ
1929 1716 2016 1791 γέ.

2128 552 2312 606 tatem
2338 569 2353 606 :
2384 570 2538 610 uxor
2566 556 2725 611 enim
2756 556 2992 614 Placilla
3020 558 3254 614 assidue
3284 558 3616 615 divinarum
3638 577 3775 615 eum

2128 635 2487 697 admonebat
2515 643 2732 716 legum.
2765 647 2891 701 Non
2923 662 2993 703 ea
3020 646 3094 701 ob
3136 646 3374 718 imperii
3401 648 3776 719 majestatem

2128 727 2330 783 animo
2361 732 2846 801 efferebatur,sed
2874 735 3506 809 beneﬁciimagnitudo
3523 736 3777 792 faciebat

2129 820 2195 869 ut
2222 820 2387 873 tanto
2410 819 2739 893 impensius
2791 824 3233 880 benefactorem
3264 824 3555 896 diligeret.
3608 826 3777 879 Chri-

2131 903 2354 962 stianos
2382 907 2593 965 fratres
2625 912 2726 981 qui
2757 912 2979 968 morbis
3008 913 3241 969 tractati
3273 914 3429 970 560
3459 919 3563 969 aut
3589 930 3777 969 mem~

2128 992 2251 1049 bris
2271 998 2529 1054 mutilati
2552 999 2951 1074 fuerant,ipsa
2977 1002 3141 1058 omni
3170 1002 3366 1058 studio
3396 1003 3659 1071 curabat,
3679 1021 3777 1058 ca-

2128 1081 2273 1137 lices
2294 1085 2379 1141 eis
2407 1089 2530 1143 suis
2545 1090 2819 1146 manibus
2844 1092 3150 1163 porrigens
3180 1097 3239 1147 et
3266 1091 3430 1147 cibos
3450 1109 3777 1164 apponens.

2128 1169 2462 1242 Hospitales
2492 1177 2673 1233 etiam
2710 1178 3101 1234 Ecclesiarum
3133 1178 3342 1235 domos
3394 1180 3654 1236 invisens
3686 1181 3783 1236 de-

2121 1263 2547 1323 cumbentibus
2558 1267 3148 1340 ministrabat,eaque
3161 1268 3364 1324 obibat
3384 1285 3629 1325 munera
3646 1287 3777 1340 quae

2125 1373 2429 1415 servorum
2483 1362 2586 1412 aut
2640 1356 2993 1413 ancillarum
3070 1357 3384 1413 habentur.
3444 1357 3780 1415 lnculcabat

2125 1448 2454 1504 identidem
2486 1448 2612 1503 haac
2640 1447 2855 1503 marito
2879 1464 2985 1504 suo
3010 1463 3024 1505 :
3059 1448 3301 1518 Semper
3331 1452 3409 1513 te,
3440 1448 3521 1502 mi
3552 1446 3656 1519 vir,
3685 1465 3778 1501 re-

2126 1545 2334 1611 putare
2367 1539 2645 1594 convenit
2675 1539 2809 1610 quis
2835 1538 3022 1593 fueris
3052 1543 3113 1594 et
3140 1537 3285 1610 quid
3316 1538 3509 1594 factus
3543 1538 3645 1593 sis.
3674 1540 3785 1594 Gu-

2125 1629 2312 1684 berna
2342 1644 2478 1701 ergo
2512 1628 2832 1700 imperium
2866 1628 2978 1683 hoc
3000 1627 3303 1701 legitime:
3337 1627 3422 1683 sic
3452 1626 3779 1683 honorabis

2127 1734 2264 1774 eum
2297 1718 2400 1789 qui
2423 1716 2606 1773 dedit.
2641 1718 2803 1773 Hanc
2858 1717 3021 1772 omni
3055 1716 3445 1772 admiratione
3497 1722 3558 1771 et
3607 1716 3781 1771 laude

369 1824 535 1880 γονας
591 1808 708 1861 νῦν.
767 1797 1109 1879 Κυϐἑρνησον
1169 1802 1262 1857 οὗν
1316 1804 1420 1872 τήν
1480 1803 1761 1877 βασιλείαν
1813 1804 2013 1876 ταύτην

2136 1806 2370 1878 dignam
2403 1806 2843 1877 imperatricem
2874 1806 3122 1879 contigit
3140 1811 3278 1861 ante
3300 1805 3583 1861 maritum
3604 1821 3675 1860 ex
3702 1805 3786 1859 vi-

371 1893 643 1967 ὲννόμως,
674 1893 762 1948 καὶ
797 1893 941 1947 οὓτω
999 1890 1343 1967 θεραπεύσεις
1396 1892 1486 1947 τὸν
1548 1889 1845 1951 δεδωκότα.
1885 1892 2026 1950 Ταύο

372 2003 474 2054 την
503 1984 604 2052 τὴν
648 1981 947 2055 θαυμασίαν
980 1980 1068 2035 καὶ
1119 1978 1289 2043 ὅντως
1345 1979 1650 2050 ἀξιέπαινον
1709 1980 2026 2057 βασίλισσαν

375 2067 574 2143 συνέϐη
633 2071 741 2146 πρὸ
803 2075 900 2125 τοῦ
958 2066 1150 2144 ἀνδρὸς
1203 2065 1530 2128 ἀποϐιῶναι.
1588 2072 1739 2130 Merci
1790 2092 1913 2127 τινα
1968 2069 2027 2128 δὲ

380 2160 580 2237 χρόνον
641 2160 744 2215 ὑπὸ
796 2163 906 2214 τῶν
975 2164 1214 2235 συνεχῶν
1271 2156 1533 2233 πολέμων
1586 2161 1912 2236 βιαζόμενος
1997 2162 2027 2216 6

382 2248 637 2326 βασιλεὺς
698 2248 950 2328 εἰσφοράν
1009 2268 1132 2303 τινα
1181 2246 1330 2320 ξένην
1397 2254 1516 2312 ταῖς
1573 2249 1798 2306 πόλεσιν
1856 2248 2028 2306 ἐπιτέ-

377 2341 569 2394 θεικεν.
600 2338 665 2396 Ἦ
698 2335 755 2393 δὲ
813 2336 1104 2413 Ἀντιόχου
1159 2336 1322 2400 πόλις
1364 2338 1428 2394 τὸ
1477 2338 1662 2394 καινὸν
1714 2337 1873 2401 τέλος
1929 2338 2030 2394 οὐκ

380 2427 628 2503 ἤνεγκενο
690 2427 832 2502 ὀρῶν
866 2426 970 2503 γὰρ
1041 2427 1070 2481 ὁ
1127 2422 1306 2500 δῆμος
1351 2428 1480 2490 τοὺς
1534 2426 2028 2504 εἰσπραττομένους

381 2517 836 2592 τιμωρουμένους
899 2516 1081 2595 ἀρχὴν
1137 2515 1351 2589 ἀταξίας
1408 2511 1702 2591 έλάμὸανε,
1776 2518 1866 2573 καὶ
1928 2519 2028 2588 τήν

386 2604 612 2682 χαλκῆν
666 2605 848 2660 εἰκόνα
906 2611 1007 2673 τῆς
1094 2606 1457 2683 πανευφήμου
1522 2604 1846 2677 Ῑιλακίλλης
1902 2627 2033 2662 κατ-

390 2691 585 2771 ἤνεγκὲ
611 2714 669 2750 τε
698 2694 794 2749 παὶ
832 2693 978 2748 πολὺ
1023 2699 1123 2763 τῆς
1175 2693 1394 2758 πόλεως
1449 2689 1621 2769 ἔσυρε.
1653 2694 1836 2753 Ταῦτα
1863 2696 2036 2752 πυθό-

385 2804 546 2857 μενος
579 2784 608 2838 6
625 2780 880 2859 βασιλεὺς
911 2782 1001 2837 καὶ
1025 2780 1150 2837 λίαν
1172 2781 1489 2858 χαλεπήνας
1517 2782 1584 2839 τά
1610 2804 1670 2839 τε
1695 2787 1796 2850 τῆς
1817 2782 2033 2847 πόλεως

382 2873 643 2952 ἀφείλετο
696 2871 972 2948 προνόμια
1036 2872 1126 2928 καὶ
1183 2877 1251 2947 τῇ
1309 2874 1686 2949 γειτνιαζούσῃ
1728 2873 1888 2929 πόλει
1934 2876 2035 2944 τήν

384 2962 687 3039 ἡγεμονίαν
719 2958 970 3017 δέδωκεν·
1008 2959 1337 3031 ἐζηλοτύπει
1367 2963 1470 3037 γὰρ
1501 2964 1536 3032 ἡ
1587 2959 1878 3019 Λαοδίκεια
1934 2964 2034 3034 τήν

381 3052 728 3126 Ἀντιόχειαν
779 3049 999 3106 ἄνωθεν.
1058 3050 1208 3108 Μετὰ
1259 3047 1317 3105 δὲ
1371 3055 1538 3106 ταῦτα
1589 3051 1679 3107 καὶ
1736 3051 2034 3127 ἐμπρήσειν

381 3139 606 3211 ἠπείλει
662 3140 754 3196 καὶ
821 3139 897 3203 είς
954 3140 1152 3214 κώμην
1210 3140 1272 3194 τὸ
1328 3138 1457 3196 ἄστυ
1509 3143 1919 3199 κατασκευάσαι.
1963 3145 2031 3202 Οἳ

382 3228 441 3286 δέ
469 3251 534 3306 γε
564 3229 826 3306 ἃρχοντες
855 3231 947 3285 καί
974 3249 1125 3292 τινας
1155 3227 1394 3299 ἀνεῖλον,
1451 3232 1582 3307 παρ’
1632 3231 1764 3289 αὐτὸ
1820 3231 2029 3289 συλλα-

382 3315 570 3382 ϐόντες
591 3319 657 3375 τὸ
710 3319 1001 3394 τόλμημα,
1058 3319 1184 3395 πρὶν
1238 3323 1441 3394 γνῶναι
1502 3320 1595 3376 τὸν
1655 3318 1881 3396 βασιλέα
1936 3324 2035 3392 τήν

381 3405 716 3485 τραγῳδίαν.
739 3413 917 3466 Ταῦτα
969 3405 1027 3464 δὶ
1075 3409 1249 3463 πάντα
1305 3409 1333 3463 6
1393 3408 1651 3485 βασιλεὺς
1708 3410 2036 3486 προσέταττε

388 3500 511 3572 μὲν,
537 3498 638 3554 ούκ
667 3496 871 3574 ἰγίνετο
904 3495 981 3568 δὲ,
1026 3501 1125 3553 τοῦ
1186 3496 1357 3570 νόμου
1420 3496 1735 3563 κωλύοντος
1789 3501 1851 3557 ’ὀν
1899 3502 2035 3576 Ἀμ-

385 3584 611 3664 6ρόσιος
668 3589 697 3643 6
752 3587 921 3664 μέγας
987 3587 1209 3657 τεθῆναι
1282 3582 1614 3661 τπαρῄνεσεν.
1697 3586 1917 3661 Ἐπειδὴ
1979 3587 2037 3646 δὲ

389 3677 649 3758 ἀφίκοντο
680 3677 732 3733 οἱ
753 3677 850 3739 τὰς
907 3674 1137 3734 ἀπειλὰς
1195 3674 1397 3739 ἐκείνας
1452 3676 1791 3750 κομίζοντες,
1845 3678 1898 3734 ἐν
1929 3677 2035 3735 δέει

392 3767 493 3841 μὲν
523 3767 659 3837 ἦσαν
692 3767 917 3829 ἅπαντες
939 3765 1035 3828 τὰς
1081 3764 1311 3828 ἀπειλὰς
1368 3766 1713 3843 πεφρικότες,
1765 3768 1856 3823 καὶ
1886 3773 2033 3846 φυγῇ

384 3858 487 3926 τὴν
513 3856 785 3931 σωτηρίαν
841 3854 1187 3931 ἐπορίσαντο,
1241 3856 1294 3910 οἱ
1352 3852 1411 3910 δὲ
1466 3854 1519 3910 ἂν
1572 3861 1689 3918 τοῖς
1745 3852 1920 3933 ὄρεσιν
1953 3859 2035 3913 ol-

384 3949 604 4007 κοῦντες
632 3951 734 4015 τῆς
763 3944 964 4017 ἀρετῆς
1020 3943 1253 4014 ἀσκηταῖ
1301 3942 1530 4015 (πολλοὶ
1588 3942 1645 4000 δὲ
1700 3946 1835 4015 ἦσαν
1885 3947 2035 4003 οὗτοι

386 4036 475 4090 καὶ
509 4031 745 4109 ἃριστοι)
787 4033 1005 4096 πολλὰς
1057 4035 1151 4096 τὰς
1206 4034 1546 4110 παραινέσεις
1619 4035 1710 4090 καὶ
1756 4035 2038 4111 παρακλή-

391 4144 503 4188 σεις
525 4128 643 4186 τοῖς
674 4123 734 4179 ἐκ
759 4128 858 4180 τοῦ
918 4121 1190 4199 βασιλέως
1237 4122 1585 4179 ἆποσταλεῖσι
1638 4127 2033 4203 προσήνεγκαν.

388 4211 569 4269 Ἀλλὰ
595 4214 686 4269 καὶ
721 4211 1055 4275 Μακεδόνιος
1115 4213 1143 4268 6
1199 4212 1495 4282 θειότατος,
1554 4210 1706 4269 οὐδὲν
1770 4216 1864 4288 μὲν
1929 4222 2037 4273 τῶν

382 4302 520 4356 κατᾶ
539 4302 633 4357 τὸν
670 4301 788 4377 βίον
817 4301 1190 4375 ἐπιστάμενος,
1222 4301 1312 4357 καὶ
1350 4306 1461 4357 τῶν
1527 4302 1683 4359 θείων
1715 4301 1774 4359 δὲ
1831 4304 2036 4383 λογίων

382 4389 609 4464 πάμπαν
636 4389 861 4467 ἄπειρος
892 4388 990 4459 ὢν,
1023 4391 1076 4445 ἐν
1136 4388 1195 4446 δὶ
1248 4396 1367 4454 ταῖς
1422 4397 1530 4447 τῶν
1581 4391 1721 4468 όρῶν
1770 4402 2036 4474 κορυφαῖς

384 4477 741 4555 διαιτώμενος
789 4481 878 4536 καὶ
937 4479 1107 4535 νύκτα
1155 4481 1245 4536 καὶ
1302 4480 1511 4558 ἡμέραν
1565 4488 1662 4538 τοῦ
1721 4488 1856 4540 Θεοῦ
1912 4482 2036 4541 δεό-

2128 1896 2215 1951 vis
2244 1894 2551 1952 excedere.
2582 1894 2915 1966 Aliquando
2935 1900 3070 1968 post
3092 1894 3457 1951 Theodosius
3474 1894 3783 1950 continen-

2128 1984 2285 2040 tibus
2312 1984 2488 2040 bellis
2513 1990 2753 2040 coactus
2774 1990 2863 2041 est
2883 2001 3101 2041 novum
3127 1983 3463 2058 civitatibus
3493 1982 3779 2038 tributum

2126 2073 2779 2146 imperare.Antiochias
2809 2074 2963 2129 cives
2995 2090 3126 2129 eam
3150 2073 3523 2129 exactionem
3546 2090 3666 2128 non
3692 2076 3785 2127 tu-

2129 2162 2362 2232 lerunt;
2395 2179 2651 2234 cumque
2681 2163 2968 2235 supplicio
3000 2162 3385 2219 afﬁcerentur
3413 2161 3513 2234 qui
3550 2161 3778 2235 depen-

2129 2254 2269 2311 dere
2300 2254 2959 2323 recusassent,tumultu
2988 2255 3242 2310 excitato
3260 2271 3477 2310 aeream
3498 2253 3785 2311 laudatis-

2132 2344 2296 2399 simas
2331 2343 2582 2399 Placillaa
2614 2348 2870 2399 statuam
2902 2344 3251 2415 dejecerunt
3296 2348 3356 2398 et
3382 2360 3659 2416 magnam
3685 2358 3794 2415 per

2131 2432 2299 2487 urbis
2329 2437 2559 2505 partem
2582 2436 2983 2504 raptaverunt.
3018 2433 3139 2487 Hoc
3167 2431 3371 2487 audito
3392 2430 3657 2487 facinore
3680 2431 3794 2485 im-

2133 2526 2373 2593 perator
2399 2520 2744 2593 gravissima
2774 2520 2995 2575 exarsit
3023 2519 3450 2591 indignatione,
3478 2524 3538 2573 et
3585 2519 3798 2574 Antio-

2136 2609 2332 2665 chiam
2380 2608 2703 2683 privilegiis
2753 2607 2876 2664 suis
2936 2607 3229 2680 spoliavit,
3264 2607 3788 2679 principatumque

2139 2699 2441 2754 Laodiceae
2477 2697 2687 2754 vicinas
2736 2697 3100 2771 jampridem
3157 2697 3389 2752 aamulaa
3446 2696 3788 2768 assignavit.

2136 2790 2360 2843 Prester
2386 2788 2514 2844 haec
2541 2787 2889 2843 incendium
2920 2803 3153 2858 quoque
3186 2785 3341 2856 urbi,
3372 2791 3434 2841 et
3462 2802 3524 2840 se
3573 2802 3702 2841 eam
3730 2787 3793 2840 in

2140 2894 2355 2949 pagum
2387 2881 2757 2933 mutaturum
2805 2876 3067 2932 minatus
3123 2881 3233 2931 est.
3291 2874 3560 2931 Praefecti
3612 2876 3794 2930 etiam

2142 2966 2431 3038 quosdam
2444 2966 2505 3021 in
2520 2967 2648 3039 ipso
2662 2966 3067 3038 deprehensos
3078 2964 3342 3021 facinore
3356 2964 3802 3033 interfecerant,

2141 3056 2493 3128 priusquam
2521 3056 2801 3127 tragoedia
2836 3055 3184 3127 imperatori
3218 3059 3636 3125 exponeretur.
3670 3056 3799 3109 Cas-

2142 3151 2337 3200 terum
2367 3146 2492 3201 haac
2523 3144 2724 3200 omnia
2752 3143 3391 3216 imperatormandavit
3406 3143 3796 3215 quidem,non

2143 3239 2343 3289 tamen
2370 3233 2636 3305 perfecit,
2668 3233 2795 3307 lege
2825 3232 3148 3305 impeditus
3178 3248 3359 3303 quam
3388 3231 3623 3288 monitu
3652 3234 3796 3286 Am-

2142 3322 2325 3379 brosii
2383 3321 2619 3379 tulerat.
2677 3322 2750 3377 Ut
2805 3322 3182 3378 Antiochiam
3210 3326 3503 3377 venerunt
3547 3320 3797 3377 istarum

2145 3412 2443 3469 minarum
2475 3412 2943 3483 denuntiatores,
2966 3428 3108 3467 sane
3139 3427 3342 3468 earum
3376 3415 3542 3467 metu
3557 3410 3799 3466 univer-

2146 3518 2242 3558 sos
2274 3502 2421 3559 561
2458 3516 2707 3575 magnus
2738 3505 2932 3556 terror
2961 3500 3188 3569 invasit,
3247 3504 3307 3555 et
3350 3499 3491 3572 fuga
3546 3499 3801 3555 salutem

2145 3591 2569 3661 quasiverunt.
2584 3592 2660 3645 At
2685 3589 2961 3645 monachi
2983 3590 3084 3662 qui
3114 3589 3177 3644 in
3200 3588 3507 3644 montibus
3522 3588 3802 3643 virtutem

2146 3679 2632 3748 exercebant,qui
2666 3679 2741 3733 iis
2771 3678 2916 3733 locis
2949 3682 3121 3733 erant
3137 3684 3195 3732 et
3224 3677 3467 3749 plurimi
3491 3676 3795 3748 etoptimi,

2146 3768 2359 3823 missos
2384 3767 2456 3822 ab
2488 3767 2845 3839 imperatore
2867 3766 3071 3822 multis
3091 3766 3289 3821 verbis
3311 3766 3612 3837 deprecati
3637 3770 3796 3821 sunt.

2145 3857 2268 3921 Quo
2300 3860 2562 3928 tempore
2592 3855 2769 3910 etiam
2801 3854 3207 3910 divinissimus
3234 3853 3630 3921 Macedonius,
3658 3853 3792 3907 nul-

2146 3945 2259 4000 lius
2291 3961 2494 4001 earum
2517 3960 2648 4016 quae
2680 3944 2753 4000 ad
2783 3944 2961 3999 vitam
2992 3943 3145 3998 hanc
3197 3942 3527 4015 degendam
3565 3941 3797 3997 faciunt

2145 4035 2363 4090 artium
2394 4037 2826 4104 gnarus,atque
2858 4048 3164 4089 sacrarum
3195 4032 3375 4087 etiam
3405 4047 3650 4103 prorsus
3680 4030 3796 4087 im—

2145 4123 2368 4196 peritus
2396 4123 2752 4187 litterarum,
2782 4122 2993 4177 solitus
3025 4122 3087 4176 in
3145 4120 3462 4176 verticibus
3502 4118 3795 4175 montium

2146 4213 2357 4285 degere
2381 4229 2448 4268 ac
2500 4213 2688 4268 Deum
2734 4216 2941 4267 noctes
2999 4210 3245 4281 diesque
3277 4209 3604 4281 deprecari,
3652 4206 3802 4263 nihil

2144 4302 2296 4357 iram
2328 4299 2703 4372 imperatoris
2728 4303 3002 4355 metuens
3041 4303 3144 4355 aut
3172 4298 3300 4370 ejus
3337 4296 3661 4369 legatorum
3693 4313 3797 4368 po-

2146 4392 2413 4458 tentiam,
2438 4390 2501 4444 in
2529 4388 2788 4445 mediam
2819 4388 3027 4444 urbem
3053 4405 3116 4444 se
3146 4386 3799 4458 contulit,alterumque

2147 4496 2351 4535 eorum
2374 4478 2684 4549 chlamyde
2728 4479 3167 4551 apprehensum
3223 4493 3376 4548 equo
3433 4476 3794 4533 descendere

386 4590 566 4644 μενος,
599 4568 661 4626 ού
692 4573 788 4625 τοῦ
823 4567 1095 4644 βασιλέως
1123 4570 1223 4639 τήν
1286 4568 1459 4645 ὀργὴν
1515 4572 1885 4649 καταπλαγεὶς
1917 4572 2028 4631 οὕτε

2139 4570 2340 4643 jussit.
2374 4569 2570 4642 Legati
2628 4568 3089 4625 homuncionem
3140 4583 3345 4623 senem
3384 4566 3794 4639 inspicientes,

379 4664 490 4714 τῶν
525 4657 825 4716 σταλέντων
857 4662 954 4730 τήν
988 4658 1252 4730 ἐξουσίαν,
1310 4657 1367 4714 ἐν
1429 4658 1574 4734 μέσῳ
1629 4666 1709 4735 τῷ
1739 4661 1885 4719 ἄστει
1945 4685 2038 4742 γε-

387 4748 638 4822 νόμενος,
669 4757 770 4820 τῆς
829 4746 1121 4829 χλαμύδος
1181 4747 1406 4823 θατέρου
1458 4753 1565 4805 τῶν
1613 4748 2033 4809 ἀποσταλέντων

385 4833 690 4911 λαϐόμενος
746 4833 1019 4908 ἀποϐῆναι
1064 4837 1162 4893 τοῦ
1214 4834 1390 4893 ’ίππου
1446 4837 1676 4896 κελεύει.
1737 4842 1801 4896 Οἱ
1859 4839 1918 4898 δὲ
1949 4865 2036 4919 μι-

382 4927 512 5001 κρὸν
547 4925 828 5005 γερόντιον
888 4924 1121 4998 ἲδόντετ,
1182 4924 1373 4996 εὐτελῆ
1438 4924 1597 5001 ῥάκια
1635 4924 2037 5007 περιϐεϐλημέ-

382 5035 496 5084 νον,
525 5018 718 5088 πρῶτα
750 5015 846 5087 μὲν
878 5012 1248 5090 ἐχαλέπηναν
1292 5008 1480 5082 ἐπειδὴ
1535 5010 1591 5068 δέ
1636 5035 1776 5080 τινες
1805 5018 1904 5088 τὴν
1936 5022 2032 5074 τοῦ

383 5100 578 5179 ἀνδρὸς
610 5100 895 5175 ἐδήλωσαν
955 5102 1176 5179 ἀρετὴν,
1233 5096 1509 5173 ἀπέϐησέιν
1569 5123 1630 5158 τε
1682 5108 1791 5159 τῶν
1846 5105 2030 5162 ἳππων

380 5191 472 5248 καὶ
500 5197 610 5248 τῶν
667 5193 875 5249 ἐκείνου
953 5192 1193 5269 γονάτων
1248 5185 1643 5266 ἐπιλαϐόμενοι
1699 5195 2032 5270 συγγνώμην

381 5280 629 5353 ἰζήτουν.
656 5283 718 5341 Ὀ
744 5280 802 5338 δὲ
825 5289 925 5354 τῆς
957 5281 1100 5345 θείας
1150 5278 1345 5361 σοφίας
1401 5279 1737 5361 ἐμφορηθεὶς
1792 5283 2031 5341 τοιοῖσδε

2149 4659 2365 4732 pannis
2388 4658 2603 4715 vilibus
2645 4656 2927 4727 obsitum,
2959 4656 3253 4729 principio
3285 4656 3577 4729 indignari
3605 4671 3618 4709 :
3660 4670 3799 4710 mox

2147 4764 2181 4805 a
2214 4748 2571 4821 quibusdam
2601 4747 2675 4802 de
2706 4748 2922 4803 virtute
2954 4746 3216 4802 hominis
3238 4746 3522 4801 certiores
3550 4744 3689 4800 facti
3721 4745 3794 4800 ab

2148 4838 2316 4910 equis
2347 4837 2806 4905 descenderunt,
2838 4852 3152 4909 genuaque
3184 4834 3315 4905 ejus
3344 4838 3652 4906 tangentes
3696 4851 3793 4888 ve-

2145 4930 2308 4985 niam
2338 4934 2635 5001 rogarunt.
2652 4930 2726 4983 At
2750 4926 3159 4983 Macedoniam
3171 4924 3370 4980 divina
3398 4923 3678 4995 impletus
3697 4940 3797 4979 sa-

2142 5018 2476 5092 pientia,ita
2505 5034 2605 5073 eos
2636 5021 2726 5073 est
2752 5016 2966 5072 affatus
2991 5032 3004 5069 :
3038 5014 3246 5080 Dicite,
3269 5013 3466 5080 amici,
3490 5011 3638 5067 meis
3663 5011 3792 5067 haac

2140 5108 2334 5165 verbis
2361 5106 2707 5180 imperatori
2735 5123 2749 5162 :
2773 5107 2901 5161 Non
2932 5104 3254 5177 imperator
3281 5106 3515 5158 tantum
3571 5117 3653 5169 es,
3686 5100 3791 5157 sed

2140 5199 2320 5255 etiam
2350 5198 2528 5253 homo
2563 5213 2576 5251 :
2609 5212 2733 5251 non
2762 5196 2962 5265 itaque
2995 5193 3311 5265 imperium
3339 5191 3537 5257 modo,
3557 5190 3660 5247 sed
3689 5208 3797 5247 na-

2138 5294 2332 5344 turam
2383 5301 2620 5359 quoque
2648 5290 2882 5358 reputa.
2926 5284 3153 5355 Quippe
3185 5282 3363 5338 homo
3419 5296 3556 5336 cum
3592 5280 3697 5349 sis,
3731 5281 3794 5335 in

1582 5410 1945 5470 XYLANDRI
1984 5416 2070 5470 ET
2112 5413 2331 5471 GOARI
2371 5414 2593 5469 NOTAE.

453 5534 565 5608 (:‘SOl
600 5537 774 5612 Potes
796 5537 976 5612 etiam
994 5541 1233 5612 vertere
1262 5535 1572 5612 leprosos;
1601 5552 1745 5612 nam
1781 5531 1970 5612 λώϐην
2002 5540 2319 5611 aliquoties
2342 5557 2445 5612 pro
2472 5538 2639 5611 lepra
2666 5535 2783 5591 κατ’
2826 5533 3020 5609 ἐξοχὴν
3092 5534 3302 5591 dicunt
3354 5534 3413 5591 hi
3447 5534 3787 5608 scriptores.

379 5607 729 5679 Exemplum
760 5608 946 5665 habes
977 5608 1048 5663 de
1078 5607 1245 5678 lepra
1268 5607 1641 5663 Constantini
1676 5609 1889 5683 Magni.
1922 5607 2065 5670 XYL.

4164 330 4165 359 \

4163 438 4165 491 1

4164 650 4165 711 1

4164 2148 4165 2165 1

4164 2234 4165 2255 1

4163 2258 4165 2273 1

4164 2364 4165 2383 1

4164 2452 4165 2473 1

4164 2490 4165 2505 1

4164 2586 4165 2603 1

4164 2804 4165 2813 1

4164 2828 4165 2837 1

4164 2848 4165 2865 1
