4170 6204
311 327 435 387 617

1469 333 1830 393 HISTORIA
1846 335 2021 396 RUM
2066 335 2618 404 COMPENDIUM.

3621 343 3740 404 618

387 462 515 518 "Ott
549 461 577 514 6
616 459 956 540 Ξηρὸλοφος
1013 459 1174 538 ἔργον
1223 462 1366 518 ἐστὶν
1419 462 1734 537 Ἀρκαδίου,
1791 466 1984 538 ὅμοιον

2165 474 2540 546 Xerolophus
2569 475 2800 531 Arcadii
2833 493 2981 547 opus
3034 482 3145 544 est,
3179 481 3345 532 tauro
3391 494 3497 548 per
3545 480 3748 534 omnia

323 549 464 603 κατά
494 549 674 604 πάντα
707 554 789 621 τῷ
821 549 1030 623 ταύρῳ.

389 641 517 694 ’Ότι
553 640 604 692 οἱ
638 637 934 716 ἐλέφαντες
965 639 1017 692 οἱ
1042 637 1094 693 ἐν
1131 642 1200 703 τῆ
1253 640 1437 714 Χρυσῇ
1470 640 1646 715 πόρτῃ
1702 641 1891 714 ὅμοιοί
1926 642 1996 696 εἷ-

323 747 406 779 σιν
440 726 516 778 ὧν
551 725 726 780 πάλαι
779 723 1070 787 Θεοδόσιος
1129 719 1322 786 ἐπιϐὰς
1381 725 1458 788 εἷς
1503 729 1606 797 την
1667 727 1829 783 πόλιν
1890 729 1995 783 εἷσε

327 813 533 885 ἤλασεν
546 859 560 870 .

401 905 465 960 Ὀ
523 901 687 965 αὐτὸς
742 902 908 980 μέγας
961 901 1252 968 Θεοδόσιος
1325 903 1626 975 ἐπεθύλησε
1671 899 1995 960 καταλαϐεῖν

329 992 400 1046 τὲ
428 990 820 1066 Ἰεροσύλυμα,
851 991 944 1046 καὶ
1004 988 1441 1067 περιϐαλόμενος
1497 999 1688 1067 σχῆμα
1721 990 1995 1047 ἰδιωτικὸν

331 1080 502 1150 ἦλθεν
551 1079 606 1135 ἐν
650 1102 718 1155 τῃ
752 1080 904 1156 πύλῇ
937 1083 1038 1150 τὴς
1072 1081 1225 1153 ἁγίας
1258 1081 1629 1149 Ἀναστασίας,
1688 1081 1778 1135 καὶ
1833 1081 1999 1155 κρού-

332 1190 527 1231 σαντος
558 1166 746 1238 ἤνοιξέ
774 1191 858 1232 τις
905 1171 1219 1244 ὑπηρέτῶν.
1282 1169 1502 1226 Πάντων
1537 1167 1594 1225 δὲ
1621 1176 1729 1225 τῶν
1777 1169 1997 1246 λύχνων

331 1254 692 1329 σϐεσθέντων,
724 1263 805 1330 τῷ
837 1257 1100 1314 εἰσελθεῖν
1131 1259 1222 1313 τὸν
1275 1258 1505 1332 βασιλέα
1534 1257 1802 1333 αἰφνίδιον
1833 1257 1997 1314 πάλιν

329 1348 657 1427 ἀνήφθησαν
691 1349 766 1410 ὡς
811 1347 862 1401 ἐν
912 1348 1234 1424 πανηγύρει.
1267 1351 1325 1403 Ὀ
1386 1347 1443 1404 δὲ
1500 1349 1744 1424 Θυρωρὸς
1795 1347 2002 1405 ἐκπλα-

333 1459 450 1515 γεις
512 1439 799 1515 ἀπήγαγεν
873 1439 1038 1493 αὐτον
1094 1438 1232 1512 πρὸς
1293 1441 1547 1509 Ἰωάννην
1603 1439 1998 1514 τὸνζάρχιερέα.

329 1512 394 1585 εΟ
419 1525 478 1581 δὲ
519 1525 588 1581 δι’
618 1512 790 1602 εύχῆς
848 1530 932 1601 [Ρ.
989 1531 1113 1600 324]
1171 1526 1377 1605 ἐπέγνω
1423 1529 1609 1599 αὐτὸν,
1654 1512 1765 1582 καῖέ
1797 1512 2002 1601 ἒῖμακά-

335 1637 481 1693 ρισεν
513 1615 620 1682 ὅτι,
677 1614 934 1692 βασιλεὺς
967 1612 1062 1684 ὧν,
1116 1615 1166 1672 ἐν
1199 1616 1434 1690 τοιούτῳ
1490 1618 1739 1691 σχήματι
1777 1618 2001 1694 παρεγέα

332 1725 460 1764 νετο
489 1713 864 1780 προσκυνῆσαι
895 1707 1022 1767 τοὺς
1055 1705 1246 1781 ἁγίους
1277 1707 1500 1768 τὸπους.

414 1885 592 1946 Οὗτος
624 1885 652 1938 6
688 1883 851 1960 μέγας
884 1881 1174 1948 Θεοδόσιος
1207 1884 1472 1958 πολεμῶν
1519 1889 1600 1956 τῷ
1628 1885 1870 1959 τυράννῳ
1901 1884 1998 1940 Εὐ-

341 1973 532 2050 γενίῳ,
561 1973 735 2048 εὑρὼν
767 1974 1059 2046 εύκτήριον
1093 1974 1144 2028 ἒν
1193 1973 1275 2046 τῷ
1323 1975 1458 2049 ὅρει,
1515 1971 1698 2028 ἓπνσεν
1757 1972 1844 2027 ἐπὶ
1902 1977 2002 2030 τοῦ

339 2061 573 2141 ἐδάφους
603 2061 812 2118 κλαίων
862 2063 954 2117 καὶ
1013 2064 1106 2117 τὸν
1153 2064 1281 2118 Θεὸν
1339 2063 1592 2118 ἱκετεύων
1645 2061 2000 2136 ἐπικουρῆσαι

339 2152 511 2224 αύτῷ.
565 2152 664 2209 Καὶ
750 2151 942 2226 μικρὸν
993 2151 1290 2226 ἀφυπώσας
1349 2151 1396 2222 ἐξ
1457 2151 1690 2224 ἀθυμίας
1749 2152 1848 2227 ὁρᾷ
1905 2149 2000 2205 δύο

336 2243 486 2304 τινὰς
519 2241 603 2320 ἐφ’
637 2239 826 2304 ἵπποις
879 2241 1097 2304 λευκοῖς
1137 2241 1503 2315 καθημένους,
1537 2241 1799 2316 λέγοντας
1855 2240 2004 2311 αύτῷ

336 2334 553 2405 θαρσεῖν
586 2330 677 2384 καὶ
707 2331 800 2386 τὸν
845 2331 1074 2402 στρατὸν
1109 2329 1392 2406 διεγείρειν
1450 2330 1529 2394 εἷς
1584 2328 1850 2403 πόλεμον.
1883 2335 2004 2386 Τῶν

337 2417 397 2474 δὲ
423 2419 692 2496 φανέντων
723 2420 752 2474 6
787 2421 880 2494 μὲν
916 2418 1094 2495 ἔλεγεν
1119 2421 1308 2474 ἑαυτὸν
1341 2419 1619 2491 Ἰωάννην,
1652 2421 1680 2474 6
1713 2416 1769 2474 δὲ
1801 2417 2003 2475 Φίλιπ·

340 2527 448 2566 πον
469 2508 599 2572 τοὺς
633 2508 994 2571 ἀποστόλους.
1057 2508 1275 2580 Ταύτην
1307 2506 1363 2564 δὲ
1408 2511 1509 2579 τήν
1569 2508 1754 2584 ὅρασιν
1787 2508 1880 2563 καὶ
1926 2509 2002 2568 εἷς

339 2601 452 2653 τῶν
483 2602 832 2673 στρατιωτῶν
891 2595 1020 2653 ἰδὼν
1051 2597 1358 2674 ἀπήγγειλε
1387 2603 1465 2670 τῷ
1499 2598 1736 2673 βασιλεῖ.
1772 2598 1870 2652 Καὶ
1910 2618 2010 2652 πο-

346 2684 524 2760 λέμου
552 2686 1012 2762 συγκροτηθέντος
1044 2685 1350 2763 προσιρῥύη
1397 2688 1424 2742 ὀ
1473 2688 1700 2763 στρατός
1750 2691 1852 2744 τοῦ
1895 2687 2003 2745 Εὐ-

345 2778 533 2852 γενίυυ
563 2782 641 2849 τῷ
677 2775 912 2852 βασιλεῖ.
944 2783 1257 2852 Προηγεῖτο
1301 2774 1358 2831 δὲ
1414 2777 1465 2832 ἐν
1506 2782 1586 2849 τῷ
1644 2781 1854 2853 στρατῷ
1909 2780 2006 2830 τοῦ

348 2865 614 2942 Εὐγενίου
646 2870 680 2936 ἡ
741 2867 900 2922 εἰκὼν
949 2872 1048 2923 τοῦ
1095 2867 1415 2942 Ἡρακλέος,
1469 2865 1764 2922 Θεοδοσίου
1787 2863 1844 2920 δὲ
1876 2867 1904 2920 6
1932 2867 2009 2920 τί-

355 2974 484 3029 μιος
517 2956 766 3028 σταυρὸς.
815 2958 934 3012 Ἔτι
985 2953 1041 3010 δὲ
1094 2951 1313 3027 ἔστησεν
1345 2957 1373 3010 ὀ
1409 2955 1664 3032 βασιλεὺς
1723 2953 2006 3016 Θεοδόσιος

348 3045 556 3099 καὶτὸν
588 3046 776 3118 κίονα-
799 3049 901 3100 τοῦ
959 3045 1185 3122 ταύρου.
1239 3046 1422 3115 Κτίζει
1481 3043 1538 3104 δὲ
1590 3046 1680 3100 καὶ
1738 3043 1900 3100 πόλιν
1955 3044 2008 3097 ὲν

349 3133 556 3210 Θρᾴκῃ,
592 3131 1026 3192 Θεοδοσιόπολιν
1061 3135 1358 3208 ὀνομάσας,
1388 3137 1488 3204 τήν
1521 3135 1646 3209 πρὶν
1696 3132 2000 3208 λεγομένην

345 3225 568 3299 ’Ἄπρων
601 3224 707 3279 ἀπὸ
737 3229 834 3280 τοῦ
864 3223 1146 3286 κτίσαντος
1178 3225 1344 3293 αὐτὴν
1403 3226 1520 3279 κατ’
1550 3223 1732 3298 ἀρχὴν
1763 3226 1999 3296 ”Απρου,

346 3312 405 3375 ὅς
431 3313 498 3382 ἣν
531 3314 783 3388 πενθερὸς
817 3313 1046 3389 Καρίνου
1101 3317 1238 3388 (42),
1301 3315 1358 3374 ὃς
1413 3313 1504 3367 καὶ
1560 3312 1769 3367 ἀνεῖλεν
1819 3311 2003 3366 αὐτὸν.

345 3405 566 3459 ’Έκτισε
597 3400 654 3457 δὲ
677 3404 765 3457 καὶ
794 3401 976 3478 ἑτέραν
1008 3402 1172 3458 πόλιν
1203 3401 1286 3456 ἐπ’
1307 3400 1539 3475 ὀνόμὴτι
1564 3405 1664 3458 τοῦ
1695 3402 1816 3458 υἱοῦ
1839 3399 2004 3454 αὐτοῦ

343 3488 804 3565 ’Δρκαδιόπολιν,
833 3492 898 3546 τὸ
931 3493 1057 3566 πρὶν
1089 3491 1425 3566 Βεργούλιον
1458 3489 1776 3566 λεγομένην.

418 3577 681 3654 Εὐγενίου
764 3583 1198 3652 τυραννήσαντος
1283 3578 1596 3656 ἀντιγράφει
1664 3579 1752 3633 καὶ
1811 3575 2006 3652 Ἀρϐά-

346 3689 542 3744 γαστος
577 3671 604 3724 6
635 3669 742 3725 ἀπὸ
776 3669 1044 3731 Γαλατίας
1095 3668 1186 3723 σὺν
1233 3668 1378 3741 αὐτῷ
1436 3675 1782 3743 τυραννῆσαι.
1811 3669 2005 3724 Ἀκού-

351 3779 446 3822 σας
476 3756 534 3813 δέ
564 3757 616 3813 ἐν
645 3760 831 3833 Ῥώμῃ
861 3761 889 3813 6
924 3759 1117 3833 μικρὸς
1149 3757 1621 3828 Ούαλεντινιανὸς,
1655 3758 1682 3812 6
1713 3761 1808 3812 τοῦ
1842 3757 2006 3832 μεγά-

353 3847 453 3904 λου
485 3845 934 3903 Ούαλεντινιανοῖὸ
963 3853 1114 3917 παῖς,
1153 3847 1369 3925 ἀγχόνῃ
1399 3846 1694 3923 ἐχρήσατο.
1745 3848 2006 3903 Ἒσπευσε

353 3935 410 3992 δὲ
441 3938 468 3991 6
504 3937 667 4014 μέγας
691 3935 976 3998 Θεοδόσιος
1028 3937 1106 4000 εἶς
1166 3935 1440 4008 ἐκδίκησιν
1497 3936 1683 3994 αὐτοῦ.
1730 3936 1918 4006 Ἐξιὼν
1949 3933 2006 3989 δῖε

351 4027 489 4082 κατὰ
511 4032 610 4082 τοῦ
637 4029 894 4104 τυράννου
928 4027 1188 4104 Εὐγενίου
1247 4026 1352 4084 οὐλ
1413 4023 1522 4097 ἰδίᾳ
1555 4024 1711 4100 ἰσχύϊ
1769 4024 2006 4099 ἐθάρῥη-

353 4137 463 4184 σεν,
495 4118 736 4174 Ιωάννου
786 4114 843 4171 δέ
898 4137 1045 4180 τινος
1103 4116 1407 4193 Αἰγυπτίου
1461 4120 1705 4191 μοναχοῦ
1763 4114 2004 4190 μεγαλου

348 4208 450 4276 τήν
485 4201 688 4282 ῥάϐδον
718 4206 831 4262 ἀντὶ
889 4204 1138 4282 δόρατος,
1169 4207 1269 4276 τὴν
1300 4203 1553 4280 ἐπωμίδα
1587 4203 1643 4260 δὲ
1705 4205 1823 4259 ἀντὶ
1870 4205 2006 4279 κρά-

349 4316 476 4358 νους
519 4295 909 4369 ὁπλισάμενος,
966 4297 1104 4351 κατὰ
1157 4295 1358 4372 κράτος
1415 4296 1507 4350 τὸν
1567 4293 1853 4368 ἀλιτήριον
1889 4313 2003 4368 χει-

351 4389 540 4460 ροῦται
572 4390 745 4454 ζῶντα
775 4387 865 4440 καὶ
896 4385 1024 4449 τοὺς
1044 4385 1136 4440 σὺν
1166 4386 1317 4458 αὐτῷ
1347 4382 1551 4442 ἀνεῖλε.
1584 4385 1734 4441 Μετὰ
1795 4383 1852 4438 δὲ
1909 4384 2006 4452 τὴν

347 4474 506 4544 νίκην
535 4473 732 4532 τούτου
759 4472 1015 4539 εἰσελθὼν
1076 4474 1128 4528 ἐν
1184 4474 1373 4548 Ῥώμῖ·⁸
1429 4471 1688 4529 πλεῖστον
1744 4475 1814 4546 τῇ
1848 4471 2005 4526 πόλει

2102 563 2318 618 simile.

2171 652 2481 724 Elephanti
2506 654 2579 709 ad
2601 657 2853 709 Auream
2879 660 3109 725 portam
3135 656 3357 710 similes
3388 663 3527 711 sunt
3547 673 3749 712 eorum

2103 741 2317 810 quibus
2349 744 2490 798 olim
2525 745 2586 798 in
2617 745 2827 800 urbem
2860 745 3126 800 invectus
3156 745 3270 800 fuit
3299 746 3680 802 Theodosius.

2175 917 2338 972 Idem
2368 935 2618 990 magnus
2647 919 3010 974 Theodosius
3059 919 3469 990 Hierosolyma
3527 920 3751 976 intrare

2107 1007 2353 1077 cupiens
2416 1025 2484 1062 eo
2537 1007 2742 1062 habitu
2785 1009 2998 1079 privati
3051 1009 3313 1062 hominis
3371 1026 3433 1063 se
3481 1010 3752 1076 contulit,

2104 1097 2384 1166 venitque
2417 1097 2491 1151 ad
2521 1102 2752 1168 portam
2799 1103 3017 1152 sancta:
3049 1098 3395 1152 Anastasius.
3428 1101 3568 1153 Eam
3616 1116 3752 1153 cum

2106 1185 2423 1255 pulsasset,
2501 1186 2754 1241 famulus
2812 1187 3053 1256 quidam
3108 1187 3357 1256 aperuit.
3417 1188 3558 1242 Cum
3617 1206 3752 1242 vero
3831 1213 3836 1218 δ

2106 1290 2316 1327 omnes
2357 1272 2616 1328 lucernae
2669 1279 2867 1329 essent
2898 1274 3222 1340 exstinctae,
3257 1276 3630 1346 imperatoris
3663 1277 3754 1330 in—

2104 1363 2285 1418 troitu
2317 1365 2606 1420 universae
2639 1381 2900 1420 accensm
2935 1365 3128 1419 subito
3161 1371 3318 1430 sunt,
3350 1371 3414 1420 ut
3447 1366 3504 1420 in
3538 1367 3754 1421 solem-

2104 1453 2311 1508 nitate.
2343 1455 2571 1508 Janitor
2600 1460 2799 1510 autem
2842 1456 3130 1510 attonitus
3180 1455 3468 1510 miraculo
3513 1473 3649 1510 eum
3683 1457 3756 1511 ad

2103 1544 2392 1598 Joannem
2423 1544 2766 1614 pontiﬁcem
2797 1544 3120 1598 maximum
3167 1544 3429 1599 adduxit.
3455 1546 3562 1611 Qui
3622 1562 3757 1601 eum

2109 1636 2174 1686 ut
2217 1637 2581 1703 agnosceret,
2642 1633 2829 1686 Deum
2896 1633 3192 1704 precando
3242 1638 3332 1689 est
3384 1639 3756 1700 consecutus,

2109 1720 2466 1790 beatumque
2499 1720 2838 1792 praedicavit
2867 1738 2881 1775 ε
2912 1722 3011 1792 qui
3045 1739 3178 1776 cum
3212 1729 3370 1778 esset
3417 1723 3755 1794 imperator,

2032 1830 2076 1894 Β
2110 1808 2210 1864 tali
2243 1809 2452 1864 habitu
2482 1810 2738 1864 venisset
2767 1809 3074 1864 adoratum
3107 1827 3274 1866 sacra
3305 1811 3452 1866 loca.

2175 1896 2337 1952 Idem
2352 1898 2716 1953 Theodosius
2731 1898 2953 1953 bellum
2969 1915 3178 1969 gerens
3201 1906 3411 1954 contra
3427 1903 3754 1973 Eugenium

2106 1991 2444 2057 tyrannum,
2477 1988 2539 2042 in
2572 1993 2774 2042 monte
2807 1988 3128 2042 oratorium
3155 2005 3290 2043 cum
3320 1989 3662 2060 invenisset,
3696 1991 3758 2046 in

2104 2076 2505 2146 pavimentum
2539 2093 2668 2130 sese
2699 2077 3013 2146 prostravit
3059 2093 3126 2130 ac
3179 2077 3512 2148 lacrymans
3575 2081 3756 2135 Deum

2105 2180 2277 2234 opem
2319 2166 2606 2236 poposcit.
2661 2164 2802 2219 Inde
2863 2181 2996 2219 cum
3030 2181 3150 2235 pra:
3182 2167 3365 2221 animi
3406 2169 3756 2240 aagritudine

2108 2252 2418 2323 paululum
2472 2253 2947 2319 obdormivisset,
3018 2253 3160 2308 vidit
3204 2255 3264 2308 in
3321 2259 3552 2312 somnis
3609 2259 3758 2313 duos

2108 2339 2396 2410 quosdam
2429 2340 2581 2395 albis
2613 2341 2780 2411 equis
2812 2340 3164 2410 insidentes,
3201 2359 3235 2396 a
3265 2343 3478 2412 quibus
3501 2345 3757 2416 jubeba-

2109 2433 2204 2482 tur
2236 2427 2390 2482 bono
2447 2445 2575 2482 esse
2627 2428 2826 2482 animo
2885 2434 2944 2482 et
2991 2430 3314 2484 exercitum
3368 2431 3442 2484 ad
3501 2448 3758 2503 pugnam

2109 2517 2388 2572 excitare.
2409 2519 2624 2570 Eorum
2657 2516 2807 2570 alter
2833 2534 2893 2571 se
2915 2519 3224 2585 Joannem,
3251 2518 3401 2572 alter
3421 2519 3761 2591 Philippum

2107 2606 2408 2678 apostolos
2424 2604 2831 2660 nominabant.
2853 2605 3009 2660 Idem
3037 2605 3269 2660 cuidam
3284 2607 3540 2662 militum
3572 2609 3760 2664 visum
3795 2675 3802 2678 _

2109 2692 2399 2764 apparuit,
2433 2692 2602 2762 isque
2627 2707 2754 2746 rem
2786 2691 3126 2762 imperatori
3156 2693 3448 2762 exposuit.
3481 2695 3762 2749 Commis-

2109 2800 2173 2836 sa
2203 2786 2400 2836 autem
2433 2797 2628 2853 pugna
2659 2780 2952 2834 exercitus
2983 2779 3225 2846 Eugenii
3255 2780 3329 2834 ad
3360 2782 3756 2838 Theodosium

2109 2871 2362 2926 transiit.
2413 2870 2690 2924 Anteibat
2719 2869 2871 2926 568
2905 2869 3146 2938 Eugenii
3181 2871 3504 2926 exercitum
3565 2873 3756 2945 imago

2109 2959 2374 3015 Herculis
2409 3001 2422 3026 ,
2475 2958 2787 3014 Theodosii
2839 2956 3173 3012 veneranda
3217 2975 3382 3012 crux.
3439 2961 3760 3016 Constituit

2110 3066 2284 3120 porro
2303 3047 2666 3102 Theodosius
2680 3046 3016 3100 columnam
3035 3047 3206 3100 tauri.
3235 3048 3304 3100 Et
3325 3047 3384 3101 in
3398 3049 3645 3104 Thracia
3659 3067 3760 3104 ur-

2113 3138 2249 3192 bem
2271 3135 2536 3191 condidit
2560 3151 2737 3206 quam
2768 3151 2802 3190 a
2832 3151 2894 3188 se
2925 3133 3417 3205 Theodosi0polin
3441 3137 3768 3192 nominavit

2119 3243 2252 3282 cum
2285 3230 2420 3280 ante
2469 3227 2669 3295 Apron
2730 3223 3026 3278 diceretur
3058 3223 3129 3278 ab
3177 3229 3416 3278 auctore
3450 3242 3554 3279 suo
3586 3229 3764 3297 Apro,

2119 3331 2320 3370 socero
2380 3313 2577 3368 Carini
2621 3318 2678 3367 et
2721 3311 2812 3366 sui
2869 3312 3070 3383 generi
3121 3311 3521 3369 interfectore.
3577 3313 3769 3370 Aliam

2113 3420 2349 3475 quoque
2380 3403 2590 3460 urbem
2623 3401 2906 3470 condidit,
2948 3418 3015 3456 ac
3048 3400 3117 3456 de
3143 3402 3251 3456 filii
3300 3404 3544 3459 nomine
3583 3407 3768 3461 Arca-

2114 3492 2402 3564 diopolim
2435 3491 2600 3558 dixit,
2633 3507 2770 3545 cum
2801 3496 2938 3545 ante
2979 3490 3379 3562 appellaretur
3407 3493 3764 3567 Bergulium.

2184 3584 2329 3636 Cum
2359 3581 2654 3653 Eugenius
2713 3579 3093 3651 tyrannidem
3127 3580 3459 3649 invasisset,
3512 3583 3772 3657 Arboga-

2114 3677 2238 3726 stus
2271 3670 2449 3724 etiam
2495 3669 2694 3724 Gallus
2743 3668 2970 3722 socium
3005 3685 3065 3722 se
3098 3668 3227 3738 ejus
3285 3671 3585 3741 tyrannidi
3618 3690 3770 3745 pra:-

2113 3758 2262 3814 buit.
2295 3757 2360 3812 Id
2381 3773 2517 3812 cum
2549 3759 2746 3811 Romae
2779 3755 3141 3827 percepisset
3198 3756 3642 3815 Valentinianus
3666 3762 3769 3832 ju-

2113 3845 2266 3911 nior,
2310 3841 2707 3898 Valentiniani
2765 3841 2962 3912 magni
3025 3841 3204 3910 ﬁlius,
3261 3844 3579 3914 suspendio
3637 3863 3764 3902 sese

2112 3934 2228 3988 vita
2259 3931 2481 3988 eduxit.
2513 3931 2600 3985 Ad
2631 3946 2811 4000 quem
2834 3929 3242 3985 ulciscendum
3271 3931 3632 3989 Theodosius
3671 3951 3764 3988 ex-

2114 4023 2477 4096 peditionem
2509 4038 2746 4077 movens
2777 4037 2898 4076 non
2931 4027 3021 4076 est
3051 4022 3305 4092 propriis
3337 4022 3556 4079 viribus
3583 4026 3766 4080 confi-

2115 4129 2215 4168 sus
2240 4130 2253 4171 :
2283 4111 2386 4166 sed
2414 4111 2657 4166 Joannis
2689 4110 3000 4182 cujusdam
3027 4111 3277 4182 iEgyptii
3307 4112 3504 4184 magni
3554 4130 3768 4169 mona—

2113 4202 2208 4257 chi
2239 4200 2518 4256 baculum
2549 4215 2652 4270 pro
2687 4199 2878 4264 hasta,
2923 4199 3223 4254 cucullam
3253 4217 3360 4271 pro
3390 4201 3557 4273 galea
3587 4219 3764 4258 usur-

2113 4308 2283 4362 pans,
2342 4289 2693 4361 Eugenium,
2753 4304 2902 4342 caaso
2953 4288 3082 4359 ejus
3113 4288 3426 4356 comitatu,
3460 4291 3660 4348 vivum
3711 4293 3773 4348 in

2114 4383 2469 4452 potestatem
2526 4376 2772 4448 redegit.
2806 4377 2852 4431 A
2885 4376 3131 4432 victoria
3186 4378 3488 4449 profectus
3530 4383 3778 4439 Romam

2118 4467 2380 4539 plurima
2409 4465 2469 4520 in
2497 4464 2704 4519 urbem
2727 4464 3018 4520 beneﬁcia
3067 4466 3342 4534 contulit,
3403 4467 3777 4541 abolevitque

350 4561 666 4638 ἐχαρίσατο,
698 4564 787 4618 καὶ
815 4563 882 4618 τὰ
913 4561 964 4618 ἐν
1022 4567 1142 4625 τοῖς
1195 4562 1544 4638 μαγκιπείοις
1575 4563 1688 4634 (43)
1743 4565 1852 4615 τῶν
1906 4580 2004 4614 κα-

2119 4554 2611 4613 consuetudinem
2668 4570 2786 4624 qua
2836 4555 3135 4626 mancipia
3174 4557 3236 4611 in
3295 4557 3425 4613 loco
3455 4557 3778 4616 bestiarum

349 4655 726 4708 ταπιπτόντων
764 4654 916 4723 ζώων
951 4655 1084 4730 ἄχρι
1113 4654 1440 4729 γήρωςξτοῖς
1477 4649 1692 4724 μύλωσι
1725 4649 2009 4726 συγκλειο·

357 4743 532 4814 μένων
592 4742 682 4797 καὶ
766 4741 990 4813 ἀλήθειν
1049 4740 1522 4817 κατεπειγομένων
1597 4738 1862 4816 περιεῖλε,
1921 4739 2010 4794 καὶ

353 4832 454 4898 τὴν
485 4831 1034 4907 τῶνμοιχευομένων
1075 4836 1340 4908 γυναικῶν
1403 4826 1580 4905 ὕϐριν,
1636 4831 1735 4898 τὴν
1769 4828 1820 4884 ὲν
1871 4849 2012 4903 πορ-

352 4918 496 4981 νείας
530 4916 618 4974 διὰ
646 4917 884 4982 κώδονος
916 4919 1320 4997 ἐλεγχομένην,
1352 4918 1662 4993 περιέκοψε.

427 5010 522 5081 Τῷ
557 5009 622 5062 ια’
654 5003 760 5064 ἔτει
803 5011 1028 5081 νικήσας
1062 5009 1312 5084 Μάξιμον
1367 5009 1458 5064 τὸν
1515 5007 1775 5082 τύραννον
1827 5005 2006 5061 ἀνεῖλε

353 5096 447 5152 καὶ
480 5094 870 5175 Ἀνδραγάθιον
902 5100 991 5155 τὸν
1026 5100 1327 5175 στρατηγὸν
1365 5097 1533 5155 αὐτοῦ
1563 5098 1636 5160 ὡς
1677 5097 2006 5174 φονεύσαντα

2123 4644 2503 4717 pereuntium
2535 4643 2598 4697 in
2636 4643 2883 4713 pistrina
2918 4643 3286 4700 dedebantur
3317 4653 3375 4702 et
3421 4649 3645 4705 molere
3678 4668 3777 4706 us-

2125 4760 2237 4814 que
2269 4741 2342 4797 ad
2376 4745 2742 4795 senectutem
2774 4739 3159 4813 cogebantur,
3193 4742 3454 4813 itemque
3500 4761 3630 4800 eam
3663 4764 3780 4816 qua

2123 4829 2530 4885 adulterarum
2562 4827 2882 4883 mulierum
2915 4829 3304 4885 scortationes
3351 4831 3506 4886 nolaa
3557 4833 3780 4890 tinnitu

2127 4917 2600 4991 publicabantur.

2175 5007 2500 5063 Undecimo
2515 5006 2992 5061 annoMaximum
3006 5010 3326 5077 tyrannum
3341 5009 3570 5065 necavit
3581 5015 3640 5066 et
3653 5012 3784 5084 ejus

2118 5098 2428 5170 COpiarum
2451 5095 2660 5150 ducem
2683 5094 3174 5167 Andragathium,
3206 5101 3410 5168 utpote
3434 5099 3785 5158 interfecto-

1567 5225 1931 5282 XYLANDRI
1977 5225 2064 5278 ET
2105 5225 2320 5280 GOARI
2360 5223 2582 5278 NOTAE.

431 5351 546 5426 (42)
569 5354 694 5408 Imo
725 5354 1088 5424 Numeriani,
1118 5355 1218 5426 qui
1259 5352 1437 5426 hujus
1460 5353 1660 5426 frater,
1696 5351 1824 5406 Cari
1858 5350 2017 5406 ﬁlius

355 5420 490 5489 fuit,
519 5420 700 5495 gener
728 5426 902 5496 Apri:
938 5420 1153 5482 omnes
1171 5420 1456 5480 historici.
1511 5423 1622 5479 Sed
1649 5420 1652 5422 ⁷
1683 5429 1741 5479 et
1771 5439 1901 5494 quae
1935 5439 2021 5496 se-

356 5503 626 5563 quuntur
653 5497 735 5551 ita
765 5495 1014 5553 Obscura
1047 5503 1206 5561 sunt,
1241 5503 1306 5551 ut
1345 5497 1392 5551 si
1425 5513 1551 5550 rem
1581 5511 1701 5550 non
1732 5511 1841 5549 acu
1893 5495 2022 5549 teti-

353 5565 572 5634 berim,
608 5569 819 5623 saltem
852 5571 1086 5624 veniam
1119 5569 1317 5622 videar
1347 5568 1616 5622 meritus.
1663 5567 1804 5620 XYL.

432 5638 546 5714 (g3)
607 5640 812 5714 Suidas
859 5657 871 5695 :
936 5637 1340 5714 Ῠᾷρτοπωλεῐονῗ
1385 5639 1448 5692 τὸ
1497 5641 1848 5714 μαγκιπεῖον-
1882 5635 2025 5714 avita

357 5703 416 5759 οἳ
440 5703 603 5782 ’ἄρτοι
633 5711 896 5786 γίνονται.
931 5703 1058 5767 Non
1098 5713 1458 5782 mancipium,
1498 5703 1615 5765 sed
1639 5709 1874 5780 pistoris
1905 5703 2024 5778 ofﬂ-

641 5831 906 5893 PATROL.
953 5834 1067 5892 GR.
1113 5829 1322 5892 CXXI.

2129 5352 2275 5416 cina,
2301 5352 2606 5422 pistrinum
2639 5351 2730 5402 est
2764 5352 3102 5422 μαγκιπεῖον.
3137 5352 3219 5406 Ex
3253 5369 3368 5422 quo
3411 5353 3609 5410 minus
3636 5354 3784 5412 {lde-

2130 5421 2250 5496 lem
2282 5421 2366 5475 sic
2397 5420 3040 5496 restituesversioncm
3065 5435 3100 5496 :_
3128 5420 3471 5496 abolévitque
3500 5436 3789 5483 consuetu-

2132 5493 2334 5556 dinem,
2367 5508 2478 5561 qua
2508 5494 2567 5545 in
2593 5491 2879 5569 publicum
2929 5493 3233 5569 pistrinum
3261 5491 3502 5565 fort—uita
3549 5501 3788 5569 delapsa

2135 5571 2233 5619 aut
2286 5579 2414 5617 casu
2464 5566 2814 5640 occurrentia
2851 5565 3125 5640 animalia
3163 5569 3335 5624 molas
3386 5587 3548 5640 agere
3590 5565 3791 5627 ad'se-

2137 5641 2406 5691 nectutem
2436 5650 2606 5704 usque
2628 5636 2982 5704 cogebantur.
3018 5639 3193 5696 Goan.

3435 5831 3516 5889 20
