4170 6204
374 379 487 442 621

1507 376 2063 442 HISTORIARUM
2106 378 2668 443 COMPENDIUM.

3670 378 3792 440 622

370 534 495 587 νικῃ
534 513 717 593 σφαγῆ
747 518 855 568 τῶν
892 512 952 567 ιε’
982 509 1253 569 χιλιάδων
1285 516 1381 569 τοῦ
1428 512 1566 568 λαοῦ
1598 512 1702 567 ὑπὸ
1735 508 2023 569 Θεοδοσίου

2151 514 2423 573 stﬂonicm
2454 514 2817 572 Theodosius
2842 515 2908 568 15
2928 513 3240 571 hominum
3264 515 3455 573 millia
3476 515 3794 585 interfecit,

377 602 604 678 γίνεται,
636 600 727 657 καί
754 602 823 658 τά
868 602 1016 677 παρὰ
1068 605 1166 656 τοῦ
1223 600 1382 678 ἁγίου
1443 596 1782 676 Ἀμϐροσίου
1812 598 2035 654 ἐπισκό-

380 714 489 748 που
537 688 894 751 Μεδιολάνων
952 691 1031 753 εἰς
1087 690 1248 747 αὐτὸν
1306 688 1533 767 βασιλέα
1563 688 1893 765 πραχθίντα.
1936 688 2036 745 Διὸ

381 781 473 838 καὶ
530 782 704 856 νόμον
764 780 1032 845 ἱκτίθιται
1086 786 1209 842 τοῖς
1265 777 1787 854 καταδικαζομένοις
1828 779 2036 851 θανάτῳ

381 868 419 939 ἤ
473 867 734 944 δημεύσει
793 869 1130 945 προθεσμίαν
1171 867 1220 925 λ’
1277 873 1499 947 ἡμερῶν
1534 869 1611 930 εἰς
1643 867 1921 943 διάσκεψιν
1953 865 2035 922 δίο

381 956 570 1025 δοσθαι
581 1004 594 1017 .

455 1053 550 1123 Τῷ
594 1050 680 1124 [Ρ.
740 1051 865 1124 326]
927 1047 985 1105 δὶ
1038 1050 1186 1122 αὐτῷ
1237 1046 1343 1105 ἔτει
1399 1053 1498 1105 τοῦ
1546 1052 1802 1121 ποταμοῦ
1834 1045 2037 1104 Νείλου

382 1139 519 1194 κατᾶ
546 1139 608 1194 τὸ
636 1132 760 1204 ἔθος
792 1140 869 1212 μή
901 1133 1203 1201 ἀναϐάντος
1258 1135 1483 1214 ἔχαιρον
1517 1138 1569 1193 οἱ
1595 1136 1890 1205 Ἕλληνας,
1946 1134 2038 1191 λι-

379 1247 566 1298 γοντες
618 1226 796 1287 αἴτιον
824 1227 963 1283 εἶναι
1018 1226 1220 1284 τούτου
1277 1229 1341 1284 τὸ
1396 1225 1711 1297 κωλυθῆναι
1745 1224 1892 1281 θύειν
1919 1230 2037 1287 τοῖς

384 1323 529 1381 θεοῖς
560 1316 759 1373 αὐτῶν.
797 1318 970 1391 Ὅπερ
1027 1316 1213 1389 μαθὼν
1266 1317 1295 1370 6
1353 1310 1578 1387 εὐσεϐὴς
1613 1312 1866 1391 βασιλεὺς
1896 1314 2034 1371 sim‘

382 1407 479 1477 Μὴ
512 1405 726 1483 γένοιτό
757 1425 889 1463 ποτε
946 1405 1192 1480 ποταμὸν
1251 1404 1455 1475 θυσίαις
1509 1404 1769 1480 χαίροντα
1816 1402 1905 1461 ἐπὶ
1935 1403 2033 1471 τήν

381 1497 487 1570 γῆν
514 1493 950 1571 πλημμυρῆσαι.
1009 1495 1072 1555 Ὀ
1132 1492 1190 1553 δὲ
1216 1527 1220 1531 <
1246 1495 1377 1557 Θεὸς
1433 1498 1599 1553 τοῦτο
1638 1489 2036 1567 ἀποδεξάμενος

385 1584 660 1662 εὐλόγησε
699 1585 799 1653 τήν
858 1579 1118 1643 ἀνάϐασιν
1174 1587 1271 1639 τοῦ
1322 1587 1597 1657 ποταμοῦ,
1629 1580 1767 1638 ὥστε
1796 1582 2034 1643 ἅπαντας

383 1673 516 1739 τοὺς
546 1674 663 1729 κατ’
693 1672 972 1751 Αἴγυπτον
1003 1668 1314 1752 φοϐηθῆναι
1341 1673 1418 1746 μή
1441 1673 1531 1731 καὶ
1558 1672 1730 1743 αὐτὴν
1761 1674 1860 1742 τήν
1883 1671 2039 1731 Ἀλε-

383 1761 661 1838 ξάνὸρειαν
689 1763 1002 1839 κατακλύσας,
1034 1765 1069 1833 ἡ
1102 1761 1415 1838 πλημμύρα
1443 1767 1541 1818 τοῦ
1567 1760 1781 1825 ὕδατος.

2146 610 2204 659 et
2234 604 2583 661 Ambrosius
2622 603 2935 663 Mediolani
2989 604 3302 674 episcopus
3351 620 3421 658 ea
3450 620 3583 659 cum
3616 605 3798 676 impe-

2149 699 2345 748 ratore
2368 694 2486 765 egit
2506 710 2637 764 quas
2668 693 3233 758 retulimus.Quibus
3254 698 3451 747 motus
3476 693 3799 765 imperator

2146 783 2339 856 legem
2400 784 2532 839 tulit
2575 801 2706 855 qua)
2756 783 3249 856 recognoscendas
3279 784 3589 839 sententiae
3619 799 3799 841 causa

2147 873 2425 929 damnato
2456 873 2665 927 mortis
2695 878 2799 928 aut
2840 872 3258 944 publicationis
3288 873 3357 926 30
3385 871 3617 928 dierum
3646 873 3797 928 dila-

2148 963 2371 1019 tionem
2403 960 2784 1019 concedebat.

2219 1053 2296 1105 Eo
2326 1051 2458 1121 ipso
2485 1067 2665 1119 anno,
2690 1066 2826 1106 cum
2848 1049 3010 1105 Nilus
3032 1066 3138 1121 pro
3169 1066 3333 1104 more
3364 1067 3486 1106 non
3512 1051 3799 1107 exundas.

2149 1145 2258 1208 set,
2291 1141 2471 1195 Graeci
2504 1140 2624 1194 laeti
2676 1141 2829 1194 hanc
2860 1139 3140 1193 dixerunt
3193 1156 3321 1194 esse
3351 1156 3613 1209 causam,
3638 1142 3796 1212 quod

2148 1229 2262 1285 diis
2293 1230 2416 1284 suis
2446 1229 2781 1284 sacriﬁcare
2812 1228 3194 1283 interdictum
3224 1228 3371 1299 ipsis
3403 1236 3577 1285 esset.
3608 1232 3796 1286 Theo-

2148 1318 2352 1373 dosius
2382 1335 2590 1374 eorum
2621 1334 2898 1373 sermone
2929 1317 3163 1389 cognito
3190 1332 3204 1371 :
3236 1318 3422 1385 Absit,
3457 1319 3560 1385 ait,
3592 1324 3657 1373 ut
3685 1320 3798 1374 flu-

2147 1408 2275 1465 vius
2305 1407 2614 1467 sacriﬁciis
2641 1406 2904 1480 gaudens
2927 1411 3143 1465 terram
3167 1406 3387 1478 irriget.
3414 1408 3566 1463 Deus
3596 1412 3795 1465 autem

2149 1498 2207 1555 id
2238 1498 2369 1569 ejus
2395 1514 2747 1570 responsum
2774 1498 2857 1554 ita
2879 1497 3149 1569 probavit
3177 1502 3243 1553 ut
3272 1496 3468 1553 Nilum
3491 1496 3792 1554 exundare

2143 1588 2393 1660 jusserit
2422 1588 2569 1645 adeo
2598 1592 2665 1644 ut
2693 1588 2951 1645 universi
2980 1588 3230 1660 Egyptii
3269 1587 3333 1643 in
3363 1592 3590 1643 metum
3618 1605 3798 1644 vene-

2149 1680 2291 1750 rint,
2322 1697 2397 1735 ne
2455 1680 2645 1752 ipsam
2704 1695 2939 1751 quoque
2996 1665 3417 1735 Alexandriam
3465 1677 3652 1734 eluvie
3682 1679 3797 1734 ista

2148 1767 2443 1841 perderet.

458 1854 547 1911 ’Ev
580 1849 905 1925 Μεδιολάνῳ
936 1851 1279 1927 ὑπάρχοντος
1305 1855 1403 1909 τοῦ
1436 1849 1708 1926 βασιλέως
1741 1848 2032 1907 Θεοδοσίου

2214 1860 2365 1914 Dum
2400 1857 2715 1915 Mediolani
2748 1856 2909 1930 degit
2935 1855 3318 1924 Theodosius,
3349 1856 3587 1913 interim
3608 1858 3797 1914 Judaei

384 1942 438 1997 οἱ
478 1940 539 1997 ἐκ
593 1938 1223 2004 Κωνσταντινουπόλεως
1291 1937 1568 2011 Ἰουδαῖοι,
1599 1937 1660 1995 ἐκ
1688 1939 2027 2016 προστάξεως

382 2032 698 2107 Ὃνωράτου
735 2030 1002 2108 ἐπάρχου,
1038 2030 1354 2106 συναγωγὴν
1411 2027 1468 2089 ’ὲν
1524 2034 1642 2091 τοῖς
1699 2027 2031 2104 Χαλκοπρά-

383 2142 501 2185 τοις
534 2119 760 2176 πολλῶν
785 2117 1065 2175 ταλάντων
1117 2117 1452 2195 εἴργάσαντο.
1500 2121 1618 2176 Τῶν
1674 2115 1733 2174 δὲ
1764 2120 2035 2197 Χριστια-

378 2214 488 2266 νῶν
522 2207 952 2288 δυσφημούντων
985 2209 1122 2263 κατὰ
1157 2211 1254 2263 τοῦ
1286 2206 1551 2285 ἐπάρχου,
1583 2206 1745 2271 αὐτὸς
1775 2208 1836 2267 οὐ
1867 2229 2031 2285 προσ-

382 2301 560 2376 έσχεν.
596 2300 663 2370 ἧν
713 2300 813 2376 γὰρ
868 2295 1104 2371 Ἕλλην.
1164 2300 1280 2372 Πῦρ
1338 2298 1429 2352 οὗν
1478 2292 1808 2371 ἐμϐαλόντες
1842 2299 2033 2367 νυκτὸς

380 2389 582 2460 ταύτην
638 2391 989 2442 κατέκαυσαν.
1050 2386 1251 2467 Γράφει
1305 2389 1472 2443 τοῦτο
1531 2386 1558 2440 6
1612 2382 1853 2463 ἔπαρχος
1897 2387 2031 2462 πρὸς

384 2474 703 2548 Θεοδόσιον,
760 2473 1006 2555 ἐγκαλῶν
1058 2480 1175 2539 τοῖς
1234 2472 1512 2539 πολίταις·
1554 2475 1583 2529 6
1615 2473 1672 2531 δὲ
1720 2475 1890 2551 ὁρίζει
1933 2481 2031 2549 ζη.

389 2567 517 2641 μίαν
551 2566 849 2632 ὓποστῆναι
905 2564 1032 2629 τοὺς
1087 2568 1257 2620 τοῦτο
1315 2562 1609 2640 δράσαντας
1636 2565 1725 2621 καὶ
1752 2568 2031 2637 κτισθῆναι

384 2659 486 2731 τήν
520 2658 864 2735 συναγωγήν.
911 2655 1357 2735 Ιίροσφεύγουσιν
1416 2655 1469 2710 οἱ
1525 2655 1750 2713 πολῖται
1780 2658 1915 2733 πρὸς
1944 2658 2035 2713 τὸν

393 2747 561 2825 μέγαν
624 2742 981 2825 ’Λμϐρόσιον.
1040 2746 1102 2802 Ὀ
1162 2743 1221 2800 δὲ
1279 2752 1378 2817 τῆς
1437 2746 1629 2823 ἑορτῆς
1659 2750 1766 2803 τῶν
1800 2748 2037 2824 Χριστοῦ

387 2837 681 2911 γενεθλίων
714 2836 971 2907 ἐνστάσης
1027 2835 1117 2890 καὶ
1172 2838 1269 2890 τοῦ
1326 2831 1596 2911 βασιλέως
1628 2833 1837 2893 εἷ’σοδον
1869 2839 2037 2909 ποιή-

389 2937 579 2995 σασθαι
635 2924 959 3001 μέλλοντος,
1026 2922 1347 3003 δημηγορεῖ
1401 2927 1430 2981 6
1491 2924 1661 3007 μέγας
1705 2921 2039 3001 ’Λμϐρόσιος

389 3015 551 3090 ὀλίγα
583 3017 692 3089 (44)
728 3016 822 3088 μὲν
855 3012 980 3091 περὶ
1008 3020 1110 3085 τῆς
1141 3014 1353 3088 ἑορτῆς,
1402 3012 1471 3066 τὰ
1514 3010 1692 3068 πλείω
1724 3011 1781 3069 δὲ
1809 3018 1906 3069 τοῦ
1939 3016 2038 3090 βα.

387 3100 587 3171 σιλέως
616 3102 1026 3181 καθαπτόμενος
1079 3103 1352 3180 σφοδρῶς,
1408 3100 1623 3183 φάσκων
1667 3101 1839 3164 οὕτως
1871 3103 1945 3167 ὡς
1981 3101 2037 3159 ἐκ

2142 1947 2244 2018 qui
2287 1947 2453 2018 Cpoli
2500 1946 2796 2013 vivebant,
2850 1946 3129 2003 mandato
3179 1946 3460 2001 Honorati
3507 1946 3792 2018 prmfecti,

2136 2037 2341 2092 multis
2362 2036 2602 2092 talentis
2620 2040 2993 2093 constantem
3012 2036 3075 2091 in
3087 2035 3476 2107 Chalcoprato
3492 2035 3795 2093 aadiﬁcant

2137 2142 2512 2200 synagogam.
2547 2125 2866 2185 Prmfectns
2892 2140 2926 2181 ο
2955 2124 3306 2183 Christianis
3337 2125 3466 2196 ejus
3495 2125 3580 2179 rei
3612 2142 3792 2183 causa

2137 2216 2504 2287 objurgatus,
2532 2219 2738 2287 utpote
2770 2215 2982 2271 Greca:
3012 2213 3317 2286 religionis
3348 2216 3622 2282 sectator,
3657 2215 3790 2271 ani-

2135 2322 2300 2364 mum
2331 2305 2416 2362 eis
2444 2322 2566 2363 non
2596 2304 2864 2361 advertit.
2914 2305 3119 2376 Itaque
3175 2303 3215 2359 ii
3274 2308 3452 2363 noctu
3491 2320 3623 2361 eam
3652 2304 3787 2375 igne

2138 2394 2356 2466 injecto
2388 2398 2673 2451 cremant.
2699 2392 3018 2453 Praefectus
3050 2407 3118 2447 eo
3150 2390 3221 2449 de
3250 2390 3405 2449 facto
3432 2391 3505 2447 ad
3535 2392 3790 2463 impera-

2140 2488 2331 2541 torem
2361 2481 2587 2550 scribit,
2645 2480 2797 2537 cives
2855 2495 3160 2547 accusans,
3216 2480 3611 2550 impetratque
3643 2486 3709 2535 ut
3740 2481 3788 2536 is

2135 2572 2346 2645 jubeat
2378 2569 2651 2629 mulctari
2697 2568 2855 2629 cives
2911 2573 2969 2625 et
3017 2568 3181 2627 reﬁci
3213 2583 3589 2640 synagogam.
3622 2568 3792 2625 Cives

2142 2677 2315 2733 opem
2344 2659 2641 2719 Ambrosii
2670 2658 3013 2730 implorant.
3036 2658 3091 2717 Is
3112 2673 3247 2714 cum
3269 2657 3423 2719 512
3454 2656 3793 2715 natalitium

2143 2750 2359 2809 Christi
2388 2750 2606 2809 festum
2661 2753 2896 2819 tempus
2953 2746 3306 2815 advenisset,
3338 2762 3473 2818 rege
3506 2746 3797 2817 templum

2144 2842 2433 2914 ingresso,
2458 2855 2647 2911 pauca
2671 2836 2946 2909 quaedam
2970 2836 3044 2891 de
3067 2852 3137 2893 ea
3161 2835 3537 2895 solemnitate
3569 2838 3800 2897 concio-

2144 2935 2319 2989 natus
2341 2928 2630 3000 majorem
2649 2926 2937 2985 orationis
2958 2928 3186 2997 partem
3204 2924 3323 2983 acri
3335 2930 3422 2979 ter
3437 2924 3796 2995 increpando

2145 3021 2566 3092 imperatorem
2590 3016 2932 3088 insumpsit,
2966 3014 3048 3073 ita
3094 3014 3155 3071 in
3213 3013 3316 3071 Dei
3375 3030 3630 3085 persona
3660 3030 3797 3071 eum

2147 3110 2516 3182 compellans
2542 3125 2555 3163 :
2587 3110 2789 3163 Nonne
2823 3110 2880 3161 te
2911 3121 3016 3179 ego
3048 3104 3122 3160 de
3152 3109 3388 3175 pastore
3416 3105 3634 3171 ovium,
3656 3105 3800 3165 insi-

384 3194 684 3269 προσώπου
710 3196 808 3247 τοῖ’)
839 3195 993 3251 8305'
1036 3189 1150 3249 Οὐκ
1194 3190 1304 3268 ἐγώ
1358 3211 1424 3246 σα
1476 3191 1707 3265 ποιμένα
1736 3192 1865 3248 ’ὀντα
1895 3212 2035 3269 προ-

388 3280 419 3297 n
438 3283 449 3297 ο
610 3280 656 3297 91-
796 3283 820 3297 Α
986 3284 1012 3297 ν
1123 3280 1143 3297 κ
1385 3280 1398 3297 1
1563 3276 1588 3297 Ἰ
1604 3295 1609 3297 .
1666 3276 1695 3297 ρ
1894 3281 1907 3297 ι
2005 3285 2031 3297 ν

2151 3200 2448 3257 diantibus
2479 3203 2770 3270 ereptum,
2793 3196 2998 3269 populi
3028 3195 3145 3249 mei
3177 3198 3475 3265 pastorem
3506 3210 3575 3249 ac
3607 3194 3797 3265 impe-

385 3280 564 3339 ϐάτων
605 3280 882 3353 ἐξοπισοεν
944 3284 1055 3336 τῶν
1123 3280 1511 3356 λοχευομένων
1561 3276 1779 3353 ἔλαϐον,
1821 3281 2035 3337 καὶτοῦ

386 3372 527 3430 λαοῦ
560 3394 665 3447 μου
696 3373 934 3444 ποιμένα
979 3370 1070 3426 καὶ
1131 3369 1358 3446 βασιλέα
1412 3371 1752 3441 κατὲστησα;
1785 3370 1899 3429 Οὖκ
1929 3370 2038 3446 ἐγώ

389 3484 487 3519 σου
541 3463 642 3531 τήν
696 3460 942 3539 κεφαλὴν
997 3458 1298 3539 αὐχμῶσαν
1355 3460 1447 3514 καί
1496 3462 1820 3538 φθειριῶσαν
1847 3464 2041 3536 ’χρυσῷ

392 3554 641 3629 στεφάνῳ
699 3548 1158 3607 κατεοιαλλώπισα
1215 3549 1303 3604 καὶ
1359 3548 1539 3619 ταινίᾳ
1595 3549 2041 3626 χρυσοποριρύρῳ

390 3642 720 3717 ἐκόσμησας
779 3639 882 3701 Καὶ
932 3637 1026 3694 ’ίνα
1081 3637 1131 3692 τί
1189 3637 1319 3701 τοὺς
1376 3636 1605 3716 σφαγέας
1656 3642 1753 3693 τοῦ
1782 3639 1903 3693 υἱοῦ
1937 3659 2041 3713 μου

392 3732 725 3807 προκρίτους
779 3725 924 3805 ἄγεις
982 3726 1069 3782 καὶ
1147 3726 1238 3782 τὸν
1288 3725 1418 3800 ὲμόν
1475 3725 1607 3783 λαὸν
1659 3726 2041 3802 κατατρύχεις,

396 3818 750 3890 ποινηλατῶν
776 3818 876 3886 τὴν
922 3815 1301 3891 κληρονομίαν
1364 3834 1507 3891 μου;
1564 3814 1670 3872 Καὶ
1701 3817 1729 3871 6
1764 3814 2040 3893 βασιλεύς.

393 3908 460 3966 Τί
489 3913 686 3973 ποιεῖς,
718 3906 1016 3975 ἐπίσκοπες
1045 3907 1159 3975 Τὴν
1206 3904 1398 3980 ὲορτήν
1445 3902 1761 3961 καταλιπὼν
1794 3903 1932 3975 ὅλην
1960 3905 2043 3960 ἐπ’

396 3999 497 4071 ἐμὲ
524 4000 623 4071 τὴν
655 3995 1006 4072 δημηγορίαν
1056 3995 1394 4071 ἓξήρτησαςς
1436 3996 1539 4052 Καὶ
1598 3996 1626 4050 6
1688 3990 2038 4069 Ἀμϐρόσιος·

394 4086 474 4143 Οὐ
503 4088 642 4145 κατά
681 4090 799 4156 σοῦ,
861 4083 1112 4163 βασιλεῦ,
1144 4082 1273 4139 ἀλλ’
1335 4083 1468 4160 ὑπὲρ
1525 4088 1640 4139 σοῦ.
1673 4084 1734 4138 Τί
1765 4084 1868 4160 γὰρ
1898 4077 2044 4143 ἔσται

391 4181 742 4252 Χριστιανοῖς
772 4172 914 4230 ἄλλο
975 4170 1301 4251 δεινότερον,
1348 4173 1442 4228 ’ίνα
1492 4173 1582 4228 καὶ
1612 4171 1886 4230 Ἰουδαίων
1922 4195 2045 4229 συν-

393 4266 616 4341 αγωγὰς
673 4264 1053 4340 ἀπαρτίζωσι;
1113 4262 1218 4319 Καὶ
1276 4264 1305 4317 6
1365 4261 1641 4336 βασιλεῦςσ
1702 4264 1807 4319 Καὶ
1839 4260 2044 4320 δίκαιόν

394 4355 538 4410 ἐστιν
566 4356 656 4411 ἳνα
687 4355 716 4409 6'
744 4354 833 4408 ἐὰν
865 4350 993 4423 δόξῃ
1050 4349 1215 4427 δήμῳ
1247 4350 1460 4424 ἀτάκτῳ
1513 4349 1601 4405 ἐπὶ
1653 4349 1912 4427 βασιλικῇ
1943 4352 2044 4408 πό-

397 4443 482 4500 λει
516 4443 905 4519 κατεργάζηται
933 4459 947 4509 ;
980 4440 1077 4495 Καὶ
1137 4441 1166 4498 6
1221 4435 1575 4515 ’Λμϐρόσιοςο
1633 4441 1733 4497 Καὶ
1765 4445 1927 4496 τοῦτο
1959 4439 2047 4496 δίη

394 4533 549 4589 καιόν
608 4531 743 4603 ἐστι,
804 4528 1073 4607 βασιλέων
1133 4524 1530 4598 θεοσεϐέστατε,
1577 4526 1653 4582 ⁸ίν³
1705 4530 1795 4585 Eni
1828 4528 2046 4594 πόλεως

397 4595 815 4699 βασιλευούσης.
858 4617 1112 4677 Ἰουδαῖοι
1178 4595 1545 4698 βλασφήμους
1603 4615 1749 4691 ᾠδὰς
1802 4595 2125 4694 ἀναπέμ-Ῑ)

395 4730 583 4781 nam;
642 4712 738 4780 Μὴ
793 4709 974 4781 τούτῳ
1031 4709 1356 4782 στοιχήσῃς,
1419 4705 1685 4782 βασιλέων
1734 4710 2045 4785 πανάριστεο

394 4803 451 4857 οἱ
479 4803 581 4877 γὰρ
614 4799 833 4857 ἐκείνων
878 4797 1038 4877 εὖχαὶ
1101 4795 1444 4875 βλασφημίαι
1498 4797 1589 4853 καὶ
1620 4794 1803 4871 ὕϐρεις
1830 4798 1921 4854 καὶ
1950 4798 2051 4874 ἆῤ.-

397 4888 722 4967 ῥητολογίαι
752 4892 1110 4966 τυγχάνουσι.
1145 4886 1247 4944 Καὶ
1276 4891 1448 4943 ταῦτα
1491 4885 1751 4964 λέγοντος
1799 4884 2048 4964 Ἀμϐρο-

397 4980 520 5035 σίου
548 4981 753 5057 ἀφῆκεν
782 4980 810 5033 6
845 4976 1101 5053 βασιλεὺς
1155 4977 1219 5034 τὸ
1273 4975 1575 5050 ἐπιτίμιον,
1605 4975 1776 5050 νόμον
1826 4974 2051 5051 ἐκθέμε-

396 5089 490 5131 νος
523 5070 601 5143 μή
633 5067 779 5145 ἔχειν
812 5064 1111 5128 Ἰουδαίους
1150 5064 1204 5121 ἐν
1252 5063 1532 5138 Βυζαντίῳ
1562 5068 1876 5143 συναγωγὴν
1912 5070 2051 5139 μήτε

394 5158 613 5231 τολμᾷν
645 5156 889 5231 δημοσίᾳ
915 5155 1338 5232 προσεύχεσθαι.

470 5249 557 5307 Ἐν
602 5248 821 5310 τούτοις
874 5246 910 5316 ἥ
962 5267 1021 5304 τι
1071 5250 1180 5303 τῶν
1237 5242 1627 5321 Ὀλυμπιάδων
1678 5245 1887 5320 ἆπὲσϐη
1918 5271 2050 5306 nav-

398 5339 619 5415 ήγυρις,
646 5338 770 5410 ἥτις
795 5337 934 5393 κατὰ
964 5339 1048 5409 [Ρ.
1070 5337 1197 5410 327]
1230 5335 1692 5410 τετραετῆχρόνον
1722 5335 2048 5398 ἐπιτελεῖτο.

2150 3295 2409 3349 ratorem
2440 3287 2767 3349 constitui?
2790 3287 2997 3345 Nonne
3028 3288 3204 3359 caput
3234 3288 3398 3339 tuum
3431 3281 3706 3354 squalore
3737 3288 3797 3338 et

2148 3380 2437 3459 pediculis
2466 3379 2730 3437 deforme
2762 3392 2942 3434 aurea
2970 3392 3193 3433 corona
3220 3373 3492 3431 redimivi
3530 3389 3599 3428 ac
3620 3373 3799 3431 taenia

2149 3487 2292 3527 auro
2326 3483 2706 3547 purpuraque
2738 3464 2955 3537 insigni
3014 3462 3341 3523 exornavi?
3395 3463 3584 3531 Quare
3618 3462 3799 3533 igitur

2150 3558 2280 3617 Filii
2312 3558 2425 3615 mei
2463 3555 2867 3613 interfectores
2915 3553 3141 3625 primas
3194 3558 3294 3611 tuo
3335 3551 3563 3623 judicio
3595 3554 3801 3609 tenent

2150 3647 2570 3725 partes?Quare
2588 3644 2873 3719 populum
2892 3658 3090 3701 meum
3109 3647 3165 3695 et
3179 3641 3587 3699 haereditatem
3604 3657 3801 3697 meam

2151 3736 2355 3797 multis
2405 3734 2610 3791 atteris
2629 3734 2657 3791 ?
2678 3732 2765 3789 Ad
2795 3732 2921 3789 hanc
2950 3732 3275 3801 imperator
3300 3747 3312 3783 :
3346 3730 3498 3795 Quid
3525 3730 3669 3802 agis,
3702 3729 3792 3785 in-

2153 3825 2301 3897 quit,
2335 3824 2633 3899 episcope,
2694 3820 2795 3895 qui
2855 3819 3248 3877 solemnitatis
3304 3819 3526 3873 omissa
3554 3819 3806 3875 materia

2152 3920 2337 3971 totam
2384 3913 2447 3969 in
2489 3928 2585 3972 me
2641 3910 2843 3985 dirigis
2897 3908 3277 3968 orationem?
3333 3908 3461 3965 Non
3490 3906 3804 3965 adversum

2154 4010 2232 4072 te,
2266 4002 2465 4073 inquit
2484 3997 2971 4063 Ambrosius,sed
2994 4013 3098 4068 pro
3122 4002 3177 4050 te
3200 3997 3310 4053 hoc
3338 3996 3436 4051 ﬁt:
3471 3995 3613 4071 quid
3641 3995 3803 4051 enim

2152 4092 2387 4166 gravius
2409 4092 2469 4145 in
2490 4089 2854 4145 Christianos
2872 4087 3065 4159 potuit
3086 4085 3262 4141 statui
3287 4101 3464 4156 quam
3488 4089 3553 4139 ut
3570 4083 3804 4139 Iudaeo-

2154 4199 2287 4237 rum
2320 4195 2644 4253 synagogas
2701 4176 3016 4234 reﬁciant?
3070 4177 3216 4229 Tum
3244 4173 3641 4229 Theodosius:
3673 4175 3801 4228 Jus-

2156 4278 2359 4329 tumne
2390 4288 2526 4344 ergo
2558 4269 2665 4325 tibi
2695 4267 2927 4323 videtur
2956 4266 3191 4322 turbam
3236 4264 3545 4321 hominum
3578 4264 3804 4318 incom-

2154 4363 2408 4435 positam
2449 4361 2511 4415 in
2554 4359 2718 4433 regia
2774 4356 2919 4412 urbe
2980 4372 3085 4427 pro
3143 4370 3250 4409 sua
3306 4353 3554 4408 libidine
3585 4352 3804 4425 agere?

2157 4451 2485 4526 Respondit
2502 4449 2851 4506 Ambrosius
2876 4465 2887 4502 :
2911 4447 3059 4514 Quid
3077 4447 3105 4502 ‘?
3124 4448 3433 4501 Justumne
3459 4450 3633 4517 putas
3656 4462 3806 4513 esse,

2158 4543 2426 4615 piissime
2449 4541 2793 4615 imperator,
2819 4542 2884 4593 ut
2904 4538 2966 4592 in
2988 4537 3132 4591 urbe
3157 4552 3287 4607 quea
3309 4553 3413 4591 arx
3436 4540 3524 4590 est
3547 4533 3806 4606 imperii,

2154 4631 2337 4687 Judaei
2375 4632 2434 4686 in
2470 4630 2660 4687 Deum
2691 4627 3122 4684 contumeliosa
3152 4626 3421 4680 carmina
3449 4622 3805 4680 decantent!

2158 4722 2239 4776 Ne
2270 4720 2380 4776 hac
2406 4720 2499 4774 via
2528 4717 2881 4792 ingrediare,
2905 4715 3126 4789 Optime
3149 4715 3447 4787 princeps.
3470 4712 3810 4767 Judaeorum

2160 4809 2323 4865 enim
2352 4814 2486 4864 vota
2514 4808 2576 4862 in
2609 4807 2795 4862 Deum
2826 4804 3140 4860 maledicta
3160 4808 3319 4873 sunt
3349 4808 3407 4856 et
3435 4798 3808 4856 contumelia)

2156 4904 2334 4970 atque
2366 4896 2623 4954 infandas
2656 4895 3113 4953 exsecrationes.
3150 4894 3250 4947 His
3282 4891 3578 4946 Ambrosii
3609 4894 3807 4944 motus

2156 4988 2351 5043 verbis
2381 4987 2702 5058 imperator
2757 4982 3107 5041 Christianis
3154 4981 3400 5037 multum
3441 4978 3689 5045 remisit,
3722 4977 3807 5032 le-

2157 5092 2406 5149 gemque
2439 5076 2573 5131 tulit
2609 5091 2685 5129 ne
2738 5072 2924 5129 Judaei
2956 5071 3214 5142 Byzantii
3247 5084 3603 5142 synagogam
3632 5066 3812 5123 habeo

2157 5170 2295 5221 rent
2322 5181 2468 5221 neve
2501 5164 2563 5219 in
2588 5161 2827 5235 publico
2857 5176 3064 5232 preces
3094 5161 3378 5214 facerent.

2229 5256 2383 5312 δη
2413 5256 2559 5309 Tum
2598 5251 3006 5322 Olympiorum
3055 5248 3234 5304 desiit
3278 5247 3581 5303 festivitas.
3616 5244 3811 5317 quarti

2160 5345 2449 5416 cujusque
2479 5343 2621 5400 anni
2653 5341 2812 5398 exitu
2867 5339 3043 5395 solita
3099 5337 3408 5409 celebrari,
3440 5336 3713 5393 instituta
3743 5353 3813 5393 eo

1605 5463 1967 5523 XYLANDRI
2003 5468 2089 5525 ET
2129 5469 2344 5526 GOARI
2383 5471 2605 5528 NOTAE.

470 5594 584 5669 (44)
615 5595 680 5651 In
712 5592 1015 5669 margine:
1063 5590 1269 5669 ξὈντως
1297 5586 1585 5669 ,ἐλάλησεν
1621 5588 1867 5669 ᾖναντίον
1901 5587 2048 5651 ϐασι.

398 5661 577 5737 λέξον,
627 5685 716 5723 και
777 5661 876 5718 odi
930 5661 1223 5743 ᾐσχύνετο,
1278 5662 1507 5725 Alludit
1564 5661 1641 5723 ad
1684 5665 1830 5729 Psal,
1868 5683 2055 5727 οιγιιι.

2160 5597 2271 5654 Sed
2297 5600 2455 5670 quod
2487 5600 2561 5655 de
2592 5597 2934 5656 indictionis
2976 5594 3248 5668 sequitur
3296 5597 3519 5668 etymo,
3553 5597 3642 5651 est
3670 5590 3820 5647 ridi~

2170 5671 2391 5733 culum.
2423 5673 2561 5731 XrL.
