4170 6204
365 319 485 380 623

1719 303 2029 366 GEORGII
2070 303 2411 366 CEDBENI

3655 298 3778 360 624

366 457 652 525 tempore,
684 466 800 522 quo
827 450 1120 502 Manasses
1148 442 1298 498 Juda
1326 457 1427 496 rex
1455 440 1588 508 fuit,
1616 444 1674 494 et
1712 455 1902 510 usque
1931 437 2006 493 ad

2143 438 2351 511 Ηρξατο
2404 434 2495 525 ᾃδὶ
2543 439 2579 507 ἡ
2626 435 2859 525 ,τοιαύτη
2945 436 3254 510 πανήγυρις
3326 435 3419 489 ὅτε
3475 437 3780 503 Μανασσῆς

366 541 684 613 imperium
703 534 1010 592 Theodosii
1029 530 1334 603 perducta.
1348 531 1783 601 Cceperuntque
1799 543 1980 583 nume
1993 557 2010 568 -

2118 531 2225 581 τῶν
2284 523 2562 585 Ἰουδαίων
2619 520 2953 593 ἐϐασίλευσε,
3011 525 3100 579 καὶ
3162 521 3494 603 ἐφυλάττετο
3536 520 3642 584 ἕως
3669 527 3772 592 τῆς

364 609 484 685 rari
516 625 893 690 indictiones,
920 636 1171 693 quarum
1202 618 1562 691 principium
1595 618 1658 672 in
1691 620 1756 672 l5
1785 632 2012 672 annum

2143 617 2301 690 ὶρχῆς
2331 616 2499 671 αὐτοῦ
2554 618 2654 671 τοῦ
2724 612 2970 693 μεγάλου
3026 609 3338 669 Θεοδοσίου.
3402 611 3500 667 Καὶ
3541 612 3775 687 ἤρξαντο

364 715 597 788 imperii
625 712 893 785 Augusti.
924 712 1151 766 Nomen
1182 708 1362 764 habet
1400 707 1646 764 indictio
1678 706 1751 762 ab
1783 707 2017 762 Actiaca

2143 705 2470 779 ἱριθμεῖσθαι
2518 706 2574 760 αἱ
2624 701 2878 775 ἴνδικτοι,
2947 702 3240 779 ἀρξάμεναι
3293 701 3402 757 ἀπὸ
3458 699 3777 788 Αὐγούστου

362 804 624 868 victoria,
652 807 712 858 et
756 805 848 857 est
900 801 1136 856 Actium
1184 797 1659 870 promontorium
1694 794 2014 867 Nicopolis,

364 893 531 950 urbis
562 893 622 947 in
652 892 825 964 Epiro
857 891 985 946 sita
1013 906 1027 956 ;
1060 888 1221 960 quod
1275 904 1345 944 eo
1399 893 1667 960 tempore
1720 888 2018 957 Augustus

366 983 449 1037 ibi
482 981 725 1037 devictis
754 980 1013 1037 Antonio
1037 984 1095 1034 et
1115 978 1429 1049 Cleopatra
1459 976 1620 1033 solus
1641 990 1841 1031 rerum
1864 989 2021 1030 sum-

364 1087 527 1128 mam
558 1070 838 1127 obtinuit.

438 1354 609 1410 Enim
628 1370 763 1410 vero
782 1352 1151 1409 Theodosius
1172 1349 1464 1423 principio
1486 1347 1577 1403 sui
1592 1346 1826 1418 imperii
1840 1348 2026 1402 Roma

377 1443 706 1500 abduxerat
732 1457 1011 1515 magnum
1042 1440 1214 1494 illum
1256 1437 1593 1503 Arsenium,
1625 1451 1761 1491 cum
1793 1435 1865 1490 de
1896 1433 2026 1505 ejus

366 1549 557 1588 rerum
567 1533 1086 1601 humanarumque
1100 1527 1551 1597 divinarumque
1564 1525 1778 1597 peritia
1794 1523 2026 1579 inaudio

368 1623 588 1687 visset;
620 1621 794 1692 eique
848 1637 986 1675 suos
1047 1618 1201 1674 filios
1257 1615 1579 1672 Arcadium
1613 1620 1671 1669 et
1699 1612 2025 1669 Honorium

377 1713 559 1769 sacris
588 1711 804 1767 litteris
826 1709 1225 1765 instituendos
1250 1705 1789 1770 commendaverat,
1812 1720 1881 1758 ac
1911 1704 2030 1758 Ca-

2123 795 2395 871 Καίσαρος
2454 793 2507 850 ἰν
2546 792 2652 851 ἔτει
2715 794 2772 849 ιε’
2827 796 2926 864 τῆς
2984 793 3166 871 ἀρχῆς
3206 792 3391 850 αὐτοῦ.
3422 789 3682 849 Καλεῖται
3717 786 3776 845 δὲ

2125 880 2423 952 ίνδικτιὼν,
2474 882 2751 940 τουτέστιν
2817 881 3092 949 ίνακτιὼν,
3150 882 3187 950 ἡ
3247 879 3372 956 περὶ
3429 880 3493 935 τὸ
3549 881 3778 937 ’Ἄκτιον

2124 973 2272 1044 νίκη.
2303 975 2527 1029 ’Ἄκτιον
2587 969 2645 1028 δέ
2698 971 2840 1028 ἐστιν
2894 971 3239 1046 ἀκρωτήριον
3293 968 3647 1032 Νικοπόλεως
3678 975 3784 1038 τῆς

2128 1062 2410 1139 Ἠπείρου,
2467 1057 2595 1118 ἔνθα
2652 1063 3032 1137 μαχεσάμενος
3084 1056 3399 1136 Αὔγουστος
3435 1061 3528 1115 τὸν
3560 1079 3621 1115 τε
3652 1059 3782 1116 ’Λνο

2126 1153 2319 1208 τώνιον
2371 1153 2460 1208 καὶ
2516 1149 2876 1228 Κλεοπάτραν
2951 1149 3185 1221 ἐνίκησε,
3249 1148 3529 1224 μόναρχος
3578 1144 3790 1204 ἀναδει-

2129 1243 2285 1322 χθεὶς
2316 1246 2397 1315 τῷ
2423 1243 2547 1298 τότε
2576 1242 2784 1318 χρόνῳ.

2198 1352 2264 1409 Ὀ
2290 1347 2383 1405 οὖν
2416 1351 2587 1426 μὲγας
2615 1346 2904 1411 Θεοδόσιος
2929 1347 3135 1425 ἢγαγεν
3161 1347 3267 1402 ἀπὸ
3298 1346 3525 1419 Ῥώμης
3551 1342 3607 1400 ἐν
3638 1342 3791 1420 ἀρχῇ

2128 1446 2228 1510 τῆς
2266 1437 2547 1515 βασιλείας
2598 1435 2768 1494 αὐτοῦ
2823 1437 2917 1493 τὸν
2991 1433 3158 1514 μέγαν
3216 1436 3524 1511 Ἀρσένιον,
3555 1432 3792 1494 ἀκούσας

2132 1531 2256 1604 περὶ
2312 1535 2413 1598 τῆς
2473 1527 2664 1607 σοιρίας
2721 1525 2886 1582 αὐτοῦ
2970 1526 3064 1581 καὶ
3123 1531 3308 1596 θεῖκῆς
3358 1524 3639 1599 γνώσεως,
3697 1522 3792 1578 καὶ

2132 1618 2312 1691 τούτῳ
2361 1614 2646 1692 Ἀρκάδιον
2701 1615 3053 1689 καὶὉνώριον
3109 1613 3237 1676 τοὺς
3295 1612 3447 1675 υἱοὺς
3502 1610 3667 1667 αὐτοῦ
3697 1608 3791 1666 δὲ·

2135 1704 2298 1777 δωκε,
2329 1703 2674 1771 παιδεύεσθαι
2729 1705 2819 1760 ὑπ’
2874 1704 3041 1759 αὐτοῦ
3096 1705 3166 1759 τά
3222 1702 3343 1772 ἱερά
3370 1701 3697 1779 γράμματα,
3730 1698 3791 1755 ὅν

370 1818 571 1858 sarum
593 1805 823 1873 patrem
851 1798 1260 1854 constituerat.
1288 1797 1344 1850 Is
1365 1794 1649 1850 Arsenius
1669 1794 1855 1848 Deum
1878 1807 2026 1862 qua.

2143 1797 2224 1853 καὶ
2283 1794 2729 1872 βασιλεοπάτορα
2783 1792 3103 1863 πεποίηκεν.
3145 1792 3316 1853 Οὗτος
3374 1789 3426 1845 ἐν
3486 1790 3643 1846 νυκτὶ
3673 1786 3795 1845 δεό-

368 1889 505 1946 dam
535 1894 708 1946 nocte
742 1889 1025 1944 invocans
1054 1901 1256 1941 vocem
1286 1883 1514 1939 audivit
1554 1883 1637 1937 ita
1671 1880 2025 1953 praecipien-

370 1984 534 2035 tem:
570 1978 803 2043 Arseni,
836 1977 971 2050 fuge
1000 1975 1295 2040 homines,
1329 1978 1388 2028 et
1418 1972 1611 2028 salvus
1642 1971 1779 2027 eris.

438 2085 601 2140 Idem
617 2083 982 2140 Theodosius
1009 2080 1229 2152 templa
1251 2080 1595 2135 fictitiorum
1618 2077 1882 2143 deorum,
1898 2094 2030 2149 qua

375 2179 606 2231 tantum
664 2171 897 2227 occludi
968 2169 1391 2226 Constantinus
1449 2183 1698 2241 magnus
1746 2166 2029 2239 jusserat,

375 2263 576 2319 omnia
605 2261 873 2318 funditus
905 2258 1451 2316 evertit.Mediolani
1483 2275 1554 2314 ex
1580 2256 1786 2312 morbo
1819 2256 2033 2311 deces-

379 2353 457 2408 sit
499 2351 938 2425 sexagenarius,
972 2354 1287 2421 postquam
1346 2348 1699 2418 imperasset
1728 2361 1915 2401 annos
1946 2346 2030 2411 16,

384 2441 619 2497 duobus
649 2440 791 2496 ﬁliis
820 2439 1065 2507 relictis,
1106 2454 1360 2510 quorum
1408 2436 1692 2509 majorem
1723 2433 2033 2491 Arcadium

381 2529 607 2585 Orienti
621 2527 1400 2602 prafeoit,llonorium,cum
1416 2522 2030 2593 Placidia,0ccidenti.

378 2625 463 2676 Ac
494 2618 788 2674 Honorius
818 2615 1058 2689 quidem
1092 2619 1386 2673 Ravenna
1415 2613 1635 2686 regiam
1668 2628 1837 2668 suam
1872 2612 1970 2669 57
1984 2613 2033 2666 Δ

380 2706 707 2774 constituit,
740 2704 1007 2760 Placidia
1061 2709 1261 2759 autem
1321 2702 1585 2758 Gratiani
1646 2701 1772 2757 filia
1811 2703 2032 2756 Roma.

381 2795 573 2851 Patris
602 2809 818 2865 corpus
876 2791 1165 2848 Arcadius
1221 2790 1429 2863 Cpolin
1476 2788 1693 2845 detulit
1742 2793 1919 2860 atque
1971 2788 2035 2842 in

2135 1908 2293 1962 μενος
2322 1889 2420 1942 τοῦ
2468 1889 2603 1942 Θεοῦ
2659 1884 2861 1954 ἢκουσε
2916 1888 3102 1961 φωνῆς
3158 1879 3427 1955 λεγούσης
3459 1877 3628 1952 αὐτῷ’
3662 1879 3791 1954 Ἀρο

2134 1978 2293 2046 σὲνιε,
2320 1980 2485 2054 φεῦγε
2506 1976 2633 2037 τοὺς
2660 1974 3000 2050 ἀνθρώπους,
3032 1971 3123 2027 καὶ
3155 1971 3322 2045 σώζῃ.

2206 2086 2377 2148 Οὗτος
2430 2085 2458 2140 6
2500 2080 2790 2145 Θεοδόσιος
2853 2081 2981 2143 τοὺς
3049 2075 3374 2141 εἶδωλικοὺς
3403 2075 3591 2145 ναοὺς,
3631 2074 3730 2138 οὕς
3762 2075 3792 2131 6

2139 2175 2306 2251 μέγας
2364 2177 2769 2233 Κωνσταντῖνος
2854 2168 3173 2236 κλεισθῆναι
3254 2167 3419 2242 μόνον
3479 2165 3794 2241 προσέταξε,

2136 2265 2341 2327 πάντας
2397 2259 2502 2325 ἓως
2565 2258 2795 2342 ἐδάφους
2847 2257 3158 2316 κατέλυσεν.
3217 2258 3306 2314 Ἐν
3365 2252 3686 2327 Μεδιολάνῳ
3735 2252 3799 2309 δὲ

2136 2352 2491 2429 άρῥωστήσας
2522 2351 2795 2424 ἐκοιμήθη
2836 2348 2889 2405 ἐν
2946 2348 3150 2424 Κυρίῳ,
3212 2345 3471 2421 ὑπάρχων
3533 2343 3665 2400 ἐτῶν
3729 2342 3798 2431 ξ’.

2142 2443 2468 2520 βασιλεύσας
2522 2438 2620 2513 ’ἐτη
2682 2441 2768 2513 ιζ’,
2819 2436 3150 2512 καταλείψας
3178 2437 3307 2499 τοὺς
3338 2433 3434 2490 δύο
3483 2434 3641 2496 υἱοὺς
3686 2431 3789 2488 αύ-

2136 2537 2235 2589 τοῦ
2302 2528 2590 2608 Ἀρκάδιον
2661 2529 2756 2604 μὲν
2830 2528 2922 2584 τὸν
2985 2521 3354 2603 πρεσϐύτεραι
3423 2529 3524 2593 τῆς
3588 2522 3792 2594 Ἐῴας.

2137 2622 2399 2698 Ὅνώριον
2427 2617 2483 2677 δὶ
2510 2625 2618 2676 τῶν
2669 2616 2967 2693 Ἐσπερίων
3021 2614 3113 2671 σὺν
3172 2610 3462 2684 Πλακιδίᾳ.
3496 2611 3601 2669 Καὶ
3632 2612 3662 2666 6
3694 2610 3795 2698 μὶν

2139 2697 2401 2788 Ὀνώριος
2434 2705 2561 2786 ἔσχε
2616 2709 2682 2765 τὰ
2743 2705 2995 2785 βασίλεια
3045 2705 3122 2767 εἷς
3180 2698 3490 2773 Ῥάϐενναν,
3522 2697 3796 2758 Πλακιδία

2143 2799 2200 2855 δὲ
2256 2802 2293 2870 ἡ
2352 2799 2590 2875 θυγάτηρ
2648 2800 2947 2874 Γρατιανοῦ
3001 2793 3054 2850 ἐν
3106 2797 3177 2868 τῇ
3234 2792 3447 2867 Ῥώμῃ.
3482 2790 3795 2875 Μετήνεγκε

382 2884 520 2938 fano
579 2879 984 2954 apostolorum
1040 2878 1335 2951 deposuit.
1385 2878 1799 2949 Episcopatum
1848 2875 2027 2931 tenuit

2143 2886 2200 2945 δὲ
2226 2889 2289 2944 τὸ
2319 2874 2480 2961 σῶμα
2536 2888 2704 2943 αὐτοῦ
2760 2885 2812 2942 ἐν
2864 2880 3436 2941 Κωνσταντινουπύλει
3479 2874 3798 2955 Ἀρκάδιος,

382 2969 710 3040 Nectarius,
750 2985 908 3025 anno
962 2967 1168 3024 mundi
1222 2967 1382 3038 5888,
1433 2964 1861 3022 incarnationis
1890 2963 2027 3019 divi-

2143 2978 2251 3040 θεὶς
2280 2976 2331 3033 ἰν
2361 2981 2442 3051 τῷ
2464 2980 2579 3050 ναῷ
2606 2979 2714 3033 τῶν
2758 2974 2957 3052 Ἀγίων
3008 2970 3384 3033 Ἀποστόλων.
3437 2970 3551 3040 Τήν
3610 2965 3668 3023 δὶ
3691 2973 3799 3038 τῆς

382 3076 476 3116 na
507 3061 635 3115 394.

452 3260 741 3317 Arcadius
771 3258 1084 3314 Theodosii
1141 3255 1333 3329 Magni
1367 3254 1526 3311 illius
1584 3253 2028 3326 imperavitan-

378 3366 489 3407 nos
519 3352 605 3404 14.
638 3349 693 3404 Is
721 3348 929 3419 quinto
959 3346 1196 3419 imperii
1244 3344 1334 3401 sui
1383 3362 1540 3401 anno
1575 3344 1783 3400 Rostra
1816 3360 2030 3415 magna

378 3455 409 3494 e
440 3438 679 3509 regione
710 3435 971 3509 pratorii
1003 3434 1449 3491 exstruxitFuit
1472 3432 1757 3490 Arcadius
1782 3449 2028 3504 corpore

379 3525 702 3583 admodum
732 3524 1005 3593 deformi,
1038 3524 1228 3597 niger,
1263 3528 1491 3579 statura
1519 3539 1718 3595 parva,
1750 3521 1811 3577 id
1841 3539 2028 3578 unum

375 3616 730 3689 praclarum
786 3614 1011 3671 habens
1069 3611 1230 3686 quod
1288 3612 1438 3668 bene
1485 3611 1800 3675 scribebat,
1836 3612 1918 3667 ita
1955 3610 2027 3666 ab

375 3705 628 3762 Arsenio
661 3703 924 3761 edoctus.
976 3703 1094 3760 Sub
1153 3719 1222 3758 eo
1281 3701 1547 3774 reliquia
1598 3700 1753 3758 beati
1782 3700 2028 3757 Joannis

376 3795 653 3867 Baptista
715 3791 1137 3850 Alexandriam
1189 3791 1565 3863 transposita
1621 3796 1780 3847 sunt.
1833 3789 2025 3846 Etiam

376 3883 741 3958 peculiarem
774 3898 1094 3939 numerum
1143 3880 1309 3953 Cpoli
1360 3880 1636 3948 instituit,
1668 3896 1817 3952 quos
1848 3882 2028 3934 Arca-

377 3970 585 4030 dianos
616 3972 956 4047 appellavit.

454 4265 691 4319 Sextum
712 4261 962 4318 Arcadio
973 4276 1199 4316 annum
1220 4260 2029 4334 imperante,Chrysostomus

381 4352 576 4425 Cpolis
608 4352 919 4422 episcopus
974 4349 1252 4418 deligitur
1275 4391 1289 4417 ,
1329 4350 1498 4421 cujus
1528 4349 1819 4405 facundia
1851 4351 2029 4406 etiam

380 4440 658 4496 Libanius
691 4439 1099 4495 testimonium
1144 4438 1303 4494 tulit.
1345 4440 1743 4512 Interrogatus
1770 4456 2030 4511 namque

2147 3067 2555 3144 ἀρχιερωσύνης
2613 3062 2874 3141 καθέδραν
2931 3068 3157 3142 κατεῖχε
3213 3059 3531 3136 Νεκτάριος,
3578 3058 3790 3131 κόσμου

2061 3172 2104 3239 C
2142 3152 2250 3214 ἔτει
2280 3157 2472 3229 εωπη’,
2501 3163 2600 3227 τῆς
2629 3155 2774 3217 θείας
2806 3154 3129 3231 σαρκώσεως
3163 3148 3301 3230 τιιδκ

2207 3262 2495 3342 ’Δρκάδιος
2550 3265 2579 3320 6
2638 3264 2754 3327 υίὸς
2809 3267 2908 3319 τοῦ
2968 3258 3210 3337 μεγάλου
3261 3254 3553 3314 Θεοδοσίου
3604 3249 3792 3310 ἐϐασίο

2135 3354 2322 3411 λευσεν
2370 3352 2463 3426 ἔτη
2527 3350 2610 3410 ιδ’.
2653 3355 2825 3416 Οὗτος
2884 3351 2937 3408 ἐν
2995 3354 3075 3423 τῷ
3130 3350 3169 3405 ε“
3222 3346 3328 3404 ἔτει
3356 3348 3448 3403 τὸν
3484 3343 3655 3421 μέγαν
3685 3342 3793 3415 ἔμ-

2136 3440 2303 3500 ϐολον
2346 3444 2567 3518 ἀντικρὺ
2623 3445 2725 3497 τοῦ
2781 3438 3124 3518 πραιτωρίου
3179 3435 3412 3494 ἔκτισεν.
3445 3436 3547 3491 Ἦν
3580 3430 3638 3488 δὲ
3667 3434 3798 3509 ’Δρ-

2136 3531 2323 3591 κάδιον
2350 3534 2448 3602 τὴν
2481 3533 2623 3588 θὲσιν
2685 3534 2787 3586 τοῦ
2843 3530 3101 3605 σώματος
3156 3524 3586 3601 εἶδεχθὲστατος,
3624 3519 3798 3598 μὲλας

2134 3625 2236 3693 τήν
2266 3622 2484 3700 χροιάν,
2522 3623 2623 3692 τὴν
2684 3619 2907 3691 ἡλικίαν
2961 3616 3323 3697 φαυλότατος,
3353 3611 3408 3669 ἓν
3441 3615 3604 3687 μόνον
3640 3606 3784 3687 ἔχων

2134 3711 2519 3785 πλεονέκτημα
2571 3711 2635 3767 τὸ
2688 3707 2877 3771 καλῶς
2934 3708 3181 3787 γράφειν,
3242 3704 3273 3760 ὅ
3325 3702 3471 3779 παρᾶ
3498 3706 3597 3759 τοῦ
3629 3702 3789 3778 μεγά-

2136 3800 2238 3859 λου
2296 3800 2577 3876 Ἀρσενίου
2634 3794 3004 3870 ἐξεπαίδεύθη.
3093 3792 3217 3852 Ἐπὶ
3270 3793 3472 3849 τούτου
3530 3793 3788 3867 μετετὲοη

2134 3892 2202 3947 τά
2231 3890 2460 3966 λείψανα
2498 3893 2596 3945 τοῦ
2652 3888 2814 3963 ἁγίου
2864 3886 3148 3962 προφήτου
3202 3878 3533 3958 Προδρόμου
3562 3880 3655 3937 καὶ
3688 3886 3793 3935 Βα-

2135 3983 2363 4036 πτιστοῦ
2439 3979 2690 4037 Ἰωάννου
2763 3975 2818 4032 ἐν
2890 3969 3288 4049 Ἀλεξανδρείᾳ.
3367 3975 3523 4027 Ποιεῖ
3578 3966 3636 4025 δὲ
3699 3966 3791 4025 καὶ

2138 4066 2279 4126 ἴδιον
2346 4067 2581 4143 ἀριθμὸν
2648 4065 2701 4123 ἐν
2760 4058 3352 4130 Κωνσταντινουπόλει,
3407 4058 3500 4121 οὕς
3540 4055 3792 4115 ἐκάλεσεν

2136 4155 2519 4235 ’Λρκαδικούᾳ

2207 4267 2301 4339 Τῷ
2356 4264 2395 4330 ς’
2443 4262 2640 4320 τούτου
2698 4263 2927 4333 ἐνιαυτῷ
2986 4263 3385 4336 χειροτονεῖται
3414 4257 3444 4312 6
3476 4256 3795 4332 Χρυσόστο-

2143 4375 2248 4429 μος
2288 4352 2340 4410 ἐν
2374 4350 2964 4420 Κωνσταντινουπόλει,
3014 4348 3060 4421 ᾦ
3116 4348 3211 4404 καὶ
3264 4341 3520 4409 Λιϐάνιος
3561 4345 3797 4419 ὑμαρτύ·

2141 4463 2293 4521 ρησε.
2323 4443 2654 4517 Πυθομινων
2689 4443 2796 4519 γὰρ
2839 4445 2947 4495 τῶν
2999 4438 3166 4494 αὐτοῦ
3205 4441 3485 4516 φοιτητῶν
3527 4434 3651 4491 τίνα
3683 4434 3797 4490 ἀντ’

381 4531 454 4586 ab
487 4529 856 4586 auditoribus
889 4544 1207 4601 quemnam
1253 4545 1360 4584 suo
1411 4528 1539 4584 loco
1573 4528 1791 4585 schola
1844 4530 2027 4601 prati-

2143 4532 2309 4589 αὐτοῦ
2339 4529 2631 4608 προίστησι
2686 4531 2766 4604 τῷ
2824 4524 3213 4600 διδασκαλείῳ,
3262 4525 3537 4594 Ἰωάννην,
3581 4522 3710 4599 ἔφη,
3743 4521 3789 4578 εἰ

379 4625 561 4690 ceret,
615 4621 905 4675 Joannem
964 4617 1272 4690 respondit
1343 4634 1404 4672 se
1464 4618 1920 4689 prapositurum
1979 4618 2033 4674 ei

381 4711 588 4778 fuisse,
619 4710 733 4765 nisi
764 4710 922 4765 hunc
953 4708 1384 4780 surripuissent
1433 4707 1771 4764 Christiani.
1813 4707 2034 4763 Eodem

377 4816 534 4857 anno
570 4798 970 4856 Theodosium
991 4796 1297 4870 juniorem
1347 4793 1610 4851 Eudoxia
1635 4797 1897 4869 Augusta
1924 4800 2032 4852 Ar-

377 4890 548 4946 cadio
575 4888 826 4961 peperit,
886 4903 1064 4959 quem
1121 4884 1194 4940 de
1251 4887 1454 4940 sancto
1507 4882 1740 4940 lavacro
1773 4886 2033 4942 Joannes

377 4981 760 5053 Chrysostom
770 4993 841 5033 us
862 4974 1143 5047 suscepit.

443 5089 613 5143 Anno
632 5092 838 5144 octavo
857 5084 1071 5140 Gainas
1087 5079 1467 5155 tyrannidem
1489 5085 1696 5137 contra
1711 5083 2030 5140 Arcadium

373 5177 701 5248 occupavit,
726 5174 1033 5245 multaque
1054 5170 1216 5229 mala
1237 5170 1510 5242 Byzantio
1532 5169 1867 5237 intulit.Qui
1895 5190 2030 5231 cum

375 5264 533 5319 ultro
564 5265 832 5336 citroque
864 5263 1001 5319 dato
1025 5262 1368 5334 juramento
1394 5257 1774 5316 Chalcedone
1795 5262 1869 5317 ad
1892 5264 2032 5320 San-

376 5357 534 5406 ctam
556 5352 942 5424 Euphemiam
966 5367 1166 5423 pacem
1188 5350 1484 5418 icisset,eo
1506 5347 1720 5405 violato
1741 5350 1801 5406 in
1821 5353 2029 5411 urbem

374 5441 702 5514 ingressus,
732 5442 1099 5513 direptiones
1154 5446 1213 5496 et
1264 5439 1382 5495 alia
1437 5438 1596 5494 mala
1652 5445 2026 5514 perpetravit.

372 5527 519 5585 Inde
576 5527 650 5583 ad
706 5529 967 5584 Thracia
1023 5528 1458 5583 Cherronesum
1514 5526 1667 5584 515
1708 5530 2026 5602 profectus,

372 5617 603 5674 ratibus
632 5616 918 5673 confectis
961 5616 1037 5672 ad
1092 5614 1271 5671 urbes
1299 5614 1554 5671 Orientis
1584 5630 1824 5674 cursum
1856 5620 2026 5677 insti.

2148 4624 2224 4697 μή
2283 4620 2524 4693 ἐσυλήθη
2586 4621 2691 4677 ὑπὸ
2744 4624 2853 4677 τῶν
2908 4620 3261 4695 Χριστιανῶν.
3298 4618 3392 4689 Τῷ
3431 4612 3480 4670 δ’
3510 4614 3657 4687 αὐτῷ
3686 4612 3792 4670 ἔτει

2142 4714 2389 4786 γεννᾶται
2418 4706 2695 4783 ’Δρκαδίῳ
2737 4708 2853 4771 υἱὸς
2908 4705 2961 4778 ἐξ
3012 4704 3273 4775 Εὖδοξίας
3313 4711 3416 4774 τῆς
3446 4701 3795 4778 Αύγούστης,

2141 4796 2427 4862 Θεοδόσιος
2490 4799 2519 4854 6
2579 4796 2794 4874 μικρὸς,
2844 4797 2902 4852 δν
2948 4793 3228 4866 ἀνεδέξατο
3286 4792 3543 4864 Ἰωάννης
3575 4792 3604 4848 6
3635 4797 3791 4867 Χρυ-

2142 4890 2410 4963 σόστομος
2442 4888 2495 4944 ἐν
2525 4892 2607 4961 τῷ
2631 4886 2773 4963 ἁγίῳ
2807 4883 3164 4964 βαπτίσματι.

2209 5087 2304 5157 Τῷ
2359 5091 2410 5157 η’
2446 5080 2552 5141 ἔτει
2609 5088 2804 5147 Γαῖνᾶς
2843 5087 3088 5159 τυραννεῖ
3139 5081 3275 5138 κατὰ
3332 5075 3641 5153 Ἀρκαδίου,
3694 5077 3786 5133 καὶ

2139 5173 2327 5231 πολλὰ
2376 5175 2521 5246 κατὰ,
2561 5177 2641 5246 τῷ
2697 5171 2971 5245 Βυζαντίῳ
3036 5167 3363 5241 ἐπεδείξατο.
3428 5170 3665 5243 Ὀρκους
3733 5163 3790 5222 δὶ

2139 5259 2322 5319 λαϐὼν
2355 5263 2446 5318 καὶ
2501 5260 2628 5325 δοὺς
2679 5261 2732 5318 ἐν
2786 5265 2856 5336 τῇ
2917 5260 3044 5336 ἁγίᾳ
3072 5263 3153 5335 [Ρ.
3186 5264 3314 5333 328]
3346 5255 3606 5339 Εὖφημίᾳ
3631 5261 3700 5332 τῇ
3732 5254 3785 5312 ἐν

2137 5348 2472 5423 Χαλκηδόνι,
2542 5350 2769 5414 τούτους
2843 5346 3081 5426 παρέϐη,
3145 5350 3237 5405 καὶ
3295 5345 3552 5404 εἷσελθὼν
3609 5345 3662 5401 ἑν
3718 5348 3787 5419 τῇ

2138 5439 2298 5496 πόλει
2355 5440 2608 5516 ἐχώρησε
2663 5440 2801 5514 πρὸς
2857 5439 3101 5516 ἁρπαγάς
3157 5440 3249 5493 καὶ
3307 5436 3489 5512 ἑτέρας
3535 5435 3784 5498 ἀτοπίας.

2136 5531 2274 5589 Εἶτα
2333 5528 2565 5604 ἐξελθὼν
2622 5531 2697 5593 εἷς
2754 5530 2854 5601 τήν
2914 5529 3262 5607 Χερρόνησον
3294 5526 3509 5604 Θρᾴκης
3538 5526 3630 5581 καὶ
3660 5544 3787 5601 σχε-

2138 5621 2257 5683 δίας
2291 5620 2697 5698 ποιήσας,πρὸς
2720 5622 2816 5684 τὰς
2865 5617 3192 5682 ἀνατολικὰς
3217 5614 3411 5680 πόλεις
3444 5619 3640 5695 χωρεῖ.
3670 5620 3786 5671 Πο-
