4170 6204
359 368 478 427 625

1515 380 2058 444 HISTORIARUM
2101 379 2650 442 COMPENDIUM.

3666 387 3787 448 626

358 498 531 572 λὲμου
563 499 622 557 δὲ
651 501 869 558 πολλοῦ
928 505 1290 583 συῤῥαγέντος
1351 513 1489 567 κατᾶ
1525 535 1582 568 τε
1641 523 1742 590 γῆν
1797 517 1985 570 καὶθά

2127 514 2258 568 tuit.
2289 514 2400 568 Sed
2435 521 2589 570 terra
2647 517 2914 587 marique
2966 518 3300 573 commissis
3331 521 3573 592 pugnis,
3606 523 3786 593 periit

360 587 562 646 λασσαν
595 593 849 649 ἀπώλετο
881 594 973 650 σὺν
1006 603 1120 660 τοῖς
1152 600 1344 655 ἑαυτοῦ
1377 605 1761 679 στρατεύμασι.

432 683 541 736 Τοῦ
585 679 642 736 δὲ
690 684 1085 758 Χρυσοστόμου
1143 689 1209 742 τα
1263 698 1366 761 τῆς
1426 691 1718 768 ὀρθοδόξου
1773 693 2014 765 Ἐκκλη-

362 770 480 832 σίας
509 770 791 834 ἷθύνοντος
824 775 1131 848 προσῆλθεν
1187 777 1335 850 αὐτῷ
1389 802 1472 844 τις
1527 790 1625 851 τῆς
1680 789 1786 839 τῶν
1831 786 2012 841 Μακε-

359 857 620 915 δονιανῶν
681 860 936 935 αἱρέσεως
995 871 1353 939 μετανοήσας.
1421 876 1749 946 Παραινὲσας
1804 872 1861 928 δὲ
1918 875 2008 928 καὶ

358 953 426 1020 τῇ
481 946 593 1020 ἰδίᾳ
641 957 854 1025 γαμετῇ
905 953 1221 1030 ἐπιστρέψαι
1269 959 1356 1013 καὶ
1411 969 1740 1034 μετανοῆσαι
1768 963 1858 1018 καὶ
1886 984 2006 1018 κοι-

352 1045 618 1106 νωνῆσαι,
684 1039 851 1113 μόλις
909 1042 984 1106 ὡς
1023 1041 1182 1112 δῆθεν
1241 1041 1468 1106 ἔπεισεν.
1509 1051 1574 1106 Ἡ
1629 1047 1684 1105 δὲ
1743 1049 1910 1106 δοῦσα
1937 1056 2004 1116 τῆ

353 1124 613 1202 παιδίσκῃ
669 1130 958 1187 κοινωνίαν
1045 1139 1150 1188 τῶν
1238 1135 1656 1194 Μακεδονιανῶν
1729 1139 2003 1196 ἐκέλευσεν

349 1209 497 1306 ἔχειν
541 1223 658 1288 μεθ’
716 1218 930 1306 ἑαυτῆς.
992 1223 1092 1276 Καὶ
1141 1221 1207 1293 δὴ
1268 1225 1646 1300 προσελθοῦσα
1673 1233 1754 1301 τῷ
1785 1233 2005 1306 Χρυσο-

347 1304 558 1378 στόμῳ,
617 1308 705 1361 καὶ
766 1305 1026 1384 δεξαμένη
1086 1313 1186 1380 τὴν
1243 1315 1394 1390 ἁγίαν
1449 1317 1731 1372 κοινωνίαν
1790 1304 1851 1374 ἐκ
1895 1323 2003 1374 τῶν

345 1398 550 1468 χειρῶν
611 1395 798 1464 αὐτοῦ,
856 1398 1209 1474 ὑποκριθεῖσα
1283 1405 1488 1476 ταύτης
1564 1402 1999 1480 μεταλαμϐάνειν

343 1481 547 1538 δέδωκε
577 1489 646 1559 τῇ
677 1484 955 1562 παιδίσκῃ,
991 1490 1082 1544 καὶ
1129 1492 1228 1560 τήν
1280 1493 1386 1547 τῶν
1446 1492 1857 1551 Μακεδονιανῶν
1891 1495 1998 1550 λα·-

346 1568 518 1628 ϐοὖσα
574 1578 838 1651 προσάγει
921 1582 1000 1649 τῷ
1080 1580 1332 1653 στόματι,
1389 1583 1479 1638 καὶ
1539 1584 1774 1659 εὑρίσκει
1829 1585 1996 1653 αὐτὴν

348 1660 500 1716 λίθον
556 1670 856 1738 γεγονυῖαν.
917 1666 1158 1742 Φρίξασα
1215 1669 1304 1724 οὖν
1361 1672 1690 1747 προσπίπτει
1745 1679 1823 1745 τῷ
1862 1674 1999 1749 ἁγίῳ

349 1750 685 1826 ὑπότρομος,
745 1752 1131 1830 ἐξαγορεύουσα
1183 1760 1245 1814 τὸ
1297 1760 1568 1835 τόλμημα
1616 1763 1704 1817 καὶ
1767 1761 2001 1837 εἰλικρι-

345 1844 454 1903 νῶς
483 1843 900 1917 προσερχομένη
938 1849 1006 1918 τῇ
1039 1845 1320 1919 ἐκκλησίᾳ.

414 1927 686 2003 Κόριλλος
737 1927 795 1986 δὲ
847 1934 875 1987 ὁ
933 1935 1236 2008 ἁγιώτατος
1295 1937 1706 2014 Ἀλεξανδρείας
1735 1941 1990 2020 ἀρχιεπί-

338 2039 540 2082 σκοπος
598 2021 814 2094 ἀνεψιὸς
865 2025 933 2093 ἦν
995 2026 1266 2098 Θεοφίλου
1322 2031 1458 2084 κατὰ
1516 2031 1707 2106 σάρκα.
1765 2034 1908 2093 Ἕως
1936 2031 1992 2088 δὲ

337 2109 553 2183 χρόνων
582 2115 739 2165 τινῶν
789 2112 879 2166 καὶ
941 2113 1100 2178 αὐτὸς
1154 2116 1431 2191 προλήψει
1465 2121 1577 2192 (45)
1607 2116 1878 2174 δουλεύων
1913 2122 1987 2184 ὡς

334 2195 642 2271 ἅνθρωπος,
702 2201 792 2254 καὶ
847 2206 928 2273 τῷ
982 2201 1232 2282 Θεοφίλῳ
1265 2205 1338 2267 ὡς
1392 2208 1523 2280 θείῳ
1577 2207 1984 2280 ἐπακολουθῶν,

331 2290 546 2364 πονηρὰ
601 2293 735 2346 κατᾶ
789 2297 886 2346 τοῦ
945 2295 1336 2368 Χρυσοστόμου
1395 2296 1606 2377 ἐφρόνει
1664 2320 1722 2355 τε
1757 2300 1848 2354 καὶ
1901 2299 1986 2380 ἐερ-

332 2380 572 2454 θὲγγετο·
606 2379 792 2451 ἐπειδὴ
829 2379 884 2436 δὲ
913 2383 1083 2452 ζῆλος
1117 2384 1209 2458 ἦν,
1257 2384 1310 2439 εἷ’
1347 2388 1436 2441 καὶ
1495 2389 1570 2459 μὴ
1605 2392 1723 2444 κατ’
1754 2388 1984 2465 ἐπίγνω-

332 2490 436 2537 σιν,
473 2469 537 2523 οὖ
573 2467 768 2546 φθόνος
818 2467 876 2524 δὲ
926 2470 1043 2527 οὐδ’
1083 2471 1326 2537 ἔνστασις
1378 2471 1674 2545 διαϐολική
1703 2478 1767 2531 τὸ
1801 2480 1950 2553 μαχό

341 2514 436 2537 -..,
476 2514 536 2523 ν-
575 2514 766 2546 τμη,
821 2514 876 2524 ν..
927 2514 1022 2527 ν-..
1083 2514 1324 2537 ..ν-...νη
1378 2514 1674 2545 summa“,
1715 2514 1767 2531 ..υ
1801 2514 1950 2553 pm”,

341 2579 521 2632 μενον,
564 2555 652 2612 διὰ
696 2563 857 2614 τοῦτο
908 2558 1053 2630 ἄξιος
1087 2559 1429 2637 διορθώσεως
1481 2562 1669 2638 ἐκρίθη
1703 2565 1950 2622 ἀποκαλύ

341 2651 422 2718 laet
451 2647 557 2702 τινί
600 2652 858 2722 μυστικῇ,
917 2649 970 2703 ἐν
1106 2649 1278 2706 ἐδόκει
1329 2653 1608 2726 εὑρεθῆναι
1656 2650 1712 2708 ἓν
1744 2677 1848 2710 τινι
1880 2514 1990 2790 φοέ

341 2731 475 2790 Ξεσῶ
503 2736 592 2790 καὶ
623 2736 950 2790 περικαλλεῖ
975 2740 1151 2790 τόπω,
1210 2740 1262 2790 ἐν
1323 2740 1370 2790 ὦ
1425 2741 1615 2790 πλήθη
1673 2743 1841 2790 ἁγίων
1872 2745 1943 2790 ἂν

331 2651 422 2718 ψει
451 2647 557 2702 τινί
600 2652 858 2722 μυστικῇ,
917 2649 970 2703 ἐν
1106 2649 1278 2706 ἐδόκει
1329 2653 1608 2726 εὑρεθῆναι
1656 2650 1712 2708 ἓν
1744 2677 1848 2710 τινι
1880 2647 1978 2734 φο)

329 2731 475 2828 ϐερῷ
503 2736 592 2791 καὶ
623 2736 950 2810 περικαλλεῖ
975 2740 1152 2812 τόπῳ,
1210 2740 1262 2794 ἐν
1323 2740 1370 2812 ᾦ
1425 2741 1615 2813 πλήθη
1673 2743 1841 2820 ἁγίων
1872 2731 1983 2828 ἆγες

321 2823 501 2899 γέλων
557 2829 983 2900 παρειστήκεσαν
1058 2832 1126 2902 τῇ
1207 2833 1539 2903 Θεομήτορι,
1605 2831 1860 2908 σύνεγγυς
1921 2823 1985 2902 Sel

320 2915 525 2985 ταύτης
581 2916 671 2970 τὸν
737 2913 898 2990 μέγαν
978 2918 1382 2992 Χρυσόστομον·
1439 2921 1606 2984 Ἔνθα
1661 2917 1719 2976 δὲ
1775 2909 1995 2997 πειρα-ίρ

319 3003 472 3057 θέντα
525 3001 795 3077 Κύριλλον
841 3003 1146 3075 πλησιάσαι
1197 3005 1504 3080 ἐξωθεῖσθαι
1557 3011 1844 3084 προστάξει
1874 2997 1997 3084 τοῦίξ

319 3091 593 3160 Ἰωάννου,
623 3093 722 3160 τήν
787 3093 1004 3168 μητάρα
1069 3091 1126 3149 δὲ
1175 3101 1272 3150 τοῦ
1332 3097 1532 3168 Κυρίου
1571 3095 1991 3174 πρεσϐεύουσανξ

321 3182 458 3254 ὑπὲρ
487 3179 651 3235 αὒτοῦ
680 3183 770 3236 καὶ
803 3183 1213 3262 παραδεχθῆναι
1273 3184 1542 3256 ἀξιοῦσαν,
1574 3188 1648 3250 ὡς
1681 3188 1778 3243 οὐκ
1809 3188 1968 3267 ὀλίγα

2127 618 2262 656 cum
2294 619 2399 658 suo
2435 604 2717 658 exercitu.

2192 691 2332 746 Cum
2357 692 2697 747 orthodoxaa
2712 693 2990 748 Ecclesim
3008 701 3292 766 praeesset
3309 696 3777 768 Chrysostomus,

2122 781 2369 835 accessit
2399 781 2471 836 ad
2505 798 2640 836 eum
2672 783 2911 853 quidam
2965 784 3063 853 qui
3097 801 3130 839 a
3160 784 3588 842 Macedoniana
3619 795 3779 844 secta

2120 869 2181 922 in
2213 870 2364 924 viam
2396 870 2672 938 redierat,
2707 876 2764 926 et
2796 888 3040 926 uxorem
3073 889 3307 943 quoque
3341 875 3414 928 ad
3447 876 3605 930 idem
3643 895 3778 948 ope-

2114 975 2248 1013 rose
2281 960 3004 1031 exhortatus,impetrasse
3027 962 3097 1016 ab
3122 978 3191 1016 ea
3222 963 3534 1018 videbatur
3556 973 3620 1019 ut
3644 966 3774 1036 ipsa

2119 1063 2354 1117 quoque
2383 1049 2457 1102 ad
2489 1065 2685 1103 veram
2720 1065 2921 1103 secum
2971 1051 3291 1105 Ecclesium
3322 1052 3549 1106 rediret
3577 1071 3645 1107 ac
3679 1072 3772 1109 sa-

2116 1143 2486 1191 cramentum
2517 1139 3000 1193 communicaret.
3039 1140 3170 1193 Haec
3197 1141 3548 1209 particulam
3584 1144 3772 1198 Mace—

2111 1224 2430 1280 donianam
2462 1226 2691 1280 ancillaa
2725 1226 2843 1292 dat,
2871 1227 3160 1296 jubetque
3193 1245 3394 1282 secum
3422 1247 3722 1285 asservare
3753 1242 3768 1290 ;

2111 1319 2169 1368 et
2197 1315 2271 1369 ad
2300 1315 2783 1388 Chrysostomum
2807 1333 3100 1389 aggressa,
3141 1334 3276 1372 cum
3325 1335 3552 1374 sacram
3585 1322 3771 1392 parti-

2109 1403 2304 1458 cuiam
2337 1404 2408 1458 de
2454 1405 2729 1460 manibus
2781 1406 2912 1471 eius
2962 1407 3308 1477 accepisset,
3345 1409 3574 1479 ﬁngens
3606 1426 3674 1464 ea
3707 1427 3766 1464 se

2107 1494 2261 1547 vesci
2293 1495 2526 1549 ancillae
2567 1511 2696 1549 eam
2750 1496 3012 1567 porrigit,
3052 1496 3656 1568 Macedonianamque
3689 1500 3762 1554 ab

2107 1599 2176 1636 ea
2207 1589 2504 1654 repetens,
2533 1602 2668 1640 cum
2727 1585 2880 1640 hanc
2938 1587 3025 1640 ori
3084 1587 3446 1656 admoveret,
3482 1589 3668 1643 sensit
3700 1590 3761 1643 in

2107 1671 2368 1742 lapidem
2397 1679 2705 1729 mutatam.
2730 1674 3164 1731 Exhorrescens
3196 1693 3332 1748 ergo
3367 1677 3761 1733 tremebunda

2107 1776 2170 1814 se
2199 1761 2274 1815 ad
2303 1763 2483 1833 pedes
2517 1764 2704 1818 sancti
2737 1765 3000 1836 episc0pi
3033 1765 3257 1835 abjicit,
3302 1766 3533 1821 facinus
3584 1783 3756 1822 suum

2005 1887 2074 1949 ,Β
2107 1851 2421 1919 conﬁtens,
2454 1869 2521 1908 ac
2550 1859 2676 1908 tum
2706 1870 2839 1909 vere
2866 1853 2939 1909 ad
2970 1853 3292 1909 Ecclesiam
3325 1871 3387 1909 se
3419 1856 3754 1910 conferens.

2174 1940 2430 2011 Cyrillus
2459 1946 2679 2007 autem,
2714 1942 3128 1998 sanctissimus
3158 1944 3533 1998 Alexandriae
3565 1945 3757 1999 archi-

2101 2027 2432 2099 episcopus,
2466 2031 2858 2086 consobrinus
2877 2038 3004 2086 erat
3031 2033 3373 2103 TheOphili;
3401 2037 3458 2086 et
3479 2033 3750 2103 aliquan-

2099 2116 2200 2171 diu
2223 2135 2473 2188 prmsum
2483 2120 2666 2190 ptioni
2690 2121 2952 2176 serviens
2975 2127 3040 2175 ut
3061 2122 3258 2188 homo,
3279 2139 3346 2176 ac
3359 2122 3750 2194 Theophilum

2097 2207 2456 2262 avunculum
2489 2225 2766 2280 sequens,
2795 2211 2867 2264 de
2890 2210 3307 2282 Cbrysostomo
3338 2211 3494 2266 male
3523 2217 3583 2265 et
3612 2229 3748 2266 sen-

2093 2295 2278 2350 tiebat
2307 2302 2366 2350 et
2395 2297 2767 2368 loquebatur.
2799 2299 2946 2362 Quia
2985 2305 3184 2354 autem
3219 2300 3452 2356 fervens
3482 2301 3592 2356 hoc
3623 2306 3750 2356 erat

2095 2383 2356 2438 studium
2379 2385 2698 2457 pugnandi,
2733 2403 2852 2441 non
2873 2404 2906 2442 a
2927 2387 3140 2442 notitia
3164 2389 3304 2456 veri,
3329 2405 3522 2458 neque
3548 2394 3744 2442 tamen

2093 2471 2164 2526 ab
2199 2472 2420 2529 invidia
2449 2479 2550 2528 aut
2579 2473 2875 2530 diabolica
2903 2476 3230 2546 pervicacia
3277 2481 3494 2542 ortum,
3527 2475 3742 2547 dignus

2093 2565 2182 2616 est
2211 2561 2446 2617 habitus
2478 2561 2578 2633 qui
2608 2563 2671 2616 in
2682 2564 2857 2669 (yjam
2912 2569 3287 2618 revocaretur
3316 2564 3566 2635 mystica
3596 2580 3739 2633 qua-

2091 2649 2226 2704 dam
2257 2639 3058 2723 patefactioneﬂmaginatus
3089 2652 3249 2706 enim
3281 2657 3372 2706 est
3399 2652 3652 2721 Cyrillus
3678 2639 3802 2706 se‘l

2089 2747 2218 2786 esse
2242 2731 2499 2801 quodam
2519 2731 2771 2786 terribili
2793 2747 2862 2788 ac
2888 2731 3292 2802 pulcherrimo
3318 2733 3380 2788 in
3407 2732 3560 2788 518
3585 2732 3738 2799 loco,

2088 2821 2188 2876 ubi
2211 2821 2529 2876 multitudo
2552 2822 2898 2894 angelorum
2923 2822 3202 2877 Genitrici
3227 2822 3326 2876 Dei
3359 2826 3737 2893 astaret,pro-

2085 2931 2276 2986 peque
2308 2931 2439 2971 eam
2471 2915 2942 2985 Chrysostomus.
2967 2915 3062 2983 Se,
3089 2931 3225 2971 cum
3247 2915 3529 2970 accedere
3560 2931 3740 2970 cona-

2083 3004 2346 3072 retur,ab
2368 3021 2436 3059 eo
2459 3003 2730 3075 repellit:
2755 3007 3220 3080 Matremautem
3245 3003 3344 3058 Dei
3366 3003 3737 3058 intercedere

2081 3109 2188 3163 pro
2218 3110 2301 3162 se,
2331 3098 2388 3148 et
2417 3109 2659 3164 poscere
2693 3098 2758 3147 ut
2800 3093 3170 3158 admittatur,
3203 3092 3342 3162 quia
3373 3109 3492 3146 non
3523 3108 3737 3163 parum

2079 3187 2322 3254 propter
2350 3183 2542 3253 ipsam
2575 3182 2793 3238 laboris
2826 3182 3189 3253 pertulisset,
3212 3181 3354 3237 dum
3384 3197 3602 3238 nomen
3635 3181 3733 3236 Dei

315 3270 448 3342 ὑπὲρ
491 3277 592 3340 τῆς
642 3267 804 3342 δόξης
858 3249 1052 3342 αὐτῆςῆ
1082 3275 1451 3345 πεποιηκότος
1485 3275 1561 3338 εἷς
1603 3277 1667 3332 τὸ
1698 3249 1982 3350 Θεοτόκόνς

2098 3249 2394 3327 Euenitricis
2419 3273 2764 3327 vindicaret.
2795 3249 3117 3342 Postquam
3145 3271 3220 3326 ad
3250 3287 3312 3326 se
3341 3270 3520 3326 rediit
3546 3270 3726 3342 Cyril-

303 3359 483 3427 αὐτὴν
517 3358 905 3433 ὀνομάζεσθαι.
975 3361 1069 3426 Εἷς
1123 3363 1310 3418 ἑαυτὸν
1361 3361 1419 3419 δὶ
1453 3365 1480 3419 ὁ
1511 3365 1658 3440 ἱερὸς
1693 3367 1986 3442 Κύριλλοςχ

2100 3377 2189 3430 us,
2243 3360 2332 3415 sui
2388 3361 2574 3432 ipsius
2631 3360 2979 3432 paenitentia
3040 3360 3252 3416 ductus
3317 3360 3379 3414 in
3452 3359 3728 3414 omnibus

311 3448 603 3522 γενόμενος
660 3451 900 3525 κατέγνω
960 3451 1054 3522 μὲν
1115 3451 1330 3523 ἑαυτοῦ,
1359 3459 1476 3516 τοῖς
1507 3451 1565 3508 δὲ
1593 3458 1690 3509 τοῦ
1750 3445 1983 3530 Χρυσοοί

311 3537 520 3610 στόμου
569 3539 834 3612 ἑπόμενος
892 3545 1022 3596 πᾶσι
1075 3541 1166 3597 καί
1225 3541 1436 3598 δώδεκα
1465 3546 1738 3624 κεφάλαια
1763 3546 1992 3618 ἐξέθετο·

320 3624 628 3701 δογματικᾶ
686 3628 774 3682 καὶ
824 3631 1106 3706 Νεστορίῳ
1169 3629 1378 3706 ἕπμψεν
1433 3633 1484 3686 ἐν
1538 3635 1971 3690 Κωνσταντινου-

320 3713 504 3774 πόλει.
563 3721 656 3770 Ὠν
726 3716 928 3779 ἐκεῖνος
999 3722 1413 3798 καταφρονήσας
1481 3723 1579 3792 τὴν
1637 3725 1752 3778 κατ’
1809 3725 1974 3779 αὐτοῦ

315 3803 508 3876 τρίτην
585 3803 812 3860 σύνοδον
888 3807 1135 3883 γενέσθαι
1212 3811 1632 3884 παρεσκεύασεν.
1703 3813 1974 3886 Ἀρσὲνιος

320 3889 378 3946 δὲ
427 3895 456 3948 ὁ
509 3893 674 3969 μέγας
723 3901 832 3950 τῶν
883 3900 981 3951 τοῦ
1031 3898 1242 3971 κόσμου
1292 3901 1504 3954 πάντων
1563 3905 2006 3978 καταφρονήσας»

320 3981 410 4036 καὶ
438 3985 540 4037 τοῦ
569 3983 780 4058 κόσμου
829 3985 1190 4064 ἀναχωρήσας
1238 3989 1336 4057 τήν
1386 3989 1530 4053 θείαν
1565 3990 1896 4069 φιλοσοφίαν
1922 3991 1973 4045 ἐν

323 4071 589 4146 Αἰγύπτῳ
623 4076 931 4149 μετήρχετο
963 4076 1016 4130 ἐν
1047 4075 1324 4150 μοναδικῷ
1351 4081 1618 4154 σχήματι.

397 4164 491 4234 Τῷ
524 4164 554 4216 ι’
583 4161 687 4218 ἔτει
739 4162 1032 4239 Ἀρκαδίου
1080 4169 1116 4236 ἡ
1166 4168 1358 4238 πρώτη
1415 4168 1595 4244 ἐξορία
1637 4173 1732 4224 τοῦ
1764 4171 1976 4244 Χρυσο-

322 4253 532 4324 στόμου
608 4254 848 4328 γέγονεν,
909 4255 1002 4335 ἀφ’
1049 4257 1117 4326 ἧς
1176 4257 1497 4336 ὑποστρέφει
1563 4259 1824 4331 ἐξήκοντα
1861 4261 1975 4314 ἑπι-

321 4341 539 4395 σκόπων
603 4341 972 4406 συνελθόντων
1031 4345 1121 4400 καὶ
1178 4343 1349 4420 ἄκυρα
1403 4349 1577 4402 πάντα
1607 4348 1672 4402 τὰ
1701 4349 1837 4403 κατὰ
1885 4353 1982 4403 τοῦ

317 4429 468 4493 θείου
498 4431 752 4486 Ἰωάννου
813 4434 958 4507 παρά
1009 4439 1108 4488 τοῦ
1161 4435 1432 4514 Θεοφίλου
1463 4437 1554 4490 καὶ
1589 4439 1672 4512 [Ρ.
1708 4441 1832 4511 329]
1869 4444 1976 4494 τῶν

327 4520 420 4572 σὺν
459 4519 608 4590 αὐτῷ
658 4521 1006 4592 ποιησάντων
1065 4519 1313 4585 δικαίως,
1345 4529 1430 4594 Τῷ
1463 4523 1520 4579 δὲ
1554 4533 1617 4580 ια’
1646 4526 1736 4581 καὶ
1772 4528 1843 4602 ιβ’
1875 4524 1980 4582 ἔτει

2076 3449 2561 3522 Chrysostomum
2603 3448 2816 3504 exinde
2878 3454 2969 3504 est
3023 3448 3513 3536 secutusJEdidit
3543 3449 3726 3504 etiam

2079 3538 2390 3594 duodecim
2422 3539 2701 3610 capitula,
2735 3538 2975 3594 decreta
3022 3538 3299 3594 Ecclesiae
3332 3538 3723 3603 continentia,

2079 3629 2357 3698 misitque
2375 3628 2642 3683 Nestorio
2664 3627 3040 3699 Cpolin.Quze
3064 3628 3114 3682 is
3141 3632 3530 3683 contemnens
3551 3643 3729 3682 causa

2076 3718 2189 3772 fuit
2217 3724 2282 3772 ut
2306 3719 2480 3773 tertia
2500 3723 2708 3773 contra
2729 3719 2924 3789 ipsum
2948 3717 3211 3790 synodus
3233 3718 3730 3772 conscriberetur.

2079 3809 2320 3880 Magnus
2376 3814 2574 3862 autem
2633 3807 2735 3861 ille
2796 3807 3101 3873 Arsenius,
3135 3806 3358 3860 mundo
3391 3812 3731 3876 contempto

2080 3903 2256 3966 atque
2313 3897 2541 3960 relicto,
2602 3895 2860 3950 divinam
2924 3894 3366 3966 philosophiam
3399 3895 3460 3948 in
3491 3896 3732 3965 Ai‘gypto

2082 3986 2266 4041 coluit
2300 3985 2505 4040 habitu
2536 3985 2832 4040 monachi.

2155 4167 2390 4222 Decimo
2423 4165 2659 4222 Arcadii
2685 4181 2839 4221 anno
2872 4165 3326 4236 Chrysostomus
3356 4163 3614 4235 primum
3647 4167 3739 4217 est

2083 4255 2397 4326 relegatus,
2454 4259 2877 4324 revocatusque
2936 4253 3174 4322 deinde,
3206 4270 3342 4308 cum
3373 4255 3442 4306 60
3473 4251 3734 4323 episcopi

2084 4345 2501 4401 convenissent
2547 4345 2828 4414 justoque
2878 4343 3106 4414 judicio
3165 4343 3550 4398 rescidissent
3604 4358 3734 4412 qua:

2087 4441 2291 4492 contra
2321 4450 2456 4488 eum
2487 4434 2845 4505 TheOphilus
2903 4449 3038 4487 cum
3087 4448 3194 4486 sua
3229 4432 3488 4488 factione
3515 4437 3734 4504 egerat.

2087 4525 2274 4580 Annis
2306 4527 2366 4580 11
2403 4529 2457 4578 te
2493 4525 2558 4578 12
2587 4540 2793 4579 rursus
2821 4524 3241 4595 Chrysostomo
3283 4523 3512 4578 insidia)
3545 4522 3739 4592 majo-

316 4609 482 4663 πάλιν
515 4610 580 4664 τὰ
636 4610 772 4664 κατά
830 4617 930 4681 τῆς
987 4606 1291 4682 ἐπιϐουλῆς
1352 4611 1498 4687 αὔξει
1538 4619 1634 4669 τοῦ
1666 4617 1970 4690 Χρυσοστό-

2098 4632 2212 4670 rem
2239 4615 2300 4668 in
2327 4613 2568 4668 modum
2595 4613 2939 4668 tenduntur.
2962 4615 3132 4666 Anno
3158 4613 3385 4676 i3,cum
3407 4612 3737 4668 orationem

327 4719 456 4770 μου.
485 4701 570 4754 Ἐν
605 4696 661 4754 δὲ
691 4704 772 4771 τῷ
823 4701 910 4776 ιγ’,
962 4702 1052 4755 ὃτε
1098 4701 1186 4756 καὶ
1235 4703 1327 4757 τὸν
1375 4701 1538 4778 λόγον
1571 4705 1821 4775 εποίησεν
1850 4706 1911 4759 οὗ
1941 4707 1976 4774 ἡ

318 4787 492 4866 ἀρχη-
529 4812 557 4840 ‹‹
592 4788 764 4844 Πάλιν
789 4787 1062 4866 Ἡρωδιὰς
1111 4791 1370 4864 μαίνεται,
1398 4793 1570 4848 »τότε
1599 4788 1770 4868 ἔχθρα
1797 4794 1980 4850 τελεία

309 4884 412 4946 τῆς
445 4877 768 4953 βασιλίσσης
820 4882 940 4935 κατ’
990 4881 1161 4936 αὐτοῦ
1209 4882 1436 4958 γίνεται,
1485 4883 1574 4937 καὶ
1619 4884 1822 4939 παλλιν
1853 4896 1980 4947 καθ-

312 4967 520 5036 αίρεσις
576 4968 664 5022 καὶ
723 4968 904 5043 ἒξορία
962 4970 1038 5032 εἰς
1095 4969 1428 5042 Κοόκουσον,
1490 4973 1688 5036 ἐκεῖθεν
1747 4973 1823 5034 εἷς
1881 4979 1976 5028 Ut-

316 5060 570 5110 τυοῦνταο
628 5059 716 5113 καὶ
777 5059 1069 5132 γενόμενος
1115 5061 1165 5115 ὲν
1222 5060 1494 5133 Κομάνοις
1540 5068 1640 5131 τῆς
1687 5061 1974 5137 Ἀρμενίας

316 5145 455 5199 κατά
483 5143 720 5218 πάροδον
756 5145 1046 5218 ἐτελειώθη
1099 5149 1149 5202 ἒν
1197 5149 1396 5223 Κυρίῳ.
1432 5150 1616 5220 ’Ἄξιον
1651 5147 1708 5204 δὲ
1737 5151 1849 5205 ἔστι
1884 5172 1974 5222 μι-

316 5235 446 5307 κρὸν
471 5231 831 5290 ἐπαναλαϐεῖν
851 5235 930 5308 τῷ
952 5235 1102 5311 λόγῳ
1123 5238 1246 5312 περὶ
1273 5239 1369 5292 τοῦ
1391 5239 1548 5314 ἁγίου
1579 5239 1786 5315 [Ιατρὸς
1814 5241 1975 5312 ἡμῶν

2090 4704 2518 4774 composuisset
2546 4702 2715 4774 cujus
2771 4701 3047 4756 initium:
3103 4723 3131 4751 «
3165 4703 3421 4756 Rursum
3453 4700 3738 4754 Herodias

2087 4792 2250 4862 furit,
2286 4814 2312 4839 »
2345 4791 2547 4846 odium
2571 4791 2965 4862 imperatricis
2989 4790 3049 4844 in
3077 4805 3211 4844 eum
3233 4805 3475 4859 prorsus
3499 4788 3733 4855 exarsit,

2087 4897 2440 4950 rursumque
2499 4881 2838 4951 episcopatu
2888 4879 3155 4950 dejectus
3211 4877 3507 4948 relegatur
3543 4876 3735 4945 primo

2085 4971 2400 5034 Cucusum’,
2425 4969 2562 5024 inde
2594 4971 2952 5040 Pityuntem.
2973 4969 3240 5038 Cumque
3267 4966 3457 5021 obiter
3475 4966 3737 5020 Comana

2084 5059 2378 5114 Armeniae
2403 5058 2686 5130 oppidum
2707 5056 3174 5128 pervenisset,ad
3195 5055 3509 5110 Dominum
3533 5070 3603 5107 ex
3625 5053 3735 5108 hac

2084 5149 2199 5203 vita
2224 5147 2647 5220 commigravit.
2673 5147 2814 5203 57⁸³
2853 5147 2934 5201 De
2964 5145 3076 5200 hoc
3107 5148 3309 5199 sancto
3329 5145 3500 5198 Patre
3531 5145 3752 5227 nostro.

2085 5245 2144 5295 et
2172 5239 2333 5295 orbis
2363 5245 2654 5294 terrarum
2685 5235 3090 5292 illuminatore
3119 5233 3352 5290 videtur
3383 5251 3578 5306 operas
3607 5251 3712 5306 pre

1532 5368 1909 5422 XYLANDRI
1941 5365 2027 5421 ET
2061 5366 2274 5421 GOARI
2305 5367 2524 5421 NOTIE.

389 5467 500 5537 (45)
533 5465 595 5521 Id
627 5471 716 5520 est
741 5463 1007 5536 opinioni
1042 5478 1162 5516 non
1193 5463 1424 5516 ratione
1456 5469 1616 5518 certa
1666 5470 1725 5519 et
1768 5464 1969 5588 6‘le-

391 5544 470 5588 ta.
504 5538 606 5588 sed
647 5537 720 5588 ob
754 5537 1167 5588 auctoritatem
1217 5541 1472 5588 recentm
1521 5541 1834 5588 consuetu
1859 5553 1969 5588 lnlS

318 5536 606 5604 rata,’sed
647 5537 720 5591 ob
754 5537 1167 5591 auctoritatem
1217 5541 1472 5604 recepta!
1521 5536 1972 5590 consuetudinis

319 5609 564 5663 valenti.
600 5610 690 5663 Sic
759 5606 1061 5678 usurpavit
1104 5607 1291 5678 etiam,
1334 5606 1598 5678 Justinus
1643 5613 1871 5678 martyr
1899 5608 1972 5661 ad

319 5683 562 5748 Zenam,
615 5685 672 5734 et
723 5676 931 5734 Noster
984 5693 1181 5748 supra.
1235 5676 1592 5747 Theophilus
1650 5676 1850 5732 autem
1882 5679 1976 5734 hic

2079 5463 2191 5517 fuit
2251 5462 2621 5518 Alexandria)
2687 5461 3021 5532 episcopus.
3072 5459 3438 5532 Nicephorus
3493 5477 3617 5524 xm.
3678 5463 3732 5524 4,

2082 5535 2438 5590 Sozomenus
2468 5535 2506 5588 Ι.
2536 5551 2649 5598 vm,
2677 5531 2776 5603 qui
2811 5531 2962 5586 liber
2989 5547 3122 5584 cum
3156 5531 3317 5585 hisce
3351 5531 3614 5586 historiis
3646 5539 3734 5586 est

2087 5605 2392 5678 legendus.
2428 5607 2572 5658 XYL.
