4170 6204
397 350 508 411 631

1752 333 2070 398 GEORGII
2115 330 2453 394 CEDBENI

3681 328 3808 389 632

398 490 514 552 tur,
547 487 752 539 contra
779 460 1065 535 Joannem
1116 472 1365 530 insidias
1411 474 1732 542 comparat.
1778 466 2039 540 Populus

2174 457 2453 533 πιϐουλὴν
2481 463 2891 539 κατειργάσατο.
2919 462 3093 538 Ὀπερ
3143 459 3305 537 γνοὺς
3355 461 3382 516 ὁ
3433 458 3568 523 λαὸς
3619 459 3801 515 στάσιν

393 588 459 629 re
517 570 750 643 cognita
801 581 1077 637 magnum
1127 562 1447 619 concitavit
1488 559 1829 626 tumultum,
1887 555 2033 614 581

396 677 518 717 non
547 656 883 715 concedens
911 659 978 710 ut
1004 655 1261 709 Joannes
1291 651 1438 707 urbe
1485 648 1827 722 pelleretur.
1859 649 2045 702 Caete-

395 765 529 805 rum
560 744 825 803 Eudoxia
853 743 1134 800 lamentis
1171 741 1377 814 populi
1410 740 1566 796 ﬂexa
1594 739 1776 794 misso
1804 736 2044 792 Brisone

388 835 673 907 eunucho
701 834 989 889 Joannem
1020 831 1288 887 Prmneto
1318 834 1552 885 revocat
1576 844 1589 896 ;
1622 844 1741 898 qua
1770 842 1833 881 re
1854 823 2050 880 territi.

396 922 757 995 Theophilus
788 927 848 977 et
885 921 1014 992 ejus
1044 918 1507 991 conspirationis
1545 916 1859 988 papulares
1911 913 2048 985 fuga

399 1013 654 1070 salutem
695 1011 1115 1083 quaasiverunt.
1140 1026 1213 1065 1.x
1266 1013 1464 1064 autem
1513 1005 1775 1078 episcopi
1824 1001 2045 1058 inventi

402 1108 541 1160 sunt
570 1103 674 1175 qui
703 1101 1091 1157 convenirent
1121 1104 1180 1154 et
1208 1104 1339 1154 acta
1366 1099 1429 1153 in
1459 1099 1689 1163 Quercu
1743 1092 2048 1150 rescinde-

406 1198 544 1249 rent
570 1191 899 1261 Joannique
930 1190 1333 1261 episcopatum
1360 1186 1536 1258 justis
1559 1184 1847 1241 sententis
1876 1181 2049 1253 adju-

403 1282 693 1337 dicarent.
728 1281 1020 1335 Novorum
1077 1278 1217 1333 inde
1273 1276 1547 1332 odiorum
1599 1280 1775 1344 atque
1823 1273 2048 1327 irarum

403 1371 712 1428 materiam
733 1368 1120 1442 prmbuerunt
1147 1372 1426 1439 argentea
1453 1363 1729 1420 Eudoxim
1756 1365 1976 1418 statuta
1993 1364 2052 1416 et

400 1462 572 1517 vinea
598 1460 813 1515 viduas.
848 1460 1190 1528 Rursusque
1224 1456 1554 1511 orationem
1612 1452 1821 1509 habuit
1866 1451 2052 1521 Chry-

403 1545 1177 1618 sostomus,cujusinitium:
1211 1566 1240 1595 «
1261 1547 1512 1600 Rursum
1528 1541 1810 1597 Herodias
1826 1540 1990 1596 furit.
2020 1559 2048 1588 ι»

400 1637 545 1694 Inde
577 1637 677 1709 qui
709 1636 781 1691 ab
806 1635 994 1708 ipsius
1020 1634 1256 1690 stabant
1285 1633 1551 1705 partibus
1583 1631 1866 1702 episcopi,
1896 1645 2050 1699 prae-

402 1727 668 1783 videntes
696 1725 822 1780 fore
862 1730 928 1780 ut
956 1723 1340 1796 relegaretur,
1372 1722 1445 1777 ad
1469 1737 1603 1777 eum
1625 1722 2049 1783 convenerunt,

2153 549 2397 625 μεγάλην
2445 549 2690 621 ἐποίησε,
2751 552 2827 625 μή
2889 554 3192 628 συγχωρῶν
3244 548 3408 605 αὑτὸν
3464 542 3809 619 ἐκϐληθῆναι

2148 641 2247 709 τῆς
2277 637 2517 703 πόλεως.
2551 641 2985 718 Ἐπικαμφθεῖσα
3013 636 3072 694 δὲ
3101 633 3333 707 Εὖδοξία
3360 641 3478 698 τοῖς
3535 633 3809 711 ὀδυρμοῖς

2147 735 2247 786 τοῦ
2278 729 2434 801 λαοῦ,
2467 730 2731 807 πέμψασα
2760 730 3009 807 Βρίσωνα
3034 730 3126 785 τὸν
3159 729 3422 808 εὐνοῦχον
3477 727 3587 784 ἀπὸ
3636 733 3809 804 Πραι-

2149 819 2305 877 νέτου
2361 821 2452 877 τὸν
2512 823 2767 893 Ἰωάννην
2828 821 3142 898 εἰσήγαγεν,
3228 820 3304 881 ὥς
3392 819 3659 897 Θεόφιλον
3713 817 3808 873 καὶ

2149 910 2277 971 τοὺς
2308 909 2402 965 συν
2442 912 2592 984 αὖτῷ
2638 904 2976 985 φοϐηθέντας
3023 914 3169 989 φυγῇ
3222 908 3321 978 τήν
3368 908 3644 982 σωτηρίαν
3697 929 3804 963 πο-

2154 997 2422 1073 ρίσασθαι.
2478 1001 2769 1072 Ἐξήκοντα
2822 997 2879 1055 δὲ
2942 996 3236 1054 ἐπίσκοποι
3323 996 3622 1072 εὐρεθέντες
3679 1018 3804 1051 συν-

2157 1086 2344 1159 ῆλθον,
2391 1089 2481 1144 καὶ
2540 1085 2709 1164 ἄκυρα
2764 1088 2831 1144 τὰ
2882 1085 2936 1143 ἐν
2995 1091 3065 1162 τῇ
3124 1085 3258 1162 Δρυῒ
3314 1087 3430 1160 (47)
3490 1085 3809 1160 πραχθέντα

2152 1172 2360 1232 ἅπαντα
2389 1177 2761 1255 ψηφισάμενοι
2795 1177 3019 1250 Ἰωαννῃ
3074 1178 3176 1246 τὴν
3224 1173 3528 1244 ἐπισκοπὴν
3579 1171 3808 1236 δικαίως

2153 1263 2452 1340 ἐκύρωσαν.
2487 1266 2638 1324 Ἐπεὶ
2670 1262 2728 1321 δὶ
2775 1266 2931 1330 αὖθις
2980 1259 3179 1335 συνέϐη
3236 1262 3304 1318 τὰ
3355 1263 3494 1318 κατᾶ
3549 1263 3650 1332 τὴν
3708 1262 3804 1337 ἀρ-

2152 1357 2319 1429 γυρᾶν
2349 1352 2564 1425 στήλην
2594 1360 2696 1424 τῆς
2723 1351 2988 1427 Εὐδοξίας
3033 1354 3125 1409 καὶ
3173 1354 3267 1408 τὸν
3314 1358 3416 1422 τῆς
3461 1353 3643 1426 χήρας
3697 1350 3809 1424 ἆμ-

2154 1443 2399 1514 πελῶνα,
2430 1440 2597 1499 πάλιν
2634 1442 2795 1518 μίσος
2819 1443 2910 1498 καὶ
2972 1440 3139 1498 πάλιν
3195 1440 3359 1520 ὀργὴ,
3415 1438 3581 1496 πάλιν
3636 1435 3808 1515 ἔχθρα

2154 1532 2246 1587 καὶ
2313 1531 2487 1607 λόγου
2544 1530 2819 1605 ἐπίδειξις,
2880 1529 2945 1587 οὗ
2972 1534 3008 1602 ἠ
3041 1531 3212 1607 ἀρχήο
3275 1553 3303 1583 ι(
3333 1527 3505 1585 Πάλιν
3534 1525 3807 1605 Ἡρωδιὰς

2160 1620 2426 1694 μαίνεται.
2453 1644 2482 1673 ››
2508 1621 2798 1685 Κάντεῢθεν
2823 1622 2875 1676 οἱ
2913 1624 3013 1675 τοῦ
3059 1619 3259 1694 μέρους
3304 1618 3473 1675 αὐτοῦ
3520 1615 3808 1673 ἐπίσκοποι

2155 1711 2256 1779 τήν
2286 1709 2497 1785 ἐξορίαν
2549 1709 2698 1783 αὖτῷ
2760 1707 2982 1783 μέλλειν
3041 1703 3248 1764 ἔσεσθαι
3315 1706 3634 1784 βλέποντες,
3694 1726 3812 1760 συν-

406 1817 712 1889 multoque
744 1832 881 1873 cum
911 1815 1057 1871 ﬂetu
1085 1792 1365 1870 dixerunt
1397 1829 1411 1866 :
1444 1812 1739 1885 Cogimur,
1790 1808 2051 1877 domine,

2174 1798 2534 1875 ιθροισοέντες
2567 1800 2703 1875 πρὸς
2741 1798 2901 1854 αὐτὸν
2937 1798 3072 1872 μετὰ
3111 1795 3340 1853 πολλῶν
3388 1794 3636 1871 δακρύων
3685 1792 3812 1850 Elte-

409 1909 509 1980 qui
547 1907 829 1964 ecclesias
879 1905 1241 1971 obtinemus,
1291 1904 1611 1976 participes
1656 1901 1784 1957 fieri
1833 1899 2055 1955 decreti

2174 1908 2278 1964 τον·
2313 1888 2645 1963 Ἐπάναγκες
2673 1891 2833 1963 ἡμῖν,
2867 1886 2912 1943 ὦ
2969 1885 3225 1955 δέσποτα,
3275 1886 3411 1956 ἐστὶ,
3459 1886 3557 1948 τὰς
3606 1883 3811 1954 ἐκκλη-

413 1998 726 2054 adversum
760 2000 837 2062 te,
871 1994 1044 2065 eique
1072 1992 1464 2049 subscribere.
1510 1989 1833 2062 Respondit
1883 1990 2060 2044 Joan-

413 2087 777 2142 neszEstote
825 2082 1166 2155 participes,
1198 2097 1273 2136 ne
1322 2078 1665 2152 disceptatis
1712 2077 2057 2133 Ecclesiam.

415 2172 798 2231 Subscribere
826 2176 1026 2227 autem
1055 2170 1241 2225 nolite
1268 2186 1281 2225 :
1313 2168 1537 2225 nullius
1569 2167 1730 2223 enim
1779 2166 1925 2222 mihi
1973 2164 2060 2219 rei

417 2280 549 2320 sum
580 2261 876 2327 conscius,
935 2275 1054 2331 qua
1096 2257 1418 2314 meruerim
1468 2257 1810 2329 episcopatu
1862 2253 2060 2326 dejici.

416 2349 751 2422 Discipulos
782 2347 989 2404 habuit
1018 2347 1120 2418 qui
1152 2346 1411 2418 episcopi
1436 2345 1983 2409 fuerunt,Proctum
2006 2347 2067 2397 et

419 2439 756 2497 Palladium
787 2441 846 2493 et
875 2437 1181 2493 Brisonem
1213 2433 1733 2490 et‘Theodoretum
1758 2449 1771 2499 ;
1806 2432 1907 2503 qui
1937 2447 2067 2486 mo-

416 2529 615 2595 nachi,
642 2530 920 2597 Marcum,
940 2525 1132 2581 Nilum
1151 2529 1209 2580 et
1232 2523 1523 2580 Isidorum
1554 2522 1936 2578 Pelusiotam.
1968 2522 2067 2575 In-

415 2620 589 2677 terim
618 2618 985 2691 Epiphanius
1010 2632 1261 2687 magnus
1290 2615 1465 2687 Cypri
1499 2614 1814 2685 episcopus
1837 2612 2065 2667 Hebdo-

415 2725 583 2765 mum
610 2707 793 2774 venit,
825 2721 894 2761 ac
933 2709 1142 2760 contra
1186 2702 1429 2757 Joannis
1477 2702 1833 2756 sententiam
1883 2704 2069 2755 cmtus

417 2799 534 2870 egit
563 2812 631 2851 ac
661 2793 945 2864 suffragia
974 2791 1220 2862 accepit.
1254 2792 1359 2845 Cui
1390 2806 1524 2844 cum
1553 2790 1810 2845 Joannes
1858 2788 2068 2843 cedere

418 2885 615 2951 vellet,
646 2883 1104 2951 hortareturque
1136 2895 1271 2934 cum
1300 2883 1366 2933 ut
1396 2878 1471 2934 ad
1498 2894 1562 2933 se
1592 2878 1654 2932 in
1702 2876 2070 2948 episcopales

422 2973 579 3030 mdes
610 2970 1048 3043 commigraret,
1082 2967 1448 3040 Epiphanius
1492 2966 1710 3035 renuit,
1767 2982 2070 3038 praeoccu-

422 3066 597 3134 patus
625 3057 934 3129 Theophili
955 3055 1293 3112 calumniis.
1321 3053 1574 3111 Proinde
1595 3054 2070 3125 Chrysostomns,

426 3162 561 3201 cum
593 3144 1000 3216 episcopatum
1029 3141 1185 3199 582
1216 3156 1409 3197 annos
1437 3140 1704 3212 quinque
1737 3143 1796 3194 et
1836 3138 2073 3193 bessem

426 3228 725 3309 gessisset,
747 3233 810 3288 in
830 3233 1126 3288 Cucusum
1147 3235 1238 3286 est
1256 3229 1755 3302 relegatus,atque
1782 3227 1918 3283 inde
1943 3230 2076 3298 post

430 3323 758 3380 triennium
790 3325 848 3376 et
892 3320 1042 3375 duos
1098 3335 1336 3375 menses
1384 3319 1768 3389 Pityuntem;
1819 3331 2074 3385 cumque

431 3412 623 3468 obiter
649 3411 910 3465 Comana
937 3408 1214 3474 venisset,
1244 3412 1513 3462 mortuus
1534 3411 1624 3462 est
1652 3405 1733 3461 ibi
1756 3406 1818 3461 in
1846 3404 2075 3476 magnis

431 3497 892 3562 calamitatibus,
924 3512 1116 3552 annos
1145 3500 1319 3551 natus
1349 3494 1782 3567 quinquaginta
1809 3493 1978 3549 duos.
2001 3494 2075 3547 At

432 3604 585 3660 papa
599 3589 900 3643 Romanus
912 3584 1314 3652 Innocentius,
1329 3583 1573 3639 Joannis
1586 3584 1647 3638 in
1660 3582 1868 3638 exsilio
1882 3585 2072 3637 morte

413 3681 713 3750 percepta,
747 3674 810 3730 in
842 3675 994 3731 hanc
1032 3674 1392 3730 sententiam
1442 3672 1517 3729 ad
1564 3672 1880 3728 Arcadium
1922 3671 2072 3727 scri-

422 3767 578 3838 psit:
608 3767 728 3821 Vox
758 3764 1066 3837 sanguinis
1096 3764 1298 3820 fratris
1324 3763 1442 3819 mei
1471 3763 1712 3819 Joannis
1751 3767 1961 3817 contra
1990 3766 2068 3827 te,

420 3857 767 3927 imperator,
801 3854 987 3909 Deum
1018 3851 1297 3925 appellat,
1346 3851 1643 3923 quomodo
1702 3850 1847 3906 olim
1901 3849 2070 3905 Abeli

408 3944 560 4016 justi
588 3942 826 4016 sanguis
856 3942 1139 3998 adversus
1168 3942 1415 3997 Cainum
1446 3940 1831 3996 fratricidam.
1892 3940 2070 3996 Dabis

414 4039 615 4090 autem
636 4032 883 4089 omnino
912 4031 1247 4103 posnas,qui
1265 4031 1549 4102 injustam
1571 4030 1852 4086 adversus
1875 4029 2070 4085 Eccle-

421 4123 568 4179 siam
592 4123 694 4178 Dei
728 4121 1205 4194 persecutionem
1238 4119 1481 4176 molitus
1511 4136 1574 4175 es
1605 4124 1663 4174 et
1699 4125 1907 4175 contra
1937 4120 2068 4190 ejus

417 4211 780 4276 sacerdotes,
813 4208 1212 4280 expulistique
1238 4208 1386 4264 solio
1429 4208 1802 4280 episcOpatus
1849 4208 1939 4263 sui
1971 4208 2067 4263 in-

407 4299 578 4371 juste
605 4304 667 4353 et
692 4296 919 4353 indicta
948 4314 1126 4353 causa
1154 4297 1535 4353 deturbatum
1579 4313 1857 4370 magnum
1907 4294 2068 4351 orbis

418 4392 716 4443 terrarum
745 4385 1219 4441 illuminatorem
1250 4402 1318 4442 ac
1339 4385 1908 4456 doctorem,unaque
1932 4399 2068 4439 cum

2103 3181 2153 3246 C

2162 1976 2281 2038 σίας
2341 1976 2696 2053 κατέχοντας,
2749 1977 3146 2052 ἀναγκασθῆναι
3194 1975 3285 2032 καὶ
3338 1976 3673 2044 κοινωνῆσαι
3721 1973 3814 2028 καὶ

2168 2064 2500 2141 ὑπογράψαι.
2531 2066 2593 2123 Ὁ
2624 2063 2681 2120 δὲ
2741 2065 3006 2140 μακάριος
3061 2065 3197 2141 πρὸς
3246 2062 3462 2126 αὐτούς·
3524 2063 3816 2132 Κοινωνή-

2174 2174 2301 2210 σατε
2359 2156 2477 2229 μὲν,
2534 2155 2628 2210 ’ίνα
2688 2157 2763 2228 μὴ
2826 2155 3060 2230 σχίσητε
3112 2155 3213 2224 τήν
3298 2151 3655 2224 Ἐκκλησίαν,
3741 2153 3816 2225 μὴ

2167 2244 2524 2320 ὑπογράψητε
2582 2241 2658 2299 δέ·
2720 2242 2874 2299 οὐδὲν
2931 2245 3034 2321 γὰρ
3093 2243 3313 2319 ἐμαυτῷ
3392 2239 3613 2298 σύνοιδα
3672 2240 3815 2314 ἄξιον

2166 2333 2553 2407 καθαιρέσεως.
2583 2332 2724 2408 Εἶχε
2756 2329 2813 2388 δὲ
2854 2332 3099 2406 μαθητὰς
3149 2330 3478 2394 ἐπισκόπους
3531 2331 3624 2404 μὲν
3676 2329 3818 2405 Πρό-

2167 2421 2301 2477 κλον
2324 2422 2415 2476 καὶ
2456 2418 2771 2478 Παλλάδιον
2838 2421 2929 2477 καὶ
2988 2421 3233 2497 Βρίσωνα
3289 2421 3381 2477 καὶ
3440 2416 3817 2496 Θεοδώρητον,

2166 2510 2408 2580 ἀσκητὰς
2436 2507 2496 2564 δὲ
2555 2509 2783 2585 Μάρκον
2838 2508 2929 2565 καί
2989 2509 3191 2567 Νεῖλον
3248 2508 3340 2564 καὶ
3396 2505 3681 2583 Ἰσίδωρον
3726 2507 3817 2564 τὸν

2177 2596 2603 2670 Πηλουσιώτην.
2635 2600 2696 2657 Ὁ
2728 2596 2784 2654 δὲ
2816 2600 2981 2676 μέγας
3020 2602 3121 2673 ’[Ρ.
3173 2600 3298 2673 332]
3348 2597 3666 2676 Ἐπιφάνιος
3716 2597 3821 2654 Κύο

2171 2708 2310 2762 πρου
2368 2687 2420 2742 ἐν
2478 2692 2556 2759 τῷ
2607 2682 2864 2762 Ἑϐδόμῳ
2927 2690 3037 2763 (48)
3102 2687 3274 2744 ἐλθὼν
3334 2686 3681 2764 χειροτονίας
3736 2686 3825 2741 καὶ

2171 2777 2410 2846 συνάξεις
2465 2777 2613 2851 παρὰ
2676 2777 2778 2845 τὴν
2834 2777 3090 2833 Ἰωάννου
3135 2776 3359 2853 γνώμην
3418 2776 3662 2848 ἐποίησε.
3724 2773 3823 2832 Καὶ

2171 2868 2266 2920 τοῦ
2331 2864 2583 2921 Ἰωάννου
2637 2864 2819 2939 τούτῳ
2877 2873 3235 2942 συγχωρῆσαι
3320 2863 3675 2937 θελήσαντος,
3733 2863 3821 2918 καὶ

2171 2952 2618 3031 προτρεψαμένου
2673 2954 2833 3011 αὐτὸν
2896 2952 3173 3030 συμϐῆναι
3230 2955 3379 3028 αὐτῷ
3436 2954 3514 3017 είς
3569 2955 3670 3025 τὴν
3710 2952 3824 3009 ἐπι-

2173 3043 2444 3112 σκοπικήν
2529 3046 2876 3121 καταγωγὴν,
2963 3045 3071 3121 οὐχ
3148 3042 3324 3100 εἵλετο
3376 3047 3539 3100 τοῦτο
3593 3050 3824 3113 ποιῆσαι

2181 3131 2518 3208 Ἐπιφάνιος·
2550 3136 2670 3195 ταῖς
2732 3133 2836 3209 γὰρ
2893 3132 2997 3189 ὑπὸ
3052 3131 3318 3212 Θεοφίλου
3368 3126 3653 3194 διαϐολαῖς
3700 3151 3831 3208 προ-

2182 3218 2545 3291 κατείληπτο.
2576 3221 2638 3279 Ὀ
2667 3217 2798 3296 γοῦν
2828 3220 3082 3296 ἀοίδιμος
3126 3224 3387 3294 Ἰωάννης
3439 3219 3831 3285 ἐπισκοπεῦσας

2185 3307 2279 3380 ἔτη
2309 3310 2466 3365 πέντε
2518 3309 2610 3365 καὶ
2666 3308 2841 3384 ἤμισυ
2901 3310 3163 3387 ἐξωρίσθη
3225 3311 3301 3374 είς
3360 3312 3693 3368 Κουκουσόν·
3734 3309 3827 3365 κᾶο

2183 3403 2360 3463 κεῖθεν
2414 3400 2549 3473 μετᾶ
2606 3394 2699 3470 ἔτη
2767 3402 2816 3475 γ’
2863 3400 2955 3455 καὶ
3018 3407 3191 3474 μῆνας
3356 3400 3693 3475 μετενεχθεὶς
3754 3399 3829 3461 είς

2184 3490 2509 3557 Πιτυοῦντα,
2538 3488 2628 3543 καὶ
2659 3487 2952 3564 γενόμενος
2982 3489 3121 3544 κατᾶ
3150 3486 3388 3565 πάροδον
3447 3488 3500 3544 ἐν
3549 3489 3828 3562 Κομάνοις

2183 3578 2296 3650 (49)
2329 3573 2675 3647 ἐτελεύσησεν
2732 3577 2785 3633 ἐν
2840 3577 3028 3653 πολλῇ
3068 3579 3255 3653 θλίψει
3312 3599 3370 3634 τε
3424 3576 3516 3635 καὶ
3574 3577 3831 3647 κακώσει,

2183 3665 2443 3742 ὗπᾶρχων
2497 3663 2633 3722 ἐτῶν
2714 3664 3176 3737 πεντηκονταδύο.
3259 3668 3321 3724 Ὀ
3405 3663 3465 3723 δέ
3519 3687 3582 3743 γε
3645 3668 3829 3728 πάπας

2176 3743 2769 3829 ῬώμηςἽννοκέντιος
2799 3756 3034 3820 ἀκούσας
3081 3759 3181 3828 τὴν
3230 3755 3286 3813 ἐν
3341 3755 3522 3833 ἐξορίᾳ
3566 3755 3825 3824 τελευτὴν

2178 3845 2345 3900 αὐτοῦ
2375 3845 2569 3923 γράφει
2598 3847 2737 3922 πρὸς
2776 3844 3066 3921 Ἀρκάδιον
3119 3843 3323 3904 τοιάδε.
3373 3847 3541 3916 Φωνή
3593 3843 3828 3919 αἳματος

2175 3937 2274 3989 τοῦ
2313 3931 2554 4012 ἀδελφοῦ
2588 3955 2693 4008 μου
2734 3936 2989 3991 Ἰωάννου
3048 3936 3153 4011 βοᾷ
3199 3938 3334 4011 πρὸς
3381 3936 3475 3992 τὸν
3513 3935 3642 3991 Θεὸν
3690 3933 3829 3990 κατὰ

2179 4029 2299 4096 σοῦ,
2335 4026 2582 4102 βασιλεῦ,
2616 4025 2691 4091 ὣς
2732 4049 2864 4085 ποτε
2911 4024 3082 4085 Ἀϐελ
3135 4033 3232 4084 τοῦ
3286 4026 3498 4085 δικαίου
3543 4027 3680 4082 κατὰ
3732 4028 3827 4081 τοῦ

2179 4112 2579 4191 ἂδελφοκτόνου
2630 4115 2783 4174 Καίν.
2817 4116 2919 4174 Καὶ
2976 4118 3193 4180 πάντως
3242 4113 3657 4187 ἐκδικηθήσεται
3704 4136 3834 4171 παν-

2175 4203 2311 4277 τοίῳ
2340 4204 2548 4280 τρόπῳ,
2580 4205 2665 4261 ’ὁτι
2706 4203 2952 4281 διωγμὸν
2985 4203 3170 4262 ἄδικον
3200 4206 3336 4261 κατὰ
3364 4212 3466 4275 τῆς
3498 4202 3823 4276 Ἐκκλησίας

2177 4296 2274 4347 τοῦ
2295 4298 2430 4349 Θεοῦ
2448 4295 2539 4349 καὶ
2568 4298 2676 4350 τῶν
2702 4294 2888 4370 ἱερέων
2917 4294 3082 4350 αὐτοῦ
3112 4296 3443 4365 συνεστήσω,
3476 4293 3567 4350 καὶ
3598 4293 3822 4364 έξέωσας

2180 4382 2274 4437 τὸν
2310 4383 2475 4460 μέγαν
2505 4391 2608 4453 τῆς
2639 4383 2972 4458 οἰκουμένης
3005 4384 3268 4462 φωστῆρά
3298 4404 3357 4440 τε
3375 4384 3466 4440 καὶ
3498 4381 3823 4439 διδάσκαλον

1610 4482 1981 4540 XYLANDRI
2018 4483 2104 4536 ET
2141 4481 2361 4538 GOARI
2401 4484 2625 4542 ΝΟΤΑΞ.

494 4600 600 4671 (47)
632 4598 979 4655 Calcedonis
1012 4605 1137 4654 erat
1166 4598 1538 4655 suburbium.
1572 4600 1797 4655 Sozom.
1832 4613 1949 4671 VIII,
1984 4598 2069 4671 η.
2104 4597 2150 4664 D
2182 4596 2331 4671 siam
2361 4598 2552 4671 primo
2580 4616 2642 4655 se
2672 4600 2989 4668 conferret,
3022 4617 3059 4657 a
3088 4616 3151 4656 se
3190 4616 3457 4656 sororem
3498 4601 3823 4671 Macrinam

420 4667 514 4728 Εἰ
534 4667 743 4727 eodem
775 4677 834 4726 et
862 4671 1105 4742 Niceph.
1157 4688 1282 4736 xm,
1338 4672 1422 4728 l6.
1472 4673 1782 4742 Praenetum
1836 4667 2070 4739 scripsi,

422 4760 558 4801 cum
590 4742 775 4814 codex
809 4740 1367 4814 habeatiﬂpmvétoo-
1401 4742 1513 4797 fuit
1552 4741 1840 4814 Bithynia};
1866 4755 2073 4810 empo-

423 4816 602 4872 rium.
638 4813 750 4870 Sed
781 4819 838 4869 et
870 4813 977 4868 sub
1010 4811 1192 4868 ﬁnem
1226 4813 1439 4869 Leonis
1471 4811 1843 4868 Iconomachi
1866 4826 2073 4865 rursus

430 4889 737 4943 Prmnetum
763 4885 1170 4956 scriptumrest
1218 4884 1281 4940 in
1335 4887 1543 4956 Nostro
1600 4886 1870 4956 XYL.__—f
1904 4880 2075 4956 Urbis

433 4958 540 5013 ΟΡ.
567 4974 688 5012 non
720 4951 1132 5026 Chalcedonis,
1162 4961 1229 5011 ut
1256 4955 1727 5011 comminiscitur
1756 4951 2075 5026 Xylander,

430 5028 816 5085 suburbium:
848 5023 1228 5083 Ruﬁnianum
1261 5026 1419 5082 enim
1452 5026 1738 5097 palatium
1761 5023 1867 5079 ΟΡ.
1894 5023 2077 5097 fuisse

427 5099 691 5171 produnt
720 5098 1004 5171 historias.
1038 5094 1493 5171 Chrysostomus
1540 5097 1667 5171 ipse
1701 5112 1794 5167 ep.
1828 5112 1844 5150 ι
1875 5094 1950 5150 ad
1965 5095 2075 5171 _In-

429 5114 691 5171 pronum
720 5114 1004 5154 nistoriaa.
1038 5114 1493 5169 unrysosmomus
1540 5114 1558 5150 1
1606 5114 1667 5153 se
1701 5114 1794 5167 ep.
1828 5114 1844 5150 ι
1875 5114 1950 5150 ao
1980 5114 2075 5149 ln-

429 5170 775 5250 noce_ntium
792 5168 865 5225 de
877 5168 1204 5250 Theophila
1219 5114 2081 5250 quampluriibu-sconqueritur

431 5241 591 5366 quod
624 5257 896 5313 magnam
947 5236 1264 5312 divinoque
1323 5236 1507 5295 cul'tui
1555 5236 2079 5309 deditamjurbom

479 5313 540 5365 P.
576 5312 895 5366 ingressus.
928 5311 1092 5366 iuxta
1118 5311 1531 5366 nraascrintum
1563 5310 1796 5366 clericis
1829 5324 2076 5366 morem.

479 5313 540 5383 Ρ.
576 5310 895 5383 ingressus,
920 5311 1092 5383 juxta
1118 5310 1531 5383 prmscriptum
1563 5310 1796 5383 clericis
1829 5324 2076 5371 morem,

434 5380 509 5436 ad
543 5380 853 5455 ecclesiam
884 5380 1003 5455 non
1044 5397 1106 5437 se
1122 5380 1508 5455 contuli—sset,
1542 5381 1646 5438 sed
1678 5383 1808 5455 ejus
1840 5386 2081 5452 printer-

437 5452 629 5526 cursis
657 5452 964 5526 vestibulis
994 5469 1025 5526 e
1055 5454 1187 5508 navi
1230 5470 1502 5526 egressus
1551 5452 1865 5526 confestim
1917 5458 2081 5526 extra

436 5522 648 5604 urbem
666 5539 728 5578 se
746 5522 1303 5604 proripuisset_eum
1320 5525 1382 5604 in
1400 5525 1746 5604 lo_cum_quo
1776 5523 1991 5580 deinde
2022 5522 2084 5576 in

435 5595 724 5649 Joannem
745 5594 1029 5649 nefariam
1055 5594 1191 5650 tulit
1211 5594 1839 5653 sententiam.Sacrum
1855 5608 2082 5649 morem

2183 4668 2410 4744 afflicta
2423 4669 2761 4744 valetudine
2784 4673 3071 4744 jactatam
3125 4671 3414 4744 invisente
3435 4670 3821 4744 observatum

2180 4740 2364 4815 refert
2390 4741 2689 4815 Nyssenus
2718 4740 2939 4815 in'ejus
2970 4744 3121 4803 Vita,
3150 4758 3220 4797 ex
3250 4758 3365 4813 quo
3386 4741 3695 4815 Theophili
3726 4759 3823 4797 ex-

2184 4812 2525 4868 scendentis
2555 4828 2588 4868 e
2617 4814 2752 4869 navi
2784 4812 2853 4870 et‘
2870 4813 2945 4869 ad
2975 4812 3356 4870 Ruﬁnianum
3387 4812 3565 4869 extra
3593 4813 3822 4882 urbem,

2184 4888 2250 4955 ut
2278 4883 2693 4955 Chrysostomo
2755 4891 3012 4941 strueret
3058 4884 3329 4949 insidias,
3378 4890 3540 4940 recta
3590 4891 3830 4941 conten-

2186 4953 2810 5027 dentis‘improbitatis
2845 4957 3274 5012 manilestatur.
3304 4956 3480 5011 Goxn.

2257 5027 2367 5099 (48)
2392 5025 2761 5099 Hebdomum
2784 5033 3004 5099 autem,
3028 5028 3198 5099 cujus
3221 5027 3442 5099 mentio
3464 5025 3624 5099 haud
3646 5025 3833 5099 multo

2187 5102 2322 5178 post
2350 5096 3208 5178 infertur,_fui_sse_suburbium
3238 5097 3435 5178 Cpolis
3467 5113 3559 5178 ex.
3584 5096 3835 5178 Cedreni

2187 5168 2373 5237 ipsius
2398 5169 2601 5224 multis
2628 5168 2774 5226 locis
2800 5169 3177 5226 observatum
3207 5168 3317 5235 est,
3360 5184 3435 5224 ne
3482 5168 3633 5225 alios
3684 5168 3829 5225 scri-

2188 5243 2389 5310 ptores
2418 5239 2689 5366 allegem.
2724 5243 2926 5331 Itaque
2956 5246 3024 5297 ut
3070 5240 3379 5323 proprium
3425 5240 3667 5309 retinui,
3716 5255 3835 5296 non

2189 5314 2492 5365 convertit.
2580 5327 2664 5366 η.
2698 5304 2973 5366 Ἕϐδομον
3007 5312 3172 5366 locus
3203 5316 3455 5366 septimo
3483 5311 3558 5366 ab
3588 5311 3735 5366 urbe
3756 5311 3835 5366 la-

2189 5304 2973 5392 convertit._XYL.R‘E6SBpov
3007 5304 3455 5383 locus-septimo
3483 5311 3558 5368 ab
3588 5304 3735 5368 urbe
3756 5311 3839 5366 la-

2190 5380 2326 5452 pide
2357 5381 2620 5437 dissitus.
2655 5384 2827 5438 Goxn.

2260 5452 2370 5521 (49)
2401 5453 2662 5508 Comana
2688 5454 2983 5509 Armenias
3014 5453 3157 5509 urbs
3187 5458 3296 5509 est.
3356 5452 3678 5509 Sozomeno
3721 5452 3837 5508 line

2192 5522 2233 5605 l‘.
2265 5539 2358 5605 vru
2406 5523 2847 5605 aanicephoro
2894 5527 3157 5605 xum-3n.
3217 5523 3382 5590 Quod
3430 5522 3837 5605 adnotandum

2190 5593 2356 5661 duxi,
2384 5600 2449 5650 ut
2475 5593 2712 5651 Zonaras
2742 5596 2872 5653 loco
2922 5596 3195 5652 mutilato
3241 5611 3672 5652 succurrerem.
3724 5596 3829 5651 So-

438 5664 611 5721 illum
643 5681 760 5736 quo
792 5664 1107 5736 episcOpus
1136 5665 1430 5721 civitatem
1462 5667 1760 5738 ingressus
1791 5669 1863 5724 ad
1895 5667 2086 5723 eccle-
2194 5671 2386 5722 crates
2415 5666 2490 5723 ad
2518 5667 2813 5724 Euxinum
2844 5672 3090 5740 pontum
3124 5667 3379 5724 collocat
3406 5683 3482 5734 vr,
3511 5669 3602 5722 21.
3636 5668 3777 5723 Χγι..
