4170 6204
328 362 449 421 633

1453 356 1995 419 HISTORIARUM
2044 354 2596 420 COMPENDIUM.

3640 358 3760 419 634

331 492 395 548 ἐκ
423 495 521 547 τοῦ
563 489 761 566 θρόνου
814 496 919 560 τῆς
966 488 1267 557 ἐπισκοπῆς
1328 490 1494 542 αὐτοῦ
1548 488 1878 562 παρανόμως
1930 509 1977 543 τε

2102 505 2172 546 eo
2204 491 2504 547 Christum
2534 489 2804 564 abegisti.
2834 490 2993 545 Nova
3023 492 3222 545 autem
3273 489 3386 545 ista
3416 489 3608 546 Dalila
3636 492 3754 547 Eu-

331 582 421 637 καὶ
457 581 717 653 ἀκρίτως,
761 575 1055 648 συνδιώξας
1111 574 1261 649 αύτῷ
1312 574 1405 631 καὶ
1467 576 1558 631 τὸν
1616 574 1866 650 Χριστόν.
1923 577 1987 633 Ἦ

336 667 395 726 δὶ
421 670 516 725 vta
556 667 769 725 Δαλιλᾶ
798 664 1062 738 Εὖδοξία,
1117 665 1254 721 κατὰ
1307 665 1503 740 μικρὸν
1558 669 1638 738 τῷ
1692 665 1836 740 ξυρῷ
1890 667 1989 735 τῆς

337 760 557 830 ἀπάτης
590 759 865 832 ξυρήσασά
918 776 998 825 σε,
1056 753 1291 828 κατάραν
1347 754 1619 829 ἐπήγαγεν
1679 755 1839 828 ίαυτῇ
1899 752 1988 809 καὶ

336 854 522 922 μῖσος,
551 843 762 902 ἔνδικόν
789 866 849 900 τε
903 844 995 900 καὶ
1052 841 1435 917 ἀνεξάλειπτον
1494 839 1827 914 δεσμεύσασα
1853 863 1991 921 φορ-

328 936 449 993 τίον
531 933 943 1011 ἁμαρτημάτων
1025 926 1450 1001 δυσϐάστακτον,
1533 932 1625 988 καὶ
1695 936 1993 1008 προσθεῖσα

329 1032 452 1090 τοῖς
479 1025 675 1102 πρώην
705 1024 875 1094 αὐτῆς
906 1019 1102 1086 δεινοῖς
1133 1022 1223 1077 καὶ
1279 1019 1517 1084 πολλοῖς
1577 1023 1986 1098 ἁμαρτήμασιν.

326 1116 392 1173 Ὀ
452 1111 512 1170 δὶ
571 1113 735 1190 μὲγας
792 1109 1073 1188 Ἰσίδωρος
1159 1111 1297 1187 πρός
1350 1132 1474 1167 τινα
1530 1113 1751 1190 γράφων
1811 1111 1988 1174 οὕτως

331 1203 517 1281 φησίνσ
583 1204 823 1278 Ἐρωτᾷς
875 1202 975 1272 τήν
1032 1197 1158 1275 περί
1212 1199 1306 1255 τὸν
1393 1200 1672 1265 θεσπέσιον
1732 1201 1988 1272 Ἰωάννην

329 1289 658 1370 τραγῳδίαν,
718 1289 866 1347 ἀλλά
922 1289 1122 1367 φράσαι
1175 1291 1378 1360 ταύτην
1431 1289 1643 1365 ἀπορῶ-
1710 1294 1833 1361 νικᾷ
1886 1289 1986 1365 γάρ

328 1381 427 1436 τὸν
452 1385 578 1437 νοῦν
608 1383 643 1451 ἡ
679 1379 816 1455 μέθη
846 1384 946 1436 τοῦ
999 1380 1341 1457 πράγματος.
1376 1379 1561 1454 Μικρά
1619 1375 1676 1434 δὲ
1731 1381 1986 1453 μάνθανε,

332 1470 470 1545 ἅπερ
501 1471 537 1540 ἡ
564 1466 839 1546 Αἴγυπτος
868 1468 1094 1540 ἠνόησε,
1126 1466 1364 1525 Μωϋοία
1406 1467 1500 1542 μὲν
1559 1466 1985 1542 παραιτουμένη,

327 1558 424 1614 τὸν
449 1555 508 1613 δὲ
564 1557 768 1633 Φαραὼ
826 1553 1195 1630 οἰκειουμένη,
1251 1556 1379 1617 τοὺς
1443 1557 1728 1619 ταπεινοὺς
1790 1557 1986 1632 μαστί-

345 1654 510 1718 ζουσα
538 1648 628 1704 καὶ
656 1647 783 1711 τοὺς
821 1648 1197 1721 κοπουμένους
1249 1642 1539 1717 θλίϐουσα,
1589 1646 1782 1710 πόλεις
1837 1647 1990 1704 οἶκο-

340 1735 589 1813 δομοῦσα
613 1737 702 1794 καὶ
733 1737 861 1799 τοὺς
923 1736 1150 1810 μισθοὺς
1203 1736 1598 1813 ἀποστεροῦσα.
1658 1738 1754 1793 Καὶ
1817 1736 1989 1818 μέχρι

2098 579 2290 646 doxia,
2325 597 2459 652 quas
2494 584 2548 636 te
2577 579 2865 653 paulatim
2897 577 3185 634 novacula
3213 577 3556 650 imposturm
3584 581 3750 650 rasit,

2097 669 2244 725 diris
2276 685 2339 725 se
2362 670 2553 741 ipsam
2583 665 3095 725 exsecrationibus
3125 666 3380 739 subjecit
3407 674 3586 740 atque
3615 670 3752 725 odio

2088 759 2253 830 justo
2286 762 2345 814 et
2374 759 2759 831 sempiterno.
2783 759 2865 812 Ea
2885 757 3105 813 fascem
3131 762 3507 827 peccatorum
3525 764 3755 830 gestatu

2095 847 2512 904 difficillimam
2538 847 2854 920 colligavit,
2889 863 3145 918 eumque
3177 846 3446 918 pristinis
3477 847 3601 902 suis
3623 864 3752 919 gra~

2094 937 2263 993 vibus
2294 953 2362 993 ac
2393 937 2668 1009 plurimis
2724 936 2984 1008 peccatis
3028 935 3458 1006 superaddidit.
3506 935 3754 1008 Magnus

2095 1031 2293 1082 autem
2321 1026 2582 1081 Isidorus
2611 1024 2849 1081 cuidam
2884 1023 3151 1079 scribens
3182 1022 3353 1095 (49‘):
3386 1024 3630 1095 Qumris,
3657 1026 3753 1079 in-

2095 1114 2595 1187 quit,tragcrdiam
2626 1113 2783 1169 beati
2806 1112 3210 1184 Chrysostomi
3228 1113 3257 1167 ‘l
3278 1113 3452 1183 Atqui
3477 1130 3608 1169 eam
3621 1131 3747 1169 ver-

2094 1203 2185 1259 bis
2215 1202 2511 1276 explicare
2531 1220 2651 1258 non
2671 1218 2913 1274 possum
2935 1201 3219 1268 ;ebrietas
3250 1202 3409 1256 enim
3427 1201 3566 1257 facti
3583 1218 3750 1258 men-

2095 1296 2213 1349 tem
2248 1297 2508 1364 superat.
2543 1291 2695 1347 Audi
2730 1295 2932 1347 tamen
2964 1305 3153 1362 pauca
3204 1289 3479 1362 Egyptian
3512 1289 3750 1363 ignora-

2093 1383 2272 1439 tionis
2328 1382 2612 1438 facinora.
2695 1382 2895 1436 Mosen
2950 1379 3302 1451 repudiavit,
3378 1379 3749 1435 Pharaonem

2092 1469 2337 1527 adscivit
2359 1488 2372 1526 :
2405 1470 2661 1526 humiles
2678 1469 2956 1543 ﬂagellat,
2981 1474 3039 1524 et
3058 1468 3261 1524 labore
3275 1468 3507 1523 attritos
3524 1468 3708 1541 afﬁgit
3733 1487 3747 1537 ;

2091 1559 2270 1615 urbes
2300 1559 2572 1623 exstruit,
2600 1557 2874 1614 mercede
2902 1557 3248 1624 defraudat;
3283 1562 3460 1630 atque
3492 1557 3554 1612 in
3584 1557 3743 1612 hunc

2090 1665 2280 1721 usque
2311 1649 2469 1704 diem
2498 1648 2590 1703 his
2619 1646 2832 1703 studiis
2872 1647 3100 1703 intenta
3151 1646 3541 1719 Theophilum
3590 1645 3742 1702 583

2094 1741 2221 1796 auri
2252 1740 2462 1796 insano
2483 1756 2686 1796 amore
2726 1744 2904 1810 atque
2943 1738 3107 1795 cultu
3137 1743 3490 1810 occupatum
3520 1738 3741 1811 produc

328 1831 420 1882 νῦν
449 1829 663 1890 τούτοις
695 1826 1078 1901 ἑμμελετῶσα,
1119 1827 1210 1883 τὸν
1248 1832 1577 1903 χρυσομανῆ
1625 1825 1716 1882 καὶ
1774 1847 1977 1907 χρυσο-

2095 1830 2199 1899 xit,
2223 1835 2477 1902 quatuor
2505 1829 2684 1885 sociis
2712 1828 2919 1900 ﬂagitii
2970 1834 3148 1899 atque
3179 1827 3535 1883 desertionis
3566 1828 3750 1900 stipa-

326 1916 537 1991 Αάτρην
591 1912 988 1990 προϐαλομὲνη
1065 1914 1330 1996 Θεόφιλον
1385 1915 1637 1990 τέσσαρσι
1698 1921 1979 1993 συνεργοῖς

322 2007 415 2062 καὶ
478 2006 903 2068 συναποστάταις
962 2004 1334 2083 ὀχυρωθέντα,
1380 2006 1471 2061 τὸν
1524 2003 1693 2069 ὅντως
1746 2006 1974 2081 θεοφιλῆ

320 2095 413 2149 καὶ
491 2094 755 2170 θεολόγον
813 2094 1259 2169 κατεπολέμησεν
1315 2094 1622 2170 ἄνθρωπον,
1692 2097 1793 2166 τήν
1851 2095 1977 2171 περὶ

2092 1925 2240 1988 tum,
2272 1918 2605 1990 horumque
2639 1934 2820 1990 opera
2867 1934 3001 1973 vere
3061 1918 3177 1972 Deo
3226 1917 3473 1972 charum
3524 1920 3583 1971 et
3612 1918 3744 1989 ejus

2090 2008 2382 2082 insignem
2429 2008 2767 2081 cognitione
2798 2007 2993 2062 virum
3026 2004 3377 2073 debellavit;
3412 2006 3513 2078 qui
3544 2023 3742 2062 arcem

2088 2114 2209 2154 sum
2240 2098 2478 2154 duritiei
2510 2096 2739 2153 invenit
2767 2096 2969 2152 odium
3024 2112 3091 2151 ac
3122 2095 3600 2151 malevolentiam
3640 2096 3741 2151 ad-

318 2185 412 2240 τὸν
450 2183 581 2257 ἐμὸν
636 2186 935 2259 ὁμώνυμον
992 2186 1107 2259 (50)
1163 2184 1456 2261 ἀπέχθειαν
1508 2185 1597 2240 καὶ
1659 2181 1974 2257 δυσμὲνειαν

2091 2203 2288 2242 versus
2316 2186 2464 2241 mihi
2494 2185 2929 2259 cognominem.
2952 2186 3166 2241 Verum
3195 2185 3496 2241 enimvero
3527 2184 3739 2240 domus

323 2274 672 2349 ὁρμητήριον
758 2279 860 2344 τῆς
942 2273 1145 2336 οἰκείας
1222 2273 1490 2350 εὑρηκότα
1574 2270 1970 2349 σκληρότητος.

321 2360 483 2419 Ἀλλ’
513 2363 542 2417 ὁ
576 2361 671 2436 μὲν
703 2364 859 2425 οἶκος
891 2358 1060 2419 Δαϐἱδ
1112 2367 1466 2438 κραταιοῦται
1516 2362 1603 2417 καὶ
1662 2361 1969 2438 πορεύεται,

2084 2274 2359 2331 Davidica
2389 2274 2778 2330 confirmatur
2806 2279 2866 2329 et
2889 2274 3124 2343 crescit,
3157 2273 3317 2329 Sauli
3348 2279 3546 2329 autem
3579 2272 3741 2327 infir-

2081 2370 2280 2419 matur
2307 2370 2365 2419 et
2393 2363 2620 2436 pudeﬁt
2648 2368 2825 2433 atque
2859 2362 3275 2434 impeditur,ut
3296 2363 3478 2432 vides,
3507 2368 3739 2423 tametsi

324 2451 354 2505 ὁ
431 2448 490 2506 δὲ
545 2450 698 2514 οἶκος
752 2452 936 2508 Σαοὺλ
994 2452 1204 2517 ἀσθενεῖ
1259 2451 1352 2508 καὶ
1405 2451 1821 2527 καταισχύνεται
1878 2450 1969 2506 καὶ

2091 2454 2256 2507 homo
2278 2451 2381 2507 Dei
2409 2451 2745 2523 tempestati
2779 2451 2833 2506 ei
2864 2449 3189 2506 subductus
3221 2457 3310 2506 est
3340 2457 3399 2507 et
3422 2456 3740 2507 coronatus

322 2537 738 2613 συμποδίζεται,
795 2552 976 2606 καθως
1033 2543 1183 2615 ὁρᾷς.
1244 2540 1290 2596 εί
1346 2541 1435 2596 καὶ
1490 2547 1593 2610 τῆς
1641 2538 1812 2611 ζάλης
1867 2540 1971 2595 ὑπ-

2091 2541 2380 2597 :mlestem
2401 2540 2548 2596 adiit
2574 2539 3092 2612 tranquillitatem.

333 2628 557 2699 εξῆλθεν
624 2630 654 2686 ὁ
712 2631 997 2706 ἄνθρωπος
1051 2634 1149 2686 τοῦ
1232 2634 1367 2687 Θεοῦ
1432 2629 1754 2705 στεφανίτης
1834 2629 1926 2685 καὶ
2009 2629 2329 2707 νικηφόρος,
2406 2627 2496 2683 καὶ
2553 2627 2691 2704 πρὸς
2744 2627 2844 2695 τήν
2904 2624 3014 2681 ἅνω
3088 2627 3339 2702 γαλήνην
3403 2627 3730 2702 μετεχώρη-

338 2740 445 2778 σεν.

387 2806 855 2888 Ὑποστρέφοντος
941 2805 1000 2864 δὲ
1077 2807 1396 2886 Ἐπιφανίου
1482 2806 1535 2863 ὲν
1596 2808 1825 2881 Κύπρῳ,
1880 2807 1972 2863 καὶ

316 2898 424 2966 τήν
454 2897 649 2954 ἑαυτοῦ
677 2896 939 2968 τελευτὴν
985 2896 1133 2973 παρά
1187 2900 1322 2952 Θεοῦ
1384 2895 1770 2971 μεμαθηκότος
1826 2894 1975 2968 πλη-

316 2989 633 3059 σιάζουσαν,
681 2986 900 3065 λέγεται
961 2985 1235 3060 εἶρηκξναι
1288 2992 1409 3050 τοῖς
1467 2985 1629 3043 αὐτὸν
1685 2984 1975 3062 παραπέμ-

318 3097 502 3133 πουσι·
554 3074 784 3133 Σπεύδω
832 3074 965 3154 ἐγὼ,
1035 3073 1271 3146 σπεύδω,
1332 3074 1534 3154 ἀφίημι
1595 3073 1653 3131 δὶ
1708 3078 1791 3149 [Ρ.
1851 3078 1976 3150 333]

322 3165 460 3239 ὑμῖν
487 3165 555 3219 τά
595 3162 865 3240 βασίλεια,
897 3164 997 3233 τὴν
1025 3161 1189 3219 πόλιν
1232 3163 1323 3220 καὶ
1378 3165 1478 3233 τήν
1550 3162 1854 3240 ὑπόκρισιν.
1881 3166 1976 3227 Ὃς

2160 2807 2524 2880 Epiphanius
2555 2808 2617 2862 in
2650 2808 2906 2880 Cyprum
2940 2824 3379 2878 reversus,cum
3400 2823 3436 2863 a
3454 2808 3572 2863 Deo
3588 2813 3749 2863 esset

2088 2897 2352 2952 monitus
2379 2896 2493 2952 sibi
2525 2896 2703 2952 finem
2720 2897 2849 2952 vita)
2867 2897 3305 2961 instare,fertur
3333 2896 3408 2951 iis
3430 2896 3528 2968 qui
3546 2897 3740 2968 ipsum

2086 2986 2351 3043 comitati
2382 2986 2622 3042 fuerant
2651 2986 2909 3043 dixisse:
2946 2988 3180 3043 Festino
3212 3004 3340 3059 ego,
3362 2986 3600 3043 festino.
3631 2988 3741 3042 Re-

2088 3074 2298 3148 linquo
2319 3078 2519 3131 autem
2548 3074 2712 3131 vobis
2743 3075 3060 3148 imperium
3093 3082 3151 3131 et
3179 3076 3387 3133 urbem
3425 3080 3484 3130 et
3524 3075 3741 3131 fabulas

2088 3165 2412 3221 actionem.
2435 3164 2623 3220 Simul
2653 3165 2831 3220 etiam
2863 3165 2935 3220 iis
2963 3164 3210 3221 Joannis
3240 3164 3303 3219 in
3335 3163 3549 3219 exsilio
3570 3163 3749 3219 victo-

318 3274 385 3329 γε
414 3253 504 3308 καὶ
559 3253 814 3312 Ἰωάννου
868 3253 970 3323 τὴν
1025 3250 1078 3308 ἐν
1136 3250 1315 3327 ἒξορίᾳ
1370 3249 1631 3322 τελευτὴν
1691 3253 1781 3308 καὶ
1827 3252 1977 3325 νίκην

2091 3254 2309 3310 riosam
2356 3260 2614 3310 mortem
2666 3255 2988 3326 exposuit;
3043 3261 3102 3311 et
3163 3253 3440 3310 similiter
3493 3255 3748 3309 Joannes

320 3341 620 3414 ἐδήλωσεν,
666 3343 758 3399 καὶ
816 3343 1073 3412 Ἰωάννης
1139 3343 1350 3417 ὁμοίως
1405 3341 1710 3417 Ἐπιφανίῳ
1764 3344 1863 3414 τήν
1923 3343 1976 3399 ἐν

318 3437 402 3505 τῷ
429 3432 613 3506 πλοίῳ
638 3431 922 3507 κοίμησιν,
963 3429 1026 3487 ὶκ
1078 3431 1225 3496 θείας
1280 3430 1563 3497 ἐπιπνοίας
1612 3436 1781 3488 ταῦτα
1834 3453 1974 3509 προσ

327 3520 622 3596 μυηθέντες
653 3523 707 3576 οἱ
732 3519 1012 3594 μακάριοι,
1042 3520 1132 3575 ’ἱνα
1161 3523 1236 3595 μή
1261 3543 1344 3584 τις
1374 3515 1573 3598 ἔχθραν
1604 3516 1751 3598 ἔχειν
1782 3522 1978 3588 αὐτοὺς

320 3609 440 3664 κατ’
469 3606 737 3680 ἀλλήλων
760 3608 1168 3670 ίιποτοπάσειεν.
1193 3608 1266 3664 Ού
1287 3610 1392 3685 γὰρ
1422 3607 1482 3665 ἅν
1505 3611 1557 3664 οἱ
1587 3614 1828 3666 τοιοῦτοι
1848 3613 1973 3682 θεη-

320 3699 480 3776 γόροι
509 3697 601 3753 καὶ
631 3699 904 3778 θεοφιλεῖς
934 3696 1215 3775 ἅνθρωποι
1245 3698 1337 3755 καὶ
1368 3694 1690 3754 διδάσκαλοι
1747 3697 1835 3755 καὶ
1876 3704 1974 3756 τοῦ

319 3783 679 3861 εἰρηνοποιοῦ
709 3789 945 3861 Χριστοῦ
988 3787 1227 3859 μαθηταὶ
1281 3788 1517 3862 γνήσιοι,
1576 3784 1673 3843 τοῦ
1729 3786 1971 3866 φάσκον-

323 3892 440 3938 τος·
474 3875 565 3933 Ἐν
595 3872 776 3947 τούτῳ
827 3875 1125 3951 γνώσονται
1181 3874 1377 3938 πάντες
1440 3876 1525 3932 δτι
1587 3878 1822 3951 μαθηταί
1867 3876 1973 3951 μού

329 3962 475 4035 ἕστε,
508 3963 599 4019 ἒάν
637 3963 855 4040 ἀγάπην
908 3959 1079 4039 ἔχητε
1138 3965 1255 4037 μετ’
1284 3962 1574 4037 ἀλλήλων,
1631 3962 1828 4042 ἔχθραν
1881 3965 1972 4022 καὶ

316 4049 514 4106 κακίαν
566 4043 790 4129 ἔχοντες
859 4048 1233 4121 ἐτελεύτησαν.
1289 4053 1521 4130 Ἀπαγν
1606 4051 1652 4107 εἰ
1728 4053 1829 4128 γάρ
1881 4053 1970 4108 καὶ

324 4139 520 4213 μικρὸν
587 4136 886 4195 σκάνδαλον
966 4139 1032 4195 τὸ
1114 4138 1421 4215 προρῥηθὶν
1502 4142 1691 4217 γέγονε
1752 4140 1971 4215 μεταξὺ,

318 4228 423 4296 τήν
453 4226 802 4301 ἀνθρωπίνην
830 4226 1102 4292 ἀσθένειαν
1138 4225 1367 4308 ἔλεγχον
1423 4228 1560 4305 πρὸς
1605 4229 1812 4305 ὀλίγον,
1844 4228 1972 4286 ἀλλ’

320 4315 416 4372 οὖν
446 4336 511 4392 γε
539 4318 730 4372 θᾶττον
754 4315 830 4378 είς
858 4318 958 4385 τὴν
982 4318 1230 4393 κορυφὴν
1286 4321 1396 4373 τῶν
1455 4319 1658 4395 ἀρετῶν
1715 4320 1970 4395 ἤχθησαν

315 4406 420 4474 τὴν
450 4404 690 4479 ἀγάπην,
747 4404 872 4480 περὶ
935 4405 1006 4474 ἧς
1061 4405 1211 4483 λέγει
1276 4410 1492 4469 Παῦλος
1552 4409 1582 4463 ὁ
1638 4407 1966 4473 ἀπόστολος.

314 4495 380 4553 ἸΙ
411 4493 594 4569 ἀγάπη
634 4499 996 4570 μακροθυμεῖ,
1051 4493 1435 4573 χρηστεύεται,
1473 4495 1538 4550 ού
1591 4499 1969 4573 παροξύνεται,

2086 3343 2422 3416 Epiphanio
2454 3344 2515 3398 in
2568 3343 2701 3398 navi
2761 3344 2942 3399 finem
2991 3343 3125 3398 vita)
3182 3342 3481 3412 indicavit,
3548 3341 3745 3397 divino

2086 3431 2292 3487 afﬂatu
2322 3432 2478 3487 beati
2512 3431 2584 3487 de
2616 3432 2690 3487 iis
2720 3432 3078 3504 prmmoniti,
3113 3448 3188 3487 ne
3214 3432 3348 3503 quis
3395 3447 3497 3487 eos
3540 3431 3741 3486 inimi-

2085 3520 2285 3575 citiam
2316 3523 2473 3576 inter
2500 3536 2562 3576 se
2611 3521 2948 3576 exercuisse
3001 3525 3256 3593 putaret.
3285 3519 3453 3575 Absit
3480 3519 3643 3576 enim
3674 3524 3743 3575 ut

2086 3609 2189 3664 Dei
2218 3625 2525 3682 prmcones
2565 3616 2742 3681 atque
2774 3609 3033 3665 cultores
3064 3610 3159 3665 isti
3190 3614 3368 3681 atque
3396 3608 3603 3681 populi
3633 3609 3737 3664 do-

2085 3698 2660 3769 ctores,paciﬂcique
2684 3698 3006 3753 Servatoris
3029 3697 3306 3770 discipuli
3338 3697 3603 3770 genuini,
3637 3698 3741 3769 qui

2086 3787 2355 3843 dixerat:
2390 3787 2508 3842 Hoc
2538 3785 2758 3841 indicio
2785 3787 3045 3842 universi
3104 3786 3443 3859 intelligent
3488 3803 3591 3841 vos
3613 3803 3743 3841 esse

2086 3891 2250 3931 meos
2273 3873 2669 3946 discipulos,si
2691 3874 2942 3931 invicem
2964 3874 3296 3930 dilexeritis
3322 3874 3410 3941 δ”,
3425 3874 3629 3929 odium
3641 3879 3748 3930 aut

2085 3964 2568 4021 malevolentiam
2590 3981 2781 4037 usque
2792 3964 2867 4021 ad
2891 3965 3069 4020 ﬂnem
3101 3966 3231 4020 vitas
3246 3965 3743 4021 conservaverint.

2086 4057 2230 4110 Nam
2264 4053 2496 4110 tametsi
2521 4054 2733 4127 exigua
2749 4054 3022 4126 quaedam
3054 4054 3126 4110 iis
3151 4055 3376 4110 offensa
3396 4054 3737 4124 intervenit,

2086 4144 2362 4199 humanm
2394 4142 2822 4200 imbecillitatis
2839 4148 3482 4216 argumentum,tamen
3503 4160 3640 4199 mox
3659 4144 3734 4200 ad

2085 4232 2751 4299 charitatem,virtutum
2771 4232 3094 4305 fastigium,
3117 4249 3245 4288 sese
3274 4231 3627 4303 retulerunt,
3660 4233 3733 4289 de

2087 4340 2204 4395 qua
2233 4323 2539 4395 apostolus
2560 4324 2776 4380 Paulus
2796 4323 2979 4380 dicit:
3010 4324 3276 4380 Charitas
3299 4323 3372 4380 ad
3396 4323 3549 4380 584
3580 4325 3729 4381 iram

2085 4412 2257 4467 tarda
2285 4416 2396 4477 est,
2427 4411 2687 4485 benigna
2715 4418 2826 4481 est,
2854 4429 2976 4468 non
3008 4413 3296 4483 irritatur,
3322 4431 3442 4470 non
3501 4421 3740 4487 reputat

2089 4500 2314 4558 malum
2334 4500 2376 4556 ⁸.
2408 4500 2556 4556 Item
2582 4501 2765 4556 :Deus
2795 4506 2886 4556 est
2913 4501 3172 4558 charitas
3200 4519 3214 4557 :
3241 4503 3341 4575 qui
3368 4503 3431 4559 in
3451 4503 3739 4562 charitate

316 4582 380 4638 ού
411 4580 692 4660 λογίζεται
718 4585 783 4639 τὸ
808 4584 994 4639 κακόν·
1026 4583 1114 4639 καὶ
1146 4583 1233 4640 ὃτι
1256 4584 1317 4642 Ὀ
1351 4584 1481 4647 Θεὸς
1514 4584 1695 4664 ἀγάπη
1728 4585 1861 4658 ἐστὶ,
1891 4601 1977 4656 καῖ

2091 4594 2415 4661 permanet,
2448 4588 2498 4644 is
2528 4589 2590 4645 in
2624 4591 2743 4663 Deo
2764 4591 3130 4661 permanet“.

319 4673 348 4726 ὁ
382 4670 555 4746 μένων
588 4670 641 4727 ἐν
664 4677 736 4747 τῇ
767 4669 946 4748 ἀγάπῃ
976 4671 1028 4728 ἐν
1076 4676 1157 4746 τῷ
1187 4677 1305 4746 Θεῷ
1337 4672 1506 4748 μένει.

391 4761 543 4820 Μετᾶ
600 4758 657 4816 δὶ
705 4761 804 4830 τήν
866 4760 1117 4818 Ἰωάννου
1200 4761 1457 4834 τελευτήν
1541 4763 1835 4828 ἐπίσκοπός
1888 4786 1971 4829 τις

2150 4768 2377 4823 Mortuo
2407 4766 2826 4840 Chrysostomo
2857 4774 3098 4825 sanctus
3128 4771 3371 4842 quidam
3395 4770 3729 4844 episcopus,

319 4847 493 4923 ἅγίος,
548 4844 838 4928 ’Δδελφιὸς
897 4844 1075 4921 ὄνομα
1129 4849 1301 4922 αύτῷ,
1379 4846 1559 4925 ἔλεγεν
1617 4853 1701 4909 ’ὁτι
1781 4855 1971 4926 Λύπην

2091 4856 2322 4911 nomine
2342 4855 2693 4928 Adelphius,
2727 4874 2863 4912 cum
2894 4863 2960 4913 ut
2989 4859 3229 4929 quidem
3254 4860 3378 4932 ipse
3410 4860 3609 4929 refert,
3640 4861 3730 4916 in-

320 4936 474 5013 εἶχον
508 4937 808 5014 ἀφόρητον,
842 4934 984 4992 διότι
1015 4939 1044 4992 ὁ
1064 4942 1314 5000 τοιοῦτος
1344 4937 1505 5011 ἀνὴρ,
1574 4941 1602 4995 ὁ
1649 4948 1748 5011 τῆς
1780 4943 1967 5000 οἴκου.

2077 4944 2427 5001 credibilem
2457 4943 2726 5000 dolorem
2757 4962 2830 5000 ex
2855 4962 2925 5002 eo
2947 4947 3201 5018 cepisset
3221 4948 3378 5018 quod
3403 4952 3602 5003 tantus
3624 4950 3733 5018 vir,

325 5027 491 5099 μένης
533 5023 883 5095 διδάσκαλος,
916 5027 946 5081 ό
1009 5031 1128 5088 τοῖς
1184 5025 1375 5104 λόγοις
1419 5028 1681 5106 εὐφράνας
1711 5034 1810 5100 τήν
1839 5035 1968 5091 ἐκ-

2091 5034 2240 5091 orbis
2298 5041 2594 5090 terrarum
2652 5033 2861 5091 doctor
2896 5052 2966 5091 ac
3022 5036 3121 5107 qui
3181 5037 3304 5092 suis
3354 5038 3736 5094 sermonibus

320 5115 554 5186 κλησίαν
586 5114 686 5171 τοῦ
716 5118 874 5184 Θεοῦ,
907 5108 1010 5186 ἔξω
1063 5119 1163 5170 τοῦ
1221 5116 1418 5193 θρόνου
1472 5116 1636 5173 αὺτοῦ
1666 5118 1963 5192 ἐκοιμήθη.

316 5200 589 5274 Ἐδεόμην
617 5202 709 5257 οὗν
762 5206 865 5257 τοῦ
913 5206 1048 5258 Θεοῦ
1108 5203 1245 5275 μετά
1295 5203 1525 5261 πολλῶν
1575 5203 1821 5280 δακρύων
1870 5207 1965 5265 ’ίνα

2086 5122 2409 5180 Ecclesiam
2423 5122 2528 5178 Dei
2560 5121 3008 5193 exhilaraverat,
3041 5129 3205 5180 extra
3226 5142 3399 5181 suum
3433 5126 3735 5199 episcopa-

2082 5216 2209 5267 tum
2241 5212 2508 5281 obiisset,
2541 5210 2731 5266 multo
2763 5226 2896 5266 cum
2929 5211 3073 5267 ﬂetu
3117 5229 3152 5268 a
3178 5214 3296 5269 Deo
3326 5214 3640 5286 postulavit
3668 5221 3736 5272 ut

318 5289 462 5364 δείξῃ
514 5310 609 5364 μοι
666 5288 852 5359 αὐτὸν,
917 5289 970 5344 ἐν
1038 5289 1169 5362 ποίᾳ
1222 5293 1545 5347 καταστάσει
1573 5293 1715 5366 icti,
1760 5295 1850 5350 καὶ
1916 5297 1962 5354 εἰ

2091 5317 2212 5357 sum
2242 5302 2356 5358 sibi
2383 5301 2744 5372 ostenderet,
2761 5318 2879 5373 quo
2918 5307 3073 5359 statu
3104 5311 3261 5360 esset
3281 5310 3552 5364 etutrum
3573 5308 3731 5365 inter

388 5390 457 5424 ιη
488 5390 660 5445 ιοαη.
696 5404 819 5458 xm,
852 5390 942 5446 35.
972 5388 1038 5442 ⁸1
1069 5388 1200 5445 Cor.
1234 5406 1351 5459 xm,
1382 5393 1418 5446 4
1447 5394 1654 5464 seqq.“
1682 5394 1706 5449 Ι
1731 5394 1899 5451 Joan.
1932 5412 1987 5453 v.
2020 5399 2076 5464 4,
2108 5402 2159 5452 7.

1526 5518 1890 5575 XYLANDRI
1930 5522 2018 5576 ET
2054 5522 2270 5578 GOARI
2300 5523 2523 5578 ΝΟΤᾸΞ.

388 5616 535 5688 (49')
567 5615 690 5670 Lib.
724 5614 769 5683 ι,
801 5613 977 5685 epist.
1010 5613 1130 5667 152.

2153 5620 2265 5692 (50)
2295 5619 2509 5676 Isidori
2540 5623 2718 5680 verba
2744 5622 2871 5680 hmo
2898 5640 3019 5681 non
3049 5625 3342 5701 intelligo.
3373 5631 3517 5688 XvL.
