4170 6204
427 310 548 375 639
1778 322 2103 386 GEORGII
2147 325 2489 387 CEDRENI
3716 327 3845 389 640

430 453 623 510 ierant
654 458 807 511 1160.
841 457 1030 527 Atque
1061 457 1287 512 interea
1316 457 1559 528 quidem
1592 459 1872 531 temporis
1889 461 2071 517 multo

2190 460 2267 522 εἷς
2309 457 2528 538 ἔπειρον
2564 463 2729 518 εἰπεῖν
2763 462 2855 519 τὸν
2879 462 3070 519 αἲῶνα·
3121 462 3284 541 χίλια
3338 465 3445 541 γὰρ
3502 464 3593 520 καὶ
3649 463 3843 521 ἑκατὸν

430 545 757 614 majoribus
785 545 979 601 fuerat
1008 550 1235 602 tentata
1263 547 1475 603 bellis:
1508 554 1648 606 tunc
1680 555 1875 606 autem
1908 558 2082 624 capta

430 639 538 701 est,
568 635 739 689 sicuti
770 635 831 689 in
856 636 991 690 fatis
1021 636 1233 705 fuerat,
1259 638 1333 693 ob
1355 639 1778 712 imperantium
1795 642 2082 699 stolidita-

429 728 570 776 tem.
605 724 753 778 Sunt
784 725 883 794 qui
917 724 1151 781 tradant
1181 727 1517 799 Scipionem
1547 730 1914 800 Africanum,
1945 749 2080 788 cum

432 825 633 864 muros
690 812 1060 885 Carthaginis
1119 813 1424 887 dejiceret,
1479 817 1953 889 illacrymantem
2006 821 2079 876 de

432 901 615 954 Roma
645 902 1129 972 pronuntiavisse
1161 905 1538 962 Homericum
1560 924 1793 963 versum
1810 908 1992 965 istum
2015 911 2037 945 "
2060 928 2074 967 :

425 1027 737 1094 quuatura
759 1027 876 1082 solo
904 1044 1120 1084 sacram
1162 1030 1262 1085 tua:
1289 1036 1507 1101 appetet
1534 1033 1745 1089 urbem.

430 1150 493 1204 Id
516 1156 658 1206 tunc
682 1150 994 1223 impletum
1014 1159 1132 1221 est;
1160 1159 1439 1225 tantaque
1456 1156 1618 1222 urbs,
1634 1173 1766 1228 quae
1780 1174 2075 1215 summam

428 1239 765 1295 obtinuerat
776 1247 1129 1312 potestatem
1143 1249 1202 1298 et
1217 1245 1486 1300 omnium
1499 1262 1699 1301 rerum
1710 1247 1881 1318 copia
1894 1247 2076 1303 abun-

427 1330 668 1386 daverat
679 1336 987 1403 totumque
1009 1351 1192 1406 prope
1208 1337 1413 1391 orbem
1434 1341 1663 1393 ierraru
1673 1354 1727 1393 m
1741 1338 2072 1411 subegerat,

427 1423 570 1475 tunc
601 1419 796 1475 subito
823 1425 1064 1477 vastata.
1098 1423 1327 1478 Accidit
1373 1423 1485 1480 hoc
1533 1425 1832 1480 excidium
1872 1428 2074 1482 Romaa

427 1507 523 1563 die
589 1509 868 1565 vicesima
924 1515 1090 1567 sexta
1144 1513 1368 1567 mensis
1417 1514 1688 1585 Augusti,
1748 1514 2072 1571 indictione

426 1614 605 1665 nona,
631 1614 788 1654 anno
809 1598 882 1655 ab
904 1599 1146 1654 exordio
1174 1600 1381 1656 mundi
1429 1603 1589 1656 5965.
1630 1604 1770 1674 Ejus
1800 1603 1887 1658 rei
1916 1604 2075 1660 fama

426 1701 563 1741 cum
594 1692 752 1742 esset
780 1689 1115 1744 Ravennam
1147 1689 1395 1760 perlata,
1428 1690 1667 1761 quidam
1714 1691 1958 1762 plorans
2006 1708 2074 1748 ac

428 1775 717 1846 quiritans
744 1777 1002 1833 Honorio
1032 1777 1217 1833 dixit:
1251 1779 1520 1848 Domine,
1552 1782 1737 1837 Roma
1756 1781 2070 1838 Alarichus

427 1866 822 1923 Vandalorum
854 1868 972 1924 dux
1002 1869 1224 1940 potitus
1241 1874 1349 1924 est.
1386 1870 1680 1925 Honorius
1705 1870 1910 1927 dolore
1940 1888 2068 1927 cor-

427 1956 978 2027 reptus,complosis
991 1958 1296 2013 manibus:
1318 1960 1854 2031 Hactenus,inquit,
1889 1977 1959 2017 ea
1979 1962 2075 2018 hic

427 2044 568 2100 fuit:
603 2044 900 2116 quomodo
934 2063 1070 2119 ergo
1092 2046 1154 2100 in
1176 2048 1499 2103 Gothorum
1516 2064 1731 2104 manus
1759 2051 2076 2121 pervenit?

428 2135 572 2188 Tum
595 2134 746 2189 alter
765 2133 1191 2206 ingemiscens:
1216 2137 1363 2201 Non,
1392 2138 1493 2206 ait,
1517 2137 1731 2208 loquor
1749 2139 1823 2195 de
1840 2141 2075 2209 ave,sed

431 2222 505 2277 de
532 2222 698 2278 urbe.
732 2223 818 2278 Ibi
847 2224 1525 2294 HonoriuszPerculisti,
1555 2227 1769 2297 inquit,
1803 2228 2073 2286 animum

431 2328 670 2368 meum:
705 2329 842 2369 nam
873 2313 946 2368 de
976 2330 1082 2369 ave
1138 2314 1419 2385 putabam
1463 2320 1520 2370 te
1567 2315 1754 2387 loqui.
1813 2318 2078 2376 Habebat

431 2401 589 2456 enim
614 2403 908 2458 Honorius
928 2418 1092 2458 avem
1106 2419 1224 2474 qua
1242 2403 1856 2477 delectabatur,quam
1872 2409 2072 2465 Roma;

427 2491 669 2547 nomine
689 2492 996 2548 affecerat:
1022 2492 1228 2567 ingens
1256 2493 1775 2561 stoliditatis,589
1790 2513 1865 2552 ne
1878 2498 2073 2554 dicam

425 2580 672 2636 insania)
716 2581 976 2637 hominis
1033 2589 1469 2655 argumentum.
1528 2585 1729 2657 Neque
1785 2591 1877 2641 est
1913 2587 2074 2659 quod

426 2670 663 2726 mireris
694 2671 876 2725 talem
904 2671 1209 2727 hominem
1241 2672 1561 2744 imperium
1610 2674 1894 2745 tenuisse,
1936 2693 2072 2732 cum

420 2757 522 2813 alii
551 2774 789 2828 quoque
820 2761 1019 2814 Romaa
1050 2759 1472 2831 imperaverint
1501 2778 1755 2832 quorum
1807 2764 2073 2821 facinora

422 2852 482 2901 et
496 2847 724 2901 insanae
741 2847 1093 2918 cupiditates
1108 2848 1378 2904 auditum
1402 2849 1713 2906 oﬂ‘endunt
1732 2868 1746 2906 :
1762 2853 2073 2909 considera

310 2998 315 3005 ι
425 2934 583 2989 enim
609 2935 892 3003 Nerones,
924 2936 1141 3001 Avitos,
1176 2936 1407 3007 Galbas,
1458 2940 1719 2996 Othones
1765 2946 1826 2997 et
1872 2942 1920 2997 si
1968 2945 2069 3014 qui

425 3023 525 3078 alii
554 3024 736 3096 hujus
765 3025 974 3082 farina
1004 3025 1267 3084 fuerunt.

492 3303 674 3375 Capta
701 3305 906 3375 Roma,
942 3306 1236 3362 Honorius
1268 3324 1337 3363 ex
1369 3324 1525 3380 aqua
1562 3309 1856 3366 intercute
1884 3312 2070 3367 mori-

420 3397 537 3460 tur,
568 3408 704 3448 cum
735 3393 975 3450 vixisset
1024 3411 1213 3451 annos
1263 3397 1677 3471 quadraginta,
1719 3399 2074 3472 imperasset

420 3481 663 3552 triginta
690 3498 898 3552 unum,
929 3484 1062 3539 vita:
1093 3501 1214 3540 suas
1253 3486 1463 3543 relicta
1493 3487 1703 3543 infami
1734 3494 1795 3544 et
1822 3489 2071 3546 illauda-

423 3569 529 3625 bili
549 3572 859 3628 memoria.
889 3574 1070 3630 Morte
1086 3575 1214 3647 ejus
1236 3575 1464 3647 Cpolim
1486 3579 1838 3634 annuntiata
1850 3578 2071 3635 tumul-

423 3663 653 3715 tuatum
686 3666 805 3717 tota
844 3662 989 3718 urbe
1019 3669 1109 3719 est
1136 3681 1245 3736 per
1289 3665 1417 3721 dies
1459 3683 1581 3723 sex.
1632 3668 1754 3733 Quo
1802 3672 2068 3740 tempore

420 3749 713 3806 Honorius
730 3751 1006 3821 decessit,
1025 3753 1389 3811 Theodosius
1410 3773 1637 3812 annum
1658 3757 2068 3829 agebataatatis

420 3837 766 3895 vicesimum
797 3847 1094 3913 quartum,
1128 3843 1363 3916 imperii
1394 3845 1693 3901 decimum
1724 3846 2067 3918 septimum.

422 3930 564 4003 Ejus
593 3936 790 3988 autem
819 3932 1173 4007 paedagogus
1200 3935 1548 4002 Antiochus,
1580 3935 1641 3991 id
1673 3936 1834 4007 quod
1872 3936 1937 3992 in
1966 3952 2057 3991 co-

422 4020 638 4076 mmdia
666 4028 775 4090 est,
808 4020 1104 4079 Turbabat
1132 4024 1334 4079 omnia
1357 4024 1660 4097 fulgurans
1682 4031 1742 4081 et
1762 4025 2067 4081 intonans.

425 4112 631 4183 Itaque
649 4112 965 4184 imperium
981 4131 1163 4187 prope
1177 4114 1410 4171 nullum
1427 4115 1881 4188 fuit,omniaque
1895 4116 2065 4172 latro-

424 4217 569 4257 num
601 4201 798 4273 plena.

496 4295 667 4347 Anno
725 4293 934 4362 quinto
998 4293 1183 4351 Judaei
1258 4294 1628 4351 Alexandria
1699 4295 2068 4351 Christianos

418 4382 675 4454 pessime
696 4386 1115 4439 tractaverunt.
1140 4385 1286 4440 Cum
1308 4385 1469 4441 enim
1489 4391 1731 4441 tessera;
1753 4385 1885 4441 loco
1909 4399 2068 4440 com-

421 4468 762 4540 posuissent
790 4470 998 4526 annuli
1027 4470 1099 4527 de
1128 4471 1342 4544 palmae
1386 4472 1597 4528 fronde
1648 4473 2066 4544 gestationem,

2187 550 2445 623 ἐξήκοντα
2475 545 2568 623 ἔτη
2600 555 2977 629 Γπειρῳχήκει,
3034 552 3086 609 ἐν
3144 556 3232 616 οἷς
3291 552 3457 624 αύτήν
3514 561 3845 630 πειραθῆναι

2185 638 2417 696 πολλῶν
2455 642 2717 715 μειζόνων
2752 638 2949 713 συνέϐη
2982 641 3289 717 πολεμίων.
3323 642 3459 701 Νυνὶ
3501 640 3557 699 δὲ
3595 641 3843 715 ἀλούσης

2183 733 2263 800 τῷ
2291 731 2635 805 πεπρωμένῳ
2695 728 2784 786 διὰ
2839 739 2941 803 τῆς
2996 733 3105 787 τῶν
3160 734 3503 807 κρατούντων
3562 731 3836 805 εύηθείας,

2213 814 2241 840 Ἰ
2400 818 2416 839 \
2461 814 2485 838 Ἰ
2663 819 2680 874 ἰ
2753 826 2777 837 «-
3039 822 3054 840 ε
3190 826 3213 838 ν
3431 822 3454 878 ἑ

2185 838 2301 894 ειγε
2329 840 2418 874 και
2459 839 2601 875 εστιν
2636 841 2657 875 ε
2690 841 2803 875 πειν
2834 842 2885 876 τι
2917 842 3064 899 παρα
3121 842 3282 878 τουτο
3332 844 3423 900 γεν
3458 833 3600 886 σθαι.
3659 823 3730 879 Οἱ
3781 819 3840 878 δὲ

2185 909 2486 979 Σκηπίωνα
2514 910 2608 964 τὸν
2669 911 2990 990 Ἀφρικανὸν
3043 911 3405 983 ἐπικληθέντα
3457 913 3639 991 φασὶ»,
3699 910 3841 981 ὀπη-

2182 996 2304 1051 νίκα
2334 998 2559 1073 καθῄρει
2611 999 2678 1055 τὰ
2731 1005 2832 1068 τῆς
2891 1000 3243 1076 Καρθαγένης
3297 999 3486 1075 τείχη,
3541 997 3841 1076 ἐπιδακρύ-

2184 1106 2347 1141 σαντα
2377 1086 2544 1143 εἰπεῖν
2577 1086 2665 1143 ἐπὶ
2701 1091 2772 1163 τῇ
2805 1088 2991 1166 Ῥώμῃ
3017 1090 3082 1145 τὸ
3112 1090 3411 1166 Ὁμηρικὸν
3456 1089 3585 1154 ἔπος
3636 1088 3831 1145 ἐκεῖνο’

2288 1213 2540 1269 Ἐσσεται
2569 1214 2724 1290 ἦμαρ
2763 1214 2886 1270 ὅταν
2920 1217 3043 1272 ποτ’
3076 1214 3269 1292 ὀλώλῃ
3298 1214 3475 1279 Ἰλιος
3507 1215 3623 1292 ἱρή.

2182 1340 2359 1394 Τοῦτο
2390 1342 2522 1413 γοῦν
2561 1338 2637 1401 εἰς
2662 1339 2828 1415 πέρας
2857 1339 3037 1419 ἢχθη,
3069 1340 3161 1396 καὶ
3192 1342 3227 1411 ἡ
3258 1341 3494 1412 τοσαύτη
3526 1340 3590 1395 τὸ
3611 1339 3831 1416 κράτος,

2179 1425 2270 1482 καῖ
2326 1426 2500 1482 πάντα
2549 1428 2619 1483 τὰ
2679 1433 2908 1505 μέγιστα
2966 1429 3317 1504 εὐπορήσασα
3380 1429 3472 1485 καὶ
3528 1433 3701 1485 πᾶσαν
3757 1429 3833 1491 ὡς

2180 1515 2347 1572 εἰπεῖν
2390 1513 2791 1591 δουλωσαμένη
2850 1519 2951 1588 τὴν
3008 1518 3358 1594 οίκσυμένην,
3418 1517 3661 1587 καθάπαξ
3692 1519 3835 1594 ἠρή-

2183 1627 2335 1680 μωτο
2361 1607 2577 1681 Ῥώμη,
2602 1608 2806 1664 ’Έπαθε
2865 1604 2923 1663 δὲ
2978 1609 3078 1678 τήν
3127 1608 3388 1679 τοιαύτην
3443 1606 3649 1663 ἅλωσιν
3696 1606 3831 1679 μηνὶ

2180 1698 2479 1775 Αὐγούστῳ
2507 1700 2609 1769 κς’,
2643 1697 2866 1774 ίνδίκτῳ
2906 1702 2952 1756 θ’
3007 1696 3112 1757 ἔτει
3172 1701 3277 1757 ἀπὸ
3333 1700 3559 1763 κτίσεως
3615 1699 3828 1773 κόσμου

2173 1789 2390 1867 ⁸εφῦξέ.
2425 1787 2801 1853 ’Δκουσθέντος
2833 1787 2891 1844 δὲ
2954 1792 3150 1845 τούτου
3217 1788 3269 1844 ἐν
3324 1783 3591 1862 Ῥαϐέννῃ
3647 1788 3829 1864 ἀπήγ-

2179 1875 2330 1951 γειλέ
2356 1897 2439 1939 τις
2466 1881 2547 1950 τῷ
2594 1873 2841 1953 Ὁνωρίῳ
2894 1875 3245 1954 δακρυρῥοῶν
3292 1878 3385 1933 καὶ
3435 1875 3830 1951 ποῃιῶμενοςο

2181 1967 2250 2020 Ὦ
2289 1961 2542 2034 δέσποτα,
2601 1965 2747 2022 ἑάλω
2803 1967 2992 2041 Ῥώμη
3055 1968 3157 2023 ὑπὸ
3212 1965 3515 2043 Ἀλαρίχου
3570 1970 3667 2022 τοῦ
3719 1969 3829 2021 τῶν

2184 2052 2498 2113 Ούανδίλων
2524 2056 2815 2131 ἄρχοντος.
2848 2055 2933 2125 [Ρ.
2964 2058 3091 2130 336]
3137 2057 3193 2111 Ὀ
3238 2053 3296 2112 δὲ
3352 2056 3677 2119 συπασθεῖς
3731 2055 3826 2109 καὶ

2182 2143 2262 2199 τὼ
2290 2149 2445 2223 χεῖρε
2472 2146 2746 2220 κροτήσας
2774 2138 2899 2223 ἔφη·
2930 2142 3057 2200 Ὧδε
3093 2146 3162 2215 ἦν
3209 2141 3314 2208 ἕως
3364 2146 3509 2221 ἄρτι,
3564 2144 3653 2199 καὶ
3707 2147 3828 2204 πῶς

2182 2234 2511 2313 παρελήφθη
2547 2234 2650 2288 ὑπὸ
2689 2236 2798 2289 τῶν
2848 2234 3103 2304 Formm;
3155 2239 3213 2288 Ὀ
3256 2231 3314 2289 δὲ
3356 2234 3601 2304 στενάξας
3652 2234 3830 2288 εἶπεν·

2180 2320 2258 2379 Ού
2287 2321 2387 2390 τήν
2419 2318 2563 2397 ὄρνιν
2589 2322 2755 2398 γέγω,
2785 2318 3038 2391 δέσποτα,
3084 2321 3231 2380 ἀλλὰ
3272 2323 3376 2393 τήν
3424 2321 3609 2380 πόλιν.
3658 2322 3721 2377 Ὀ
3769 2317 3830 2376 δὲ

2182 2410 2403 2491 ἆντέφη*
2468 2412 2787 2485 Ἐξέστησάς
2869 2434 2957 2487 με,
3046 2410 3318 2488 ἄνθρωπει
3406 2412 3517 2491 ἐγὼ
3575 2412 3826 2486 ἐνόμιζον

2181 2501 2265 2556 δτι
2313 2502 2413 2571 τήν
2467 2497 2657 2575 ὄρνιθα
2688 2502 2885 2576 λέγεις.
2941 2503 3078 2581 Εἶχε
3131 2503 3236 2579 γὰρ
3291 2496 3619 2578 ἀλεκτορίδα
3676 2500 3828 2572 έφ³ᾗ

2181 2587 2481 2667 ἠγάλλετο,
2538 2589 2710 2665 ἤνπερ
2767 2589 2948 2647 ἐκάλει
3003 2592 3243 2666 Ῥώμην
3302 2595 3561 2646 τοσοῦτον
3632 2595 3827 2664 περιῆν

2180 2681 2332 2753 αὐτῷ
2358 2680 2422 2735 τὸ
2451 2687 2551 2750 τῆς
2580 2675 2935 2755 ἀϐελτηρίας,
2961 2678 3054 2736 ἵνα
3087 2681 3164 2754 μὴ
3199 2679 3347 2757 λέγω
3396 2677 3578 2741 ἀνοίας
3621 2678 3831 2751 τεκμή-

2182 2789 2329 2846 ριονι
2357 2769 2454 2826 Καὶ
2485 2768 2548 2824 ού
2597 2769 2902 2842 θαυμαστὸν
2958 2768 3007 2825 εἴ
3056 2772 3307 2830 τοιοῦτος
3364 2763 3440 2823 ὥν
3496 2763 3825 2824 ἐϐασίλευεν.

2179 2855 2293 2912 ἐπεὶ
2326 2857 2418 2912 καὶ
2459 2854 2623 2912 ἄλλοι
2680 2858 2823 2922 τινὲς
2876 2860 3259 2932 προηγήσαντο
3296 2856 3542 2931 Ῥώμης,
3600 2853 3676 2909 ὧν
3731 2855 3829 2916 τὰς

2179 2945 2398 3021 πράξεις
2454 2945 2544 3001 καὶ
2598 2944 2695 3008 τὰς
2759 2944 2993 3020 ἀλόγους
3083 2947 3257 3023 ὁρμᾶς
3335 2946 3626 3022 ἀμήχανον
3685 2944 3824 3017 ἀκοῇ

2178 3031 2593 3112 παραδέξασθαι·
2627 3036 2753 3098 τοὺς
2790 3035 3047 3112 Νέρωνας
3090 3034 3183 3091 καὶ
3237 3033 3365 3097 τοὺς
3418 3029 3665 3096 Ἀϐίτους
3728 3052 3824 3106 μοι

2178 3125 2289 3181 νόει
2320 3127 2409 3181 καὶ
2442 3120 2655 3189 Γάλϐας
2687 3127 2802 3201 (53)
2830 3128 2921 3182 καὶ
2959 3127 3226 3194 Ὄθωνας,
3281 3125 3371 3181 καὶ
3416 3122 3472 3180 εἶ’
3514 3144 3599 3188 τις
3653 3120 3830 3186 ἄλλος

2095 3196 2139 3264 C
2175 3214 2289 3272 ἐστὶ
2319 3216 2527 3271 τούτων
2557 3196 2743 3289 ἐσμόξ.

2242 3304 2391 3361 Μετὰ
2415 3306 2516 3375 τήν
2564 3302 2768 3361 ἅλωσιν
2826 3305 3050 3379 Ῥώμης
3103 3303 3333 3376 τελευτᾷ
3380 3304 3644 3380 Ὁνώριος
3700 3297 3818 3355 ύδε-

2174 3393 2385 3469 ριάσας,
2420 3394 2626 3469 βιώσας
2657 3392 2749 3464 ἔτη
2795 3395 2873 3468 μ’,
2934 3392 3255 3467 βασιλεύσας
3314 3389 3372 3448 δε
3428 3389 3534 3462 λα’,
3587 3392 3815 3465 μνήμην

2173 3480 2352 3537 λιπὼν
2380 3486 2459 3555 τῷ
2495 3481 2600 3560 βίῳ
2631 3478 2865 3538 δυσκλεᾶ
2893 3482 2984 3538 καὶ
3049 3480 3302 3556 ἄσεμνον.
3358 3479 3709 3551 Δηλωθείσης
3758 3475 3817 3533 δὲ

2167 3578 2272 3642 τῆς
2321 3572 2488 3628 αὐτοῦ
2543 3570 2803 3643 τελευτῆς
2861 3571 2914 3628 έν
2973 3570 3542 3627 Κωνσταντινουπόλει
3603 3568 3813 3641 ἐσείσθη

2170 3667 2316 3717 πᾶσα
2344 3663 2380 3732 ἡ
2407 3660 2572 3723 πόλις
2600 3661 2810 3736 ἡμέρας
2839 3663 2906 3726 ς“.
2937 3658 3227 3723 Θεοδόσιος
3276 3659 3334 3715 δὲ
3378 3660 3517 3715 κατά
3563 3658 3655 3713 τὸν
3704 3679 3823 3713 και-

2172 3752 2264 3827 ρὸν
2290 3757 2391 3821 τῆς
2421 3751 2682 3825 Ὀνωρίου
2709 3748 2970 3820 τελευτῆς
2996 3750 3103 3827 ἦγε
3131 3756 3232 3820 τῆς
3280 3747 3501 3819 ἡλικίας
3551 3743 3668 3808 ἔτος
3715 3743 3817 3816 κδ’,

2168 3841 2268 3908 τῆς
2308 3835 2365 3893 δὶ
2399 3837 2678 3914 βᾶσιλείας
2710 3839 2795 3908 ιζ’.
2851 3838 2909 3892 Ὀ
2957 3835 3015 3893 δί
3070 3836 3265 3892 τούτου
3321 3835 3549 3915 τροφεὺς
3606 3833 3820 3891 Ἀντίο-

2169 3948 2294 4005 χος,
2325 3929 2463 3984 κατὰ
2489 3929 2588 3998 τὴν
2620 3924 2920 4002 κωμῳδίαν
2968 3929 3109 4003 (54),
3160 3927 3521 4000 Ἧστραπτεδ,
3542 3919 3815 4000 ’ἐϐρόντα,

2172 4015 2435 4072 συνεκύκα
2487 4016 2556 4072 τὰ
2613 4017 2929 4092 πράγματα.
3017 4012 3214 4090 Ἐγγὺς
3304 4013 3484 4070 τοίνυν
3552 4011 3816 4089 ἀναρχίας

2170 4106 2261 4161 καὶ
2293 4105 2506 4178 λῃστῶν
2535 4104 2726 4183 πλήρη
2754 4107 2821 4163 τὰ
2850 4105 3042 4162 πάντα.

2241 4295 2334 4365 Τῷ
2363 4298 2400 4347 ε’
2439 4289 2542 4346 ἔτει
2575 4285 2830 4347 Ἰουδαῖοι
2890 4286 2945 4343 ἐν
2999 4284 3381 4363 Ἀλεξανδρείᾳ
3436 4285 3631 4341 πολλὰ
3683 4284 3822 4341 κακᾶ

2169 4384 2517 4457 Χριπιανοῖς
2572 4374 2927 4449 ἐπεδείξαντο.
3019 4375 3343 4448 Συνθέμενοι
3400 4375 3506 4450 γὰρ
3543 4374 3678 4448 πρὸς
3716 4370 3818 4427 ἆλ-

2172 4468 2383 4543 λήλους
2413 4469 2702 4544 γνώρισμα
2725 4472 2911 4547 φορεῖν
2943 4462 3237 4521 δακτύλιον
3288 4465 3394 4520 ἀπὸ
3432 4464 3701 4541 φοίνικος,
3748 4464 3817 4534 τῇ

422 4562 601 4613 noctu
613 4575 721 4630 per
741 4576 1043 4632 praecones
1057 4560 1379 4616 exclamari
1400 4565 1759 4618 curaverunt
1774 4559 2071 4617 ecclesiam

2181 4561 2329 4619 νυκτὶ
2379 4561 2511 4637 βοᾷν
2566 4559 2967 4634 παρεσκεύασαν
3029 4559 3271 4631 κήρυκας
3312 4554 3397 4611 ὅτι
3461 4558 3497 4624 ἡ
3555 4550 3818 4624 ἐκκλησία

421 4664 550 4703 esse
579 4647 910 4718 incensam,
944 4655 1002 4705 et
1044 4650 1409 4706 Christianos
1454 4649 1529 4706 ad
1576 4648 2065 4721 restinguendum

2173 4651 2512 4726 ἀνεπρήσθη,
2541 4652 2651 4704 τῶν
2710 4645 2767 4703 δέ
2825 4648 3162 4722 Χριστιανῶν
3223 4642 3634 4720 συνδραμόντων
3688 4641 3818 4697 τού-

419 4737 763 4794 incendium
777 4743 1201 4794 concurrentes
1214 4739 1639 4795 interfecerunt
1649 4740 1749 4796 .Re
1762 4744 2066 4809 comperta

2181 4761 2297 4802 τους
2337 4739 2393 4792 οἱ
2425 4734 2684 4795 Ἰουδαῖοι
2742 4735 3088 4811 κατέσφαξαν.
3160 4734 3510 4807 Φωραθέντος
3568 4732 3662 4788 οὗν
3719 4735 3816 4786 τοῦ

416 4828 796 4899 magistratus
826 4828 1143 4884 Christiani
1173 4829 1407 4885 Iudaeos
1434 4828 1795 4884 Alexandria
1824 4829 2067 4901 expulc-

2181 4826 2447 4903 δράματος
2486 4827 2538 4882 οἱ
2590 4824 2898 4903 Χριστιανοὶ
2956 4823 3215 4900 ἄρχοντες
3256 4822 3481 4884 τούτους
3532 4828 3635 4891 τῆς
3685 4818 3818 4877 Ἀλ-

415 4924 575 4984 runt,
607 4935 934 4991 eorumque
965 4918 1123 4974 bona
1150 4919 1623 4992 publicaverunt.
1656 4920 1879 4974 Eodem
1910 4936 2067 4976 anno

2181 4914 2473 4992 εξανδρείας
2498 4912 2762 4988 ἐξήλασαν
2802 4914 2892 4970 καὶ
2947 4915 3044 4976 τὰς
3104 4911 3423 4973 ὑποστάσεις
3471 4910 3651 4965 αύτῶν
3699 4906 3821 4977 ἐδή-

412 5007 588 5064 beata
609 5008 918 5066 Pulcheria
929 5009 1036 5065 toti
1053 5025 1255 5064 rerum
1269 5025 1516 5064 summae
1529 5007 2069 5079 praefuit,submoto

2181 5027 2393 5081 μευσαν.
2452 5009 2538 5077 Τῷ
2595 5001 2642 5059 δ’
2695 5003 2844 5076 αὐτῷ
2928 5001 3032 5058 ἔτει
3112 5003 3148 5071 ἡ
3210 5000 3447 5076 μακαρία
3504 4995 3822 5073 Πουλχερία

414 5098 596 5153 Persa
622 5099 936 5155 Antiocho.
972 5097 1195 5154 Eodem
1224 5114 1381 5153 anno
1420 5097 1571 5171 Magi
1627 5098 1780 5155 οθθ
1826 5097 2070 5154 Perside

2181 5093 2398 5157 τελείως
2428 5098 2537 5150 τῶν
2593 5094 2926 5170 πραγμάτων
2993 5090 3228 5168 ἐκράτει,
3279 5093 3378 5146 τοῦ
3434 5087 3646 5163 Πέρσου
3704 5087 3825 5143 Ἀν-

1623 5281 1984 5338 XYLANDRI
2021 5281 2109 5336 ET
2146 5280 2364 5337 GOARI
2403 5279 2624 5334 NOTIE.

487 5408 598 5486 (53)
650 5409 873 5486 Galbam
932 5426 1037 5466 cur
1075 5411 1398 5486 sceleratis
1445 5414 1892 5486 annumeraret,
1942 5425 2065 5486 non
2176 5412 2273 5462 tur
2300 5406 2362 5486 in
2392 5405 2667 5486 Eudociaa
2699 5404 2948 5486 historia
2976 5403 3049 5486 de
3078 5400 3822 5486 Paulino‘magistrono-b-

415 5472 592 5557 videe'
615 5498 791 5552 quam
815 5483 1041 5557 justam
1072 5482 1349 5557 habuerit
1372 5498 1635 5557 causam.
1661 5472 2065 5557 Γάλλαςξεξιίη
2176 5484 2470 5557 servatum
2498 5477 2947 5557 esterZonara,
2972 5475 3286 5557 Ammiano
3306 5472 3823 5557 aliisque.scripto-

419 5543 650 5623 codice,
683 5559 743 5608 et
770 5543 1019 5609 vicinius
1078 5570 1200 5609 non
1255 5554 1547 5611 habebam
1597 5570 1776 5623 quam
1830 5543 2061 5610 Γάλϐας.
2173 5548 2359 5623 ribus,
2393 5548 2798 5623 magisterium
2829 5547 3036 5623 aulicis
3064 5544 3378 5617 potestatis
3406 5559 3477 5599 ac
3515 5543 3821 5615 dignitatis

419 5623 553 5678 Χγι..
627 5618 635 5623 ⁷
1615 5618 1633 5623 “
2020 5690 2026 5692 Α

2181 5619 2473 5692 primariaa
2500 5618 2725 5674 nomen
2746 5634 2895 5673 esse.
2928 5618 3064 5672 ΧΠ..

488 5694 602 5766 (54)
631 5695 801 5765 Apud
825 5695 1283 5766 AristOphanem
1305 5693 1377 5748 de
1398 5693 1649 5750 Pericle.
1679 5692 1844 5758 Quod
1864 5690 2060 5762 sequi-
