4134 6212
237 337 359 397 641

1370 334 1906 397 HISTORlARUM
1957 333 2497 397 COMPENDIUM.

3542 345 3662 405 642

239 468 444 542 τιὸχου
474 462 720 523 ἐκποδὼν
751 465 1057 543 γεγονότος.
1094 465 1288 538 Τούτῳ
1343 469 1424 537 τῷ
1476 464 1700 537 ἐνιαυτῷ
1751 464 1892 520 πολ-

2036 467 2232 522 nultos
2284 468 2650 524 Christianos
2706 471 2989 542 martyrio
3043 472 3387 544 affecerunt,
3422 480 3479 530 et
3536 493 3662 533 ma-

236 554 335 611 λοι
364 554 415 610 ἐν
455 554 668 632 Περσίδι
698 557 1017 630 Χριστιανοὶ
1052 555 1156 611 ὑπὸ
1212 559 1321 610 τῶν
1387 556 1575 629 μάγων
1632 554 1897 627 μάρτυρες

241 645 520 721 γεγὸνασι.
555 648 645 716 Τῷ
677 642 725 699 δ’
790 644 940 718 αὐτῷ
993 644 1102 700 ’ἐτει
1159 641 1323 699 πάλιν
1383 642 1489 698 ἀπὸ
1554 647 1651 697 τοῦ
1682 643 1901 718 ἐμπρη-

248 739 395 808 σμοῦ
418 733 760 806 ἀνεκαινίσθη
794 737 829 804 ἡ
864 734 1090 812 Μεγάλη
1124 734 1411 804 ἐκκλησία.

320 826 417 895 Τῷ
448 825 489 893 ζ’
518 820 622 879 ἔτει
657 823 915 881 Ἰουδαῖοι
945 823 1023 884 εἰς
1051 825 1142 879 τὸν
1176 826 1375 897 Ἲμμον
1403 820 1591 878 πεδίον
1642 824 1903 897 Χριστια-

244 912 336 967 νὸν
365 910 535 967 παῖδα
561 907 952 980 συλλαὸόντες,
1013 913 1088 976 ὡς
1140 915 1428 983 παὶζοντες
1487 900 1646 982 δηθεν
1691 910 1782 966 καὶ
1811 909 1903 965 τὸν

251 1001 482 1076 σταυρὸν
535 999 902 1077 διασύροντες,
969 1006 1163 1057 τοῦτον
1222 1000 1519 1077 ἐκρέμασαν
1580 999 1668 1055 ἐπὶ
1715 997 1906 1069 ξύλου,

250 1088 534 1152 ἀνελόντες
600 1090 876 1165 βασάνοις.
938 1093 1113 1149 Τοῦτο
1179 1091 1341 1168 γνοὺς
1395 1091 1423 1145 ὁ
1476 1086 1733 1164 βασιλεὺς
1782 1085 1907 1148 τοὺς

246 1176 549 1242 Ἰουδαίους
582 1179 900 1256 πρεπόντως
946 1178 1193 1239 ἐκόλασε.

324 1274 415 1342 Τῷ
449 1267 517 1323 ιδ’
575 1263 680 1324 ἔτει
730 1267 897 1344 λιμὸς
952 1270 1178 1347 γέγονεν
1224 1268 1275 1325 ἐν
1328 1268 1534 1342 Πόντῳ,
1588 1267 1727 1322 ὣστε
1780 1264 1909 1329 τοὺς

250 1358 618 1437 Παφλαγόνας
698 1359 1118 1435 εύνουχίσαντας
1178 1360 1246 1415 τὰ
1302 1357 1420 1415 ἴδια
1503 1360 1660 1414 τέκνα
1698 1356 1908 1432 πιπρά-

249 1469 419 1508 σκειν.
450 1449 637 1522 Τούτῳ
666 1454 744 1522 τῷ
773 1444 877 1506 ἔτει
938 1448 1281 1520 ἐτελεύτησεν
1331 1449 1383 1503 ἐν
1435 1450 1693 1518 Ἀθήναις
1756 1446 1914 1501 Λὲονο

247 1559 367 1602 τιος
402 1540 430 1593 6
462 1536 787 1618 φιλόσοφος,
821 1540 878 1601 δς
912 1535 1142 1616 ἔγραψεν
1196 1539 1248 1593 ἐν
1307 1541 1375 1613 τῇ
1435 1534 1667 1611 διαθήκῃ
1724 1535 1910 1593 αύτοῦ.

256 1629 375 1697 Τὴν
409 1628 503 1701 μὲν
534 1626 717 1683 ούσίαν
750 1649 856 1701 μου
910 1632 1082 1683 πᾶσαν
1143 1625 1546 1701 καταλιμπανω
1600 1630 1717 1689 τοῖς
1773 1624 1913 1686 υἱοῖς

264 1738 395 1790 μου,
429 1715 710 1787 Ἀθηνσ³ιδι
746 1713 804 1772 δέ
832 1720 900 1791 τῇ
933 1716 1041 1791 ἐμῇ
1075 1716 1302 1792 θυγατρὶ
1334 1716 1478 1789 ἀφίω
1510 1712 1735 1784 δοθῆναι
1768 1733 1914 1789 χρυ-

2009 574 2189 628 gnum
2230 558 2519 629 templum
2551 559 2623 615 ab
2649 559 2927 617 incendio
2959 562 3243 619 refectum
3270 570 3379 620 est.

2088 823 2349 896 Septimo
2380 842 2536 882 anno
2565 827 2748 882 Judazi
2789 827 2850 882 in
2908 844 3117 901 campo
3147 830 3333 884 Immo
3385 830 3666 885 Christia-

2015 929 2159 968 num
2191 931 2443 986 puerum
2476 921 2735 987 captum,
2767 916 3007 972 ludibrii
3057 935 3124 974 ac
3156 920 3347 976 crucis
3398 919 3669 975 deriden.

2017 1000 2106 1056 da)
2139 1019 2317 1059 causa
2348 1005 2858 1074 ecxarniﬁcatum,
2920 1006 2991 1063 de
3023 1007 3178 1080 ligno
3209 1009 3666 1080 suspenderunt.

2017 1091 2174 1156 Quos
2223 1093 2565 1164 imperator,
2627 1111 2689 1150 re
2751 1096 3064 1167 patefacta,
3124 1097 3317 1169 dignis
3362 1098 3525 1153 ultus
3584 1102 3676 1153 est

2021 1182 2349 1254 suppliciis.

2087 1273 2260 1327 Anno
2294 1275 2359 1327 14
2390 1272 2576 1329 fames
2630 1274 2743 1329 fuit
2771 1276 2957 1330 Ponto
3007 1280 3173 1331 tanta
3230 1282 3299 1332 ut
3343 1278 3670 1350 Paphlago-

2018 1377 2125 1415 nes
2157 1377 2296 1416 suos
2324 1361 2481 1417 ﬁlios
2512 1363 3118 1436 castraverintitaque
3146 1364 3540 1420 vendiderint.
3574 1367 3677 1419 Eo-

2022 1448 2156 1505 dem
2188 1467 2345 1506 anno
2377 1458 2646 1508 mortuus
2677 1458 2767 1524 est
2792 1454 3040 1510 Athenis
3083 1455 3359 1510 Leontius
3414 1455 3679 1526 philoso-

2021 1539 2194 1610 phus.
2228 1540 2281 1594 Is
2331 1545 2688 1597 testamento
2741 1560 2847 1597 suo
2905 1559 3113 1599 omnes
3170 1543 3482 1599 facultates
3540 1543 3677 1598 filiis

2023 1627 2253 1700 legavit,
2288 1629 2604 1686 Athenaidi
2637 1631 2774 1686 ﬁlim
2808 1637 3039 1687 tantum
3072 1649 3286 1689 aureos
3318 1634 3439 1702 iOO,
3476 1633 3679 1690 addita

2024 1715 2135 1771 hac
2165 1733 2375 1773 causa:
2410 1720 2524 1775 Sua
2553 1719 2607 1774 ei
2640 1721 2895 1775 sufficiet
2924 1722 3182 1777 fortuna.
3217 1724 3378 1778 Hanc
3418 1723 3681 1779 Athena-

254 1807 379 1861 σίου
418 1806 733 1880 νομίσματα
763 1806 974 1862 ἑκατόνο
1031 1805 1186 1881 ἀρκεῖ
1241 1804 1345 1880 γὰρ
1402 1803 1537 1878 αὐτῇ
1570 1805 1605 1873 ἡ
1637 1825 1784 1882 τυχη
1825 1802 1918 1857 αύ-

2036 1804 2156 1860 iem
2188 1806 2437 1908 Anthenis
2460 1808 2665 1880 Cpolin
2690 1809 3007 1865 adductam
3030 1827 3164 1867 cum
3190 1811 3416 1867 videret
3432 1812 3682 1867 Pulche-

250 1902 378 1966 τῆς.
405 1896 612 1966 Ταύτην
639 1897 738 1966 τήν
790 1892 1086 1963 Ἀθηναῗδα
1140 1894 1189 1965 ἐξ
1250 1896 1513 1965 Ἀθηνῶν
1573 1891 1915 1967 εἶσαχθεῖσαν

252 1982 558 2059 θεσσαμένη
618 1987 653 2054 ἡ
714 1983 1031 2062 Πουλχερία
1086 1982 1283 2040 κάλλει
1327 1986 1410 2058 [Ρ.
1472 1984 1599 2055 337]
1659 1981 1915 2055 σώματος

256 2071 660 2149 διαπρέπουσαν
695 2074 784 2128 κιὶ
844 2071 1045 2137 συνέσει
1106 2077 1293 2149 ψυχῆς
1350 2069 1767 2144 καλλυνομένην
1824 2069 1915 2124 καὶ

250 2162 407 2237 λόγῳ
436 2163 877 2237 κεκοσμημένην,
924 2163 1062 2237 πρὸς
1121 2164 1211 2217 τὸν
1266 2160 1697 2238 ἀρχιεπίσκοπον
1761 2161 1913 2215 Κων-

258 2250 764 2313 σταντινουπόλεως
851 2252 1093 2309 Ἀττικὸν
1181 2249 1545 2307 ἆποστείλασα
1612 2245 1915 2320 ἐϐάπτισεν,

256 2338 532 2398 Εύδοκίαν
607 2342 1043 2416 μετονομάσασαο
1130 2341 1323 2410 ¹ἥντινα
1406 2339 1498 2395 καὶ
1579 2342 1658 2411 τῷ
1712 2338 1915 2409 ταύτης

255 2430 479 2512 ἀδελφῷ
508 2432 600 2487 καὶ
647 2431 864 2509 βασιλεῖ
918 2431 1219 2506 συνέζευξεν
1280 2432 1355 2495 sic
1413 2436 1660 2508 γυναῖκα.
1723 2428 1918 2501 Τούτῳ

2025 1895 2115 1950 ria
2136 1899 2194 1950 et
2218 1894 2408 1951 forma
2430 1898 2695 1968 corporis
2718 1906 3000 1969 praastare
3023 1905 3082 1955 et
3101 1901 3340 1973 ingenio
3374 1918 3501 1957 esse
3526 1918 3684 1973 egre-

2024 1985 2118 2057 gio
2165 1991 2343 2056 atque
2396 1987 2679 2043 facundia
2724 1995 2994 2044 ornatam
3043 1990 3117 2046 ad
3171 1990 3680 2063 archiepiscopum

2026 2074 2191 2131 urbis
2225 2076 2483 2132 Atticum
2514 2078 2759 2134 missam
2789 2079 3126 2152 baptizavit,
3150 2081 3546 2153 Eudocimque
3578 2098 3684 2136 no-

2024 2181 2162 2220 men
2190 2165 2354 2236 fecit,
2388 2167 2852 2241 imperatorique
2883 2169 3051 2226 fratri
3083 2188 3189 2227 suo
3217 2176 3537 2243 numptum
3570 2177 3685 2227 tra-

2031 2254 2226 2310 didit.
2278 2256 2500 2311 Eodem
2570 2274 2727 2313 anno
2785 2259 3014 2315 Atticus
3075 2261 3387 2333 episcopus
3444 2261 3688 2316 Joannis

2026 2346 2428 2417 Chrysostomi
2454 2364 2674 2404 nomen
2695 2348 2759 2403 in
2777 2366 2975 2406 sacras
3001 2350 3230 2407 tabulas
3248 2350 3469 2408 retulit.
3494 2351 3685 2406 Attico

2028 2434 2362 2505 patriarcha
2392 2441 2648 2503 mortuo,
2682 2437 3036 2510 subrogatur
3068 2439 3384 2495 Sisinnius.

257 2526 340 2594 τῷ
370 2516 473 2577 ἔτει
508 2523 757 2584 Ἀττικὸς
798 2524 825 2577 ὁ
876 2522 1170 2585 ἐπίσκοπος
1228 2522 1482 2579 Ἰωάννου
1548 2523 1648 2573 τοῦ
1707 2519 2102 2594 Χρυσοστόμου
2161 2522 2222 2576 τὸ
2284 2518 2459 2597 ὄνομα
2515 2522 2567 2578 ἐν
2620 2530 2738 2585 τοῖς
2797 2525 2966 2600 ἱεροῖς
3025 2523 3313 2602 διπτύχοις
3558 2547 3685 2581 συν-

261 2610 431 2681 έταξε.
465 2608 699 2682 Τελευτᾷ
730 2608 787 2666 δὲ
816 2612 1069 2677 Ἀττικὸς
1098 2613 1126 2668 ὁ
1159 2610 1527 2687 πατριάρχης,
1557 2608 1647 2664 καὶ
1680 2613 2079 2687 χειροτονεῖται
2112 2610 2373 2676 Σισίνιος.

329 2697 510 2756 Ἀλλᾶ
566 2700 802 2776 τοσαύτῃ
869 2702 960 2757 καὶ
1016 2701 1323 2776 τηλικαύτῃ
1379 2697 1513 2775 οὔσῃ
1567 2703 1637 2773 τῇ
1681 2694 1918 2768 Εύδοκίᾳ

256 2788 422 2861 λοξὸν
456 2791 485 2844 ὁ
518 2789 717 2867 φθόνος
750 2785 1009 2866 ἐμϐαλὼν
1053 2789 1211 2866 ὄμμα
1239 2794 1490 2846 τοιοῦτον
1522 2786 1915 2864 κατειργάσατο

254 2876 437 2953 δρᾶμα
464 2878 763 2955 ἐσύστερον,
824 2879 1091 2944 Παυλινός
1145 2902 1230 2944 τις
1301 2880 1603 2956 μάγιστρος
1662 2879 1916 2953 ἠγαπᾶτο

251 2969 400 3045 παρᾶ
427 2971 527 3039 τῆς
558 2968 824 3033 Εύδοκίας
858 2971 930 3032 ὡς
993 2967 1067 3025 ὥν
1124 2968 1476 3047 λογιώτατος
1515 2967 1606 3023 καὶ
1638 2965 1916 3042 ὡραιότα-

260 3080 380 3129 τος,
413 3059 460 3131 ᾧ
488 3080 596 3115 τινι
629 3065 842 3135 συχνῶς
871 3082 929 3115 τε
958 3060 1047 3116 καί
1074 3058 1228 3138 ἰδίως
1258 3059 1646 3137 συνετύγχανεν
1677 3057 1751 3120 ὡς
1781 3078 1921 3131 συμ-

264 3149 526 3224 πράξαντι
546 3154 659 3212 τοῖς
691 3149 891 3228 γάμοις
917 3150 1110 3220 αὐτῆς.
1142 3153 1227 3224 Τῇ
1261 3151 1352 3205 οὗν
1386 3152 1567 3225 ἡμέρα
1593 3152 1701 3204 τῶν
1742 3147 1913 3223 ἁγίων

261 3243 565 3316 οεοφανιῶν
623 3236 678 3293 ἐν
742 3242 809 3312 τῇ
873 3238 1087 3315 μεγαλῃ
1160 3238 1423 3310 ἐκκλησίᾳ
1507 3236 1762 3299 ἀπιόντος
1819 3239 1917 3290 τοῦ

265 3324 542 3401 βασιλέως
590 3327 908 3405 προσήγαγὲ
962 3349 1047 3392 τις
1076 3326 1224 3400 αύτῷ
1254 3327 1304 3398 ἐξ
1335 3328 1522 3389 Ἀσίας
1581 3325 1743 3397 πένης

262 3416 362 3472 λον
395 3422 505 3492 (56)
540 3418 676 3493 μέγα
710 3419 797 3473 καὶ
843 3419 1128 3496 ὑπερφυὲς,
1182 3418 1315 3494 ὅπερ
1373 3416 1659 3474 ἀπέστειλε
1712 3422 1785 3492 τῇ
1818 3416 1921 3475 Αύ-

260 3507 493 3583 γούστῃ,
542 3504 794 3570 δεδωκὼς
824 3512 903 3581 τῷ
956 3508 1148 3579 πένητι
1199 3508 1513 3582 νομίσματα
1569 3508 1780 3563 ἑκατὸν.
1813 3506 1922 3562 Δύ-

262 3598 329 3667 τὴ
365 3594 423 3652 δὲ
451 3600 697 3653 νοσοῦντι
746 3599 870 3653 τότε
929 3596 1186 3671 Παυλίνῳ
1242 3595 1577 3667 ἀπέστειλεν,
1629 3591 1924 3671 ἀρραϐῶνα

263 3692 365 3755 τῆς
394 3682 558 3740 αἶ)τοῦ
610 3683 891 3757 τελευτῆς.
944 3687 1007 3745 Ὀ
1076 3684 1133 3742 δὲ
1190 3684 1462 3747 Παυλῖνος
1517 3686 1727 3761 ἀγνοῶν
1791 3684 1926 3758 μετὰ

268 3771 364 3829 δύο
404 3774 614 3850 ἡμέρας
670 3774 982 3831 ἀπέστειλεν
1038 3775 1170 3832 αύτὸ
1224 3780 1304 3848 τῷ
1364 3774 1600 3850 βασιλεῖ.
1641 3774 1703 3831 Ὀ
1734 3770 1790 3828 δὲ
1823 3775 1923 3848 βας

272 3864 457 3929 σιλεὺς
505 3869 668 3921 τοῦτο
724 3865 993 3943 γνωρίσας
1049 3860 1269 3940 ἔκρυψε,
1322 3864 1412 3920 καὶ
1469 3861 1726 3927 εἶσελθὼν
1780 3861 1927 3939 λέγει

265 3959 339 4030 τῇ
372 3954 681 4030 Αύγούστῃο
714 3960 831 4012 Ποῦ
867 3954 978 4011 ἐστὶ
1034 3956 1094 4010 τὸ
1148 3953 1327 4029 μῆλον
1375 3952 1507 4029 ὅπερ
1565 3973 1650 4008 σοι
1682 3951 1925 4007 ἀπέστειυ

270 4044 342 4101 λα
379 4064 393 4115 ;
424 4045 487 4102 Ἦ
514 4042 572 4100 δὲ
608 4046 775 4101 εἶπεν
836 4046 1073 4123 Ἓφαγον
1138 4043 1293 4103 αὐτό.
1356 4044 1456 4100 Καὶ
1507 4043 1673 4097 πάλιν
1732 4036 1926 4116 ὥρκω-

273 4154 361 4189 σεν
422 4134 588 4204 αὐτὴν
643 4137 740 4205 τὴν
800 4133 1070 4210 σωτηρίαν
1128 4130 1293 4189 αἱ)τοῦ
1326 4176 1341 4202 ,
1403 4130 1593 4206 λέγων·
1650 4132 1745 4201 Μὴ
1817 4151 1927 4186 τινι

270 4226 436 4279 τοῦτο
492 4222 834 4299 πέπομφας;
902 4224 964 4280 Ἦ
1024 4220 1081 4278 δὲ
1138 4220 1304 4278 πάλιν
1364 4223 1484 4276 εἶπε
1544 4226 1729 4301 φαγεῖν
1772 4219 1923 4289 αὐτὸ,

272 4317 568 4388 προσθεῖσα
597 4312 689 4367 καὶ
730 4313 829 4382 τήν
888 4311 1162 4385 σωτηρίαν
1206 4314 1303 4366 τοῦ
1335 4307 1627 4385 βασιλέως.
1660 4309 1796 4366 Τότε
1850 4308 1927 4373 εἷς

272 4399 440 4477 ὀργήν
490 4401 729 4473 κινηθεὶς
778 4403 805 4456 ὁ
869 4399 1123 4477 βασιλεὺς
1178 4398 1362 4455 κελύει
1419 4399 1481 4453 τὸ
1544 4396 1722 4472 μῆλον
1765 4397 1921 4452 εἰσενο

271 4493 522 4567 εχῦῆναι,
553 4492 644 4546 τὸν
674 4489 732 4547 δὲ
765 4490 1033 4549 Παυλῖνον
1068 4490 1391 4552 ἀποστείλας
1446 4488 1515 4564 τῇ
1546 4489 1698 4545 νυκτὶ
1748 4487 1921 4559 ἐκείνη

276 4579 690 4659 ἀπεκεφάλισεν.
774 4584 1004 4638 Ἐκτοτε
1064 4577 1121 4635 δέ
1210 4578 1396 4657 γὲγονε
1493 4577 1690 4651 μεταξὺ
1750 4576 1923 4632 αὐτῶν

2096 2701 2407 2759 Enimvero
2430 2704 2724 2773 Eudocim,
2749 2706 2884 2762 talis
2901 2712 3094 2763 actam
3120 2707 3418 2779 praeclara)
3442 2706 3681 2763 feminae

2027 2790 2258 2848 facinus
2291 2792 2526 2849 invidiaa
2585 2795 2933 2867 hujusmodi
2992 2796 3287 2852 actionem
3344 2797 3676 2852 intentavit.

2029 2881 2316 2937 Paulinus
2338 2882 2579 2954 quidam
2610 2885 2891 2956 magister
2921 2884 3253 2940 eruditione
3281 2902 3349 2941 ac
3380 2885 3686 2958 elegantia)

2029 2987 2205 3026 causa
2234 2971 2306 3027 ab
2337 2971 2597 3027 Eudocia
2627 2972 2981 3046 diligebatur
3012 2989 3026 3040 ;
3060 2974 3407 3046 solebatque
3449 2992 3583 3031 cum
3615 2991 3682 3029 eo

2030 3061 2180 3117 591
2216 3060 2425 3117 crebro
2452 3067 2511 3117 et
2538 3064 2791 3118 seorsim
2814 3063 3096 3136 colloqui,
3129 3069 3193 3119 ut
3222 3080 3257 3119 a
3288 3081 3403 3136 quo
3438 3069 3595 3119 esset
3624 3064 3685 3119 in

2030 3149 2258 3221 nuptiis
2337 3150 2760 3207 contrahendis
2807 3152 3032 3223 adjuta.
3094 3152 3326 3208 Accidit
3379 3158 3576 3207 autem
3626 3157 3693 3207 ut

2033 3236 2286 3293 sotemni
2317 3238 2526 3294 divinae
2548 3240 2944 3312 apparitionis
2969 3239 3063 3295 die
3086 3240 3429 3312 imperatori
3456 3240 3529 3295 ad
3560 3257 3685 3295 mae

1807 3334 1882 3401 μῆ
1896 3359 1912 3368 -
1950 3349 1992 3416 C
2030 3344 2210 3401 gnum
2228 3328 2516 3401 templum
2532 3329 2696 3385 eunti
2713 3346 2938 3403 pauper
2950 3330 3191 3401 quidam
3208 3347 3277 3385 ex
3294 3330 3433 3386 Asia
3445 3346 3688 3402 pomum

2033 3418 2332 3474 inusitata:
2351 3419 2779 3491 magnitudinis
2800 3422 3073 3488 offerret;
3096 3437 3273 3492 quem
3293 3420 3343 3475 is
3368 3423 3469 3475 100
3491 3419 3690 3475 numis

2033 3507 2295 3576 donavit,
2325 3524 2392 3564 ac
2448 3526 2693 3581 pomum
2745 3510 3018 3566 Eudocia;
3066 3512 3342 3583 Augusta)
3391 3510 3572 3565 misit.
3608 3512 3688 3565 Ea

2033 3599 2339 3668 aagrotanti
2370 3599 2621 3654 Paulino
2649 3600 2998 3666 transmisit,
3031 3616 3219 3671 eoque
3251 3600 3421 3654 illum
3445 3616 3689 3655 munere

2033 3686 2381 3758 imprudens
2412 3687 2591 3741 exitio
2623 3687 2959 3742 obstrinxit.
2993 3689 3279 3743 Paulinus
3323 3688 3408 3744 rei
3454 3689 3690 3761 ignarus

2035 3775 2214 3831 biduo
2230 3780 2363 3847 post
2381 3792 2625 3847 pomum
2653 3776 2800 3831 illud
2824 3776 3167 3848 imperatori
3190 3777 3390 3833 mittit.
3425 3777 3531 3841 Qui
3554 3794 3690 3832 cum

2035 3863 2095 3919 id
2125 3869 2492 3936 agnosceret.
2518 3881 2585 3919 eo
2614 3865 2907 3920 occultato
2930 3865 3230 3937 ingressus
3260 3864 3334 3919 ad
3364 3866 3688 3936 Angustam

2037 3970 2241 4025 rogare
2273 3953 2373 4008 ubi
2398 3960 2554 4010 esset
2613 3953 2837 4009 malum
2896 3954 2949 4009 ei
3008 3970 3042 4009 a
3095 3970 3157 4008 se
3187 3954 3457 4008 missum.
3494 3953 3565 4007 Se
3626 3952 3684 4006 id

2036 4043 2228 4099 edisse
2256 4042 2475 4098 dicenti
2499 4043 2909 4115 juramentum
2924 4059 3030 4115 per
3043 4042 3295 4098 salutem
3314 4040 3689 4114 imperatoris

2036 4132 2453 4203 deferre,quod
2476 4132 2535 4187 id
2565 4132 2910 4188 neminiabs
2936 4149 2997 4188 se
3019 4133 3268 4188 missum
3285 4149 3354 4188 ea
3383 4131 3695 4187 conﬁrma-

2034 4222 2296 4277 ret.Cum
2319 4237 2386 4275 eo
2412 4220 2588 4276 modo
2603 4221 2809 4293 jurata
2829 4238 2897 4277 eo
2920 4220 3283 4293 persisteret,
3318 4220 3377 4276 id
3408 4237 3469 4275 se
3489 4235 3684 4275 come-

2034 4311 2745 4383 disse,iratusimperator
2769 4311 2993 4368 malum
3014 4311 3235 4379 alierri,
3267 4310 3517 4367 Panlino
3549 4326 3683 4365 vero

2034 4419 2103 4457 ea
2133 4402 2262 4473 ipsa
2290 4407 2462 4457 nocte
2496 4401 2683 4456 accito
2742 4407 2920 4474 caput
2971 4402 3265 4474 amputari
3289 4400 3481 4473 jubet.
3542 4399 3682 4454 Inde

2033 4489 2409 4562 imperatoris
2439 4488 2718 4545 adversus
2750 4493 3071 4564 Augustam
3103 4489 3373 4545 simultas
3405 4506 3472 4544 ac
3503 4488 3685 4543 absti-

2032 4578 2258 4634 nentia.
2275 4579 2344 4632 Et
2364 4577 2645 4649 Eudocia,
2662 4595 2841 4634 causa
2857 4579 3181 4648 intellecta,
3205 4578 3286 4651 inj
3296 4578 3439 4634 urias
3462 4577 3687 4648 pudore

276 4667 425 4740 λύπη
455 4653 549 4724 καὶ
600 4670 1002 4746 ἀπομερισμός.
1037 4653 1244 4725 Γνοῦσα
1286 4653 1358 4724 ⁷δὲ
1412 4671 1573 4723 τοῦτο
1620 4669 1655 4736 ἡ
1709 4664 1918 4741 Αὔγου-

2036 4672 2197 4723 mota
2225 4666 2654 4739 perfectionem
2672 4668 2734 4722 in
2766 4685 2935 4724 sacra
2956 4669 3085 4725 loca
3111 4668 3369 4724 instituit
3394 4683 3461 4721 ac
3485 4666 3686 4721 Hiero-

1484 4798 1849 4853 XYLANDRI
1885 4797 1971 4852 ET
2009 4797 2227 4853 GOARI
2265 4795 2490 4851 NOTAE.

348 4901 463 4971 (55)
492 4897 727 4954 Tabula;
757 4900 1031 4973 gemina»,
1060 4912 1365 4973 equarum
1392 4912 1512 4973 una
1538 4897 1826 4973 vivorum,
1860 4911 1931 4950 ex

277 4968 467 5028 altera
495 4968 862 5027 mortuorum
904 4968 1169 5027 ecclesias
1209 4968 1778 5024 communicantium
1823 4984 1929 5022 no-

281 5044 446 5100 mina
475 5042 631 5099 inter
659 5044 980 5100 missarum
1011 5041 1305 5098 solemnia
1343 5040 1641 5113 leguntur,
1693 5035 1931 5112 δίπτυχα

282 5115 663 5191 θαμινβλοων-
750 5185 766 5191 _
1140 5185 1169 5191 V_
1265 5188 1272 5191 Α
1337 5182 1353 5191 _
1406 5184 1448 5191 _
1514 5182 1528 5191 _
1612 5181 1623 5191 ,
1697 5182 1736 5191 _
1822 5178 1859 5191 ,,

354 5179 470 5258 (56)
502 5185 666 5251 Quod
698 5185 770 5243 ad
803 5201 1047 5258 pamum
1069 5185 1281 5241 attinet
1301 5182 1373 5240 ab
1406 5179 1933 5258 Euid_o_cia_Paulico

280 5253 694 5334 dono'datum‘,
728 5253 1309 5334 apud_Nicephorum
1341 5271 1453 5334 xxv,
1483 5256 1549 5308 23
1570 5253 1788 5334 legitur
1814 5267 1935 5334 “orn

280 5269 437 5313 dono
470 5269 694 5325 datum,
728 5269 882 5330 apud
914 5269 1309 5330 Nicephorum
1341 5271 1453 5320 xxv,
1483 5269 1549 5308 κδ
1571 5269 1788 5323 legitur
1858 5269 1916 5305 or

280 5346 548 5402 pomum,
582 5330 685 5385 sed
717 5330 858 5388 ovis.
892 5332 961 5385 Et
990 5346 1133 5386 sane
1168 5325 1345 5400 μῆλον
1378 5332 1698 5407 utrumque
1722 5269 1916 5448 sig?)

280 5407 394 5448 cat-
421 5403 690 5448 Narralin
722 5408 920 5448 tamen
955 5401 1325 5448 Cedreniana
1373 5413 1626 5448 manme
1659 5412 1820 5448 omni
1868 5410 1916 5447 ll:

278 5397 395 5457 cat.
421 5403 690 5457 Narratio
722 5408 924 5458 tamen
955 5397 1325 5456 Cedreniana
1373 5397 1626 5452 maxime
1659 5397 1936 5451 omnibus

282 5474 405 5528 suis
454 5473 897 5529 circumstantis
946 5473 1131 5539 magis
1176 5471 1247 5526 de
1278 5469 1434 5525 malo
1467 5484 1646 5539 quam
1704 5467 1774 5522 de
1833 5481 1938 5520 ove

283 5544 520 5620 videtur
550 5561 700 5620 esse.
734 5545 897 5610 Quod
930 5539 1086 5620 apud
1115 5542 1509 5620 Nicephorum
1563 5539 1799 5620 legitur,
1832 5539 1940 5620 Eu-

287 5616 524 5672 dociam
555 5618 768 5673 marito
791 5610 1166 5688 respondisse
1185 5610 1343 5669 domi
1376 5628 1496 5667 sum
1515 5610 1940 5688 munusipsius

283 5688 545 5745 suaviter
576 5689 764 5760 pasci,
787 5688 833 5744 si
868 5681 949 5743 ita
979 5687 1152 5743 estin
1184 5688 1407 5755 Grmco,
1441 5683 1685 5739 omnino
1718 5681 1793 5737 de
1837 5696 1939 5735 ove

2039 4893 2447 4965 accipiendum
2478 4892 2725 4949 videtur.
2763 4895 3063 4959 Quomodo
3097 4895 3296 4949 Graeca
3327 4892 3405 4946 ibi
3420 4889 3694 4965 Ahabeant

2042 4962 2265 5021 nescio.
2299 4966 2466 5020 Certe
2499 4966 2752 5021 Zonaras
2782 4966 2986 5021 itidem
3018 4971 3082 5020 ut
3112 4971 3317 5020 noster
3342 4962 3538 5028 habet,
3571 4976 3693 5015 res-

2042 5037 2321 5109 pondisse
2349 5036 2671 5091 Eudociam
2710 5053 2772 5091 se
2802 5037 2863 5090 τὸ
2898 5033 3075 5109 μῆλον
3110 5036 3476 5109 comedisse;
3530 5031 3694 5109 Quod

2044 5104 2114 5165 de
2143 5125 2245 5163 ove
2275 5124 2631 5179 responsum
2663 5108 2796 5178 quis
2826 5104 3028 5179 credat
3054 5108 3082 5162 ‘I
3122 5109 3191 5179 Et
3213 5106 3370 5179 apud
3399 5104 3689 5179 Nicepho-

2043 5197 2177 5259 rum
2207 5184 2341 5259 post
2370 5173 2419 5234 ὁ.
2453 5181 2526 5259 4Q
2551 5180 2663 5234 hoc
2680 5173 2891 5259 ipsum
2923 5175 3099 5250 μῆλον
3117 5173 3336 5259 ,ἔριδὸς-
3341 5173 3694 5259 appellatur,

2044 5257 2108 5307 ut
2141 5246 2229 5305 est
2252 5251 2607 5322 inrmargine
2656 5246 3001 5322 adnotatum
3030 5274 3042 5315 ;
3077 5254 3135 5322 et
3164 5246 3236 5304 ab
3295 5246 3467 5303 Eride
3513 5246 3699 5301 fuisse

2047 5321 2382 5394 pomumin
2406 5320 2630 5394 nuptiis
2679 5320 2837 5375 Pelei
2898 5321 3295 5394 propositum,
3347 5321 3697 5394 notum_est.

2046 5390 2236 5462 Atque
2268 5391 2340 5446 ab
2369 5408 2472 5446 ove
2494 5390 2576 5446 ad
2628 5408 2872 5464 pomum
2898 5390 3332 5464 ianibiguitatis
3388 5390 3701 5464 occasione

2046 5464 2261 5519 lusisse
2302 5468 2603 5536 auctorem
2630 5462 2761 5518 non
2791 5462 2958 5536 valde
2988 5462 3221 5520 videtur
3256 5463 3583 5536 probabile.
3605 5463 3700 5536 _D_e

2049 5553 2116 5591 eo
2141 5534 2506 5590 monendum
2538 5534 2821 5589 lectorem
2858 5535 3019 5603 duxi,
3052 5553 3124 5591 ne
3158 5533 3404 5592 me_ullo
3453 5533 3703 5590 consilio

2049 5625 2082 5663 a
2105 5606 2433 5678 Nicephoro
2458 5606 2664 5662 Latino
2692 5606 2988 5663 diversum
3014 5609 3321 5681 scripsisse
3348 5611 3533 5681 putet.
3566 5606 3700 5661 XYL‘
