4170 6204
310 365 431 426 643
1437 356 1798 420 HISTORIA
1810 358 1979 421 RUM

2091 361 2182 425 3M
2196 362 2569 429 PENDIUM.
3611 376 3730 433 6/16

310 501 412 565 τῆς
466 489 955 583 βασιλίσσης
1014 490 1170 547 Ὅθεν
1231 486 1436 547 πολλοὶ
1486 492 1598 583 τῶν
1656 486 1961 561 Βυζαντίων

2091 496 2403 557 irationem
2439 517 2567 559 eam
2600 503 2953 561 confirmare
2986 504 3251 577 studens,
3282 507 3502 579 ubique
3532 508 3730 583 impu-

316 581 715 661 ἐταράχθησαν.
774 580 832 637 Ὀ
890 575 947 634 δὲ
1001 578 1297 655 Νεστόριος
1351 577 1444 633 τὸν
1503 575 1666 653 λόγον
1724 583 1965 654 κυρῶσαι

2091 601 2202 643 mu
2227 604 2393 649 suam
2424 589 2843 665 loquacitatem
2874 593 3156 669 profudit,
3180 575 3479 653 Christum
3500 575 3729 655 nudum

317 667 562 731 σπεύδων
583 673 868 746 πανταχοῦ
923 669 1025 738 τήν
1084 667 1275 725 ἑαυτοῦ
1332 665 1529 745 μιαρὶν
1588 666 1818 745 φλυρίαν
1875 668 1969 738 ὀξ-

318 758 504 829 έϐαλε,
534 758 697 839 ψιλὸν
739 760 1023 836 ἄνθρωπον
1083 756 1260 837 λέγων
1312 757 1406 813 τὸν
1460 755 1683 835 Κύριον.
1724 757 1811 823 ΪΕν
1871 755 1971 831 μίᾷ

318 850 377 909 δὲ
432 852 679 927 Κυριαιιῇ
745 847 1214 924 προκαθεζομὲνου
1278 844 1581 923 Νεστορίου
1638 845 1972 923 προτραπεὶς

322 937 573 1017 Πρόκλος
746 940 842 993 τοῦ
886 935 1245 1011 ἐξηγήσασθαι
1304 935 1448 992 εἶπεν
1507 933 1732 1011 ὁμιλίαν
1765 935 1841 998 εἰς
1869 936 1970 1009 τὴν

325 1029 613 1103 Θεοτόκον,
643 1028 711 1097 ἧς
742 1027 776 1098 ἡ
809 1026 980 1109 ἀρχή·
1016 1025 1319 1102 Παρθενική
1372 1027 1678 1102 πανήγυρις
1709 1026 1970 1103 σήμερον,

321 1118 572 1199 ἀδελφοί’
605 1117 744 1175 Τότε
784 1116 1014 1195 μισητὸς
1071 1114 1282 1195 ἐγενετο
1338 1137 1483 1193 παρα
1532 1121 1692 1173 πᾶσιν
1724 1115 1752 1171 ὁ
1786 1111 1970 1170 δυσσε-

321 1206 427 1282 ϐὴς
461 1207 754 1284 Νεστόριος
786 1205 874 1267 διὰ
922 1211 1087 1285 τῦφον
1138 1205 1230 1264 καὶ
1274 1206 1648 1262 κακοπιστίαν.
1702 1205 1840 1281 Εἶχε
1867 1204 1970 1285 γὰρ

321 1297 678 1357 Ἀναστάσιόν
704 1318 827 1353 τινα
854 1290 1217 1375 πρεσϐύτερον
1272 1296 1586 1376 Ἀντιοχέα,
1648 1294 1707 1350 ’ὀν
1764 1290 1972 1373 σφόδρα

323 1395 693 1471 περιεποιεῖτο
740 1388 815 1451 ὡς
872 1387 1155 1465 ὁμοφρονα
1212 1382 1379 1461 ἄνδρα
1431 1386 1524 1443 καὶ
1581 1382 1974 1460 τολμηρότατα

322 1481 407 1543 ἐπ’
444 1477 739 1552 ἐκκλησίας
771 1473 1210 1559 βλασφημοῦντα
1274 1477 1374 1546 τὴν
1432 1473 1775 1551 ἀειπαρθένον
1834 1480 1973 1530 Θεο-

321 1569 507 1626 τόκον.
571 1565 777 1629 Τούτου
808 1563 866 1620 δὲ
919 1558 1176 1629 Εὐσέϐιος
1209 1563 1237 1618 ὁ
1268 1566 1366 1619 τοῦ
1424 1561 1704 1643 Δορυλάου
1755 1566 1972 1638 πρῶτον

324 1663 601 1715 κατεῖπεν.
633 1651 823 1721 Οὕτως
877 1650 934 1708 δὲ
993 1650 1459 1728 διαπραττόμενος
1512 1649 1762 1719 πολλοὺς
1811 1651 1975 1727 θορό-

331 1743 465 1810 ϐους
493 1747 683 1827 ἤγειρε
710 1744 802 1800 καὶ
847 1741 1115 1819 ταραχάς.
1178 1745 1273 1815 Τῷ
1329 1738 1376 1796 δ’
1415 1740 1564 1815 αὖτῷ
1619 1739 1724 1799 ἔτει
1775 1741 1865 1797 καὶ
1914 1742 1976 1799 τὸ

323 1834 554 1921 φοϐερὸν
611 1839 791 1909 θαῦμα
874 1838 983 1890 τῶν
1064 1833 1235 1915 ἁγίων
1295 1832 1430 1890 ἒπτά
1489 1828 1701 1921 παίδων
1758 1836 1864 1887 τῶν
1920 1830 1974 1921 ἐν

321 1915 534 2005 Ἐφέσῳ
587 1925 826 2002 γέγονεν,
899 1924 1240 1983 ἂναστάντων
1288 1922 1470 1978 αὐτῶν
1504 1917 1595 1977 δια
1641 1921 1828 1976 ἑκατὸν
1889 1915 1976 1976 E6-

321 2013 645 2091 ὂομήκοντα
682 2033 919 2090 χρονων.

397 2108 495 2179 Τῷ
544 2101 627 2160 κδ’
687 2101 960 2179 Κύριλλος
1028 2096 1439 2178 Ἀλεξανδρείας
1497 2098 1589 2155 καὶ
1664 2097 1980 2163 Κελεστῖνος

323 2195 554 2266 Ῥώμης
636 2193 906 2271 γράφουσι
978 2188 1261 2265 Νέστορίῳ
1335 2189 1673 2269 ἀποσχέσθαι
1724 2190 1818 2263 μὲν
1872 2192 1979 2244 τῶν

326 2280 778 2361 διεστραμμένων
865 2277 1155 2361 δογμάτων
1212 2277 1305 2333 καὶ
1357 2283 1457 2345 τῆς
1516 2278 1687 2353 ὀρθῆς
1745 2278 1978 2341 πίστεως

323 2372 668 2449 ἀντέχεσθαι,
699 2368 751 2427 εἴ
780 2366 839 2425 δὲ
871 2371 973 2443 μή,
1009 2370 1086 2445 μὴ
1148 2368 1282 2425 εἶναι
1312 2366 1473 2425 αὐτὸν
1529 2368 1844 2424 κοινωνικὸν
1901 2368 1982 2423 ἱε-

326 2463 441 2539 ρέα.
472 2460 646 2521 Ἀλλὰ
685 2460 771 2517 καὶ
833 2455 1002 2515 ἄλλοι
1058 2457 1199 2525 τινες
1254 2455 1466 2533 ὁμοίως
1525 2455 1674 2532 αὐτῷ
1724 2454 1980 2533 ἔγραψαν.

324 2552 499 2617 Αὐτὸς
525 2550 582 2607 δὲ
611 2551 640 2606 ὅ
671 2549 980 2625 Νεστόριος,
1009 2547 1170 2627 γνοὺς
1202 2549 1286 2603 ὅτι
1327 2546 1427 2604 οὐκ
1473 2547 1760 2628 ἀνέχονται
1805 2566 1984 2623 παρα-

329 2647 631 2713 σιωπῆσαι,
688 2637 1056 2714 παρεσκεύασε
1128 2636 1220 2693 τόν
1303 2633 1532 2711 βασιλέα
1588 2634 1791 2713 γράψαι
1847 2636 1981 2712 πρὸς

328 2726 609 2805 Κύριλλον
638 2728 840 2805 σᾶκραν
871 2728 984 2805 (60)
1019 2723 1310 2800 δειμάτων,
1342 2724 1431 2781 καὶ
1476 2727 1565 2799 [Ρ.
1626 2727 1753 2801 339]
1804 2721 1982 2781 δοκῶν

330 2818 492 2877 αὐτὸν
524 2815 584 2875 ἐκ
603 2815 799 2875 τούτου
828 2820 1053 2875 κτυπεῖν
1097 2813 1314 2891 μᾶλλον
1374 2811 1635 2891 διήγειρε.
1696 2814 1794 2871 Καὶ
1849 2815 1985 2895 γρά-

330 2928 419 2987 φει
446 2911 527 2980 τῷ
561 2905 778 2982 βασιλεῖ
805 2904 897 2961 καὶ
924 2908 1043 2967 ταῖς
1074 2904 1275 2960 τούτου
1304 2901 1567 2985 ἀδελφαῖς
1621 2903 1747 2979 περὶ
1795 2923 1856 2961 τι
1882 2910 1982 2976 τῆς

334 2997 504 3072 ὀρθῆς
561 2994 791 3058 αίστεως
857 2993 948 3053 καὶ
1002 2999 1103 3065 τῆς
1158 2991 1456 3069 Νὲστορίου
1507 2988 1850 3066 κακοδοξίας,
1899 2993 1984 3047 ai-

330 3084 596 3159 τοῦμενος
654 3084 771 3158 ἅμα
853 3083 941 3143 καὶ
1021 3079 1246 3140 σύνοδον
1290 3080 1680 3155 οἱκουμενικήν
1739 3080 1985 3159 γενέσθαι

333 3176 410 3239 εἰς
458 3175 523 3233 τὸ
568 3180 950 3251 γυμνασθῆναι
1004 3177 1304 3239 κανονικῶς
1358 3173 1427 3228 τὰ
1472 3171 1611 3229 κατά
1667 3173 1984 3253 Νεστόριον.

330 3267 426 3339 Τῷ
453 3265 529 3321 κε’
554 3263 732 3321 τοίνυν
774 3262 1003 3335 ἐνιαυτῷ
1044 3268 1143 3334 τῆς
1202 3258 1492 3319 Θεοδοσίου
1554 3261 1837 3341 βασιλείας
1868 3263 1903 3332 ἡ
1935 3259 1988 3316 ἐν

329 3354 545 3434 Ἐφέσῳ
601 3353 726 3431 ἁγία
782 3353 871 3413 καὶ
930 3352 1279 3425 οἷκουμενική
1346 3348 1507 3426 τρίτη
1596 3347 1824 3413 σύνοδος
1877 3355 1986 3406 τῶν

335 3443 417 3501 σλ⁸
451 3448 702 3518 Πατερων
752 3441 1137 3521 συνηθροίσθη,
1196 3440 1393 3523 χρόνον
1464 3438 1668 3517 ἄγουσα
1722 3439 1832 3496 ἀπὸ
1893 3441 1987 3513 μὲν

332 3540 434 3609 τῆς
494 3531 742 3609 δευτέρας
810 3533 921 3609 μα’,
977 3531 1085 3587 ἀπὸ
1135 3528 1194 3586 δὲ
1242 3528 1468 3593 κτίσεως
1519 3530 1731 3606 κόσμου
1784 3530 1988 3609 ὶεΊῇιέ,

334 3624 437 3687 ἾΙς
476 3623 655 3699 ἦρχον
718 3619 996 3703 Κύριλλος
1064 3616 1496 3697 Ἀλεξανδρείας,
1556 3618 1615 3683 ’ὀς
1666 3615 1990 3675 Κελεστίνου

336 3713 490 3771 πάπα
551 3713 778 3787 Ῥώμης
824 3711 916 3769 τὸν
969 3709 1136 3769 τόπον
1206 3706 1380 3767 διεῖπε
1411 3754 1428 3781 ,
1483 3707 1574 3763 καὶ
1627 3703 1992 3773 Ἱουϐενάλιος

335 3798 735 3879 Ἱεροσολύμων
767 3843 782 3870 ,
841 3796 1098 3874 λέγοντος
1183 3802 1281 3854 τοῦ
1335 3797 1640 3869 καταράτου
1690 3795 1988 3871 Νεπορίου

340 3890 420 3964 μὴ
451 3909 587 3945 ειναι
629 3890 880 3947 θεοτόκον
909 3889 1008 3959 τὴν
1039 3887 1329 3954 Θεοτόκον,
1385 3882 1532 3941 ἀλλά
1589 3882 1988 3965 Χριστοτόκον,

336 3980 427 4037 καὶ
457 3976 554 4035 δύο
587 3977 736 4043 υἱοὺς
768 3977 856 4037 ἐπὶ
903 3980 1001 4039 τοῦ
1032 3977 1146 4041 ἑνὸς
1195 3978 1433 4053 Χριστοῦ
1478 3978 1575 4031 τοῦ
1632 3979 1769 4032 Θεοῦ
1828 3978 1992 4051 μυθο,

338 4068 632 4149 λογοῦντος
660 4069 750 4129 καὶ
782 4065 878 4127 δύο
932 4069 1274 4137 ὑποστάσεις,
1331 4062 1423 4119 καί
1467 4061 1639 4121 ἄλλον
1701 4064 1796 4140 μὲν
1848 4066 1989 4123 εἶναι

332 4158 430 4219 τὸν
464 4157 637 4237 Λόγον
683 4159 774 4219 τὸν
805 4156 864 4215 ἐκ
899 4154 996 4217 τοῦ
1054 4160 1264 4231 Πατρὸς
1317 4153 1661 4229 γεννηθέντα,
1719 4150 1902 4231 ἓτερον
1932 4152 1991 4215 δὶ

334 4250 429 4305 τὸν
460 4248 521 4304 ἐκ
570 4248 778 4325 Μαρίας
828 4244 1088 4323 τεχθέντα
1152 4242 1460 4316 ἄνθρωπον,
1510 4244 1646 4298 κατά
1701 4245 1890 4321 σχέσιν
1931 4240 1990 4303 δὶ

336 4339 599 4401 ἑνωθέντα
625 4338 717 4395 τὸν
748 4338 877 4399 Θεὸν
926 4337 1126 4417 Λόγον,
1157 4335 1249 4393 καὶ
1307 4332 1620 4407 ὁμωνύμως
1673 4334 1764 4393 καί
1821 4334 1986 4393 αὐτὸν

336 4427 636 4504 λεγόμενον
660 4425 808 4485 Υἱόν.
840 4428 1049 4484 Τοῦτον
1078 4420 1491 4499 προσκληθέντα
1519 4421 1665 4499 παρά
1718 4429 1818 4493 τῆς
1869 4444 1987 4483 suv-

336 4513 468 4574 ὁδου
496 4517 586 4575 καὶ
618 4516 695 4589 μή
743 4515 1117 4589 ἀπαντήσαννα
1172 4510 1639 4587 ἐκκλησιαπικῶς
1686 4511 1990 4576 καθελοῦσα

2076 673 2382 737 hominem
2423 678 2721 741 dictitans.
2781 682 3045 749 Quodam
3103 684 3409 741 Dominico
3443 685 3536 741 die
3592 703 3727 743 cum

1992 833 1996 836 γ
2078 761 2377 823 Nestorius
2434 770 2819 843 praesideret,
2878 772 3120 831 Proclus
3176 771 3252 829 ad
3312 775 3727 848 eXponendum

2079 853 2363 913 excitatus
2384 858 2714 917 orationem
2744 860 2952 917 habuit
2981 861 3053 919 de
3084 863 3186 921 Dei
3210 862 3524 935 Gcnitrice,
3558 864 3730 935 cujus

2078 940 2316 1003 initium
2343 961 2356 1003 :
2395 947 2599 1015 Hodie,
2631 948 2865 1020 fratres,
2896 959 3222 1011 conventus
3253 953 3446 1026 agitur
3495 954 3569 1011 de
3604 955 3732 1009 Vir-

2078 1031 2234 1103 gine.
2268 1034 2346 1093 Ex
2379 1051 2447 1093 eo
2504 1037 2730 1095 invisus
2762 1055 2891 1097 esse
2926 1040 3205 1099 omnibus
3264 1042 3486 1114 impius
3516 1045 3729 1100 Nesto-

2078 1120 2204 1177 rius
2216 1121 2290 1179 ob
2316 1122 2535 1183 fastum
2549 1130 2608 1181 et
2636 1126 2853 1185 malam
2870 1128 3067 1188 ﬁdem.
3083 1129 3347 1189 Habebat
3375 1132 3533 1189 enim
3572 1135 3734 1191 Ana-

2079 1209 2328 1269 stasium
2345 1214 2663 1285 quemdam
2675 1215 3089 1289 presbyterum
3102 1218 3738 1293 Antiochenam,quem

2056 1298 2248 1357 valde
2279 1300 2391 1357 sibi
2424 1303 2808 1361 concilliabat
2834 1311 2900 1361 ut
2930 1322 3131 1365 secum
3162 1308 3518 1366 sentientem
3551 1310 3737 1367 auda-

2083 1386 2440 1461 cissimeque
2472 1391 2534 1453 in
2564 1392 2817 1451 ecclesia
2848 1394 3067 1471 Virgini
3094 1395 3196 1451 Dei
3230 1396 3509 1455 Genitrici
3538 1397 3736 1453 obtre-

2083 1480 2365 1535 ctantem.
2399 1479 2571 1537 Ilunc
2622 1481 2849 1557 primus
2903 1485 3265 1559 oppugnavit
3307 1502 3584 1543 sermone
3625 1489 3741 1545 Eu-

2084 1565 2284 1627 sebius
2312 1568 2533 1625 Dorilai
2569 1571 2900 1649 episcopus.
2937 1573 3030 1631 Sic
3055 1579 3253 1631 autem
3287 1579 3570 1633 tractatus
3601 1575 3727 1631 mul

2084 1658 2174 1713 tas
2204 1656 2405 1715 turbas
2427 1657 2610 1717 dedit.
2643 1660 2865 1721 Eodem
2920 1678 3076 1723 anno
3125 1663 3339 1735 Ephesi
3370 1663 3519 1721 illud
3550 1656 3737 1721 terri-

2084 1742 2203 1801 bile
2238 1744 2592 1807 miraculum
2623 1749 2842 1806 aceidit
2879 1758 3106 1825 septem
3140 1768 3481 1825 puerorum,
3512 1754 3611 1827 qui
3667 1753 3740 1809 de

2085 1850 2297 1893 somno
2343 1838 2519 1895 annis
2577 1846 2891 1914 postquam
2950 1841 3445 1899 obdormivissent
3500 1849 3742 1901 centum

2089 1926 2484 2001 septuaginta,
2522 1934 2930 1987 surrexerunt.

2160 2107 2330 2160 Anno
2345 2107 2413 2161 24
2442 2106 2695 2179 Cyrillus
2709 2108 3081 2166 Alexandriae
3106 2114 3165 2167 et
3192 2110 3525 2169 Celestinus
3542 2113 3740 2169 Romae

2088 2191 2698 2266 episcopiNestorium
2712 2197 3063 2271 perlitteras
3086 2199 3401 2257 hortantur
3413 2198 3744 2269 ut,omissis

2086 2283 2376 2353 perversis
2399 2284 2801 2357 opinionibus,
2834 2304 3032 2343 veram
3063 2287 3743 2360 594ﬁdemamplecta-

2089 2370 2477 2444 tur:alioqui
2508 2389 2631 2431 non
2659 2373 2783 2431 fore
2845 2391 2982 2433 eum
3032 2376 3095 2433 in
3152 2380 3306 2433 cmtu
3363 2376 3739 2432 sacerdotum

2089 2459 2586 2533 Scripseruntalii
2607 2479 2844 2535 quoque
2873 2463 2948 2519 ad
2970 2479 3108 2521 eum
3155 2465 3217 2519 in
3274 2464 3543 2520 eamdem
3601 2480 3738 2519 sen-

2088 2546 2357 2603 tentiam.
2417 2548 2761 2617 Nestorius,
2819 2549 3160 2623 intelligens
3218 2566 3319 2605 eos
3363 2565 3741 2625 nequaquam

2090 2635 2397 2701 tacituros,
2444 2635 2786 2708 imperatori
2844 2639 3164 2710 persuadet
3213 2644 3282 2695 ut
3338 2637 3412 2694 ad
3460 2637 3744 2711 Cyrillum

2092 2723 2312 2779 scribat
2327 2742 2555 2783 sacram
2578 2726 2915 2801 epistolam,
2937 2745 3124 2801 eaque
3144 2745 3279 2785 eum
3299 2727 3748 2793 deterreat.Qua

2094 2829 2157 2868 re
2187 2830 2321 2869 cum
2353 2832 2415 2871 se
2446 2815 2731 2891 Cyrillum
2764 2822 3001 2891 putaret
3037 2834 3212 2891 posse
3242 2816 3588 2891 percellere,
3619 2832 3743 2873 ma-

2090 2902 2178 2976 gis
2209 2904 2386 2961 etiam
2428 2906 2723 2967 excitavit.
2785 2908 3032 2981 Scripsit
3096 2907 3255 2965 enim
3318 2913 3443 2963 tum
3492 2906 3748 2981 Cyrillus

2091 2992 2166 3053 ad
2200 2994 2620 3069 imperatorem
2638 3002 2697 3055 et
2719 3014 2955 3055 sorores
2985 2998 3057 3053 de
3088 3014 3226 3057 vera
3255 2996 3372 3055 ilde
3405 3002 3464 3051 et
3491 2996 3745 3052 Nestorii

2092 3084 2258 3145 falsis
2269 3102 2302 3141 ο
2308 3087 2655 3159 piuionibus
2669 3088 2967 3163 simulque
2979 3088 3411 3147 mcumenicum
3425 3086 3746 3145 concilium

2095 3174 2268 3245 petiit
2289 3175 2504 3253 colligi,
2527 3177 2589 3233 in
2606 3193 2721 3253 quo
2752 3193 2932 3235 causa
2950 3178 3201 3235 Nestorii
3232 3176 3517 3237 canonice
3533 3175 3747 3233 discuti

2017 3243 2060 3311 (ἶ
2097 3243 2319 3336 posset.
2378 3243 2581 3339 Itaque
2623 3243 2904 3327 vicesimo
2964 3268 3169 3341 quinto
3221 3282 3377 3325 anno
3434 3264 3747 3323 Theodosii

2093 3353 2329 3429 imperii
2361 3361 2568 3413 sancta
2625 3362 2684 3415 et
2738 3357 3105 3419 cacumenica
3136 3356 3308 3415 tertia
3340 3355 3601 3431 synodus
3647 3356 3751 3411 Pa-

2102 3448 2257 3500 trum
2289 3446 2394 3501 230
2440 3445 2655 3519 Ephesi
2715 3446 2876 3517 coiit,
2936 3464 3092 3505 anno
3151 3452 3287 3523 post
3342 3446 3598 3520 primam
3655 3447 3747 3512 41,

2093 3533 2257 3589 anDo
2286 3534 2496 3590 mundi
2526 3537 2684 3591 5915.
2710 3535 3350 3608 PraefueruutCyrillus
3376 3534 3749 3591 Alexandriae

2095 3621 2427 3693 episcopus,
2459 3622 2655 3680 locum
2689 3622 2968 3683 Celestini
3021 3641 3186 3699 papa)
3240 3624 3482 3687 Romsni
3517 3629 3751 3691 tenens,

2095 3715 2153 3764 et
2180 3710 2477 3768 iuvenalis
2533 3711 3078 3784 Hierosolymorum
3129 3712 3461 3791 episcopus.
3492 3712 3754 3786 Negabat

2096 3797 2458 3857 detestabilis
2515 3799 2818 3857 Nestorius
2876 3800 3119 3859 Mariam
3167 3816 3297 3857 esse
3356 3800 3458 3861 Dei
3500 3799 3748 3855 Genitri~

2094 3905 2244 3955 cem,
2284 3887 2388 3947 sed
2444 3887 2682 3959 Christi,
2724 3904 2791 3949 ac
2823 3887 2971 3947 duos
3011 3888 3083 3947 de
3123 3888 3300 3947 unico
3331 3886 3560 3945 Christo
3594 3887 3750 3945 ﬁlios

2092 3978 2195 4034 Dei
2227 3977 2506 4053 ﬁngebat,
2539 3978 2803 4053 duasque
2836 3977 2898 4037 in
2946 3976 3176 4037 Christo
3216 3991 3526 4047 personas,
3554 3975 3747 4031 diver-

2093 4083 2220 4121 sam
2254 4065 2424 4120 Verbi
2457 4082 2528 4121 ex
2573 4067 2692 4121 Deo
2751 4065 2922 4121 Patre
2965 4064 3110 4131 nati,
3170 4063 3345 4119 aliam
3378 4062 3641 4121 hominis
3672 4063 3744 4121 de

2094 4154 2275 4209 Maria
2304 4154 2425 4208 nati
2461 4172 2475 4222 ;
2508 4158 2783 4225 respectu
2814 4159 3011 4209 autem
3043 4152 3301 4224 quodam
3346 4152 3579 4208 unitum
3606 4151 3746 4206 huic

2096 4241 2371 4310 Verbum,
2404 4240 2830 4312 hominemque
2851 4241 3275 4297 communitate
3292 4239 3746 4295 vocabulietiam

2094 4330 2309 4391 Filium
2331 4330 2625 4405 usurpari.
2656 4332 2847 4399 Hunc,
2874 4347 3008 4391 cum
3030 4348 3064 4387 a
3092 4330 3346 4389 concilio
3368 4334 3608 4387 vocatus
3625 4345 3748 4385 non

2092 4421 2971 4499 comparuisset,ecclesiasticis
2985 4422 3255 4481 censuris
3268 4420 3493 4495 proscri
3502 4424 3753 4495 pserunt

2092 4516 2157 4567 ut
2178 4511 2280 4584 qui
2301 4510 2581 4571 assentiri
2612 4510 2813 4567 viﬁdei
2854 4516 3178 4571 recusaret.
3238 4510 3499 4587 Ejusque
3532 4509 3594 4567 in
3648 4508 3740 4563 lo-

336 4602 413 4669 ὠς
478 4603 555 4675 μή
614 4598 921 4674 θελήσαντα
963 4605 1080 4665 τοῖς
1138 4601 1322 4678 ὀρθοῖς
1406 4596 1643 4677 δόγμασι
1708 4600 1979 4666 συνθέσθαι

2098 4598 2295 4659 locum
2317 4599 2583 4657 delectus
2626 4604 2717 4657 est
2744 4599 3155 4670 Maximianus,
3205 4601 3426 4675 Magum
3472 4598 3749 4655 Ecclesiae

332 4689 734 4764 ἀνεθεμάτισεν·
786 4690 878 4747 καὶ
960 4688 1352 4771 ἐχειροτονήθη
1430 4687 1769 4763 Μαξιμιανὸς
1853 4708 1979 4763 πρεε

2093 4691 2422 4764 presbyter.
2482 4690 2645 4751 Idem
2691 4690 3011 4751 concilium
3067 4691 3475 4767 pronuntiavit
3525 4689 3751 4746 unione

335 4773 595 4855 σϐύτερος
622 4785 723 4851 τῆς
754 4778 922 4850 αὐτῆς
952 4779 1212 4855 Μεγάλης
1249 4774 1564 4848 ἐκκλησίας.
1619 4775 1761 4837 Μίαν
1802 4774 1859 4832 δὲ
1886 4781 1979 4837 τοῦ

2092 4785 2439 4837 naturarum
2469 4780 2531 4837 in
2553 4780 2787 4839 Christo
2809 4780 3050 4837 unicam
3073 4797 3202 4837 esse
3234 4795 3575 4855 personam,
3598 4777 3748 4832 duas

331 4869 569 4944 Χριστοῦ
599 4868 690 4927 καὶ
720 4871 855 4927 Θεοῦ
902 4870 1064 4943 ἡμῶν
1121 4867 1241 4929 καθ’
1299 4860 1485 4927 ἕνωσιν
1543 4864 1835 4923 ὑπόστασιν
1890 4867 1979 4925 καὶ

2091 4876 2367 4941 naturas;
2413 4869 2692 4929 eumdem
2749 4887 2881 4929 esse
2929 4870 3079 4931 595
3131 4872 3316 4929 Deum
3347 4875 3407 4927 et
3444 4868 3749 4925 hominem

333 4952 430 5011 δύο
461 4954 648 5033 φύσεις
670 4959 852 5037 σαφῶς
883 4951 1226 5029 ὶδογμάτισε,
1252 4953 1344 5015 τὸν
1371 4952 1531 5009 αὐτὸν
1565 4952 1701 5007 εἶναι
1731 4954 1858 5027 Θεὸν
1890 4953 1979 5013 καὶ

2091 4959 2332 5019 Mariam
2409 4960 2647 5034 proprie
2706 4964 2764 5017 et
2808 4975 2945 5015 vere
3003 4974 3135 5015 esse
3217 4959 3320 5015 Dei
3386 4957 3749 5015 Genitricem

331 5042 649 5122 ἄνηρωπον,
687 5044 780 5103 καὶ
816 5044 917 5113 τὴν
966 5042 1119 5118 ἁγίαν
1180 5042 1393 5119 Μαρίαν
1447 5042 1651 5118 κυρίως
1707 5043 1800 5101 καὶ
1838 5041 1979 5117 ἀληο

332 5133 440 5198 θῶς
477 5134 764 5197 Θεοτόκον.
819 5131 1078 5207 Ἰωάννης
1127 5128 1183 5191 δδ
1215 5132 1243 5186 ὁ
1300 5130 1634 5206 Ἀντιοχείας
1685 5129 1981 5200 ἰπὶσκοπος

2087 5047 2348 5107 Joannes
2370 5054 2569 5107 autem
2597 5047 2928 5107 Antiochiae
2955 5046 3289 5123 episcOpus,
3324 5062 3461 5105 cum
3492 5045 3565 5105 ad
3597 5061 3752 5103 con-

2091 5138 2295 5197 cilium
2352 5138 2620 5197 Nestorio
2680 5138 2810 5210 jam
2877 5136 3158 5197 damnato
3214 5136 3489 5207 venisset,
3545 5134 3753 5195 ascitis

1530 5258 1888 5317 XYLANDRI
1928 5262 2016 5323 ET
2054 5262 2269 5323 GOARI
2306 5264 2531 5319 NOTE.

403 5386 514 5461 (378)
545 5388 768 5444 Rhetor
812 5384 1143 5461 Nicephoro
1174 5401 1287 5451 xxv,
1312 5387 1427 5461 __3_2.
1479 5384 1615 5439 ΧΠ..
1650 5385 1789 5461 —_E
1820 5386 1984 5461 scho-

333 5455 563 5527 lafibus,
596 5462 872 5527 Augustas
889 5455 1101 5514 domus
1122 5455 1488 5523 custodibus,
1508 5472 1685 5515 unus.
1708 5457 1788 5514 De
1821 5460 1988 5519 scho-

331 5529 407 5586 lis
436 5528 807 5587 Pancirollus
836 5530 911 5585 ad
934 5529 1200 5587 Notitiam
1233 5528 1452 5599 imperii
1472 5544 1523 5582 c.
1554 5544 1707 5583 Lxm.
1741 5530 1916 5586 Gesn.

404 5603 514 5674 (59)
548 5603 736 5675 Cyzici
767 5602 897 5676 fuit,
937 5601 1273 5676 episcopus,
1321 5605 1379 5654 et
1412 5599 1691 5676 ‘Byzantii
1743 5600 1959 5676 honori

329 5669 516 5745 (puto)
551 5669 729 5732 causa
749 5669 1083 5731 orationem
1104 5669 1332 5729 sacram
1357 5670 1433 5728 ad
1447 5669 1733 5743 populum
1756 5671 1985 5730 habuit'

2137 5387 2348 5462 raaside
2381 5388 2668 5462 Nestorio.
2692 5389 2831 5447 Vide
2863 5390 3178 5462 Nicephor.
3208 5387 3371 5462 Idem
3394 5386 3466 5444 de
3494 5385 3748 5462 Eusebio

2150 5459 2671 5533 orylieiepiscopo,
2703 5478 2811 5532 viv,
2845 5464 2935 5530 47,
2969 5459 3025 5517 et
3056 5461 3330 5531 Evagrius
3352 5478 3391 5527 ι,
3423 5479 3476 5531 9.
3510 5461 3642 5515 XvL.

2172 5532 2287 5605 (60)
2314 5531 2407 5585 Sic
2439 5531 2755 5605 aliquoties
2787 5531 3071 5589 vocantur
3100 5533 3293 5589 edicta
3322 5533 3751 5605 imperatorum

2101 5603 2174 5658 de
2206 5602 2381 5657 rebus
2417 5602 2855 5663 ecclesiasticis.
2915 5606 2981 5662 In
3012 5602 3431 5662 ecclesiasticis
3488 5604 3752 5660 historiis

2099 5674 2320 5730 divales
2346 5690 2544 5730 sacras
2576 5677 2873 5733 nominari
2904 5693 3004 5733 eas
3034 5677 3355 5734 observavi.
3397 5677 3535 5732 XvL.
