4170 6204
434 324 550 384 647
1789 318 2115 381 GEORGII
2157 317 2501 379 CEDRENI
3732 314 3861 377 648

428 458 723 531 episcopis
738 458 840 529 qui
862 473 1065 513 secum
1091 459 1392 522 venerant,
1425 454 1488 510 in
1519 453 1734 525 quibus
1766 452 1879 508 fuit
1898 450 2057 508 etian

2196 450 2334 523 μετᾶ
2373 449 2474 520 τήν
2521 446 2819 524 Νεστορίου
2871 444 3182 523 καθαίρεσιν
3260 441 3696 520 καταλαμϐάνει,
3756 447 3850 503 καὶ

427 547 814 603 Theodoritus
843 545 976 618 Tyri
1011 550 1069 600 et
1097 545 1229 601 Ibas
1279 543 1514 599 Edessa:
1546 542 1831 615 episcopi,
1886 540 2057 611 Cyril-

2190 536 2457 609 λυπηθεὶς
2514 537 2600 592 ὅτι
2681 536 2858 613 χωρὶς
2938 536 3104 592 αὐτοῦ
3194 535 3467 611 καθῃρέθη
3518 537 3847 611 Νεστόριος,

426 636 552 692 lum
583 641 642 691 et
668 637 1042 691 Memnomen
1071 633 1288 705 Ephesi
1318 633 1668 705 episcopum
1699 630 2057 686 condemnat

2187 623 2522 703 παραλαϐὼν
2573 626 2701 690 τοὺς
2767 624 3121 688 συνελθόντας
3187 626 3336 698 αύτῷ
3385 624 3738 693 ἐπισκόπους,
3790 626 3848 681 ἐν

427 724 585 796 quod
607 740 707 779 eos
736 727 1074 779 autumaret
1093 727 1301 778 contra
1329 738 1590 778 canones
1609 719 1887 776 Ecclesia:
1909 734 2055 790 syno

2188 718 2273 779 οἷς
2300 718 2368 786 ἦν
2398 717 2491 773 καὶ
2547 713 2906 792 Θεοδώρητος
2963 715 3148 791 Τύρου
3200 713 3498 777 ἐπισκοπος
3538 715 3629 770 καὶ
3693 710 3847 778 Ἰϐας

425 811 569 867 dum
598 811 945 867 instituisse.
979 810 1234 882 Cyrillus
1277 827 1413 867 cum
1446 810 1568 866 suis
1600 825 1805 864 eorum
1855 813 1986 864 acta
2012 822 2054 863 ιι

2187 805 2463 880 Ἐδέσσης,
2494 807 2801 885 καθαίρεσιν
2861 807 3180 884 ὑπαγορεύει
3232 811 3329 863 τοῦ
3387 807 3439 863 ἐν
3496 807 3672 884 ἅγίοις
3729 812 3843 864 Ku-

426 900 739 973 illegitima
769 905 829 956 et
874 900 1134 957 absurda
1179 898 1645 972 reprehendunt.
1678 899 1767 953 Ita
1821 902 1947 952 tum
2003 896 2057 952 al

2185 894 2387 972 ρίλλου
2471 897 2561 952 καὶ
2648 895 2863 971 Μέμνος
2929 900 3027 952 τοῦ
3077 897 3341 971 Ἐφεσίων
3404 893 3706 952 ἐπισκόπου
3764 896 3845 958 ὡς

423 990 739 1060 Ephesimo
758 989 1011 1045 concilio
1029 988 1438 1061 discrepantes
1459 985 2057 1043 abieruntOrientale:

2181 985 2330 1060 παρᾶ
2356 984 2450 1040 τὸν
2481 985 2674 1041 κανόνα
2702 987 2802 1055 τῆς
2834 984 3160 1056 Ἐκκλησίας
3190 985 3537 1055 ποιησάντων
3579 986 3678 1054 τὴν
3711 1006 3841 1041 συν-

425 1082 485 1133 et
511 1079 781 1151 Egyptii.
816 1077 931 1134 Sed
988 1077 1300 1150 postmodo
1340 1093 1441 1133 eos
1486 1077 1812 1148 imperator
1839 1074 1902 1130 in
1932 1090 2057 1129 con‘

2183 1070 2328 1130 οέον.
2359 1076 2425 1133 Οἱ
2456 1072 2514 1130 δὲ
2542 1074 2666 1150 περὶ
2717 1073 2993 1152 Κύριλλον
3057 1074 3366 1154 μέμφοντάι
3396 1076 3472 1138 ὡς
3506 1071 3715 1149 ἄθεσμα
3740 1076 3835 1130 καὶ

424 1169 690 1225 cordiam
720 1168 966 1241 redegit,
1000 1169 1311 1239 effectique
1341 1174 1407 1222 ut
1461 1166 1790 1223 Orientales
1838 1181 2057 1237 quoque

2181 1158 2355 1219 ἄτοπα
2384 1162 2453 1218 τὰ
2481 1164 2606 1237 παρ’
2635 1161 2812 1217 αὐτῶν
2863 1162 3151 1237 γενόμενα·
3185 1163 3274 1218 καὶ
3337 1162 3513 1226 οὕτως
3572 1164 3678 1217 ἀπὸ
3732 1170 3842 1232 τῆς

422 1257 642 1329 Ephesi
664 1256 833 1314 factas
858 1274 1012 1312 verse
1045 1257 1183 1313 fidei
1207 1256 1562 1329 expositioni
1581 1255 1988 1312 consentirent
2006 1270 2057 1310 at

2180 1251 2443 1330 Ἐφεσίων
2496 1249 2879 1331 διαφερόμενοι
2938 1250 3221 1324 ἀλλήλοις
3289 1249 3572 1323 διέστησαν
3606 1252 3660 1308 οἳ
3688 1273 3747 1308 τε
3776 1253 3836 1307 ὃ.-

419 1345 791 1402 damnationi
841 1346 1116 1412 Nestorii,
1144 1344 1457 1418 epistolam
1492 1361 1561 1400 ea
1591 1344 1662 1400 de
1692 1360 1758 1400 re
1789 1344 2057 1416 scriptam

2178 1339 2431 1397 ατολικοί
2456 1342 2546 1397 καὶ
2580 1342 2630 1397 οἱ
2662 1341 2978 1418 Αἰγύπτιοι.
3015 1342 3160 1398 Μετὰ
3193 1339 3249 1397 δὲ
3277 1345 3446 1397 ταῦτα
3497 1339 3706 1416 σπουδῇ
3740 1345 3836 1397 τοῦ

418 1434 495 1491 ad
524 1435 958 1491 Alexandrinos
987 1450 1095 1507 per
1145 1434 1392 1491 Paulum
1440 1435 1666 1490 Emesaa
1723 1433 2057 1505 episcopum

2181 1427 2450 1505 βασιλέως
2503 1430 2809 1502 ἡνώθησαν,
2867 1432 3323 1507 συμφωνήσαντες
3377 1432 3469 1486 καὶ
3540 1432 3593 1486 οἱ
3646 1431 3834 1486 ιὶνατο⁹

419 1523 742 1579 mittentes.
792 1524 1094 1579 Nestorius
1119 1528 1319 1579 autem
1349 1523 1547 1579 Oasim
1604 1528 1695 1578 est
1751 1522 2057 1595 relegatus,

2178 1519 2327 1576 λικοὶ
2359 1524 2427 1595 τῇ
2484 1520 2754 1596 ὲκτεθείσῃ
2805 1519 2859 1576 ἐν
2909 1521 3115 1598 Ἐφέσῳ
3172 1518 3450 1597 όρθοδοξῳ
3505 1520 3681 1577 πίστει
3738 1522 3828 1577 καὶ

418 1618 522 1668 aut
557 1618 622 1668 ut
651 1613 752 1669 alii
785 1613 1045 1684 tradunt,
1076 1614 1140 1669 in
1171 1614 1479 1670 Thassum.
1537 1612 1627 1668 Ibi
1686 1629 1821 1668 eum
1871 1612 2057 1667 divina

2173 1614 2242 1685 τῇ
2280 1613 2416 1666 κατὰ
2461 1609 2757 1686 Νεστορῖου
2813 1608 3144 1688 καθαιρέσει,
3199 1609 3465 1689 ἔγγραφον
3528 1608 3830 1681 ἐπιστολὴν

414 1700 674 1757 vindicta
719 1701 1009 1773 arripuit:
1068 1717 1209 1757 nam
1267 1700 1617 1773 putrefactio
1678 1700 1881 1756 omnia
1938 1699 2057 1772 ejus

2171 1704 2290 1763 τοῖς
2370 1696 2777 1774 Ἀλεξανδρεῦσι
2865 1698 2953 1755 διὰ
3042 1699 3260 1758 Βαύλου
3343 1705 3442 1756 τοῦ
3520 1698 3821 1757 ἐπισκὸπου

415 1789 685 1846 membra
706 1791 939 1861 invasit,
972 1791 1231 1846 maxime
1257 1790 1520 1864 linguam
1554 1790 1683 1862 ejus
1713 1789 2057 1856 scelestam;

2171 1789 2409 1862 Ἐμέσης
2458 1788 2896 1853 ἀποστείλαντες.
2956 1789 3253 1866 Νεπόριος
3313 1786 3372 1846 δὲ
3427 1788 3690 1864 ἐξωρίσθη
3749 1789 3828 1851 εἷς

412 1897 530 1951 qua
558 1881 680 1936 Arii
711 1880 977 1953 exemplo
1009 1881 1273 1953 punitus,
1306 1886 1595 1952 quantum
1626 1880 1818 1953 potuit
1841 1879 2057 1935 clama-

2171 1882 2361 1936 ’Όασιν
2383 1880 2520 1954 (61),
2571 1876 2737 1934 ἄλλοι
2797 1876 2855 1935 δὲ
2910 1879 3217 1958 γράφουσιν
3257 1878 3312 1934 ἐν
3349 1882 3420 1954 τῇ
3453 1879 3633 1952 Θάσῳ,
3685 1878 3738 1934 ἐν
3793 1877 3829 1953 ᾖ

407 1969 525 2025 vit:
560 1971 852 2026 Hactenus
900 1969 1073 2026 nobis
1102 1986 1454 2042 persuasum
1497 1986 1619 2025 non
1673 1974 1762 2024 est
1814 1969 2056 2025 Mariam

2167 1967 2256 2023 καὶ
2321 1962 2735 2042 καταλαμϐάνει
2807 1967 2969 2025 αὐτόν
3038 1971 3073 2040 ἡ
3142 1967 3257 2024 θεία
3314 1965 3464 2040 δίκη,
3531 1965 3833 2040 σηπεδόνος

413 2075 546 2114 esse
577 2060 681 2115 Dei
714 2060 1093 2115 Genitricem.

2170 2061 2279 2112 τῶν
2324 2057 2507 2130 μελῶν
2538 2056 2756 2113 πάντων
2804 2057 3105 2132 ἁψαμένης,
3168 2056 3405 2131 μάλιστα
3463 2054 3521 2112 δὲ
3583 2056 3674 2111 καὶ
3730 2061 3834 2134 τῆς

413 2149 611 2222 μιαρᾶς
667 2147 838 2203 αὐτοῦ
895 2146 1572 2224 γλώττης,ᾕπεριπεσὼν
1620 2144 1880 2224 διεφθάρη
1938 2145 2011 2207 ὡς
2043 2144 2396 2222 ὁκατάρατος
2449 2147 2688 2223 Ἄρειος,
2757 2147 3065 2225 ὑποφωνῶν
3127 2147 3202 2210 ὡς
3256 2143 3498 2218 ἠδύνατο
3546 2144 3630 2202 ὅτι
3689 2145 3825 2208 τέως

413 2235 517 2290 οὐκ
544 2234 871 2309 ἐπείσθημεν
896 2238 996 2307 τὴν
1028 2235 1238 2310 Μαρίαν
1267 2235 1529 2291 Θεοτόκον
1563 2233 1938 2312 ὁμολογῆσαι.

480 2327 809 2398 Imperator
827 2343 1002 2399 porro
1024 2331 1299 2382 venatum
1330 2343 1601 2399 egressus
1622 2325 1774 2381 clam
1797 2326 1920 2382 suis
1941 2341 2064 2380 om-

322 2430 335 2435 ·
410 2414 588 2470 nibus
611 2415 785 2487 longa
815 2416 907 2470 via
952 2414 1027 2470 ad
1058 2415 1415 2471 monachum
1439 2414 1763 2487 quemdam
1810 2414 1969 2469 venit
2000 2414 2062 2469 in

404 2504 623 2561 cellula
652 2504 979 2575 sedentem,
1012 2522 1193 2578 prope
1242 2504 1598 2560 suburbium
1651 2504 1871 2577 Cpolis.
1904 2504 2060 2561 596

400 2593 650 2667 Agnovit
706 2610 890 2650 senex
949 2594 1394 2666 imperatorem,
1453 2594 1556 2649 sed
1622 2598 1822 2649 tamen
1876 2592 2060 2648 veluti

403 2699 593 2739 unum
622 2682 695 2738 de
729 2683 1019 2739 militibus
1049 2683 1296 2754 accepit.
1329 2683 1477 2739 Cum
1509 2686 1709 2738 autem
1738 2682 2063 2754 imperator

407 2789 441 2827 a
470 2774 565 2827 via
594 2777 654 2827 et
686 2778 834 2829 aestu
878 2779 1037 2829 esset
1091 2773 1464 2846 defatigatus,
1512 2773 1838 2828 monachus
1876 2788 2061 2844 panes

409 2862 770 2917 humectavit
826 2868 1179 2933 acetumque
1238 2867 1295 2918 et
1346 2861 1546 2917 oleum
1599 2862 1894 2934 apposuit.
1928 2861 2063 2916 Edit

408 2949 752 3021 imperator,
784 2955 843 3007 et
872 2968 1087 3023 aquam
1115 2952 1289 3008 bibit.
1335 2952 1404 3006 Et
1443 2951 1769 3007 monacho:
1820 2951 2061 3007 Nostine

406 3054 525 3107 me,
556 3039 732 3095 Pater
749 3042 778 3094 ί)
806 3039 1022 3111 inquit.
1056 3040 1338 3096 Monacho
1356 3039 1753 3112 respondente
1778 3056 1791 3096 :
1825 3040 1980 3096 Deus
2003 3044 2060 3094 te

405 3127 934 3200 novit,Ego,infert,
960 3146 1089 3184 sum
1112 3129 1477 3185 Theodosius
1502 3127 2059 3201 imperator.Statim

403 3220 529 3271 tum
562 3218 819 3273 surrexit
846 3218 1195 3285 monachus,
1255 3223 1315 3274 et
1368 3218 1422 3273 ei
1481 3218 1854 3290 supplicavit.
1913 3219 2058 3273 Tum

404 3304 765 3377 imperator:
789 3306 950 3362 Beati
976 3323 1044 3362 ac
1073 3306 1403 3362 felicissimi
1434 3305 1696 3378 profecto
1726 3324 1827 3362 vos
1850 3322 2058 3362 mona-

2239 2325 2302 2383 Ὁ
2333 2323 2590 2400 βασιλεὺς
2624 2322 2681 2381 δὲ
2710 2328 3015 2401 κυνηγῆσαι
3048 2323 3302 2397 ἐξελθὼν,
3357 2325 3487 2388 τοὺς
3546 2324 3638 2380 σὺν
3676 2323 3827 2397 αύτῷ

2171 2412 2372 2475 πάντας
2404 2410 2704 2482 διαλαθὼν,
2745 2414 2886 2484 ἦλθε
2939 2411 3030 2469 διὰ
3089 2413 3299 2489 μακράς
3348 2411 3479 2468 ὁδοῦ
3525 2413 3663 2488 πρὸς
3712 2433 3832 2468 τινα

2173 2502 2420 2583 μοναχὸν
2479 2500 2533 2558 ἐν
2590 2501 2802 2576 κελλίῳ
2854 2503 3217 2576 καθεζόμενον
3271 2504 3357 2575 [Ρ.
3406 2503 3533 2576 340]
3590 2498 3830 2573 πλησίον

2167 2594 2278 2646 τῶν
2332 2590 2670 2666 προαστείων
2729 2589 3388 2653 Κωνσταντινουπόλεωςο
3446 2591 3506 2646 ’ὸν
3565 2590 3593 2645 6
3648 2591 3825 2666 γέρων

2168 2676 2374 2754 ἐπέγνω
2430 2679 2553 2752 μὲν,
2610 2677 2822 2751 ἐδέξατο
2880 2676 2938 2735 δὲ
3003 2680 3079 2743 ὠς
3132 2678 3229 2735 ἓνα
3281 2683 3392 2735 τῶν
3452 2681 3829 2753 στρατιωτῶν.

2169 2769 2284 2824 Τοῦ
2309 2764 2366 2823 δὲ
2398 2766 2668 2843 βασιλέως
2697 2767 2756 2824 ἐκ
2776 2775 2874 2840 τῆς
2907 2765 3040 2824 ὀδοῦ
3068 2767 3158 2824 καὶ
3210 2771 3309 2823 τοῦ
3368 2766 3646 2831 καύσωνος
3698 2765 3823 2822 ὄλι-

2166 2857 2517 2933 γωρήσαντος
2563 2853 2771 2933 ἔϐρεξεν
2830 2856 3028 2932 ἄρτους
3059 2859 3087 2913 6
3115 2856 3307 2933 γέρων,
3362 2857 3449 2912 καὶ
3497 2854 3682 2925 βαλὼν
3706 2855 3829 2927 ὅξος

2167 2947 2258 3004 καὶ
2288 2946 2470 3006 ἔλαιον
2524 2947 2717 3029 ἔφαγεν
2746 2951 2776 3007 6
2835 2948 3097 3021 βασιλεὺς
3153 2950 3245 3004 καὶ
3302 2945 3449 3005 ἔπιεν
3503 2945 3672 3025 ὕδωρ.
3723 2948 3827 3005 Καὶ

2168 3059 2331 3116 φησιν
2362 3040 2389 3095 6
2424 3038 2699 3115 βασιλεὺς.
2724 3037 2891 3102 Οἶδας
2913 3040 2995 3102 τίς
3026 3037 3164 3112 εἶμι,
3196 3038 3371 3113 Πάτερ
3414 3055 3429 3107 ;
3472 3039 3533 3095 Ὀ
3563 3036 3622 3094 δὲ
3655 3057 3826 3112 μονα-

2168 3127 2271 3205 χὸς
2303 3128 2450 3183 εἶπεν
2480 3128 2538 3185 '0
2568 3128 2696 3191 Θεὸς
2727 3126 2844 3184 οἶδέ
2897 3149 2975 3184 σε.
3010 3128 3114 3185 Καὶ
3146 3128 3174 3182 6
3207 3125 3466 3202 βασιλεὺς
3487 3123 3615 3202 ἔφη’
3678 3125 3824 3200 Ἐγώ

2167 3219 2282 3290 ειμι
2313 3213 2599 3280 Θεοδόσιος
2629 3218 2658 3272 6
2707 3216 2984 3291 βασιλεὺς.
3043 3217 3148 3274 Καὶ
3205 3217 3433 3278 ἀναστὰς
3486 3214 3643 3278 εὐθύς
3671 3215 3700 3270 6
3729 3215 3823 3290 γέ-

2167 3325 2276 3377 ρων
2321 3305 2720 3380 προσεκύνησεν
2750 3303 2917 3379 αὐτῷ.
2974 3308 3139 3362 Εἶπεν
3199 3305 3290 3360 οὖν
3333 3305 3361 3359 6
3398 3300 3677 3380 βασιλεύς·
3709 3308 3827 3359 Μα-

402 3394 497 3449 chi
532 3395 692 3463 estis,
726 3411 1007 3451 curarum
1065 3395 1246 3467 hujus
1302 3394 1511 3451 mundi
1544 3395 1728 3450 vacui.
1769 3397 1913 3451 Vere
1946 3395 2055 3451 tibi

2167 3395 2345 3470 κάριοι
2383 3396 2474 3450 καὶ
2501 3394 2897 3472 τρισμακάριοί
2930 3395 3050 3451 ἐστε
3101 3393 3274 3456 ὅντως
3332 3394 3489 3469 ὑμεῖς
3546 3394 3599 3449 οἱ
3652 3412 3824 3467 μονα-

405 3482 662 3553 afﬂrmo,
694 3485 888 3553 Pater,
921 3500 1227 3555 nunquam
1262 3501 1356 3540 me
1388 3485 1452 3539 in
1482 3500 1614 3540 meo
1646 3484 1865 3557 palatio
1888 3489 2055 3541 tanta

405 3587 541 3627 cum
557 3571 854 3644 voluptate
885 3570 1083 3627 cibum
1113 3589 1181 3629 ac
1202 3578 1408 3645 potum
1440 3572 1782 3645 sumpsisse.
1809 3574 2053 3629 Interim

404 3658 724 3715 multitudo
771 3661 1129 3732 supervenit.
1175 3662 1440 3734 Cumque
1497 3661 1820 3734 imperator
1846 3679 2055 3719 mona-

402 3749 582 3806 chum
614 3750 675 3805 in
704 3757 1023 3823 conspectu
1053 3752 1321 3808 omnium
1351 3757 1666 3808 veneratus
1697 3753 1826 3825 ejus
1856 3754 2051 3826 preci-

394 3837 508 3894 bus
589 3839 893 3895 universos
964 3841 1459 3907 commendasset,
1548 3840 1822 3897 discessit
1876 3842 2053 3897 salvis

397 3926 599 3996 rebus,
632 3932 691 3983 et
722 3928 794 3983 ab
825 3945 895 3984 eo
925 3933 1193 4002 tempore
1222 3929 1585 3986 monachum
1618 3929 1797 3984 istum
1840 3929 1900 3984 in
1944 3930 2050 3986 ho-

400 4032 547 4071 nore
578 4016 804 4073 habuit.
837 4019 1055 4075 Verum
1076 4019 1126 4075 is
1156 4018 1294 4092 fuga
1321 4036 1384 4074 se
1403 4018 1682 4075 subduxit
1712 4019 1853 4075 etin
1885 4020 2051 4092 Aigy-

397 4109 567 4175 ptum
597 4106 792 4161 rediit.

472 4372 553 4425 Eo
614 4374 879 4443 tempore
928 4373 1109 4429 etiam
1141 4390 1392 4446 magnus
1429 4374 1529 4431 ille
1560 4375 1841 4447 Symeon,
1875 4375 1977 4448 qui
2017 4391 2053 4431 a

405 4458 686 4515 columna
723 4460 962 4532 Stylites
1019 4463 1382 4531 nominatur,
1439 4464 1688 4537 gloriam
1738 4465 2049 4520 hominum

395 4546 652 4619 fugiens,
682 4548 1021 4607 columnam
1052 4552 1416 4608 conscendit.
1450 4554 1595 4609 Cum
1626 4554 1787 4609 enim
1815 4553 1889 4609 ad
1913 4569 2049 4609 eum

396 4635 572 4691 multi
602 4638 874 4695 venirent
901 4641 1301 4714 pelliceasque
1333 4643 1463 4716 ejus
1493 4648 1683 4699 vestes
1717 4659 1895 4699 nemo
1925 4659 2048 4698 non

396 4728 636 4799 tangere
668 4734 930 4801 cuperet,
964 4730 1304 4789 columnam
1350 4730 1716 4788 conscendit.
1748 4730 2047 4804 Principio
2081 4763 2123 4828 ο

400 4815 641 4887 quidem
673 4834 806 4874 eam
836 4836 940 4876 sex
970 4819 1306 4877 cubitorum
1365 4820 1493 4876 ﬁeri
1516 4820 1722 4892 jussit,
1781 4820 1919 4877 inde
1975 4820 2049 4877 ad

396 4904 735 4977 duodecim,
768 4914 902 4980 post
931 4910 1004 4965 ad
1027 4911 1228 4984 viginti
1260 4910 1399 4978 duo,
1418 4910 1676 4982 denique
1706 4910 1779 4966 ad
1810 4910 2052 4983 triginta

395 5010 497 5050 sex
526 4995 756 5053 cubitos
780 4997 971 5056 educi.
995 5000 1137 5072 Ejus
1164 4999 1481 5055 stationem
1505 4998 1776 5054 existimo
1797 5014 1832 5055 a
1851 4999 2053 5055 divina

394 5083 769 5153 providentia
822 5086 1009 5143 fuisse
1055 5088 1408 5161 ignoratam,
1469 5103 1600 5158 quas
1648 5087 2051 5159 ignavioribus

395 5172 529 5228 usui
550 5172 721 5229 foret.
759 5174 922 5231 Sicut
950 5177 1105 5232 Deus
1162 5181 1222 5232 et
1248 5175 1463 5232 Isaiam
1517 5173 1746 5231 nudum
1801 5192 1870 5232 ac
1921 5175 2049 5233 sine

398 5259 613 5317 calceis
633 5264 784 5320 597
820 5264 1099 5321 incedere
1121 5266 1325 5338 jussit,
1358 5271 1419 5321 et
1440 5263 1756 5321 Jeremiam
1790 5263 2050 5337 subliga-

397 5349 530 5405 culo
561 5351 797 5412 lumbos
827 5358 1162 5414 succintum
1183 5358 1510 5427 vaticinari,
1534 5357 1856 5429 aliquando
1870 5357 2050 5413 etiam

2162 3481 2280 3560 χοὶ,
2312 3484 2404 3539 καὶ
2430 3484 2727 3560 ἀμέριμνοι
2766 3489 2864 3540 τοῦ
2921 3485 3154 3557 κόσμου.
3218 3484 3339 3541 Ἐπ’
3387 3481 3649 3555 ἀληθείας
3683 3481 3829 3556 λέγω

2161 3593 2268 3645 σοι,
2299 3573 2500 3649 Πάτερ.
2533 3574 2616 3629 ὅτι
2675 3573 2729 3629 ἐν
2770 3578 2852 3646 τῷ
2881 3572 3134 3648 παλατίῳ
3193 3572 3503 3649 ἐγεννήθην,
3534 3571 3624 3627 καὶ
3667 3568 3824 3626 οὐδέ-

2160 3681 2297 3717 ποτε
2344 3663 2459 3736 μετ’
2506 3659 2720 3733 ἡδονῶν
2780 3662 3074 3734 ἆπήλαυσα
3145 3661 3403 3738 βρώσεως
3460 3660 3552 3716 καὶ
3608 3659 3824 3723 πὸσεως

2160 3751 2340 3816 καθὼς
2364 3754 2630 3827 σήμερον.
2668 3755 2776 3808 Τοῦ
2808 3748 2865 3807 δὲ
2897 3756 3034 3807 λαοῦ
3064 3750 3388 3832 φθάσαντος,
3428 3751 3517 3805 καὶ
3576 3747 3820 3805 ἐπώπιον

2161 3841 2379 3897 πάντων
2447 3842 2787 3915 ἀξιοπρεπῶς
2869 3843 3199 3915 τιμήσαντος
3265 3840 3359 3895 τὸν
3418 3838 3667 3915 γέροντα,
3723 3836 3819 3894 καὶ

2160 3931 2364 3993 πάντας
2396 3931 2690 4004 ἀξιωθῆναι
2741 3936 2843 4001 τῆς
2895 3928 3064 4007 εύχῆς
3117 3928 3283 3985 αὐτοῦ
3339 3926 3692 3991 κελεύσαντος
3719 3930 3820 3982 τοῦ

2164 4017 2458 4095 βασιλέως,
2515 4018 2862 4095 ἀνεχώρησεν
2919 4018 2997 4082 εἷς
3039 4020 3139 4089 τήν
3170 4016 3294 4073 ὁδὸν
3326 4015 3494 4073 αἶ)τοῦ
3527 4018 3643 4091 μετ’
3672 4015 3821 4093 εἷρή-

2159 4129 2280 4180 νης.
2314 4108 2417 4166 Καὶ
2447 4106 2649 4185 ἤρξατο
2680 4108 2786 4164 ἀπὸ
2838 4107 2964 4165 τότε
3019 4112 3182 4181 τιμᾷν
3250 4106 3411 4163 αὐτὸν
3474 4107 3501 4162 6
3530 4106 3813 4183 βασιλεὺς.

2161 4198 2222 4256 Ὀ
2254 4196 2311 4253 δὲ
2339 4197 2511 4275 γέρων
2572 4197 2801 4261 ἀναστὰς
2858 4192 3019 4279 ἔφυγε
3050 4197 3142 4253 καὶ
3200 4195 3366 4253 πάλιν
3425 4194 3668 4266 ἀπῆλθεν
3735 4194 3819 4257 είς

2160 4287 2439 4362 Δῖγυπτον
2451 4330 2464 4344 .

2230 4376 2319 4433 Ἐν
2372 4380 2490 4439 τοῖς
2567 4374 2794 4451 χρόνοις
2852 4374 3070 4438 τούτοις
3120 4375 3212 4431 καὶ
3244 4375 3272 4430 ό
3306 4376 3472 4449 μέγας
3530 4371 3757 4445 Συμεὼν
3788 4372 3817 4426 6

2158 4460 2431 4532 Στυλίτης
2461 4455 2633 4531 ἐπέϐη
2664 4465 2745 4534 τῷ
2774 4461 2936 4533 κίονι,
2965 4461 3067 4531 τὴν
3127 4457 3284 4531 δόξαν
3342 4464 3455 4515 τῶν
3511 4458 3813 4533 ἀνθρώπων

2158 4549 2394 4627 φεύγων·
2428 4549 2639 4606 Πολλοὶ
2665 4550 2771 4628 γὰρ
2818 4549 2896 4614 είς
2959 4548 3119 4605 αὐτὸν
3174 4548 3563 4623 ἀφικνούμενοι
3611 4544 3813 4617 ἤθελον

2156 4639 2348 4702 πάντες
2398 4637 2589 4713 ψαύειν
2644 4644 2753 4693 τῶν
2821 4636 3161 4715 δερματίνων
3217 4634 3430 4694 ἐλείνου
3478 4632 3810 4709 ἐνδυμάτων.

2156 4729 2261 4785 Καὶ
2291 4732 2508 4803 πρῶτον
2563 4727 2658 4801 μὲν
2713 4723 2765 4799 ἔξ
2820 4730 3050 4803 πήχεων
3116 4725 3364 4783 ἐκέλευσε
3421 4725 3669 4803 γενέσθαι
3717 4723 3811 4779 τὸν

2156 4818 2329 4885 κίονα,
2362 4818 2479 4873 εἶτα
2520 4813 2753 4888 δώδεκα,
2802 4816 2895 4872 καὶ
2955 4817 3092 4890 μετᾶ
3145 4820 3313 4872 ταῦτα
3366 4814 3536 4871 εἴκοσι
3568 4811 3686 4882 δύο,
3716 4816 3809 4869 νῦν

2159 4903 2217 4962 δὲ
2251 4905 2616 4979 τριακονταέξ.
2649 4907 2748 4964 Ἦν
2802 4904 2902 4961 οὐκ
2948 4906 3069 4961 ἄνευ
3128 4912 3227 4976 τῆς
3293 4903 3437 4970 θείας
3493 4901 3813 4976 οἰκονομίας

2160 4990 2538 5069 ὒπολαμϐάνω
2594 4994 2831 5071 γενέσθαι
2883 4996 2984 5066 τήν
3041 4995 3247 5065 στάσιν,
3307 4990 3577 5061 ὡφελείας
3631 4988 3809 5047 ἕνεκεν

2158 5090 2267 5142 τῶν
2322 5083 2732 5161 ῥᾳθυμοτέρων,
2792 5082 2973 5160 ὥσπερ
3031 5084 3121 5141 καὶ
3173 5085 3266 5140 τὸν
3324 5081 3549 5140 Ἡσαΐαν
3598 5080 3809 5156 γυμνὸν

2159 5173 2251 5231 καὶ
2308 5173 2637 5231 ἀνυπόδετον
2699 5174 2914 5250 βαδίσαι
2972 5172 3265 5250 προσέταξε
3295 5215 3311 5240 ,
3356 5172 3448 5228 καὶ
3503 5171 3597 5227 τὸν
3655 5170 3817 5245 Ἰερε-

2167 5263 2293 5339 μίαν
2350 5263 2636 5339 περίζωμα
2677 5265 2747 5336 τῇ
2809 5261 2974 5341 ὀσφύϊ
3034 5263 3335 5337 περιθεῖναι
3358 5260 3449 5317 καὶ
3506 5258 3650 5315 οὓτω
3679 5276 3813 5332 προ-

2165 5352 2436 5432 φητεύειν,
2464 5351 2553 5408 καὶ
2583 5349 2787 5408 ἄλλοτε
2813 5351 3037 5415 κλοιοὺς
3096 5349 3346 5421 ξυλίνους
3401 5350 3492 5405 καὶ
3550 5344 3814 5422 σιδηροῦς

1594 5482 1962 5539 XYLANDRI
2002 5482 2089 5537 ET
2129 5480 2345 5537 GOABI
2383 5479 2605 5535 NOTAE.

470 5612 590 5682 (61)
622 5614 789 5671 Oasis
822 5616 883 5672 in
927 5620 1142 5677 Arabia
1173 5627 1280 5678 est.
1312 5624 1586 5677 Zonaras.
1617 5621 1754 5675 XYL.
