4170 6204
318 315 437 377 649

1419 317 1978 383 HISTORIARUM
2022 314 2563 380 GOMPENDIUM.

3607 329 3729 389 660

313 444 633 523 περιϐαλεῖν
664 454 746 522 τῷ
775 450 1072 526 τραχήλῳ,
1113 451 1203 507 καὶ
1229 456 1311 525 τῷ
1358 454 1521 523 Ὦσηὶ
1564 457 1790 529 γυναῖκα
1841 452 1965 525 πόρ-

2082 452 2359 509 numellis
2391 452 2601 525 ligneis
2631 468 2699 508 ac
2728 454 2940 508 terreis
2969 452 3190 509 collum
3238 455 3627 517 circumdare.
3660 464 3731 518 Et

316 558 415 606 νην
449 532 635 592 λαϐεῖν
665 537 754 593 καὶ
784 538 954 594 πάλιν
983 539 1261 614 ἀγαπῆσαι
1319 541 1565 614 πονηρὰν
1619 545 1847 618 γυναῖκα
1883 540 1972 594 καὶ

321 623 652 701 μοιχαλίδα,
682 625 772 681 καὶ
803 628 895 682 τὸν
927 626 1181 698 Ἐζεκιήλ
1221 628 1310 684 ἰπὶ
1362 650 1460 685 του
1507 626 1684 699 δεξιοῦ
1734 626 1976 702 πλευροῦ

316 716 531 790 ἡμέρας
562 716 616 787 μ’
656 715 747 770 καὶ
801 715 890 772 ἐπὶ
954 721 1053 771 τοῦ
1109 717 1393 793 ἀριστεροῦ
1452 719 1522 793 ρν’
1577 715 1973 786 κατακλιθῆναι

316 800 409 858 καί
448 801 604 867 αῦθίς
641 800 882 879 διορύξαι
911 805 1003 861 τὸν
1034 809 1228 881 τοῖχον
1258 805 1350 862 καὶ
1395 811 1608 884 φυγεῖν,
1656 805 1746 860 καὶ
1794 802 1972 879 αῗχμ-

315 889 563 947 αλωσίαν
618 894 793 966 ἑαυτῷ
851 890 1166 969 διαγράψαι,
1225 894 1316 951 καὶ
1395 894 1602 951 ἄλλοτε
1685 893 1744 949 δὲ
1816 892 1971 972 ξίφος

315 979 391 1042 εἰς
423 982 606 1055 ἀκμὴν
636 983 943 1056 παραθῆξαι
974 983 1064 1038 καὶ
1125 982 1383 1057 ξύρασθαι
1429 983 1606 1057 τούτῳ
1654 984 1754 1052 τήν
1806 1003 1970 1058 κεφα-

313 1068 419 1139 λὴν
455 1071 546 1128 καὶ
575 1079 817 1148 τετραχῆ
850 1073 949 1135 τὰς
977 1072 1176 1149 τρίχας
1207 1070 1429 1130 διελεῖν.
1461 1073 1564 1130 Καὶ
1588 1075 1677 1129 ἳνα
1701 1074 1776 1147 μὴ
1800 1074 1971 1127 πάντα

313 1158 481 1233 λέγω,
544 1161 793 1236 γενεσθαι
848 1162 1057 1217 τούτων
1116 1159 1341 1219 ἕκαστον
1398 1163 1754 1238 προσέταττεν
1785 1162 1814 1216 6
1863 1165 1970 1216 τῶν

312 1246 498 1325 λόγων
540 1251 805 1322 πρύτανις
833 1249 962 1313 τοὺς
994 1248 1151 1325 λόγῳ
1206 1252 1283 1325 μὴ
1342 1250 1701 1326 πεεθομένους
1746 1255 1828 1324 τῷ
1868 1258 1967 1321 τῆς

310 1337 551 1411 θεωρίας
612 1336 901 1413 παραδόξῳ
988 1338 1297 1416 συλλέγων.
1354 1341 1425 1395 Τὸ
1481 1342 1581 1415 γὰρ
1636 1341 1819 1396 καινὸν
1868 1344 1967 1395 τοῦ

309 1427 582 1498 θεάματος
622 1426 881 1502 ἐνέχυρον
941 1427 1246 1504 ἀξιόχρεων
1299 1428 1506 1504 γίνεται
1562 1433 1661 1485 τοῦ
1711 1425 1968 1504 διδάγμα-

306 1535 423 1577 τος.
458 1516 711 1591 Καθάπερ
751 1517 855 1593 γὰρ
915 1516 993 1580 είς
1054 1514 1283 1592 λυχνίαν
1342 1517 1514 1582 τεθεὶς
1581 1518 1610 1573 6
1667 1516 1965 1592 φανότατος

310 1607 470 1668 οῦτος
501 1603 727 1680 λύχνος,
758 1606 787 1660 6
823 1605 993 1681 μέγας
1034 1603 1252 1677 δηλαδή
1293 1606 1544 1676 Συμεὼν,
1594 1605 1759 1677 ἡλίου
1808 1602 1964 1676 δίκην

306 1692 571 1749 πάντοθεν
602 1694 699 1756 τὰς
738 1695 959 1758 ἀκτῖνας
1016 1693 1307 1769 ἐξέπεμψε,
1354 1697 1445 1751 καὶ
1500 1696 1569 1765 ἧν
1627 1691 1764 1751 ΐδεῖν
1808 1689 1964 1766 ’16η-

309 1800 406 1857 ρας
466 1783 557 1837 καὶ
611 1784 936 1860 Ἀρμενίους
990 1786 1079 1841 καὶ
1141 1784 1346 1862 Πέρσας
1430 1785 1521 1840 καὶ
1603 1783 1958 1857 Ἰσμαηλίτας

308 1871 577 1947 ὁσημέραι
603 1872 1026 1951 άτρικνουμένοκς
1080 1874 1171 1930 καὶ
1226 1879 1325 1930 τοῦ
1377 1874 1524 1938 θείου
1585 1872 1957 1950 βαπτίσματος

308 1958 710 2025 ἀπολαύοντας.
777 1962 1060 2035 Τασαύτην
1110 1962 1201 2019 οῦν
1247 1964 1346 2033 τήν
1394 1964 1558 2042 χάριν
1591 1964 1620 2018 6
1655 1965 1955 2037 θαυμάσιος

309 2048 387 2112 εἷς
419 2051 504 2122 [Ρ.
539 2053 666 2124 341]
694 2051 867 2107 πάντα
914 2054 980 2108 τὰ
1026 2048 1152 2124 ἔθνη
1212 2051 1506 2127 ἐξέπεμψεν
1557 2049 1696 2107 ὣστε
1738 2051 1807 2108 τὰ
1849 2056 1957 2107 τῶν

310 2138 582 2212 πατρῴων
615 2140 750 2194 θεῶν
798 2138 1002 2213 εἴδῳλα
1056 2141 1162 2215 πρὸ
1216 2145 1314 2196 τοῦ
1366 2139 1547 2203 κίονος
1603 2139 1808 2196 ἐκείνου
1859 2144 1956 2196 τοῦ

312 2226 460 2283 θείου
486 2225 721 2301 ἃγοντας
749 2223 1066 2304 συντρίϐειν,
1111 2231 1215 2299 τὴν
1264 2228 1321 2286 δὲ
1367 2229 1602 2305 καθαράν
1655 2229 1747 2286 καὶ
1798 2229 1957 2303 ἀμώ-

317 2338 491 2391 μητον
525 2320 687 2391 ἡμῶν
723 2322 829 2375 τῶν
870 2323 1214 2396 Χριστιανῶν
1261 2319 1443 2377 πίστιν
1490 2319 1595 2376 ὑπὸ
1634 2324 1733 2376 τοῦ
1792 2321 1957 2397 μεγά-

316 2419 417 2463 Αου
475 2413 772 2484 Συμεῶνος
803 2408 1234 2482 ἐκπαιδεύεσθαι,
1278 2409 1370 2467 διὰ
1397 2410 1628 2468 πολλῶν
1665 2412 1954 2485 θαυμάτων

310 2499 403 2555 καὶ
439 2499 705 2575 μεγίστων
734 2499 1026 2576 τεραστίων
1058 2501 1286 2565 τούτους
1332 2500 1538 2578 ἐνάγων
1584 2500 1661 2564 εἰς
1707 2502 1808 2572 τὴν
1855 2504 1958 2556 τοῦ

311 2591 554 2663 Χριστοῦ
582 2586 881 2646 πολιτείαν.
915 2590 1158 2653 Εῗκότως
1200 2590 1293 2646 οῦν
1342 2585 1528 2666 ἔλεγεν
1559 2591 1588 2645 6
1619 2589 1841 2665 Κύριος
1896 2590 1958 2646 Ὀ

310 2676 576 2732 πιστεύων
645 2676 724 2741 εἷς
782 2678 901 2752 ὶμὶ,
958 2680 1027 2734 τά
1070 2676 1201 2756 ἔργα
1258 2681 1291 2736 ἄ
1355 2677 1467 2758 ἐγὼ
1521 2683 1668 2735 ποιῶ
1715 2677 1956 2741 κάκεῖνος

309 2769 552 2837 ποιήσει,
606 2767 696 2823 καὶ
755 2768 984 2841 μείζονα
1046 2768 1255 2825 τούτων
1315 2770 1556 2841 ποιήσει’
1623 2766 1682 2831 ὅς
1736 2771 1807 2841 τῇ
1861 2771 1960 2823 τοῦ

310 2856 468 2932 ἁγίου
520 2855 830 2929 Πνεύματος
882 2855 1053 2934 αἴγλῃ
1115 2855 1613 2931 καταλαμπόμενος
1669 2855 1760 2911 καὶ
1827 2877 1957 2912 πανο

311 2942 490 3018 ταχοῦ
508 2944 607 3009 τὰς
632 2950 732 3014 τῆς
785 2945 1013 3024 χάριτος
1066 2945 1287 3010 ἀκτῖνας
1339 2943 1633 3019 ἐκπέμπων
1687 2945 1822 3001 κατὰ
1867 2944 1960 3000 τὸν

317 3029 481 3107 μέγαν
516 3033 819 3090 Βασίλειον.
853 3033 999 3104 Φησὶ
1047 3033 1172 3111 γάρ’
1222 3037 1428 3110 ’Ὠσπερ
1474 3035 1541 3090 τὰ
1590 3034 1820 3110 λαμπρὰ
1869 3033 1960 3090 καὶ

314 3118 548 3199 διαφανῆ
604 3126 713 3178 τῶν
770 3123 1039 3197 σωμάτων
1097 3123 1316 3186 ἀκτῖνος
1371 3123 1559 3186 αὐτοῖς
1615 3122 1957 3196 ἐμπεσούσης

2083 542 2247 596 Oseaa
2275 542 2580 599 mandavit
2608 548 2675 598 ut
2730 544 3105 599 meretricem
3170 562 3420 604 uxorem
3463 550 3727 623 duceret,

2080 646 2149 685 ac
2174 648 2413 701 pravam
2435 636 2494 687 et
2512 631 2845 689 adulteram
2866 649 3113 689 uxorem
3135 642 3363 692 amaret
3385 654 3399 691 :
3421 640 3727 699 Ezechielo

2079 724 2146 773 ut
2176 719 2237 775 in
2267 719 2475 776 dextro
2506 721 2691 777 latere
2748 721 3141 795 quadraginta
3184 724 3333 793 dies,
3374 726 3439 781 in
3485 729 3725 787 sinistro

2079 813 2319 864 centum
2350 809 2781 882 quinquaginta
2821 810 3215 879 recumberet,
3270 829 3631 888 rursumque
3662 822 3729 874 ut

2077 897 2417 967 perfoderet
2443 915 2681 953 murum
2713 915 2780 953 ac
2810 898 3058 970 fugeret,
3091 899 3323 971 sibique
3347 901 3461 974 ipsi
3479 905 3724 976 captivi-

2077 990 2260 1041 tatem
2291 986 2682 1052 describeret;
2710 986 2978 1058 aliasque
3009 987 3272 1060 gladium
3297 1006 3508 1047 acuere
3531 1009 3723 1065 eoque

2077 1080 2256 1146 caput
2286 1075 2517 1144 radere,
2548 1081 2606 1131 et
2635 1075 2833 1131 crines
2863 1075 3285 1146 quadrifariam
3327 1078 3611 1137 dividere.
3641 1084 3724 1137 Ac

2076 1179 2153 1218 ne
2169 1164 2371 1219 omnia
2391 1164 3034 1235 referam,gubernator
3064 1165 3352 1221 orationis
3373 1167 3500 1223 haec
3521 1170 3724 1227 omnia

2074 1250 2205 1305 fieri
2228 1251 2430 1323 jussit,
2462 1257 2528 1307 ut
2556 1251 2655 1322 qui
2687 1269 2810 1307 non
2832 1258 3109 1323 parerent
3138 1252 3414 1321 orationi,
3448 1255 3490 1309 ii
3507 1257 3719 1313 saltem

2072 1336 2353 1397 inusitato
2374 1340 2712 1412 spectaculo
2743 1339 3148 1410 allicerentur,
3163 1340 3333 1412 cujus
3349 1342 3579 1398 novitas
3594 1343 3721 1398 suf-

2072 1425 2279 1481 ﬁciens
2311 1432 2400 1481 est
2429 1426 2714 1481 doctrinm
2745 1426 2977 1499 pignus.
3010 1427 3100 1482 Ita
3144 1426 3398 1498 Symeon
3446 1427 3549 1483 ille
3590 1446 3713 1484 ma-

2069 1533 2219 1588 gnus
2248 1516 2425 1571 veluti
2453 1517 2659 1572 lumen
2690 1515 3242 1589 splendidissimum
3272 1518 3336 1573 in
3357 1518 3714 1575 candelabro

2066 1606 2327 1678 positum
2359 1606 2501 1662 solis
2530 1608 2720 1662 instar
2742 1608 2940 1664 radios
2970 1625 3109 1664 suos
3156 1609 3218 1663 in
3261 1626 3470 1665 omnes
3517 1615 3715 1682 partes

2068 1694 2400 1762 emittebat;
2426 1695 2759 1767 licebatque
2782 1697 2979 1753 videre
3004 1697 3715 1767 lberos,Armenios,Per-

2070 1800 2165 1839 sas
2196 1790 2253 1839 et
2280 1784 2608 1841 lsmaelitas
2638 1786 2903 1858 quotidie
2935 1787 3239 1843 venientes
3269 1804 3339 1843 ac
3369 1805 3536 1844 sacro
3566 1788 3714 1861 bap-

2054 1874 2242 1929 .tismo
2273 1875 2589 1946 potientes.
2622 1878 2870 1933 Tantum
2918 1895 3095 1949 porro
3148 1879 3350 1950 gratim
3404 1880 3466 1935 in
3522 1880 3713 1937 varias

2062 1962 2334 2035 regiones
2363 1963 2575 2020 beatus
2600 1965 2701 2021 ille
2730 1966 3113 2039 propagabat,
3146 1972 3213 2023 ut
3242 1968 3490 2025 deorum
3521 1974 3716 2041 pater-

2062 2067 2276 2106 norum
2307 2052 2630 2110 simulacra
2658 2055 2733 2110 ad
2763 2055 3106 2112 columnam
3137 2057 3266 2128 ejus
3298 2057 3556 2114 adducta
3576 2074 3714 2113 con-

2061 2140 2368 2215 fregerint,
2400 2144 2560 2200 etab
2601 2162 2670 2200 eo
2728 2163 2937 2219 puram
2994 2146 3477 2219 inculpatamque
3527 2147 3706 2204 ﬁdem

2061 2230 2455 2288 Christianam
2485 2232 2679 2289 edocti
2701 2234 2837 2290 sint.
2869 2236 3013 2290 Nam
3044 2252 3147 2290 eos
3175 2236 3380 2293 multis
3402 2236 3706 2295 miraculis

2063 2337 2133 2376 eo
2152 2320 2534 2393 perducebat.
2558 2324 2736 2378 Recte
2758 2325 2958 2395 itaque
2980 2324 3160 2380 habet
3185 2325 3403 2381 Christi
3434 2325 3659 2381 dictum
3684 2342 3698 2379 :

2063 2411 2173 2476 Qui
2202 2411 2265 2467 in
2293 2429 2390 2469 me
2421 2413 2629 2481 credit,
2655 2431 2787 2470 mea
2815 2431 3052 2486 quoque
3074 2430 3275 2486 opera,
3304 2416 3451 2471 etiis
3472 2415 3702 2487 majora

2062 2499 2438 2571 praestabit".
2471 2501 2525 2556 Is
2556 2517 2694 2571 ergo
2725 2502 2980 2573 Symeon
3034 2501 3262 2575 fulgore
3309 2502 3463 2559 598
3513 2502 3703 2557 sancti

2064 2587 2316 2660 Spiritus
2346 2589 2676 2645 illustratus
2702 2589 3089 2661 undiquaque
3111 2606 3251 2646 suos
3282 2589 3458 2662 ejecit
3484 2590 3706 2660 radios,

2065 2677 2363 2749 quomodo
2393 2677 2647 2735 Basilius
2674 2678 2940 2749 loquitur
2964 2677 3060 2733 his
3084 2677 3299 2748 verbis,
3314 2678 3708 2744 Quemadmo-

2066 2767 2209 2823 dum
2240 2766 2555 2839 splendida
2574 2772 2632 2823 et
2648 2767 2966 2839 perspicua
2984 2783 3233 2839 corpora
3247 2767 3430 2823 radiis
3447 2766 3712 2823 inciden-

2067 2855 2228 2911 tibus
2259 2860 2316 2912 et
2354 2857 2484 2928 ipsa
2532 2855 2912 2911 illustrantur
2963 2860 3024 2911 et
3073 2871 3290 2911 novum
3345 2855 3532 2912 edunt
3567 2872 3603 2912 a
3647 2872 3712 2911 se

2067 2942 2466 3014 splendorem,
2491 2942 2575 2997 sic
2592 2946 2653 2997 et
2671 2941 2914 3014 Spiritui
2936 2941 3279 3014 recipiendo
3301 2947 3451 3014 aptas
3472 2941 3710 3009 animai,

2067 3048 2103 3087 a
2131 3032 2351 3104 Spiritu
2382 3031 2754 3100 illuminataa,
2788 3047 2922 3088 cum
2954 3032 3097 3103 ipsa:
3150 3032 3304 3087 ﬁunt
3349 3030 3712 3104 spirituales,

2072 3126 2197 3178 tum
2227 3120 2477 3194 gratiam
2507 3120 2638 3193 ejus
2660 3136 2794 3175 cum
2816 3119 2951 3176 aliis
2972 3120 3433 3177 communicant.
3457 3120 3601 3176 Inde
3620 3120 3713 3175 fu-

314 3186 451 3267 αὐτά
476 3186 765 3286 τενγίνεται
821 3186 1147 3288 περιλαμπῆ
1213 3214 1301 3268 καὶ
1353 3213 1537 3288 ἑτέραν
1596 3186 1772 3287 αύγὴν
1833 3186 1963 3266 ἀπο-

2076 3215 2343 3266 turorum
2382 3209 2690 3281 praasagia,
2743 3209 3078 3265 intellectus
3124 3210 3567 3281 mysteriorum,
3615 3225 3717 3262 oc-

315 3294 551 3374 στίλϐει,
582 3299 758 3365 οὕτως
789 3302 845 3356 αἱ
900 3301 1341 3381 πνευματοφόροι
1390 3300 1566 3377 ψυχαὶ
1622 3299 1961 3377 ἰλλαμφθεῖ-

317 3409 404 3444 σαι
462 3389 609 3465 παρᾶ
657 3393 757 3446 τοῦ
816 3391 1125 3464 Πνεύματος
1196 3388 1351 3446 αὐταί
1426 3410 1487 3445 τε
1567 3388 1963 3445 ἀποτελοῦνται

316 3480 676 3553 πνευματικαὶ
709 3479 801 3535 καὶ
860 3478 937 3543 εἷς
993 3478 1206 3555 ἑτέρους
1252 3480 1352 3548 τὴν
1407 3480 1571 3558 χάριν
1631 3478 1964 3550 ἱξαποστέλ-

318 3564 531 3628 λουσιν.
581 3570 853 3626 Ἐντεῦθεν
908 3568 1229 3643 μελλόντων
1266 3570 1593 3646 πρόγνωσις,
1646 3569 1964 3645 μυστηρίων

2073 3299 2368 3355 cultorum
2399 3298 2876 3372 comprehensio,
2901 3298 3192 3355 donorum
3217 3297 3578 3366 distributio,
3602 3297 3719 3352 vita

2075 3386 2352 3460 cmlestis,
2385 3387 2617 3444 choreaa
2646 3404 2780 3446 cum
2811 3386 3058 3460 angelis,
3081 3387 3384 3443 infinitum
3410 3386 3716 3460 gaudium,

2073 3477 2137 3532 in
2166 3478 2284 3533 Deo
2306 3476 2807 3549 permansio,cum
2829 3478 2946 3533 Deo
2964 3474 3604 3549 similitudo,perl‘ectio
3620 3490 3720 3546 ap-

2075 3567 2317 3638 petitus,
2350 3565 2481 3621 lieri
2514 3567 2700 3622 Deum
2731 3566 2890 3636 quod
2918 3566 2994 3621 ad
3022 3566 3295 3639 gratiam.

320 3657 554 3725 σύνεσις,
587 3654 981 3732 κεκρυμμένων
1048 3656 1380 3730 κατάληψις,
1441 3657 1804 3736 χαρισμάτων
1862 3653 2121 3728 διανομὴ,
2181 3651 2244 3707 τὸ
2302 3650 2553 3727 οὐράνιον
2608 3650 2939 3723 πολίτευμα,
2978 3653 3006 3720 ἢ
3043 3653 3160 3725 μετ’
3207 3647 3456 3727 ἀγγέλων
3506 3669 3721 3727 χορειαι

320 3748 357 3816 ἡ
419 3742 786 3817 άτελεύτητος
836 3745 1164 3822 εὐφροσύνη,
1196 3748 1231 3815 ἡ
1264 3744 1318 3802 ἐν
1365 3750 1485 3818 θεῷ
1544 3742 1804 3819 διαμονή,
1836 3745 1873 3814 ἡ
1903 3741 2042 3817 πρὸς
2096 3739 2224 3798 Θεὸν
2285 3739 2577 3812 ὁμοίωσις,
2629 3739 2694 3794 τὸ
2750 3739 3047 3814 ἀκρότατον
3101 3744 3210 3795 τῶν
3270 3738 3528 3814 όρεκτῶν,
3591 3738 3720 3815 θεὸν

319 3835 565 3912 γενέσθαι
593 3834 729 3890 κατὰ
756 3833 864 3910 χάρ
875 3856 942 3892 ιν.

398 3925 550 3980 Μετὰ
577 3945 696 3979 τινα
724 3921 783 3979 δὲ
806 3924 1001 4001 παιρὸν
1030 3924 1059 3979 6
1091 3927 1239 3988 θεῖος
1268 3922 1473 3994 Δανιὴλ
1505 3923 1533 3978 ὁ
1578 3922 1631 3979 ἐν
1678 3928 1754 3996 τῷ
1809 3924 1972 3981 Ἀνά-

323 4011 455 4085 πλῳ
485 4017 626 4087 (62),
658 4014 985 4087 θεασάμενος
1022 4013 1113 4069 τὸν
1148 4013 1316 4088 μέγαν
1347 4014 1644 4086 Συμεώνην
1676 4012 1767 4069 καὶ
1826 4014 1974 4078 θείου

328 4102 504 4173 ζήλου
534 4102 799 4174 πλησθεὶς
827 4105 925 4172 τὴν
957 4099 1205 4178 καρδίαν,
1260 4101 1434 4158 ἐλθὼν
1495 4102 1547 4158 ἐν
1586 4107 1667 4176 τῷ
1718 4101 1975 4176 Ἀνάπλῳ

328 4187 497 4263 ἐπέϐη
527 4193 617 4247 καὶ
673 4191 835 4259 αὐτὸς
891 4196 972 4264 τῷ
1008 4189 1212 4263 στύλῳ,
1271 4190 1498 4247 πολλῶν
1552 4192 1641 4247 καὶ
1707 4190 1972 4268 μεγίστων

2152 3918 2470 3990 Aliquanto
2485 3921 2893 3990 posttempore
2915 3916 3148 3973 divinus
3183 3914 3457 3972 Danielus
3481 3916 3543 3971 in
3564 3917 3725 3971 Ana-

2082 4007 2181 4081 plo
2211 4025 2344 4064 cum
2367 4007 2614 4062 vidisset
2638 4022 2917 4080 magnum
2939 4005 3518 4078 Symeonem,divina
3539 4020 3727 4060 temu-

2084 4097 2304 4153 latione
2334 4097 2647 4169 instigatus
2677 4096 2801 4168 ipse
2823 4112 3060 4168 quoque
3079 4094 3418 4151 columnam
3438 4110 3727 4150 conscen-

2085 4187 2191 4256 dit,
2222 4186 2526 4257 multaque
2557 4190 2618 4241 et
2643 4186 2902 4241 maxima
2922 4185 3109 4242 edidit
3126 4184 3435 4241 miracula.
3450 4186 3728 4239 Perman-

331 4280 623 4355 θαυμάτων
657 4280 959 4356 αὐτουργὸς
1011 4280 1325 4383 γενόμενος,
1385 4276 1639 4355 διήρκεσε
1683 4277 1741 4335 δὲ
1790 4278 1843 4334 ἐν
1891 4284 1965 4353 τῷ

2084 4277 2162 4332 sit
2180 4276 2241 4331 in
2260 4277 2540 4332 columna
2560 4291 2748 4347 usque
2767 4275 2842 4330 ad
2861 4280 3138 4347 quartum
3150 4291 3375 4332 annum
3390 4272 3599 4331 Leonis
3619 4275 3732 4330 Ma-

2167 4365 2179 4377 .
2262 4370 2307 4383 ,.
2579 4364 2643 4383 ,ι
2678 4364 2983 4383 “manu-
3036 4364 3179 4383 ,μη
3223 4381 3235 4383 _
3289 4365 3327 4383 η
3385 4363 3553 4383 tua..-
3597 4379 3688 4383 η-

329 4371 475 4426 κίονι
529 4368 663 4445 ἄχρι
720 4370 981 4446 τετάρτου
1036 4364 1189 4432 ἔτους
1244 4372 1343 4424 τοῦ
1394 4367 1662 4444 βασιλέως
1746 4371 1965 4431 Λέοντος

2084 4365 2221 4439 gni;
2254 4370 2431 4436 atque
2461 4364 2545 4421 ita
2572 4364 2649 4420 ad
2676 4364 2995 4421 Dominum
3026 4364 3354 4437 emigravit,
3384 4363 3558 4420 bonis
3586 4379 3728 4437 ope-

330 4463 430 4516 τοῦ
463 4458 747 4536 Μεγάλου,
778 4459 869 4515 καὶ
900 4459 1075 4524 οὕτως
1102 4458 1240 4535 πρὸς
1269 4454 1470 4534 Κύριον
1504 4456 1806 4534 ἑξεδήμησε
1834 4457 1978 4530 πλή-

334 4568 437 4625 ρης
466 4547 681 4622 ἀγαθῶν
714 4542 906 4626 ἔργων.

401 4643 493 4711 Τῷ
551 4641 630 4710 κζ’
689 4637 794 4695 ἔτει
854 4637 1173 4715 παρεγένετο
1228 4636 1618 4705 Ούαλεντιανὸς
1685 4639 1793 4694 ἀπὸ
1849 4639 1982 4697 Ῥώ-

343 4746 454 4800 μης
485 4725 538 4783 ἐν
597 4724 1191 4800 Κωνσταντινουπόλει,
1242 4725 1333 4781 καὶ
1387 4720 1558 4802 ἔγημε
1608 4732 1833 4803 γυναῖκα
1880 4729 1980 4799 τήν

2086 4454 2252 4510 ribus
2281 4453 2518 4510 abunde
2548 4452 2849 4525 praestitis.

2159 4646 2332 4698 Anno
2361 4642 2641 4698 vicesimo
2663 4647 2826 4697 sexto
2850 4639 3299 4697 Valentinianus
3320 4642 3509 4696 Roma
3527 4638 3737 4712 Cpolin

2090 4732 2269 4803 venit,
2303 4732 2587 4804 duxitque
2605 4746 2853 4787 uxorem
2877 4730 3062 4787 ﬁliam
3082 4729 3395 4786 Theodosii
3417 4730 3741 4801 imperato-

337 4814 607 4891 θυγατέρα
637 4813 927 4872 Θεοδοσίου
967 4820 1066 4872 τοῦ
1118 4813 1392 4890 βασιλέως
1447 4813 1727 4887 Εόδοξίαν,
1782 4818 1884 4888 τήν
1931 4815 1965 4877 ἑὲ

2093 4823 2177 4878 ris
2206 4822 2552 4891 Eudoxiam,
2584 4837 2655 4877 ex
2704 4819 2964 4877 Eudocia
3007 4820 3120 4893 ipsi
3168 4823 3392 4887 natam,
3443 4817 3739 4886 rediitque

338 4902 610 4969 Εύδοκίας
661 4910 1000 4981 γεννηθεῖσαν
1051 4903 1221 4976 αὐτῷ,
1291 4901 1380 4960 καί
1458 4901 1623 4960 πάλιν
1684 4904 1965 4978 ἰπανῆλθεπ

2096 4912 2362 4968 Romam.
2395 4913 2581 4982 Cyrus
2609 4908 2776 4965 urbis
2806 4909 3141 4981 praafectus,
3169 4907 3348 4962 homo
3379 4902 3743 4977 sapientissi-

340 4991 396 5048 ἓν
423 4994 642 5068 Ῥώμῃ.
678 4998 849 5068 Κῦρος
889 4991 1132 5068 ἔπαρχος
1173 4993 1273 5061 τῆς
1324 4990 1564 5063 πόλεως,
1614 4994 1751 5069 ἀνὴρ
1809 4998 1988 5074 σοφώ-

339 5102 502 5146 τατος
556 5083 645 5136 καί
703 5082 904 5151 ἱκανὸς,
955 5076 1266 5142 καταλύσας
1348 5080 1411 5135 τὸ

2098 5016 2232 5056 mus
2262 5006 2440 5072 atque
2471 4997 2822 5063 industrius,
2872 5002 3214 5052 terrestrem
3261 4993 3460 5067 Cpolis
3504 5008 3741 5048 murum

1493 5086 1748 5160 χερσαῖον
1799 5089 1965 5160 τεῖχοι

2099 5088 2419 5146 demolitus
2450 5092 2567 5156 est;
2590 5085 2841 5158 aliisque
2860 5082 3431 5142 duobusintervallis
3452 5082 3606 5140 599
3638 5080 3746 5136 ad-

342 5168 962 5234 Κωνσταντινουπόλεως
1009 5169 1100 5225 καὶ
1156 5169 1402 5245 προσθεὶ,
1462 5166 1607 5225 ἀλλα
1650 5167 1965 5247 διαστήματι

2102 5177 2160 5234 di
2170 5177 2453 5248 tis,alinm
2470 5192 2709 5233 murum
2726 5175 2884 5231 intra
2896 5173 3326 5247 sexagesimum
3339 5171 3498 5227 diem
3512 5174 3748 5228 exstru-

410 5317 432 5352 ⁰
461 5317 626 5373 Joan.
661 5332 735 5388 ιν,
770 5318 857 5371 12.

1542 5420 1902 5482 XYLANDRI
1942 5428 2030 5482 ET
2069 5427 2285 5484 GOARI
2327 5428 2549 5484 ΝΟΤᾸΞ.

412 5542 662 5616 (θελοι).
699 5539 940 5616 locoita
979 5542 1202 5616 vocato:
1260 5536 1434 5616 Cosa.
1483 5568 1552 5577 ——
1606 5535 1915 5604 Ἀνάπλους
1966 5543 2262 5616 interpres
2315 5543 2627 5615 Nicephori
2678 5543 2973 5598 transitum
3027 5538 3224 5608 vertit,
3282 5555 3375 5609 xv,
3418 5540 3509 5592 2'2.
3560 5538 3759 5608 Appa-

340 5608 434 5666 ret
463 5608 645 5667 fuisse
678 5611 1031 5666 suburbium
1062 5608 1329 5680 Cpoleos.
1365 5609 1504 5663 Χη.

514 5746 521 5751 ·
588 5732 851 5792 Ριιτιιοι..
900 5731 1009 5791 Ga.
1056 5727 1264 5789 CXXI.

3440 5730 3511 5786 21
