4170 6204
423 300 538 361 653

1756 290 2068 351 GEORGII
2113 290 2457 356 CEDRENI

3714 295 3840 355 656

425 434 637 491 fuisset
663 449 975 506 synagoga.
1009 431 1281 485 Flaviano
1314 429 1373 482 in
1405 428 1809 499 episcopatum
1836 442 2069 483 succes-

2187 421 2354 480 δαίων
2386 432 2649 503 πρότερον
2679 428 2860 485 οὖσαν.
2896 433 3008 498 Τῆς
3066 425 3125 484 δὲ
3179 426 3475 501 ἐκκλησίας
3511 428 3647 503 μετᾶ
3676 429 3839 486 Φλαο

424 524 501 578 sit
530 523 853 578 Anatolius.

497 617 629 666 Post
682 607 922 679 aliquod
980 606 1262 678 temporis
1348 605 1674 676 imperator
1738 605 2066 675 equitatum

424 716 713 772 egressus,
745 713 897 767 equo
941 694 1202 768 collapso
1233 694 1489 749 afﬂictus
1522 695 1700 764 inque
1743 694 1953 749 lectica
1973 694 2070 749 do-

422 804 583 844 mum
617 785 1063 852 relatus,sorori
1089 783 1416 839 Pulcherim
1448 783 1520 838 ad
1553 801 1615 839 se
1669 789 1885 839 vocatas
1916 783 2065 838 indi-

420 876 573 932 cavit
602 874 819 930 debere
854 873 965 929 sibi
997 874 1357 928 Marcianum
1386 873 1703 929 succedere
1730 890 1742 927 :
1778 874 1887 928 hoc
1909 874 2067 928 enim

421 964 531 1020 sibi
563 981 598 1019 a
624 965 849 1019 Joanne
864 962 1159 1035 Theologo
1188 961 1401 1034 Ephesi
1432 963 1629 1033 agenti
1652 963 2068 1035 signiﬁcatum.

419 1053 720 1111 Accersito
748 1053 928 1108 etiam
956 1052 1248 1107 Marciano
1280 1051 1466 1106 dixit:
1503 1051 1584 1106 Ab
1607 1054 1829 1124 Aspare
1870 1056 1928 1107 et
1976 1069 2071 1106 se-

420 1151 565 1203 natu
596 1145 738 1200 mihi
764 1144 1237 1200 demonstratum
1293 1148 1383 1197 est
1408 1148 1464 1198 te
1524 1143 1842 1215 imperium
1876 1160 1911 1199 a
1938 1160 2070 1198 meo

420 1234 586 1290 obitu
634 1240 1038 1306 accepturum.
1089 1232 1274 1289 Biduo
1323 1239 1458 1305 post
1514 1234 1840 1305 imperator
1894 1235 2072 1289 vitam

422 1340 557 1379 cum
588 1330 778 1379 morte
828 1323 1228 1379 commutavit.
1263 1325 1484 1394 Corpus
1516 1322 1644 1393 ejus
1675 1324 1736 1378 in
1767 1323 1904 1378 fano
1927 1326 2075 1395 Apo-

423 1412 709 1468 stolorum
732 1412 1105 1468 reconditum
1162 1411 1291 1467 fuit.
1346 1413 1595 1467 Uxorem
1644 1412 1853 1467 habuit
1880 1410 2075 1467 Eudo-

424 1501 598 1571 ciam,
629 1501 811 1557 ﬁliam
835 1500 1061 1556 Leontii
1092 1499 1452 1571 philosophi,
1484 1501 1929 1556 Atheniensem.

506 1682 793 1736 Caeterum
841 1678 1079 1749 sapiens
1119 1676 1223 1731 illa
1290 1680 1342 1731 et
1404 1677 1691 1748 praeclara
1744 1678 2073 1747 Pulcheria,

424 1771 693 1827 nondum
724 1768 922 1823 fratris
973 1767 1203 1839 vulgata
1232 1772 1444 1829 morte,
1472 1766 1829 1823 Marcianum
1875 1784 2074 1823 senem

416 1860 564 1931 jam,
596 1858 785 1913 virum
815 1853 1209 1926 temperantia
1238 1871 1305 1910 ac
1336 1854 1617 1926 gravitate
1650 1855 1865 1927 insigni
1900 1861 1958 1910 et
1986 1871 2081 1909 re-

422 1949 534 2003 bus
561 1946 838 2020 gerendis
860 1944 1346 2016 aptissimum,ad
1378 1960 1441 1999 se
1461 1948 1651 2012 vocat,
1682 1944 2080 2014 ostenditque,

426 2036 710 2108 quoniam
742 2032 1066 2090 decesserit
1113 2032 1457 2103 imperator,
1504 2049 1565 2088 se
1624 2032 1818 2104 ipsum
1851 2032 2083 2087 virtutis

432 2143 610 2182 causa
637 2142 823 2181 unum
856 2124 928 2178 de
946 2123 1105 2179 omni
1128 2127 1471 2179 senatorum
1501 2139 1751 2177 numero
1773 2122 2080 2195 delegisse,

426 2231 606 2288 quem
637 2214 1057 2285 imperatorem
1089 2210 1200 2266 sibi
1232 2210 1570 2276 ascisceret,
1616 2228 1684 2265 ca
1741 2212 2081 2267 conditione

426 2308 494 2358 ut
525 2302 702 2357 ﬁdem
734 2301 903 2357 daret
933 2299 1328 2372 virginitatem
1372 2314 1561 2367 suam,
1589 2315 1767 2370 quam
1797 2301 1915 2355 Deo
1947 2317 2084 2355 con-

429 2394 738 2457 secrasset,
772 2405 833 2444 se
864 2388 1148 2443 intactam
1180 2392 1576 2443 servaturum.
1609 2387 1763 2442 603
1794 2389 1940 2443 Cum
1971 2388 2084 2442 hoc

429 2477 816 2550 stipularetur
846 2475 1305 2543 Marcianus,est
1327 2491 1363 2530 a
1391 2475 1725 2545 Pulcheria,
1758 2476 1977 2532 vocatis
2007 2475 2082 2532 ad

428 2570 541 2626 hoc
571 2570 645 2626 ab
677 2586 743 2625 ea
774 2567 1048 2623 Anatolio
1071 2566 1411 2640 patriarcha
1427 2572 1486 2623 et
1516 2567 2083 2639 senatu,imperator

429 2659 923 2718 declaratus.Fuit
955 2658 1287 2714 Marcianus
1312 2657 1670 2713 venerabilis
1697 2658 2080 2727 vir,moribus

428 2752 669 2817 sanctis,
702 2750 766 2805 in
794 2748 943 2804 facie
998 2747 1278 2803 ruborem
1310 2748 1499 2818 gratia
1554 2752 1949 2819 temperatum
1981 2748 2081 2804 ha-

428 2841 599 2910 bens,
632 2837 1076 2911 magnanimus,
1111 2836 1373 2892 avaritia:
1418 2852 1657 2905 vacuus,
1717 2842 2078 2909 temperans,

428 2929 743 3001 religiosus
806 2925 963 2981 etde
997 2925 1112 2980 fide
1168 2931 1327 2981 recte
1387 2926 1674 2995 sentiens,
1697 2925 2079 2981 miseratione

420 3017 795 3090 peccantium
848 3014 1154 3087 praaditus,
1205 3021 1487 3070 caeterum
1519 3015 1902 3087 profanarum
1927 3015 2077 3071 litte-

419 3123 620 3162 rarum
678 3111 855 3177 atque
909 3103 1362 3176 disciplinarum
1393 3104 1725 3175 imperitus.
1758 3105 1811 3160 Is
1874 3106 2072 3161 statim

418 3212 626 3252 omnes
656 3195 759 3267 qui
780 3194 1025 3267 relegati
1041 3193 1282 3248 fuerant
1299 3194 1613 3249 revocavit.
1646 3193 2077 3250 Pulcheriaau-

416 3290 535 3341 tem
566 3284 993 3340 invisissimum
1022 3281 1195 3336 illum
1248 3282 1590 3337 eunuchum
1636 3282 2071 3355 Chrysaphium

416 3372 657 3429 Jordani
688 3371 952 3438 tradidit,
984 3370 1230 3425 Joannis
1279 3368 1423 3437 ﬁlio,
1457 3385 1635 3439 quem
1665 3369 1768 3425 ille
1800 3370 1937 3426 dolo
1968 3388 2070 3426 ne-

421 3468 674 3518 caverat.
701 3463 893 3532 Atque
923 3459 1211 3515 Jordanes
1241 3457 1432 3512 vicem
1464 3457 1518 3512 ei
1551 3457 1846 3530 rependit.

492 3554 644 3609 Olim
676 3551 1005 3608 Marcianus
1031 3567 1166 3607 cum
1197 3551 1497 3624 gregarius
1528 3551 1701 3607 miles
1750 3551 1810 3606 in
1841 3569 1946 3608 suo
1978 3570 2071 3608 or-

422 3645 563 3702 dine
593 3663 663 3701 ex
685 3645 905 3700 Graecia
934 3643 1007 3699 ad
1032 3642 1257 3698 bellum
1287 3642 1589 3699 Persicum
1641 3643 1775 3711 iret,
1807 3644 1869 3699 in
1901 3645 2074 3717 Lycia

419 3734 482 3790 in
510 3734 784 3791 morbum
809 3732 1016 3788 incidit
1042 3751 1057 3802 ;
1084 3730 1446 3803 relictusque
1497 3732 1558 3787 in
1598 3732 1744 3788 urbe
1799 3732 2070 3805 Sydemis

336 3860 345 3867 ρ
418 3823 619 3894 aliqua
647 3822 727 3877 ibi
762 3838 931 3878 mora
957 3820 1114 3876 facta
1142 3819 1374 3876 duobus
1404 3819 1763 3892 quibusdam
1785 3820 2070 3878 fratribus

415 3913 569 3970 Julio
602 3918 661 3969 et
688 3914 930 3969 Tatiano
979 3912 1261 3968 societate
1301 3910 1548 3983 junctus
1581 3911 1711 3978 fuit,
1774 3912 1847 3968 ab
1878 3914 2068 3985 iisque

417 4005 659 4060 domum
690 4004 959 4075 ipsorum
996 4008 1306 4073 susceptus
1333 4006 1393 4056 et
1421 4008 1743 4058 recreatus.
1776 4004 1922 4058 Cum
1952 4020 2071 4059 una

414 4092 738 4165 aliquando
764 4096 885 4147 tres
916 4092 975 4146 hi
1027 4096 1303 4146 venatum
1363 4090 1607 4162 profecti
1650 4096 1868 4158 essent,
1929 4091 2069 4148 dum

411 4182 553 4238 fessi
584 4180 997 4247 meridiarent,
1030 4180 1332 4247 Tatianus,
1366 4179 1467 4251 qui
1499 4180 1746 4251 reliquis
1778 4182 2068 4237 maturius

413 4288 689 4327 somnum
738 4270 1113 4337 excussisset,
1145 4268 1560 4324 animadvertit
1616 4269 1973 4326 Marcianum
2005 4272 2068 4326 in

416 4360 544 4416 solo
567 4360 768 4430 jacere
818 4356 1198 4429 aquilamque
1258 4357 1558 4430 ingentem
1590 4375 1769 4430 super
1807 4376 1943 4415 eum
2004 4360 2066 4414 in

414 4466 551 4505 aere
586 4448 952 4519 librari,quae
980 4446 1258 4518 expansis
1278 4446 1390 4502 alis
1411 4447 1716 4503 hominem
1748 4448 2063 4506 obumbra-

415 4544 526 4594 ret.
559 4537 624 4595 Id
656 4510 906 4593 cernens
937 4510 1157 4592 excitat
1192 4535 1457 4604 fratrem,
1490 4536 1721 4608 hocque
1759 4545 2063 4609 spectacu-
2096 4510 2140 4573 Β

416 4625 542 4681 lum
569 4626 622 4681 ei
646 4625 925 4682 ostendit.
958 4624 1067 4680 Diu
1095 4630 1344 4695 uterque
1377 4624 1488 4679 hoc
1519 4630 1818 4681 ostentum
1875 4627 2066 4683 admi-

416 4717 529 4772 rati
587 4715 829 4772 tandem
886 4704 1248 4770 Marcianum
1306 4714 1597 4782 excitant,
1657 4715 2064 4787 scitanturque

418 4806 704 4879 quidnam
738 4804 1002 4861 muneris
1034 4802 1106 4860 ab
1141 4802 1297 4859 804
1331 4818 1398 4858 eo
1423 4808 1764 4875 exspectare
1794 4803 1954 4875 ipsos
1963 4805 2067 4877 ju-

414 4897 602 4968 heret,
632 4897 681 4952 si
708 4895 946 4969 quando
975 4894 1224 4966 imperio
1258 4894 1569 4965 potiretur.
1625 4894 1959 4951 Marcianus
2002 4913 2065 4952 se

411 5004 531 5045 non
555 5005 691 5045 eum
732 5004 862 5044 esse
894 4987 988 5043 cui
1048 4985 1165 5041 tale
1215 4983 1442 5055 aliquid
1491 4983 1832 5055 contingere
1865 4992 2068 5057 posset

408 5077 630 5134 dicere.
662 5078 809 5133 Cum
846 5076 1054 5133 eadem
1107 5072 1286 5129 verba
1315 5077 1657 5143 repeterent
1685 5089 1698 5126 :
1733 5073 1812 5141 Si,
1846 5074 2061 5145 inquit,

407 5165 689 5224 divinitus
718 5167 830 5223 hoc
861 5165 1009 5221 mihi
1042 5162 1291 5231 eveniat,
1322 5160 1606 5234 patricios
1656 5177 1755 5217 vos
1782 5178 1947 5219 meos
1974 5165 2065 5221 fa-

2113 3158 2158 3222 C

2179 508 2365 570 ϐιανὸν
2394 516 2714 581 Ἀνατόλιος
2748 517 3128 576 ἑπεσκόπευσε.

2252 606 2404 662 Μετὰ
2435 604 2493 662 δέ
2519 629 2639 662 τινα
2670 608 2871 686 χρόνον
2898 606 3121 679 ἐξῆλθεν
3150 609 3178 663 6
3240 606 3495 683 βασιλεὺς
3553 608 3827 678 ίππασθῆ-

2180 711 2287 748 ναιδ
2320 695 2407 749 καὶ
2440 697 2810 770 συμπεσόντος
2838 696 2987 770 αὐτῷ
3014 702 3113 751 τοῦ
3142 696 3317 752 ἳππου
3347 694 3584 772 πληγεὶς
3642 696 3833 763 εἰσῆλ-

2183 783 2267 836 θεν
2297 780 2350 836 ἐν
2380 779 2636 856 λεκτικίῳ
2659 784 2782 854 ἤτοι
2816 783 3042 863 φορείῳ,
3091 784 3182 839 καὶ
3236 783 3468 847 καλέσας
3525 786 3625 855 τὴν
3658 782 3831 839 ἀδελ-

2183 871 2288 947 φ·ἓ,ν
2322 871 2665 949 Ηουλχερίαν
2686 875 2836 928 εἶπεν
2890 872 3026 946 αὐτῇ
3091 870 3180 928 διὰ
3237 875 3567 950 Μαρκιανὸν
3621 875 3713 930 τὸν
3746 894 3850 947 μετ

2184 960 2345 1015 αὐτὸν
2382 960 2788 1037 βασιλεύσαντα·
2852 964 3038 1019 Τοῦτο
3093 961 3194 1038 γάρ
3252 983 3370 1035 μοι,
3431 964 3624 1040 φησὶν,
3658 964 3842 1020 Ἰωαν-

2184 1071 2283 1120 νης
2329 1051 2358 1105 ὁ
2404 1050 2676 1126 Θεολόγος
2729 1049 3093 1125 ἀπεκάλυψεν,
3151 1050 3203 1106 ἐν
3254 1049 3463 1129 Ἐφέσῳ
3549 1073 3646 1125 μοι
3704 1049 3847 1123 ὄντι,

2186 1138 2289 1196 Καὶ
2350 1139 2839 1215 μεταστειλάμενος
2900 1141 3211 1215 Μαρκιανὸν
3286 1142 3434 1197 εἶπεν
3515 1140 3667 1214 αὐτῷ
3746 1140 3835 1197 ἐπὶ

2185 1230 2247 1286 Ἀ
2262 1249 2464 1306 σπαρος
2491 1231 2581 1285 καὶ
2609 1236 2709 1301 τῆς
2742 1229 3078 1306 συγκλήτου·
3115 1226 3374 1305 Ἐδείχθη
3412 1252 3508 1304 μοι
3545 1229 3633 1286 ὅτι
3666 1252 3725 1285 σε
3754 1228 3840 1286 δεῖ

2186 1317 2429 1392 γενέσθαι
2487 1319 2713 1396 βασιλέα
2779 1321 2894 1392 μετ’
2952 1317 3070 1393 ἐμὲ.
3127 1318 3232 1376 Καὶ
3293 1321 3410 1393 μεθ’
3466 1321 3676 1395 ἡμερας
3737 1318 3838 1376 δύο

2191 1407 2527 1481 ἐτελεύτησε,
2557 1411 2645 1465 καὶ
2675 1409 2880 1474 τίθεται
2936 1409 3000 1463 τὸ
3030 1413 3193 1483 σῶμα
3253 1408 3420 1465 αὐτοῦ
3476 1409 3530 1465 ἐν
3587 1414 3667 1482 τῷ
3722 1415 3840 1483 ναῷ

2187 1503 2295 1552 τῶν
2327 1497 2527 1575 Ἀγίων
2560 1498 2937 1555 Ἀποστόλων.
2995 1499 3138 1567 Γυνὴ
3207 1495 3263 1552 δὲ
3316 1498 3515 1554 τούτου
3572 1496 3842 1569 Εὐδοκία,

2189 1588 2431 1663 θυγάτηρ
2462 1587 2716 1643 Λεοντίου
2747 1586 3052 1667 φιλοσόφου
3081 1586 3134 1659 ἐξ
3178 1588 3447 1659 Ἀθηνῶν.

2259 1678 2323 1734 Ἡ
2355 1674 2413 1731 δὲ
2444 1677 2586 1755 σοφή
2634 1676 2726 1732 καὶ
2774 1677 2948 1755 ἀγαθή
3005 1675 3323 1753 Πουλχερία
3381 1679 3553 1752 μήπω
3582 1686 3683 1748 τῆς
3737 1683 3839 1734 τοῦ

2191 1764 2431 1846 ἀδελφοῦ
2494 1766 2753 1836 τελευτῆς
2835 1768 3168 1843 γνωσθείσης
3228 1766 3692 1841 μεταστειλαμὲνη
3739 1769 3835 1824 τὸν

2192 1856 2523 1930 Μαρκιανὸν,
2557 1852 2718 1931 ἄνδρα
2749 1854 2800 1911 ἐν
2833 1854 3153 1933 σωφροσύνῃ
3212 1856 3305 1910 καὶ
3362 1858 3654 1930 σεμνότητι
3714 1854 3840 1912 δια-

2194 1943 2484 2020 πρέποντα,
2516 1944 2743 2020 γέροντα
2773 1942 2902 1999 ὅντα
2934 1944 3026 1999 καὶ
3084 1944 3435 2018 ἱκανώτατον,
3496 1945 3642 2022 λέγει
3700 1946 3842 2022 πρὸς

2193 2034 2371 2090 αὐτόν*
2406 2034 2632 2105 Ἐπειδὴ
2684 2036 2713 2089 6
2774 2032 3028 2110 βασιλεὺς
3083 2032 3450 2106 ἐτελεύτησεν,
3509 2034 3616 2110 ἐγὼ
3673 2033 3731 2090 δέ
3784 2056 3845 2091 σε

2193 2128 2279 2199 [Ρ.
2313 2127 2439 2199 314]
2466 2123 2793 2196 ἐξελεξάμην
2827 2123 2879 2195 ἐξ
2911 2121 3051 2195 ὅλης
3103 2130 3204 2193 τῆς
3264 2122 3577 2200 συγκλήτου
3636 2125 3713 2187 ὡς
3767 2123 3850 2180 ἐν-

2191 2216 2405 2289 άρετον,
2437 2211 2529 2278 δός
2561 2235 2657 2287 μοι
2688 2211 2856 2289 λόγον
2888 2213 2974 2268 ’ὁτι
3027 2212 3317 2289 φυλάττεις
3378 2214 3478 2282 τὴν
3530 2214 3844 2289 παρθενίαν,

2190 2304 2256 2374 ἢν
2314 2309 2395 2377 τῷ
2462 2308 2579 2377 Θεῷ
2635 2304 2924 2378 ἀνεθέμην,
2969 2302 3061 2358 καὶ
3116 2303 3431 2382 ἀναγορεύω
3470 2325 3528 2359 σε
3590 2303 3841 2379 βασιλέα.

2188 2394 2374 2452 Αὐτοῦ
2406 2390 2464 2448 δὲ
2520 2391 2838 2467 ἐυνϐεμένου
2895 2396 3080 2466 τοῦτο,
3129 2392 3550 2468 μεταστέλλεται
3601 2393 3694 2449 τὸν
3742 2415 3844 2449 πα-

2187 2483 2459 2558 τριάρχην
2491 2484 2599 2555 (71)
2658 2479 2978 2539 Ἀνατόλιον
3036 2481 3127 2537 καὶ
3183 2483 3284 2552 τήν
3340 2480 3679 2560 σύγκλητον,
3744 2481 3841 2538 καὶ

2188 2569 2502 2647 ἀναγορεύει
2535 2571 2695 2627 αὐτὸν
2748 2568 3000 2646 βασιλέα.
3062 2573 3162 2627 Ἦν
3230 2569 3288 2626 δὲ
3344 2572 3655 2647 Μαρκιανὸς
3696 2570 3841 2627 αἲδέ-

2191 2680 2353 2733 σιμος
2408 2659 2503 2714 τὸν
2557 2659 2782 2734 τρόπον,
2842 2659 3195 2735 ἱεροπρεπὴς,
3280 2657 3533 2735 ἐρύθημα
3586 2658 3676 2716 ἐπὶ
3738 2665 3843 2715 τοῦ

2189 2748 2488 2822 προσώπου
2527 2748 2707 2827 φέρων
2766 2746 3097 2823 κεκραμένον
3157 2748 3370 2824 χάριτι,
3429 2747 3843 2824 μεγαλόψυχος,

2190 2838 2553 2915 φιλαργυρίας
2608 2838 2921 2913 ὑπέρτερος,
2960 2839 3195 2913 σώφρων
3251 2839 3344 2893 καὶ
3401 2838 3524 2913 περὶ
3562 2840 3626 2894 τὸ
3683 2845 3841 2894 Θεῖον

2188 2924 2455 2999 εὐλαϐὴς,
2509 2927 2601 2983 καί
2657 2924 2968 3002 ὀρθόδοξος,
3028 2926 3152 3004 περῖ
3223 2929 3349 2990 τοὺς
3428 2928 3838 3004 ἁμαρτάνοντας

2188 3020 2499 3093 συμπαθὴς,
2553 3018 2778 3094 ἄπειρος
2831 3016 2889 3074 δὲ
2934 3014 3183 3080 παιδείας
3233 3025 3336 3088 τῆς
3391 3013 3602 3090 ἔξωθεν.
3664 3018 3837 3084 Εὐθὺς

2188 3108 2281 3163 οὖν
2311 3107 2438 3171 τοὺς
2466 3107 2519 3164 ἐν
2552 3108 2732 3184 ἐξορίᾳ
2789 3109 2987 3171 πάντας
3046 3106 3428 3164 ἀνεκαλέσατο.
3480 3109 3541 3163 Ἦ
3608 3106 3668 3163 δὲ
3727 3130 3834 3184 μα-

2186 3198 2348 3273 καρία
2379 3198 2694 3277 Πουλχερία
2728 3199 2824 3253 τὸν
2852 3198 3212 3271 παμμίσητυν
3258 3196 3574 3277 Χρυσάφιον
3621 3198 3714 3252 τὸν
3746 3198 3842 3252 εὖ-

2180 3286 2382 3343 νοῦχον
2404 3282 2650 3361 Ἰορδάνῃ
2700 3282 2965 3341 ἐκδέδωκε
3016 3290 3099 3358 τῷ
3155 3286 3260 3358 υἱῷ
3311 3286 3589 3355 Ἰωάννου,
3649 3284 3709 3345 ὅς
3745 3286 3839 3340 καὶ

2181 3375 2392 3432 ἀνεῖλεν
2422 3375 2581 3431 αὐτὸν
2615 3372 2704 3431 διὰ
2730 3374 2794 3430 τὸ
2816 3375 2978 3430 αὐτὸν
3004 3371 3214 3429 ἀνελεῖν
3243 3375 3336 3429 τὸν
3377 3373 3576 3430 τούτου
3633 3373 3841 3449 πατέρα

2183 3463 2354 3539 δόλῳ.

2255 3555 2609 3630 Στρατιώτης
2635 3554 2814 3609 τοίνυν
2847 3552 2999 3617 λιτὸς
3022 3547 3114 3608 ’ὧν
3172 3552 3280 3627 πρὸ
3333 3549 3530 3608 τούτου
3580 3553 3837 3627 Μαρκια-

2183 3645 2273 3707 νὸς
2299 3645 2434 3719 μετὰ
2454 3648 2552 3699 τοῦ
2586 3641 2727 3699 ἰδίου
2782 3640 3052 3717 νουμὲρου
3104 3643 3214 3714 (72)
3246 3639 3353 3696 ἀπὸ
3404 3646 3505 3711 τῆς
3553 3637 3826 3702 Ἑλλάδος

2179 3736 2318 3790 κατὰ
2381 3738 2599 3809 Περσῶν
2641 3732 2826 3807 ἀπῄει,
2884 3730 2974 3787 καὶ
3032 3731 3319 3808 γενόμενος
3374 3728 3429 3785 ἐν
3503 3728 3676 3800 Λυκίᾳ
3732 3728 3830 3805 ἆῤ-

2181 3825 2386 3899 ῥωστίᾳ
2415 3822 2717 3898 περιέπεσε.
2750 3820 2852 3878 Καὶ
2909 3818 3286 3898 καταλειφθεὶς
3333 3817 3388 3875 ἐν
3443 3816 3605 3875 πόλεί
3646 3814 3827 3888 Συδήο

2184 3935 2299 3986 μων
2326 3912 2542 3968 κάκεῖσε
2570 3906 3010 3986 χρονοτριϐήσας
3062 3906 3472 3985 προσκολλᾶται
3531 3904 3628 3962 δύο
3683 3905 3826 3963 τισὶν

2181 3998 2461 4079 ἀδελφοῖς,
2494 3997 2711 4071 Ἰουλίῳ
2736 3997 2825 4053 καὶ
2857 3999 3130 4069 Τατιανῷ,
3199 3995 3396 4059 οἳτινες
3443 3994 3521 4056 εἲς
3547 3994 3640 4049 τὸν
3683 3991 3830 4049 ’ἰδιον

2180 4090 2330 4145 οἶκον
2364 4084 2620 4151 λαϐόντες
2653 4087 2812 4143 αὐτὸν
2843 4083 3216 4143 διανεπαυσαν.
3270 4086 3364 4147 Εἷς
3423 4085 3593 4160 θήραν
3646 4080 3703 4138 δὲ
3749 4084 3834 4153 ἒξ-

2178 4176 2421 4238 ελθόντες
2448 4170 2644 4232 ἔλαϐον
2678 4173 2837 4230 αὐτὸν
2894 4176 3012 4248 μεθ’
3070 4174 3293 4229 ἑαυτῶν.
3349 4171 3715 4234 Κοπιάσαντες
3771 4166 3832 4223 δὲ

2175 4264 2299 4342 περὶ
2336 4259 2682 4341 μεσημϐρίαν
2741 4262 3142 4338 ἐκοιμήθησαν.
3186 4259 3632 4336 Προεξυπνισθεὶς
3692 4255 3746 4313 δὲ
3796 4259 3829 4312 6

2174 4355 2441 4416 Τατιανὸς
2472 4356 2665 4429 θεωρεῖ
2691 4353 2784 4409 τὸν
2816 4353 3122 4428 Μαρκιανὸν
3153 4354 3231 4414 εἷς
3270 4351 3355 4407 εὸν
3397 4350 3553 4421 ἣλιον
3609 4349 3831 4423 κοιμώ-

2176 4465 2357 4520 μενον,
2388 4444 2481 4500 καὶ
2519 4443 2674 4498 ἀετὸν
2732 4441 3187 4518 παμμεγέστατον
3246 4440 3330 4497 ἐπ’
3382 4440 3539 4497 αὐτὸν
3594 4438 3830 4504 ἐλθόντα

2177 4534 2266 4589 καὶ
2322 4534 2417 4596 τὰς
2476 4533 2666 4588 ἑαυτοῦ
2723 4534 2993 4608 πτέρυγας
3056 4528 3447 4587 διαπετάσαντα
3524 4529 3677 4584 σκιὰν
3739 4520 3829 4585 ἐπ’

2176 4623 2335 4680 αὐτὸν
2366 4622 2888 4698 περιποιησάμενον.
2944 4621 3048 4678 Καὶ
3102 4624 3263 4677 τοῦτο
3302 4619 3625 4693 θεασάμενος
3678 4615 3825 4692 ἔγει-

2175 4735 2257 4792 ρει
2282 4715 2375 4771 τὸν
2407 4715 2598 4770 ἑαυτοῦ
2627 4710 2887 4791 ἀδελφὸν,
2942 4712 3033 4767 καὶ
3085 4712 3148 4768 τὸ
3209 4712 3392 4776 θεαθὶν
3455 4706 3823 4766 ὑποδείκνυσι.

2175 4804 2278 4862 Καὶ
2301 4802 2389 4859 ἐπὶ
2419 4802 2562 4859 πολὺ
2600 4802 2967 4876 θαυμάζοντες
3029 4800 3365 4872 ἑξυπνίζουσι
3420 4799 3513 4856 τὸν
3572 4801 3825 4875 Μαρκια-

2171 4895 2286 4964 νὸν,
2317 4891 2409 4949 καὶ
2450 4891 2699 4967 λέγουσιν
2760 4890 2927 4963 αὐτῷ’
2985 4891 3110 4948 Ἐὰν
3173 4887 3517 4965 βασιλεύσῃς,
3574 4888 3629 4943 τί
3685 4890 3826 4961 ἡμῖν

2172 4981 2376 5060 χαρίζῃ
2406 5001 2420 5051 ;
2463 4984 2527 5037 ’0
2559 4977 2639 5051 δὲ,
2667 4979 2766 5042 Τίς
2797 4979 2914 5054 εἶμι
2943 4977 3074 5056 ἐγὼ,
3113 4979 3205 5034 ἳνα
3234 4982 3398 5034 τοῦτο
3464 4977 3688 5054 γένηται
3746 4976 3828 5037 εἷς

2172 5072 2269 5145 ἐμὲ
2299 5093 2314 5143 ;
2349 5073 2411 5126 Ol.
2443 5068 2501 5127 δὲ
2539 5068 2600 5126 ὲκ
2628 5066 2879 5145 δευτέρου
2907 5069 3001 5125 τὸν
3032 5067 3190 5124 αὐτὸν
3245 5067 3407 5145 λόγον
3459 5068 3635 5123 εἶπον.
3666 5065 3823 5140 Δὲγει

2171 5163 2200 5217 ὁ
2232 5160 2555 5236 Μαρκιανὸς*
2616 5157 2737 5214 Ἐὰν
2793 5159 2955 5213 τοῦτο
3010 5155 3072 5212 ἐκ
3120 5160 3255 5212 Θεοῦ
3311 5156 3557 5233 γένηται,
3589 5152 3825 5225 πατίρας

1578 5258 1942 5317 XYLANDRI
1997 5264 2085 5318 ET
2142 5261 2357 5318 COARI
2417 5258 2640 5314 NOTAE}.

473 5353 946 5437 (MiM‘arcianus
973 5352 1202 5437 primus
1228 5348 1565 5437 principum
1588 5348 2059 5437 Christianorum

402 5439 436 5477 a
465 5420 748 5493 pontifice
780 5420 1010 5496 imperii
1046 5420 1306 5496 suscepit
1349 5420 1627 5496 inSignia.
1663 5421 1841 5478 GOAR.

474 5498 588 5566 (72)
614 5496 707 5550 Nil
737 5493 965 5551 numero
994 5511 1100 5566 pro
1131 5493 1387 5549 militum
1418 5493 1661 5566 cohorte
1694 5499 1938 5565 accepto
1958 5495 2055 5550 La—

408 5564 549 5620 tinis
579 5564 1087 5622 communium—Ab
1122 5566 1213 5619 his
1242 5582 1349 5619 vox
1380 5564 1455 5619 ad
1486 5564 1716 5619 Grmcos
1748 5564 2054 5623 translata.

408 5637 610 5693 Mutuo
639 5636 949 5709 repudiato
977 5652 1264 5692 numerum
1292 5634 1476 5691 Grmci
1505 5651 1577 5691 ex
1606 5651 1763 5706 penu
1793 5636 1904 5691 sibi
1920 5655 2061 5708 pro-

2163 5350 2295 5433 pria
2322 5348 2604 5433 dixerunt
2621 5342 2876 5433 ἀριθμέγ,
2901 5346 2983 5433 ’(18
3015 5362 3132 5433 (χορ
3164 5361 3367 5433 supra.
3425 5341 3822 5433 (Ecumenius

2161 5413 2223 5477 in
2264 5424 2388 5476 Act.
2424 5434 2531 5474 xv:
2560 5413 2762 5490 Σπεῖρα
2792 5413 2868 5470 δέ
2896 5413 3072 5490 ἐστινί
3094 5414 3137 5490 ὅΔ
3165 5413 3450 5490 ’καλοῦμεν
3490 5418 3584 5468 νῦν
3616 5413 3824 5483 νούμε-

2165 5512 2281 5566 ρον.
2314 5490 2645 5566 Quideero
2699 5484 2918 5566 σφεῖραι
2972 5489 2999 5545 ‘2
3034 5486 3253 5566 _Suidas
3286 5506 3299 5543 :
3331 5484 3520 5557 πλήθη
3561 5502 3817 5561 στρατευ-

2170 5558 2379 5636 μάτων,
2407 5558 2701 5640 φάλαγγες,
2732 5558 2989 5634 νούμερα.
3024 5560 3198 5615 ϐοΑιι.
