4170 6204
354 339 470 397 657

1470 329 2018 394 HISTORIARUM
2059 330 2618 397 COMPENDIUM.

3641 341 3761 401 658

339 472 482 547 ὑμᾶς
513 468 856 544 ἀνακηρύξω.
898 470 1032 525 Τότε
1092 466 1332 524 διδόασιν
1392 467 1540 540 αὖτῷ
1571 474 1613 522 σ⁹
1656 467 1986 541 νομίσματα,

2105 469 2279 523 ciam.
2304 472 2463 526 Tunc
2489 472 2575 525 illi
2600 489 2734 527 eum
2758 475 2861 528 200
2880 474 3141 529 nummis
3163 474 3407 543 donant,
3422 476 3758 550 jubentque

340 561 614 637 λέγοντεςο
651 558 890 633 Πορεύου
949 557 1004 614 ἐν
1059 563 1129 634 τῇ
1186 557 1370 630 πόλει,
1425 557 1516 613 καὶ
1551 558 1801 630 μέμνησο
1832 557 1994 631 ἡμῶν

339 652 431 707 ὃτε
461 651 491 706 ὁ
520 648 652 710 Θεὸς
711 648 920 723 ὑψώσει
979 667 1057 706 σε,
1113 648 1327 721 Χρόνου
1358 644 1418 702 δὲ
1446 644 1754 709 διελθόντος
1801 645 1994 723 ὀλίγου

339 741 431 796 καὶ
499 735 797 795 Θεοδοσίου
852 735 1301 808 τελευτήσαντος,
1358 733 1612 812 βασιλεὺς
1675 731 1992 811 ἀνεδείχθη,

340 830 417 892 ὡς
470 827 810 903 προὲοημεν,
868 825 959 882 καὶ
1019 826 1390 900 ὑπομνησθεὶς
1441 832 1542 895 τῆς
1598 824 1653 880 ἐν
1702 825 1876 896 Λυκίᾳ
1901 823 1993 878 εύ-

337 918 606 996 εργεσίας,
674 914 943 975 Τατιανὸν
1010 917 1104 971 καὶ
1190 913 1424 973 Ἰούλιον
1496 917 1992 991 μεταπεμψάμενος

336 1009 574 1081 πατέρας
638 1006 839 1069 αὐτοὺς
898 1004 1209 1078 ἀνεκήρυξε,
1274 1004 1364 1061 καὶ
1429 1005 1521 1059 τὸν
1594 1005 1687 1078 μὲν
1732 1004 1994 1061 Τατιανὸν

334 1093 580 1170 ἔπαρχον
606 1092 835 1164 ἐποίησε
861 1100 963 1163 τῆς
1002 1092 1244 1161 πόλεως,
1295 1098 1376 1165 τῷ
1422 1090 1481 1148 δὲ
1510 1091 1729 1165 Ἰουλίῳ
1756 1094 1856 1162 τήν
1884 1095 1993 1145 τῶν

334 1185 555 1240 Λυκίων
585 1182 905 1259 ἐνεχείρισεν
960 1181 1167 1257 ἀρχήν.
1217 1182 1347 1238 Ὑπὸ
1402 1181 1692 1258 Γιζερίχου
1737 1178 1796 1236 δὲ
1823 1179 1989 1236 πάλιν

333 1273 413 1335 εἰς
469 1273 736 1351 Ἀφρικὴν
795 1271 1109 1346 κρατηθεὶς,
1171 1265 1250 1327 ἔτι
1304 1271 1612 1347 στρατιώτῃ
1670 1265 1785 1326 ὄντι
1825 1275 1989 1326 τοῦτο

334 1362 489 1434 αύτῷ
540 1361 833 1439 ἐξεγένετο·
918 1358 1037 1415 ὅθεν
1125 1362 1155 1415 ὁ
1238 1360 1527 1435 Γιζέριχος
1612 1359 1760 1435 ὅρκῳ
1823 1360 1986 1414 αὐτὸν

335 1449 676 1527 ἠσφολίσατο
733 1450 819 1504 ὃτι
876 1449 922 1503 εἰ
978 1448 1313 1525 βασιλεύσει,
1375 1450 1452 1524 μή
1507 1446 1822 1521 πολεμῆσαί
1855 1468 1989 1504 ποτε

341 1536 715 1609 Ούμνδῆλοις,
743 1538 836 1594 καὶ
870 1536 1103 1595 ἀπολύει
1159 1538 1345 1597 αύοόν.
1387 1537 1580 1595 Τοίνυν
1619 1537 1709 1593 καὶ
1739 1539 1775 1607 ἡ
1809 1556 1989 1609 μακα-

338 1629 431 1704 ρία
498 1626 811 1703 Πουλχερία
908 1628 1021 1701 μεθ’
1108 1627 1304 1703 ἑτέρων
1391 1625 1616 1683 πολλῶν
1681 1623 1988 1695 ἐκκλησιῶν

2105 557 2178 612 ad
2210 557 2423 614 urbem
2458 562 2692 631 reverti,
2717 562 2927 633 suique
2952 579 3280 619 memorem
3304 581 3456 629 esse,
3477 566 3578 620 ubi
3605 569 3757 624 Deus

2105 663 2233 702 eum
2262 651 2540 706 evexerit.
2583 653 2731 725 Ergo
2780 654 3110 709 Marcianus
3139 670 3261 709 non
3291 654 3373 709 ita
3403 655 3588 711 multo
3620 663 3756 729 post

2101 737 2429 794 Theodosio
2461 739 2740 797 defuncto
2789 742 3117 814 imperator
3145 748 3396 813 creatus,
3428 747 3655 817 accepti
3690 747 3751 801 in

2103 827 2276 898 Lycia
2305 827 2577 885 beneﬁcii
2609 846 2857 898 memor,
2882 832 3191 886 Tatianum
3219 837 3278 886 et
3303 832 3521 888 Julium
3552 851 3754 890 evoca-

2104 921 2194 971 tos
2224 916 2299 971 ad
2326 934 2388 971 se
2420 918 2701 989 patricios
2732 918 2971 989 salutat,
3003 921 3430 991 Tatianumque
3461 922 3750 990 urbis,Ju-

2101 1004 2248 1061 lium
2292 1006 2481 1077 Lycim
2539 1008 2882 1078 praefectum
2940 1009 3268 1063 constituit.
3302 1009 3504 1065 Simile
3534 1012 3750 1082 aquila:

2102 1098 2399 1149 ostentum
2433 1095 2726 1151 Marciano
2753 1097 3080 1152 etiamnum
3104 1097 3279 1152 militi
3308 1100 3665 1158 evenit.cnm
3688 1102 3751 1157 in

2100 1183 2297 1239 Africa
2327 1184 2482 1255 apud
2507 1185 2877 1241 Gizerichum
2907 1186 3174 1257 captivus
3198 1191 3517 1242 teneretur.
3548 1190 3753 1261 Itaque

2101 1272 2437 1329 Gizerichus
2470 1290 2606 1329 eum
2634 1273 2889 1341 dimisit,
2902 1274 3193 1346 juratum,
3220 1275 3266 1329 si
3296 1275 3620 1346 imperator
3649 1278 3752 1332 fie-

2100 1367 2210 1429 ret,
2243 1361 2469 1418 bellum
2487 1364 2767 1419 Vandalis
2796 1380 2915 1420 non
2940 1364 3269 1420 illaturum.
3293 1367 3476 1421 Porro
3501 1366 3753 1423 Pulche-

2100 1452 2209 1521 ria,
2242 1457 2460 1523 printer
2486 1453 2676 1508 multa
2704 1454 2823 1509 alia
2851 1454 3096 1526 templa,
3130 1456 3428 1527 praecipue
3476 1455 3664 1511 aedem
3688 1456 3750 1511 in

2102 1540 2445 1597 Blachernis
2473 1541 2747 1599 condidit
2769 1559 2837 1599 ac
2890 1544 2994 1598 Dei
3053 1543 3335 1598 Genitrici
3362 1544 3747 1610 consecravit,

2101 1646 2238 1685 cum
2270 1647 2460 1703 nuper
2491 1633 2820 1688 Marcianus
2846 1632 3165 1704 imperium
3196 1633 3481 1691 inivisset.

341 1717 629 1791 ἐξαιρέτως
691 1717 782 1773 τὸν
848 1715 900 1772 ἐν
968 1715 1306 1793 Βλαχέρναις
1372 1716 1494 1772 ναὸν
1558 1711 1887 1788 ᾠκοδόμησε
1946 1715 2036 1770 καὶ
2101 1720 2170 1790 τῇ
2238 1717 2489 1790 Θεοτόκῳ
2552 1718 2886 1774 ἁνατὲθεικεν
2950 1717 3006 1774 ἐν
3070 1720 3219 1794 ἀρχῇ
3284 1726 3387 1790 τῆς
3458 1718 3742 1795 βασίλειας

337 1808 675 1881 Μαρκιανοῢ.

406 1899 496 1966 [Ρ.
529 1896 655 1968 345]
687 1896 780 1967 Τῷ
891 1893 1057 1950 αὐτου
1109 1891 1217 1951 ἔτει
1247 1898 1281 1965 ἡ
1314 1893 1369 1950 ἒν
1398 1891 1713 1965 Χαλκηδόνι
1744 1895 1869 1971 ἁγία
1896 1913 1986 1948 τε-

2165 1898 2404 1952 Annum
2461 1914 2531 1953 eo
2588 1898 2918 1954 secundum
2986 1899 3320 1970 imperante
3372 1899 3746 1956 Chalcedone

332 1983 503 2059 τάρτη
536 1981 762 2047 σύνοδος
802 1981 1026 2058 γὲγονεν
1078 1984 1183 2039 ὑπὸ
1233 1984 1483 2060 ΙΙατέρων
1516 1983 1628 2059 χλ’,
1662 1982 1715 2039 ἐν
1737 1987 1817 2055 τῷ
1847 2002 1983 2058 μαρ-

326 2074 502 2149 τυρίφ
555 2081 657 2144 τῆς
739 2075 1098 2153 πανευφήμου
1167 2073 1451 2151 Εὗφημία,
1505 2074 1647 2129 κατά
1700 2072 1984 2148 Εύτυχοῦς

328 2163 422 2218 καὶ
454 2163 754 2237 Διοσκόρου
783 2164 871 2219 καὶ
905 2163 1209 2238 Νεστορίου
1247 2166 1355 2217 τῶν
1396 2161 1666 2237 ματαίων,
1708 2160 1984 2239 λεγόντων

333 2255 476 2327 μήτε
528 2254 629 2323 τὴν
687 2254 858 2328 σάρκα
918 2256 1017 2308 τοῦ
1072 2252 1279 2329 Κυρίου
1315 2253 1610 2325 ὁμοούσιον
1650 2254 1789 2325 ἡμῖν
1820 2253 1980 2320 εἶναι,

328 2342 458 2399 ἀλλ’
485 2344 549 2397 ’s‘x
591 2339 688 2398 δύο
735 2342 820 2398 νὶν
884 2340 1094 2422 φύσεων
1145 2343 1245 2412 τήν
1295 2336 1485 2397 ἕνωσιν
1543 2339 1816 2415 λέγεσθαι,
1852 2342 1979 2414 μίαν

332 2430 389 2487 δὲ
417 2432 577 2511 φύσιν
630 2431 1061 2502 ἀποτελεσθῆναι
1115 2433 1249 2505 μετά
1295 2433 1396 2501 τήν
1442 2430 1656 2503 ἔνωσιν,
1700 2430 1789 2486 καὶ
1819 2430 1895 2492 ὡς
1926 2428 1979 2485 ἐν

333 2521 592 2599 φαντασία
644 2523 745 2591 τὴν
806 2521 975 2597 σάρκα
1032 2520 1254 2596 φορέσαί
1326 2520 1418 2575 τὸν
1474 2520 1677 2592 Κύριον
1740 2519 1980 2594 μυθολο-

327 2610 569 2685 γούντων
601 2608 692 2666 καὶ
720 2610 789 2685 τῇ
811 2611 1031 2680 θεότητι
1077 2609 1250 2675 πάθος
1279 2608 1686 2683 ἀπονεμόντων.
1716 2609 1980 2684 Ἡγοῦντο

331 2696 390 2753 δὲ
418 2706 519 2769 τῆς
579 2696 805 2755 συνόδου
872 2699 1103 2762 Λέοντος
1163 2699 1315 2754 πάπα
1343 2699 1563 2772 Ῥώμης
1601 2698 1976 2771 τοποτηρηταὶ

330 2788 650 2867 Πασχάσιος
694 2787 787 2843 καὶ
845 2787 1163 2853 Λουκίνσιος
1217 2785 1503 2843 ἐπίσκοποι
1534 2786 1625 2842 καὶ
1652 2786 1979 2863 Βονιφάκιος

323 2873 714 2954 πρεσϐύτερος,
771 2876 1092 2940 Ἀνατόλιος
1141 2875 1795 2945 Κωνσταντινουπόλεως,
1840 2877 1982 2933 Ἰουο

324 2959 566 3035 ϐενάλης
614 2964 1035 3040 Ἱεροσολύμων.
1096 2966 1493 3037 Καθαιροῦνται
1538 2965 1717 3020 τοίνυν
1746 2966 1800 3019 οἱ
1828 2965 1979 3040 αἱρε-

322 3053 469 3109 τικοί
525 3054 616 3109 καὶ
673 3053 1002 3130 ἐξορίζονται
1068 3053 1122 3109 ἒν
1180 3054 1413 3131 Γάγγρᾳ,
1472 3058 1871 3130 χειροτονεῖται
1922 3050 1981 3109 δὲ

326 3143 622 3219 Προτὲριος
671 3142 969 3206 ἒπίσκοπος
1027 3140 1437 3217 Ἀλεξανδρείας
1484 3143 1604 3198 ἀντὶ
1659 3143 1976 3217 Διοσκόρου.

2097 1991 2309 2056 quarta
2330 1992 2537 2043 sancta
2556 1988 2821 2059 synodus
2843 1993 2974 2044 acta
2995 1993 3106 2059 est,
3129 1989 3191 2044 in
3211 1989 3340 2044 aede
3359 1988 3749 2045 nobilissima

2094 2076 2374 2147 martyris
2404 2077 2766 2148 Enphemim,
2799 2077 3067 2134 collectis
3105 2077 3382 2135 Patribus
3412 2080 3754 2146 630,contra

2092 2164 2418 2234 Eutychen,
2452 2165 2799 2222 Dioscorum
2846 2172 2907 2221 et
2948 2167 3307 2236 Nestorium,
3343 2184 3525 2223 vanos
3554 2167 3749 2222 homi-

2093 2268 2222 2321 nes,
2255 2253 2356 2324 qui
2382 2269 2622 2309 carnem
2680 2253 2897 2310 Christi
2954 2255 3253 2328 negabant
3310 2256 3581 2328 ejusdem
3612 2273 3751 2312 cum

2090 2348 2296 2397 nostra
2325 2358 2456 2397 esse
2485 2347 2735 2411 naturaa,
2766 2342 3262 2414 afﬂrmabantque
3292 2345 3489 2399 unitas
3508 2344 3747 2415 quidem

2091 2431 2239 2486 duas
2268 2431 2331 2486 in
2361 2431 2592 2486 Christo
2633 2436 2897 2500 naturas,
2929 2431 3201 2488 unitione
3255 2438 3453 2487 autem
3486 2431 3749 2503 perfecta

2089 2522 2163 2577 ad
2195 2522 2433 2576 unicam
2464 2521 2679 2576 deinde
2708 2525 2984 2578 naturam
3009 2521 3195 2577 fuisse
3224 2521 3515 2592 redactas,
3538 2522 3746 2579 Domi-

2089 2626 2353 2682 numque
2365 2626 2605 2666 carnem
2622 2627 2744 2666 non
2766 2610 3101 2679 revera,sed
3121 2611 3530 2666 tantummodo
3545 2612 3746 2683 specie

2091 2700 2346 2772 quadam
2390 2704 2715 2772 apparente
2747 2699 3205 2755 circumtulisse.
3241 2700 3428 2756 Iidem
3458 2700 3743 2756 deitatem

2089 2805 2326 2862 passam
2351 2788 2648 2845 dicebant.
2667 2789 3042 2845 Prmfuerunt
3058 2788 3311 2845 concilio
3335 2789 3548 2845 Leonis
3573 2807 3739 2861 papae

2090 2879 2340 2934 Romani
2397 2878 2600 2934 vicarii
2676 2878 2827 2935 605
2898 2877 3253 2934 Paschasius
3312 2882 3371 2933 et
3438 2878 3750 2935 Lucinsius

2091 2967 2375 3039 episcopi,
2435 2982 2503 3023 ac
2560 2966 2897 3023 Bonifacius
2952 2966 3283 3039 presbyter,
3327 2983 3397 3023 ac
3438 2967 3742 3024 Anatolius

2089 3059 2455 3131 Cpolitanus,
2521 3058 2822 3114 Iuvenalis
2906 3057 3399 3131 Hierosolymaaus
3455 3059 3742 3132 episcopi.

2090 3149 2361 3205 Haeretici
2389 3147 2654 3204 damnati
2686 3153 2746 3203 et
2775 3149 3068 3220 Gangram
3097 3152 3237 3204 sunt
3265 3147 3534 3220 relegati,
3558 3147 3743 3219 inque

325 3233 391 3288 Ἱι
425 3229 483 3287 δὲ
510 3232 640 3307 αγία
705 3228 935 3295 σύνοδος
992 3232 1291 3307 ἐξεφώνησε
1340 3230 1550 3288 τὲλειον
1611 3232 1743 3289 Θεὸν
1768 3232 1860 3289 καὶ
1888 3231 1978 3288 τέο

2099 3239 2286 3294 locum
2318 3238 2582 3295 Dioscori
2605 3237 2918 3310 episcopus
2943 3236 3313 3293 Alexandria;
3344 3242 3577 3294 creatus
3605 3238 3742 3292 Pro-

333 3319 485 3376 λειον
511 3320 796 3396 ἄνθρωπον
834 3323 929 3377 τὸν
955 3320 1116 3377 αὐτὸν
1146 3321 1203 3377 ἐν
1234 3319 1329 3377 δύο
1360 3321 1601 3400 φύσεσιν,
1633 3322 1984 3398 ἃσυγχύτως,

333 3407 680 3482 αδιαιρέτως,
709 3411 802 3467 τὸν
860 3411 1064 3487 Κύριον
1103 3414 1264 3485 ἡμῶν
1311 3413 1402 3467 καὶ
1454 3412 1583 3468 Θεὸν
1613 3413 1820 3481 Ἰησοῦν
1851 3413 1985 3487 Χρι-

339 3499 482 3557 στόν.
517 3500 620 3555 Δύο
654 3497 711 3555 δὶ
752 3500 1001 3576 εἰρήκασι
1030 3500 1215 3578 φύσεις
1265 3505 1343 3573 τῷ
1389 3498 1542 3575 λόγῳ
1569 3507 1667 3571 τῆς
1697 3498 1986 3581 διαφορᾶς,

338 3589 404 3644 υύ
459 3594 537 3663 τῷ
594 3588 752 3668 λόγῳ
808 3596 909 3659 τῆς
964 3586 1299 3665 διαιρέσεως.
1353 3591 1467 3660 Τήν
1525 3609 1584 3645 τε
1638 3594 1736 3645 τοῦ
1763 3590 1989 3663 Ῥώμης

338 3677 492 3733 πάπα
548 3677 779 3742 Λέοντος
837 3678 1134 3748 ἐπιστολὴν
1200 3680 1337 3754 πρὸς
1394 3673 1706 3734 Φλαόιανὸν
1761 3682 1989 3755 γραφεῖ-

340 3788 436 3822 σαν
465 3768 538 3830 ὡς
587 3767 797 3839 στήλην
859 3765 1174 3845 ὀρθοδοξίας
1232 3765 1496 3839 ἐδέξαντο.
1550 3768 1899 3841 Ἐπικυροῦσι
1931 3764 1989 3822 δὲ

334 3858 429 3912 καὶ
483 3859 583 3928 τήν
640 3858 936 3929 Νεστορίου
993 3857 1322 3932 καθαίρεσιν,
1392 3855 1669 3928 Ἐδέξαντο
1724 3853 1781 3911 δὲ
1847 3861 1985 3910 Θεο-

337 3943 587 4017 δώρητον
646 3946 737 4001 καὶ
795 3941 942 4003 Ἰϐαν
1003 3947 1078 4010 ὡς
1146 3945 1634 4020 ἀναθεματίσαντας
1678 3944 1987 4019 Νεστόριον.

408 4040 503 4107 Τῷ
531 4043 577 4110 γ’
604 4031 710 4091 ἔτει
740 4037 776 4106 ἡ
813 4036 1053 4111 μακαρία
1081 4036 1173 4092 καὶ
1222 4030 1447 4104 εύσεὸἠς
1498 4033 1813 4109 Πουλχερία
1838 4033 1991 4088 ’ἐκοι-

339 4127 493 4197 μήθη
554 4124 607 4180 ἐν
660 4127 878 4199 Χριστῷ
934 4127 1196 4201 παρθένος
1268 4125 1360 4181 καὶ
1449 4124 1528 4197 μή
1613 4121 1987 4201 διαφθαρεῖσα,

334 4213 508 4268 πάντα
535 4213 604 4268 τὰ
632 4215 827 4284 ἑαυτῆς
858 4220 1107 4289 πτωχοῖς
1140 4211 1477 4286 διανείμασα.

411 4498 506 4567 Τῷ
536 4491 582 4548 δ⁸
612 4491 719 4550 ἔτει
758 4493 1201 4558 Οὐαλεντινιανὸς
1251 4497 1279 4551 ὁ
1325 4502 1426 4565 τῆς
1479 4494 1702 4569 Ῥώμης
1737 4493 1991 4571 βασιλεὺς

2090 3329 2295 3384 terius.
2328 3327 2738 3383 Pronuntiavit
2767 3343 2935 3383 sacra
2981 3327 3096 3382 ista
3126 3325 3389 3399 synodus
3421 3326 3740 3382 Dominum

2089 3433 2157 3472 ac
2188 3418 2374 3472 Deum
2404 3421 2675 3472 nostrum
2701 3417 2902 3472 Jesum
2933 3417 3232 3473 Christum
3265 3414 3592 3486 perfectum
3614 3432 3743 3472 esse

2088 3508 2275 3562 Deum
2308 3511 2367 3560 et
2410 3505 2736 3577 perfectum
2795 3505 3120 3574 hominem,
3178 3503 3456 3560 eumdem
3513 3502 3743 3559 duabus

2088 3594 2320 3652 naturis
2350 3599 2744 3659 constantem,
2775 3594 2904 3649 sine
2955 3593 3077 3649 ulla
3123 3593 3215 3648 vel
3259 3592 3609 3648 confusione
3649 3592 3746 3647 vel

2091 3685 2364 3750 divione;
2396 3684 2543 3739 duas
2576 3688 2775 3739 autem
2831 3682 2894 3737 in
2949 3699 3018 3737 eo
3070 3687 3316 3738 naturas
3348 3698 3478 3738 esse
3508 3683 3739 3738 ratione

2091 3789 2214 3829 non
2243 3771 2570 3839 divisionis,
2600 3770 2706 3826 sed
2737 3770 3121 3825 discriminis.
3154 3769 3474 3841 Epistolam
3503 3785 3741 3839 quoque

2093 3864 2306 3919 Leonis
2335 3879 2501 3935 papas
2548 3860 2797 3917 Romani
2845 3859 2919 3915 ad
2966 3859 3335 3927 Flavianum,
3367 3863 3433 3913 ut
3461 3858 3739 3914 columen

2090 3958 2267 4008 rectae
2302 3951 2462 4017 fidei,
2494 3949 2987 4022 approbaverunt.
3016 3948 3269 4003 Nestorii
3311 3963 3548 4019 quoque
3575 3946 3744 4002 dam-

2091 4042 2396 4097 nationem
2448 4045 2637 4095 ratam
2720 4038 3034 4109 habuerut,
3118 4036 3473 4092 Theodorito
3532 4041 3590 4090 et
3642 4034 3748 4090 Iba

2092 4131 2368 4202 receptis,
2401 4129 2501 4199 qui
2535 4144 2672 4183 eum
2704 4128 3149 4182 damnaverant.

2162 4225 2356 4281 Tertio
2381 4240 2560 4293 anno,
2597 4222 2833 4295 imperii
2873 4221 3157 4277 Marciani
3189 4219 3522 4286 Pulcheria,
3555 4218 3749 4273 invio-

2090 4315 2214 4371 lata
2241 4313 2423 4385 virgo,
2455 4328 2663 4367 omnes
2693 4328 2830 4367 suas
2856 4310 3169 4366 facultates
3200 4308 3562 4381 pauperibus
3592 4308 3750 4363 elar-

2092 4406 2231 4479 gita,
2262 4405 2395 4460 vitae
2423 4419 2678 4476 pensum
2709 4401 2978 4458 absolvit.

2163 4496 2382 4561 Quarto
2413 4509 2593 4563 anno,
2624 4491 3076 4548 Valentinianus
3107 4488 3445 4545 Occidentis
3486 4488 3752 4559 impera-

333 4588 450 4681 τῶν
496 4583 594 4655 μὲν
645 4582 821 4659 ὀρθῶν
871 4591 972 4654 τῆς
1023 4584 1357 4656 Ἐκκλησίας
1403 4583 1694 4662 δογμάτων
1722 4583 1986 4657 ἀντελαμ-

2101 4590 2211 4653 tor,
2271 4582 2509 4639 tametsi
2572 4598 2771 4638 veram
2854 4580 3206 4652 religionem
3265 4576 3730 4650 amplecteretur

334 4668 555 4741 ϐάνετο,
587 4673 776 4748 πολλῇ
808 4671 866 4729 δὲ
900 4679 970 4749 τῇ
1003 4674 1314 4751 παρανομία
1362 4673 1415 4730 ἐν
1461 4679 1531 4750 τῇ
1587 4675 1778 4730 ἑαυτοῦ
1809 4673 1986 4749 διαίτῃ

2101 4676 2282 4732 vitam
2314 4681 2512 4731 tamen
2545 4674 2663 4747 egit
2689 4672 3065 4745 ﬂagitiosam.
3089 4672 3235 4726 Cum
3259 4669 3420 4725 enim
3449 4667 3751 4723 formosis-

335 4761 631 4838 ἐκέχρητο*
694 4763 1095 4838 εύπρεπεστατῃ
1165 4765 1269 4841 γὰρ
1345 4763 1558 4837 γυναικὶ
1610 4760 1844 4836 Εύδοξίᾳ
1902 4784 1992 4817 συ-

339 4855 470 4921 ζῶν,
527 4852 749 4926 θυγατρὶ
807 4849 1098 4908 Θεοδοσίου
1153 4857 1252 4908 τοῦ
1312 4849 1607 4928 βασιλέως,
1667 4850 1988 4928 ἀλλοτρίαις

341 4938 730 5014 δαιμονιωδῶς
768 4940 1058 5018 ἐκέχρητο.
1109 4940 1328 5017 Ὠμίλει
1377 4940 1434 4997 δὲ
1482 4946 1725 5017 συνεχῶς
1755 4943 1989 5004 καὶτοῖς

339 5030 411 5086 τὰ
461 5030 714 5106 περίεργα
769 5030 1089 5106 πράττουσυ
1142 5028 1227 5086 διὸ
1293 5031 1381 5086 καὶ
1446 5029 1699 5104 οἷκτίστῳ
1761 5027 1990 5104 παραδί-

341 5117 497 5174 δοται
548 5119 780 5193 θανάτῳ.
830 5118 1080 5193 Μαξίμου
1122 5121 1226 5196 γὰρ
1271 5125 1370 5176 τοῦ
1421 5119 1508 5176 ἐπὶ
1557 5116 1847 5175 Θεοδοσίου
1894 5123 1992 5175 τοῦ

341 5207 591 5281 Νεγάλου
640 5209 1069 5282 τυραννήσαντος
1123 5203 1347 5284 ἔκγονος
1411 5209 1502 5263 καὶ
1560 5208 1879 5281 ὁμώνυμος,
1936 5205 1988 5261 ἐν

341 5301 465 5360 τοὶς
508 5298 644 5352 κατά
684 5297 908 5370 Ῥώμην
958 5296 1266 5372 πατρικίοις
1314 5296 1508 5367 τελῶν,
1558 5294 1709 5352 ἔνδον
1756 5300 1853 5351 τοῦ
1891 5317 1993 5350 πα·

343 5385 538 5443 λατίου
593 5386 887 5461 γενόμενος
944 5385 1036 5442 τὸν
1091 5386 1535 5445 Ούαλεντινιανὸν
1581 5386 1847 5465 ἀπέσφαξε
1902 5385 1993 5441 καὶ

342 5479 414 5548 τῇ
478 5473 710 5548 Εὖδοξίᾳ
762 5478 1007 5553 συνεγέτο
1056 5476 1147 5532 καὶ
1208 5479 1308 5538 τῆς
1380 5475 1655 5549 βασιλείας
1711 5476 1990 5550 ἐκράτησε»

345 5563 419 5619 δι’
463 5565 537 5619 ὧν
583 5567 688 5640 γάρ
717 5586 799 5628 τις
851 5565 1163 5641 ἁμαρτάνει,
1213 5563 1284 5620 δι’
1330 5564 1506 5619 αὐτῶν
1536 5564 1626 5620 καὶ
1659 5562 1992 5620 παιδεύεταιο

347 5655 473 5708 Ἐπὶ
514 5653 707 5717 τούτος
737 5657 772 5724 ἡ
823 5652 1052 5727 Εύδοξία
1102 5650 1387 5734 ἀχθομένη
1444 5653 1852 5727 μεταπέμπεται
1896 5654 1988 5708 τὸν

2104 4767 2314 4821 simam
2344 4764 2592 4819 haberet
2619 4777 2864 4817 uxorem
2894 4760 3243 4827 Eudoxiam,
3268 4757 3455 4814 filiam
3483 4752 3752 4811 Theodo-

2103 4855 2175 4911 sii
2199 4851 2594 4925 imperatoris,
2617 4850 3010 4905 nihilominus
3033 4847 3282 4903 sceleste
3304 4844 3518 4901 alienis
3538 4841 3754 4897 mulie-

2102 4943 2268 4999 ribus
2296 4941 2688 4997 abutebatur:
2748 4942 2875 4993 erat
2931 4951 3167 5008 quoque
3223 4934 3275 4988 ei
3332 4931 3574 4988 assidua
3613 4946 3751 4985 cum

2105 5031 2367 5088 curiosas
2425 5035 2581 5087 artes
2640 5024 3031 5083 tractantibus
3088 5019 3476 5079 consuetudo.
3547 5019 3751 5089 Itaque

2106 5121 2282 5175 etiam
2340 5117 2678 5173 miserrima
2734 5119 2924 5171 morte
2974 5111 3170 5184 periit.
3227 5109 3513 5165 Maximus
3570 5106 3756 5177 enim,

2104 5225 2290 5280 nepos
2348 5207 2479 5279 ejus
2535 5205 2768 5261 Maximi
2828 5202 2929 5275 qui
2987 5199 3304 5257 Theodosii
3358 5197 3549 5269 Magni
3580 5200 3755 5252 aetate

2106 5296 2483 5370 tyrannidem
2542 5295 2855 5361 invaserat,
2916 5293 3115 5346 Romus
3173 5287 3421 5359 patricia
3471 5286 3758 5360 dignitate

2106 5387 2326 5459 degens
2355 5387 2417 5441 in
2447 5385 2729 5458 palatium
2752 5381 3040 5455 pervenit,
3062 5377 3551 5434 Valentinianum
3580 5392 3762 5431 neca-

2106 5478 2206 5546 vit,
2238 5474 2563 5531 Eudoxiam
2611 5472 2914 5544 stupravit,
2950 5468 3324 5541 imperioque
3353 5466 3507 5522 συθ
3537 5466 3760 5537 potitus

2108 5570 2235 5620 est:
2270 5563 2464 5620 solent
2495 5564 2652 5617 enim
2686 5560 2910 5633 ﬂagitia
2934 5564 2991 5615 et
3011 5558 3085 5613 iis
3110 5555 3352 5611 inﬂicta:
3382 5570 3571 5626 paenae
3594 5553 3755 5625 ejus-

2106 5654 2241 5711 dem
2275 5670 2403 5709 esse
2434 5651 2688 5726 generis.
2718 5652 2791 5704 At
2818 5648 3083 5704 Endoxia
3109 5645 3363 5719 graviter
3392 5659 3521 5698 eam
3557 5641 3755 5696 ferens
