4170 6204
362 402 504 463 659‘

1728 390 2054 454 GEORGII
2095 393 2440 455 CEDRENI

3650 402 3777 463 660

365 537 671 607 injuriam,
730 531 1095 589 Gizerichum
1154 546 1224 584 ex
1264 528 1462 584 Africa
1516 530 1764 583 Romam
1793 532 2018 594 evocat,

2142 528 2421 601 Γιζὲριχον
2478 528 2529 600 ἐξ
2589 528 2856 607 Ἀφρικῆς
2914 527 2994 593 εἷς
3050 529 3297 605 Ῥώμην,
3369 531 3788 606 παρακαλέσασα

368 643 583 697 rogans
636 630 702 679 ut
757 640 820 677 se
869 621 1105 676 Maximi
1168 620 1483 690 tyrannide
1540 619 1840 674 liberaret.
1875 620 2021 673 Cum

368 714 700 771 Gizericbus
756 726 971 782 magna
1023 726 1159 765 cum
1214 709 1405 764 classe
1436 708 1506 765 ad
1540 710 1789 764 Romam
1837 706 2020 762 advec-

363 803 572 870 nisset,
603 800 894 857 Maximus
924 799 987 854 in
1014 798 1150 870 fuga
1178 814 1213 854 ιι
1244 799 1370 854 suis
1401 797 1770 865 trucidatur;
1803 794 2021 851 Barba-

363 908 463 945 rus
527 889 699 945 tertio
758 905 794 944 a
834 888 974 961 fuga
1030 888 1265 944 Maximi
1322 887 1415 943 die
1476 889 1723 943 Romam
1780 885 2020 961 nemine

363 980 690 1036 obsistente
723 960 925 1034 intrat.
961 978 1064 1033 Hic
1110 977 1406 1049 impositis
1437 977 1498 1032 in
1535 992 1714 1032 naves
1744 960 2021 1031 omnibus

362 1069 529 1125 urbis
560 1067 771 1140 Opibus
819 1072 997 1138 atque
1043 1066 1330 1134 donariis,
1379 1082 1548 1121 sacra
1595 1066 1775 1121 etiam
1818 1063 2020 1135 supel—

361 1160 583 1229 lectile,
644 1177 774 1230 quae
832 1159 1023 1215 solido
1083 1175 1226 1213 auro
1285 1163 1346 1212 et
1402 1156 1697 1229 lapidibus
1745 1155 2019 1227 pretiosis

364 1250 694 1318 constabat,
728 1255 787 1305 et
815 1250 969 1304 vasis
1000 1248 1302 1305 Hebraicis
1332 1262 1463 1317 quas
1493 1247 1655 1301 Titus
1686 1246 2022 1315 Hierosoly-

365 1342 479 1396 mis
509 1339 809 1408 attulerat,
841 1338 1095 1394 abducta
1143 1338 1320 1392 etiam
1352 1335 1729 1406 imperatrice
1761 1333 2023 1389 Eudoxia

366 1436 427 1486 et
455 1431 583 1503 ejus
614 1430 840 1494 liberis,
862 1428 925 1483 in
946 1428 1205 1483 Africam
1230 1427 1426 1482 rediit.
1452 1428 1541 1482 Ita
1564 1424 1826 1481 secundo
1851 1429 2023 1496 capta

369 1526 459 1577 est
488 1523 691 1588 Roma,
726 1519 893 1590 prius
924 1518 996 1572 ab
1042 1517 1275 1573 Alarico
1325 1519 1635 1586 occupata.
1688 1514 2023 1569 Gizerichus

367 1610 689 1664 Eudoxiam
708 1607 1042 1663 Honoricho
1062 1607 1325 1662 ﬁliorum
1344 1620 1588 1661 suorum
1605 1608 1753 1660 natu
1764 1603 2024 1659 maximo

369 1698 663 1768 copulavit
686 1714 698 1753 :
722 1695 1049 1752 Placidiam
1071 1695 1309 1767 Olybrio
1331 1694 1581 1766 patricio
1604 1693 2025 1764 desponsatam

371 1787 622 1843 audiens
662 1802 799 1841 cum
828 1790 1018 1841 matre
1044 1783 1309 1845 Eudoxia
1329 1782 1667 1838 asservavit.
1702 1780 2026 1852 Majorinus

2130 613 2476 689 λυτρωθῆναι
2505 624 2608 687 τῆς
2653 622 2753 673 τοῦ
2810 619 3064 692 Μαξίμου
3118 618 3456 694 τυραννίδος.
3490 622 3784 700 Γιζερίχου

2130 701 2187 759 δὲ
2229 704 2413 780 στόλῳ
2481 706 2706 783 μεγάλῳ
2762 707 3157 771 ἐκπλεύσαντος
3212 710 3289 772 εἷς
3338 711 3581 786 Ῥώμην,
3614 716 3783 787 Μάξι-

2132 815 2234 867 μος
2259 800 2403 873 φυγῇ
2434 794 2733 871 ἐχρήσατο,
2765 798 2816 853 οἱ
2864 794 2921 853 ὂὶ
2976 798 3224 861 συνόντες
3254 800 3407 873 αὐτῷ
3438 801 3652 858 ἀνεῖλον
3682 803 3785 858 αύ-

2126 884 2241 939 τόν.
2309 885 2371 941 Ὁ
2438 882 2496 940 δὲ
2561 886 2847 962 Γιζέριχος
2917 884 3154 960 μηδενὸς
3219 890 3371 962 αὐτῷ
3436 890 3783 957 ἀντιστάντος

2129 975 2217 1046 [Ρ.
2272 975 2399 1047 346]
2454 973 2706 1045 εἰσῆλθεν
2762 976 2841 1038 είς
2896 976 3119 1050 Ῥώμην
3164 981 3234 1051 τῇ
3281 980 3438 1053 τρίτῃ
3467 980 3653 1058 ἡμέρᾳ
3679 990 3784 1053 τῆς

2128 1068 2303 1140 φυγῆς
2337 1063 2608 1137 Μαξίμουο
2668 1065 2759 1120 καὶ
2816 1062 3002 1121 λαϐὼν
3060 1067 3235 1125 πάντα
3273 1069 3340 1125 τὰ
3369 1071 3654 1149 χρήματα,
3687 1073 3784 1128 καὶ

2127 1153 2193 1206 τὰ
2220 1159 2321 1222 τῆς
2369 1153 2589 1215 πόλεως
2643 1151 2961 1227 ἀναθήματα
3008 1155 3085 1217 εἷς
3143 1155 3211 1211 τὰ
3263 1157 3437 1213 πλοῖα
3494 1155 3783 1234 ἐμϐαλὼν,

2126 1239 2181 1298 ἐν
2211 1244 2294 1305 οἷς
2339 1244 2472 1313 ἦσαν
2526 1242 2797 1318 κειμήλια
2844 1243 3128 1321 ὁλόχρυσα
3183 1247 3275 1301 καὶ
3328 1246 3552 1313 διάλιθα
3580 1248 3789 1322 ἐκκλη-

2131 1333 2379 1389 σιαστικᾶ
2434 1333 2525 1388 καὶ
2582 1334 2745 1405 σκεύη
2808 1330 3092 1411 Ἑϐραϊκὰ,
3124 1337 3259 1413 ἅπερ
3299 1339 3328 1393 6
3377 1339 3787 1397 Οὐεσπασιανοῦ

2130 1427 2292 1486 Τῖτος
2321 1422 2372 1493 ἐξ
2402 1423 2799 1498 Ἱεροσολύμων
2861 1423 3136 1503 ἀφείλετο,
3198 1427 3290 1482 σὺν
3345 1429 3563 1492 τούτοις
3598 1424 3789 1485 λαϐὼν

2130 1511 2229 1580 τὴν
2263 1507 2525 1581 Εὐδοξίαν
2554 1513 2654 1581 τὴν
2718 1509 2974 1588 βασιλίδα
3030 1513 3122 1568 καὶ
3176 1515 3244 1569 τὰ
3292 1516 3452 1571 τέκνα
3484 1515 3673 1588 αὐτῆς,
3707 1518 3787 1580 εἰς

2133 1598 2397 1677 Ἀφρικὴν
2429 1596 2787 1655 ἀπὲπλευσεν.
2822 1603 2968 1664 Ἕως
3004 1599 3113 1656 ὧδε
3143 1599 3365 1675 δευτέρα
3405 1603 3612 1668 ἅλωσις
3640 1606 3791 1661 Ῥώ-

2136 1708 2245 1761 μης
2271 1694 2374 1756 τῆς
2410 1687 2671 1762 μεγάλης,
2703 1689 2897 1761 πρώτη
2950 1690 3044 1763 μὶν
3104 1691 3212 1746 ὕπὸ
3238 1690 3569 1769 Ἀλαρίχου,
3601 1692 3784 1751 δευτέ-

2135 1794 2202 1851 ρα
2231 1772 2289 1830 δὲ
2320 1775 2423 1831 ὑπὸ
2456 1776 2767 1851 Γιζερίγου.
2806 1778 2911 1833 Καὶ
2940 1780 3042 1848 τὴν
3075 1780 3170 1852 μὶν
3202 1778 3464 1852 Εύόοξίαν
3509 1784 3789 1860 Ὀνορίλῳ

373 1877 609 1948 cognita
637 1874 871 1929 Maximi
902 1873 1061 1929 caede
1093 1876 1423 1928 Romanum
1450 1871 1766 1942 imperium
1796 1868 2029 1940 occepit

2142 1869 2213 1971 ἰῷ
2242 1885 2514 1971 πριϊτοκῳ
2545 1867 2648 1937 υἱῷ
2685 1865 2851 1921 αὐτοῦ
2883 1867 3174 1941 συνέζευξε·
3227 1870 3327 1939 τὴν
3383 1868 3441 1925 δὲ
3492 1868 3791 1928 [Ιλακιδίαῖι

373 1983 439 2022 ac
470 1965 781 2021 biennium
812 1964 1023 2019 tenuit.
1075 1965 1212 2018 Post
1263 1978 1399 2018 eum
1438 1961 1642 2016 Avitus
1674 1976 1866 2015 annos
1895 1959 2029 2013 toti-

375 2055 531 2121 dem,
564 2053 703 2109 inde
723 2053 970 2108 Severus
991 2052 1340 2106 triennium.
1360 2053 1500 2105 Post
1526 2050 1683 2105 hunc
1706 2049 2032 2119 imperator

376 2147 576 2200 Romae
608 2142 810 2197 nullus
839 2142 969 2207 fuit,
1032 2141 1137 2196 sed
1194 2140 1539 2196 Recimerus
1569 2155 1696 2193 rem
1726 2137 2028 2209 publicam

377 2231 834 2301 administravit,
906 2229 1025 2285 dux
1101 2229 1330 2284 militias
1389 2234 1449 2283 et
1504 2244 1715 2299 magna
1767 2232 2030 2282 armatus

375 2321 659 2394 potentia.
686 2321 753 2374 In
784 2320 1019 2376 Oriente
1050 2323 1249 2374 autem
1280 2316 1481 2373 omnia
1530 2317 1770 2371 fuerunt
1799 2320 2027 2387 pacata,

375 2411 523 2466 adeo
563 2409 806 2481 quidem
864 2414 930 2464 ut
984 2424 1053 2463 ea
1109 2423 1292 2463 aurea
1348 2410 1491 2461 mtas
1521 2406 1840 2461 diceretur.
1871 2406 2030 2459 Tunc

375 2501 554 2557 etiam
584 2500 838 2570 Symeon
869 2497 1200 2553 monachus
1250 2497 1311 2557 in
1361 2495 1638 2551 columna
1663 2499 1852 2564 stans,
1886 2493 2030 2562 vita,

373 2590 647 2646 doctrina
676 2594 735 2643 et
763 2587 1072 2643 miraculis
1103 2585 1327 2641 ﬂoruit.

373 2683 499 2740 σοῦς
524 2676 650 2740 τοὺς
683 2677 920 2755 χρόνους
949 2673 1176 2738 τούτους
1205 2672 1479 2749 λάγεσθαι.
1509 2672 1650 2730 Τότε
1675 2671 1765 2727 καί
1797 2671 2025 2744 Συμεὼν

375 2766 613 2840 θαύμασι
642 2763 897 2839 διέπρεπε
910 2802 921 2821 .

446 2857 596 2911 001
633 2854 849 2920 Quinto
876 2869 1033 2908 anno
1062 2858 1180 2908 tres
1208 2853 1408 2923 magni
1429 2851 1658 2924 lapides
1686 2851 1759 2906 de
1789 2850 1937 2907 ccelo
1969 2850 2031 2905 in

372 2943 686 3002 Thraciam
716 2942 1088 2998 deciderunt.
1150 2943 1377 2997 Mortua
1435 2946 1524 2996 est
1580 2942 1761 2996 etiam
1792 2942 2030 2996 Jerusa-

373 3036 545 3091 lemas
598 3032 859 3088 Eudocia
913 3031 1225 3089 Theodosii
1291 3046 1461 3101 uxor,
1520 3029 1711 3086 multa
1764 3030 2030 3086 ecclesiae

373 3125 567 3197 legata
596 3122 979 3194 relinquens;
1034 3122 1373 3194 juravitque
1432 3121 1695 3176 moriens
1732 3120 2031 3176 insontem

377 3231 439 3271 se
471 3230 598 3270 esse
629 3213 894 3269 criminis
915 3211 987 3267 de
1017 3210 1267 3266 Paulino
1300 3209 1411 3265 sibi
1445 3209 1709 3280 impacti.

444 3393 706 3465 Septimo
764 3407 920 3447 anno
979 3390 1232 3445 moritur
1289 3388 1643 3453 Marcianus,
1698 3392 1756 3443 et
1804 3388 1866 3442 in
1906 3386 2031 3442 aede

375 3484 726 3538 Sanctorum
759 3478 1169 3550 Apostolorum
1222 3477 1525 3548 sepelitur.
1575 3479 1733 3532 Uxor
1762 3476 1892 3547 ejus
1920 3476 2036 3531 fuit

373 3569 690 3627 Pulcheria
718 3568 962 3624 nomine
998 3574 1209 3623 tenus:
1240 3583 1364 3622 non
1417 3567 1577 3622 enim
1611 3582 1746 3622 cum
1780 3582 1849 3622 ea
1892 3582 2033 3621 cono

376 3660 599 3716 cubuit.
650 3659 1068 3730 Episcopatum
1116 3656 1492 3728 Cpolitanum
1540 3655 1783 3727 gerebat
1821 3657 2035 3710 Anato-

381 3751 520 3816 lius,
556 3748 732 3804 Attici
766 3763 1095 3803 successor.
1126 3752 1335 3802 Annus
1363 3745 1416 3800 is
1446 3746 1558 3801 fuit
1605 3761 1638 3800 a
1676 3744 1884 3800 mundi
1916 3745 2034 3800 ori-

379 3840 515 3910 gine
546 3840 706 3906 5950,
741 3836 813 3892 ab
843 3835 1255 3891 incarnatione
1293 3833 1461 3889 Verbi
1496 3836 1621 3889 456.

448 3927 750 3983 Marciano
788 3924 1074 3981 successit
1108 3924 1218 3979 Leo
1251 3925 1513 3996 Magnus,
1545 3938 1693 3978 vera:
1723 3922 2033 3995 religionis

379 4023 575 4074 tenax.
608 4014 919 4086 Imperavit
940 4029 1128 4067 annos
1151 4011 1597 4084 septemdecim.
1621 4013 1761 4069 Erat
1788 4027 2037 4082 corpore

379 4106 606 4181 gracili,
640 4104 821 4160 barba
866 4119 1020 4170 rara,
1052 4101 1371 4173 prudentia
1402 4107 1668 4169 ornatus,
1701 4101 2038 4156 litterarum

383 4200 440 4250 et
483 4193 938 4264 disciplinarum
994 4189 1180 4244 rudis.
1238 4192 1489 4245 Uxorem
1524 4190 1729 4245 habuit
1762 4191 2035 4246 Verinam

382 4283 648 4339 Basilisci
677 4297 961 4336 sororem.
995 4279 1311 4336 Dicebatur
1340 4279 1638 4347 Macellus,
1663 4279 1824 4349 quod
1853 4282 2038 4351 Aspa-

383 4390 510 4427 rem
543 4377 601 4427 et
630 4369 1024 4426 Ardaburium
1082 4373 1365 4439 tanquam
1424 4368 1674 4424 Arianos
1724 4374 2035 4427 necasset:

384 4479 523 4520 nam
557 4478 591 4516 a
635 4456 946 4514 macta‘ndo
1003 4457 1065 4512 id
1124 4473 1453 4529 cognomen
1507 4457 1730 4515 Latinis
1779 4458 2036 4516 ducitur.

2134 1952 2303 2031 ἄνδρα
2331 1951 2479 2031 ἔχειν
2513 1957 2697 2029 μαθὼν
2731 1954 3024 2033 Ὀλύϐριον
3064 1959 3154 2013 τὸν
3201 1960 3486 2036 πατρίκιον
3520 1963 3656 2036 μετὰ
3683 1966 3787 2033 τῆς

2142 2044 2348 2119 μητρὸς
2380 2043 2639 2124 ἐφύλαξεν
2697 2043 2974 2116 Εὖδοξίας.
3031 2050 3231 2112 Μαθὼν
3284 2047 3341 2105 δὲ
3396 2051 3489 2106 τὸδ
3531 2053 3791 2127 Μαξίμου

2139 2134 2367 2189 θάνατον
2432 2135 2750 2210 Μαιωρῖνος
2806 2130 3126 2192 ἐϐασίλευσε
3187 2137 3412 2213 Ῥώμης
3473 2138 3565 2212 ἔτη
3598 2143 3668 2216 β’,
3696 2142 3793 2198 καὶ

2141 2224 2256 2296 μετ’
2287 2222 2447 2281 αὐτὸν
2475 2218 2703 2288 Ἂϐιτος
2752 2218 2846 2296 ἴτη
2905 2225 2973 2300 β’,
3034 2227 3124 2283 καὶ
3159 2228 3293 2300 μετᾶ
3321 2232 3513 2284 τοῦτον
3546 2226 3796 2306 Σεϐῆρὸς

2138 2306 2232 2380 ἔτη
2286 2312 2356 2387 γ’.
2416 2311 2515 2369 Καὶ
2576 2313 2692 2386 μετ’
2751 2313 2916 2369 αὐτὸν
2972 2313 3149 2370 οὐκετι
3202 2314 3461 2391 βασιλεὺς
3490 2315 3544 2373 ἐν
3570 2320 3791 2394 Ῥώμῃ,

2139 2398 2285 2455 ἄλλὰ
2354 2401 2661 2475 Ῥεκίμερες
2728 2398 2914 2475 διῴκει
2994 2403 3062 2458 τὰ
3118 2404 3415 2481 πράγματα
3471 2412 3790 2484 στρατηγῶν

2137 2490 2226 2545 καὶ
2292 2487 2541 2567 μεγάλην
2596 2489 2974 2568 περικείμενος
3055 2490 3310 2568 δύναμιν.
3372 2495 3519 2554 Κατὰ
3580 2494 3635 2552 δὲ
3688 2500 3790 2567 τὴν

2136 2579 2310 2651 Ἑῴαν
2368 2580 2548 2650 πάσης
2604 2579 2859 2654 γαλήνης
2920 2586 3176 2662 μετεῖχον
3236 2584 3466 2653 ἅπαντα,
3531 2586 3605 2648 ὡς
3651 2604 3796 2662 χρυ-

2076 2669 2105 2724 6
2154 2671 2255 2734 τῆς
2306 2665 2544 2744 μάνδραις
2574 2670 2689 2740 (73)
2717 2670 2886 2733 δστὼς
2918 2668 3006 2727 ἐπὶ
3037 2672 3231 2735 κίονος
3264 2673 3368 2749 βίῳ
3397 2674 3488 2729 καὶ
3522 2672 3673 2751 λόγῳ
3700 2675 3793 2730 καὶ

2211 2850 2301 2920 Τῷ
2330 2853 2368 2902 ε’
2397 2842 2506 2902 ἔτει
2538 2846 2684 2903 λίθοι
2724 2854 2872 2925 τρεῖς
2927 2852 3299 2929 παμμεγέθεις
3349 2851 3411 2908 ἐκ
3438 2857 3535 2908 τοῦ
3562 2842 3795 2930 οὖρανοῦ

2140 2933 2194 2990 ἐν
2222 2939 2293 3010 τῇ
2326 2935 2507 3011 Θρᾴκῃ
2540 2931 2749 2995 ἔπεσον.
2813 2939 2917 2995 Καὶ
2976 2938 3217 2997 Εύδοκία
3257 2944 3367 3016 (74)
3397 2943 3433 3007 ἡ
3464 2946 3561 2998 τοῦ
3591 2942 3793 2999 Θεοδο-

2143 3024 2261 3080 σίου
2299 3027 2434 3102 γυνὴ
2467 3024 2520 3081 ἐν
2546 3026 2962 3102 Ἰεροσολύμοις
3008 3028 3261 3101 τελευτᾷ,
3304 3030 3493 3088 πολλὰ
3538 3030 3797 3087 καταλει-

2143 3117 2285 3189 ψασα
2346 3120 2468 3178 ταῖς
2520 3114 2865 3188 ἐκκλησίαις,
2917 3118 3008 3174 καὶ
3065 3120 3117 3175 ἐν
3171 3125 3253 3193 τῷ
3307 3126 3562 3193 τελευτᾷν
3625 3122 3797 3192 αὐτὴν

2137 3201 2463 3277 ἐπωμόσατο
2509 3206 2586 3277 μή
2638 3202 2943 3263 συνειδίναι
2999 3212 3068 3284 τῇ
3125 3211 3239 3265 κατ’
3298 3208 3467 3280 αὐτῆς
3496 3212 3799 3289 κατηγορίᾳ

2134 3290 2310 3351 ἳνεκεν
2343 3292 2648 3353 Ιιαυλίνου.

2209 3385 2307 3454 Τῷ
2339 3379 2397 3439 δὶ
2428 3389 2470 3453 ζ’
2498 3379 2606 3440 ἔτει
2664 3386 2975 3462 Μαρκιανὸς
3032 3388 3060 3442 6
3116 3386 3375 3463 βασιλεὺς
3430 3389 3675 3462 τελευτᾷ,
3707 3393 3795 3447 καὶ

2138 3467 2293 3541 ἐτέθη
2324 3472 2387 3526 τὸ
2419 3476 2578 3545 σῶμα
2608 3473 2779 3529 αὐτοῦ
2821 3474 2874 3531 ἐν
2929 3480 3013 3550 τῷ
3066 3478 3238 3551 ἡρῴῳ
3269 3480 3376 3533 τῶν
3406 3477 3602 3554 Ἀγίων
3632 3480 3801 3537 Ἀπο-

2142 3558 2376 3617 στόλων.
2411 3562 2552 3630 Γυνὴ
2604 3560 2663 3619 δὶ
2711 3563 2909 3620 τούτου
2966 3566 3287 3644 Πουλχερία
3345 3566 3571 3640 ὀνόματι
3608 3567 3797 3642 μόνον’

2142 3648 2205 3705 οὐ
2233 3650 2336 3725 γὰρ
2369 3653 2674 3727 συνεγένετο
2719 3653 2878 3728 αὐτῇ.
2938 3654 3052 3724 Τὴν
3113 3652 3171 3710 δὲ
3222 3662 3324 3725 τῆς
3383 3657 3797 3733 ἀρχιερωσύνης

2141 3738 2322 3830 ἀρχὴν
2383 3736 2587 3830 διεῖπεν
2666 3742 3007 3809 Ἀνατόλιος,
3082 3744 3337 3800 Ἀττικὸν
3394 3741 3799 3830 διαδεξάμενος,

2139 3828 2354 3902 κόσμου
2383 3824 2502 3892 ἔτος
2534 3831 2701 3905 εφθφ,
2734 3838 2836 3900 τῆς
2861 3830 3005 3894 θείας
3036 3834 3361 3909 σαρκώσεως
3391 3831 3511 3899 ἔτος
3540 3837 3665 3899 υνς⁹·

2214 3918 2362 3975 Μετὰ
2430 3914 2488 3973 δὲ
2553 3921 2865 3996 Μαρκιανὸν
2922 3918 3237 3978 ἐϐασίλευσε
3303 3924 3454 3980 Λὲων
3500 3925 3529 3978 6
3589 3925 3798 4000 Μέγας,

2144 4002 2458 4078 ὀρθόδοξος,
2492 4000 2587 4077 ἔτη
2644 4012 2725 4077 ιζ’.
2784 4010 2885 4065 Ἢν
2943 4007 3003 4064 δὲ
3058 4006 3355 4089 κάτισχνος
3390 4012 3490 4085 μὶν
3518 4012 3583 4067 τὸ
3615 4016 3801 4085 σῶμα,

2148 4093 2455 4159 ὑπόσπανος
2520 4096 2621 4165 τὴν
2688 4095 2957 4171 γενειάδα,
3025 4101 3284 4178 φρονήσει
3369 4104 3802 4174 κεκοσμημένος,

2144 4184 2395 4249 παιδείας
2423 4187 2515 4242 καὶ
2550 4186 2890 4260 μαθημάτων
2939 4187 3117 4251 ἐκτός.
3148 4190 3355 4244 Τούτου
3407 4192 3542 4266 γυνὴ
3591 4191 3799 4262 Βηρίνη

2143 4273 2355 4353 ἀδελφή
2410 4274 2761 4332 Βασιλίσκου.
2840 4276 3135 4347 Μακὲλλης
3202 4276 3259 4333 δὲ
3315 4276 3534 4354 ὶλέγετο
3590 4276 3681 4351 διὰ
3734 4280 3800 4334 τὸ

2144 4369 2457 4423 ἀποκτεῖναι
2515 4365 2767 4439 Ἀσπαρα
2804 4365 2895 4420 καὶ
2952 4360 3341 4440 Ἀρδαϐούριον
3383 4367 3458 4428 ὡς
3488 4367 3798 4439 Ἀρειανοὺς

2147 4456 2322 4519 ὄντας·
2389 4451 2559 4527 μάκελ
2644 4453 2749 4529 γὰρ
2828 4454 3129 4527 Ῥωμαῖστὶ
3187 4455 3216 4509 6
3274 4456 3504 4532 σφαγεὺς
3563 4455 3797 4532 λέγεται,

389 4551 627 4609 Petebat
655 4548 768 4603 sibi
799 4547 1270 4603 consentientem
1299 4547 1465 4604 urbis
1496 4548 1841 4617 praefectum
1893 4563 2031 4605 con-

2144 4536 2361 4619 ’Ἄσπαρ
2418 4541 2477 4599 δὲ
2540 4540 2770 4619 ᾑτὲσατο
2824 4543 2916 4599 τὸν
2982 4542 3215 4619 βασιλία
3268 4530 3663 4620 ἐγκαταστῆσαι
3726 4550 3798 4621 τῇ

389 4640 552 4698 stitui
585 4642 772 4710 Aspar
822 4636 895 4693 ab
955 4638 1333 4708 imperatore.
1367 4638 1695 4708 Imperator
1722 4652 1859 4695 cum
1889 4652 1951 4691 se
1982 4636 2043 4693 id

388 4732 682 4788 facturum
759 4727 1071 4784 annuisset
1154 4726 1397 4790 invitus,
1484 4731 1665 4781 noctu
1720 4725 2042 4796 quemdam

389 4826 727 4878 senatorem
758 4817 1033 4874 celeriter
1061 4815 1135 4871 ad
1185 4831 1248 4872 se
1299 4814 1501 4872 venire
1540 4815 1742 4887 jussit.
1786 4831 2042 4887 eumque

2150 4633 2311 4691 πόλει
2340 4630 2581 4708 ἔπαρχον
2616 4630 2882 4710 ὁμόδοξον
2938 4633 3102 4691 αὐτοῦ
3148 4634 3241 4690 καὶ
3282 4634 3583 4715 ὁμόφρονα,
3617 4635 3647 4690 ὅ
3672 4657 3803 4691 κατ-

2151 4725 2326 4781 ἐνευσε
2360 4724 2454 4797 μὶν
2508 4724 2538 4778 6
2597 4721 2856 4798 βασιλεὺς
2910 4730 3164 4795 ποιῆσαι,
3228 4725 3303 4797 μὴ
3365 4723 3700 4800 βουλόμενος
3741 4723 3802 4781 δὶ

2148 4815 2402 4889 ἐννύχιον
2434 4809 2716 4883 δεδήλωκέ
2768 4832 2875 4869 τινι
2930 4817 3039 4869 τῶν
3092 4816 3475 4889 συγκλητικῶν
3503 4815 3803 4890 παραγενέ-

1594 4931 1960 4986 XYLANDRI
1998 4933 2082 4987 ET
2121 4933 2339 4989 GOABI
2374 4931 2600 4987 NOTAE.

458 5056 571 5129 (73)
603 5054 743 5129 Tres
792 5050 1116 5129 Simeopee,
1190 5044 1725 5129 eosdemqueMtres
1775 5046 2039 5129 “stylitas

386 5116 571 5183 fuisse
604 5125 663 5177 in
695 5121 948 5177 senioris
978 5119 1159 5191 hujus
1217 5116 1407 5172 Vitam
1456 5116 1639 5191 editis
1688 5116 2039 5191 notis—com-

386 5182 681 5272 monstrat
708 5182 1080 5272 Rosyveidius'
1094 5207 1106 5244 :
1151 5205 1342 5272 unum
1372 5182 1733 5272 πρεσξύτερον
1884 5188 2042 5272 ἀρχι-

392 5265 709 5343 μανδρίτην,
754 5264 951 5343 alium
998 5259 1071 5343 ,ἐγ
1143 5258 1448 5343 Θαυμαστῷ
1480 5258 1651 5343 -.ἕρεις
1711 5258 2038 5343 editissimo

386 5333 593 5396 incute
623 5337 708 5391 sic
736 5335 922 5402 dicto,
958 5333 1172 5389 vixisse
1220 5337 1440 5389 narrat.
1480 5334 1602 5399 Hic,
1636 5334 1738 5402 qui
1769 5334 2039 5389 omnium

389 5411 768 5483 primum-17;;
801 5400 1059 5483 μάνδραις,
1114 5420 1205 5483 ex
1239 5405 1600 5483 monasterio
1636 5400 1698 5483 in
1728 5422 1845 5483 qu_o
1868 5405 2039 5483 juve-

386 5474 574 5537 nilem
606 5474 868 5548 aliquam
902 5474 1020 5548 egit
1076 5480 1331 5548 mtatem,
1392 5475 1463 5530 ab
1506 5474 1763 5548 auclore
1794 5474 1845 5529 ἐν
1870 5474 2040 5531 "Auei-

388 5549 515 5678 τᾶλῳ
536 5546 873 5604 columnam
896 5546 1319 5602 conscendisse
1342 5547 1616 5603 scribitur
1644 5548 2035 5619 frequentius.

439 5638 568 5676 osa.

439 5638 568 5676 OAR.

463 5693 576 5764 (74)
602 5689 876 5764 Eudoxiae
908 5704 1127 5764 nomen
1158 5688 1254 5744 hic
1285 5706 1391 5759 pro
1428 5689 1685 5764 Endocia
1718 5690 1893 5764 situm
1927 5697 2037 5759 est,

392 5757 524 5834 quae
556 5757 823 5815 confusio
853 5764 944 5813 est
971 5757 1112 5811 alibi
1136 5757 1370 5827 quoq—ue
1398 5759 1583 5814 obvia.
1616 5760 1686 5813 Et
1713 5760 1870 5828 quod
1902 5757 2039 5814 mox

2149 5048 2366 5103 dicitur
2421 5045 2729 5103 Anatolius
2783 5046 3144 5102 successisse
3194 5046 3405 5117 Attico,
3466 5054 3669 5119 aperte
3710 5059 3801 5107 est

2147 5120 2538 5195 mendosum;
2572 5135 2711 5195 nam
2742 5119 3485 5195 Cbrysostomo‘Arsacius,
3517 5120 3799 5195 deinceps

2146 5192 2393 5260 Atticus,
2425 5191 2739 5256 Sisinnius,
2772 5190 3098 5256 Nestorius,
3125 5191 3539 5257 Maximianus,
3574 5190 3797 5249 Procu-

2147 5263 2262 5329 lus,
2286 5262 2619 5323 Flavianus.
2642 5262 2949 5317 Anatolius
2971 5265 3551 5329 successeruntfost
3571 5267 3797 5320 mentio

2150 5334 2218 5404 ιιι
2245 5326 2537 5404 Timothei
2566 5332 2769 5404 Eluyi.
2805 5334 2872 5388 In
2902 5333 3166 5404 margine
3199 5340 3290 5404 est
3345 5326 3641 5389 ἐϐεϐαίωσε
3693 5337 3797 5404 τὴν

2149 5403 2462 5479 ἐπωνυμίαν
2520 5407 2634 5462 τοῖς
2691 5399 2871 5477 ἔργοις
2927 5403 2956 5457 6
3013 5399 3459 5479 τρισκατάρατος.
3495 5399 3801 5479 Signiﬁcat

2148 5475 2348 5533 autem
2378 5475 2596 5547 zelurus
2626 5475 2844 5541 catum,
2876 5481 2943 5531 ut
2969 5475 3139 5547 vulgo
3171 5475 3485 5543 vocamus;
3536 5475 3596 5532 e't
3638 5487 3799 5535 artes

2150 5550 2278 5620 ejus
2303 5544 2578 5620 animalis
2600 5552 2757 5600 notae
2782 5544 3117 5620 suntatque
3140 5548 3464 5620 ingenium.
3491 5548 3572 5604 De
3599 5550 3800 5606 incen-

2149 5617 2246 5695 dio
2302 5617 2609 5695 onlitauo
2667 5617 2871 5695 confer
2927 5617 3152 5695 Evagrii
3208 5617 3267 5695 ii,
3329 5622 3443 5695 l3;
3468 5620 3533 5675 In
3566 5622 3797 5695 Eclogis

2148 5688 2435 5747 Theodori
2462 5689 2676 5762 legitur
2704 5691 2875 5763 Θωμᾶ
2904 5693 3013 5743 τῶν
3044 5688 3353 5761 ’Ἀμαντίου⁸
3396 5693 3540 5748 Χγι.
