4170 6204
373 400 491 463 661

1520 400 2074 465 HISTORIARUM
2120 402 2687 468 COMPENDIUM.

3676 408 3797 473 602

380 544 507 597 σθαι
532 533 752 609 τάχιον.
785 536 899 592 Τοῦ
945 532 1003 590 δὲ
1058 535 1524 614 παραγενομένου,
1581 530 1822 611 ἔπαρχον
1879 534 2040 591 αὐτὸν

2159 537 2499 610 praefectum
2528 539 2693 595 urbis
2721 539 3045 595 constituit.
3078 542 3287 612 Aspar,
3323 541 3417 597 cui
3449 542 3562 597 hoc
3581 548 3799 614 praeter

385 618 754 699 προεϐάλετο.
786 625 1004 701 ’Δσπαρ
1037 622 1096 680 δὲ
1123 628 1285 680 τοῦτο
1317 622 1451 680 ίδὼν
1488 624 1616 702 παρ’
1647 623 1847 681 ἐλπίδα
1880 623 2043 700 ’ἐκρά-

386 733 526 783 τησε
563 717 661 768 τοῦ
694 713 919 788 ἱματίου
950 718 1045 769 τοῦ
1088 711 1379 788 βασιλέως,
1433 713 1520 769 καί
1580 734 1714 794 φησι
1764 715 1899 791 πρὸς
1950 711 2041 768 αὖ·

387 800 499 857 τόν*
534 801 786 872 Βασιλεῦ,
817 802 910 857 τὸν
943 802 1147 875 ταύτην
1205 802 1305 872 τήν
1363 800 1658 879 ἁλουργίδα
1704 797 2045 878 περιϐεϐλη-

395 891 557 964 μένον
585 893 671 965 [Ρ.
705 892 832 965 347]
894 891 956 947 ού
1007 892 1119 967 χρὴ
1177 889 1580 967 διαψεύδεσθαι.
1640 891 1740 947 Καί
1796 910 1955 972 φησιν
2014 892 2042 947 6

392 978 673 1058 βασιλεύςο
708 978 888 1036 Ἀλλὰ
922 981 1033 1053 μὴν
1062 982 1329 1054 προσήκει
1358 984 1439 1054 τῷ
1470 979 1689 1057 βασιλεῖ
1757 980 1832 1056 μη
1893 979 2044 1036 ὑπεί-

383 1090 497 1126 κειν
522 1071 632 1126 τινὶ
663 1069 698 1142 ἤ
733 1070 1076 1142 ὑποκεῖσθαι,
1105 1069 1197 1125 καὶ
1248 1069 1467 1144 μᾶλλον
1523 1070 1648 1125 ὅταν
1704 1072 1801 1126 τοῦ
1859 1072 2044 1126 κοινοῦ

380 1157 699 1237 ἀσύμφορον
783 1203 797 1217 .
1154 1174 1161 1181 ”

450 1254 541 1322 Τῷ
570 1257 614 1304 α’
633 1246 740 1305 ἔτει
766 1248 961 1305 τούτου
995 1250 1214 1325 σεισμὸς
1247 1248 1454 1326 ἐγένετο
1511 1248 1564 1304 έν
1608 1249 1922 1325 ’Δντιοχείᾳ
1952 1249 2025 1312 ὡς

379 1335 575 1414 σχεδὸν
607 1344 779 1395 πᾶσαν
807 1339 906 1408 τήν
934 1337 1098 1394 πόλιν
1129 1342 1469 1395 καταπεσεῖν.
1499 1338 1671 1401 Οὗτος
1704 1337 1732 1392 6
1770 1335 2024 1412 βασιλεὺς

380 1427 516 1502 Θρᾷξ
548 1429 616 1498 ἦν
642 1432 720 1500 τῷ
750 1429 913 1504 γένει,
945 1423 1232 1502 τριϐοὖνος
1274 1429 1377 1497 τὴν
1431 1426 1604 1498 ἀξίαν.
1665 1424 1927 1503 Ἐστέφθη
1981 1425 2043 1483 δὲ

392 1516 497 1572 ὑπὸ
529 1516 848 1574 Ἀνατολίου
873 1519 1245 1593 πατριάρχου.

463 1610 656 1661 Πασῶν
717 1602 774 1661 δέ
825 1610 935 1661 τῶν
984 1612 1089 1677 τῆς
1145 1605 1479 1680 οἰκουμένης
1551 1603 1896 1678 Ἐκκλησιῶν
1948 1606 2048 1674 τήν

397 1694 450 1753 έν
484 1695 801 1768 Χαλκηδόνι
835 1695 1060 1752 σύνοδον
1106 1695 1548 1771 ἀποδεξαμένων,
1605 1700 1634 1753 ὁ
1704 1697 1899 1773 μιαρὸς
1952 1702 2048 1753 Τι-

397 1789 594 1863 μόθεος
625 1789 653 1843 6
684 1785 924 1859 ἐπίκλην
955 1786 1231 1862 Αἷλουρος
1285 1788 1384 1859 τὴν
1438 1785 1843 1863 Ἀλεξανδρέων
1888 1785 2049 1843 πόλιν

389 1876 665 1954 ἐτάρασσε.
736 1877 1054 1954 Μαγγανείᾳ
1133 1878 1234 1953 γὰρ
1322 1877 1674 1953 χρησάμενος
1744 1876 1939 1939 νυκτὸς
1993 1874 2048 1931 ἐν

380 1972 501 2028 τοῖς
534 1965 781 2028 κελλίοις
804 1969 911 2020 τῶν
957 1969 1221 2041 μοναχῶν
1249 1968 1610 2042 περιήρχετο,
1671 1965 1753 2021 ἄπ’
1811 1964 2043 2039 ὀνόματι

380 2055 565 2110 καλῶν
598 2052 847 2125 ἕκαστον,
878 2058 986 2110 τῶν
1047 2051 1105 2109 δὲ
1161 2052 1603 2129 ἀποκρινομένων
1661 2048 1866 2129 ἔλεγεν·
1902 2052 2044 2129 Ἐγὼ

380 2138 619 2222 ἄγγελός
648 2144 787 2219 εἶμι,
828 2144 919 2199 καὶ
966 2142 1281 2214 ἀπεστάλην
1310 2142 1480 2199 εἰπεῖν
1535 2146 1698 2198 πᾶσιν
1741 2142 2046 2212 ἀποστῆναιι

379 2242 485 2305 τῆς
557 2234 851 2299 κοινωνίας
906 2233 1206 2311 Προτερίου
1262 2233 1355 2289 καὶ
1410 2238 1519 2289 τῶν
1599 2230 1652 2289 έν
1703 2229 2045 2311 Χαλκηδόνιξ

382 2296 655 2398 Τίμόθεον
680 2321 738 2379 δὶ
764 2296 859 2379 τὸν
902 2296 1176 2396 Δίλουρον
1229 2320 1527 2378 ἐπίσκοπον
1585 2296 2044 2398 προχειρίσασθαιι

382 2411 817 2489 Ἀλεξανδρείας.
852 2409 1073 2483 Πλῆθος
1106 2409 1163 2468 δὶ
1202 2411 1445 2467 ἀτάκτων
1487 2408 1700 2488 ἀνδρῶν
1751 2408 2044 2484 ὠνησάμε-

386 2524 478 2565 νος
507 2506 841 2577 τυραννικῶς
883 2506 982 2557 τοῦ
1037 2501 1232 2577 θρόνου
1290 2498 1699 2574 Ἀλεξανδρείας
1760 2498 2043 2576 ἐκράτησεο

390 2595 481 2649 καὶ
510 2593 889 2668 καθῃρημένος
917 2591 994 2647 ὥν
1049 2592 1154 2648 ὑπὸ
1214 2589 1310 2646 δύο
1338 2587 1734 2667 καθῃρημένων
1791 2609 2047 2667 χειροτο-

390 2688 582 2749 νεῖται,
613 2683 955 2759 χειροτονίας
1002 2703 1061 2738 τε
1116 2679 1429 2737 ἐπισκόπων
1486 2679 1658 2736 ἐποίει
1690 2679 2049 2760 ἀχειροτόνη-

387 2794 482 2836 τος
526 2768 622 2843 ὥν,
679 2772 773 2828 καὶ
833 2770 1187 2847 βαπτίσματα
1245 2769 1485 2827 ἐπετέλει
1546 2765 1911 2845 πρεσϐύτερος
1968 2772 2043 2843 μὴ

400 2858 502 2934 ὢν,
530 2858 623 2917 καί
659 2861 792 2934 μετᾶ
850 2858 1057 2932 λύττης
1114 2861 1262 2923 τινὸς
1309 2859 1546 2937 ἀσχέτου
1591 2858 1692 2928 τήν
1753 2858 1908 2934 ἁγίαν
1960 2878 2047 2914 τε-

398 2952 601 3026 τάρτην
644 2947 866 3006 σύνοδον
921 2945 1129 3025 ὕϐριζε.
1190 2948 1290 3004 Καὶ
1345 2948 1439 3004 τὸν
1504 2949 1771 3025 μακάριον
1842 2946 2047 3023 Προτέ-

394 3060 513 3118 ριον
547 3037 764 3096 διδόντα
790 3039 959 3096 τόπον
1015 3040 1085 3115 τῇ
1152 3039 1293 3118 ὀργῇ
1349 3043 1431 3112 τῷ
1493 3035 1725 3116 μεγάλῳ
1781 3032 2048 3112 Σαϐϐάτῳ

390 3131 753 3210 κατασφάττει
810 3130 929 3206 μεθ’
994 3128 1191 3206 ἑτέρων
1250 3126 1303 3199 έξ
1361 3134 1469 3184 τῶν
1560 3126 1654 3183 σὺν
1741 3128 1908 3200 αὐτῷ·
1956 3128 2047 3183 καὶ

387 3223 528 3279 κατά
555 3225 727 3277 πᾶσαν
755 3220 855 3290 τὴν
887 3218 1052 3276 πόλιν
1083 3219 1340 3296 σύραντες
1394 3219 1457 3273 τὸ
1516 3221 1677 3292 σῶμα
1720 3215 1886 3273 αὐτοῦ
1915 3216 2047 3294 πυρὶ

795 3275 988 3383 ¹ί¹ούτῳ
1043 3312 1126 3381 τῷ
1153 3275 1284 3363 ,ἔτει
1326 3275 1336 3282 -
1363 3304 1575 3382 ἠνέχθη
1602 3275 1613 3292 Ι
1644 3304 1708 3360 τὸ
1793 3275 2048 3380 λείψανον
2079 3275 2123 3342 C

390 3406 491 3470 τῆς
523 3400 681 3478 ἁγίας
734 3396 1007 3473 μάρτυρος
1065 3395 1415 3459 Ἀναστασίας
1471 3395 1578 3450 ἀπὸ
1633 3397 1732 3449 τοῦ
1787 3395 2049 3471 Σιρμίου,

392 3488 484 3545 καὶ
536 3488 791 3559 κατετέθη
851 3486 904 3541 έν
951 3489 1031 3559 τῷ
1084 3489 1198 3559 ναῷ
1251 3484 1419 3557 αὐτῆς
1479 3481 1533 3539 έν
1590 3488 1707 3546 τοῖς
1784 3483 2051 3558 Δομνίνου

388 3574 684 3653 ἐμϐόλοις.

467 3670 560 3739 Τῷ
610 3668 656 3742 β’
685 3662 790 3721 ἔτει
851 3665 1000 3721 Λέων
1067 3668 1097 3720 6
1154 3658 1412 3739 βασιλεὺς
1471 3662 1660 3736 μαθὼν
1712 3660 1808 3718 τὸν
1865 3658 2051 3718 ἄδικον

396 3756 623 3822 θάνατον
660 3755 955 3832 ΙΙροτερίου
982 3756 1074 3810 καὶ
1136 3756 1240 3825 τήν
1297 3752 1570 3829 Αίλούρου
1612 3750 1859 3826 ἄθεσμον
1907 3773 2048 3829 προ-

395 3850 644 3924 αγωγὴν,
701 3845 920 3921 πέμψας
972 3846 1102 3910 τοὺς
1156 3846 1594 3915 κοινωνήσαντας
1640 3848 1720 3916 τῷ
1751 3842 2051 3921 Ιιροτερίου

396 3936 610 4009 θανάτῳ
639 3934 1122 4013 έγλωσσοτόμησε.
1160 3932 1419 4007 Τιμοθέῳ
1448 3929 1506 3986 δὶ
1558 3935 1641 4004 τῷ
1692 3930 1893 4008 ἀνιέρῳ
1947 3932 2052 3988 οὐκ

396 4022 682 4099 ἐπεξῆλθε,
712 4025 811 4093 τήν
872 4022 955 4080 in”
1016 4022 1164 4096 αὐτῷ
1227 4021 1402 4097 κρίσιν
1445 4019 1764 4083 ἐπισκόποις
1821 4018 2051 4077 καταλι-

394 4115 534 4170 πών.
567 4116 662 4186 Τῷ
692 4110 737 4168 δ’
760 4113 910 4185 αύτῷ
946 4110 1053 4169 ἔτει
1091 4110 1181 4167 καὶ
1240 4111 1422 4182 Ζήνων
1482 4105 1744 4186 Ἀριάδνῃ
1802 4109 2050 4186 μίγνυται

394 4203 533 4279 πρὸς
561 4202 764 4277 γάμον,
812 4204 882 4277 τῇ
922 4200 1156 4261 Λέοντος
1196 4200 1445 4275 θυγατρί.

469 4295 554 4365 Τῷ
583 4293 632 4368 γ’
664 4290 770 4347 ἔτει
798 4289 1096 4367 γράμματα
1127 4290 1260 4363 πρὸς
1308 4288 1437 4351 τοὺς
1498 4286 1729 4359 ἑκάστης
1787 4284 2052 4363 ἐπαρχίας

396 4380 728 4445 ἐπισκόπους
757 4376 1070 4435 ἀπέστειλεν
1098 4378 1127 4433 6
1160 4376 1444 4453 βασιλεὺς,
1474 4378 1682 4453 γράψαι
1748 4376 1895 4449 αύτῷ
1949 4378 2049 4446 τὴν

396 4470 597 4529 οἰκείαν
624 4470 851 4547 γνώμην
880 4465 1132 4536 ἕκαστον,
1164 4466 1211 4523 εἰ
1267 4472 1385 4529 τοῖς
1441 4468 1497 4523 ἐν
1552 4463 1872 4538 Χαλκηδόνι
1931 4466 2052 4541 ὀρι-

395 4564 594 4618 σθιῖσιν
625 4558 962 4636 ἀρέσκοιντο,
993 4556 1081 4615 καὶ
1115 4556 1240 4632 περὶ
1268 4562 1370 4626 τῆς
1428 4560 1530 4613 τοῦ
1584 4553 1873 4630 Αίλούμου
1933 4575 2051 4633 χει-

2152 644 2318 699 spem
2346 644 2515 683 suam
2545 629 2887 699 accidisset,
2944 634 3134 686 vestes
3191 631 3561 703 apprehenso
3614 632 3795 688 Leoni

2151 719 2276 772 ait:
2312 720 2659 789 Imperator,
2690 719 2792 774 tali
2816 736 3079 791 purpura
3125 720 3409 776 amictum
3457 738 3582 776 non
3629 722 3801 778 decet

2148 805 2413 865 mentiri.
2464 808 2789 881 Respondit
2843 811 3214 883 imperator:
3267 809 3420 866 008
3479 811 3631 867 Sane
3684 813 3797 868 hoc

2151 913 2385 970 quoque
2424 897 2846 970 imperatorem
2903 897 3092 964 decet,
3145 900 3371 955 nemini
3430 898 3641 956 cedere
3697 906 3800 956 aut

2151 984 2453 1043 subditum
2487 1004 2636 1057 esse,
2670 988 2915 1045 maxime
2948 987 3048 1044 ubi
3079 988 3141 1044 id
3169 1006 3303 1045 cum
3334 989 3677 1062 reipublicte
3700 990 3797 1048 in-

2150 1075 2461 1131 commodo
2490 1077 2678 1132 ﬁeret.

2220 1254 2419 1310 Primo
2448 1253 2628 1325 hujus
2658 1269 2814 1309 anno
2846 1254 3175 1311 Antiochiae
3216 1260 3389 1311 terrea
3435 1263 3633 1314 motus
3662 1259 3796 1326 fuit,

2150 1344 2249 1416 qui
2282 1348 2459 1399 totam
2485 1357 2636 1413 pene
2661 1343 2870 1398 urbem
2894 1344 3225 1415 prostravit.
3241 1345 3353 1400 Leo
3370 1346 3557 1401 Thrax
3588 1363 3802 1417 genere

2148 1432 2280 1498 fuit,
2312 1432 2623 1487 tribunitia
2652 1431 2955 1504 dignitate.
2982 1432 3293 1488 Coronavit
3322 1449 3457 1489 eum
3492 1434 3797 1491 Anatolius

2148 1522 2512 1597 patriarcha.

2223 1613 2368 1668 Cum
2399 1616 2599 1667 autem
2633 1626 2839 1668 omnes
2870 1612 3050 1667 totius
3082 1613 3243 1668 orbis
3284 1612 3560 1670 Ecclesiaa
3609 1616 3803 1669 conci-

2149 1701 2231 1758 lio
2268 1700 2734 1757 Chalcedonensi
2767 1698 3254 1773 astipularentur,
3283 1718 3438 1759 unus
3470 1700 3799 1759 scelerosus

2151 1791 2330 1846 homo
2360 1788 2785 1846 Alexandriam
2816 1790 3562 1863 conturbavit'l‘imotheus,
3587 1809 3802 1867 cogno-

2154 1886 2353 1938 mento
2374 1880 2628 1936 Elurus.
2663 1880 2719 1936 Is
2746 1880 2991 1953 magicis
3022 1882 3368 1955 imposturis
3398 1887 3572 1940 utens
3603 1884 3798 1940 cellu-

2153 1972 2244 2028 las
2274 1969 2702 2026 monachorum
2734 1969 2915 2025 obivit
2962 1976 3161 2039 noctu,
3204 1970 3557 2028 nominatim
3599 1988 3798 2045 quem~

2155 2074 2271 2132 que
2302 2074 2536 2114 vocans.
2571 2059 2678 2124 Qui
2711 2074 2847 2114 cum
2878 2060 3332 2130 responderent,
3366 2060 3449 2116 ita
3477 2058 3629 2116 dixit
3654 2077 3667 2116 :
3692 2062 3809 2134 Ego

2155 2164 2287 2205 sum
2319 2146 2590 2220 angelus,
2648 2146 2710 2202 in
2768 2147 2879 2203 hoc
2934 2147 3152 2204 missus
3201 2152 3267 2204 ut
3314 2164 3522 2206 omnes
3564 2150 3811 2223 jubeam

2154 2238 2452 2294 abstinere
2482 2237 2763 2292 societate
2813 2237 3065 2293 Proterii
3125 2243 3184 2292 et
3238 2234 3813 2295 Chalcedonensium

2154 2340 2378 2393 rerum,
2409 2326 2717 2381 Timotheo
2749 2331 2948 2382 autem
2977 2326 3177 2381 lEluro
3209 2328 3616 2400 episcopatum
3635 2328 3811 2384 Alex-

2154 2412 2472 2471 andrinum
2504 2412 2754 2468 tradere.
2788 2413 2970 2467 Porro
3000 2428 3134 2468 cum
3164 2420 3456 2471 catervam
3496 2416 3808 2472 hominum

2152 2502 2635 2561 turbulentorum
2666 2500 2941 2557 mercede
2972 2508 3260 2573 parasset,
3294 2521 3400 2575 per
3426 2505 3808 2575 tyrannidem

2154 2592 2301 2649 solio
2323 2589 2645 2666 episcopali
2676 2592 2897 2662 potitus
2928 2596 3035 2646 est.
3067 2592 3154 2647 Ita
3184 2592 3286 2663 qui
3318 2592 3632 2650 damnatus
3662 2602 3808 2666 erat,

2155 2698 2187 2739 a
2219 2681 2450 2738 duobus
2481 2680 2776 2736 damnatis
2799 2678 2973 2753 deligi
2986 2678 3351 2754 tur,ipseque
3374 2684 3668 2756 suffragiis
3686 2700 3807 2740 non

2156 2777 2387 2828 creatus
2419 2768 2660 2826 creandi
2692 2769 2950 2841 episcopi
2974 2771 3076 2842 jus
3103 2769 3238 2826 aliis
3268 2770 3496 2843 tribuit,
3529 2772 3809 2845 baptizat-

2156 2874 2291 2934 que,
2324 2872 2459 2914 cum
2490 2852 2799 2930 presbyter
2830 2873 2951 2912 non
2971 2860 3145 2913 esset.
3172 2856 3335 2914 Idem
3366 2858 3529 2915 rabie
3548 2860 3804 2934 quadam

2155 2952 2367 3009 eii'reni
2416 2965 2647 3006 sacrum
2708 2946 3029 3005 concilium
3101 2954 3379 3021 quartum
3430 2952 3807 3009 contumeliis

2155 3042 2372 3109 aﬂ‘ecit,
2401 3047 2459 3095 et
2490 3039 2819 3096 Proterium
2849 3039 2950 3094 ira:
2995 3036 3207 3094 divinas
3259 3036 3453 3096 locum
3493 3041 3805 3097 cedentem

2155 3147 2409 3204 cumque
2441 3146 2509 3187 eo
2550 3145 2654 3186 sex
2702 3126 2850 3185 alios
2908 3144 3120 3201 magno
3178 3127 3432 3186 Sabbato
3486 3130 3805 3190 interfecit.

2155 3223 2334 3297 Cujus
2360 3233 2572 3292 corpus
2600 3214 2830 3275 factiosi
2862 3234 2970 3290 per
2998 3220 3181 3274 totam
3236 3216 3447 3276 urbem
3503 3224 3805 3293 raptatum

2154 3308 2628 3367 combusserunt.
2673 3306 2777 3363 illo
2807 3318 2963 3362 anno
3008 3304 3201 3363 allata:
3252 3313 3392 3364 sunt
3422 3306 3633 3365 Sirmio
3657 3308 3799 3365 reli-

2154 3401 2307 3473 quiae
2336 3400 2483 3455 divae
2512 3396 2793 3470 martyris
2815 3396 3161 3465 Anastasiee,
3194 3396 3375 3471 inque
3407 3398 3534 3469 ejus
3577 3398 3795 3474 templo

2154 3490 2456 3561 depositae,
2489 3486 2647 3559 quod
2664 3490 2755 3543 est
2791 3484 2949 3559 apud
2979 3492 3170 3543 rostra
3189 3484 3488 3545 Domnini.

2226 3665 2376 3722 σου
2408 3663 2678 3721 Secundo
2699 3678 2860 3720 anno
2911 3662 3023 3719 Leo
3082 3665 3404 3737 imperator
3446 3667 3681 3740 cognita
3709 3666 3801 3723 in-

2144 3758 2311 3831 justa
2334 3754 2587 3811 Proterii
2617 3753 2774 3809 caede
2804 3753 3105 3825 Elurique
3138 3752 3343 3825 iniqua
3364 3754 3792 3828 designatione,

2150 3844 2319 3903 misit
2341 3844 2442 3917 qui
2473 3841 2725 3900 Proterii
2753 3841 2934 3897 caedis
2992 3842 3248 3899 consciis
3304 3842 3536 3916 linguas
3568 3845 3798 3900 exscin-

2151 3934 2383 3991 derent.
2412 3932 2680 3990 Elurum
2710 3946 2833 3987 non
2856 3930 3069 4001 puniit,
3085 3930 3314 4003 judicio
3346 3931 3476 4003 ejus
3505 3932 3801 4004 episcopis

2151 4028 2466 4083 reservato.
2498 4021 2717 4078 Eodem
2751 4036 2908 4077 anno
2938 4020 3161 4093 nuptiae
3190 4019 3433 4079 fuerunt
3465 4022 3717 4078 Zenonis
3747 4030 3806 4081 et

2148 4113 2423 4171 Ariadna:
2448 4111 2659 4169 Leonis
2680 4109 2841 4167 illius.

2221 4291 2413 4349 Tertio
2445 4306 2603 4347 anno
2635 4288 2962 4361 imperator
3000 4287 3209 4344 scribit
3263 4288 3336 4344 ad
3373 4290 3641 4348 omnium
3673 4309 3807 4364 pro-

2152 4382 2478 4438 vinciarum
2509 4378 2843 4451 episcopos,
2876 4377 3140 4450 petitque
3176 4383 3242 4434 ut
3258 4395 3424 4435 suam
3447 4381 3701 4452 quisque
3732 4381 3805 4438 de

2152 4467 2623 4529 Chalcedonensi
2653 4466 2904 4524 concilio
2936 4471 2994 4522 et
3044 4466 3336 4523 Timothei
3383 4468 3461 4525 ad
3506 4470 3810 4542 episcopa-

2148 4570 2277 4618 tum
2341 4574 2661 4631 progressu
2717 4556 3075 4614 sententiam
3130 4557 3522 4628 perscribant.
3594 4558 3811 4616 Scribit

395 4650 643 4729 ροτονίας
672 4649 724 4704 τί
755 4647 987 4725 λέγοιεν.
1021 4648 1107 4704 Ἐν
1170 4646 1250 4710 οἷς
1307 4646 1398 4701 καὶ
1456 4650 1536 4719 τῷ
1595 4646 1740 4722 ἁγίῳ
1799 4650 2046 4719 Συμεῶνι

2159 4652 2315 4709 inter
2343 4648 2490 4707 alios
2511 4647 2692 4703 etiam
2723 4646 2798 4703 ad
2829 4647 3187 4718 Symeonem
3217 4647 3488 4719 Stylitam
3540 4647 3806 4720 aliosque

392 4747 474 4814 τῷ
503 4738 747 4811 Στυλίτῃ
773 4738 864 4793 καὶ
912 4734 1109 4799 ἄλλοις
1168 4735 1409 4812 Πατράσι
1469 4740 1899 4811 θαυματουργοῖς
1957 4736 2049 4791 καὶ

397 4832 568 4893 ὁσίοις
599 4826 1133 4903 διαμαρτυρόμενος,
1173 4826 1247 4886 ὡς
1303 4828 1382 4898 τῷ
1442 4828 1560 4897 Θεῷ
1598 4828 1706 4880 τῶν
1738 4822 1884 4880 ὅλων
1912 4845 2047 4901 παρ-

397 4923 543 4997 ἐχειν
575 4920 676 4989 τήν
708 4917 886 4992 κρίσιν
914 4919 1024 4971 τῶν
1065 4908 1601 4991 ἀμφισϐητουμένων
1640 4918 1949 4975 ποιοῦντας.
1980 4914 2047 4971 Ol

400 5008 457 5067 δῖε
488 5006 754 5086 παμψηφὶ
787 5002 1114 5085 ὁμοφρόνως
1141 5006 1368 5079 κυροῦσι
1405 5002 1502 5076 μὶν
1561 5003 1660 5072 τὴν
1709 5002 1764 5058 ἓν
1822 5001 2045 5074 Χαλκη.

399 5097 513 5155 δὸνι
546 5096 703 5173 ἁγίαν
728 5091 951 5150 σύνοδον
983 5095 1139 5161 εἶναι,
1167 5093 1257 5148 καὶ
1288 5092 1380 5148 τὸν
1417 5092 1505 5147 ὑπ’
1561 5091 1731 5163 αὐτῆς
1773 5090 2049 5148 ἐκτεθέντα

398 5188 525 5265 ὅρον
560 5184 954 5261 ἀποδέχονται,
987 5181 1258 5257 Τιμοθέου
1290 5177 1349 5237 δὲ
1398 5182 1706 5260 συμφώνως
1746 5183 2052 5259 καταψηφί-

400 5277 682 5349 ζονταιὼς
713 5273 922 5355 φονέως
964 5271 1054 5327 καὶ
1110 5270 1385 5347 αἰρετικοῦ
1442 5269 1501 5325 ὅν
1557 5270 1649 5325 καὶ
1704 5269 1955 5346 ἐξώρισεν
2019 5272 2049 5328 ὁ

402 5364 657 5444 βασιλεὺς
710 5364 787 5425 εἰς
844 5360 1108 5438 Γάγγραν.
1166 5358 1337 5417 Κάκεῖ
1402 5355 1459 5414 δὲ
1516 5360 1835 5437 συναγωγὰς
1888 5360 2048 5436 ἀρξά.

399 5477 556 5530 μενος
613 5459 788 5512 ποιεῖν
850 5450 1144 5526 ἐξορίζεται
1205 5448 1259 5506 έν
1298 5450 1591 5521 ηΧερσῶνι.
1649 5448 1920 5522 Τιμόθεος
1993 5448 2051 5507 δί

398 5544 572 5608 ἄλλος
604 5544 633 5599 ό
692 5539 1186 5613 ἐπίκλην’Λευκὸς
1240 5538 1330 5593 καὶ
1392 5536 1833 5616 Σαλοφακίολος,
1894 5539 2050 5616 ὀρθό.

399 5633 556 5705 δοξος
587 5637 674 5707 [Ρ.
699 5635 826 5705 348]
849 5631 940 5686 καὶ
971 5628 1167 5705 ἀγαθὸς
1197 5626 1337 5701 ἀνὴρ
1369 5625 1653 5702 ὑπάρχων,
1692 5627 1795 5682 ὑπὸ
1833 5629 2048 5685 πάντων

403 5722 735 5801 φιλούμενος
766 5722 1158 5800 χειροτονεῖται
1190 5710 1601 5792 Ἀλεξανδρείας
1626 5714 1945 5780 ἐπίσκοπος.

2160 4740 2443 4798 mirificos
2472 4741 2533 4793 et
2562 4741 2800 4795 sanctos
2845 4735 3070 4807 Patres,
3123 4734 3427 4793 obtestans
3484 4741 3549 4793 ut
3595 4738 3678 4793 ita
3734 4737 3805 4793 de

2159 4828 2554 4888 controversis
2584 4827 2765 4883 rebus
2789 4825 3084 4897 judicium
3116 4826 3405 4893 facerent,
3457 4831 3522 4882 ut
3552 4826 3653 4896 qui
3686 4827 3803 4883 Deo

2154 4920 2453 4977 rationem
2467 4921 2670 4973 essent
2696 4914 3009 4972 reddituri.
3046 4914 3137 4969 illi
3162 4931 3293 4969 vero
3320 4930 3439 4970 uno
3471 4914 3807 4971 omnessuf-

2155 5010 2340 5083 fragio
2372 5013 2432 5064 et
2451 5022 2629 5063 sensu
2659 5004 3147 5062 Chalcedonense
3179 5003 3500 5059 concilium
3532 5002 3808 5075 probant,

2158 5097 2533 5155 Timotheum
2566 5092 2871 5150 homicidii
2911 5108 2979 5148 ac
3034 5091 3329 5147 hasreseos
3384 5091 3806 5149 condemnant.

2159 5189 2307 5243 Eum
2332 5187 2657 5258 imperator
2689 5184 2978 5254 Gangram
3025 5179 3323 5253 relegavit.
3378 5179 3489 5234 Sed
3545 5197 3679 5235 cum
3729 5182 3811 5237 ibi

2161 5290 2400 5347 quoque
2459 5276 2783 5329 conventus
2867 5285 3040 5341 agere
3099 5268 3390 5340 cmpisset,
3450 5268 3811 5326 Chersonem

2160 5365 2525 5435 deportatur.
2550 5360 2719 5415 Alius
2751 5362 2949 5414 autem
2991 5357 3354 5426 Timotheus,
3421 5365 3812 5431 cognomento

2159 5453 2346 5510 Albus
2387 5458 2444 5507 et
2474 5448 2940 5522 Salophaciolus,
2976 5447 3063 5504 vir
3091 5447 3283 5503 bonus
3313 5452 3374 5503 et
3427 5447 3501 5503 de
3530 5449 3816 5520 religione

2161 5547 2319 5597 recte
2351 5541 2617 5596 sentiens
2637 5537 3034 5609 omnibusque
3075 5535 3313 5605 charus,
3371 5536 3812 5595 Alexandrinus

2161 5630 2472 5702 episcopus
2503 5631 2756 5684 creatur.
