4170 6204
350 345 470 405 663

1667 318 1979 382 GEORGII
2027 318 2377 379 CEDRENI

3640 321 3766 379 664

422 476 641 540 Quarto
671 484 827 525 anno
854 467 1107 537 Symeon
1157 459 1395 531 Stylites
1450 455 1721 521 moritur,
1766 451 1994 524 primus

2181 451 2272 520 Τῷ
2303 444 2345 503 δ’
2375 444 2479 505 ἔτει
2510 448 2539 503 6
2567 456 2669 519 τῆς
2699 446 2941 526 μάνδρας
3002 446 3272 519 Στυλίτης
3306 447 3470 523 μὲγας
3531 450 3761 520 Συμεὼν

354 565 530 620 istius
557 562 688 616 vitae
717 554 953 629 generis
984 552 1279 607 inventor.

423 739 640 805 Quinto
707 750 861 791 anno
919 728 1263 786 incendium
1315 725 1479 798 Cpoli
1534 724 1667 791 fuit,
1716 740 1751 779 a
1806 721 2001 779 navali

352 834 546 886 ortum
576 831 635 880 et
662 835 1039 896 progressum
1073 818 1227 874 610
1257 831 1439 887 asque
1495 814 1569 869 ad
1619 813 1809 869 andem
1841 811 1999 867 beati

352 920 590 974 Thomas
630 916 966 969 Amantum.
1026 908 1357 965 Marcianus
1413 911 1610 961 autem
1654 907 2005 976 procurator

352 1005 539 1079 Magni
582 1001 833 1074 Templi,
890 1016 1023 1055 cum
1082 998 1285 1053 fanum
1373 999 1592 1072 sanctae
1647 995 2001 1048 Anastaseos

348 1111 543 1166 nuper
571 1090 980 1155 exstruxisset,
1014 1088 1124 1142 hoc
1155 1086 1228 1142 ab
1260 1083 1538 1140 incendio
1566 1081 1835 1149 servavit,
1863 1096 1999 1135 cum

350 1182 665 1256 Evangelia
696 1187 755 1235 et
774 1178 977 1235 suffita
1005 1174 1308 1239 adhibitis,
1342 1173 1418 1229 ad
1440 1172 1665 1244 tegulas
1694 1169 2001 1226 ascendis-

350 1278 441 1328 set
470 1273 774 1340 Deumque
793 1266 1072 1338 lacrymis
1094 1262 1553 1336 placasset.Nam
1572 1260 1631 1314 id
1656 1258 2000 1314 incendium

351 1360 672 1417 admodum
716 1355 981 1421 invaluit,
1014 1353 1083 1408 ad
1131 1356 1328 1407 ortum
1357 1368 1391 1406 a
1421 1349 1613 1406 navali
1670 1347 2001 1420 profectum

355 1466 545 1521 usque
577 1447 651 1504 ad
681 1447 887 1501 fanum
942 1442 1188 1498 Joannis
1236 1439 1507 1504 Mendici,
1567 1437 1725 1509 quod
1799 1441 1890 1491 cst
1927 1435 2002 1491 ad

360 1553 656 1605 occasum,
682 1535 754 1590 ab
787 1537 987 1588 austro
1018 1530 1215 1586 media
1243 1528 1410 1594 urbe,
1444 1544 1478 1583 a
1510 1526 1676 1582 Lausi
1710 1541 1895 1596 usque
1927 1523 2001 1580 ad

354 1628 609 1682 Taurum
651 1624 854 1679 omnia
899 1621 1243 1692 depascens.
1278 1617 1583 1689 Praecipua
1639 1620 1699 1670 et
1752 1612 2000 1684 reliquis

354 1715 771 1788 prmstantiora
816 1728 947 1783 qua:
1006 1726 1074 1765 eo
1132 1707 1406 1763 incendio
1475 1705 1804 1777 perierunt,
1863 1705 2004 1757 sunt

354 1805 520 1860 curia
550 1802 808 1858 maxima
847 1801 909 1855 in
940 1800 1067 1854 foro
1098 1794 1491 1861 Constantini,
1515 1794 1685 1849 aereis
1719 1791 1995 1863 imagini-
2027 1819 2076 1884 Β

358 1893 468 1948 bus
493 1897 551 1947 et
570 1889 988 1963 porphyretico
1020 1884 1215 1957 lapide
1237 1889 1464 1951 ornata,
1500 1883 1559 1937 in
1576 1886 1765 1953 quaet
1782 1880 1998 1935 delecti

361 1981 694 2037 consultare
745 1978 1037 2044 solebant,
1087 1981 1145 2031 et
1203 1975 1529 2045 imperator
1586 1970 1846 2026 intrabat
1899 1969 2002 2025 ubi

355 2069 731 2125 consularem
762 2071 983 2122 vestem
1015 2064 1368 2136 sumpsisset
1397 2078 1411 2128 ;
1438 2061 1578 2115 item
1607 2059 2000 2130 Nympheum,

360 2176 391 2215 e
412 2158 650 2230 regione
681 2157 861 2228 hujus
882 2154 1061 2211 curias
1092 2152 1361 2221 situm,in
1393 2167 1509 2222 quo
1536 2148 1758 2205 fiebant
1779 2147 2002 2220 nuptiae

358 2262 565 2303 eorum
589 2245 689 2317 qui
720 2243 994 2300 domibus
1022 2240 1339 2309 carebant;
1371 2240 1515 2295 item
1562 2238 1677 2293 alia
1727 2238 1789 2292 in
1813 2239 2002 2292 Tauro

355 2337 519 2392 curia
545 2334 790 2391 delectis
820 2330 1195 2388 senatoribus
1218 2334 1277 2385 et
1304 2327 1647 2401 imperatori
1670 2342 2004 2383 accommo-

356 2426 513 2494 data,
545 2441 680 2481 cum
736 2424 777 2478 ii
819 2439 889 2478 eo
945 2421 1328 2477 convenirent
1380 2419 1453 2475 de
1506 2418 1681 2473 rebus
1727 2415 2005 2490 gerendis

357 2515 776 2583 consultatum,
810 2513 1135 2584 imperator
1176 2510 1240 2565 in
1294 2513 1455 2564 veste
1481 2506 1778 2563 consulari
1802 2505 2005 2578 praesi-

356 2605 542 2660 deret.
574 2603 860 2675 lmposita
886 2601 998 2657 fuit
1031 2604 1097 2655 12
1126 2599 1302 2654 variis
1332 2598 1630 2653 columnis
1651 2596 1723 2652 de
1751 2595 2004 2666 Trojano

352 2694 717 2767 lapide,altis
747 2690 1035 2764 pedes25:
1067 2706 1150 2745 eae
1179 2687 1252 2743 ab
1282 2686 1466 2743 austri
1496 2692 1556 2741 et
1584 2685 2005 2757 septentrionis

352 2789 519 2857 parte
552 2779 925 2837 sustinebant
957 2777 1298 2843 editicium,
1329 2775 1403 2830 ad
1434 2780 1627 2829 ortum
1651 2779 1711 2829 et
1729 2789 2004 2829 occasum

351 2869 680 2926 fornicibus
710 2867 1041 2922 suifultum.
1074 2866 1206 2920 Fuit
1234 2862 1606 2937 longitudine
1637 2861 1855 2934 pedum
1877 2864 2004 2932 240,

346 2958 660 3016 latitudine
692 2958 781 3013 84.
814 2955 1057 3027 Templa
1086 2970 1327 3026 quoque
1370 2952 1685 3024 absumpta
1717 2956 1857 3006 sunt
1887 2951 2004 3007 duo

349 3048 628 3115 maxima,
659 3045 855 3101 omnis
884 3044 1122 3118 generis
1168 3042 1467 3114 lapidibus
1520 3046 1825 3105 exornata,
1858 3040 2005 3096 alte-

346 3153 483 3193 rum
527 3133 837 3207 Tetrapylo
893 3134 1041 3189 οιι
1099 3132 1386 3197 vicinum,
1436 3130 1691 3186 alterum
1749 3130 1812 3184 in
1867 3129 1995 3184 foro

2109 537 2406 612 ἐκοιμήθη,
2462 543 2682 614 πρῶτος
2740 535 3053 608 καταδείξας
3113 539 3215 608 τήν
3272 539 3530 610 τοιαύτην
3585 536 3759 610 ἄσκη-

2109 647 2210 683 σιν.

2178 718 2269 789 Τῷ
2297 716 2335 771 ε’
2364 708 2469 771 ἔτει
2499 715 2716 793 γέγονεν
2740 713 3136 792 ἐμπρησμὸςέν
3162 715 3757 773 Κωνσταντινουπόλει·

2107 804 2405 880 ἀρξάμενος
2438 804 2544 860 ἀπὸ
2573 808 2671 860 τοῦ
2701 804 2928 880 νεωρίου
2955 804 3050 860 καὶ
3078 801 3281 881 φθάσας
3309 800 3418 868 ἕως
3437 809 3535 860 τοῦ
3567 806 3759 883 Ἀγίου

2109 898 2279 967 Θωμᾶ
2307 898 2417 950 τῶν
2449 892 2755 968 Ἀμάντων.
2788 894 3102 970 Μαρκιανὸς
3155 891 3213 949 δέ
3269 895 3298 949 6
3330 893 3625 968 οἰκονόμος
3656 902 3761 965 τῆς

2108 983 2370 1061 Μεγάλης
2432 984 2785 1057 Ἐκκλησίας,
2838 986 2929 1041 τὸν
2974 985 3103 1040 ναὸν
3166 982 3352 1046 κτίσας
3408 991 3508 1055 τῆς
3568 985 3763 1058 ’Δγίας

2108 1074 2505 1143 Ἀναστάσεως,
2545 1071 2624 1130 ἔτι
2662 1073 2779 1129 νέον
2837 1071 2969 1129 ὅντα
3022 1078 3215 1130 τοῦτον
3274 1078 3373 1128 τοῦ
3429 1071 3765 1148 ἐμπρησμοῦ

2107 1159 2431 1233 διεσώσατο,
2459 1161 2702 1227 ἀνελθὼν
2734 1162 2812 1225 είς
2837 1164 2901 1219 τὸ
2921 1161 3181 1239 κεράμιον
3215 1162 3351 1236 μετᾶ
3408 1161 3766 1240 Εὐαγγελίου

2106 1253 2198 1307 καὶ
2230 1257 2518 1327 θυμιατοῦ,
2547 1254 2639 1308 καὶ
2702 1254 2793 1308 τὸν
2843 1254 2971 1309 Θεὸν
3007 1249 3260 1329 δάκρυσιν
3305 1251 3763 1326 ἐξιλεωσάμενος-

2110 1338 2330 1419 Σφόδρα
2361 1342 2467 1418 γὰρ
2513 1339 2726 1415 ἐκράτει
2782 1343 2810 1397 6
2856 1340 3189 1416 ἐμπρησμὸς
3234 1340 3410 1403 οὗτος·
3468 1343 3604 1397 κατὰ
3663 1344 3766 1416 μὶν

2105 1432 2208 1507 γὰρ
2240 1430 2513 1493 ἀνατολὰς
2544 1430 2651 1486 ἀπὸ
2675 1435 2776 1485 τοῦ
2818 1431 3052 1505 νεωρίου
3096 1428 3537 1503 ἐπεκτεινόμενος
3593 1433 3767 1506 μέχρι

2106 1524 2206 1574 τοῦ
2240 1519 2429 1586 Ἀγίου
2458 1519 2715 1577 Ἰωάννου
2744 1523 2841 1576 τοῦ
2899 1523 3139 1599 Πτωχοῦ
3193 1520 3332 1595 πρὸς
3378 1517 3551 1587 δύσιν,
3583 1519 3669 1576 ἐπὶ
3706 1518 3768 1576 δὲ

2112 1606 2463 1686 μεσημϐρίας
2492 1609 2547 1666 ἐν
2578 1614 2649 1685 τῇ
2704 1609 2840 1686 μέσῃ
2897 1617 3000 1681 τῆς
3039 1610 3259 1674 πόλεως
3317 1612 3423 1668 ἀπὸ
3452 1617 3560 1667 τῶν
3616 1612 3765 1668 Λαύ-

2110 1719 2208 1753 σου
2269 1700 2439 1778 μέχρι
2493 1703 2592 1754 τοῦ
2643 1697 2856 1774 Ταύρου
2907 1700 3079 1754 πάντα
3114 1699 3552 1775 κατελυμήνατο.
3599 1706 3762 1777 Περι-

2108 1796 2249 1865 φανῆ
2285 1787 2341 1845 δὲ
2372 1788 2600 1845 καὶτῶν
2639 1788 2829 1845 ἄλλων
2887 1786 3211 1867 διαφέροντα
3241 1790 3303 1846 τὸ
3358 1796 3467 1865 πῦρ
3523 1793 3763 1847 κατανά-

2109 1877 2285 1934 λωσεν
2344 1877 2397 1934 ἐν
2455 1879 2551 1954 μὶν
2608 1883 2687 1952 τῷ
2741 1879 3147 1935 Κωνσταντίνου
3200 1877 3353 1956 φόρῳ
3394 1882 3545 1936 οἶκον
3607 1880 3767 1956 μέγι-

2110 1989 2236 2024 στον
2295 1969 2516 2024 σενάτου
2571 1967 2936 2042 καλούμενον,
2996 1966 3056 2024 ἐκ
3103 1969 3328 2045 χαλκῶν
3385 1970 3606 2026 εἰκόνων
3666 1972 3759 2026 καὶ

2108 2063 2405 2136 πορφυρῶν
2437 2056 2606 2122 λίθων
2656 2055 3181 2132 διακεκοσμημὺον,
3243 2059 3294 2115 ἐν
3354 2061 3503 2135 ᾧπερ
3559 2060 3649 2115 καὶ
3711 2083 3769 2123 oo,

2111 2144 2340 2221 λογάδες
2388 2142 2746 2204 ἐϐουλεύοντο
2804 2147 2893 2203 καὶ
2953 2150 2980 2204 6
3045 2147 3301 2225 βασιλεὺς
3358 2147 3553 2225 είσῂει,
3607 2151 3772 2220 ἡνίκα

2112 2236 2378 2306 ὑπατικὴν
2410 2230 2575 2292 ἔλαϐε
2606 2236 2831 2308 στολήν,
2889 2237 2980 2294 καὶ
3036 2239 3100 2293 τὸ
3156 2244 3432 2317 νυμφαῖον
3488 2241 3550 2295 τὸ
3603 2238 3775 2295 τοῦδε

2108 2328 2206 2381 τοῦ
2265 2325 2420 2380 οἳκου
2472 2324 2718 2399 κείμενον
2767 2324 3010 2401 ἀντικρὺ,
3070 2325 3121 2381 ἐν
3149 2327 3298 2401 ᾧπερ
3341 2329 3392 2382 οἱ
3422 2326 3594 2403 γάμοι
3652 2328 3771 2401 ἐγί’

2110 2433 2271 2469 νοντο
2334 2418 2443 2470 τῶν
2502 2413 2602 2469 ούκ
2659 2414 2899 2490 ἐχόντων
2960 2413 3168 2477 οἴκουςο
3219 2414 3273 2470 ἐν
3325 2413 3383 2471 δὲ
3440 2420 3518 2489 τῷ
3573 2416 3770 2492 Ταύρῳ

2112 2505 2264 2558 οἷκον
2294 2502 2383 2558 καὶ
2416 2502 2576 2571 αὐτὸν
2614 2508 2732 2567 τοῖς
2765 2502 2965 2581 λογάσι
3013 2504 3104 2559 καὶ
3161 2508 3242 2577 τῷ
3297 2502 3518 2580 βασιλεῖ
3572 2504 3770 2577 ἐπιτή-

2113 2589 2276 2662 δειον,
2303 2597 2419 2654 τοῖς
2462 2593 2559 2666 μὶν
2618 2594 2697 2655 είς
2753 2591 2817 2649 τὸ
2870 2593 3104 2648 συνιέναι
3158 2593 3249 2648 καὶ
3310 2595 3434 2669 περὶ
3490 2599 3596 2649 τῶν
3624 2616 3767 2669 πρατ

2111 2678 2281 2736 κτέων
2308 2679 2646 2752 διασκοπεῖν,
2677 2686 2755 2754 τῷ
2786 2680 2842 2737 δὲ
2873 2682 2926 2737 ἐν
2978 2685 3049 2756 τῇ
3108 2680 3298 2755 ἱοπάτῳ
3355 2684 3769 2758 προκαθημένῳ

2114 2769 2319 2845 βουλῇ,
2376 2770 2431 2826 ἐν
2473 2768 2792 2827 δυοκαίδεκα
2844 2770 3125 2834 ποίκίλοις
3175 2771 3348 2827 κίοσιν
3404 2771 3463 2828 ἐκ
3512 2776 3769 2845 Τρωϊκῆς

2114 2860 2297 2925 λίθου,
2338 2859 2499 2916 πέντε
2553 2861 2644 2916 καὶ
2701 2861 2874 2916 εἲκοσι
2931 2858 3117 2917 ποδῶν
3174 2858 3394 2917 ἔχουσιν
3453 2861 3607 2936 ὕψος,
3668 2863 3771 2935 ςέο

2114 2969 2270 3024 ρουσι
2354 2946 2414 3005 δὲ
2485 2951 2587 3019 τὴν
2644 2951 2840 3021 στέγην
2915 2943 2977 3005 ἔκ
3051 2970 3111 3006 τε
3174 2949 3353 3007 νοτίου
3399 2950 3489 3006 καὶ
3548 2952 3770 3027 βορείου

2112 3037 2354 3113 πλευροῦ
2386 3038 2478 3094 σὺν
2525 3038 2657 3103 τοῖς¹
2707 3040 2837 3114 παρ’
2896 3038 3122 3116 ἐκάτερα
3177 3041 3316 3096 κατᾶ
3358 3040 3421 3095 τὸ
3451 3039 3773 3095 ἀνατολικὸν

2109 3125 2197 3183 καὶ
2228 3124 2441 3182 δυτικὸν
2475 3125 2720 3203 ψαλίσιν,
2752 3126 2815 3183 ού
2841 3130 2904 3184 τὸ
2948 3129 3044 3202 μὲν
3080 3135 3256 3203 μῆκος
3305 3135 3394 3202 σμ’
3444 3126 3626 3185 ποδῶν
3685 3130 3773 3191 τὸὶ

348 3189 559 3282 Tauri:
742 3189 817 3279 vet
845 3221 959 3278 alia
986 3220 1177 3277 multa
1219 3189 1384 3292 ignis.
1422 3219 1686 3285 vastavit,
1717 3223 1783 3273 ut
1810 3218 1998 3289 porti-

2116 3214 2166 3272 δὲ
2194 3214 2400 3279 πλάτος
2440 3189 2527 3272 πδ⁹
2557 3217 2647 3286 ἦν·
2680 3189 2773 3273 καὶ
2827 3189 3156 3292 τῶνάερῶν.
3191 3189 3252 3273 δέ
3310 3189 3456 3273 οίκοι
3518 3189 3767 3293 μέγιστοί

352 3331 476 3382 cus,
507 3318 721 3380 rostra,
751 3312 898 3377 fora,
932 3309 1159 3375 domos,
1191 3325 1227 3364 a
1259 3307 1409 3363 mari
1439 3323 1625 3378 usque
1683 3306 1757 3362 ad
1812 3323 2001 3374 mare,

351 3419 540 3473 usque
566 3400 640 3457 ad
687 3399 876 3456 aadem
925 3404 1265 3453 sanctorum
1321 3400 1647 3468 martyrum
1707 3396 1890 3467 Sergii
1948 3400 2006 3451 et

354 3490 587 3547 Bacchi.

2111 3303 2230 3373 δύο,
2263 3302 2756 3381 διακεκοσμημένοι
2795 3305 3073 3369 παντοίοις
3102 3305 3302 3378 λίθοις,
3351 3308 3426 3363 ὧν
3464 3308 3492 3362 6
3527 3308 3621 3380 μὶν
3666 3311 3767 3363 τοῦ

2110 3393 2454 3468 τετραπύλου
2484 3395 2549 3450 ού
2607 3394 2799 3471 πόρρω
2849 3393 3137 3471 ἐτύγχανεν
3191 3392 3286 3465 ὢν,
3345 3397 3373 3450 6
3432 3392 3489 3451 δὲ
3546 3401 3614 3471 τῇ
3669 3400 3769 3450 τοῦ

2119 3482 2336 3557 Ταύρου
2366 3481 2592 3539 ἐνέκειτο
2619 3483 2812 3560 ἀγορᾶ.
2872 3484 2969 3541 Καὶ
3028 3481 3172 3540 ἄλλα
3227 3483 3414 3541 πολλᾶ
3458 3483 3771 3559 κατελυμτς-

357 3598 487 3635 νατο
515 3577 579 3631 τὸ
598 3579 729 3651 πῦρ,
762 3577 881 3631 οἷον
915 3575 1076 3637 στοὰς
1108 3569 1392 3648 ἐμϐόλων,
1423 3572 1627 3650 ἀγορὰς
1661 3572 1748 3628 καὶ
1780 3571 2022 3643 οἰκήσεις
2053 3571 2160 3627 ἀπὸ
2194 3569 2473 3644 θαλάσσης
2502 3565 2607 3636 ἕως
2636 3571 2938 3645 θαλάσσης,
2969 3569 3104 3648 ἄχρι
3133 3576 3232 3629 τοῦ
3263 3577 3395 3629 ναοῦ
3422 3578 3530 3629 τῶν
3564 3574 3767 3648 Ἀγίων

362 3686 652 3745 μαρτυρων
692 3665 920 3742 Σεργίου
950 3663 1042 3719 καὶ
1076 3662 1317 3721 Βάκχου.

427 3812 601 3868 Sexto
633 3826 789 3866 anno
844 3807 1055 3882 pictori
1106 3808 1341 3865 cuidam
1398 3823 1672 3881 aggresso
1711 3808 2012 3864 Christum

357 3902 549 3958 forma
575 3900 728 3957 lovis
774 3899 1016 3973 pingere
1047 3915 1260 3955 manus
1291 3898 1542 3955 exaruit.
1602 3900 1749 3953 Eum
1780 3898 2013 3954 facinus

359 3990 699 4047 confessum
728 3988 1067 4046 Gennadius
1097 3988 1374 4061 precibus
1426 3987 1551 4043 suis
1602 3988 1849 4043 sanavit.
1882 3986 2018 4053 Qui-

363 4081 501 4137 dam
531 4079 801 4135 historici
833 4079 1064 4134 Christo
1122 4077 1457 4133 attribuunt
1484 4093 1653 4133 raros
1697 4082 1756 4132 et
1785 4078 2013 4149 crispos

365 4170 579 4226 crines.
639 4169 694 4224 Is
734 4168 1074 4224 Gennadius
1106 4173 1286 4222 noctu
1338 4166 1413 4223 ad
1469 4166 1654 4222 altare
1713 4172 2012 4238 spectrum

363 4257 652 4314 damonis
682 4256 866 4323 vidit;
925 4272 1102 4328 quem
1161 4272 1297 4312 cum
1354 4256 1744 4328 increpasset,
1790 4255 2014 4311 audivit

360 4345 783 4400 vociferantem
808 4359 967 4399 nunc
1006 4360 1069 4399 se
1100 4344 1153 4399 ei
1174 4343 1392 4399 viventi
1424 4343 1795 4415 cedere,post
1823 4343 2010 4415 ipsius

363 4437 618 4489 mortem
646 4433 852 4504 utique
873 4431 1091 4504 templo
1123 4431 1648 4504 potiturum.ldem
1673 4432 2010 4488 Gennadius

364 4522 647 4578 clericum
677 4521 997 4591 quemdam
1018 4521 1140 4576 fani
1173 4522 1228 4576 S.
1262 4520 1585 4577 Eleutherii
1624 4520 1779 4577 male
1815 4522 2008 4576 viven-

364 4616 485 4669 tem
516 4626 652 4667 cum
673 4626 831 4683 saape
860 4610 1249 4684 objurgasset,
1269 4627 1464 4683 neque
1490 4616 1689 4667 tamen
1709 4610 2016 4666 inflectere

363 4706 583 4775 posset,
615 4717 741 4756 rem
774 4700 848 4756 ad
873 4700 933 4757 S.
983 4700 1389 4756 Eleutherium
1410 4699 1783 4768 detulit,eum
1814 4699 1875 4753 in
1905 4715 2012 4755 suo

362 4791 588 4864 templo
609 4789 917 4864 cujusdam
950 4790 1207 4845 ministri
1226 4788 1357 4860 ejus
1377 4805 1559 4861 opera
1576 4790 1660 4844 sic
1680 4789 2010 4860 alloquens,

365 4881 502 4936 Dive
532 4885 759 4952 martyr
784 4878 1212 4941 Eleutheri,aut
1233 4877 1459 4950 corrige
1490 4876 1773 4933 clericum
1791 4883 1961 4932 tuum
1995 4892 2011 4931 :

363 4974 469 5024 aut
497 4968 794 5024 exscinde.
814 4966 978 5022 lllico
999 4966 1252 5022 clericus
1266 4965 1833 5038 exspiravit.Eodem
1856 4982 2012 5022 anno

366 5056 604 5112 Studius
635 5054 925 5129 templum
954 5054 1198 5111 Joannis
1220 5054 1496 5125 Baptista
1519 5052 2013 5123 condidit,mona—

2195 3808 2287 3877 Τῷ
2324 3805 2369 3869 ς’
2424 3800 2530 3860 ἔτει
2584 3805 2870 3884 ζωγράφου
2922 3805 3070 3867 τινὸς
3123 3804 3216 3860 τὸν
3275 3811 3508 3879 Σωτῆρα
3555 3806 3772 3879 γράψα-

2119 3893 2499 3966 τολμήσαντος
2553 3894 2672 3947 καθ’
2733 3893 3039 3966 ὁμοιότητα
3092 3898 3191 3949 τοῦ
3249 3895 3374 3956 Διὸς
3411 3893 3674 3969 ἐξηράνθη
3731 3894 3769 3963 ἡ

2124 3980 2249 4055 χείρ
2280 3981 2339 4037 ὅν
2386 3981 2803 4058 ἐξαγορεύσαντα
2861 3979 2933 4037 δι’
2990 3981 3163 4053 εὐχῆς
3221 3982 3408 4039 ἰάσατο
3476 3979 3783 4044 Γεννάδιος-

2121 4071 2265 4126 Φασὶ
2304 4067 2362 4126 δέ
2389 4091 2529 4134 τινες
2556 4074 2665 4126 τῶν
2696 4071 2988 4147 ἱστορικῶν
3023 4071 3107 4126 ὅτι
3136 4072 3200 4128 τὸ
3259 4070 3426 4128 οὖλον
3465 4074 3551 4127 καὶ
3587 4071 3775 4146 ὸλιγόο

2119 4177 2315 4235 τριχον
2347 4166 2542 4234 σχῆμα
2598 4158 2686 4215 ἐπὶ
2741 4163 2838 4215 τοῦ
2895 4167 3157 4236 Σωτῆρος
3218 4161 3544 4237 οἰκειότερόν
3601 4160 3777 4218 ἐστιν.

2116 4245 2291 4311 Οὗτος
2318 4250 2348 4304 6
2378 4245 2661 4312 Γεννάδιικ
2688 4253 2759 4324 τῇ
2789 4250 2942 4304 νυκτὶ
2998 4247 3051 4304 ἐν
3108 4255 3189 4324 τῷ
3247 4251 3619 4326 θυσιαστηρίῳ
3667 4249 3781 4305 εἶδε

2119 4337 2409 4417 φάντασμα
2491 4334 2801 4407 δαιμονίου,
2887 4339 2934 4411 ᾧ
3019 4339 3110 4394 καὶ
3167 4339 3498 4412 ἐπιτιμήσας
3544 4341 3775 4410 ⁴ἰξκουτιέν

2117 4424 2283 4481 αὐτοῦ
2338 4427 2640 4500 κράζοντος
2694 4427 2769 4489 ὡς
2825 4426 2995 4484 αὐτοῦ
3083 4427 3177 4502 μὲν
3234 4432 3438 4498 ζῶντος
3496 4426 3774 4495 ἐνδίδωσι,

2131 4519 2265 4593 μετᾶ
2293 4518 2351 4575 δὲ
2382 4519 2609 4584 θάνατον
2638 4519 2806 4575 αύτοῦ
2835 4521 3093 4596 κρατήσει
3123 4519 3339 4583 πάντως
3397 4528 3499 4592 τῆς
3528 4520 3772 4591 Ἐκκληε

2122 4608 2264 4670 σίας.
2297 4608 2470 4671 Οὗτος
2500 4608 2529 4663 6
2559 4606 2842 4673 Γεννάδιος
2869 4606 3122 4682 κληρικῷ
3154 4611 3266 4684 (75)
3324 4616 3428 4680 τῆς
3475 4608 3770 4681 ἐκκλησίας

2118 4702 2218 4752 τοῦ
2239 4696 2425 4773 Ἀγίου
2456 4696 2797 4772 Ἐλευθερίου
2850 4696 3064 4771 ἀτάκτῳ
3119 4694 3234 4753 ὄντι
3289 4697 3561 4761 πολλάκις
3617 4699 3766 4754 ἐνου-

2122 4786 2283 4851 θέτει.
2316 4786 2465 4842 Ἐπεὶ
2506 4781 2564 4840 δὲ
2592 4785 2755 4840 αὐτὸν
2797 4784 3008 4861 κάμψαι
3067 4787 3168 4842 οὐκ
3211 4787 3428 4857 ἲσχυσε,
3468 4786 3637 4859 δηλοῖ
3688 4792 3770 4861 τῷ

2120 4874 2257 4949 ἁγίῳ
2286 4872 2639 4948 Ἐλευθερίῳ,
2668 4873 2720 4928 ἐν
2749 4879 2829 4947 τῷ
2858 4878 2969 4946 ναῷ
2994 4875 3161 4930 εἰπὼν
3193 4873 3283 4931 διά
3314 4878 3400 4949 [Ρ.
3435 4879 3561 4949 349]
3616 4898 3765 4942 τινος

2117 4969 2226 5018 τῶν
2256 4964 2711 5040 ὑπηρετουμένων
2762 4962 2933 5036 αὐτῷ’
2964 4964 3125 5039 Ἀγιε
3185 4966 3395 5041 μάρτυρ
3446 4964 3770 5035 Ἐλευθέριε,

2118 5053 2153 5124 ἢ
2179 5051 2476 5130 διόρθωσαι
2504 5055 2597 5109 τὸν
2624 5052 2892 5128 κληρικόν
2924 5074 3042 5123 σου,
3074 5054 3110 5124 ἢ
3164 5053 3393 5128 ἔκκοψον
3452 5055 3634 5111 αὐτόν.
3672 5057 3770 5112 Καὶ

1563 5221 1924 5281 XYLANDBI
1962 5225 2049 5280 ET
2086 5225 2301 5282 GOARI
2340 5224 2562 5281 NOTAE.

437 5412 553 5486 (75)
580 5410 790 5486 Clerici
816 5429 1036 5468 nomen
1067 5413 1227 5486 apud
1255 5415 1487 5470 Graacos
1517 5429 1637 5468 non
1660 5413 2010 5486 adipiscitur
2109 5412 2277 5486 illum
2309 5411 2510 5486 aliquo
2530 5410 2950 5486 defunguntur
2969 5412 3187 5486 ofﬁcio,
3213 5430 3245 5469 a
3275 5431 3392 5486 quo
3433 5416 3762 5471 monachus

367 5481 558 5566 quivis
585 5482 744 5566 clero
766 5481 1235 5566 cooptatus—sed
1286 5486 1345 5566 is_
1368 5485 1730 5566 tantum__qui
1761 5481 2009 5566 dignita-

2106 5483 2304 5555 omnis
2336 5482 2694 5555 excluditur,
2727 5482 2982 5555 eumque
3014 5484 3154 5540 licet
3174 5482 3334 5541 clero
3358 5496 3764 5542 annumerent

368 5558 487 5635 tem
516 5552 607 5635 vel
633 5552 982 5635 officium-in
1008 5555 1263 5635 Ecclesia
1293 5556 1539 5635 obtinet.
1576 5552 1721 5611 Hinc
1755 5552 2008 5635 pvrcipis
2107 5553 2290 5635 Graeci
2345 5553 2660 5635 doctiores,
2711 5552 3016 5635 clericum"
3032 5561 3231 5613 tamen
3278 5574 3573 5629 nusquam
3626 5574 3760 5614 esse

367 5624 465 5695 qui
492 5624 610 5679 sint
638 5625 988 5695 patriarcha:
1022 5627 1246 5691 clerici,
1301 5626 1387 5680 illi
1444 5642 1657 5697 nempe
1689 5624 1790 5696 qui
1851 5624 2007 5681 circa
2106 5624 2197 5681 vel
2228 5625 2558 5697 nuncupari
2591 5624 2945 5682 concedunt.
2978 5627 3152 5682 Com.
