4134 6212
448 358 566 455 i367

1802 394 2120 456 GEORGII
2164 392 2506 455 CEDRENI

3740 391 3874 451 668

453 535 742 605 majorem
796 533 857 588 in
906 532 1144 587 modum
1198 530 1571 604 deprmdatus
1625 537 1769 601 erat,
1823 549 2094 605 magnam

2234 530 2346 585 ιετά
2378 530 2604 595 θάνατον
2635 531 2952 606 Μαρκιανοῢ
2985 530 3071 604 [Ρ.
3106 530 3231 601 350]
3278 529 3609 601 Αηϊςαμένου
3658 527 3868 583 στόλον

456 625 705 678 classem
762 624 976 687 emisit,
1020 622 1284 677 collectis
1348 626 1481 677 1115
1534 622 1801 691 navibus,
1836 624 1979 677 viris
2038 623 2098 678 in

458 714 717 783 singulas
752 717 869 766 100.
896 714 957 766 in
977 729 1107 767 eam
1130 713 1400 783 impensa
1418 719 1555 767 sunt
1578 714 1740 769 aurei
1771 715 2098 769 sexcenties

456 802 847 873 quinquagies
877 802 1060 872 inille,
1092 803 1354 875 argentei
1400 804 1629 858 nummi
1675 804 2099 875 septingenties

458 890 620 945 mille
653 889 908 961 demptis
940 907 1069 961 quae
1104 907 1172 945 ex
1204 891 1413 945 a3rario
1445 896 1681 963 sumpta
1730 897 1785 946 et
1834 908 1867 946 a
1916 894 2101 947 Roma

457 980 833 1051 suppeditata
861 986 1019 1036 sunt.
1053 983 1134 1036 Ea
1165 988 1363 1038 tamen
1392 988 1554 1038 tanta
1575 983 1780 1039 classis
1801 1000 1863 1038 re
1887 983 2103 1039 infecta

460 1087 532 1124 ne
565 1071 812 1125 semisse
846 1070 1085 1142 quidem
1119 1072 1376 1127 militum
1419 1074 1758 1144 superstite,
1782 1073 1977 1138 rediit,
2000 1072 2103 1128 du-

459 1160 637 1214 ctoris
652 1159 724 1214 ob
750 1160 1239 1232 imprudentiam:
1260 1160 1309 1216 is
1334 1161 1493 1216 enim
1507 1162 1765 1217 ostendit
1786 1169 1944 1217 recte
1966 1179 2101 1217 eum

461 1249 738 1316 Seltsisse,
796 1250 895 1319 qui
965 1248 1113 1304 dixit
1187 1251 1510 1306 exercitum
1580 1268 1887 1307 cervorum
1955 1251 2102 1307 duce

460 1339 653 1401 leone,
698 1343 980 1409 praestare
1032 1340 1315 1395 exercitui
1365 1339 1606 1397 leonum
1666 1357 1842 1412 quem
1901 1358 2106 1397 cervus

462 1427 655 1482 ducat.
690 1427 907 1482 Eodem
939 1444 1095 1482 anno
1125 1429 1366 1501 Asparis
1401 1430 1557 1485 filius
1592 1430 1875 1503 patricius
1914 1430 2108 1485 Caesar

463 1535 496 1571 a
531 1516 720 1569 Leone
764 1522 1000 1571 creatur
1052 1534 1116 1573 ac
1165 1517 1586 1574 Alexandriam
1635 1519 1910 1590 mittitur,
1968 1519 2108 1591 quia

460 1608 744 1676 Asparem
785 1605 856 1660 ab
908 1612 1067 1663 secta
1119 1607 1443 1663 abduxerat
1491 1615 1549 1664 et
1597 1608 1707 1665 sibi
1756 1607 2104 1665 benevolum

464 1696 823 1752 reddiderat.

2212 620 2380 697 μέγαν
2412 615 2769 690 ἐξαπέστειλε,
2828 619 2979 696 ιαριγ’
3033 618 3207 674 πλοῖα
3261 616 3637 687 συναθροίσας,
3698 611 3874 693 ἔχον-

2205 729 2299 769 τος
2339 708 2564 763 ἑκάστου
2596 707 2697 762 ἀνὰ
2739 704 2933 781 ἄνδρας
2997 707 3203 764 ἓκατόν.
3260 714 3345 763 Ἐν
3388 707 3475 770 οἷς
3518 706 3873 777 κατεκενώθη

2208 798 2442 873 χρυσίου
2485 798 2528 873 ρ’
2577 798 2620 873 ρ’
2674 798 2726 868 Et
2786 800 2899 872 (78)
2951 796 3041 853 καὶ
3092 797 3331 873 ἀργύρου
3384 797 3429 867 ρ’
3477 794 3526 871 ρ“
3572 798 3640 864 o',
3697 795 3877 870 napis

2208 891 2316 942 τῶν
2350 886 2410 942 ἐκ
2439 890 2537 942 τοῦ
2592 886 2845 959 ταμιείου
2894 884 2981 941 καὶ
3033 890 3141 941 τῶν
3186 892 3288 956 τῆς
3333 886 3582 962 ἑσπερίοις
3638 885 3877 963 Ῥώμης

2212 973 2535 1051 διδομένων.
2569 974 2673 1033 Καὶ
2706 977 2734 1030 ὁ
2772 978 3027 1037 τοσοῦτος
3059 974 3257 1037 στόλος
3306 973 3579 1050 ἄπρακτος
3629 971 3720 1029 διὰ
3766 975 3878 1043 τήν

2209 1070 2307 1121 τοῦ
2359 1065 2790 1143 στρατηγοῦντος
2874 1060 3242 1120 κακοϐουλίαν
3327 1065 3678 1140 ὑπέστρεψεν,
3741 1061 3879 1119 οὖδέ

2210 1154 2339 1218 τοὺς
2399 1156 2619 1229 ἡμίσεις
2675 1159 2781 1210 τῶν
2866 1155 3213 1230 στρατιωτῶν
3276 1152 3450 1216 σώους
3509 1151 3875 1233 διαφυλάξας·

2214 1244 2378 1321 ἔδειξε
2410 1246 2511 1325 γὰρ
2543 1248 2641 1317 ςιὴν
2672 1247 2904 1323 γνώμην
2934 1244 3116 1316 ἀληθῆ
3149 1250 3245 1300 τοῦ
3268 1245 3539 1318 εἰπόντος,
3567 1246 3655 1302 ὅτι
3682 1252 3878 1324 πρεῖσο

2215 1337 2307 1390 σόν
2350 1337 2463 1391 ἐστι
2518 1332 2881 1412 στρατόπεδον
2934 1333 3148 1412 ἐλάφων
3205 1337 3519 1413 ἡγκυμένου
3577 1334 3803 1398 λέοντος
3838 1337 3878 1405 ἦ

2216 1422 2576 1500 στρατόπεδον
2620 1424 2852 1480 λεόντων
2886 1424 3191 1501 ἡγουμὲνευ
3223 1424 3450 1504 ἐλάφου.
3485 1428 3579 1499 Τῷ
3634 1423 3679 1480 δ’
3715 1427 3877 1497 αὐτῷ

2217 1513 2320 1570 ἔτει
2350 1514 2437 1570 καὶ
2470 1517 2498 1569 ὁ
2531 1515 2808 1590 Ἀσπαρος
2851 1516 2963 1590 (72:)
3013 1515 3128 1577 υἱὸς
3188 1514 3473 1592 πατρίκιος
3532 1512 3605 1569 ὢν
3658 1519 3877 1592 Καῖσαρ

2214 1606 2360 1679 παρὰ
2426 1609 2522 1659 τοῦ
2590 1603 2826 1670 Λέοντος
2876 1605 3108 1680 γίνεται,
3190 1604 3283 1659 καὶ
3358 1601 3412 1660 ἒν
3488 1602 3881 1680 Ἀλεξανδρείᾳ

2215 1696 2492 1769 πέμπεται
2525 1690 2618 1748 διὰ
2646 1694 2707 1749 τὸ
2740 1691 2963 1748 ὲλκῦσαι
2994 1692 3085 1748 τὸν
3116 1695 3367 1769 Ἂσπαρα
3392 1691 3456 1749 ἔκ
3498 1701 3600 1763 τῆς
3652 1694 3885 1771 Ἀρεια-

2216 1791 2373 1854 νικῆς
2401 1780 2563 1855 δόξης
2594 1783 2685 1838 καὶ
2717 1782 2918 1837 εὐνοεῖν
2951 1789 3176 1853 ποιῆσαι
3205 1788 3283 1856 τῷ
3317 1781 3552 1858 βασιλεῖ.

537 1874 773 1928 Decimo
806 1872 1011 1944 quinto
1042 1891 1197 1930 anno
1230 1874 1438 1930 beatus
1466 1874 1818 1947 Enthymius
1851 1873 1910 1929 in
1941 1874 2109 1930 Chri-

2288 1877 2378 1946 Τῷ
2414 1875 2472 1929 ιε’
2508 1867 2616 1930 ἔτει
2648 1873 2675 1928 ὁ
2708 1873 2856 1936 ’ὁσιος
2891 1873 3167 1948 Εὐθιᾶμιος
3197 1872 3248 1929 ἐν
3300 1877 3520 1948 Χριστῷ
3568 1871 3876 1950 ἐκοιμήθη,

466 1969 553 2018 sto
587 1962 959 2032 obdormivit,
993 1980 1127 2018 eum
1159 1963 1401 2018 vixisset
1438 1980 1625 2019 annos
1658 1967 1746 2019 97.

529 2056 681 2108 ($14
714 2053 900 2107 Annis
945 2052 1241 2109 sexdecim
1297 2059 1355 2108 et
1402 2052 1826 2125 septemdecim
1883 2053 2107 2109 bellum

457 2145 663 2195 contra
696 2142 1059 2195 Gizericlium
1087 2142 1244 2197 varia
1274 2141 1511 2197 fortuna
1556 2147 1785 2214 gestum
1834 2142 1963 2197 fuit.

528 2233 694 2285 Anno
740 2231 803 2286 17
835 2248 936 2285 rex
960 2232 1206 2285 Zenonis
1238 2236 1293 2284 et
1325 2248 1445 2286 sua;
1470 2231 1605 2286 tilias
1627 2231 1897 2287 Ariadna)
1920 2231 2107 2287 filium

457 2320 713 2375 Leonem
772 2321 1063 2374 Cmsarem
1115 2318 1395 2375 declarat.
1464 2320 1623 2376 Tunc
1689 2321 1866 2375 etiam
1929 2320 2108 2376 vestis

458 2411 729 2482 Deipara)
755 2410 998 2483 virginis
1036 2410 1463 2482 Hierosolymis
1492 2410 1603 2465 fuit
1633 2408 1831 2481 allata,
1873 2410 2111 2467 inventa

456 2499 611 2571 apud
646 2500 965 2571 quamdam
992 2499 1499 2573 religiosissimam
1522 2500 1866 2556 Hebraicam
1889 2501 2106 2556 mulie-

457 2607 585 2645 rem
638 2590 944 2661 virginem.
1004 2591 1074 2644 Et
1128 2589 1396 2661 reliquize
1456 2590 1512 2645 S.
1561 2589 1890 2646 Anastasis:
1939 2591 2111 2647 Nico-

462 2680 661 2735 media
691 2680 884 2734 allataa
918 2680 1099 2750 inque
1140 2680 1269 2751 ejus
1317 2678 1455 2734 fano
1503 2679 1776 2750 repositae
1823 2686 1980 2737 sunt.
2032 2682 2111 2735 Eo

463 2775 726 2838 tempore
759 2767 1046 2823 Romulus
1088 2766 1333 2837 quidam
1380 2767 1745 2839 Angustulus
1790 2769 2114 2841 imperator

460 2858 645 2911 Italia:
705 2856 789 2923 ﬁt,
842 2853 1015 2909 annis
1068 2857 1204 2909 1060
1252 2861 1384 2927 post
1427 2853 1727 2911 conditam
1777 2872 1812 2912 a
1859 2857 2110 2914 Romulo

462 2948 729 3000 Romam.
792 2946 1000 3015 Itaque
1058 2943 1389 3001 Occidentis
1436 2944 1777 3018 imperium,
1845 2946 2004 3019 quod
2079 2965 2113 3002 a

462 3033 712 3088 Itomulo
745 3033 1003 3105 primum
1034 3033 1271 3090 initium
1302 3032 1532 3104 habuit,
1565 3039 1729 3091 tanto
1776 3040 1910 3109 post
1964 3040 2109 3091 tem-

462 3140 604 3196 pore
638 3123 698 3178 in
729 3123 845 3179 alio
876 3124 1127 3180 Romulo
1158 3124 1356 3180 desiit.

2221 1965 2385 2034 ζήσας
2416 1960 2507 2033 ἔτη
2542 1962 2642 2040 ις’·

2288 2053 2378 2124 Τῷ
2412 2052 2479 2116 ις’
2508 2051 2599 2107 καὶ
2635 2057 2698 2122 ιζ’
2726 2044 2833 2106 ἔτει
2862 2052 2928 2106 τὰ
2958 2054 3053 2105 τοῦ
3104 2052 3393 2127 Γιζερίχου
3433 2050 3682 2127 πολέμου
3727 2052 3881 2109 ἄλλο

2219 2140 2302 2197 ἐπ’
2343 2139 2499 2215 ἄλλῳ
2531 2136 2823 2197 συνὲϐαινε.

2292 2235 2385 2303 Τῷ
2420 2237 2479 2302 ιζ’
2511 2228 2657 2286 Λέων
2693 2230 2719 2286 ὁ
2756 2228 3010 2307 βασιλεὺς
3064 2229 3263 2286 Λέοντα
3311 2231 3403 2287 τὸν
3443 2234 3695 2303 Ζήνωνος
3757 2235 3882 2289 υἱὸν

2223 2321 2312 2377 καὶ
2347 2319 2631 2398 Ἀριάδνης
2689 2328 2791 2391 τῆς
2838 2317 2977 2384 ἷδίας
3029 2321 3314 2398 Θυγατρὸς,
3374 2322 3565 2378 ἑαυτοῦ
3616 2320 3673 2378 δὲ
3717 2322 3887 2400 ἔγγο-

2220 2433 2338 2481 νον,
2395 2408 2589 2486 οτέψας
2666 2409 2893 2487 βασιλέα
2978 2413 3091 2487 (80)
3171 2411 3516 2488 ἀνηγόρευσε.
3600 2414 3740 2469 Τότε
3788 2414 3886 2469 καὶ

2222 2505 2258 2573 ἡ
2311 2501 2474 2573 ἐσθὴς
2529 2509 2630 2571 τῆς
2690 2500 2981 2578 ὑπεραγίας
3030 2500 3297 2557 Θεοτόκου
3360 2501 3409 2575 ἐξ
3466 2500 3881 2578 Ἱεροσολύμων

2221 2592 2397 2668 ἢχθη,
2457 2592 2735 2668 εὑρεθεῖσα
2791 2593 2937 2667 παρά
3013 2614 3122 2647 τινι
3207 2586 3578 2667 εὐλαϐεστάτῃ
3658 2594 3883 2670 γυναικὶ

2221 2675 2463 2755 Ἑϐραίῳ
2504 2679 2778 2757 παρθένῳ.
2833 2680 2934 2737 Καὶ
2983 2681 3048 2736 τὰ
3098 2678 3324 2756 λείψανα
3374 2687 3474 2751 τῆς
3523 2683 3676 2757 ἁγίας
3720 2686 3881 2739 Ἀνα-

2222 2771 2442 2832 στασίας
2486 2770 2592 2827 ἀπὸ
2649 2767 3028 2844 Νικομηὸείας
3068 2770 3427 2847 ἀνεκομίσθη,
3475 2771 3562 2826 καὶ
3618 2771 3774 2841 ἐτέθη
3824 2770 3880 2827 ἐν

2218 2864 2297 2931 τῷ
2325 2864 2437 2933 ναῷ
2468 2859 2634 2930 αὐτῆς
2670 2863 2805 2935 (81).
2858 2860 2944 2915 Ἐν
2997 2858 3172 2933 τούτῳ
3221 2864 3301 2931 τῷ
3355 2864 3531 2934 καιρῷ
3585 2859 3885 2934 Ῥωμύλος

2219 2969 2302 3010 τις
2356 2947 2586 3015 ἐπίκλην
2642 2946 3056 3022 Αὐγουστάλιος
3106 2950 3217 3021 (82)
3268 2948 3622 3024 αὐτοκράτωρ
3674 2955 3780 3018 τῆς
3829 2947 3886 3003 ἐν

2221 3037 2428 3110 Ἰταλίᾳ
2459 3036 2741 3113 βασιλείας
2771 3037 3111 3107 καθίσταται,
3148 3036 3281 3110 μετά
3328 3035 3486 3113 χίλια
3537 3035 3885 3115 ὀγδοήκοντα

2224 3118 2318 3196 ἔτη
2349 3124 2645 3200 Ῥωμύλου
2679 3123 2953 3202 βασιλέως
3001 3130 3097 3181 τοῦ
3144 3128 3242 3198 τὴν
3284 3126 3509 3199 Ῥώμην
3563 3125 3881 3190 κτίσαντος.

464 3210 818 3287 Σημειωτὲον
875 3209 932 3267 δὲ
990 3212 1064 3275 ὡς
1116 3212 1221 3268 ἀπὸ
1280 3209 1570 3288 Ῥωμύλου
1600 3215 1635 3284 ἡ
1668 3219 1769 3285 τῆς
1822 3213 2084 3290 Ἐσπὲρας
2144 3213 2429 3289 ἀκμάσασα
2490 3214 2740 3290 βασίλεία
2796 3214 2962 3273 πάλιν
3024 3216 3127 3272 ὑπὸ
3185 3213 3476 3291 Ῥωμύλου
3531 3215 3619 3273 ἐπὶ
3676 3219 3887 3273 τοσού-

465 3323 593 3364 τους
624 3300 888 3359 ὲπαύσατο
924 3302 1178 3377 χρόνους.

536 3395 681 3448 Cum
714 3395 824 3448 Leo
843 3392 1051 3464 junior
1081 3398 1237 3448 esset
1264 3396 1462 3449 Cassar
1497 3398 1732 3449 creatus
1764 3398 1820 3448 et
1840 3398 2113 3466 equestre
2143 3399 2186 3465 ρ

468 3482 871 3553 spectaculum
903 3481 1199 3548 ederetur,
1230 3483 1377 3538 hora
1426 3480 1545 3538 diei
1595 3488 1759 3539 sexta
1810 3482 2117 3555 profundae

467 3571 727 3626 tenebras
751 3572 958 3627 urbem
991 3577 1282 3643 texerunt,
1318 3577 1373 3628 et
1401 3573 1508 3628 sub
1530 3572 1678 3628 nivis
1700 3574 1893 3646 specie
1914 3575 2112 3630 cinere

469 3660 762 3717 immenso
820 3661 991 3732 pluit,
1052 3660 1308 3718 nubibus
1357 3663 1524 3733 quasi
1586 3662 1719 3736 igne
1789 3662 2116 3720 canderent

475 3751 919 3823 apparentibus,
945 3752 1027 3807 ita
1050 3757 1113 3806 ut
1133 3768 1307 3807 nemo
1330 3769 1450 3807 non
1477 3757 1711 3824 putaret
1736 3752 1869 3826 igne
1886 3753 2112 3828 pluere.

470 3841 628 3899 Cinis
658 3841 730 3896 ad
759 3841 939 3915 palmi
971 3840 1347 3899 altitudinem
1370 3841 1577 3915 jacuit.
1612 3843 1793 3898 Porro
1824 3860 1959 3898 cum
2000 3843 2110 3898 Leo

2296 3393 2763 3470 Ἀναγορευθέντνς
2792 3394 2971 3450 τοίνυν
3017 3397 3115 3450 τοῦ
3169 3398 3366 3473 μικροῦ
3419 3391 3673 3469 Λέοντος,
3722 3396 3888 3454 imu-

2225 3487 2324 3539 κοῦ
2347 3482 2613 3560 ἀγομένου
2645 3483 2761 3559 ὥρᾳ
2794 3490 2836 3548 ς’
2883 3491 2982 3553 τῆς
3040 3485 3251 3560 ἡμέρας
3303 3482 3496 3548 σκότος
3557 3486 3695 3562 βαθὺ
3755 3485 3886 3542 ἐκά-

2220 3571 2360 3647 λυψε
2389 3574 2487 3642 τήν
2545 3570 2732 3642 πόλιν,
2791 3573 2986 3648 ἀθρόον
3047 3568 3102 3628 δὲ
3160 3571 3212 3628 ἐν
3266 3569 3397 3629 εἷ’δει
3461 3577 3681 3653 νιφετοῦ
3737 3574 3878 3646 ὕσθη

2221 3663 2391 3733 κόνις,
2448 3664 2954 3737 πεπυρακτωμένων
3012 3666 3119 3717 τῶν
3201 3666 3375 3740 νεφῶν
3458 3664 3880 3740 προφανέντων,

2225 3752 2299 3813 ὡς
2330 3751 2571 3824 νομίζειν
2603 3751 2806 3813 πάντας
2831 3749 2914 3806 δτι
2948 3755 3051 3827 πῦρ
3106 3750 3315 3827 βρέχει*
3376 3752 3468 3807 καὶ
3524 3752 3611 3809 ἐπὶ
3663 3750 3883 3810 παλαι-

2226 3843 2355 3911 στῆν
2388 3839 2540 3912 ἐτέθη
2573 3842 2608 3910 ἡ
2641 3840 2810 3904 κόνις.
2858 3843 2966 3896 Τοῦ
3015 3836 3073 3895 δὲ
3124 3837 3396 3917 βασιλέως
3453 3838 3678 3904 Λέοντος
3736 3842 3875 3918 ῥευ-

1670 3960 2036 4017 XYLANDRI
2076 3963 2161 4016 ET
2199 3961 2411 4017 GOARI
2453 3960 2675 4016 NOTAE.

543 4074 658 4148 (78)
682 4075 1052 4146 Duplicatum
1070 4093 1131 4148 ρρ
1149 4075 1405 4148 positum
1423 4079 1631 4148 estpro
1646 4090 1822 4146 porro
1837 4082 1978 4133 nota
1991 4092 2125 4132 cen-

471 4147 644 4213 narii,
689 4148 916 4217 fuitque
941 4147 1283 4202 vertendum
1306 4147 1434 4202 auri
1457 4148 1830 4204 centenarios
1852 4152 1940 4217 65,
1963 4154 2021 4204 et
2038 4166 2127 4205 ar-

474 4221 634 4292 genti
663 4219 1036 4293 centenarios
1082 4222 1168 4293 Ἡ).
1201 4218 1264 4293 ld
1294 4235 1429 4274 cum
1460 4218 1587 4293 ipsa
1623 4237 1686 4275 re
1733 4220 2122 4293 deprehendi,

476 4289 701 4373 tum‘e‘x
732 4291 1083 4373 repetitione
1125 4289 1686 4373 hujus_notaa"in}ra
1735 4289 2123 4373 in’AMichaelo

475 4360 874 4435 Paphlagone,
910 4360 1255 4435 de‘avaritia
1301 4360 1677 4435 Theophanis
1732 4364 2124 4435 metropolitaa

477 4432 867 4507 TeSsalonicei
896 4448 909 4498 ;
942 4432 1043 4487 ubi
1075 4432 1233 4507 idem
1265 4448 1412 4507 cum!
1434 4433 1809 4507 librafuisse
1857 4432 2121 4507 apparet.

476 4506 677 4575 Neque
705 4510 792 4561 est
815 4504 1081 4574 ignotum
1102 4503 1317 4560 libram
1339 4505 1514 4560 etiam
1534 4506 1758 4562 minam
1780 4503 1983 4563 fuisse.
2010 4509 2127 4563 Be-

478 4577 701 4650 petitur
719 4582 923 4650 postea
969 4577 1093 4630 Zoae
1146 4581 1281 4646 post
1328 4575 1664 4650 Calaphatis
1698 4584 1961 4650 mortem
2009 4579 2118 4633 im-

479 4649 666 4721 perio.
698 4648 797 4705 ubi
832 4654 1239 4721 memorantur
1268 4648 1621 4721 centenaria
1649 4649 1738 4713 53,
1790 4652 2126 4719 πεντήκοντα

478 4716 602 4794 τρία
633 4717 1069 4794 (ΙὶεθῐιίβλΑρυά
1098 4719 1453 4789 Procopium
1487 4726 1575 4794 est
1606 4716 1961 4794 Leonemin
2014 4721 2127 4777 hoc

479 4791 704 4849 bellum
737 4791 927 4848 millia
946 4795 1209 4845 trecenta
1228 4805 1522 4861 erogasse,
1542 4792 1579 4846 l.
1614 4809 1673 4847 ιιι
1699 4791 1771 4847 de
1796 4792 1954 4847 bello
1975 4794 2129 4848 Van-

478 4865 692 4948 dalico,
722 4864 877 4948 apud
908 4862 1306 4948 Nicephqrum
1335 4880 1438 4948 ἐν,
1472 4867 1539 4918 2e
1564 4865 1744 4945 mille.
1770 4870 1829 4948 et
1874 4865 2131 4948 ducenta

479 4933 822 4993 centenaria
852 4935 979 4991 auri
1015 4933 1299 5006 pondera.
1335 4936 1467 4989 Haec
1506 4952 1683 5006 quam
1731 4935 1887 4990 inter
1942 4952 2003 4990 se
2071 4941 2129 4989 et

476 5026 611 5067 cum
642 5009 907 5065 Cedreno
937 5006 1335 5074 consentiant,
1379 5007 1605 5078 ignoro.
1648 5007 1865 5073 Quodsi
1915 5008 2127 5063 borum

475 5080 1210 5153 scriptorumalterutrum
1232 5079 1426 5133 Grmce
1464 5078 2125 5153 |_i_cuisset‘audir‘e.__fieri

474 5148 708 5227 poterat
737 5159 803 5207 ut
831 5152 1064 5227 facilius
1094 5149 1445 5227 divinarem.
1470 5149 1611 5203 XYL.
1642 5182 1713 5191 ——
1733 5150 1857 5227 Duo
1882 5148 1944 5222 ρ’,
1969 5150 2128 5206 linea

476 5220 813 5282 transversa
841 5224 1049 5278 adacta
1081 5220 1262 5294 simul
1290 5236 1426 5294 eum
1457 5227 1707 5278 accentu
1739 5220 1977 5294 utrique
2027 5238 2125 5294 su-

474 5297 799 5369 perposito,
845 5299 885 5368 ρ’
910 5293 978 5369 ρ’,
1013 5310 1090 5369 εις
1142 5292 1300 5369 notis
1353 5291 1688 5369 Graecorum
1737 5291 2127 5369 arithmeticis

476 5364 644 5438 putat
691 5364 997 5437 Xylander
1045 5364 1383 5438 significare
1431 5364 1808 5438 uav'chvipmv,
1874 5366 1947 5421 ab
1998 5364 2124 5436 ipso

475 5435 986 5511 inillenisiaureis,
1031 5437 1204 5511 juxta
1251 5435 1494 5511 Joannis
1526 5435 2125 5511 AKah'lcomputum,

477 5510 854 5565 aestimatum.
903 5508 1143 5564 Erudite
1189 5507 1449 5578 quidem.
1504 5509 1579 5562 At
1633 5508 1735 5564 ubi
1783 5511 1849 5563 65
1894 5507 2127 5565 tantum

476 5583 603 5636 auri
634 5580 951 5636 centenaria
991 5594 1298 5645 enumera,
1348 5578 1569 5649 argenti
1613 5597 1749 5635 vero
1787 5580 1878 5647 70,
1933 5579 2129 5636 videat

478 5669 656 5723 quam
687 5667 865 5723 parva
890 5652 965 5705 sit
998 5666 1249 5714 summa,
1285 5667 1413 5723 quas
1443 5657 1501 5705 et
1553 5652 1857 5723 exercitui,
1885 5658 2125 5723 centum

475 5721 669 5780 millia
688 5721 1010 5779 hominum
1043 5721 1345 5791 superanti
1378 5726 1436 5775 et
1475 5721 1896 5778 exhauriendis
1949 5721 2126 5794 regiis

2237 4077 2464 4133 wrariis
2494 4076 2636 4131 satis
2665 4075 2759 4130 sit.
2793 4076 3176 4147 Theophanes
3228 4074 3302 4131 ad
3353 4076 3490 4131 1300
3538 4078 3886 4133 centenaria

2233 4151 2390 4205 clare
2412 4147 2619 4219 scribit
2635 4147 2995 4215 ascendisse,
3025 4147 3121 4202 cui
3142 4148 3441 4203 consentit
3461 4149 3787 4219 Procopius
3809 4150 3882 4204 ab

2232 4221 2361 4293 ipso
2394 4218 2692 4291 Xylandro
2724 4219 2959 4293 citatus,
2990 4235 3099 4274 nec
3118 4219 3201 4293 ab
3232 4219 3544 4293 ut_riusque
3603 4218 3883 4293 computo

2232 4289 2346 4347 nisi
2381 4289 2481 4346 100
2513 4291 2873 4346 centenariis
2902 4289 3082 4346 distat
3112 4289 3509 4362 Nicephorus:
3546 4290 3707 4346 unde
3733 4289 3881 4347 mihi

2232 4363 2421 4433 liquet
2451 4362 2814 4434 Xylandrum
2847 4363 2982 4416 1225
3033 4363 3393 4417 centenariis
3437 4378 3571 4416 vero
3628 4379 3880 4418 numero

2233 4435 2561 4499 aberrasse,
2620 4434 2710 4488 vel
2757 4434 2909 4489 male
2960 4439 3131 4488 notas
3186 4434 3590 4489 arithmeticas
3641 4434 3878 4507 legisse.

2233 4508 2407 4562 Gosa.

2302 4579 2417 4647 (79)
2448 4576 2612 4642 Quod
2645 4576 2717 4632 de
2748 4576 2991 4647 Asparis
3022 4576 3144 4631 tilio
3195 4577 3483 4647 sequitur.
3524 4577 3680 4633 male
3736 4594 3877 4632 con-

2235 4650 2392 4721 gruit
2412 4665 2545 4721 cum
2565 4648 2818 4721 aliorum
2838 4648 3253 4721 historicorum
3269 4650 3608 4704 narratione
3623 4651 3877 4705 etZona-

2236 4719 2301 4776 ra
2318 4720 2767 4791 Nicephoroque
2788 4720 2848 4773 in
2867 4719 3095 4790 primis,
3114 4719 3460 4791 videturque
3483 4737 3726 4791 prorsus
3748 4737 3877 4776 esse

2235 4792 2462 4863 aliquid
2485 4807 2554 4846 ex
2584 4791 2870 4846 mutilatis
2897 4791 3166 4863 versibus
3197 4796 3529 4847 consutam.
3566 4792 3878 4863 Ethymius

2235 4862 2563 4933 monachus
2594 4863 2724 4931 fuit,
2765 4862 2835 4917 de
2867 4879 2983 4933 quo
3014 4863 3110 4918 hic
3141 4862 3301 4933 loqui
3339 4864 3670 4918 Cedrenum
3690 4862 3876 4919 'cons-

2237 4942 2321 4992 tat
2355 4952 2425 4991 ex
2454 4932 2783 5006 Nicephoro
2813 4932 2924 5001 x1v,
2955 4935 3221 5006 52ηΧγιι.

2309 5007 2421 5079 (80)
2454 5008 2534 5062 Ex
2566 5005 2679 5079 quo
2705 5006 2902 5079 forsan
2928 5005 3207 5079 profluxit
3226 5022 3376 5074 mos,
3403 5010 3469 5063 ut
3485 5023 3633 5079 quos
3656 5008 3876 5078 posteri

2236 5077 2534 5151 principes
2565 5077 2821 5151 collegas
2852 5077 3086 5148 imperii
3115 5083 3408 5151 crearent,
3457 5077 3698 5151 ecsdem
3726 5094 3881 5151 Aquo-

2238 5148 2352 5221 que
2384 5166 2563 5276 martigu
2594 5148 2833 5222 propria
2861 5154 3231 5205 coronarent.
3275 5148 3574 5206 Videndus
3621 5148 3879 5206 Codinus

2238 5238 2285 5276 c.
2322 5239 2461 5276 xvn.
2542 5238 2671 5276 0.4a.

2236 5238 2285 5278 C.
2322 5239 2461 5277 XVII.
2496 5238 2671 5277 bOAR.

2307 5293 2415 5364 (8|)
2449 5292 2690 5364 Triplicir
2712 5290 2786 5364 de
2817 5307 2996 5348 causa
3051 5290 3339 5364 templum
3394 5291 3506 5348 hoc
3552 5292 3879 5350 Anastasii»

2235 5361 2454 5420 nomen
2487 5361 2787 5434 praetulit:
2850 5379 3030 5419 unam
3088 5361 3193 5418 hic?
3239 5369 3445 5420 auctor
3490 5364 3689 5434 refert,
3735 5364 3879 5422 duas

2236 5382 2454 5420 nomen
2531 5382 2787 5419 nerunt:
2850 5382 3030 5419 unam
3089 5382 3182 5418 mc
3239 5382 3445 5420 aucror
3490 5382 3576 5420 rex

2236 5435 2383 5491 alias
2415 5382 2523 5490 foll?
2559 5437 2660 5505 315
2694 5441 3050 5491 memoratas
3082 5434 3366 5505 reperies.
3402 5437 3576 5493 Goaa.

2306 5508 2417 5578 (82)
2449 5504 2613 5572 Quod
2680 5507 3043 5579 Augustulum
3102 5504 3330 5579 scripsi
3370 5524 3477 5579 pro
3526 5508 3880 5578 Augustalio.

2234 5576 2506 5652 auctores
2526 5577 2924 5652 correctiores
2956 5582 3193 5633 secutus
3224 5576 3450 5650 fecifut
3483 5586 3540 5635 et
3569 5576 3676 5652 pro
3706 5580 3881 5636 Bere-

2233 5650 2369 5706 nica
2410 5650 2684 5706 Verinam.
2718 5648 2855 5705 XvL.
