4170 6204
369 383 489 446 669

1506 380 2045 447 HISTORIARUM
2086 380 2646 449 COMPENDlUll.

3661 388 3780 451 670

386 516 657 590 ματισμὸν
694 516 926 591 γαστρὸς
985 514 1319 577 ὑποστάντος
1378 515 1470 570 καὶ
1533 512 1733 579 δεινοῖς
1787 515 1999 590 κὲντροι

2143 516 2467 589 imperator
2498 521 2783 592 proﬂuvio
2816 520 3035 576 ventris
3064 518 3383 591 laboraret,
3416 526 3595 594 atque
3620 522 3781 579 intus

366 606 432 661 τὰ
490 603 639 660 ἔνδον
698 603 1091 678 ἐλαυνομένου,
1149 602 1345 678 ἤλεγξε
1384 605 1448 660 τὸ
1504 605 1671 668 πάθος
1712 606 1812 673 τήν
1845 604 2021 678 ἰατρι-

2131 609 2430 665 atrocibus
2463 616 2963 684 compungeretur
2995 611 3376 679 cruciatibus,
3400 611 3644 667 morbus
3665 612 3777 668 iste

370 696 472 764 κῆν
528 692 734 772 τάχνην
788 692 843 747 ἐν
901 689 1171 755 κινδύνοις
1227 690 1500 768 ἄπρακτον
1552 693 1843 772 ὑπάρχειν.
1878 694 2004 756 Καθ-

2132 696 2559 754 demonstravit
2586 700 2731 755 artis
2761 701 3007 756 medica:
3040 700 3270 756 nullam
3299 717 3427 756 esse
3460 702 3521 757 in
3552 701 3781 773 pericu-

369 786 630 857 εζομένου
683 784 784 859 γάρ
835 781 1000 837 αὐτοῦ
1059 781 1146 838 ἐπὶ
1204 788 1303 853 τῆς
1362 780 1580 857 ἀμίδος,
1640 784 1739 838 κᾶν
1794 802 1855 839 τε
1892 783 2018 839 6m-

371 875 488 929 σθεν
520 873 688 928 αὐτοῦ
732 874 801 941 ἦν
853 873 915 927 τὸ
954 869 1014 928 ὲκ
1069 876 1167 928 τοῦ
1224 870 1396 948 πυρὸς
1453 878 1568 951 φῶς
1597 872 1693 929 κᾶν
1724 893 1783 929 τε
1810 870 2018 945 ἔμπρο-

371 974 516 1032 σθεν,
548 959 638 1016 διὰ
674 968 774 1031 τῆς
828 964 1061 1038 γαστρὸς
1114 962 1205 1016 καὶ
1257 965 1357 1017 τοῦ
1411 962 1587 1017 νώτου
1619 960 1887 1038 ὖφαίνετο.
1923 960 2021 1015 Καὶ

366 1050 456 1108 ἐπὶ
510 1055 771 1107 τοσοῦτον
821 1050 1212 1126 κατισχνωθεὶς
1266 1049 1607 1123 ἐτελεύτησε,
1652 1050 1743 1107 καὶ
1773 1045 1931 1120 ἐτέθη
1957 1048 2021 1104 τὸ

366 1146 528 1215 σῶμα
558 1140 723 1196 αὑτοῦ
772 1139 824 1195 ἐν
886 1140 1114 1214 λάρνακι
1170 1143 1419 1213 πρασίνῳ
1477 1139 1531 1196 ἐν
1588 1145 1667 1214 τῷ
1722 1142 1895 1215 ἡρῴῳ
1920 1144 2020 1196 τοῦ

368 1230 626 1307 Μεγάλου
678 1230 1101 1288 Κωνσταντίνου.
1162 1232 1302 1301 Γυνή
1383 1227 1442 1285 δὶ
1517 1233 1717 1287 τούτου
1784 1228 2016 1306 Βηρίνη,

366 1318 577 1401 ἀδελφὴ
611 1318 960 1387 Βασιλίσκου,
993 1319 1051 1382 ὅς
1101 1324 1198 1375 τοῦ
1245 1320 1383 1376 κατά
1412 1320 1698 1396 Γιζερίχου
1728 1315 2017 1382 σταλέντος

369 1409 615 1487 μεγάλου
648 1409 847 1465 στόλου
878 1410 1097 1485 ἐξῆρχε.

436 1495 582 1551 Λέων
630 1498 658 1552 6
715 1498 964 1567 Ζήνωνος
1020 1497 1135 1559 υἱὸς
1185 1497 1275 1554 καὶ
1335 1495 1654 1573 Ἀριάδνης,
1713 1499 1912 1568 νήπιος
1938 1494 2018 1552 ἔτι

362 1583 461 1657 ὢν,
497 1581 753 1659 βασιλεὺς
784 1583 1202 1663 προχειρίζεται
1255 1587 1403 1659 παρὰ
1456 1588 1555 1640 τοῦ
1590 1585 1817 1640 πάππου
1847 1585 2016 1640 αὐτοῦ

362 1672 619 1749 Μεγάλου
675 1675 921 1736 Λέοντος⁸
1001 1674 1064 1737 ’ὀς
1147 1670 1486 1730 ἔϐασίλευσιν
1544 1677 1696 1748 [351]
1754 1672 1871 1736 ἔτος
1932 1670 2011 1742 ἓν,

359 1766 447 1820 καὶ
484 1764 677 1839 στέψας
731 1765 824 1819 τὸν
885 1762 1022 1820 ἴδιον
1080 1766 1283 1842 πατέρα
1341 1767 1587 1837 Ζήνωνα,
1642 1765 1878 1841 Βηρίνης
1923 1764 2012 1820 καί

359 1851 653 1925 Ἀριάδνης
689 1852 1070 1929 συναραμένων
1110 1852 1282 1926 αὐτῷ,
1311 1853 1653 1925 ὶτελεότησι.

435 1947 619 2016 Ζήνων
646 1945 934 2020 Ῥωμαίων
994 1940 1250 2020 βασιλεὺς
1307 1940 1399 2016 ἔτη
1456 1947 1536 2015 κζ’
1599 1951 1769 2019 μῆνας
1800 1942 2008 2019 δ’(83),

361 2036 632 2111 αἳρετικὸς
667 2042 766 2101 τῆς
821 2042 1155 2110 συγχυτικῆς
1210 2036 1466 2110 αἱρέσεως
1522 2041 1633 2091 τῶν
1666 2035 2005 2111 Ἀκιφάλων.

360 2126 485 2182 Ἐπὶ
513 2126 710 2181 τούτου
742 2124 958 2196 ἐκτίσθη
1016 2125 1079 2179 τὸ
1132 2125 1479 2200 Ἀμμώριον.
1511 2124 1719 2182 Τούτου
1747 2130 1828 2197 τῷ
1857 2126 2008 2201 πρώο

357 2237 439 2288 τῳ
471 2213 576 2271 ἔτει
617 2214 669 2270 ἒν
720 2214 1039 2289 προοιμίοις
1088 2214 1512 2288 Μεσοποταμίαν
1544 2216 1638 2289 μὲν
1675 2215 2007 2291 Σαρακηνοί,

359 2304 576 2380 Θρᾴκην
639 2301 697 2359 δὲ
760 2302 1098 2379 κατέδραμον
1161 2304 1380 2373 Οὗννοι,
1452 2301 1657 2384 σφόδρα
1714 2310 1831 2367 τοῖς
1870 2303 2011 2380 πρά-

358 2416 535 2471 γμασι
584 2399 765 2458 κακῶς
821 2393 1228 2469 λυμαινομένου
1282 2400 1380 2450 τοῦ
1432 2394 1721 2470 βασιλέως,
1752 2395 1843 2450 καὶ
1872 2392 2007 2465 ἡδοο

359 2491 478 2549 ναῖς
524 2486 748 2548 ἀτόποις
806 2484 895 2540 καὶ
954 2484 1239 2562 πράγμασι
1299 2482 1688 2560 σχολάζοντος.
1719 2485 1818 2542 Ἤν
1846 2485 1948 2561 γάρ
1981 2485 2010 2540 6

359 2577 546 2648 Ζήνων
574 2583 675 2646 τῆς
705 2576 969 2646 κακίστης
994 2574 1083 2632 καὶ
1130 2572 1409 2652 εἴδεχθοῦς
1463 2578 1643 2651 γενεᾶς
1693 2577 1803 2629 τῶν
1834 2574 2011 2631 Ἰσαόει

359 2686 491 2742 ρων,
553 2661 715 2730 δασύς
769 2686 828 2721 τε
881 2664 971 2720 καὶ
1030 2661 1463 2741 είδεχθὲστατος,
1513 2662 1697 2738 ὥσπερ
1737 2662 2012 2735 Ἕλληνες

362 2758 707 2839 ζωγραφοῦσι
763 2755 855 2810 τὸν
912 2760 1062 2810 Πᾶνα
1114 2751 1460 2831 τραγοσκελῆ
1512 2752 1603 2809 καὶ
1635 2750 2008 2828 δασόκνημον,

356 2846 459 2915 τὴν
491 2844 687 2921 χροιὰν
722 2842 916 2919 μέλας,
954 2845 1053 2913 τήν
1097 2841 1317 2915 ἠλικίαν
1350 2837 1729 2916 ἀσύμϐλητος,
1760 2841 2008 2918 ὀργίλος,

362 2933 690 3010 μνησίκακος
772 2933 862 2989 καὶ
948 2932 1143 3011 φθόνου
1232 2932 1443 3006 μεστός.
1500 2932 1642 3002 Γυνὴ
1701 2927 1759 2986 δὲ
1812 2931 2009 2987 τούτου

357 3019 640 3098 Ἀριάδνη.
676 3020 1004 3085 Βασιλίσκος
1035 3018 1092 3077 δὶ
1124 3023 1152 3077 6
1182 3026 1423 3097 Βηρινης
1469 3017 1726 3093 ἁδελφὸς,
1757 3018 1812 3075 ιν
1842 3021 2007 3096 Ἦρα-

352 3111 514 3185 κλείᾳ
572 3108 862 3188 διατρίϐων
917 3115 1016 3183 τῆς
1078 3111 1316 3189 Θρᾴκης,
1367 3109 1650 3167 ἓστασίασε
1703 3112 1841 3167 κατὰ
1896 3113 2006 3182 Ζή-

351 3221 541 3271 νωνος·
593 3205 652 3259 δν
710 3198 971 3282 φοϐηθεὶς
1028 3203 1057 3259 6
1115 3205 1301 3275 Ζήνων
1354 3202 1448 3258 σὺν
1497 3199 1759 3278 Ἀριάδνη
1791 3205 1860 3276 τῇ
1891 3198 2004 3276 ἰδίᾳ

2130 783 2205 839 lis
2234 786 2915 854 efﬁcacitatem.Quoties
2943 791 3103 845 enim
3133 790 3195 844 in
3228 790 3514 845 matulam
3546 790 3775 845 deside-

2127 872 2248 945 bat,
2276 876 2395 932 sive
2426 884 2564 934 ante
2596 879 2717 935 sive
2776 884 2911 953 post
2966 895 3100 934 eum
3140 879 3295 952 ignis
3353 883 3529 950 esset,
3560 879 3610 934 is
3667 894 3774 950 per

2128 971 2398 1042 ventrem
2438 968 2566 1040 ejus
2605 975 2665 1024 et
2704 969 2946 1025 dorsum
2968 968 3324 1042 pellucebat.
3361 968 3643 1039 Adeoque
3667 984 3773 1022 ex-

2127 1035 2315 1114 treme
2337 1035 2678 1117 attenuatus
2706 1060 2937 1116 vivendi
2970 1035 3153 1116 iinem
3184 1060 3340 1117 fecit.
3371 1035 3596 1130 Corpus
3613 1058 3764 1115 615

2127 1148 2329 1219 ejusin
2350 1149 2526 1205 viridi
2541 1165 2678 1205 arca
2689 1149 3015 1221 repositum
3042 1152 3203 1206 estin
3218 1154 3609 1205 monumento
3622 1150 3771 1203 Con-

2127 1238 2371 1293 stantini
2405 1239 2617 1312 Magni.
2652 1240 2901 1295 Uxorem
2942 1239 3148 1295 habuit
3174 1238 3481 1305 Verinam,
3503 1254 3767 1293 sororem

2128 1326 2414 1396 Basilisci,
2449 1329 2548 1399 qui
2583 1344 2810 1401 magnae
2841 1328 3047 1384 classis
3072 1327 3351 1384 adversus
3401 1326 3765 1381 Gizerichum

2128 1415 2323 1471 missas
2355 1416 2472 1472 dux
2500 1417 2635 1475 fuit.

2196 1504 2308 1559 Leo
2339 1506 2591 1561 Zenonis
2622 1510 2680 1561 et
2708 1505 2982 1562 Ariadneo
3014 1505 3172 1561 ﬁlius
3204 1506 3526 1578 imperator
3555 1503 3627 1557 ab
3659 1518 3767 1558 avo

2124 1608 2230 1648 suo
2264 1594 2455 1650 Leone
2512 1598 2719 1669 Magno
2751 1600 2841 1651 est
2893 1602 3147 1664 creatus,
3177 1612 3314 1652 cum
3373 1593 3565 1650 adhuc
3622 1608 3770 1665 puer

2121 1690 2298 1740 esset.
2321 1686 2633 1756 Imperavit
2663 1702 2886 1742 annum
2925 1686 3539 1759 unum,impositoque
3571 1681 3771 1738 diade-

2119 1780 2276 1832 mate
2310 1776 2459 1847 patri
2485 1792 2590 1831 suo
2622 1777 3085 1846 Zenoni,Verina
3118 1781 3175 1831 et
3200 1774 3459 1830 Ariadna
3481 1771 3763 1842 adjuvan.

2046 1897 2088 1961 Β
2122 1864 2302 1933 tibus,
2337 1862 2455 1919 vita
2484 1863 2798 1919 defunctus
2830 1870 2937 1920 est.

2190 1955 2343 2009 Zeno
2403 1953 2716 2025 imperavit
2750 1970 2937 2010 annos
2987 1958 3075 2021 27,
3136 1968 3372 2009 menses
3421 1953 3473 2005 4.
3508 1949 3643 2005 Fuit
3700 1946 3761 2004 in

2119 2042 2331 2098 haeresi
2355 2060 2559 2099 eorum
2592 2061 2740 2115 quos
2773 2043 3100 2116 Acephalos
3130 2049 3359 2110 vocant,
3392 2059 3523 2115 quas
3582 2045 3763 2095 natu‘

2118 2148 2216 2188 ras
2246 2133 2308 2188 in
2357 2134 2589 2189 Christo
2636 2134 2965 2191 confundit.
2999 2135 3114 2191 Sub
3159 2134 3271 2190 hoc
3319 2132 3624 2189 conditum
3669 2132 3760 2185 est

2118 2221 2511 2278 Ammorium.
2546 2223 2731 2296 Hujus
2761 2224 2951 2294 primo
2984 2240 3163 2293 anno,
3194 2224 3340 2296 ipsis
3370 2220 3603 2293 imperii
3628 2219 3757 2291 ejus

2119 2311 2452 2383 principiis,
2478 2312 2540 2366 in
2564 2313 3045 2384 Mesopotamiam
3064 2311 3430 2383 Saraceni,in
3452 2309 3759 2366 Thraciam

2121 2399 2317 2454 Hunni
2351 2401 2727 2457 incursiones
2785 2401 3074 2469 fecerunt,
3109 2418 3242 2456 cum
3300 2400 3558 2472 pessime
3605 2413 3766 2452 rem-

2121 2488 2420 2562 publicam
2452 2490 2888 2561 imperatorille
2915 2495 3321 2561 corrumperet
3339 2486 3764 2559 voluptatibus-

2121 2595 2235 2651 que
2279 2584 2338 2633 et
2392 2578 2569 2634 rebus
2601 2578 2874 2634 absurdis
2927 2583 3085 2634 esset
3141 2577 3398 2634 deditus.
3426 2575 3558 2632 Fuit
3604 2575 3755 2628 Zeno

2120 2672 2294 2724 natus
2353 2667 2613 2739 pessima
2660 2673 2720 2724 et
2764 2668 3076 2741 insigniter
3127 2667 3377 2722 deformi
3416 2668 3754 2722 lsaurorum

2120 2761 2314 2831 gente,
2334 2756 2598 2813 hirsutus
2620 2760 2681 2813 et
2706 2757 2898 2814 forma
2919 2757 3287 2830 turpissima,
3311 2755 3548 2827 qualem
3572 2750 3754 2809 Graeci

2119 2849 2340 2902 Panem
2364 2846 2616 2918 pingunt
2644 2845 3009 2920 hircipedem
3033 2852 3092 2903 et
3119 2846 3336 2903 crassis
3366 2844 3543 2917 suris,
3567 2843 3753 2913 niger,

2120 2940 2345 2991 statura
2383 2936 2763 3005 inconcinna,
2796 2935 3140 3006 iracundus,
3172 2936 3529 3009 injuriarum
3560 2938 3754 2999 tenax,

2118 3024 2646 3082 invidentissimus.
2699 3027 2855 3082 Uxor
2905 3025 2957 3081 ei
3014 3026 3125 3081 fuit
3180 3024 3458 3081 Ariadna.
3514 3020 3758 3078 Interim

2117 3113 2435 3171 Basiliscus
2459 3115 2684 3171 Verinae
2714 3115 2914 3186 frater,
2944 3115 3260 3185 Heracleas,
3295 3130 3427 3187 quas
3461 3118 3548 3169 est
3576 3112 3755 3167 Thra-

2116 3203 2223 3259 cim
2253 3203 2417 3270 urbs,
2449 3208 2657 3260 contra
2683 3205 2977 3260 Zenonem
3009 3204 3363 3260 seditionem
3395 3201 3756 3272 movet.Ejus

353 3265 567 3372 γυναίκῖ
623 3265 732 3350 καὶ⁸
773 3265 1054 3370 χρήμασιν
1108 3265 1313 3356 ἱκανοῖς
1370 3265 1681 3372 ιρεόγειιείς
1732 3265 1998 3368 ζίσαυρίαν

2117 3295 2278 3347 metu
2332 3265 2485 3347 Zeno
2543 3307 2679 3347 cum
2731 3308 2916 3348 uxore
2986 3296 3044 3349 et
3097 3293 3329 3365 magnis
3392 3291 3605 3364 opibus
3654 3265 3753 3346 'ad

353 3383 490 3439 κατὰ
517 3404 568 3439 τι
601 3385 860 3461 φρούριον
912 3382 1115 3459 ὀχυρὸν
1167 3378 1388 3457 Οόϐαρα
1433 3381 1799 3455 καλούμενον.
1844 3387 2009 3438 Βασι-

356 3472 552 3537 λίτκος
618 3472 676 3529 δὲ
740 3471 792 3529 ἐν
861 3478 940 3546 τῷ
1022 3473 1226 3548 κάμπῳ
1314 3471 1653 3549 ἀνηγορεύθη
1727 3470 2005 3548 βασιλεὺς,

358 3565 583 3637 Μάρκον
616 3585 674 3619 τε
729 3562 820 3619 τὸν
881 3561 995 3618 υἱὸν
1058 3560 1295 3638 Καίσαρα
1326 3559 1568 3634 ἐποίησε,
1601 3562 1692 3618 καὶ
1724 3559 2006 3633 Ζηνωδίαν

353 3654 454 3723 τήν
485 3652 676 3708 ἑαυτοῦ
734 3652 978 3727 γαμετὴν
1036 3648 1346 3728 Αὗγοῦσταν
1393 3645 1601 3726 ἔστεφε,
1656 3651 1747 3707 καὶ
1807 3650 2006 3715 εὐθέως

351 3743 488 3798 κατὰ
518 3749 616 3812 τῆς
670 3741 905 3804 πίστεως
960 3741 1316 3816 παρετάξατο.
1373 3739 1590 3798 Τούτου
1622 3737 1680 3795 δὲ
1710 3740 2006 3816 ἀναγορευ-

353 3829 532 3893 θέντος
564 3831 592 3885 6
624 3824 834 3905 συμϐὰς
867 3828 1196 3906 ἐμπρησμὸς
1224 3828 1360 3886 κατᾶ
1387 3830 1487 3900 τήν
1544 3827 1706 3885 πόλιν
1738 3830 1801 3883 τὸ
1835 3828 2003 3899 ἀνθη-

352 3921 578 3995 ρῦτατον
653 3919 816 3996 μέρος
865 3916 1180 4003 διέφθειρεν·
1251 3918 1302 3976 ἐν
1368 3920 1469 3998 γὰρ
1533 3923 1614 3993 τῷ
1685 3916 1833 3993 μέσῳ
1892 3922 2001 3972 τῶν

348 4008 779 4086 Χαλκοπρατίων
831 4009 1127 4086 ἀρξάμενος
1196 4008 1364 4073 αὐτάς
1407 4029 1467 4064 τε
1528 4006 1806 4064 ἀνάλωσεν
1838 4006 2003 4085 ἄμφω

348 4098 443 4162 τὰς
486 4100 643 4155 στοάς
692 4100 784 4155 καὶ
831 4101 899 4155 τά
949 4102 1199 4179 προσεχῇ
1247 4099 1444 4165 πάντα,
1482 4099 1584 4169 τήν
1628 4117 1686 4152 τε
1732 4095 2005 4169 καλουμέ-

347 4210 445 4257 νην
504 4187 825 4264 βασιλικὴν,
878 4186 931 4243 ἐν
1084 4186 1338 4243 ἀπέκειτο
1394 4181 1731 4263 βιϐλιοθήκῃ
1795 4181 2000 4259 ἔχουσα

350 4276 580 4356 βίϐλους
644 4278 909 4356 μυριάδας
967 4277 1198 4349 δώδεκα,
1258 4280 1373 4356 μεθ’
1432 4280 1505 4333 ὧν
1554 4273 1788 4354 βιϐλίων
1818 4277 2000 4333 καὶτό

343 4374 441 4425 τοῦ
500 4367 793 4445 δράκοντος
838 4365 1020 4445 ἕτερον
1077 4367 1261 4425 ποδῶν
1323 4369 1509 4425 ἑκατὸν
1564 4365 1790 4439 εἴκοσιν,
1849 4364 1904 4422 ἄν
1953 4366 1999 4441 ᾦ

345 4461 409 4529 ἧν
471 4459 822 4537 γεγραμμένα
876 4461 943 4516 τὰ
999 4462 1095 4515 τοῦ
1152 4459 1402 4534 Ὁμήρου
1479 4458 1789 4531 ποιήματα,
1848 4454 1884 4526 ἤ
1940 4477 1998 4512 τε

347 4547 515 4611 Ἰλιὰς
573 4550 661 4603 καὶ
720 4552 754 4619 ἡ
815 4545 1122 4619 Ὀδύσσεια,
1178 4548 1435 4624 χρυσέοις
1488 4547 1803 4622 γράμμασι,
1865 4544 1998 4619 μετᾶ

2111 3382 2349 3438 Isauros
2377 3382 2546 3456 fugit,
2578 3383 2641 3439 in
2682 3382 3000 3439 castellum
3056 3384 3354 3439 munitum
3403 3382 3496 3439 cui
3528 3395 3751 3438 nomen

2114 3469 2325 3527 Ubera.
2365 3473 2682 3528 Basiliscus
2726 3474 2787 3528 in
2835 3488 3043 3545 campo
3090 3473 3416 3545 imperator
3462 3470 3752 3527 salutatus

2112 3563 2367 3616 Marcum
2384 3562 2574 3618 tilium
2593 3563 3050 3619 CmsaremBlO
3073 3559 3751 3635 appellat,etZenodiam

2110 3666 2357 3706 uxorem
2389 3666 2558 3706 suam
2588 3653 2861 3724 Augusta)
2894 3668 3113 3708 corona
3139 3656 3421 3719 exornat;
3454 3667 3521 3707 ac
3552 3650 3751 3706 statim

2109 3755 2260 3794 verte
2293 3740 2565 3811 religioni
2596 3740 2818 3796 bellum
2843 3741 2994 3797 facit.
3021 3742 3140 3797 Hoc
3170 3742 3527 3814 imperatore
3552 3745 3748 3796 creato

2108 3829 2457 3886 incendium
2470 3828 2956 3886 ﬂorentissimam
2968 3829 3135 3886 urbis
3152 3834 3379 3902 partem
3395 3828 3746 3901 absumpsit.

2109 3920 2319 3976 Ortum
2344 3919 2503 3975 enim
2534 3934 2568 3975 a
2594 3919 2806 3975 mediis
2835 3918 3221 3991 Calcopratiis
3260 3934 3395 3974 cum
3431 3923 3748 3988 utramque

2108 4008 2424 4081 porticum,
2484 4012 2610 4063 tum
2686 4008 2964 4080 contigua
3029 4007 3231 4063 omnia
3304 4012 3362 4063 et
3436 4006 3745 4063 basilicam

2107 4098 2427 4163 devoravit,
2460 4097 2522 4152 in
2552 4112 2670 4169 qua
2698 4096 2812 4153 fuit
2842 4096 3204 4153 bibliotheca
3258 4096 3549 4152 librorum
3582 4095 3749 4151 milia

2109 4188 2212 4242 120
2240 4188 2591 4255 continens;
2623 4188 2781 4242 inter
2802 4203 2952 4258 quos
2982 4187 3168 4242 libros
3189 4186 3301 4242 fuit
3331 4186 3509 4242 etiam
3540 4185 3752 4241 draco-

2107 4277 2201 4331 nis
2258 4277 2626 4343 intestinum,
2660 4277 2841 4348 pedes
2900 4279 3000 4330 120
3060 4275 3324 4349 longum,
3356 4276 3451 4331 cui
3511 4273 3747 4331 Homeri

2102 4370 2383 4440 poemata
2420 4366 2557 4422 Ilias
2588 4370 2648 4421 et
2700 4366 2942 4438 Ulyssea
2992 4366 3190 4422 aureis
3250 4364 3466 4422 litteris
3512 4366 3747 4421 fuerant

2102 4455 2411 4528 inscripta,
2431 4470 2564 4511 cum
2592 4454 2842 4511 historia
2870 4471 3071 4510 rerum
3102 4453 3175 4510 ab
3228 4454 3510 4511 heroibus
3549 4459 3744 4528 gesta-

2103 4560 2256 4602 rum.
2287 4545 2549 4601 Perdidit
2577 4562 2701 4602 una
2720 4547 2897 4602 etiam
2928 4544 3142 4602 medim
3173 4543 3233 4599 in
3263 4544 3500 4617 palatiis
3532 4545 3743 4600 domus

343 4638 435 4691 καὶ
494 4645 593 4708 τῆς
650 4637 893 4714 ἱστορίας
949 4644 1049 4707 τῆς
1105 4642 1211 4692 τῶν
1271 4636 1471 4712 ἡρώων
1527 4635 1795 4710 πράξεως.
1859 4640 1994 4689 Συνο

2117 4638 2412 4706 1tramque
2467 4636 2780 4705 porticum,
2832 4640 2892 4691 et
2956 4636 3018 4691 in
3090 4634 3279 4690 Lauso
3341 4633 3745 4706 pulcherrima

344 4727 558 4807 ἐφθειρε
591 4727 646 4783 δὲ
702 4728 792 4782 καὶ
850 4734 950 4797 τῆς
1016 4727 1187 4799 μέσης
1215 4731 1321 4782 τῶν
1355 4724 1638 4785 παλατίων
1668 4724 1996 4799 ἑκατέρωθεν

343 4821 504 4880 στοᾶς
557 4817 650 4875 καὶ
703 4821 811 4872 τῶν
887 4816 1106 4873 Λαόσου
1177 4816 1245 4871 τὰ
1318 4814 1585 4871 κάλλιστα
1651 4815 1990 4886 ἀναθήματαο

341 4904 528 4962 πολλὰ
556 4906 663 4980 γὰρ
688 4910 799 4961 τῶν
847 4905 1098 4982 ἀρχαίων
1132 4901 1480 4979 ἀγαλμάτων
1510 4901 1696 4967 αὐτόθι
1726 4899 1988 4975 ἐνίδρυτο,

338 5001 439 5064 τῆς
471 4991 799 5074 Ἀφροδίτης
828 5000 930 5065 τῆς
980 4993 1033 5048 ἐν
1084 4991 1266 5067 Κνίδῳ
1310 4992 1374 5048 τὸ
1424 4986 1780 5069 περιϐόητον,
1810 4989 1991 5045 καὶτὸ

337 5090 439 5153 τῆς
471 5084 679 5157 Σαμίας
736 5085 934 5160 ”Ηρας,
992 5082 1084 5139 καὶ
1139 5082 1202 5139 τὸ
1250 5089 1352 5153 τῆς
1412 5078 1633 5143 Λινὸίας
1688 5081 1909 5149 Ἀθηνᾶς
1938 5077 1989 5153 ἐξ

337 5170 519 5243 ’ἁλλης
548 5172 708 5242 ὕλης,
740 5174 802 5243 ἣν
844 5175 1079 5248 Ἄμασις
1134 5173 1162 5228 6
1214 5175 1324 5227 τῶν
1384 5170 1700 5246 Αἰγυπτίων
1737 5166 1990 5244 βασιλεὺς

333 5264 415 5331 τῷ
470 5265 622 5338 σοφῷ
678 5256 1018 5333 Κλεοϐούλῳ
1076 5259 1379 5327 άπὲστειλε,
1437 5259 1527 5315 καὶ
1595 5256 1740 5314 ἄλλα
1800 5256 1986 5331 μυρία.

333 5348 639 5425 Ἐπέδραμε
705 5349 762 5405 δὲ
825 5351 887 5405 τὸ
948 5354 1055 5427 πῦρ
1109 5350 1196 5405 καὶ
1264 5352 1431 5424 μέχρι
1489 5353 1589 5403 τοῦ
1643 5347 1988 5422 καλουμένου

336 5438 506 5517 φόρου
555 5443 654 5495 τοῦ
706 5439 968 5514 Μεγάλου
1038 5436 1465 5496 Κωνσταντίνου.
1522 5438 1619 5493 Διά
1676 5458 1760 5492 τοι
1817 5441 1985 5492 ταῦτα

2106 4722 2374 4781 donaria.
2389 4723 2473 4778 lbi
2495 4723 2654 4779 enim
2672 4724 2862 4781 multa
2876 4725 3259 4796 antiquorum
3287 4722 3745 4778 simulacrorum

2106 4817 2279 4869 erant
2296 4813 2509 4886 posita,
2542 4818 2610 4869 ut
2638 4818 2832 4871 statua
2860 4814 2963 4871 illa
2980 4814 3201 4871 nobilis
3232 4813 3455 4870 Cnidia:
3480 4813 3744 4880 Veneris,

2103 4901 2367 4973 itemque
2397 4902 2608 4958 Samius
2637 4902 2906 4971 lunonis,
2928 4909 2988 4959 et
3011 4903 3130 4959 alia
3154 4920 3225 4959 ex
3250 4901 3501 4959 materia
3526 4899 3743 4957 Liudiae

2103 4990 2396 5055 Minervm,
2429 5006 2606 5061 quam
2637 4991 2870 5045 Amasis
2901 4991 3300 5064 Egyptiorum
3352 5006 3456 5045 rex
3487 4989 3740 5062 sapienti

2103 5078 2383 5135 Cleobule
2410 5080 2673 5143 miserat,
2705 5079 2939 5151 aliaque
2970 5079 3530 5135 inﬂuita.‘Excurrit
3587 5079 3740 5153 ignis

2103 5170 2276 5225 etiam
2308 5185 2494 5239 usque
2526 5164 2601 5222 ad
2632 5166 2826 5222 forum
2858 5168 3227 5225 Constantini
3246 5169 3460 5241 Magni.
3486 5170 3742 5242 Eaprop-

2102 5263 2191 5313 ter
2220 5258 2279 5313 in
2323 5257 2458 5313 odio
2504 5256 2915 5312 universorum
2964 5256 3179 5313 civium
3236 5256 3348 5313 fuit
3399 5257 3739 5323 Basiliscus,

2098 5346 2560 5417 incendiumque
2618 5351 2676 5401 et
2731 5345 2956 5401 eversio
3020 5345 3185 5401 urbis
3245 5348 3738 5418 cognominatus:

2096 5450 2234 5490 nam
2265 5434 2612 5491 alludebant
2641 5435 2715 5491 ad
2772 5434 3032 5491 basilisci
3086 5436 3381 5508 serpentis
3412 5452 3631 5493 nomen
3683 5443 3739 5492 et

1538 5539 1901 5595 XYLANDRI
1941 5538 2025 5592 ET
2062 5535 2284 5607 GOARI
2320 5535 2544 5591 ΝΟΤᾸΞ.

405 5638 514 5720 (83)
545 5637 709 5703 Quod
738 5639 892 5693 Zeno
943 5636 1161 5725 dicitur
1208 5635 1669 5725 imperiumuper
1697 5637 1982 5725 annos}?

2098 5630 2182 5700 ις,
2220 5634 2303 5701 l7,
2335 5648 2457 5687 non
2510 5635 2598 5686 27.
2655 5634 2858 5688 Testes
2914 5632 3204 5700 histarici,
3262 5638 3323 5691 et
3377 5635 3734 5692 nominatim

333 5710 619 5778 tenuisse,
642 5726 843 5765 verum
878 5728 998 5767 non
1047 5718 1157 5776 est,
1189 5711 1291 5767 sed
1348 5726 1454 5781 pro
1495 5708 1573 5776 κζ⁶
1604 5708 1981 5763 scribendum
2092 5722 2396 5795 Evagrius’
2428 5734 2510 5792 ιη,
2544 5723 2630 5778 29,
2663 5722 2804 5779 xy,“

4168 4572 4170 4601 |

4164 4686 4167 4743 ἐ

4164 4750 4167 4777 1

4164 4946 4165 4969 ι

4164 4984 4165 5009 l
