  <div class='ocr_page' id='page_1' title='image "/cluster/home/n/w/nwhite01/storage/ocr_20150623/121/hvd.32044073502478/341.png"; bbox 0 0 4170 6204; ppageno 0'>
   <div class='ocr_carea' id='block_1_1' title="bbox 390 332 503 398">
    <p class='ocr_par' dir='ltr' id='par_1_1' title="bbox 390 332 503 398">
     <span class='ocr_line' id='line_1_1' title="bbox 390 332 503 398; baseline 0.053 -6"><span class='ocrx_word' id='word_1_1' title='bbox 390 332 503 398; x_wconf 83' lang='grc'><strong>671</strong></span> 
     </span>
    </p>
   </div>
   <div class='ocr_carea' id='block_1_2' title="bbox 1731 348 2438 417">
    <p class='ocr_par' dir='ltr' id='par_1_2' title="bbox 1731 348 2438 417">
     <span class='ocr_line' id='line_1_2' title="bbox 1731 348 2438 417; baseline 0.016 -11"><span class='ocrx_word' id='word_1_2' title='bbox 1731 348 2051 410; x_wconf 81' lang='lat' dir='ltr'><strong>GEORGII</strong></span> <span class='ocrx_word' id='word_1_3' title='bbox 2094 350 2438 417; x_wconf 61' lang='lat' dir='ltr'><strong>CEDRI‘ZNI</strong></span> 
     </span>
    </p>
   </div>
   <div class='ocr_carea' id='block_1_3' title="bbox 3676 358 3797 416">
    <p class='ocr_par' dir='ltr' id='par_1_3' title="bbox 3676 358 3797 416">
     <span class='ocr_line' id='line_1_3' title="bbox 3676 358 3797 416; baseline 0 -1"><span class='ocrx_word' id='word_1_4' title='bbox 3676 358 3797 416; x_wconf 77' lang='grc'><strong>672</strong></span> 
     </span>
    </p>
   </div>
   <div class='ocr_carea' id='block_1_4' title="bbox 393 473 2036 566">
    <p class='ocr_par' dir='ltr' id='par_1_4' title="bbox 393 473 2027 553">
     <span class='ocr_line' id='line_1_4' title="bbox 393 473 2027 553; baseline 0.009 -28"><span class='ocrx_word' id='word_1_5' title='bbox 393 478 691 527; x_wconf 84' lang='lat' dir='ltr'><strong>naturam.</strong></span> <span class='ocrx_word' id='word_1_6' title='bbox 746 473 958 527; x_wconf 81' lang='lat' dir='ltr'><strong>Scribit</strong></span> <span class='ocrx_word' id='word_1_7' title='bbox 1026 474 1204 544; x_wconf 81' lang='lat' dir='ltr'><strong>igitur</strong></span> <span class='ocrx_word' id='word_1_8' title='bbox 1257 475 1331 530; x_wconf 91' lang='lat' dir='ltr'><strong>ad</strong></span> <span class='ocrx_word' id='word_1_9' title='bbox 1388 479 1685 535; x_wconf 80' lang='lat' dir='ltr'><strong>Zenonem</strong></span> <span class='ocrx_word' id='word_1_10' title='bbox 1765 490 2027 553; x_wconf 76' lang='lat' dir='ltr'><strong>senatus,</strong></span> 
     </span>
    </p>
   </div>
   <div class='ocr_carea' id='block_1_5' title="bbox 2142 473 3801 566">
    <p class='ocr_par' dir='ltr' id='par_1_5' title="bbox 2147 486 3801 566">
     <span class='ocr_line' id='line_1_5' title="bbox 2147 486 3801 566; baseline 0.001 -26"><span class='ocrx_word' id='word_1_11' title='bbox 2147 492 2419 558; x_wconf 76' lang='grc' dir='ltr'>μισεῖσθαι</span> <span class='ocrx_word' id='word_1_12' title='bbox 2472 494 2565 545; x_wconf 64' lang='grc' dir='ltr'>τὸν</span> <span class='ocrx_word' id='word_1_13' title='bbox 2634 487 2959 547; x_wconf 82' lang='grc' dir='ltr'>Βασιλίσκον</span> <span class='ocrx_word' id='word_1_14' title='bbox 3016 486 3213 560; x_wconf 72' lang='grc' dir='ltr'>συνέϐη</span> <span class='ocrx_word' id='word_1_15' title='bbox 3272 492 3421 566; x_wconf 81' lang='grc' dir='ltr'>ποιρά</span> <span class='ocrx_word' id='word_1_16' title='bbox 3475 489 3656 561; x_wconf 71' lang='grc' dir='ltr'>πάσης</span> <span class='ocrx_word' id='word_1_17' title='bbox 3698 493 3801 555; x_wconf 77' lang='grc' dir='ltr'>τῆς</span> 
     </span>
    </p>
   </div>
   <div class='ocr_carea' id='block_1_6' title="bbox 390 559 2027 645">
    <p class='ocr_par' dir='ltr' id='par_1_6' title="bbox 390 559 2027 645">
     <span class='ocr_line' id='line_1_6' title="bbox 390 559 2027 645; baseline 0.01 -33"><span class='ocrx_word' id='word_1_18' title='bbox 390 559 560 630; x_wconf 80' lang='lat' dir='ltr'><strong>isque</strong></span> <span class='ocrx_word' id='word_1_19' title='bbox 590 561 940 625; x_wconf 85' lang='lat' dir='ltr'><strong>lllo,lsauris</strong></span> <span class='ocrx_word' id='word_1_20' title='bbox 959 566 1017 615; x_wconf 89' lang='lat' dir='ltr'><strong>et</strong></span> <span class='ocrx_word' id='word_1_21' title='bbox 1038 563 1404 634; x_wconf 88' lang='lat' dir='ltr'><strong>Lycaonibus</strong></span> <span class='ocrx_word' id='word_1_22' title='bbox 1426 571 2027 645; x_wconf 85' lang='lat' dir='ltr'><strong>assumptis,aliisque</strong></span> 
     </span>
    </p>
   </div>
   <div class='ocr_carea' id='block_1_7' title="bbox 389 648 2029 735">
    <p class='ocr_par' dir='ltr' id='par_1_7' title="bbox 389 648 2029 735">
     <span class='ocr_line' id='line_1_7' title="bbox 389 648 2029 735; baseline 0.01 -32"><span class='ocrx_word' id='word_1_23' title='bbox 389 648 463 703; x_wconf 88' lang='lat' dir='ltr'><strong>ad</strong></span> <span class='ocrx_word' id='word_1_24' title='bbox 495 665 778 703; x_wconf 86' lang='lat' dir='ltr'><strong>novarum</strong></span> <span class='ocrx_word' id='word_1_25' title='bbox 820 665 1017 704; x_wconf 89' lang='lat' dir='ltr'><strong>rerum</strong></span> <span class='ocrx_word' id='word_1_26' title='bbox 1072 653 1443 711; x_wconf 86' lang='lat' dir='ltr'><strong>molitionem</strong></span> <span class='ocrx_word' id='word_1_27' title='bbox 1503 662 1836 731; x_wconf 83' lang='lat' dir='ltr'><strong>propensis,</strong></span> <span class='ocrx_word' id='word_1_28' title='bbox 1870 666 2029 735; x_wconf 82' lang='lat' dir='ltr'><strong>regio</strong></span> 
     </span>
    </p>
   </div>
   <div class='ocr_carea' id='block_1_8' title="bbox 390 736 2031 823">
    <p class='ocr_par' dir='ltr' id='par_1_8' title="bbox 390 736 2031 823">
     <span class='ocr_line' id='line_1_8' title="bbox 390 736 2031 823; baseline 0.012 -34"><span class='ocrx_word' id='word_1_29' title='bbox 390 752 526 791; x_wconf 89' lang='lat' dir='ltr'><strong>cum</strong></span> <span class='ocrx_word' id='word_1_30' title='bbox 559 736 821 791; x_wconf 80' lang='lat' dir='ltr'><strong>exercitu</strong></span> <span class='ocrx_word' id='word_1_31' title='bbox 845 737 919 792; x_wconf 90' lang='lat' dir='ltr'><strong>ad</strong></span> <span class='ocrx_word' id='word_1_32' title='bbox 950 739 1157 796; x_wconf 85' lang='lat' dir='ltr'><strong>urbem</strong></span> <span class='ocrx_word' id='word_1_33' title='bbox 1191 745 1440 814; x_wconf 90' lang='lat' dir='ltr'><strong>accedit,</strong></span> <span class='ocrx_word' id='word_1_34' title='bbox 1476 764 1801 822; x_wconf 83' lang='lat' dir='ltr'><strong>rursusque</strong></span> <span class='ocrx_word' id='word_1_35' title='bbox 1836 758 2031 823; x_wconf 88' lang='lat' dir='ltr'><strong>tyran-</strong></span> 
     </span>
    </p>
   </div>
   <div class='ocr_carea' id='block_1_9' title="bbox 390 822 2029 909">
    <p class='ocr_par' dir='ltr' id='par_1_9' title="bbox 390 822 2029 909">
     <span class='ocr_line' id='line_1_9' title="bbox 390 822 2029 909; baseline 0.015 -34"><span class='ocrx_word' id='word_1_36' title='bbox 390 822 591 877; x_wconf 89' lang='lat' dir='ltr'><strong>nidem</strong></span> <span class='ocrx_word' id='word_1_37' title='bbox 625 824 781 894; x_wconf 86' lang='lat' dir='ltr'><strong>(quis</strong></span> <span class='ocrx_word' id='word_1_38' title='bbox 812 827 971 881; x_wconf 89' lang='lat' dir='ltr'><strong>enim</strong></span> <span class='ocrx_word' id='word_1_39' title='bbox 1002 828 1157 884; x_wconf 88' lang='lat' dir='ltr'><strong>dicat</strong></span> <span class='ocrx_word' id='word_1_40' title='bbox 1189 832 1569 909; x_wconf 80' lang='lat' dir='ltr'><strong>imperium?)</strong></span> <span class='ocrx_word' id='word_1_41' title='bbox 1601 839 1749 895; x_wconf 76' lang='grc' dir='ltr'><strong>θη</strong></span> <span class='ocrx_word' id='word_1_42' title='bbox 1787 822 2029 900; x_wconf 80' lang='lat' dir='ltr'><strong>invadit.</strong></span> 
     </span>
    </p>
   </div>
   <div class='ocr_carea' id='block_1_10' title="bbox 390 912 2031 991">
    <p class='ocr_par' dir='ltr' id='par_1_10' title="bbox 390 912 2031 991">
     <span class='ocr_line' id='line_1_10' title="bbox 390 912 2031 991; baseline 0.013 -24"><span class='ocrx_word' id='word_1_43' title='bbox 390 912 747 984; x_wconf 80' lang='lat' dir='ltr'><strong>Confugerat</strong></span> <span class='ocrx_word' id='word_1_44' title='bbox 787 913 845 969; x_wconf 90' lang='lat' dir='ltr'><strong>in</strong></span> <span class='ocrx_word' id='word_1_45' title='bbox 902 916 1105 973; x_wconf 83' lang='lat' dir='ltr'><strong>fanum</strong></span> <span class='ocrx_word' id='word_1_46' title='bbox 1150 923 1448 991; x_wconf 81' lang='lat' dir='ltr'><strong>quoddam</strong></span> <span class='ocrx_word' id='word_1_47' title='bbox 1508 928 1858 986; x_wconf 81' lang='lat' dir='ltr'><strong>Basiliscus:</strong></span> <span class='ocrx_word' id='word_1_48' title='bbox 1894 932 2031 989; x_wconf 90' lang='lat' dir='ltr'><strong>inde</strong></span> 
     </span>
    </p>
   </div>
   <div class='ocr_carea' id='block_1_11' title="bbox 388 1002 2032 1089">
    <p class='ocr_par' dir='ltr' id='par_1_11' title="bbox 388 1002 2032 1089">
     <span class='ocr_line' id='line_1_11' title="bbox 388 1002 2032 1089; baseline 0.014 -36"><span class='ocrx_word' id='word_1_49' title='bbox 388 1017 524 1055; x_wconf 88' lang='lat' dir='ltr'><strong>eum</strong></span> <span class='ocrx_word' id='word_1_50' title='bbox 556 1002 725 1070; x_wconf 54' lang='lat' dir='ltr'><strong>Zeno,</strong></span> <span class='ocrx_word' id='word_1_51' title='bbox 748 1003 1108 1075; x_wconf 83' lang='lat' dir='ltr'><strong>juramentis</strong></span> <span class='ocrx_word' id='word_1_52' title='bbox 1153 1028 1213 1066; x_wconf 88' lang='lat' dir='ltr'><strong>se</strong></span> <span class='ocrx_word' id='word_1_53' title='bbox 1248 1012 1516 1082; x_wconf 85' lang='lat' dir='ltr'><strong>plurimis</strong></span> <span class='ocrx_word' id='word_1_54' title='bbox 1558 1023 1733 1089; x_wconf 90' lang='lat' dir='ltr'><strong>atque</strong></span> <span class='ocrx_word' id='word_1_55' title='bbox 1772 1022 2032 1076; x_wconf 85' lang='lat' dir='ltr'><strong>maxime</strong></span> 
     </span>
    </p>
   </div>
   <div class='ocr_carea' id='block_1_12' title="bbox 390 1091 2032 1177">
    <p class='ocr_par' dir='ltr' id='par_1_12' title="bbox 390 1091 2032 1177">
     <span class='ocr_line' id='line_1_12' title="bbox 390 1091 2032 1177; baseline 0.014 -33"><span class='ocrx_word' id='word_1_56' title='bbox 390 1091 754 1147; x_wconf 84' lang='lat' dir='ltr'><strong>terribilibus</strong></span> <span class='ocrx_word' id='word_1_57' title='bbox 834 1095 1123 1169; x_wconf 73' lang='lat' dir='ltr'><strong>obligans,</strong></span> <span class='ocrx_word' id='word_1_58' title='bbox 1203 1101 1419 1171; x_wconf 83' lang='lat' dir='ltr'><strong>educit,</strong></span> <span class='ocrx_word' id='word_1_59' title='bbox 1487 1106 1668 1177; x_wconf 89' lang='lat' dir='ltr'><strong>inque</strong></span> <span class='ocrx_word' id='word_1_60' title='bbox 1739 1111 2032 1167; x_wconf 88' lang='lat' dir='ltr'><strong>Cucusum</strong></span> 
     </span>
    </p>
   </div>
   <div class='ocr_carea' id='block_1_13' title="bbox 390 1180 2036 1264">
    <p class='ocr_par' dir='ltr' id='par_1_13' title="bbox 390 1180 2036 1264">
     <span class='ocr_line' id='line_1_13' title="bbox 390 1180 2036 1264; baseline 0.015 -32"><span class='ocrx_word' id='word_1_61' title='bbox 390 1180 774 1252; x_wconf 68' lang='lat' dir='ltr'><strong>Cappadocia:</strong></span> <span class='ocrx_word' id='word_1_62' title='bbox 806 1186 1087 1256; x_wconf 84' lang='lat' dir='ltr'><strong>oppidum</strong></span> <span class='ocrx_word' id='word_1_63' title='bbox 1121 1190 1579 1264; x_wconf 84' lang='lat' dir='ltr'><strong>relegat,ibique</strong></span> <span class='ocrx_word' id='word_1_64' title='bbox 1612 1214 1747 1252; x_wconf 88' lang='lat' dir='ltr'><strong>cum</strong></span> <span class='ocrx_word' id='word_1_65' title='bbox 1772 1216 1953 1255; x_wconf 80' lang='lat' dir='ltr'><strong>uxore</strong></span> <span class='ocrx_word' id='word_1_66' title='bbox 1977 1206 2036 1256; x_wconf 88' lang='lat' dir='ltr'><strong>et</strong></span> 
     </span>
    </p>
   </div>
   <div class='ocr_carea' id='block_1_14' title="bbox 387 1268 2028 1346">
    <p class='ocr_par' dir='ltr' id='par_1_14' title="bbox 387 1268 2028 1346">
     <span class='ocr_line' id='line_1_14' title="bbox 387 1268 2028 1346; baseline 0.015 -25"><span class='ocrx_word' id='word_1_67' title='bbox 387 1268 598 1325; x_wconf 87' lang='lat' dir='ltr'><strong>liberis</strong></span> <span class='ocrx_word' id='word_1_68' title='bbox 632 1271 693 1325; x_wconf 90' lang='lat' dir='ltr'><strong>in</strong></span> <span class='ocrx_word' id='word_1_69' title='bbox 733 1289 913 1328; x_wconf 88' lang='lat' dir='ltr'><strong>unam</strong></span> <span class='ocrx_word' id='word_1_70' title='bbox 966 1278 1177 1332; x_wconf 89' lang='lat' dir='ltr'><strong>turrim</strong></span> <span class='ocrx_word' id='word_1_71' title='bbox 1226 1281 1573 1339; x_wconf 89' lang='lat' dir='ltr'><strong>conclusum</strong></span> <span class='ocrx_word' id='word_1_72' title='bbox 1614 1286 1768 1342; x_wconf 85' lang='lat' dir='ltr'><strong>fame</strong></span> <span class='ocrx_word' id='word_1_73' title='bbox 1801 1296 2028 1346; x_wconf 81' lang='lat' dir='ltr'><strong>enecat.</strong></span> 
     </span>
    </p>
   </div>
   <div class='ocr_carea' id='block_1_15' title="bbox 390 1359 2028 1445">
    <p class='ocr_par' dir='ltr' id='par_1_15' title="bbox 390 1359 2028 1445">
     <span class='ocr_line' id='line_1_15' title="bbox 390 1359 2028 1445; baseline 0.013 -33"><span class='ocrx_word' id='word_1_74' title='bbox 390 1359 553 1415; x_wconf 88' lang='lat' dir='ltr'><strong>Idem</strong></span> <span class='ocrx_word' id='word_1_75' title='bbox 582 1363 734 1416; x_wconf 88' lang='lat' dir='ltr'><strong>Zeno</strong></span> <span class='ocrx_word' id='word_1_76' title='bbox 766 1365 1135 1425; x_wconf 85' lang='lat' dir='ltr'><strong>Timotheum</strong></span> <span class='ocrx_word' id='word_1_77' title='bbox 1167 1371 1430 1428; x_wconf 66' lang='lat' dir='ltr'><strong>Ailurum</strong></span> <span class='ocrx_word' id='word_1_78' title='bbox 1482 1378 1792 1445; x_wconf 79' lang='lat' dir='ltr'><strong>revocavit,</strong></span> <span class='ocrx_word' id='word_1_79' title='bbox 1825 1384 1885 1433; x_wconf 91' lang='lat' dir='ltr'><strong>et</strong></span> <span class='ocrx_word' id='word_1_80' title='bbox 1919 1380 2028 1434; x_wconf 79' lang='lat' dir='ltr'><strong>Pe-</strong></span> 
     </span>
    </p>
   </div>
   <div class='ocr_carea' id='block_1_16' title="bbox 396 1451 2033 1529">
    <p class='ocr_par' dir='ltr' id='par_1_16' title="bbox 396 1451 2033 1529">
     <span class='ocr_line' id='line_1_16' title="bbox 396 1451 2033 1529; baseline 0.017 -28"><span class='ocrx_word' id='word_1_81' title='bbox 396 1455 553 1503; x_wconf 89' lang='lat' dir='ltr'><strong>trum</strong></span> <span class='ocrx_word' id='word_1_82' title='bbox 593 1451 956 1523; x_wconf 85' lang='lat' dir='ltr'><strong>Cnaplieum,</strong></span> <span class='ocrx_word' id='word_1_83' title='bbox 990 1458 1089 1527; x_wconf 89' lang='lat' dir='ltr'><strong>qui</strong></span> <span class='ocrx_word' id='word_1_84' title='bbox 1136 1459 1292 1515; x_wconf 92' lang='lat' dir='ltr'><strong>inter</strong></span> <span class='ocrx_word' id='word_1_85' title='bbox 1346 1463 1652 1521; x_wconf 88' lang='lat' dir='ltr'><strong>insomnes</strong></span> <span class='ocrx_word' id='word_1_86' title='bbox 1708 1473 2033 1529; x_wconf 82' lang='lat' dir='ltr'><strong>monachos</strong></span> 
     </span>
    </p>
   </div>
   <div class='ocr_carea' id='block_1_17' title="bbox 394 1537 2034 1618">
    <p class='ocr_par' dir='ltr' id='par_1_17' title="bbox 394 1537 2034 1618">
     <span class='ocr_line' id='line_1_17' title="bbox 394 1537 2034 1618; baseline 0.017 -28"><span class='ocrx_word' id='word_1_87' title='bbox 394 1537 733 1606; x_wconf 82' lang='lat' dir='ltr'><strong>delituerat,</strong></span> <span class='ocrx_word' id='word_1_88' title='bbox 771 1542 1038 1616; x_wconf 89' lang='lat' dir='ltr'><strong>aliosque</strong></span> <span class='ocrx_word' id='word_1_89' title='bbox 1082 1548 1223 1604; x_wconf 87' lang='lat' dir='ltr'><strong>item</strong></span> <span class='ocrx_word' id='word_1_90' title='bbox 1283 1551 1483 1608; x_wconf 89' lang='lat' dir='ltr'><strong>hostes</strong></span> <span class='ocrx_word' id='word_1_91' title='bbox 1541 1556 2034 1618; x_wconf 89' lang='lat' dir='ltr'><strong>Chalcedoneesis</strong></span> 
     </span>
    </p>
   </div>
   <div class='ocr_carea' id='block_1_18' title="bbox 394 1627 2030 1708">
    <p class='ocr_par' dir='ltr' id='par_1_18' title="bbox 394 1627 2030 1708">
     <span class='ocr_line' id='line_1_18' title="bbox 394 1627 2030 1708; baseline 0.017 -29"><span class='ocrx_word' id='word_1_92' title='bbox 394 1627 652 1695; x_wconf 87' lang='lat' dir='ltr'><strong>concilii,</strong></span> <span class='ocrx_word' id='word_1_93' title='bbox 687 1632 785 1703; x_wconf 88' lang='lat' dir='ltr'><strong>qui</strong></span> <span class='ocrx_word' id='word_1_94' title='bbox 818 1631 1005 1689; x_wconf 85' lang='lat' dir='ltr'><strong>libero</strong></span> <span class='ocrx_word' id='word_1_95' title='bbox 1046 1652 1147 1692; x_wconf 93' lang='lat' dir='ltr'><strong>ore</strong></span> <span class='ocrx_word' id='word_1_96' title='bbox 1202 1642 1509 1698; x_wconf 78' lang='lat' dir='ltr'><strong>veritatem</strong></span> <span class='ocrx_word' id='word_1_97' title='bbox 1567 1645 2030 1708; x_wconf 86' lang='lat' dir='ltr'><strong>insectabantur.</strong></span> 
     </span>
    </p>
   </div>
   <div class='ocr_carea' id='block_1_19' title="bbox 394 1715 2031 1809">
    <p class='ocr_par' dir='ltr' id='par_1_19' title="bbox 394 1715 2031 1809">
     <span class='ocr_line' id='line_1_19' title="bbox 394 1715 2031 1809; baseline 0.017 -42"><span class='ocrx_word' id='word_1_98' title='bbox 394 1715 625 1771; x_wconf 69' lang='lat' dir='ltr'><strong>Ailurus</strong></span> <span class='ocrx_word' id='word_1_99' title='bbox 680 1718 1116 1809; x_wconf 79' lang='lat' dir='ltr'><strong>Alexandrinos</strong></span> <span class='ocrx_word' id='word_1_100' title='bbox 1174 1728 1567 1801; x_wconf 90' lang='lat' dir='ltr'><strong>turbulentos,</strong></span> <span class='ocrx_word' id='word_1_101' title='bbox 1617 1736 1717 1805; x_wconf 91' lang='lat' dir='ltr'><strong>qui</strong></span> <span class='ocrx_word' id='word_1_102' title='bbox 1777 1738 2031 1809; x_wconf 85' lang='lat' dir='ltr'><strong>Byzantii</strong></span> 
     </span>
    </p>
   </div>
   <div class='ocr_carea' id='block_1_20' title="bbox 2134 577 3805 655">
    <p class='ocr_par' dir='ltr' id='par_1_20' title="bbox 2134 577 3805 655">
     <span class='ocr_line' id='line_1_20' title="bbox 2134 577 3805 655; baseline 0.003 -26"><span class='ocrx_word' id='word_1_103' title='bbox 2134 577 2378 647; x_wconf 83' lang='grc' dir='ltr'>πόλεως,</span> <span class='ocrx_word' id='word_1_104' title='bbox 2435 578 2777 655; x_wconf 77' lang='grc' dir='ltr'><strong>ἐμπρησμὸν</strong></span> <span class='ocrx_word' id='word_1_105' title='bbox 2865 579 3286 636; x_wconf 79' lang='grc' dir='ltr'><strong>ἀποκαλούντων</strong></span> <span class='ocrx_word' id='word_1_106' title='bbox 3348 580 3505 635; x_wconf 79' lang='grc' dir='ltr'>αὐτὸν</span> <span class='ocrx_word' id='word_1_107' title='bbox 3557 580 3648 633; x_wconf 84' lang='grc' dir='ltr'><strong>καὶ</strong></span> <span class='ocrx_word' id='word_1_108' title='bbox 3702 581 3805 647; x_wconf 74' lang='grc' dir='ltr'><strong>τῆς</strong></span> 
     </span>
    </p>
   </div>
   <div class='ocr_carea' id='block_1_21' title="bbox 2138 665 3803 745">
    <p class='ocr_par' dir='ltr' id='par_1_21' title="bbox 2138 665 3803 745">
     <span class='ocr_line' id='line_1_21' title="bbox 2138 665 3803 745; baseline 0.001 -25"><span class='ocrx_word' id='word_1_109' title='bbox 2138 665 2419 741; x_wconf 81' lang='grc' dir='ltr'><strong>βασιλείας</strong></span> <span class='ocrx_word' id='word_1_110' title='bbox 2451 669 2783 744; x_wconf 74' lang='grc' dir='ltr'>ἀφανισμόνο</span> <span class='ocrx_word' id='word_1_111' title='bbox 2823 670 2851 724; x_wconf 88' lang='grc' dir='ltr'>ὁ</span> <span class='ocrx_word' id='word_1_112' title='bbox 2887 670 2993 745; x_wconf 83' lang='grc' dir='ltr'><strong>γὰρ</strong></span> <span class='ocrx_word' id='word_1_113' title='bbox 3028 670 3346 745; x_wconf 76' lang='grc' dir='ltr'><strong>βασιλίσκος</strong></span> <span class='ocrx_word' id='word_1_114' title='bbox 3374 671 3438 725; x_wconf 86' lang='grc' dir='ltr'>τὸ</span> <span class='ocrx_word' id='word_1_115' title='bbox 3493 667 3681 743; x_wconf 75' lang='grc' dir='ltr'>θηρίον</span> <span class='ocrx_word' id='word_1_116' title='bbox 3710 667 3803 723; x_wconf 79' lang='grc' dir='ltr'><strong>καὶ</strong></span> 
     </span>
    </p>
   </div>
   <div class='ocr_carea' id='block_1_22' title="bbox 2135 755 3795 836">
    <p class='ocr_par' dir='ltr' id='par_1_22' title="bbox 2135 755 3795 836">
     <span class='ocr_line' id='line_1_22' title="bbox 2135 755 3795 836; baseline 0.001 -25"><span class='ocrx_word' id='word_1_117' title='bbox 2135 756 2163 811; x_wconf 83' lang='grc' dir='ltr'>ὁ</span> <span class='ocrx_word' id='word_1_118' title='bbox 2193 755 2520 833; x_wconf 78' lang='grc' dir='ltr'><strong>ἐμπρησμὸς</strong></span> <span class='ocrx_word' id='word_1_119' title='bbox 2581 759 2825 836; x_wconf 76' lang='grc' dir='ltr'>ίσόψηφα</span> <span class='ocrx_word' id='word_1_120' title='bbox 2884 761 3237 835; x_wconf 80' lang='grc' dir='ltr'>τυγχάνουσι.</span> <span class='ocrx_word' id='word_1_121' title='bbox 3299 759 3495 835; x_wconf 69' lang='grc' dir='ltr'>Γράφει</span> <span class='ocrx_word' id='word_1_122' title='bbox 3539 758 3716 814; x_wconf 86' lang='grc' dir='ltr'>τοίνυν</span> <span class='ocrx_word' id='word_1_123' title='bbox 3756 761 3795 828; x_wconf 75' lang='grc' dir='ltr'>ἡ</span> 
     </span>
    </p>
   </div>
   <div class='ocr_carea' id='block_1_23' title="bbox 2135 844 3794 923">
    <p class='ocr_par' dir='ltr' id='par_1_23' title="bbox 2135 844 3794 923">
     <span class='ocr_line' id='line_1_23' title="bbox 2135 844 3794 923; baseline 0.002 -24"><span class='ocrx_word' id='word_1_124' title='bbox 2135 844 2445 922; x_wconf 79' lang='grc' dir='ltr'>σύγκλητος</span> <span class='ocrx_word' id='word_1_125' title='bbox 2501 848 2638 923; x_wconf 86' lang='grc' dir='ltr'>πρὸς</span> <span class='ocrx_word' id='word_1_126' title='bbox 2707 851 2948 920; x_wconf 70' lang='grc' dir='ltr'>Ζήνωνα,</span> <span class='ocrx_word' id='word_1_127' title='bbox 3033 850 3125 904; x_wconf 86' lang='grc' dir='ltr'>καὶ</span> <span class='ocrx_word' id='word_1_128' title='bbox 3202 844 3532 923; x_wconf 78' lang='grc' dir='ltr'>προσλαϐὼν</span> <span class='ocrx_word' id='word_1_129' title='bbox 3588 847 3794 910; x_wconf 78' lang='grc' dir='ltr'>ἐκεῖνος</span> 
     </span>
    </p>
   </div>
   <div class='ocr_carea' id='block_1_24' title="bbox 2136 934 3789 1015">
    <p class='ocr_par' dir='ltr' id='par_1_24' title="bbox 2136 934 3789 1015">
     <span class='ocr_line' id='line_1_24' title="bbox 2136 934 3789 1015; baseline 0 -23"><span class='ocrx_word' id='word_1_130' title='bbox 2136 934 2315 992; x_wconf 81' lang='grc' dir='ltr'>ἸλΛόν</span> <span class='ocrx_word' id='word_1_131' title='bbox 2371 958 2432 992; x_wconf 87' lang='grc' dir='ltr'><strong>τε</strong></span> <span class='ocrx_word' id='word_1_132' title='bbox 2480 938 2571 993; x_wconf 79' lang='grc' dir='ltr'><strong>καὶ</strong></span> <span class='ocrx_word' id='word_1_133' title='bbox 2626 937 2753 1001; x_wconf 78' lang='grc' dir='ltr'>τοὺς</span> <span class='ocrx_word' id='word_1_134' title='bbox 2825 938 3098 1015; x_wconf 83' lang='grc' dir='ltr'>Ἰσαόρους</span> <span class='ocrx_word' id='word_1_135' title='bbox 3175 940 3266 994; x_wconf 82' lang='grc' dir='ltr'><strong>καὶ</strong></span> <span class='ocrx_word' id='word_1_136' title='bbox 3352 941 3628 1001; x_wconf 72' lang='grc' dir='ltr'>Λυκάονας</span> <span class='ocrx_word' id='word_1_137' title='bbox 3694 939 3789 993; x_wconf 79' lang='grc' dir='ltr'><strong>καὶ</strong></span> 
     </span>
    </p>
   </div>
   <div class='ocr_carea' id='block_1_25' title="bbox 2135 1021 3801 1101">
    <p class='ocr_par' dir='ltr' id='par_1_25' title="bbox 2135 1021 3801 1101">
     <span class='ocr_line' id='line_1_25' title="bbox 2135 1021 3801 1101; baseline 0.002 -24"><span class='ocrx_word' id='word_1_138' title='bbox 2135 1021 2342 1089; x_wconf 78' lang='grc' dir='ltr'>ἄλλους</span> <span class='ocrx_word' id='word_1_139' title='bbox 2382 1027 2503 1081; x_wconf 75' lang='grc' dir='ltr'>ὅσοι</span> <span class='ocrx_word' id='word_1_140' title='bbox 2560 1029 2695 1101; x_wconf 84' lang='grc' dir='ltr'>πρὸς</span> <span class='ocrx_word' id='word_1_141' title='bbox 2750 1029 2846 1090; x_wconf 83' lang='grc' dir='ltr'><strong>τὰς</strong></span> <span class='ocrx_word' id='word_1_142' title='bbox 2900 1027 3258 1101; x_wconf 79' lang='grc' dir='ltr'>καινοτομίας</span> <span class='ocrx_word' id='word_1_143' title='bbox 3288 1027 3602 1097; x_wconf 69' lang='grc' dir='ltr'>ἐπτόηνται,</span> <span class='ocrx_word' id='word_1_144' title='bbox 3636 1027 3801 1084; x_wconf 75' lang='grc' dir='ltr'>ἐπάν-</span> 
     </span>
    </p>
   </div>
   <div class='ocr_carea' id='block_1_26' title="bbox 2135 1113 3795 1194">
    <p class='ocr_par' dir='ltr' id='par_1_26' title="bbox 2135 1113 3795 1194">
     <span class='ocr_line' id='line_1_26' title="bbox 2135 1113 3795 1194; baseline 0.003 -27"><span class='ocrx_word' id='word_1_145' title='bbox 2135 1133 2268 1168; x_wconf 88' lang='grc' dir='ltr'>εισιν</span> <span class='ocrx_word' id='word_1_146' title='bbox 2315 1113 2402 1170; x_wconf 78' lang='grc' dir='ltr'>ἐπὶ</span> <span class='ocrx_word' id='word_1_147' title='bbox 2453 1116 2517 1171; x_wconf 86' lang='grc' dir='ltr'>τὸ</span> <span class='ocrx_word' id='word_1_148' title='bbox 2574 1118 2875 1187; x_wconf 84' lang='grc' dir='ltr'>Βυζάντιον</span> <span class='ocrx_word' id='word_1_149' title='bbox 2939 1120 3075 1191; x_wconf 87' lang='grc' dir='ltr'><strong>μετά</strong></span> <span class='ocrx_word' id='word_1_150' title='bbox 3126 1118 3315 1194; x_wconf 80' lang='grc' dir='ltr'>χειρὸς</span> <span class='ocrx_word' id='word_1_151' title='bbox 3350 1116 3665 1194; x_wconf 74' lang='grc' dir='ltr'><strong>βασιλικῆς,</strong></span> <span class='ocrx_word' id='word_1_152' title='bbox 3698 1117 3795 1172; x_wconf 83' lang='grc' dir='ltr'><strong>καὶ</strong></span> 
     </span>
    </p>
   </div>
   <div class='ocr_carea' id='block_1_27' title="bbox 2134 1201 3796 1283">
    <p class='ocr_par' dir='ltr' id='par_1_27' title="bbox 2134 1201 3796 1283">
     <span class='ocr_line' id='line_1_27' title="bbox 2134 1201 3796 1283; baseline 0.002 -27"><span class='ocrx_word' id='word_1_153' title='bbox 2134 1201 2300 1258; x_wconf 82' lang='grc' dir='ltr'>πάλιν</span> <span class='ocrx_word' id='word_1_154' title='bbox 2325 1211 2425 1273; x_wconf 83' lang='grc' dir='ltr'><strong>τῆς</strong></span> <span class='ocrx_word' id='word_1_155' title='bbox 2453 1204 2773 1279; x_wconf 74' lang='grc' dir='ltr'><strong>τυραννίδος</strong></span> <span class='ocrx_word' id='word_1_156' title='bbox 2798 1209 2884 1280; x_wconf 85' lang='grc' dir='ltr'><strong>[Ρ.</strong></span> <span class='ocrx_word' id='word_1_157' title='bbox 2918 1209 3043 1281; x_wconf 79' lang='lat'><strong>352]</strong></span> <span class='ocrx_word' id='word_1_158' title='bbox 3083 1201 3509 1279; x_wconf 68' lang='grc' dir='ltr'>ἐπιλαμϐάνεται</span> <span class='ocrx_word' id='word_1_159' title='bbox 3542 1206 3628 1278; x_wconf 76' lang='grc' dir='ltr'><strong>(οὐ</strong></span> <span class='ocrx_word' id='word_1_160' title='bbox 3685 1206 3796 1283; x_wconf 81' lang='grc' dir='ltr'><strong>γὰρ</strong></span> 
     </span>
    </p>
   </div>
   <div class='ocr_carea' id='block_1_28' title="bbox 2135 1288 3793 1371">
    <p class='ocr_par' dir='ltr' id='par_1_28' title="bbox 2135 1288 3793 1371">
     <span class='ocr_line' id='line_1_28' title="bbox 2135 1288 3793 1371; baseline 0.007 -26"><span class='ocrx_word' id='word_1_161' title='bbox 2135 1288 2278 1365; x_wconf 72' lang='grc' dir='ltr'><strong>λέγω</strong></span> <span class='ocrx_word' id='word_1_162' title='bbox 2335 1293 2659 1368; x_wconf 65' lang='grc' dir='ltr'>βασιλείας),</span> <span class='ocrx_word' id='word_1_163' title='bbox 2714 1295 2805 1350; x_wconf 86' lang='grc' dir='ltr'><strong>καὶ</strong></span> <span class='ocrx_word' id='word_1_164' title='bbox 2860 1296 2954 1351; x_wconf 86' lang='grc' dir='ltr'>τὸν</span> <span class='ocrx_word' id='word_1_165' title='bbox 3012 1295 3340 1352; x_wconf 81' lang='grc' dir='ltr'>Βασιλίσκον</span> <span class='ocrx_word' id='word_1_166' title='bbox 3378 1295 3651 1371; x_wconf 78' lang='grc' dir='ltr'>ἐξαγαγὼν</span> <span class='ocrx_word' id='word_1_167' title='bbox 3687 1301 3793 1363; x_wconf 74' lang='grc' dir='ltr'>τῆς</span> 
     </span>
    </p>
   </div>
   <div class='ocr_carea' id='block_1_29' title="bbox 2134 1379 3788 1463">
    <p class='ocr_par' dir='ltr' id='par_1_29' title="bbox 2134 1379 3788 1463">
     <span class='ocr_line' id='line_1_29' title="bbox 2134 1379 3788 1463; baseline 0.002 -29"><span class='ocrx_word' id='word_1_168' title='bbox 2134 1379 2428 1452; x_wconf 80' lang='grc' dir='ltr'>ἐκκλησίας</span> <span class='ocrx_word' id='word_1_169' title='bbox 2471 1382 2509 1457; x_wconf 77' lang='grc' dir='ltr'><strong><em>ᾖ</em></strong></span> <span class='ocrx_word' id='word_1_170' title='bbox 2557 1385 2662 1459; x_wconf 86' lang='grc' dir='ltr'><strong>πρὸ</strong></span> <span class='ocrx_word' id='word_1_171' title='bbox 2706 1384 2903 1440; x_wconf 66' lang='grc' dir='ltr'>τούτου</span> <span class='ocrx_word' id='word_1_172' title='bbox 2954 1384 3353 1463; x_wconf 71' lang='grc' dir='ltr'>προσπέφευγε,</span> <span class='ocrx_word' id='word_1_173' title='bbox 3390 1386 3525 1458; x_wconf 84' lang='grc' dir='ltr'><strong>μετά</strong></span> <span class='ocrx_word' id='word_1_174' title='bbox 3552 1383 3788 1459; x_wconf 71' lang='grc' dir='ltr'>μυρίους</span> 
     </span>
    </p>
   </div>
   <div class='ocr_carea' id='block_1_30' title="bbox 2134 1468 3786 1549">
    <p class='ocr_par' dir='ltr' id='par_1_30' title="bbox 2134 1468 3786 1549">
     <span class='ocr_line' id='line_1_30' title="bbox 2134 1468 3786 1549; baseline 0.007 -27"><span class='ocrx_word' id='word_1_175' title='bbox 2134 1468 2331 1542; x_wconf 86' lang='grc' dir='ltr'>’ὀρκους</span> <span class='ocrx_word' id='word_1_176' title='bbox 2398 1468 2866 1547; x_wconf 73' lang='grc' dir='ltr'><strong>φρικωδεστάτους</strong></span> <span class='ocrx_word' id='word_1_177' title='bbox 2926 1472 3152 1549; x_wconf 77' lang='grc' dir='ltr'><strong>ἐξορίζει</strong></span> <span class='ocrx_word' id='word_1_178' title='bbox 3224 1473 3277 1529; x_wconf 83' lang='grc' dir='ltr'>ἐν</span> <span class='ocrx_word' id='word_1_179' title='bbox 3337 1475 3634 1545; x_wconf 78' lang='grc' dir='ltr'>Κουκουσῷ</span> <span class='ocrx_word' id='word_1_180' title='bbox 3679 1479 3786 1540; x_wconf 79' lang='grc' dir='ltr'><strong>τῆς</strong></span> 
     </span>
    </p>
   </div>
   <div class='ocr_carea' id='block_1_31' title="bbox 2135 1555 3785 1636">
    <p class='ocr_par' dir='ltr' id='par_1_31' title="bbox 2135 1555 3785 1636">
     <span class='ocr_line' id='line_1_31' title="bbox 2135 1555 3785 1636; baseline 0.001 -22"><span class='ocrx_word' id='word_1_181' title='bbox 2135 1555 2545 1628; x_wconf 83' lang='grc' dir='ltr'>Καππαδοκίας,</span> <span class='ocrx_word' id='word_1_182' title='bbox 2603 1560 2931 1625; x_wconf 80' lang='grc' dir='ltr'>ἀποκλείσας</span> <span class='ocrx_word' id='word_1_183' title='bbox 3003 1559 3061 1617; x_wconf 72' lang='grc' dir='ltr'>δὲ</span> <span class='ocrx_word' id='word_1_184' title='bbox 3137 1561 3214 1624; x_wconf 78' lang='grc' dir='ltr'>εἷς</span> <span class='ocrx_word' id='word_1_185' title='bbox 3271 1559 3365 1619; x_wconf 69' lang='grc' dir='ltr'>ἕνα</span> <span class='ocrx_word' id='word_1_186' title='bbox 3420 1562 3629 1636; x_wconf 69' lang='grc' dir='ltr'>πύργον</span> <span class='ocrx_word' id='word_1_187' title='bbox 3686 1560 3785 1616; x_wconf 76' lang='grc' dir='ltr'>σὺν</span> 
     </span>
    </p>
   </div>
   <div class='ocr_carea' id='block_1_32' title="bbox 2138 1647 3787 1731">
    <p class='ocr_par' dir='ltr' id='par_1_32' title="bbox 2138 1647 3787 1731">
     <span class='ocr_line' id='line_1_32' title="bbox 2138 1647 3787 1731; baseline 0.003 -30"><span class='ocrx_word' id='word_1_188' title='bbox 2138 1647 2345 1721; x_wconf 82' lang='grc' dir='ltr'>γυναικέ</span> <span class='ocrx_word' id='word_1_189' title='bbox 2402 1649 2490 1704; x_wconf 80' lang='grc' dir='ltr'><strong>καὶ</strong></span> <span class='ocrx_word' id='word_1_190' title='bbox 2547 1649 2758 1715; x_wconf 75' lang='grc' dir='ltr'>τέκνοις</span> <span class='ocrx_word' id='word_1_191' title='bbox 2811 1650 2962 1725; x_wconf 82' lang='grc' dir='ltr'><strong>λιμῷ</strong></span> <span class='ocrx_word' id='word_1_192' title='bbox 3019 1649 3337 1731; x_wconf 78' lang='grc' dir='ltr'>διαφθείρει.</span> <span class='ocrx_word' id='word_1_193' title='bbox 3400 1651 3669 1724; x_wconf 86' lang='grc' dir='ltr'>Τιμόθεόν</span> <span class='ocrx_word' id='word_1_194' title='bbox 3724 1671 3787 1707; x_wconf 90' lang='grc' dir='ltr'><strong>τε</strong></span> 
     </span>
    </p>
   </div>
   <div class='ocr_carea' id='block_1_33' title="bbox 2133 1735 3783 1817">
    <p class='ocr_par' dir='ltr' id='par_1_33' title="bbox 2133 1735 3783 1817">
     <span class='ocr_line' id='line_1_33' title="bbox 2133 1735 3783 1817; baseline 0.003 -27"><span class='ocrx_word' id='word_1_195' title='bbox 2133 1737 2224 1791; x_wconf 87' lang='grc' dir='ltr'>τὸν</span> <span class='ocrx_word' id='word_1_196' title='bbox 2254 1735 2528 1814; x_wconf 68' lang='grc' dir='ltr'>Αἴλουρον</span> <span class='ocrx_word' id='word_1_197' title='bbox 2583 1738 2962 1813; x_wconf 73' lang='grc' dir='ltr'>ἀνεκαλέσατο,</span> <span class='ocrx_word' id='word_1_198' title='bbox 3019 1741 3110 1796; x_wconf 85' lang='grc' dir='ltr'><strong>καὶ</strong></span> <span class='ocrx_word' id='word_1_199' title='bbox 3170 1742 3372 1816; x_wconf 78' lang='grc' dir='ltr'>Ιιὲτρον</span> <span class='ocrx_word' id='word_1_200' title='bbox 3429 1741 3520 1796; x_wconf 86' lang='grc' dir='ltr'>τὸν</span> <span class='ocrx_word' id='word_1_201' title='bbox 3572 1742 3783 1817; x_wconf 76' lang='grc' dir='ltr'>Κναφὲα</span> 
     </span>
    </p>
   </div>
   <div class='ocr_carea' id='block_1_34' title="bbox 396 1807 2036 1907">
    <p class='ocr_par' dir='ltr' id='par_1_34' title="bbox 396 1807 2029 1898">
     <span class='ocr_line' id='line_1_34' title="bbox 396 1807 2029 1898; baseline 0.018 -43"><span class='ocrx_word' id='word_1_202' title='bbox 396 1809 517 1858; x_wconf 89' lang='lat' dir='ltr'><strong>tum</strong></span> <span class='ocrx_word' id='word_1_203' title='bbox 545 1807 1093 1883; x_wconf 83' lang='lat' dir='ltr'><strong>peregrinabantur,</strong></span> <span class='ocrx_word' id='word_1_204' title='bbox 1129 1833 1263 1872; x_wconf 90' lang='lat' dir='ltr'><strong>cum</strong></span> <span class='ocrx_word' id='word_1_205' title='bbox 1293 1821 1616 1893; x_wconf 87' lang='lat' dir='ltr'><strong>ascivisset,</strong></span> <span class='ocrx_word' id='word_1_206' title='bbox 1648 1842 1683 1880; x_wconf 89' lang='lat' dir='ltr'><strong>a</strong></span> <span class='ocrx_word' id='word_1_207' title='bbox 1703 1807 1924 1898; x_wconf 84' lang='lat' dir='ltr'><strong>palatio</strong></span> <span class='ocrx_word' id='word_1_208' title='bbox 1956 1830 2029 1885; x_wconf 88' lang='lat' dir='ltr'><strong>ad</strong></span> 
     </span>
    </p>
   </div>
   <div class='ocr_carea' id='block_1_35' title="bbox 2142 1807 3789 1907">
    <p class='ocr_par' dir='ltr' id='par_1_35' title="bbox 2142 1828 3789 1907">
     <span class='ocr_line' id='line_1_35' title="bbox 2142 1828 3789 1907; baseline 0.003 -26"><span class='ocrx_word' id='word_1_209' title='bbox 2142 1828 2508 1902; x_wconf 83' lang='grc' dir='ltr'>κρυπτόμενον</span> <span class='ocrx_word' id='word_1_210' title='bbox 2538 1829 2590 1884; x_wconf 69' lang='grc' dir='ltr'><strong>ἂν</strong></span> <span class='ocrx_word' id='word_1_211' title='bbox 2650 1834 2718 1904; x_wconf 80' lang='grc' dir='ltr'><strong>τῇ</strong></span> <span class='ocrx_word' id='word_1_212' title='bbox 2774 1835 2912 1907; x_wconf 79' lang='grc' dir='ltr'>μονῇ</span> <span class='ocrx_word' id='word_1_213' title='bbox 2967 1837 3076 1887; x_wconf 82' lang='grc' dir='ltr'>τῶν</span> <span class='ocrx_word' id='word_1_214' title='bbox 3137 1834 3508 1906; x_wconf 77' lang='grc' dir='ltr'>’Δκοιμήτων,</span> <span class='ocrx_word' id='word_1_215' title='bbox 3539 1831 3628 1887; x_wconf 73' lang='grc' dir='ltr'><strong>καὶ</strong></span> <span class='ocrx_word' id='word_1_216' title='bbox 3659 1829 3789 1887; x_wconf 74' lang='grc' dir='ltr'>ὅσοι</span> 
     </span>
    </p>
   </div>
   <div class='ocr_carea' id='block_1_36' title="bbox 393 1893 2032 1988">
    <p class='ocr_par' dir='ltr' id='par_1_36' title="bbox 393 1893 2032 1988">
     <span class='ocr_line' id='line_1_36' title="bbox 393 1893 2032 1988; baseline 0.018 -43"><span class='ocrx_word' id='word_1_217' title='bbox 393 1893 681 1988; x_wconf 79' lang='lat' dir='ltr'><strong>templum</strong></span> <span class='ocrx_word' id='word_1_218' title='bbox 712 1898 880 1955; x_wconf 89' lang='lat' dir='ltr'><strong>asino</strong></span> <span class='ocrx_word' id='word_1_219' title='bbox 912 1910 1132 1973; x_wconf 90' lang='lat' dir='ltr'><strong>vectus,</strong></span> <span class='ocrx_word' id='word_1_220' title='bbox 1163 1924 1299 1964; x_wconf 89' lang='lat' dir='ltr'><strong>cum</strong></span> <span class='ocrx_word' id='word_1_221' title='bbox 1329 1910 1403 1965; x_wconf 91' lang='lat' dir='ltr'><strong>ad</strong></span> <span class='ocrx_word' id='word_1_222' title='bbox 1436 1893 1797 1986; x_wconf 65' lang='lat' dir='ltr'><strong>Octagonum</strong></span> <span class='ocrx_word' id='word_1_223' title='bbox 1830 1934 2032 1988; x_wconf 84' lang='lat' dir='ltr'><strong>perve-</strong></span> 
     </span>
    </p>
   </div>
   <div class='ocr_carea' id='block_1_37' title="bbox 392 1983 2035 2070">
    <p class='ocr_par' dir='ltr' id='par_1_37' title="bbox 392 1983 2035 2070">
     <span class='ocr_line' id='line_1_37' title="bbox 392 1983 2035 2070; baseline 0.018 -35"><span class='ocrx_word' id='word_1_224' title='bbox 392 1983 599 2053; x_wconf 88' lang='lat' dir='ltr'><strong>nisset,</strong></span> <span class='ocrx_word' id='word_1_225' title='bbox 634 1985 833 2059; x_wconf 88' lang='lat' dir='ltr'><strong>lapsus</strong></span> <span class='ocrx_word' id='word_1_226' title='bbox 875 1992 1088 2063; x_wconf 87' lang='lat' dir='ltr'><strong>pedem</strong></span> <span class='ocrx_word' id='word_1_227' title='bbox 1118 1996 1294 2070; x_wconf 79' lang='lat' dir='ltr'><strong>fregit</strong></span> <span class='ocrx_word' id='word_1_228' title='bbox 1321 2018 1388 2056; x_wconf 88' lang='lat' dir='ltr'><strong>ac</strong></span> <span class='ocrx_word' id='word_1_229' title='bbox 1418 2019 1552 2059; x_wconf 90' lang='lat' dir='ltr'><strong>cum</strong></span> <span class='ocrx_word' id='word_1_230' title='bbox 1584 1983 1890 2063; x_wconf 35' lang='lat' dir='ltr'><strong>vdedecore</strong></span> <span class='ocrx_word' id='word_1_231' title='bbox 1947 2015 2035 2065; x_wconf 88' lang='lat' dir='ltr'><strong>est</strong></span> 
     </span>
    </p>
   </div>
   <div class='ocr_carea' id='block_1_38' title="bbox 386 2078 2034 2169">
    <p class='ocr_par' dir='ltr' id='par_1_38' title="bbox 386 2078 2034 2169">
     <span class='ocr_line' id='line_1_38' title="bbox 386 2078 2034 2169; baseline 0.018 -44"><span class='ocrx_word' id='word_1_232' title='bbox 386 2088 681 2130; x_wconf 85' lang='lat' dir='ltr'><strong>reversus.</strong></span> <span class='ocrx_word' id='word_1_233' title='bbox 718 2078 863 2135; x_wconf 89' lang='lat' dir='ltr'><strong>Eum</strong></span> <span class='ocrx_word' id='word_1_234' title='bbox 914 2082 1233 2142; x_wconf 85' lang='lat' dir='ltr'><strong>Basiliscus</strong></span> <span class='ocrx_word' id='word_1_235' title='bbox 1292 2090 1484 2147; x_wconf 90' lang='lat' dir='ltr'><strong>adhuc</strong></span> <span class='ocrx_word' id='word_1_236' title='bbox 1542 2110 1741 2150; x_wconf 90' lang='lat' dir='ltr'><strong>rerum</strong></span> <span class='ocrx_word' id='word_1_237' title='bbox 1792 2114 2034 2169; x_wconf 90' lang='lat' dir='ltr'><strong>compos</strong></span> 
     </span>
    </p>
   </div>
   <div class='ocr_carea' id='block_1_39' title="bbox 393 2162 2037 2241">
    <p class='ocr_par' dir='ltr' id='par_1_39' title="bbox 393 2162 2037 2241">
     <span class='ocr_line' id='line_1_39' title="bbox 393 2162 2037 2241; baseline 0.018 -30"><span class='ocrx_word' id='word_1_238' title='bbox 393 2176 529 2215; x_wconf 90' lang='lat' dir='ltr'><strong>cum</strong></span> <span class='ocrx_word' id='word_1_239' title='bbox 555 2162 707 2233; x_wconf 86' lang='lat' dir='ltr'><strong>typis</strong></span> <span class='ocrx_word' id='word_1_240' title='bbox 734 2165 1155 2229; x_wconf 83' lang='lat' dir='ltr'><strong>Alexandriam</strong></span> <span class='ocrx_word' id='word_1_241' title='bbox 1186 2175 1432 2233; x_wconf 89' lang='lat' dir='ltr'><strong>miserat</strong></span> <span class='ocrx_word' id='word_1_242' title='bbox 1459 2185 1525 2234; x_wconf 89' lang='lat' dir='ltr'><strong>ut</strong></span> <span class='ocrx_word' id='word_1_243' title='bbox 1552 2162 2037 2241; x_wconf 78' lang='lat' dir='ltr'><strong>Chalcedonense</strong></span> 
     </span>
    </p>
   </div>
   <div class='ocr_carea' id='block_1_40' title="bbox 392 2250 2033 2343">
    <p class='ocr_par' dir='ltr' id='par_1_40' title="bbox 392 2250 2033 2343">
     <span class='ocr_line' id='line_1_40' title="bbox 392 2250 2033 2343; baseline 0.018 -41"><span class='ocrx_word' id='word_1_244' title='bbox 392 2250 711 2343; x_wconf 80' lang='lat' dir='ltr'><strong>concilium</strong></span> <span class='ocrx_word' id='word_1_245' title='bbox 747 2253 1138 2329; x_wconf 74' lang='lat' dir='ltr'><strong>impugnaret.</strong></span> <span class='ocrx_word' id='word_1_246' title='bbox 1175 2264 1357 2329; x_wconf 89' lang='lat' dir='ltr'><strong>Quem</strong></span> <span class='ocrx_word' id='word_1_247' title='bbox 1418 2269 1851 2343; x_wconf 75' lang='lat' dir='ltr'><strong>ingredientem</strong></span> <span class='ocrx_word' id='word_1_248' title='bbox 1898 2276 2033 2331; x_wconf 81' lang='lat' dir='ltr'><strong>Ale-</strong></span> 
     </span>
    </p>
   </div>
   <div class='ocr_carea' id='block_1_41' title="bbox 395 2338 2036 2433">
    <p class='ocr_par' dir='ltr' id='par_1_41' title="bbox 395 2338 2036 2433">
     <span class='ocr_line' id='line_1_41' title="bbox 395 2338 2036 2433; baseline 0.018 -43"><span class='ocrx_word' id='word_1_249' title='bbox 395 2338 707 2395; x_wconf 82' lang='lat' dir='ltr'><strong>xandriam</strong></span> <span class='ocrx_word' id='word_1_250' title='bbox 737 2342 999 2402; x_wconf 88' lang='lat' dir='ltr'><strong>videntes</strong></span> <span class='ocrx_word' id='word_1_251' title='bbox 1025 2356 1348 2409; x_wconf 87' lang='lat' dir='ltr'><strong>sectatores</strong></span> <span class='ocrx_word' id='word_1_252' title='bbox 1373 2338 1513 2429; x_wconf 67' lang='lat' dir='ltr'><strong>ejus</strong></span> <span class='ocrx_word' id='word_1_253' title='bbox 1546 2358 1991 2433; x_wconf 83' lang='lat' dir='ltr'><strong>interrogarunt</strong></span> <span class='ocrx_word' id='word_1_254' title='bbox 2022 2380 2036 2418; x_wconf 90' lang='lat'><strong>:</strong></span> 
     </span>
    </p>
   </div>
   <div class='ocr_carea' id='block_1_42' title="bbox 398 2428 2040 2523">
    <p class='ocr_par' dir='ltr' id='par_1_42' title="bbox 398 2428 2040 2523">
     <span class='ocr_line' id='line_1_42' title="bbox 398 2428 2040 2523; baseline 0.018 -43"><span class='ocrx_word' id='word_1_255' title='bbox 398 2428 712 2523; x_wconf 47' lang='lat' dir='ltr'><strong>t‘iumnam,</strong></span> <span class='ocrx_word' id='word_1_256' title='bbox 740 2451 773 2487; x_wconf 96' lang='lat' dir='ltr'><strong>o</strong></span> <span class='ocrx_word' id='word_1_257' title='bbox 805 2440 1102 2509; x_wconf 88' lang='lat' dir='ltr'><strong>papa,tuis</strong></span> <span class='ocrx_word' id='word_1_258' title='bbox 1132 2428 1674 2505; x_wconf 89' lang='lat' dir='ltr'><strong>hostibusbucceas</strong></span> <span class='ocrx_word' id='word_1_259' title='bbox 1694 2428 2040 2523; x_wconf 66' lang='lat' dir='ltr'><strong>praibuisti?</strong></span> 
     </span>
    </p>
   </div>
   <div class='ocr_carea' id='block_1_43' title="bbox 392 2517 2034 2613">
    <p class='ocr_par' dir='ltr' id='par_1_43' title="bbox 392 2517 2034 2613">
     <span class='ocr_line' id='line_1_43' title="bbox 392 2517 2034 2613; baseline 0.017 -43"><span class='ocrx_word' id='word_1_260' title='bbox 392 2517 718 2613; x_wconf 63' lang='lat' dir='ltr'><strong>Itespondit</strong></span> <span class='ocrx_word' id='word_1_261' title='bbox 757 2524 896 2580; x_wconf 89' lang='lat' dir='ltr'><strong>ille:</strong></span> <span class='ocrx_word' id='word_1_262' title='bbox 930 2528 1183 2586; x_wconf 82' lang='lat' dir='ltr'><strong>Omnino</strong></span> <span class='ocrx_word' id='word_1_263' title='bbox 1243 2534 1327 2589; x_wconf 92' lang='lat' dir='ltr'><strong>eis</strong></span> <span class='ocrx_word' id='word_1_264' title='bbox 1382 2536 1578 2593; x_wconf 81' lang='lat' dir='ltr'><strong>cibum</strong></span> <span class='ocrx_word' id='word_1_265' title='bbox 1636 2517 1719 2595; x_wconf 57' lang='lat' dir='ltr'><strong>iis</strong></span> <span class='ocrx_word' id='word_1_266' title='bbox 1776 2542 2034 2613; x_wconf 82' lang='lat' dir='ltr'><strong>porrexi.</strong></span> 
     </span>
    </p>
   </div>
   <div class='ocr_carea' id='block_1_44' title="bbox 398 2611 2037 2691">
    <p class='ocr_par' dir='ltr' id='par_1_44' title="bbox 398 2611 2037 2691">
     <span class='ocr_line' id='line_1_44' title="bbox 398 2611 2037 2691; baseline 0.015 -28"><span class='ocrx_word' id='word_1_267' title='bbox 398 2611 638 2667; x_wconf 86' lang='lat' dir='ltr'><strong>Petrum</strong></span> <span class='ocrx_word' id='word_1_268' title='bbox 695 2631 931 2687; x_wconf 90' lang='lat' dir='ltr'><strong>quoque</strong></span> <span class='ocrx_word' id='word_1_269' title='bbox 980 2619 1323 2691; x_wconf 88' lang='lat' dir='ltr'><strong>Cnapheum</strong></span> <span class='ocrx_word' id='word_1_270' title='bbox 1390 2611 1792 2684; x_wconf 33' lang='lat' dir='ltr'><strong>Antiochiam&#39;</strong></span> <span class='ocrx_word' id='word_1_271' title='bbox 1828 2631 2037 2687; x_wconf 89' lang='lat' dir='ltr'><strong>eodem</strong></span> 
     </span>
    </p>
   </div>
   <div class='ocr_carea' id='block_1_45' title="bbox 396 2701 2037 2784">
    <p class='ocr_par' dir='ltr' id='par_1_45' title="bbox 396 2701 2037 2784">
     <span class='ocr_line' id='line_1_45' title="bbox 396 2701 2037 2784; baseline 0.014 -32"><span class='ocrx_word' id='word_1_272' title='bbox 396 2701 646 2756; x_wconf 86' lang='lat' dir='ltr'><strong>consilio</strong></span> <span class='ocrx_word' id='word_1_273' title='bbox 674 2703 1069 2777; x_wconf 87' lang='lat' dir='ltr'><strong>ablegaverat.</strong></span> <span class='ocrx_word' id='word_1_274' title='bbox 1101 2713 1176 2764; x_wconf 79' lang='lat' dir='ltr'><strong>At</strong></span> <span class='ocrx_word' id='word_1_275' title='bbox 1218 2711 1664 2784; x_wconf 89' lang='lat' dir='ltr'><strong>Salophaciolus</strong></span> <span class='ocrx_word' id='word_1_276' title='bbox 1696 2719 2037 2775; x_wconf 86' lang='lat' dir='ltr'><strong>Timotheus</strong></span> 
     </span>
    </p>
   </div>
   <div class='ocr_carea' id='block_1_46' title="bbox 398 2788 2040 2867">
    <p class='ocr_par' dir='ltr' id='par_1_46' title="bbox 398 2788 2040 2867">
     <span class='ocr_line' id='line_1_46' title="bbox 398 2788 2040 2867; baseline 0.015 -26"><span class='ocrx_word' id='word_1_277' title='bbox 398 2788 770 2846; x_wconf 76' lang='lat' dir='ltr'><strong>Alexandrim</strong></span> <span class='ocrx_word' id='word_1_278' title='bbox 801 2795 1114 2867; x_wconf 89' lang='lat' dir='ltr'><strong>episcopus</strong></span> <span class='ocrx_word' id='word_1_279' title='bbox 1146 2798 1242 2854; x_wconf 89' lang='lat' dir='ltr'><strong>his</strong></span> <span class='ocrx_word' id='word_1_280' title='bbox 1266 2802 1485 2857; x_wconf 88' lang='lat' dir='ltr'><strong>auditis</strong></span> <span class='ocrx_word' id='word_1_281' title='bbox 1515 2807 1762 2860; x_wconf 88' lang='lat' dir='ltr'><strong>recessit</strong></span> <span class='ocrx_word' id='word_1_282' title='bbox 1798 2808 1871 2862; x_wconf 88' lang='lat' dir='ltr'><strong>ad</strong></span> <span class='ocrx_word' id='word_1_283' title='bbox 1908 2826 2040 2864; x_wconf 86' lang='lat' dir='ltr'><strong>mo-</strong></span> 
     </span>
    </p>
   </div>
   <div class='ocr_carea' id='block_1_47' title="bbox 396 2879 2041 2967">
    <p class='ocr_par' dir='ltr' id='par_1_47' title="bbox 396 2879 2041 2967">
     <span class='ocr_line' id='line_1_47' title="bbox 396 2879 2041 2967; baseline 0.016 -39"><span class='ocrx_word' id='word_1_284' title='bbox 396 2879 659 2967; x_wconf 80' lang='lat' dir='ltr'><strong>nasteria</strong></span> <span class='ocrx_word' id='word_1_285' title='bbox 684 2880 992 2956; x_wconf 76' lang='lat' dir='ltr'><strong>Canopica</strong></span> <span class='ocrx_word' id='word_1_286' title='bbox 1048 2903 1168 2942; x_wconf 71' lang='lat' dir='ltr'><strong>sum</strong></span> <span class='ocrx_word' id='word_1_287' title='bbox 1229 2887 1579 2963; x_wconf 64' lang='lat' dir='ltr'><strong>disciplinas.</strong></span> <span class='ocrx_word' id='word_1_288' title='bbox 1614 2896 1927 2967; x_wconf 88' lang='lat' dir='ltr'><strong>Cnapheus</strong></span> <span class='ocrx_word' id='word_1_289' title='bbox 1965 2899 2041 2953; x_wconf 86' lang='lat' dir='ltr'><strong>si-</strong></span> 
     </span>
    </p>
   </div>
   <div class='ocr_carea' id='block_1_48' title="bbox 395 2965 2041 3052">
    <p class='ocr_par' dir='ltr' id='par_1_48' title="bbox 395 2965 2041 3052">
     <span class='ocr_line' id='line_1_48' title="bbox 395 2965 2041 3052; baseline 0.014 -33"><span class='ocrx_word' id='word_1_290' title='bbox 395 2965 701 3039; x_wconf 89' lang='lat' dir='ltr'><strong>mulatque</strong></span> <span class='ocrx_word' id='word_1_291' title='bbox 723 2969 946 3041; x_wconf 91' lang='lat' dir='ltr'><strong>potitus</strong></span> <span class='ocrx_word' id='word_1_292' title='bbox 963 2982 1054 3030; x_wconf 90' lang='lat' dir='ltr'><strong>est</strong></span> <span class='ocrx_word' id='word_1_293' title='bbox 1078 2977 1442 3052; x_wconf 89' lang='lat' dir='ltr'><strong>episcopatu,</strong></span> <span class='ocrx_word' id='word_1_294' title='bbox 1465 2965 1950 3042; x_wconf 84' lang='lat' dir='ltr'><strong>damnationibus</strong></span> <span class='ocrx_word' id='word_1_295' title='bbox 1981 2994 2041 3044; x_wconf 91' lang='lat' dir='ltr'><strong>et</strong></span> 
     </span>
    </p>
   </div>
   <div class='ocr_carea' id='block_1_49' title="bbox 396 3057 2042 3148">
    <p class='ocr_par' dir='ltr' id='par_1_49' title="bbox 396 3057 2042 3148">
     <span class='ocr_line' id='line_1_49' title="bbox 396 3057 2042 3148; baseline 0.016 -40"><span class='ocrx_word' id='word_1_296' title='bbox 396 3057 750 3148; x_wconf 79' lang='lat' dir='ltr'><strong>tumultibus</strong></span> <span class='ocrx_word' id='word_1_297' title='bbox 782 3077 1025 3133; x_wconf 83' lang='lat' dir='ltr'><strong>Operam</strong></span> <span class='ocrx_word' id='word_1_298' title='bbox 1058 3070 1458 3127; x_wconf 87' lang='lat' dir='ltr'><strong>navavit.Iude</strong></span> <span class='ocrx_word' id='word_1_299' title='bbox 1490 3073 1682 3129; x_wconf 72' lang='lat' dir='ltr'><strong>caades</strong></span> <span class='ocrx_word' id='word_1_300' title='bbox 1712 3080 1890 3148; x_wconf 90' lang='lat' dir='ltr'><strong>atque</strong></span> <span class='ocrx_word' id='word_1_301' title='bbox 1922 3082 2042 3133; x_wconf 87' lang='lat' dir='ltr'><strong>tur-</strong></span> 
     </span>
    </p>
   </div>
   <div class='ocr_carea' id='block_1_50' title="bbox 397 3144 2032 3234">
    <p class='ocr_par' dir='ltr' id='par_1_50' title="bbox 397 3144 2032 3234">
     <span class='ocr_line' id='line_1_50' title="bbox 397 3144 2032 3234; baseline 0.015 -35"><span class='ocrx_word' id='word_1_302' title='bbox 397 3144 485 3200; x_wconf 71' lang='lat' dir='ltr'><strong>ha:</strong></span> <span class='ocrx_word' id='word_1_303' title='bbox 507 3147 1129 3226; x_wconf 83' lang='lat' dir='ltr'><strong>exsistere,propterea</strong></span> <span class='ocrx_word' id='word_1_304' title='bbox 1148 3160 1308 3229; x_wconf 91' lang='lat' dir='ltr'><strong>quod</strong></span> <span class='ocrx_word' id='word_1_305' title='bbox 1328 3161 1641 3234; x_wconf 87' lang='lat' dir='ltr'><strong>Cnapheus</strong></span> <span class='ocrx_word' id='word_1_306' title='bbox 1659 3144 2032 3225; x_wconf 70' lang='lat' dir='ltr'><strong>sanctissimo</strong></span> 
     </span>
    </p>
   </div>
   <div class='ocr_carea' id='block_1_51' title="bbox 393 3237 2029 3326">
    <p class='ocr_par' dir='ltr' id='par_1_51' title="bbox 393 3237 2029 3326">
     <span class='ocr_line' id='line_1_51' title="bbox 393 3237 2029 3326; baseline 0.013 -35"><span class='ocrx_word' id='word_1_307' title='bbox 393 3237 641 3292; x_wconf 85' lang='lat' dir='ltr'><strong>carmini</strong></span> <span class='ocrx_word' id='word_1_308' title='bbox 672 3239 1026 3312; x_wconf 84' lang='lat' dir='ltr'><strong>adjecisset:</strong></span> <span class='ocrx_word' id='word_1_309' title='bbox 1057 3246 1165 3311; x_wconf 89' lang='lat' dir='ltr'><strong>Qui</strong></span> <span class='ocrx_word' id='word_1_310' title='bbox 1206 3250 1522 3307; x_wconf 73' lang='lat' dir='ltr'><strong>crucifixus</strong></span> <span class='ocrx_word' id='word_1_311' title='bbox 1572 3258 1662 3307; x_wconf 90' lang='lat' dir='ltr'><strong>est</strong></span> <span class='ocrx_word' id='word_1_312' title='bbox 1698 3271 1804 3326; x_wconf 92' lang='lat' dir='ltr'><strong>pro</strong></span> <span class='ocrx_word' id='word_1_313' title='bbox 1836 3256 2029 3313; x_wconf 88' lang='lat' dir='ltr'><strong>nobis.</strong></span> 
     </span>
    </p>
   </div>
   <div class='ocr_carea' id='block_1_52' title="bbox 393 3324 2033 3407">
    <p class='ocr_par' dir='ltr' id='par_1_52' title="bbox 393 3324 2033 3407">
     <span class='ocr_line' id='line_1_52' title="bbox 393 3324 2033 3407; baseline 0.015 -29"><span class='ocrx_word' id='word_1_314' title='bbox 393 3324 684 3383; x_wconf 72' lang='lat' dir='ltr'><strong>Cmterum</strong></span> <span class='ocrx_word' id='word_1_315' title='bbox 742 3330 1057 3388; x_wconf 88' lang='lat' dir='ltr'><strong>Basiliscus</strong></span> <span class='ocrx_word' id='word_1_316' title='bbox 1119 3338 1379 3407; x_wconf 88' lang='lat' dir='ltr'><strong>generali</strong></span> <span class='ocrx_word' id='word_1_317' title='bbox 1446 3340 1640 3396; x_wconf 89' lang='lat' dir='ltr'><strong>edicto</strong></span> <span class='ocrx_word' id='word_1_318' title='bbox 1698 3324 2033 3402; x_wconf 30' lang='lat' dir='ltr'><strong>iconcilium</strong></span> 
     </span>
    </p>
   </div>
   <div class='ocr_carea' id='block_1_53' title="bbox 395 3414 2039 3506">
    <p class='ocr_par' dir='ltr' id='par_1_53' title="bbox 395 3414 2039 3506">
     <span class='ocr_line' id='line_1_53' title="bbox 395 3414 2039 3506; baseline 0.015 -39"><span class='ocrx_word' id='word_1_319' title='bbox 395 3414 873 3506; x_wconf 64' lang='lat' dir='ltr'><strong>Bhalcedonense</strong></span> <span class='ocrx_word' id='word_1_320' title='bbox 905 3423 1212 3495; x_wconf 82' lang='lat' dir='ltr'><strong>rejecerat.</strong></span> <span class='ocrx_word' id='word_1_321' title='bbox 1245 3427 1409 3491; x_wconf 88' lang='lat' dir='ltr'><strong>Quod</strong></span> <span class='ocrx_word' id='word_1_322' title='bbox 1459 3430 1617 3487; x_wconf 89' lang='lat' dir='ltr'><strong>idem</strong></span> <span class='ocrx_word' id='word_1_323' title='bbox 1643 3448 1777 3488; x_wconf 88' lang='lat' dir='ltr'><strong>cum</strong></span> <span class='ocrx_word' id='word_1_324' title='bbox 1798 3434 2039 3506; x_wconf 88' lang='lat' dir='ltr'><strong>juberet</strong></span> 
     </span>
    </p>
   </div>
   <div class='ocr_carea' id='block_1_54' title="bbox 394 3501 2037 3592">
    <p class='ocr_par' dir='ltr' id='par_1_54' title="bbox 394 3501 2037 3592">
     <span class='ocr_line' id='line_1_54' title="bbox 394 3501 2037 3592; baseline 0.015 -36"><span class='ocrx_word' id='word_1_325' title='bbox 394 3501 590 3560; x_wconf 81' lang='lat' dir='ltr'><strong>facere</strong></span> <span class='ocrx_word' id='word_1_326' title='bbox 630 3508 908 3564; x_wconf 82' lang='lat' dir='ltr'><strong>Acacium</strong></span> <span class='ocrx_word' id='word_1_327' title='bbox 935 3512 1307 3583; x_wconf 79' lang='lat' dir='ltr'><strong>Cpolitanum</strong></span> <span class='ocrx_word' id='word_1_328' title='bbox 1339 3518 1703 3592; x_wconf 89' lang='lat' dir='ltr'><strong>episcopum,</strong></span> <span class='ocrx_word' id='word_1_329' title='bbox 1735 3501 1857 3579; x_wconf 75' lang='lat' dir='ltr'><strong>tota</strong></span> <span class='ocrx_word' id='word_1_330' title='bbox 1894 3524 2037 3581; x_wconf 88' lang='lat' dir='ltr'><strong>urbs</strong></span> 
     </span>
    </p>
   </div>
   <div class='ocr_carea' id='block_1_55' title="bbox 396 3595 2038 3684">
    <p class='ocr_par' dir='ltr' id='par_1_55' title="bbox 396 3595 2038 3684">
     <span class='ocr_line' id='line_1_55' title="bbox 396 3595 2038 3684; baseline 0.015 -38"><span class='ocrx_word' id='word_1_331' title='bbox 396 3609 531 3648; x_wconf 90' lang='lat' dir='ltr'><strong>cum</strong></span> <span class='ocrx_word' id='word_1_332' title='bbox 562 3595 913 3655; x_wconf 87' lang='lat' dir='ltr'><strong>mulieribus</strong></span> <span class='ocrx_word' id='word_1_333' title='bbox 945 3603 1095 3658; x_wconf 71' lang='grc'><strong>618</strong></span> <span class='ocrx_word' id='word_1_334' title='bbox 1147 3611 1205 3659; x_wconf 89' lang='lat' dir='ltr'><strong>et</strong></span> <span class='ocrx_word' id='word_1_335' title='bbox 1244 3606 1449 3663; x_wconf 90' lang='lat' dir='ltr'><strong>liberis</strong></span> <span class='ocrx_word' id='word_1_336' title='bbox 1480 3609 1541 3664; x_wconf 89' lang='lat' dir='ltr'><strong>in</strong></span> <span class='ocrx_word' id='word_1_337' title='bbox 1595 3613 1878 3684; x_wconf 88' lang='lat' dir='ltr'><strong>templum</strong></span> <span class='ocrx_word' id='word_1_338' title='bbox 1938 3613 2038 3670; x_wconf 86' lang='lat' dir='ltr'><strong>ad-</strong></span> 
     </span>
    </p>
   </div>
   <div class='ocr_carea' id='block_1_56' title="bbox 396 3688 2034 3773">
    <p class='ocr_par' dir='ltr' id='par_1_56' title="bbox 396 3688 2034 3773">
     <span class='ocr_line' id='line_1_56' title="bbox 396 3688 2034 3773; baseline 0.013 -37"><span class='ocrx_word' id='word_1_339' title='bbox 396 3698 599 3741; x_wconf 86' lang='lat' dir='ltr'><strong>versus</strong></span> <span class='ocrx_word' id='word_1_340' title='bbox 626 3688 972 3747; x_wconf 82' lang='lat' dir='ltr'><strong>Basiliscum</strong></span> <span class='ocrx_word' id='word_1_341' title='bbox 1020 3704 1424 3753; x_wconf 87' lang='lat' dir='ltr'><strong>convenerunt</strong></span> <span class='ocrx_word' id='word_1_342' title='bbox 1478 3699 1659 3771; x_wconf 88' lang='lat' dir='ltr'><strong>idque</strong></span> <span class='ocrx_word' id='word_1_343' title='bbox 1716 3698 2034 3773; x_wconf 81' lang='lat' dir='ltr'><strong>prohibue-</strong></span> 
     </span>
    </p>
   </div>
   <div class='ocr_carea' id='block_1_57' title="bbox 398 3775 2035 3863">
    <p class='ocr_par' dir='ltr' id='par_1_57' title="bbox 398 3775 2035 3863">
     <span class='ocr_line' id='line_1_57' title="bbox 398 3775 2035 3863; baseline 0.013 -37"><span class='ocrx_word' id='word_1_344' title='bbox 398 3775 812 3833; x_wconf 67' lang='lat' dir='ltr'><strong>runtAcaoius</strong></span> <span class='ocrx_word' id='word_1_345' title='bbox 843 3787 1039 3838; x_wconf 88' lang='lat' dir='ltr'><strong>autem</strong></span> <span class='ocrx_word' id='word_1_346' title='bbox 1059 3784 1245 3856; x_wconf 85' lang='lat' dir='ltr'><strong>nigris</strong></span> <span class='ocrx_word' id='word_1_347' title='bbox 1264 3787 1525 3844; x_wconf 87' lang='lat' dir='ltr'><strong>vestibus</strong></span> <span class='ocrx_word' id='word_1_348' title='bbox 1555 3791 1804 3863; x_wconf 88' lang='lat' dir='ltr'><strong>sumptis</strong></span> <span class='ocrx_word' id='word_1_349' title='bbox 1819 3792 2035 3847; x_wconf 87' lang='lat' dir='ltr'><strong>solium</strong></span> 
     </span>
    </p>
   </div>
   <div class='ocr_carea' id='block_1_58' title="bbox 396 3863 2036 3953">
    <p class='ocr_par' dir='ltr' id='par_1_58' title="bbox 396 3863 2036 3953">
     <span class='ocr_line' id='line_1_58' title="bbox 396 3863 2036 3953; baseline 0.013 -37"><span class='ocrx_word' id='word_1_350' title='bbox 396 3866 453 3916; x_wconf 88' lang='lat' dir='ltr'><strong>et</strong></span> <span class='ocrx_word' id='word_1_351' title='bbox 483 3863 670 3920; x_wconf 89' lang='lat' dir='ltr'><strong>altare</strong></span> <span class='ocrx_word' id='word_1_352' title='bbox 700 3867 982 3927; x_wconf 90' lang='lat' dir='ltr'><strong>deseruit.</strong></span> <span class='ocrx_word' id='word_1_353' title='bbox 1007 3873 1129 3938; x_wconf 92' lang='lat' dir='ltr'><strong>Quo</strong></span> <span class='ocrx_word' id='word_1_354' title='bbox 1152 3880 1418 3947; x_wconf 86' lang='lat' dir='ltr'><strong>tempore</strong></span> <span class='ocrx_word' id='word_1_355' title='bbox 1449 3877 1627 3934; x_wconf 85' lang='lat' dir='ltr'><strong>etiam</strong></span> <span class='ocrx_word' id='word_1_356' title='bbox 1661 3897 1912 3953; x_wconf 84' lang='lat' dir='ltr'><strong>magnus</strong></span> <span class='ocrx_word' id='word_1_357' title='bbox 1934 3882 2036 3937; x_wconf 90' lang='lat' dir='ltr'><strong>ille</strong></span> 
     </span>
    </p>
   </div>
   <div class='ocr_carea' id='block_1_59' title="bbox 398 3953 2037 4039">
    <p class='ocr_par' dir='ltr' id='par_1_59' title="bbox 398 3953 2037 4039">
     <span class='ocr_line' id='line_1_59' title="bbox 398 3953 2037 4039; baseline 0.013 -33"><span class='ocrx_word' id='word_1_358' title='bbox 398 3953 699 4023; x_wconf 87' lang='lat' dir='ltr'><strong>Danielus,</strong></span> <span class='ocrx_word' id='word_1_359' title='bbox 730 3957 949 4015; x_wconf 77' lang='lat' dir='ltr'><strong>fervido</strong></span> <span class='ocrx_word' id='word_1_360' title='bbox 980 3963 1083 4018; x_wconf 91' lang='lat' dir='ltr'><strong>Dei</strong></span> <span class='ocrx_word' id='word_1_361' title='bbox 1115 3964 1310 4021; x_wconf 88' lang='lat' dir='ltr'><strong>studio</strong></span> <span class='ocrx_word' id='word_1_362' title='bbox 1349 3967 1662 4039; x_wconf 86' lang='lat' dir='ltr'><strong>impulsus,</strong></span> <span class='ocrx_word' id='word_1_363' title='bbox 1695 3986 1730 4025; x_wconf 88' lang='lat' dir='ltr'><strong>a</strong></span> <span class='ocrx_word' id='word_1_364' title='bbox 1759 3971 2037 4028; x_wconf 88' lang='lat' dir='ltr'><strong>columna</strong></span> 
     </span>
    </p>
   </div>
   <div class='ocr_carea' id='block_1_60' title="bbox 398 4041 2033 4125">
    <p class='ocr_par' dir='ltr' id='par_1_60' title="bbox 398 4041 2033 4125">
     <span class='ocr_line' id='line_1_60' title="bbox 398 4041 2033 4125; baseline 0.013 -30"><span class='ocrx_word' id='word_1_365' title='bbox 398 4041 703 4100; x_wconf 87' lang='lat' dir='ltr'><strong>descendit</strong></span> <span class='ocrx_word' id='word_1_366' title='bbox 730 4048 1046 4121; x_wconf 86' lang='lat' dir='ltr'><strong>Acaciique</strong></span> <span class='ocrx_word' id='word_1_367' title='bbox 1077 4057 1137 4108; x_wconf 91' lang='lat' dir='ltr'><strong>et</strong></span> <span class='ocrx_word' id='word_1_368' title='bbox 1161 4054 1363 4125; x_wconf 91' lang='lat' dir='ltr'><strong>populi</strong></span> <span class='ocrx_word' id='word_1_369' title='bbox 1396 4057 1786 4114; x_wconf 89' lang='lat' dir='ltr'><strong>concionibus</strong></span> <span class='ocrx_word' id='word_1_370' title='bbox 1822 4060 2033 4116; x_wconf 86' lang='lat' dir='ltr'><strong>adfuit.</strong></span> 
     </span>
    </p>
   </div>
   <div class='ocr_carea' id='block_1_61' title="bbox 2137 1913 3795 1996">
    <p class='ocr_par' dir='ltr' id='par_1_61' title="bbox 2137 1913 3795 1996">
     <span class='ocr_line' id='line_1_61' title="bbox 2137 1913 3795 1996; baseline 0.002 -25"><span class='ocrx_word' id='word_1_371' title='bbox 2137 1913 2301 1972; x_wconf 76' lang='grc' dir='ltr'>ἄλλοι</span> <span class='ocrx_word' id='word_1_372' title='bbox 2333 1915 2524 1993; x_wconf 76' lang='grc' dir='ltr'>ἐχθροὶ</span> <span class='ocrx_word' id='word_1_373' title='bbox 2565 1924 2665 1988; x_wconf 77' lang='grc' dir='ltr'><strong>τῆς</strong></span> <span class='ocrx_word' id='word_1_374' title='bbox 2696 1918 2848 1992; x_wconf 82' lang='grc' dir='ltr'>ἁγίας</span> <span class='ocrx_word' id='word_1_375' title='bbox 2899 1918 2952 1975; x_wconf 75' lang='grc' dir='ltr'>ἐν</span> <span class='ocrx_word' id='word_1_376' title='bbox 3013 1918 3334 1992; x_wconf 68' lang='grc' dir='ltr'>Χαλκηδόνι</span> <span class='ocrx_word' id='word_1_377' title='bbox 3367 1917 3592 1975; x_wconf 83' lang='grc' dir='ltr'>συνόδου</span> <span class='ocrx_word' id='word_1_378' title='bbox 3623 1919 3795 1996; x_wconf 73' lang='grc' dir='ltr'><strong>ἒπαρο</strong></span> 
     </span>
    </p>
   </div>
   <div class='ocr_carea' id='block_1_62' title="bbox 2138 2004 3799 2083">
    <p class='ocr_par' dir='ltr' id='par_1_62' title="bbox 2138 2004 3799 2083">
     <span class='ocr_line' id='line_1_62' title="bbox 2138 2004 3799 2083; baseline 0.003 -24"><span class='ocrx_word' id='word_1_379' title='bbox 2138 2004 2462 2081; x_wconf 80' lang='grc' dir='ltr'>ῥησιάζοντο</span> <span class='ocrx_word' id='word_1_380' title='bbox 2535 2007 2672 2062; x_wconf 86' lang='grc' dir='ltr'>κατᾶ</span> <span class='ocrx_word' id='word_1_381' title='bbox 2742 2014 2843 2078; x_wconf 83' lang='grc' dir='ltr'><strong>τῆς</strong></span> <span class='ocrx_word' id='word_1_382' title='bbox 2920 2006 3206 2080; x_wconf 84' lang='grc' dir='ltr'>ἀληθείας.</span> <span class='ocrx_word' id='word_1_383' title='bbox 3272 2011 3334 2067; x_wconf 87' lang='lat'><strong>&#39;0</strong></span> <span class='ocrx_word' id='word_1_384' title='bbox 3394 2006 3451 2064; x_wconf 71' lang='grc' dir='ltr'>δὲ</span> <span class='ocrx_word' id='word_1_385' title='bbox 3519 2007 3799 2083; x_wconf 83' lang='grc' dir='ltr'>Λῖλουρος</span> 
     </span>
    </p>
   </div>
   <div class='ocr_carea' id='block_1_63' title="bbox 2136 2096 3793 2174">
    <p class='ocr_par' dir='ltr' id='par_1_63' title="bbox 2136 2096 3793 2174">
     <span class='ocr_line' id='line_1_63' title="bbox 2136 2096 3793 2174; baseline 0.004 -26"><span class='ocrx_word' id='word_1_386' title='bbox 2136 2096 2455 2169; x_wconf 80' lang='grc' dir='ltr'>συναγαγὼν</span> <span class='ocrx_word' id='word_1_387' title='bbox 2512 2096 2775 2160; x_wconf 80' lang='grc' dir='ltr'>ἀτάκτους</span> <span class='ocrx_word' id='word_1_388' title='bbox 2834 2096 3205 2174; x_wconf 78' lang='grc' dir='ltr'>’Δλεξανδρεῖς</span> <span class='ocrx_word' id='word_1_389' title='bbox 3271 2097 3643 2172; x_wconf 72' lang='grc' dir='ltr'>ἒνδημοῦντας</span> <span class='ocrx_word' id='word_1_390' title='bbox 3707 2103 3793 2171; x_wconf 72' lang='grc' dir='ltr'>τῷ</span> 
     </span>
    </p>
   </div>
   <div class='ocr_carea' id='block_1_64' title="bbox 2137 2183 3797 2262">
    <p class='ocr_par' dir='ltr' id='par_1_64' title="bbox 2137 2183 3797 2262">
     <span class='ocr_line' id='line_1_64' title="bbox 2137 2183 3797 2262; baseline 0 -21"><span class='ocrx_word' id='word_1_391' title='bbox 2137 2184 2441 2257; x_wconf 71' lang='grc' dir='ltr'>Βυζαντίῳ,</span> <span class='ocrx_word' id='word_1_392' title='bbox 2500 2183 2561 2241; x_wconf 84' lang='grc' dir='ltr'>ἐκ</span> <span class='ocrx_word' id='word_1_393' title='bbox 2612 2190 2709 2241; x_wconf 80' lang='grc' dir='ltr'><strong>τοῦ</strong></span> <span class='ocrx_word' id='word_1_394' title='bbox 2766 2186 3037 2243; x_wconf 87' lang='grc' dir='ltr'>παλατίου</span> <span class='ocrx_word' id='word_1_395' title='bbox 3105 2189 3241 2262; x_wconf 83' lang='grc' dir='ltr'>πρὸς</span> <span class='ocrx_word' id='word_1_396' title='bbox 3308 2190 3407 2258; x_wconf 70' lang='grc' dir='ltr'>τήν</span> <span class='ocrx_word' id='word_1_397' title='bbox 3494 2186 3797 2259; x_wconf 70' lang='grc' dir='ltr'>ἐκκλησίαν</span> 
     </span>
    </p>
   </div>
   <div class='ocr_carea' id='block_1_65' title="bbox 2136 2271 3796 2351">
    <p class='ocr_par' dir='ltr' id='par_1_65' title="bbox 2136 2271 3796 2351">
     <span class='ocr_line' id='line_1_65' title="bbox 2136 2271 3796 2351; baseline 0.002 -24"><span class='ocrx_word' id='word_1_398' title='bbox 2136 2271 2303 2341; x_wconf 77' lang='grc' dir='ltr'>ἦλθεν</span> <span class='ocrx_word' id='word_1_399' title='bbox 2332 2273 2713 2349; x_wconf 65' lang='grc' dir='ltr'>ἓποχοόμενος</span> <span class='ocrx_word' id='word_1_400' title='bbox 2744 2271 2887 2345; x_wconf 79' lang='grc' dir='ltr'>ὄνον,</span> <span class='ocrx_word' id='word_1_401' title='bbox 2918 2276 3009 2332; x_wconf 78' lang='grc' dir='ltr'><strong>καὶ</strong></span> <span class='ocrx_word' id='word_1_402' title='bbox 3047 2279 3146 2347; x_wconf 74' lang='grc' dir='ltr'>τὴν</span> <span class='ocrx_word' id='word_1_403' title='bbox 3181 2278 3521 2351; x_wconf 76' lang='grc' dir='ltr'>Ὀκτάγωνον</span> <span class='ocrx_word' id='word_1_404' title='bbox 3549 2276 3796 2332; x_wconf 81' lang='grc' dir='ltr'>καταλα-</span> 
     </span>
    </p>
   </div>
   <div class='ocr_carea' id='block_1_66' title="bbox 2139 2358 3799 2443">
    <p class='ocr_par' dir='ltr' id='par_1_66' title="bbox 2139 2358 3799 2443">
     <span class='ocr_line' id='line_1_66' title="bbox 2139 2358 3799 2443; baseline 0.006 -25"><span class='ocrx_word' id='word_1_405' title='bbox 2139 2358 2250 2419; x_wconf 86' lang='grc' dir='ltr'><strong>ϐὼν</strong></span> <span class='ocrx_word' id='word_1_406' title='bbox 2283 2365 2515 2429; x_wconf 79' lang='grc' dir='ltr'>πτωθεὶς</span> <span class='ocrx_word' id='word_1_407' title='bbox 2552 2362 2834 2442; x_wconf 85' lang='grc' dir='ltr'>συνετρίϐη</span> <span class='ocrx_word' id='word_1_408' title='bbox 2892 2370 2986 2424; x_wconf 88' lang='grc' dir='ltr'>τὸν</span> <span class='ocrx_word' id='word_1_409' title='bbox 3042 2366 3205 2437; x_wconf 77' lang='grc' dir='ltr'>πόδα,</span> <span class='ocrx_word' id='word_1_410' title='bbox 3245 2368 3335 2424; x_wconf 74' lang='grc' dir='ltr'><strong>καὶ</strong></span> <span class='ocrx_word' id='word_1_411' title='bbox 3373 2368 3487 2441; x_wconf 84' lang='grc' dir='ltr'>μετ’</span> <span class='ocrx_word' id='word_1_412' title='bbox 3521 2366 3799 2443; x_wconf 75' lang='grc' dir='ltr'>αἲσχόνης</span> 
     </span>
    </p>
   </div>
   <div class='ocr_carea' id='block_1_67' title="bbox 2140 2451 3801 2533">
    <p class='ocr_par' dir='ltr' id='par_1_67' title="bbox 2140 2451 3801 2533">
     <span class='ocr_line' id='line_1_67' title="bbox 2140 2451 3801 2533; baseline 0.004 -26"><span class='ocrx_word' id='word_1_413' title='bbox 2140 2452 2483 2530; x_wconf 67' lang='grc' dir='ltr'>ἀντέστρεῲε.</span> <span class='ocrx_word' id='word_1_414' title='bbox 2514 2456 2720 2513; x_wconf 76' lang='grc' dir='ltr'>Τοῦτον</span> <span class='ocrx_word' id='word_1_415' title='bbox 2750 2456 2779 2511; x_wconf 84' lang='grc' dir='ltr'>ὁ</span> <span class='ocrx_word' id='word_1_416' title='bbox 2811 2455 3138 2520; x_wconf 88' lang='grc' dir='ltr'>Βασιλίσκος</span> <span class='ocrx_word' id='word_1_417' title='bbox 3167 2454 3247 2513; x_wconf 56' lang='lat' dir='ltr'><strong>in</strong></span> <span class='ocrx_word' id='word_1_418' title='bbox 3280 2458 3682 2533; x_wconf 55' lang='grc' dir='ltr'>[αὖτοκράτὼρῖ</span> <span class='ocrx_word' id='word_1_419' title='bbox 3719 2451 3801 2510; x_wconf 79' lang='grc' dir='ltr'>ὥν</span> 
     </span>
    </p>
   </div>
   <div class='ocr_carea' id='block_1_68' title="bbox 2143 2542 3798 2621">
    <p class='ocr_par' dir='ltr' id='par_1_68' title="bbox 2143 2542 3798 2621">
     <span class='ocr_line' id='line_1_68' title="bbox 2143 2542 3798 2621; baseline 0.001 -24"><span class='ocrx_word' id='word_1_420' title='bbox 2143 2543 2279 2614; x_wconf 84' lang='grc' dir='ltr'>μετᾶ</span> <span class='ocrx_word' id='word_1_421' title='bbox 2306 2542 2489 2599; x_wconf 81' lang='grc' dir='ltr'>τόπων</span> <span class='ocrx_word' id='word_1_422' title='bbox 2532 2546 2643 2618; x_wconf 76' lang='grc'><strong>(84)</strong></span> <span class='ocrx_word' id='word_1_423' title='bbox 2680 2545 2756 2606; x_wconf 81' lang='grc' dir='ltr'>εἷς</span> <span class='ocrx_word' id='word_1_424' title='bbox 2808 2542 3214 2621; x_wconf 70' lang='grc' dir='ltr'>Ἀλεξάνδρειαν</span> <span class='ocrx_word' id='word_1_425' title='bbox 3263 2547 3400 2601; x_wconf 80' lang='grc' dir='ltr'>κατᾶ</span> <span class='ocrx_word' id='word_1_426' title='bbox 3428 2551 3529 2615; x_wconf 78' lang='grc' dir='ltr'><strong>τῆς</strong></span> <span class='ocrx_word' id='word_1_427' title='bbox 3559 2542 3798 2600; x_wconf 84' lang='grc' dir='ltr'>συνόδου</span> 
     </span>
    </p>
   </div>
   <div class='ocr_carea' id='block_1_69' title="bbox 2140 2629 3800 2714">
    <p class='ocr_par' dir='ltr' id='par_1_69' title="bbox 2140 2629 3800 2714">
     <span class='ocr_line' id='line_1_69' title="bbox 2140 2629 3800 2714; baseline 0.001 -28"><span class='ocrx_word' id='word_1_428' title='bbox 2140 2629 2455 2707; x_wconf 73' lang='grc' dir='ltr'>ἐξέπεμψεν.</span> <span class='ocrx_word' id='word_1_429' title='bbox 2511 2635 2609 2691; x_wconf 80' lang='lat' dir='ltr'><strong>&quot;0v</strong></span> <span class='ocrx_word' id='word_1_430' title='bbox 2651 2630 2854 2695; x_wconf 76' lang='grc' dir='ltr'>ἰδόντες</span> <span class='ocrx_word' id='word_1_431' title='bbox 2907 2635 3293 2714; x_wconf 78' lang='grc' dir='ltr'>εἰσερχόμενον</span> <span class='ocrx_word' id='word_1_432' title='bbox 3326 2634 3377 2690; x_wconf 79' lang='grc' dir='ltr'>ἐν</span> <span class='ocrx_word' id='word_1_433' title='bbox 3413 2630 3800 2708; x_wconf 69' lang='grc' dir='ltr'>Ἀλεξανδρείᾳ</span> 
     </span>
    </p>
   </div>
   <div class='ocr_carea' id='block_1_70' title="bbox 2140 2720 3797 2799">
    <p class='ocr_par' dir='ltr' id='par_1_70' title="bbox 2140 2720 3797 2799">
     <span class='ocr_line' id='line_1_70' title="bbox 2140 2720 3797 2799; baseline 0.001 -24"><span class='ocrx_word' id='word_1_434' title='bbox 2140 2721 2191 2774; x_wconf 76' lang='grc' dir='ltr'><strong>οἱ</strong></span> <span class='ocrx_word' id='word_1_435' title='bbox 2224 2720 2552 2778; x_wconf 86' lang='grc' dir='ltr'>σπουδασταὶ</span> <span class='ocrx_word' id='word_1_436' title='bbox 2584 2724 2839 2799; x_wconf 81' lang='grc' dir='ltr'>ἠρώτων·</span> <span class='ocrx_word' id='word_1_437' title='bbox 2889 2723 3209 2799; x_wconf 76' lang='grc' dir='ltr'>Ἐψώμίσας</span> <span class='ocrx_word' id='word_1_438' title='bbox 3235 2724 3362 2785; x_wconf 86' lang='grc' dir='ltr'>τοὸς</span> <span class='ocrx_word' id='word_1_439' title='bbox 3407 2722 3639 2799; x_wconf 76' lang='grc' dir='ltr'>ἐχθρούς</span> <span class='ocrx_word' id='word_1_440' title='bbox 3672 2743 3797 2792; x_wconf 87' lang='grc' dir='ltr'>σου,</span> 
     </span>
    </p>
   </div>
   <div class='ocr_carea' id='block_1_71' title="bbox 2137 2808 3796 2887">
    <p class='ocr_par' dir='ltr' id='par_1_71' title="bbox 2137 2808 3796 2887">
     <span class='ocr_line' id='line_1_71' title="bbox 2137 2808 3796 2887; baseline 0.001 -24"><span class='ocrx_word' id='word_1_441' title='bbox 2137 2809 2292 2865; x_wconf 82' lang='grc' dir='ltr'><strong>πάπα</strong></span> <span class='ocrx_word' id='word_1_442' title='bbox 2341 2812 2494 2884; x_wconf 84' lang='grc'><strong>(85);</strong></span> <span class='ocrx_word' id='word_1_443' title='bbox 2559 2816 2619 2868; x_wconf 78' lang='grc' dir='ltr'>Ὀ</span> <span class='ocrx_word' id='word_1_444' title='bbox 2676 2808 2756 2881; x_wconf 71' lang='grc' dir='ltr'><strong>δὲ,</strong></span> <span class='ocrx_word' id='word_1_445' title='bbox 2811 2810 2912 2867; x_wconf 82' lang='grc' dir='ltr'><strong>Ναὶ</strong></span> <span class='ocrx_word' id='word_1_446' title='bbox 2971 2811 3143 2875; x_wconf 78' lang='grc' dir='ltr'>οὕτως</span> <span class='ocrx_word' id='word_1_447' title='bbox 3184 2810 3461 2887; x_wconf 76' lang='grc' dir='ltr'>ἐψώμισα,</span> <span class='ocrx_word' id='word_1_448' title='bbox 3502 2811 3796 2885; x_wconf 79' lang='grc' dir='ltr'>ἀπεκρίθη.</span> 
     </span>
    </p>
   </div>
   <div class='ocr_carea' id='block_1_72' title="bbox 2142 2897 3803 2979">
    <p class='ocr_par' dir='ltr' id='par_1_72' title="bbox 2142 2897 3803 2979">
     <span class='ocr_line' id='line_1_72' title="bbox 2142 2897 3803 2979; baseline -0.001 -24"><span class='ocrx_word' id='word_1_449' title='bbox 2142 2899 2244 2955; x_wconf 81' lang='grc' dir='ltr'>Καὶ</span> <span class='ocrx_word' id='word_1_450' title='bbox 2278 2899 2481 2973; x_wconf 80' lang='grc' dir='ltr'>ΙΙὲτρον</span> <span class='ocrx_word' id='word_1_451' title='bbox 2513 2897 2570 2955; x_wconf 70' lang='grc' dir='ltr'>δὲ</span> <span class='ocrx_word' id='word_1_452' title='bbox 2598 2901 2690 2955; x_wconf 87' lang='grc' dir='ltr'>τὸν</span> <span class='ocrx_word' id='word_1_453' title='bbox 2730 2900 2936 2979; x_wconf 77' lang='grc' dir='ltr'>Κναφὲα</span> <span class='ocrx_word' id='word_1_454' title='bbox 2984 2901 3060 2960; x_wconf 77' lang='grc' dir='ltr'><strong>εἰς</strong></span> <span class='ocrx_word' id='word_1_455' title='bbox 3102 2901 3463 2977; x_wconf 75' lang='grc' dir='ltr'>Ἀντιόχειαν,</span> <span class='ocrx_word' id='word_1_456' title='bbox 3495 2899 3585 2955; x_wconf 86' lang='grc' dir='ltr'><strong>καὶ</strong></span> <span class='ocrx_word' id='word_1_457' title='bbox 3611 2900 3803 2977; x_wconf 69' lang='grc' dir='ltr'>ἀμφου-</span> 
     </span>
    </p>
   </div>
   <div class='ocr_carea' id='block_1_73' title="bbox 2137 2987 3796 3062">
    <p class='ocr_par' dir='ltr' id='par_1_73' title="bbox 2137 2987 3796 3062">
     <span class='ocr_line' id='line_1_73' title="bbox 2137 2987 3796 3062; baseline 0 -21"><span class='ocrx_word' id='word_1_458' title='bbox 2137 2987 2329 3062; x_wconf 81' lang='grc' dir='ltr'>τὲρους</span> <span class='ocrx_word' id='word_1_459' title='bbox 2383 2988 2523 3043; x_wconf 86' lang='grc' dir='ltr'>κατᾶ</span> <span class='ocrx_word' id='word_1_460' title='bbox 2576 2996 2679 3058; x_wconf 81' lang='grc' dir='ltr'><strong>τῆς</strong></span> <span class='ocrx_word' id='word_1_461' title='bbox 2731 2988 2990 3060; x_wconf 79' lang='grc' dir='ltr'>ἀληθείας</span> <span class='ocrx_word' id='word_1_462' title='bbox 3046 2987 3359 3046; x_wconf 79' lang='grc' dir='ltr'>ἀπέστειλεν</span> <span class='ocrx_word' id='word_1_463' title='bbox 3394 2988 3702 3050; x_wconf 64' lang='grc' dir='ltr'>ἐνισκόσας.</span> <span class='ocrx_word' id='word_1_464' title='bbox 3734 2989 3796 3041; x_wconf 83' lang='grc' dir='ltr'><strong>Ὀ</strong></span> 
     </span>
    </p>
   </div>
   <div class='ocr_carea' id='block_1_74' title="bbox 2139 3072 3795 3154">
    <p class='ocr_par' dir='ltr' id='par_1_74' title="bbox 2139 3072 3795 3154">
     <span class='ocr_line' id='line_1_74' title="bbox 2139 3072 3795 3154; baseline -0.001 -24"><span class='ocrx_word' id='word_1_465' title='bbox 2139 3072 2197 3131; x_wconf 72' lang='grc' dir='ltr'>δὲ</span> <span class='ocrx_word' id='word_1_466' title='bbox 2243 3073 2657 3154; x_wconf 71' lang='grc' dir='ltr'>ΣαλοφακίοΛος</span> <span class='ocrx_word' id='word_1_467' title='bbox 2707 3079 2980 3151; x_wconf 87' lang='grc' dir='ltr'>Τιμόθεος</span> <span class='ocrx_word' id='word_1_468' title='bbox 3030 3077 3328 3142; x_wconf 78' lang='grc' dir='ltr'>ἐπίσκοπος</span> <span class='ocrx_word' id='word_1_469' title='bbox 3373 3073 3795 3151; x_wconf 80' lang='grc' dir='ltr'>Ἀλεξανδρείας</span> 
     </span>
    </p>
   </div>
   <div class='ocr_carea' id='block_1_75' title="bbox 2143 3164 3798 3242">
    <p class='ocr_par' dir='ltr' id='par_1_75' title="bbox 2143 3164 3798 3242">
     <span class='ocr_line' id='line_1_75' title="bbox 2143 3164 3798 3242; baseline -0.001 -22"><span class='ocrx_word' id='word_1_470' title='bbox 2143 3170 2306 3221; x_wconf 80' lang='grc' dir='ltr'>τοῦτο</span> <span class='ocrx_word' id='word_1_471' title='bbox 2334 3164 2565 3228; x_wconf 75' lang='grc' dir='ltr'>ἀκούσας</span> <span class='ocrx_word' id='word_1_472' title='bbox 2612 3166 2970 3242; x_wconf 82' lang='grc' dir='ltr'>ὑπεγώρησεν</span> <span class='ocrx_word' id='word_1_473' title='bbox 3019 3165 3074 3223; x_wconf 73' lang='grc' dir='ltr'>ιν</span> <span class='ocrx_word' id='word_1_474' title='bbox 3112 3172 3230 3230; x_wconf 85' lang='grc' dir='ltr'>τοῖς</span> <span class='ocrx_word' id='word_1_475' title='bbox 3283 3166 3667 3239; x_wconf 83' lang='grc' dir='ltr'>μοναστηρίοις</span> <span class='ocrx_word' id='word_1_476' title='bbox 3695 3168 3798 3219; x_wconf 71' lang='grc' dir='ltr'>τοῦ</span> 
     </span>
    </p>
   </div>
   <div class='ocr_carea' id='block_1_76' title="bbox 2147 3252 3798 3331">
    <p class='ocr_par' dir='ltr' id='par_1_76' title="bbox 2147 3252 3798 3331">
     <span class='ocr_line' id='line_1_76' title="bbox 2147 3252 3798 3331; baseline -0.002 -19"><span class='ocrx_word' id='word_1_477' title='bbox 2147 3255 2438 3325; x_wconf 87' lang='grc' dir='ltr'>Κανώπου,</span> <span class='ocrx_word' id='word_1_478' title='bbox 2506 3255 2580 3309; x_wconf 80' lang='grc' dir='ltr'>ὢν</span> <span class='ocrx_word' id='word_1_479' title='bbox 2644 3255 2876 3331; x_wconf 84' lang='grc' dir='ltr'>ἐγεγόνει</span> <span class='ocrx_word' id='word_1_480' title='bbox 2937 3257 3024 3312; x_wconf 87' lang='grc' dir='ltr'><strong>καὶ</strong></span> <span class='ocrx_word' id='word_1_481' title='bbox 3091 3264 3194 3327; x_wconf 85' lang='grc' dir='ltr'><strong>τῆς</strong></span> <span class='ocrx_word' id='word_1_482' title='bbox 3248 3257 3547 3326; x_wconf 72' lang='grc' dir='ltr'>ἀσκήσεως.</span> <span class='ocrx_word' id='word_1_483' title='bbox 3592 3252 3798 3325; x_wconf 74' lang='grc' dir='ltr'>Πέτρος</span> 
     </span>
    </p>
   </div>
   <div class='ocr_carea' id='block_1_77' title="bbox 2145 3340 3794 3421">
    <p class='ocr_par' dir='ltr' id='par_1_77' title="bbox 2145 3340 3794 3421">
     <span class='ocr_line' id='line_1_77' title="bbox 2145 3340 3794 3421; baseline -0.001 -21"><span class='ocrx_word' id='word_1_484' title='bbox 2145 3342 2202 3400; x_wconf 75' lang='grc' dir='ltr'>δὲ</span> <span class='ocrx_word' id='word_1_485' title='bbox 2231 3345 2260 3399; x_wconf 87' lang='grc' dir='ltr'>ὁ</span> <span class='ocrx_word' id='word_1_486' title='bbox 2293 3344 2535 3420; x_wconf 80' lang='grc' dir='ltr'>Κναφεὺς</span> <span class='ocrx_word' id='word_1_487' title='bbox 2590 3340 2915 3401; x_wconf 76' lang='grc' dir='ltr'>καταλαϐὼν</span> <span class='ocrx_word' id='word_1_488' title='bbox 2970 3346 3062 3402; x_wconf 83' lang='grc' dir='ltr'>τὸν</span> <span class='ocrx_word' id='word_1_489' title='bbox 3124 3347 3314 3421; x_wconf 82' lang='grc' dir='ltr'>θρόνον</span> <span class='ocrx_word' id='word_1_490' title='bbox 3354 3344 3431 3407; x_wconf 77' lang='grc' dir='ltr'>εἷς</span> <span class='ocrx_word' id='word_1_491' title='bbox 3484 3343 3794 3417; x_wconf 81' lang='grc' dir='ltr'>ἂναθέματα</span> 
     </span>
    </p>
   </div>
   <div class='ocr_carea' id='block_1_78' title="bbox 2143 3432 3794 3514">
    <p class='ocr_par' dir='ltr' id='par_1_78' title="bbox 2143 3432 3794 3514">
     <span class='ocr_line' id='line_1_78' title="bbox 2143 3432 3794 3514; baseline -0.001 -26"><span class='ocrx_word' id='word_1_492' title='bbox 2143 3432 2233 3488; x_wconf 85' lang='grc' dir='ltr'><strong>καὶ</strong></span> <span class='ocrx_word' id='word_1_493' title='bbox 2290 3433 2536 3509; x_wconf 79' lang='grc' dir='ltr'>ταραχὰς</span> <span class='ocrx_word' id='word_1_494' title='bbox 2590 3433 2918 3508; x_wconf 80' lang='grc' dir='ltr'>ἐξώρμησεν.</span> <span class='ocrx_word' id='word_1_495' title='bbox 2974 3437 3133 3500; x_wconf 83' lang='grc' dir='ltr'>Ὅθεν</span> <span class='ocrx_word' id='word_1_496' title='bbox 3193 3434 3350 3514; x_wconf 76' lang='grc' dir='ltr'>φόνοι</span> <span class='ocrx_word' id='word_1_497' title='bbox 3407 3433 3497 3489; x_wconf 82' lang='grc' dir='ltr'><strong>καὶ</strong></span> <span class='ocrx_word' id='word_1_498' title='bbox 3553 3432 3794 3507; x_wconf 73' lang='grc' dir='ltr'>ταραχαὶ</span> 
     </span>
    </p>
   </div>
   <div class='ocr_carea' id='block_1_79' title="bbox 2146 3520 3796 3601">
    <p class='ocr_par' dir='ltr' id='par_1_79' title="bbox 2146 3520 3796 3601">
     <span class='ocr_line' id='line_1_79' title="bbox 2146 3520 3796 3601; baseline -0.004 -20"><span class='ocrx_word' id='word_1_499' title='bbox 2146 3522 2236 3581; x_wconf 82' lang='grc' dir='ltr'>διὰ</span> <span class='ocrx_word' id='word_1_500' title='bbox 2288 3523 2387 3592; x_wconf 74' lang='grc' dir='ltr'>τὴν</span> <span class='ocrx_word' id='word_1_501' title='bbox 2443 3524 2761 3597; x_wconf 81' lang='grc' dir='ltr'>προσθήκην</span> <span class='ocrx_word' id='word_1_502' title='bbox 2805 3527 2905 3579; x_wconf 76' lang='grc' dir='ltr'>τοῖ’)</span> <span class='ocrx_word' id='word_1_503' title='bbox 2951 3525 3252 3601; x_wconf 87' lang='grc' dir='ltr'>Τρισαγίου</span> <span class='ocrx_word' id='word_1_504' title='bbox 3296 3522 3602 3600; x_wconf 82' lang='grc' dir='ltr'>γεγόνασιν·</span> <span class='ocrx_word' id='word_1_505' title='bbox 3632 3520 3796 3583; x_wconf 76' lang='grc' dir='ltr'>αὐτὸς</span> 
     </span>
    </p>
   </div>
   <div class='ocr_carea' id='block_1_80' title="bbox 2143 3607 3798 3688">
    <p class='ocr_par' dir='ltr' id='par_1_80' title="bbox 2143 3607 3798 3688">
     <span class='ocr_line' id='line_1_80' title="bbox 2143 3607 3798 3688; baseline -0.002 -22"><span class='ocrx_word' id='word_1_506' title='bbox 2143 3613 2247 3688; x_wconf 80' lang='grc' dir='ltr'><strong>γὰρ</strong></span> <span class='ocrx_word' id='word_1_507' title='bbox 2287 3612 2636 3687; x_wconf 73' lang='grc' dir='ltr'>προσ-τέθεικε</span> <span class='ocrx_word' id='word_1_508' title='bbox 2684 3610 2768 3681; x_wconf 86' lang='grc' dir='ltr'><strong>τὸ,</strong></span> <span class='ocrx_word' id='word_1_509' title='bbox 2801 3613 2859 3667; x_wconf 91' lang='lat'>&#39;0</span> <span class='ocrx_word' id='word_1_510' title='bbox 2911 3612 3235 3687; x_wconf 80' lang='grc' dir='ltr'>σταυρωθεὶς</span> <span class='ocrx_word' id='word_1_511' title='bbox 3269 3609 3337 3666; x_wconf 85' lang='grc' dir='ltr'>δι’</span> <span class='ocrx_word' id='word_1_512' title='bbox 3366 3614 3537 3684; x_wconf 77' lang='grc' dir='ltr'>ἡμᾶς.</span> <span class='ocrx_word' id='word_1_513' title='bbox 3570 3607 3798 3667; x_wconf 83' lang='grc' dir='ltr'>Βασιλί-</span> 
     </span>
    </p>
   </div>
   <div class='ocr_carea' id='block_1_81' title="bbox 2146 3696 3798 3776">
    <p class='ocr_par' dir='ltr' id='par_1_81' title="bbox 2146 3696 3798 3776">
     <span class='ocr_line' id='line_1_81' title="bbox 2146 3696 3798 3776; baseline -0.002 -20"><span class='ocrx_word' id='word_1_514' title='bbox 2146 3721 2275 3765; x_wconf 87' lang='grc' dir='ltr'>σκος</span> <span class='ocrx_word' id='word_1_515' title='bbox 2306 3698 2363 3756; x_wconf 77' lang='grc' dir='ltr'>δὲ</span> <span class='ocrx_word' id='word_1_516' title='bbox 2392 3699 2549 3775; x_wconf 80' lang='grc' dir='ltr'>τόπῳ</span> <span class='ocrx_word' id='word_1_517' title='bbox 2595 3704 2790 3776; x_wconf 83' lang='grc' dir='ltr'>γενικῷ</span> <span class='ocrx_word' id='word_1_518' title='bbox 2835 3701 2935 3769; x_wconf 76' lang='grc' dir='ltr'>τὴν</span> <span class='ocrx_word' id='word_1_519' title='bbox 2986 3697 3038 3755; x_wconf 79' lang='grc' dir='ltr'>ἔν</span> <span class='ocrx_word' id='word_1_520' title='bbox 3084 3697 3398 3771; x_wconf 81' lang='grc' dir='ltr'>Χαλκηδόνι</span> <span class='ocrx_word' id='word_1_521' title='bbox 3444 3696 3669 3754; x_wconf 63' lang='grc' dir='ltr'>σύνοδον</span> <span class='ocrx_word' id='word_1_522' title='bbox 3721 3697 3798 3772; x_wconf 77' lang='grc' dir='ltr'><strong>ἐξ·</strong></span> 
     </span>
    </p>
   </div>
   <div class='ocr_carea' id='block_1_82' title="bbox 2146 3787 3799 3859">
    <p class='ocr_par' dir='ltr' id='par_1_82' title="bbox 2146 3787 3799 3859">
     <span class='ocr_line' id='line_1_82' title="bbox 2146 3787 3799 3859; baseline -0.002 -14"><span class='ocrx_word' id='word_1_523' title='bbox 2146 3787 2361 3859; x_wconf 80' lang='grc' dir='ltr'>έϐαλεν,</span> <span class='ocrx_word' id='word_1_524' title='bbox 2414 3790 2670 3846; x_wconf 84' lang='grc' dir='ltr'>Ἀκάκιον</span> <span class='ocrx_word' id='word_1_525' title='bbox 2718 3790 2809 3844; x_wconf 88' lang='grc' dir='ltr'>τὸν</span> <span class='ocrx_word' id='word_1_526' title='bbox 2862 3788 3490 3851; x_wconf 87' lang='grc' dir='ltr'>Κωνσταντινουπόλεως</span> <span class='ocrx_word' id='word_1_527' title='bbox 3534 3788 3799 3849; x_wconf 67' lang='grc' dir='ltr'>κελεύσας</span> 
     </span>
    </p>
   </div>
   <div class='ocr_carea' id='block_1_83' title="bbox 2142 3875 3795 3954">
    <p class='ocr_par' dir='ltr' id='par_1_83' title="bbox 2142 3875 3795 3954">
     <span class='ocr_line' id='line_1_83' title="bbox 2142 3875 3795 3954; baseline -0.003 -20"><span class='ocrx_word' id='word_1_528' title='bbox 2142 3878 2206 3934; x_wconf 86' lang='grc' dir='ltr'>τὸ</span> <span class='ocrx_word' id='word_1_529' title='bbox 2236 3877 2367 3933; x_wconf 79' lang='grc' dir='ltr'>αὐτὸ</span> <span class='ocrx_word' id='word_1_530' title='bbox 2396 3883 2597 3935; x_wconf 82' lang='grc' dir='ltr'>ποιεῖν.</span> <span class='ocrx_word' id='word_1_531' title='bbox 2650 3876 2809 3933; x_wconf 78' lang='grc' dir='ltr'>Ἀλλ’</span> <span class='ocrx_word' id='word_1_532' title='bbox 2859 3880 2894 3948; x_wconf 81' lang='grc' dir='ltr'>ἡ</span> <span class='ocrx_word' id='word_1_533' title='bbox 2944 3877 3110 3941; x_wconf 87' lang='grc' dir='ltr'>πόλις</span> <span class='ocrx_word' id='word_1_534' title='bbox 3140 3878 3319 3933; x_wconf 81' lang='grc' dir='ltr'>ἅπασα</span> <span class='ocrx_word' id='word_1_535' title='bbox 3348 3876 3442 3932; x_wconf 80' lang='grc' dir='ltr'>σὺν</span> <span class='ocrx_word' id='word_1_536' title='bbox 3468 3875 3670 3954; x_wconf 78' lang='grc' dir='ltr'>γυναιξί</span> <span class='ocrx_word' id='word_1_537' title='bbox 3700 3876 3795 3931; x_wconf 82' lang='grc' dir='ltr'><strong>καὶ</strong></span> 
     </span>
    </p>
   </div>
   <div class='ocr_carea' id='block_1_84' title="bbox 2142 3959 3799 4038">
    <p class='ocr_par' dir='ltr' id='par_1_84' title="bbox 2142 3959 3799 4038">
     <span class='ocr_line' id='line_1_84' title="bbox 2142 3959 3799 4038; baseline -0.003 -14"><span class='ocrx_word' id='word_1_538' title='bbox 2142 3959 2356 4031; x_wconf 70' lang='grc' dir='ltr'>τέκνοις</span> <span class='ocrx_word' id='word_1_539' title='bbox 2394 3967 2471 4032; x_wconf 76' lang='grc' dir='ltr'><strong>εἰς</strong></span> <span class='ocrx_word' id='word_1_540' title='bbox 2513 3967 2614 4036; x_wconf 76' lang='grc' dir='ltr'>τὴν</span> <span class='ocrx_word' id='word_1_541' title='bbox 2657 3965 2953 4038; x_wconf 67' lang='grc' dir='ltr'>ἐκκλησίαν</span> <span class='ocrx_word' id='word_1_542' title='bbox 2998 3967 3133 4023; x_wconf 84' lang='grc' dir='ltr'>κατὰ</span> <span class='ocrx_word' id='word_1_543' title='bbox 3185 3965 3512 4024; x_wconf 84' lang='grc' dir='ltr'>Βασιλίσκου</span> <span class='ocrx_word' id='word_1_544' title='bbox 3545 3965 3799 4027; x_wconf 70' lang='grc' dir='ltr'>ἐλθόντες</span> 
     </span>
    </p>
   </div>
   <div class='ocr_carea' id='block_1_85' title="bbox 2147 4053 3803 4129">
    <p class='ocr_par' dir='ltr' id='par_1_85' title="bbox 2147 4053 3803 4129">
     <span class='ocr_line' id='line_1_85' title="bbox 2147 4053 3803 4129; baseline -0.003 -16"><span class='ocrx_word' id='word_1_545' title='bbox 2147 4058 2342 4113; x_wconf 80' lang='grc' dir='ltr'>τούτον</span> <span class='ocrx_word' id='word_1_546' title='bbox 2396 4055 2696 4113; x_wconf 66' lang='grc' dir='ltr'>ἐκώλυσαν.</span> <span class='ocrx_word' id='word_1_547' title='bbox 2746 4056 2999 4117; x_wconf 78' lang='grc' dir='ltr'>Ἀκάκιος</span> <span class='ocrx_word' id='word_1_548' title='bbox 3052 4053 3110 4112; x_wconf 69' lang='grc' dir='ltr'>δὲ</span> <span class='ocrx_word' id='word_1_549' title='bbox 3181 4054 3655 4129; x_wconf 74' lang='grc' dir='ltr'>μελανειμονήσας</span> <span class='ocrx_word' id='word_1_550' title='bbox 3704 4054 3803 4109; x_wconf 76' lang='grc' dir='ltr'><strong>τὸν</strong></span> 
     </span>
    </p>
   </div>
   <div class='ocr_carea' id='block_1_86' title="bbox 384 4131 3807 4225">
    <p class='ocr_par' dir='ltr' id='par_1_86' title="bbox 384 4131 3807 4225">
     <span class='ocr_line' id='line_1_86' title="bbox 384 4131 3807 4225; baseline 0.004 -40"><span class='ocrx_word' id='word_1_551' title='bbox 384 4131 583 4205; x_wconf 77' lang='grc' dir='ltr'>’θρόνον</span> <span class='ocrx_word' id='word_1_552' title='bbox 613 4136 703 4190; x_wconf 81' lang='grc' dir='ltr'>καί</span> <span class='ocrx_word' id='word_1_553' title='bbox 734 4138 797 4192; x_wconf 86' lang='grc' dir='ltr'><strong>τὸ</strong></span> <span class='ocrx_word' id='word_1_554' title='bbox 828 4143 1208 4217; x_wconf 80' lang='grc' dir='ltr'>θυσιαστήριον</span> <span class='ocrx_word' id='word_1_555' title='bbox 1241 4142 1521 4203; x_wconf 74' lang='grc' dir='ltr'>κατέλιπε.</span> <span class='ocrx_word' id='word_1_556' title='bbox 1555 4146 1659 4202; x_wconf 85' lang='grc' dir='ltr'><strong>Καὶ</strong></span> <span class='ocrx_word' id='word_1_557' title='bbox 1690 4145 1898 4217; x_wconf 75' lang='grc' dir='ltr'>Δανιὴλ</span> <span class='ocrx_word' id='word_1_558' title='bbox 1933 4144 1989 4202; x_wconf 75' lang='grc' dir='ltr'>δὲ</span> <span class='ocrx_word' id='word_1_559' title='bbox 2019 4148 2048 4203; x_wconf 84' lang='grc' dir='ltr'>ὁ</span> <span class='ocrx_word' id='word_1_560' title='bbox 2083 4147 2252 4225; x_wconf 80' lang='grc' dir='ltr'>μέγας</span> <span class='ocrx_word' id='word_1_561' title='bbox 2284 4143 2376 4200; x_wconf 57' lang='grc' dir='ltr'><strong>’δι’</strong></span> <span class='ocrx_word' id='word_1_562' title='bbox 2433 4139 2604 4200; x_wconf 78' lang='grc' dir='ltr'>ἔνθεον</span> <span class='ocrx_word' id='word_1_563' title='bbox 2665 4144 2835 4215; x_wconf 84' lang='grc' dir='ltr'>ζῆλον</span> <span class='ocrx_word' id='word_1_564' title='bbox 2888 4140 3097 4208; x_wconf 82' lang='grc' dir='ltr'>ἀποϐὰς</span> <span class='ocrx_word' id='word_1_565' title='bbox 3123 4149 3222 4201; x_wconf 79' lang='grc' dir='ltr'><strong>τοῦ</strong></span> <span class='ocrx_word' id='word_1_566' title='bbox 3253 4143 3454 4200; x_wconf 78' lang='grc' dir='ltr'>στόλου</span> <span class='ocrx_word' id='word_1_567' title='bbox 3482 4144 3715 4216; x_wconf 74' lang='grc' dir='ltr'>’Δκακίῳ</span> <span class='ocrx_word' id='word_1_568' title='bbox 3743 4164 3807 4199; x_wconf 85' lang='grc' dir='ltr'><strong>τε</strong></span> 
     </span>
    </p>
   </div>
   <div class='ocr_carea' id='block_1_87' title="bbox 396 4222 1233 4303">
    <p class='ocr_par' dir='ltr' id='par_1_87' title="bbox 396 4222 1233 4303">
     <span class='ocr_line' id='line_1_87' title="bbox 396 4222 1233 4303; baseline 0.017 -29"><span class='ocrx_word' id='word_1_569' title='bbox 396 4222 484 4275; x_wconf 86' lang='grc' dir='ltr'>καὶ</span> <span class='ocrx_word' id='word_1_570' title='bbox 517 4225 596 4296; x_wconf 81' lang='grc' dir='ltr'>τῷ</span> <span class='ocrx_word' id='word_1_571' title='bbox 623 4223 742 4300; x_wconf 90' lang='grc' dir='ltr'>λαῷ</span> <span class='ocrx_word' id='word_1_572' title='bbox 774 4229 1233 4303; x_wconf 79' lang='grc' dir='ltr'>συνεκκλησίαζε.’</span> 
     </span>
    </p>
   </div>
   <div class='ocr_carea' id='block_1_88' title="bbox 468 4314 2036 4402">
    <p class='ocr_par' dir='ltr' id='par_1_88' title="bbox 468 4314 2035 4397">
     <span class='ocr_line' id='line_1_88' title="bbox 468 4314 2035 4397; baseline 0.012 -30"><span class='ocrx_word' id='word_1_573' title='bbox 468 4314 661 4370; x_wconf 92' lang='lat' dir='ltr'><strong>Tertio</strong></span> <span class='ocrx_word' id='word_1_574' title='bbox 710 4333 866 4375; x_wconf 89' lang='lat' dir='ltr'><strong>anno</strong></span> <span class='ocrx_word' id='word_1_575' title='bbox 896 4323 1049 4378; x_wconf 91' lang='lat' dir='ltr'><strong>Zeno</strong></span> <span class='ocrx_word' id='word_1_576' title='bbox 1080 4324 1446 4395; x_wconf 87' lang='lat' dir='ltr'><strong>Cuapheum,</strong></span> <span class='ocrx_word' id='word_1_577' title='bbox 1477 4327 1619 4397; x_wconf 84' lang='lat' dir='ltr'><strong>quia</strong></span> <span class='ocrx_word' id='word_1_578' title='bbox 1672 4327 1723 4382; x_wconf 90' lang='lat' dir='ltr'><strong>is</strong></span> <span class='ocrx_word' id='word_1_579' title='bbox 1756 4328 2035 4385; x_wconf 88' lang='lat' dir='ltr'><strong>Basilisco</strong></span> 
     </span>
    </p>
   </div>
   <div class='ocr_carea' id='block_1_89' title="bbox 2142 4314 3800 4402">
    <p class='ocr_par' dir='ltr' id='par_1_89' title="bbox 2217 4318 3800 4402">
     <span class='ocr_line' id='line_1_89' title="bbox 2217 4318 3800 4402; baseline -0.003 -21"><span class='ocrx_word' id='word_1_580' title='bbox 2217 4322 2314 4396; x_wconf 84' lang='grc' dir='ltr'>Τῷ</span> <span class='ocrx_word' id='word_1_581' title='bbox 2360 4325 2406 4400; x_wconf 74' lang='grc' dir='ltr'><strong>γ’</strong></span> <span class='ocrx_word' id='word_1_582' title='bbox 2452 4318 2555 4379; x_wconf 79' lang='grc' dir='ltr'>ἔτει</span> <span class='ocrx_word' id='word_1_583' title='bbox 2608 4323 2805 4398; x_wconf 79' lang='grc' dir='ltr'>ῐΙέτρον</span> <span class='ocrx_word' id='word_1_584' title='bbox 2850 4324 2943 4378; x_wconf 87' lang='grc' dir='ltr'>τὸν</span> <span class='ocrx_word' id='word_1_585' title='bbox 2988 4323 3220 4402; x_wconf 75' lang='grc' dir='ltr'>Κναφὲα,</span> <span class='ocrx_word' id='word_1_586' title='bbox 3253 4319 3341 4377; x_wconf 84' lang='grc' dir='ltr'><strong>διὰ</strong></span> <span class='ocrx_word' id='word_1_587' title='bbox 3369 4323 3432 4378; x_wconf 83' lang='grc' dir='ltr'>τὸ</span> <span class='ocrx_word' id='word_1_588' title='bbox 3472 4319 3800 4397; x_wconf 84' lang='grc' dir='ltr'>συνδραμεῖν</span> 
     </span>
    </p>
   </div>
   <div class='ocr_carea' id='block_1_90' title="bbox 399 4403 2042 4488">
    <p class='ocr_par' dir='ltr' id='par_1_90' title="bbox 399 4403 2042 4488">
     <span class='ocr_line' id='line_1_90' title="bbox 399 4403 2042 4488; baseline 0.011 -33"><span class='ocrx_word' id='word_1_589' title='bbox 399 4403 693 4473; x_wconf 87' lang='lat' dir='ltr'><strong>studebat,</strong></span> <span class='ocrx_word' id='word_1_590' title='bbox 739 4424 919 4478; x_wconf 88' lang='lat' dir='ltr'><strong>opera</strong></span> <span class='ocrx_word' id='word_1_591' title='bbox 968 4412 1175 4482; x_wconf 86' lang='lat' dir='ltr'><strong>synodi</strong></span> <span class='ocrx_word' id='word_1_592' title='bbox 1234 4413 1553 4471; x_wconf 85' lang='lat' dir='ltr'><strong>Orientalis</strong></span> <span class='ocrx_word' id='word_1_593' title='bbox 1607 4415 1813 4488; x_wconf 90' lang='lat' dir='ltr'><strong>dejicit</strong></span> <span class='ocrx_word' id='word_1_594' title='bbox 1862 4418 2042 4488; x_wconf 89' lang='lat' dir='ltr'><strong>inque</strong></span> 
     </span>
    </p>
   </div>
   <div class='ocr_carea' id='block_1_91' title="bbox 401 4489 2040 4569">
    <p class='ocr_par' dir='ltr' id='par_1_91' title="bbox 401 4489 2040 4569">
     <span class='ocr_line' id='line_1_91' title="bbox 401 4489 2040 4569; baseline 0.012 -26"><span class='ocrx_word' id='word_1_595' title='bbox 401 4489 596 4563; x_wconf 82' lang='lat' dir='ltr'><strong>Pityos</strong></span> <span class='ocrx_word' id='word_1_596' title='bbox 627 4494 867 4566; x_wconf 88' lang='lat' dir='ltr'><strong>relegat,</strong></span> <span class='ocrx_word' id='word_1_597' title='bbox 892 4498 1060 4569; x_wconf 89' lang='lat' dir='ltr'><strong>isque</strong></span> <span class='ocrx_word' id='word_1_598' title='bbox 1080 4500 1231 4556; x_wconf 88' lang='lat' dir='ltr'><strong>clam</strong></span> <span class='ocrx_word' id='word_1_599' title='bbox 1265 4502 1341 4556; x_wconf 91' lang='lat' dir='ltr'><strong>ad</strong></span> <span class='ocrx_word' id='word_1_600' title='bbox 1366 4509 1638 4559; x_wconf 88' lang='lat' dir='ltr'><strong>sanctum</strong></span> <span class='ocrx_word' id='word_1_601' title='bbox 1668 4505 2040 4562; x_wconf 88' lang='lat' dir='ltr'><strong>Theodorum</strong></span> 
     </span>
    </p>
   </div>
   <div class='ocr_carea' id='block_1_92' title="bbox 400 4578 2039 4662">
    <p class='ocr_par' dir='ltr' id='par_1_92' title="bbox 400 4578 2039 4662">
     <span class='ocr_line' id='line_1_92' title="bbox 400 4578 2039 4662; baseline 0.012 -29"><span class='ocrx_word' id='word_1_602' title='bbox 400 4578 461 4633; x_wconf 89' lang='lat' dir='ltr'><strong>in</strong></span> <span class='ocrx_word' id='word_1_603' title='bbox 514 4583 1138 4660; x_wconf 47' lang='lat' dir='ltr'><strong>Euchaitichonfugit.</strong></span> <span class='ocrx_word' id='word_1_604' title='bbox 1188 4591 1430 4647; x_wconf 90' lang='lat' dir='ltr'><strong>Interim</strong></span> <span class='ocrx_word' id='word_1_605' title='bbox 1491 4594 1721 4649; x_wconf 66' lang='lat' dir='ltr'><strong>Elurus</strong></span> <span class='ocrx_word' id='word_1_606' title='bbox 1765 4596 2039 4662; x_wconf 88' lang='lat' dir='ltr'><strong>moritur,</strong></span> 
     </span>
    </p>
   </div>
   <div class='ocr_carea' id='block_1_93' title="bbox 2154 4410 3805 4492">
    <p class='ocr_par' dir='ltr' id='par_1_93' title="bbox 2154 4410 3805 4492">
     <span class='ocr_line' id='line_1_93' title="bbox 2154 4410 3805 4492; baseline -0.001 -21"><span class='ocrx_word' id='word_1_607' title='bbox 2154 4412 2489 4486; x_wconf 78' lang='grc' dir='ltr'>Βασιλίσκῳ,</span> <span class='ocrx_word' id='word_1_608' title='bbox 2538 4415 2707 4492; x_wconf 75' lang='grc' dir='ltr'>ψήφῳ</span> <span class='ocrx_word' id='word_1_609' title='bbox 2750 4419 2851 4483; x_wconf 85' lang='grc' dir='ltr'><strong>τῆς</strong></span> <span class='ocrx_word' id='word_1_610' title='bbox 2899 4412 3230 4483; x_wconf 82' lang='grc' dir='ltr'>ἀνατολικῆς</span> <span class='ocrx_word' id='word_1_611' title='bbox 3281 4410 3505 4468; x_wconf 85' lang='grc' dir='ltr'>συνόδου</span> <span class='ocrx_word' id='word_1_612' title='bbox 3551 4422 3805 4487; x_wconf 86' lang='grc' dir='ltr'>καθαιρεῖ</span> 
     </span>
    </p>
   </div>
   <div class='ocr_carea' id='block_1_94' title="bbox 2150 4501 3803 4578">
    <p class='ocr_par' dir='ltr' id='par_1_94' title="bbox 2150 4501 3803 4578">
     <span class='ocr_line' id='line_1_94' title="bbox 2150 4501 3803 4578; baseline -0.002 -19"><span class='ocrx_word' id='word_1_613' title='bbox 2150 4505 2334 4574; x_wconf 73' lang='grc' dir='ltr'>Ζήνων</span> <span class='ocrx_word' id='word_1_614' title='bbox 2366 4503 2457 4558; x_wconf 77' lang='grc' dir='ltr'><strong>καὶ</strong></span> <span class='ocrx_word' id='word_1_615' title='bbox 2514 4502 2589 4564; x_wconf 82' lang='grc' dir='ltr'><strong>εἰς</strong></span> <span class='ocrx_word' id='word_1_616' title='bbox 2644 4503 2872 4564; x_wconf 77' lang='grc' dir='ltr'>Πιτυοὺς</span> <span class='ocrx_word' id='word_1_617' title='bbox 2928 4503 3178 4578; x_wconf 70' lang='grc' dir='ltr'>ἐξορίζει.</span> <span class='ocrx_word' id='word_1_618' title='bbox 3209 4504 3272 4560; x_wconf 89' lang='lat'><strong>&#39;0</strong></span> <span class='ocrx_word' id='word_1_619' title='bbox 3325 4501 3383 4557; x_wconf 80' lang='grc' dir='ltr'>δὲ</span> <span class='ocrx_word' id='word_1_620' title='bbox 3414 4501 3593 4566; x_wconf 84' lang='grc' dir='ltr'>λαθὼν</span> <span class='ocrx_word' id='word_1_621' title='bbox 3634 4522 3803 4577; x_wconf 84' lang='grc' dir='ltr'>προσ-</span> 
     </span>
    </p>
   </div>
   <div class='ocr_carea' id='block_1_95' title="bbox 2151 4589 3799 4672">
    <p class='ocr_par' dir='ltr' id='par_1_95' title="bbox 2151 4589 3799 4672">
     <span class='ocr_line' id='line_1_95' title="bbox 2151 4589 3799 4672; baseline -0.002 -24"><span class='ocrx_word' id='word_1_622' title='bbox 2151 4592 2333 4672; x_wconf 69' lang='grc' dir='ltr'>φεύγει</span> <span class='ocrx_word' id='word_1_623' title='bbox 2373 4598 2454 4666; x_wconf 73' lang='grc' dir='ltr'><strong>τῷ</strong></span> <span class='ocrx_word' id='word_1_624' title='bbox 2510 4592 2652 4669; x_wconf 84' lang='grc' dir='ltr'><strong>ἁγίῳ</strong></span> <span class='ocrx_word' id='word_1_625' title='bbox 2724 4589 2990 4668; x_wconf 82' lang='grc' dir='ltr'>Θεοδώρῳ</span> <span class='ocrx_word' id='word_1_626' title='bbox 3048 4591 3100 4647; x_wconf 79' lang='grc' dir='ltr'>ἒν</span> <span class='ocrx_word' id='word_1_627' title='bbox 3157 4592 3474 4668; x_wconf 73' lang='grc' dir='ltr'>Εὖχαίταις.</span> <span class='ocrx_word' id='word_1_628' title='bbox 3530 4590 3799 4665; x_wconf 82' lang='grc' dir='ltr'>Τιμόθεος</span> 
     </span>
    </p>
   </div>
   <div class='ocr_carea' id='block_1_96' title="bbox 1585 4718 2605 4775">
    <p class='ocr_par' dir='ltr' id='par_1_96' title="bbox 1585 4718 2605 4775">
     <span class='ocr_line' id='line_1_96' title="bbox 1585 4718 2605 4775; baseline 0 -3"><span class='ocrx_word' id='word_1_629' title='bbox 1585 4718 1944 4774; x_wconf 80' lang='lat' dir='ltr'><strong>XYLANDRI</strong></span> <span class='ocrx_word' id='word_1_630' title='bbox 2000 4721 2087 4774; x_wconf 90' lang='lat' dir='ltr'><strong>ET</strong></span> <span class='ocrx_word' id='word_1_631' title='bbox 2115 4719 2331 4775; x_wconf 81' lang='lat' dir='ltr'><strong>GOARI</strong></span> <span class='ocrx_word' id='word_1_632' title='bbox 2383 4719 2605 4774; x_wconf 70' lang='grc' dir='ltr'><strong>ΝΟΤᾹΞ.</strong></span> 
     </span>
    </p>
   </div>
   <div class='ocr_carea' id='block_1_97' title="bbox 470 4814 2039 4887">
    <p class='ocr_par' dir='ltr' id='par_1_97' title="bbox 470 4814 2039 4887">
     <span class='ocr_line' id='line_1_97' title="bbox 470 4814 2039 4887; baseline 0.004 -19"><span class='ocrx_word' id='word_1_633' title='bbox 470 4814 576 4885; x_wconf 76' lang='grc'><strong>(84)</strong></span> <span class='ocrx_word' id='word_1_634' title='bbox 610 4814 672 4871; x_wconf 93' lang='lat' dir='ltr'><strong>ld</strong></span> <span class='ocrx_word' id='word_1_635' title='bbox 704 4822 793 4871; x_wconf 91' lang='lat' dir='ltr'><strong>est</strong></span> <span class='ocrx_word' id='word_1_636' title='bbox 826 4816 1017 4872; x_wconf 90' lang='lat' dir='ltr'><strong>edicto</strong></span> <span class='ocrx_word' id='word_1_637' title='bbox 1058 4815 1401 4887; x_wconf 89' lang='lat' dir='ltr'><strong>universali,</strong></span> <span class='ocrx_word' id='word_1_638' title='bbox 1435 4816 1592 4887; x_wconf 89' lang='lat' dir='ltr'><strong>quod</strong></span> <span class='ocrx_word' id='word_1_639' title='bbox 1651 4817 1935 4873; x_wconf 85' lang='lat' dir='ltr'><strong>nimirum</strong></span> <span class='ocrx_word' id='word_1_640' title='bbox 1966 4818 2039 4874; x_wconf 91' lang='lat' dir='ltr'><strong>ad</strong></span> 
     </span>
    </p>
   </div>
   <div class='ocr_carea' id='block_1_98' title="bbox 396 4886 2041 4962">
    <p class='ocr_par' dir='ltr' id='par_1_98' title="bbox 396 4886 2041 4962">
     <span class='ocr_line' id='line_1_98' title="bbox 396 4886 2041 4962; baseline 0.002 -21"><span class='ocrx_word' id='word_1_641' title='bbox 396 4903 603 4942; x_wconf 86' lang='lat' dir='ltr'><strong>omnes</strong></span> <span class='ocrx_word' id='word_1_642' title='bbox 642 4889 1005 4962; x_wconf 83' lang='lat' dir='ltr'><strong>pertineret.</strong></span> <span class='ocrx_word' id='word_1_643' title='bbox 1035 4886 1239 4962; x_wconf 76' lang='grc' dir='ltr'>Τόπον</span> <span class='ocrx_word' id='word_1_644' title='bbox 1274 4886 1486 4962; x_wconf 73' lang='grc' dir='ltr'>γενικόν</span> <span class='ocrx_word' id='word_1_645' title='bbox 1514 4888 1853 4962; x_wconf 61' lang='lat' dir='ltr'><strong>Theodorus</strong></span> <span class='ocrx_word' id='word_1_646' title='bbox 1891 4892 2041 4962; x_wconf 72' lang='lat' dir='ltr'><strong>Ana-</strong></span> 
     </span>
    </p>
   </div>
   <div class='ocr_carea' id='block_1_99' title="bbox 395 4959 2040 5032">
    <p class='ocr_par' dir='ltr' id='par_1_99' title="bbox 395 4959 2040 5032">
     <span class='ocr_line' id='line_1_99' title="bbox 395 4959 2040 5032; baseline 0.002 -20"><span class='ocrx_word' id='word_1_647' title='bbox 395 4965 607 5031; x_wconf 86' lang='lat' dir='ltr'><strong>gnosta</strong></span> <span class='ocrx_word' id='word_1_648' title='bbox 636 4960 699 5014; x_wconf 92' lang='lat' dir='ltr'><strong>in</strong></span> <span class='ocrx_word' id='word_1_649' title='bbox 731 4961 839 5016; x_wconf 86' lang='lat' dir='ltr'><strong>hac</strong></span> <span class='ocrx_word' id='word_1_650' title='bbox 872 4961 1002 5032; x_wconf 91' lang='lat' dir='ltr'><strong>ipsa</strong></span> <span class='ocrx_word' id='word_1_651' title='bbox 1033 4959 1297 5016; x_wconf 83' lang='lat' dir='ltr'><strong>historia</strong></span> <span class='ocrx_word' id='word_1_652' title='bbox 1313 4966 1499 5015; x_wconf 90' lang='lat' dir='ltr'><strong>vocat.</strong></span> <span class='ocrx_word' id='word_1_653' title='bbox 1525 4959 1687 5030; x_wconf 66' lang='lat' dir='ltr'><strong>Saepe</strong></span> <span class='ocrx_word' id='word_1_654' title='bbox 1717 4961 2040 5016; x_wconf 90' lang='lat' dir='ltr'><strong>admodum</strong></span> 
     </span>
    </p>
   </div>
   <div class='ocr_carea' id='block_1_100' title="bbox 398 5032 2040 5102">
    <p class='ocr_par' dir='ltr' id='par_1_100' title="bbox 398 5032 2040 5102">
     <span class='ocr_line' id='line_1_100' title="bbox 398 5032 2040 5102; baseline 0.001 -17"><span class='ocrx_word' id='word_1_655' title='bbox 398 5034 508 5086; x_wconf 87' lang='lat' dir='ltr'><strong>hoc</strong></span> <span class='ocrx_word' id='word_1_656' title='bbox 530 5032 814 5088; x_wconf 88' lang='lat' dir='ltr'><strong>vocabulo</strong></span> <span class='ocrx_word' id='word_1_657' title='bbox 837 5034 1024 5087; x_wconf 91' lang='lat' dir='ltr'><strong>utitur</strong></span> <span class='ocrx_word' id='word_1_658' title='bbox 1043 5033 1433 5097; x_wconf 86' lang='lat' dir='ltr'><strong>Cedrenus,et</strong></span> <span class='ocrx_word' id='word_1_659' title='bbox 1450 5034 1650 5102; x_wconf 74' lang='grc' dir='ltr'>τυποῦν</span> <span class='ocrx_word' id='word_1_660' title='bbox 1684 5048 1789 5102; x_wconf 90' lang='lat' dir='ltr'><strong>pro</strong></span> <span class='ocrx_word' id='word_1_661' title='bbox 1808 5032 2040 5086; x_wconf 88' lang='lat' dir='ltr'><strong>edicere</strong></span> 
     </span>
    </p>
   </div>
   <div class='ocr_carea' id='block_1_101' title="bbox 397 5101 2038 5176">
    <p class='ocr_par' dir='ltr' id='par_1_101' title="bbox 397 5101 2038 5176">
     <span class='ocr_line' id='line_1_101' title="bbox 397 5101 2038 5176; baseline -0.001 -19"><span class='ocrx_word' id='word_1_662' title='bbox 397 5110 647 5176; x_wconf 86' lang='lat' dir='ltr'><strong>usurpat</strong></span> <span class='ocrx_word' id='word_1_663' title='bbox 676 5104 1014 5176; x_wconf 83' lang='lat' dir='ltr'><strong>aliquoties.</strong></span> <span class='ocrx_word' id='word_1_664' title='bbox 1046 5104 1505 5176; x_wconf 78' lang='lat' dir='ltr'><strong>Nicephoru_s,ut</strong></span> <span class='ocrx_word' id='word_1_665' title='bbox 1531 5101 1590 5154; x_wconf 90' lang='lat' dir='ltr'><strong>in</strong></span> <span class='ocrx_word' id='word_1_666' title='bbox 1619 5101 2038 5176; x_wconf 28' lang='lat' dir='ltr'><strong>margine‘ver-</strong></span> 
     </span>
    </p>
   </div>
   <div class='ocr_carea' id='block_1_102' title="bbox 398 5170 2038 5247">
    <p class='ocr_par' dir='ltr' id='par_1_102' title="bbox 398 5170 2038 5247">
     <span class='ocr_line' id='line_1_102' title="bbox 398 5170 2038 5247; baseline -0.001 -20"><span class='ocrx_word' id='word_1_667' title='bbox 398 5170 583 5247; x_wconf 57' lang='lat' dir='ltr'><strong>sioni&#39;s</strong></span> <span class='ocrx_word' id='word_1_668' title='bbox 631 5170 977 5231; x_wconf 70' lang='lat' dir='ltr'><strong>adnotatum</strong></span> <span class='ocrx_word' id='word_1_669' title='bbox 1027 5170 1413 5247; x_wconf 77' lang='lat' dir='ltr'><strong>deprehendi,</strong></span> <span class='ocrx_word' id='word_1_670' title='bbox 1461 5170 1779 5247; x_wconf 65' lang='grc' dir='ltr'>ἐγκυκλίους</span> <span class='ocrx_word' id='word_1_671' title='bbox 1824 5170 2038 5226; x_wconf 80' lang='grc' dir='ltr'>συλλα-</span> 
     </span>
    </p>
   </div>
   <div class='ocr_carea' id='block_1_103' title="bbox 399 5243 2039 5317">
    <p class='ocr_par' dir='ltr' id='par_1_103' title="bbox 399 5243 2039 5317">
     <span class='ocr_line' id='line_1_103' title="bbox 399 5243 2039 5317; baseline 0.002 -21"><span class='ocrx_word' id='word_1_672' title='bbox 399 5243 516 5309; x_wconf 62' lang='grc' dir='ltr'>ϐάς,</span> <span class='ocrx_word' id='word_1_673' title='bbox 549 5263 799 5317; x_wconf 85' lang='lat' dir='ltr'><strong>quarum</strong></span> <span class='ocrx_word' id='word_1_674' title='bbox 833 5254 892 5304; x_wconf 88' lang='lat' dir='ltr'><strong>et</strong></span> <span class='ocrx_word' id='word_1_675' title='bbox 917 5243 1254 5317; x_wconf 74' lang='lat' dir='ltr'><strong>exemplum</strong></span> <span class='ocrx_word' id='word_1_676' title='bbox 1286 5245 1468 5300; x_wconf 86' lang='lat' dir='ltr'><strong>refert</strong></span> <span class='ocrx_word' id='word_1_677' title='bbox 1492 5243 1580 5307; x_wconf 67' lang='lat' dir='ltr'><strong>iv,</strong></span> <span class='ocrx_word' id='word_1_678' title='bbox 1614 5245 1666 5298; x_wconf 89' lang='lat'><strong>3.</strong></span> <span class='ocrx_word' id='word_1_679' title='bbox 1702 5248 1913 5301; x_wconf 90' lang='lat' dir='ltr'><strong>Postea</strong></span> <span class='ocrx_word' id='word_1_680' title='bbox 1941 5261 2039 5317; x_wconf 84' lang='lat' dir='ltr'><strong>ge-</strong></span> 
     </span>
    </p>
   </div>
   <div class='ocr_carea' id='block_1_104' title="bbox 396 5317 2040 5391">
    <p class='ocr_par' dir='ltr' id='par_1_104' title="bbox 396 5317 2040 5391">
     <span class='ocr_line' id='line_1_104' title="bbox 396 5317 2040 5391; baseline 0.001 -22"><span class='ocrx_word' id='word_1_681' title='bbox 396 5317 598 5391; x_wconf 80' lang='lat' dir='ltr'><strong>nerale</strong></span> <span class='ocrx_word' id='word_1_682' title='bbox 631 5318 889 5391; x_wconf 89' lang='lat' dir='ltr'><strong>edictum</strong></span> <span class='ocrx_word' id='word_1_683' title='bbox 904 5317 1234 5391; x_wconf 77' lang='lat' dir='ltr'><strong>appellavi.</strong></span> <span class='ocrx_word' id='word_1_684' title='bbox 1260 5319 1438 5391; x_wconf 89' lang='lat' dir='ltr'><strong>V_ocat</strong></span> <span class='ocrx_word' id='word_1_685' title='bbox 1461 5317 1833 5391; x_wconf 65' lang='lat' dir='ltr'><strong>etEvagrius</strong></span> <span class='ocrx_word' id='word_1_686' title='bbox 1849 5317 2040 5391; x_wconf 78' lang='lat' dir='ltr'><strong>circu-</strong></span> 
     </span>
    </p>
   </div>
   <div class='ocr_carea' id='block_1_105' title="bbox 398 5384 2042 5465">
    <p class='ocr_par' dir='ltr' id='par_1_105' title="bbox 398 5384 2042 5465">
     <span class='ocr_line' id='line_1_105' title="bbox 398 5384 2042 5465; baseline 0.002 -24"><span class='ocrx_word' id='word_1_687' title='bbox 398 5387 554 5465; x_wconf 76' lang='lat' dir='ltr'><strong>lares</strong></span> <span class='ocrx_word' id='word_1_688' title='bbox 585 5390 876 5465; x_wconf 79' lang='lat' dir='ltr'><strong>epistolas</strong></span> <span class='ocrx_word' id='word_1_689' title='bbox 899 5384 1256 5465; x_wconf 64' lang='grc' dir='ltr'>ἐγκρυκλίους</span> <span class='ocrx_word' id='word_1_690' title='bbox 1286 5384 1599 5455; x_wconf 78' lang='grc' dir='ltr'>ἐπιστολάς,</span> <span class='ocrx_word' id='word_1_691' title='bbox 1619 5384 1789 5460; x_wconf 74' lang='lat' dir='ltr'><strong>cujus</strong></span> <span class='ocrx_word' id='word_1_692' title='bbox 1822 5389 2042 5444; x_wconf 89' lang='lat' dir='ltr'><strong>librum</strong></span> 
     </span>
    </p>
   </div>
   <div class='ocr_carea' id='block_1_106' title="bbox 402 5460 1114 5518">
    <p class='ocr_par' dir='ltr' id='par_1_106' title="bbox 402 5460 1114 5518">
     <span class='ocr_line' id='line_1_106' title="bbox 402 5460 1114 5518; baseline 0.007 -5"><span class='ocrx_word' id='word_1_693' title='bbox 402 5460 641 5514; x_wconf 86' lang='lat' dir='ltr'><strong>tertium</strong></span> <span class='ocrx_word' id='word_1_694' title='bbox 673 5460 951 5516; x_wconf 60' lang='lat' dir='ltr'><strong>consulef</strong></span> <span class='ocrx_word' id='word_1_695' title='bbox 977 5462 1114 5518; x_wconf 79' lang='lat' dir='ltr'><strong>XvL.</strong></span> 
     </span>
    </p>
   </div>
   <div class='ocr_carea' id='block_1_107' title="bbox 470 5530 2045 5603">
    <p class='ocr_par' dir='ltr' id='par_1_107' title="bbox 470 5530 2045 5603">
     <span class='ocr_line' id='line_1_107' title="bbox 470 5530 2045 5603; baseline -0.001 -18"><span class='ocrx_word' id='word_1_696' title='bbox 470 5532 584 5601; x_wconf 74' lang='lat'><strong>(85)</strong></span> <span class='ocrx_word' id='word_1_697' title='bbox 646 5530 802 5603; x_wconf 62' lang='lat' dir='ltr'><strong>Ilia:</strong></span> <span class='ocrx_word' id='word_1_698' title='bbox 857 5549 1098 5599; x_wconf 90' lang='lat' dir='ltr'><strong>nomen,</strong></span> <span class='ocrx_word' id='word_1_699' title='bbox 1132 5531 1400 5603; x_wconf 89' lang='lat' dir='ltr'><strong>quamvis</strong></span> <span class='ocrx_word' id='word_1_700' title='bbox 1455 5530 1696 5586; x_wconf 90' lang='lat' dir='ltr'><strong>cuilibet</strong></span> <span class='ocrx_word' id='word_1_701' title='bbox 1752 5530 2045 5603; x_wconf 85' lang='lat' dir='ltr'><strong>sacerdoti</strong></span> 
     </span>
    </p>
   </div>
   <div class='ocr_carea' id='block_1_108' title="bbox 399 5601 2045 5674">
    <p class='ocr_par' dir='ltr' id='par_1_108' title="bbox 399 5601 2045 5674">
     <span class='ocr_line' id='line_1_108' title="bbox 399 5601 2045 5674; baseline -0.001 -19"><span class='ocrx_word' id='word_1_702' title='bbox 399 5601 623 5674; x_wconf 82' lang='lat' dir='ltr'><strong>absque</strong></span> <span class='ocrx_word' id='word_1_703' title='bbox 655 5601 887 5674; x_wconf 90' lang='lat' dir='ltr'><strong>delectu</strong></span> <span class='ocrx_word' id='word_1_704' title='bbox 921 5604 1104 5674; x_wconf 69' lang='lat' dir='ltr'><strong>Grieci</strong></span> <span class='ocrx_word' id='word_1_705' title='bbox 1151 5601 1396 5658; x_wconf 72' lang='lat' dir='ltr'><strong>soleant</strong></span> <span class='ocrx_word' id='word_1_706' title='bbox 1452 5603 1712 5674; x_wconf 81' lang='lat' dir='ltr'><strong>afﬁgere,</strong></span> <span class='ocrx_word' id='word_1_707' title='bbox 1767 5605 1864 5656; x_wconf 79' lang='grc' dir='ltr'><strong>τοῦ</strong></span> <span class='ocrx_word' id='word_1_708' title='bbox 1894 5601 2045 5674; x_wconf 60' lang='lat' dir='ltr'><strong>naias</strong></span> 
     </span>
    </p>
   </div>
   <div class='ocr_carea' id='block_1_109' title="bbox 397 5647 2044 5745">
    <p class='ocr_par' dir='ltr' id='par_1_109' title="bbox 397 5647 2044 5745">
     <span class='ocr_line' id='line_1_109' title="bbox 397 5647 2044 5745; baseline 0 -18"><span class='ocrx_word' id='word_1_709' title='bbox 397 5647 789 5728; x_wconf 70' lang='lat' dir='ltr'><strong>nihiIominus</strong></span> <span class='ocrx_word' id='word_1_710' title='bbox 814 5673 1052 5727; x_wconf 90' lang='lat' dir='ltr'><strong>nonnisi</strong></span> <span class='ocrx_word' id='word_1_711' title='bbox 1086 5676 1349 5729; x_wconf 79' lang='lat' dir='ltr'><strong>Romano</strong></span> <span class='ocrx_word' id='word_1_712' title='bbox 1369 5676 1427 5728; x_wconf 88' lang='lat' dir='ltr'><strong>et</strong></span> <span class='ocrx_word' id='word_1_713' title='bbox 1455 5647 1853 5729; x_wconf 43' lang='lat' dir='ltr'><strong>Alezandrino</strong></span> <span class='ocrx_word' id='word_1_714' title='bbox 1877 5673 2044 5745; x_wconf 90' lang='lat' dir='ltr'><strong>ponti</strong></span> 
     </span>
    </p>
   </div>
   <div class='ocr_carea' id='block_1_110' title="bbox 2154 4817 3796 4889">
    <p class='ocr_par' dir='ltr' id='par_1_110' title="bbox 2154 4817 3796 4889">
     <span class='ocr_line' id='line_1_110' title="bbox 2154 4817 3796 4889; baseline -0.001 -17"><span class='ocrx_word' id='word_1_715' title='bbox 2154 4818 2362 4873; x_wconf 80' lang='lat' dir='ltr'><strong>ficibus</strong></span> <span class='ocrx_word' id='word_1_716' title='bbox 2382 4817 2717 4874; x_wconf 89' lang='lat' dir='ltr'><strong>attribuunt</strong></span> <span class='ocrx_word' id='word_1_717' title='bbox 2738 4832 2843 4889; x_wconf 12' lang='lat' dir='ltr'><strong>:garc</strong></span> <span class='ocrx_word' id='word_1_718' title='bbox 2864 4833 2938 4871; x_wconf 89' lang='lat' dir='ltr'><strong>ne</strong></span> <span class='ocrx_word' id='word_1_719' title='bbox 2960 4821 3142 4872; x_wconf 87' lang='lat' dir='ltr'><strong>testes</strong></span> <span class='ocrx_word' id='word_1_720' title='bbox 3162 4822 3435 4889; x_wconf 87' lang='lat' dir='ltr'><strong>petamus</strong></span> <span class='ocrx_word' id='word_1_721' title='bbox 3456 4822 3796 4889; x_wconf 79' lang='lat' dir='ltr'><strong>extraneos.</strong></span> 
     </span>
    </p>
   </div>
   <div class='ocr_carea' id='block_1_111' title="bbox 2152 4887 3799 4961">
    <p class='ocr_par' dir='ltr' id='par_1_111' title="bbox 2152 4887 3799 4961">
     <span class='ocr_line' id='line_1_111' title="bbox 2152 4887 3799 4961; baseline -0.001 -18"><span class='ocrx_word' id='word_1_722' title='bbox 2152 4890 2235 4944; x_wconf 90' lang='lat' dir='ltr'><strong>sic</strong></span> <span class='ocrx_word' id='word_1_723' title='bbox 2260 4907 2317 4961; x_wconf 93' lang='lat' dir='ltr'><strong>p.</strong></span> <span class='ocrx_word' id='word_1_724' title='bbox 2350 4892 2475 4955; x_wconf 77' lang='grc'><strong>421,</strong></span> <span class='ocrx_word' id='word_1_725' title='bbox 2500 4891 2601 4961; x_wconf 69' lang='grc'><strong>435</strong></span> <span class='ocrx_word' id='word_1_726' title='bbox 2633 4894 2690 4942; x_wconf 90' lang='lat' dir='ltr'><strong>et</strong></span> <span class='ocrx_word' id='word_1_727' title='bbox 2719 4887 2859 4961; x_wconf 77' lang='lat' dir='ltr'><strong>alibi</strong></span> <span class='ocrx_word' id='word_1_728' title='bbox 2890 4889 3123 4961; x_wconf 86' lang='lat' dir='ltr'><strong>passim_</strong></span> <span class='ocrx_word' id='word_1_729' title='bbox 3144 4887 3344 4961; x_wconf 64' lang='lat' dir='ltr'><strong>Roma}</strong></span> <span class='ocrx_word' id='word_1_730' title='bbox 3376 4888 3699 4945; x_wconf 87' lang='lat' dir='ltr'><strong>antistitem</strong></span> <span class='ocrx_word' id='word_1_731' title='bbox 3736 4888 3799 4942; x_wconf 88' lang='lat' dir='ltr'><strong>in</strong></span> 
     </span>
    </p>
   </div>
   <div class='ocr_carea' id='block_1_112' title="bbox 2150 4958 3798 5031">
    <p class='ocr_par' dir='ltr' id='par_1_112' title="bbox 2150 4958 3798 5031">
     <span class='ocr_line' id='line_1_112' title="bbox 2150 4958 3798 5031; baseline -0.001 -16"><span class='ocrx_word' id='word_1_732' title='bbox 2150 4958 2389 5015; x_wconf 79' lang='lat' dir='ltr'><strong>auctore</strong></span> <span class='ocrx_word' id='word_1_733' title='bbox 2421 4960 2705 5031; x_wconf 87' lang='lat' dir='ltr'><strong>scriptum</strong></span> <span class='ocrx_word' id='word_1_734' title='bbox 2739 4958 3010 5031; x_wconf 79' lang='lat' dir='ltr'><strong>legimus.</strong></span> <span class='ocrx_word' id='word_1_735' title='bbox 3062 4959 3529 5016; x_wconf 82' lang='lat' dir='ltr'><strong>Alexandrinum</strong></span> <span class='ocrx_word' id='word_1_736' title='bbox 3561 4975 3798 5031; x_wconf 86' lang='lat' dir='ltr'><strong>quoque</strong></span> 
     </span>
    </p>
   </div>
   <div class='ocr_carea' id='block_1_113' title="bbox 2152 5030 3802 5087">
    <p class='ocr_par' dir='ltr' id='par_1_113' title="bbox 2152 5030 3802 5087">
     <span class='ocr_line' id='line_1_113' title="bbox 2152 5030 3802 5087; baseline -0.001 -1"><span class='ocrx_word' id='word_1_737' title='bbox 2152 5034 2235 5087; x_wconf 86' lang='lat' dir='ltr'><strong>sic</strong></span> <span class='ocrx_word' id='word_1_738' title='bbox 2291 5030 2825 5087; x_wconf 32' lang='lat' dir='ltr'><strong>dictum’civitatis</strong></span> <span class='ocrx_word' id='word_1_739' title='bbox 2894 5030 3054 5085; x_wconf 90' lang='lat' dir='ltr'><strong>illius</strong></span> <span class='ocrx_word' id='word_1_740' title='bbox 3112 5031 3439 5087; x_wconf 85' lang='lat' dir='ltr'><strong>incolarum</strong></span> <span class='ocrx_word' id='word_1_741' title='bbox 3492 5030 3802 5086; x_wconf 84' lang='lat' dir='ltr'><strong>Timotheo</strong></span> 
     </span>
    </p>
   </div>
   <div class='ocr_carea' id='block_1_114' title="bbox 2150 5100 3805 5175">
    <p class='ocr_par' dir='ltr' id='par_1_114' title="bbox 2150 5100 3805 5175">
     <span class='ocr_line' id='line_1_114' title="bbox 2150 5100 3805 5175; baseline -0.004 -16"><span class='ocrx_word' id='word_1_742' title='bbox 2150 5103 2345 5159; x_wconf 70' lang='lat' dir='ltr'><strong>Ailuro</strong></span> <span class='ocrx_word' id='word_1_743' title='bbox 2368 5119 2631 5175; x_wconf 73' lang='lat' dir='ltr'><strong>prmsens</strong></span> <span class='ocrx_word' id='word_1_744' title='bbox 2648 5102 2802 5175; x_wconf 84' lang='lat' dir='ltr'><strong>facta</strong></span> <span class='ocrx_word' id='word_1_745' title='bbox 2817 5102 3191 5175; x_wconf 84' lang='lat' dir='ltr'><strong>compellatio</strong></span> <span class='ocrx_word' id='word_1_746' title='bbox 3209 5104 3607 5159; x_wconf 89' lang='lat' dir='ltr'><strong>demonstrat:</strong></span> <span class='ocrx_word' id='word_1_747' title='bbox 3630 5100 3805 5173; x_wconf 74' lang='grc' dir='ltr'><strong>Ἐψὼ.</strong></span> 
     </span>
    </p>
   </div>
   <div class='ocr_carea' id='block_1_115' title="bbox 2154 5173 3801 5247">
    <p class='ocr_par' dir='ltr' id='par_1_115' title="bbox 2154 5173 3801 5247">
     <span class='ocr_line' id='line_1_115' title="bbox 2154 5173 3801 5247; baseline 0 -20"><span class='ocrx_word' id='word_1_748' title='bbox 2154 5194 2315 5246; x_wconf 80' lang='grc' dir='ltr'>μισας</span> <span class='ocrx_word' id='word_1_749' title='bbox 2346 5173 2472 5247; x_wconf 62' lang='grc' dir='ltr'>τοὺς</span> <span class='ocrx_word' id='word_1_750' title='bbox 2504 5173 2738 5247; x_wconf 71' lang='grc' dir='ltr'>ἐχθρούς</span> <span class='ocrx_word' id='word_1_751' title='bbox 2757 5244 2769 5247; x_wconf 29' lang='grc' dir='ltr'><strong>Δ</strong></span> <span class='ocrx_word' id='word_1_752' title='bbox 2797 5192 2914 5247; x_wconf 82' lang='grc' dir='ltr'>σου,</span> <span class='ocrx_word' id='word_1_753' title='bbox 2971 5173 3143 5247; x_wconf 69' lang='grc' dir='ltr'>πάπα.</span> <span class='ocrx_word' id='word_1_754' title='bbox 3192 5174 3525 5247; x_wconf 74' lang='lat' dir='ltr'><strong>ostendunt</strong></span> <span class='ocrx_word' id='word_1_755' title='bbox 3553 5180 3611 5228; x_wconf 86' lang='lat' dir='ltr'><strong>et</strong></span> <span class='ocrx_word' id='word_1_756' title='bbox 3639 5190 3801 5244; x_wconf 69' lang='lat' dir='ltr'><strong>qua:-</strong></span> 
     </span>
    </p>
   </div>
   <div class='ocr_carea' id='block_1_116' title="bbox 2150 5244 3803 5318">
    <p class='ocr_par' dir='ltr' id='par_1_116' title="bbox 2150 5244 3803 5318">
     <span class='ocr_line' id='line_1_116' title="bbox 2150 5244 3803 5318; baseline -0.001 -16"><span class='ocrx_word' id='word_1_757' title='bbox 2150 5244 2386 5318; x_wconf 84' lang='lat' dir='ltr'><strong>cunque</strong></span> <span class='ocrx_word' id='word_1_758' title='bbox 2411 5246 2483 5302; x_wconf 89' lang='lat' dir='ltr'><strong>ab</strong></span> <span class='ocrx_word' id='word_1_759' title='bbox 2510 5244 2913 5318; x_wconf 67' lang='lat' dir='ltr'><strong>Alexandrina</strong></span> <span class='ocrx_word' id='word_1_760' title='bbox 2932 5244 3071 5299; x_wconf 90' lang='lat' dir='ltr'><strong>sede</strong></span> <span class='ocrx_word' id='word_1_761' title='bbox 3093 5245 3388 5318; x_wconf 87' lang='lat' dir='ltr'><strong>prodeunt</strong></span> <span class='ocrx_word' id='word_1_762' title='bbox 3409 5245 3803 5318; x_wconf 84' lang='lat' dir='ltr'><strong>diplomatum</strong></span> 
     </span>
    </p>
   </div>
   <div class='ocr_carea' id='block_1_117' title="bbox 2152 5261 3800 5388">
    <p class='ocr_par' dir='ltr' id='par_1_117' title="bbox 2152 5261 3800 5388">
     <span class='ocr_line' id='line_1_117' title="bbox 2152 5261 3800 5369; baseline -0.001 -67"><span class='ocrx_word' id='word_1_763' title='bbox 2152 5263 2386 5317; x_wconf 92' lang='lat' dir='ltr'><strong>cunque</strong></span> <span class='ocrx_word' id='word_1_764' title='bbox 2411 5261 2483 5302; x_wconf 84' lang='lat' dir='ltr'><strong>an</strong></span> <span class='ocrx_word' id='word_1_765' title='bbox 2510 5261 2913 5300; x_wconf 77' lang='lat' dir='ltr'><strong>Alexandrina</strong></span> <span class='ocrx_word' id='word_1_766' title='bbox 2932 5261 3388 5369; x_wconf 50' lang='lat' dir='ltr'><strong>seaeJiroueunt</strong></span> <span class='ocrx_word' id='word_1_767' title='bbox 3409 5261 3800 5318; x_wconf 78' lang='lat' dir='ltr'><strong>diplomatum</strong></span> 
     </span>
     <span class='ocr_line' id='line_1_118' title="bbox 2152 5315 3800 5388; baseline -0.001 -16"><span class='ocrx_word' id='word_1_768' title='bbox 2152 5317 2307 5373; x_wconf 90' lang='lat' dir='ltr'><strong>tituli</strong></span> <span class='ocrx_word' id='word_1_769' title='bbox 2336 5334 2349 5384; x_wconf 89' lang='lat'><strong>;</strong></span> <span class='ocrx_word' id='word_1_770' title='bbox 2385 5334 2453 5372; x_wconf 86' lang='lat' dir='ltr'><strong>ex</strong></span> <span class='ocrx_word' id='word_1_771' title='bbox 2486 5333 2601 5388; x_wconf 89' lang='lat' dir='ltr'><strong>quo</strong></span> <span class='ocrx_word' id='word_1_772' title='bbox 2633 5315 2982 5388; x_wconf 60' lang='lat' dir='ltr'><strong>Caelestinus</strong></span> <span class='ocrx_word' id='word_1_773' title='bbox 3037 5331 3069 5370; x_wconf 91' lang='lat' dir='ltr'><strong>a</strong></span> <span class='ocrx_word' id='word_1_774' title='bbox 3165 5317 3471 5387; x_wconf 89' lang='lat' dir='ltr'><strong>Cyrillum,</strong></span> <span class='ocrx_word' id='word_1_775' title='bbox 3503 5322 3568 5372; x_wconf 91' lang='lat' dir='ltr'><strong>ut</strong></span> <span class='ocrx_word' id='word_1_776' title='bbox 3606 5316 3800 5388; x_wconf 75' lang='lat' dir='ltr'><strong>locum</strong></span> 
     </span>
    </p>
   </div>
   <div class='ocr_carea' id='block_1_118' title="bbox 2152 5384 3806 5461">
    <p class='ocr_par' dir='ltr' id='par_1_118' title="bbox 2152 5384 3806 5461">
     <span class='ocr_line' id='line_1_119' title="bbox 2152 5384 3806 5461; baseline -0.002 -19"><span class='ocrx_word' id='word_1_777' title='bbox 2152 5405 2327 5461; x_wconf 84' lang='lat' dir='ltr'><strong>suum</strong></span> <span class='ocrx_word' id='word_1_778' title='bbox 2358 5389 2420 5442; x_wconf 89' lang='lat' dir='ltr'><strong>in</strong></span> <span class='ocrx_word' id='word_1_779' title='bbox 2447 5384 2742 5461; x_wconf 75' lang='lat' dir='ltr'><strong>Ephesina</strong></span> <span class='ocrx_word' id='word_1_780' title='bbox 2773 5386 2998 5461; x_wconf 86' lang='lat' dir='ltr'><strong>synodo</strong></span> <span class='ocrx_word' id='word_1_781' title='bbox 3051 5384 3297 5454; x_wconf 80' lang='lat' dir='ltr'><strong>teneret,</strong></span> <span class='ocrx_word' id='word_1_782' title='bbox 3334 5389 3589 5461; x_wconf 84' lang='lat' dir='ltr'><strong>scripsit.</strong></span> <span class='ocrx_word' id='word_1_783' title='bbox 3623 5386 3708 5461; x_wconf 70' lang='grc' dir='ltr'>Ἐξ</span> <span class='ocrx_word' id='word_1_784' title='bbox 3742 5384 3806 5440; x_wconf 81' lang='grc' dir='ltr'>οὗ</span> 
     </span>
    </p>
   </div>
   <div class='ocr_carea' id='block_1_119' title="bbox 2154 5405 3808 5549">
    <p class='ocr_par' dir='ltr' id='par_1_119' title="bbox 2154 5405 3808 5549">
     <span class='ocr_line' id='line_1_120' title="bbox 2154 5405 3806 5461; baseline -0.003 -17"><span class='ocrx_word' id='word_1_785' title='bbox 2154 5405 2327 5444; x_wconf 93' lang='lat' dir='ltr'><strong>suum</strong></span> <span class='ocrx_word' id='word_1_786' title='bbox 2358 5405 2420 5442; x_wconf 82' lang='lat' dir='ltr'><strong>in</strong></span> <span class='ocrx_word' id='word_1_787' title='bbox 2449 5405 2488 5441; x_wconf 58' lang='grc' dir='ltr'>ιι</span> <span class='ocrx_word' id='word_1_788' title='bbox 2536 5405 2742 5442; x_wconf 74' lang='lat' dir='ltr'><strong>nesnna</strong></span> <span class='ocrx_word' id='word_1_789' title='bbox 2773 5405 2998 5459; x_wconf 87' lang='lat' dir='ltr'><strong>synouo</strong></span> <span class='ocrx_word' id='word_1_790' title='bbox 3051 5405 3297 5454; x_wconf 77' lang='lat' dir='ltr'><strong>teneret,</strong></span> <span class='ocrx_word' id='word_1_791' title='bbox 3334 5405 3589 5461; x_wconf 77' lang='lat' dir='ltr'><strong>scripsn.</strong></span> <span class='ocrx_word' id='word_1_792' title='bbox 3623 5405 3708 5455; x_wconf 58' lang='lat' dir='ltr'><strong>ne;</strong></span> <span class='ocrx_word' id='word_1_793' title='bbox 3742 5405 3806 5440; x_wconf 92' lang='grc' dir='ltr'><strong>ου</strong></span> 
     </span>
     <span class='ocr_line' id='line_1_121' title="bbox 2154 5405 3808 5549; baseline -0.001 -38"><span class='ocrx_word' id='word_1_794' title='bbox 2154 5458 2339 5549; x_wconf 55' lang='grc' dir='ltr'>λόγος,</span> <span class='ocrx_word' id='word_1_795' title='bbox 2374 5405 2579 5549; x_wconf 50' lang='grc' dir='ltr'><strong>εοινξξίι</strong></span> <span class='ocrx_word' id='word_1_796' title='bbox 2608 5459 2981 5549; x_wconf 52' lang='grc' dir='ltr'>Ιβίορρὴοιειιε</span> <span class='ocrx_word' id='word_1_797' title='bbox 3004 5475 3119 5526; x_wconf 59' lang='grc' dir='ltr'>τιν,</span> <span class='ocrx_word' id='word_1_798' title='bbox 3144 5461 3237 5541; x_wconf 53' lang='lat'><strong>£34,</strong></span> <span class='ocrx_word' id='word_1_799' title='bbox 3266 5459 3356 5547; x_wconf 79' lang='grc' dir='ltr'><strong>καὶ</strong></span> <span class='ocrx_word' id='word_1_800' title='bbox 3386 5459 3449 5515; x_wconf 84' lang='grc' dir='ltr'>τὸ</span> <span class='ocrx_word' id='word_1_801' title='bbox 3477 5465 3579 5527; x_wconf 80' lang='grc' dir='ltr'>τῆς</span> <span class='ocrx_word' id='word_1_802' title='bbox 3612 5456 3808 5549; x_wconf 77' lang='grc' dir='ltr'>μίτρας</span> 
     </span>
    </p>
   </div>
   <div class='ocr_carea' id='block_1_120' title="bbox 2152 5525 3802 5607">
    <p class='ocr_par' dir='ltr' id='par_1_120' title="bbox 2152 5525 3802 5607">
     <span class='ocr_line' id='line_1_122' title="bbox 2152 5525 3802 5607; baseline -0.001 -25"><span class='ocrx_word' id='word_1_803' title='bbox 2152 5525 2386 5607; x_wconf 34' lang='grc' dir='ltr'>ξπζθεμμα</span> <span class='ocrx_word' id='word_1_804' title='bbox 2442 5525 2721 5607; x_wconf 64' lang='grc' dir='ltr'>εἴληφέναι</span> <span class='ocrx_word' id='word_1_805' title='bbox 2750 5525 2866 5607; x_wconf 72' lang='grc' dir='ltr'>’καὶ</span> <span class='ocrx_word' id='word_1_806' title='bbox 2921 5528 3019 5607; x_wconf 73' lang='grc' dir='ltr'>τὴν</span> <span class='ocrx_word' id='word_1_807' title='bbox 3069 5529 3167 5584; x_wconf 80' lang='grc' dir='ltr'>τοῦ</span> <span class='ocrx_word' id='word_1_808' title='bbox 3218 5525 3371 5607; x_wconf 77' lang='grc' dir='ltr'><strong>πάπα</strong></span> <span class='ocrx_word' id='word_1_809' title='bbox 3416 5525 3802 5607; x_wconf 50' lang='grc' dir='ltr'>προσηὴορίαν</span> 
     </span>
    </p>
   </div>
   <div class='ocr_carea' id='block_1_121' title="bbox 2154 5595 3804 5676">
    <p class='ocr_par' dir='ltr' id='par_1_121' title="bbox 2154 5595 3804 5676">
     <span class='ocr_line' id='line_1_123' title="bbox 2154 5595 3804 5676; baseline 0 -21"><span class='ocrx_word' id='word_1_810' title='bbox 2154 5595 2342 5655; x_wconf 76' lang='grc' dir='ltr'>λαϐεῖν</span> <span class='ocrx_word' id='word_1_811' title='bbox 2424 5599 2512 5654; x_wconf 80' lang='grc' dir='ltr'><strong>καὶ</strong></span> <span class='ocrx_word' id='word_1_812' title='bbox 2555 5595 2693 5666; x_wconf 45' lang='grc' dir='ltr'><strong>Ἶτῆς</strong></span> <span class='ocrx_word' id='word_1_813' title='bbox 2779 5598 3106 5672; x_wconf 74' lang='grc' dir='ltr'>οἰκουμένης</span> <span class='ocrx_word' id='word_1_814' title='bbox 3171 5602 3361 5676; x_wconf 73' lang='grc' dir='ltr'>κριτὴν</span> <span class='ocrx_word' id='word_1_815' title='bbox 3420 5595 3804 5673; x_wconf 68' lang='grc' dir='ltr'>ὀνομάζεσθαι.</span> 
     </span>
    </p>
   </div>
   <div class='ocr_carea' id='block_1_122' title="bbox 2155 5674 2332 5729">
    <p class='ocr_par' dir='ltr' id='par_1_122' title="bbox 2155 5674 2332 5729">
     <span class='ocr_line' id='line_1_124' title="bbox 2155 5674 2332 5729; baseline -0.017 0"><span class='ocrx_word' id='word_1_816' title='bbox 2155 5674 2332 5729; x_wconf 71' lang='grc' dir='ltr'>ϐοΑιι.</span> 
     </span>
    </p>
   </div>
   <div class='ocr_carea' id='block_1_123' title="bbox 4125 1605 4137 2229">
    <p class='ocr_par' dir='ltr' id='par_1_123' title="bbox 4125 1672 4135 2169">
     <span class='ocr_line' id='line_1_125' title="bbox 4125 1672 4127 1771; baseline 0 -16"><span class='ocrx_word' id='word_1_817' title='bbox 4125 1672 4127 1737; x_wconf 63' lang='grc' dir='ltr'>ι</span> 
     </span>
     <span class='ocr_line' id='line_1_126' title="bbox 4126 1780 4131 1961; baseline 0 0"><span class='ocrx_word' id='word_1_818' title='bbox 4126 1780 4131 1961; x_wconf 52' lang='grc' dir='ltr'><strong>ί</strong></span> 
     </span>
     <span class='ocr_line' id='line_1_127' title="bbox 4134 2102 4135 2169; baseline 0 0"><span class='ocrx_word' id='word_1_819' title='bbox 4134 2102 4135 2169; x_wconf 67' lang='lat' dir='ltr'><strong>l</strong></span> 
     </span>
    </p>
   </div>
  </div>
