  <div class='ocr_page' id='page_1' title='image "/cluster/home/n/w/nwhite01/storage/ocr_20150623/121/hvd.32044073502478/342.png"; bbox 0 0 4170 6204; ppageno 0'>
   <div class='ocr_carea' id='block_1_1' title="bbox 312 327 433 385">
    <p class='ocr_par' dir='ltr' id='par_1_1' title="bbox 312 327 433 385">
     <span class='ocr_line' id='line_1_1' title="bbox 312 327 433 385; baseline -0.008 0"><span class='ocrx_word' id='word_1_1' title='bbox 312 327 433 385; x_wconf 83' lang='lat'><strong>673</strong></span> 
     </span>
    </p>
   </div>
   <div class='ocr_carea' id='block_1_2' title="bbox 1436 324 2574 395">
    <p class='ocr_par' dir='ltr' id='par_1_2' title="bbox 1436 324 2574 395">
     <span class='ocr_line' id='line_1_2' title="bbox 1436 324 2574 395; baseline 0.008 -10"><span class='ocrx_word' id='word_1_2' title='bbox 1436 324 1984 386; x_wconf 80' lang='lat' dir='ltr'><strong>HISTORIARUM</strong></span> <span class='ocrx_word' id='word_1_3' title='bbox 2032 327 2574 395; x_wconf 73' lang='lat' dir='ltr'><strong>COMPENDIUM.</strong></span> 
     </span>
    </p>
   </div>
   <div class='ocr_carea' id='block_1_3' title="bbox 3602 346 3721 406">
    <p class='ocr_par' dir='ltr' id='par_1_3' title="bbox 3602 346 3721 406">
     <span class='ocr_line' id='line_1_3' title="bbox 3602 346 3721 406; baseline 0.008 -2"><span class='ocrx_word' id='word_1_4' title='bbox 3602 346 3721 406; x_wconf 76' lang='grc'><strong>6⁸14</strong></span> 
     </span>
    </p>
   </div>
   <div class='ocr_carea' id='block_1_4' title="bbox 311 453 1993 545">
    <p class='ocr_par' dir='ltr' id='par_1_4' title="bbox 311 453 1993 534">
     <span class='ocr_line' id='line_1_4' title="bbox 311 453 1993 534; baseline -0.001 -23"><span class='ocrx_word' id='word_1_5' title='bbox 311 454 370 512; x_wconf 73' lang='grc' dir='ltr'><strong>δὲ</strong></span> <span class='ocrx_word' id='word_1_6' title='bbox 427 458 456 512; x_wconf 86' lang='lat'><strong>6</strong></span> <span class='ocrx_word' id='word_1_7' title='bbox 515 455 788 532; x_wconf 68' lang='grc' dir='ltr'>Αἴλουρος</span> <span class='ocrx_word' id='word_1_8' title='bbox 836 456 888 512; x_wconf 85' lang='grc' dir='ltr'>ἐν</span> <span class='ocrx_word' id='word_1_9' title='bbox 946 456 1162 519; x_wconf 75' lang='grc' dir='ltr'><strong>τούτοις</strong></span> <span class='ocrx_word' id='word_1_10' title='bbox 1218 458 1458 527; x_wconf 90' lang='grc' dir='ltr'>θνήσκει.</span> <span class='ocrx_word' id='word_1_11' title='bbox 1494 457 1639 514; x_wconf 84' lang='grc' dir='ltr'>Ἀντ⁹</span> <span class='ocrx_word' id='word_1_12' title='bbox 1675 455 1841 511; x_wconf 75' lang='grc' dir='ltr'>αὐτοῦ</span> <span class='ocrx_word' id='word_1_13' title='bbox 1899 453 1993 534; x_wconf 65' lang='grc' dir='ltr'><strong>’δὲ⁴</strong></span> 
     </span>
    </p>
   </div>
   <div class='ocr_carea' id='block_1_5' title="bbox 2111 453 3722 545">
    <p class='ocr_par' dir='ltr' id='par_1_5' title="bbox 2111 460 3722 545">
     <span class='ocr_line' id='line_1_5' title="bbox 2111 460 3722 545; baseline 0.011 -30"><span class='ocrx_word' id='word_1_14' title='bbox 2111 460 2244 532; x_wconf 89' lang='lat' dir='ltr'><strong>ique</strong></span> <span class='ocrx_word' id='word_1_15' title='bbox 2277 465 2574 522; x_wconf 78' lang='lat' dir='ltr'><strong>sufﬁcitur</strong></span> <span class='ocrx_word' id='word_1_16' title='bbox 2602 471 2809 525; x_wconf 84' lang='lat' dir='ltr'><strong>Petrus</strong></span> <span class='ocrx_word' id='word_1_17' title='bbox 2840 474 3101 545; x_wconf 86' lang='lat' dir='ltr'><strong>Mongus,</strong></span> <span class='ocrx_word' id='word_1_18' title='bbox 3126 476 3301 531; x_wconf 90' lang='lat' dir='ltr'><strong>homo</strong></span> <span class='ocrx_word' id='word_1_19' title='bbox 3335 477 3641 535; x_wconf 78' lang='lat' dir='ltr'><strong>maleﬁcus</strong></span> <span class='ocrx_word' id='word_1_20' title='bbox 3663 485 3722 533; x_wconf 90' lang='lat' dir='ltr'><strong>et</strong></span> 
     </span>
    </p>
   </div>
   <div class='ocr_carea' id='block_1_6' title="bbox 313 543 1965 621">
    <p class='ocr_par' dir='ltr' id='par_1_6' title="bbox 313 543 1965 621">
     <span class='ocr_line' id='line_1_6' title="bbox 313 543 1965 621; baseline -0.001 -20"><span class='ocrx_word' id='word_1_21' title='bbox 313 543 519 619; x_wconf 83' lang='grc' dir='ltr'>Ηέτρος</span> <span class='ocrx_word' id='word_1_22' title='bbox 579 546 608 600; x_wconf 88' lang='grc' dir='ltr'>ὁ</span> <span class='ocrx_word' id='word_1_23' title='bbox 667 546 886 620; x_wconf 86' lang='grc' dir='ltr'>Μογγὸς</span> <span class='ocrx_word' id='word_1_24' title='bbox 940 544 1231 621; x_wconf 75' lang='grc' dir='ltr'><strong>εἰσάγεται,</strong></span> <span class='ocrx_word' id='word_1_25' title='bbox 1292 546 1427 620; x_wconf 64' lang='grc' dir='ltr'>ἀνὴρ</span> <span class='ocrx_word' id='word_1_26' title='bbox 1510 549 1816 618; x_wconf 77' lang='grc' dir='ltr'>κακοῦργος</span> <span class='ocrx_word' id='word_1_27' title='bbox 1877 545 1965 599; x_wconf 80' lang='grc' dir='ltr'>καὶ</span> 
     </span>
    </p>
   </div>
   <div class='ocr_carea' id='block_1_7' title="bbox 315 632 1971 710">
    <p class='ocr_par' dir='ltr' id='par_1_7' title="bbox 315 632 1971 710">
     <span class='ocr_line' id='line_1_7' title="bbox 315 632 1971 710; baseline -0.002 -20"><span class='ocrx_word' id='word_1_28' title='bbox 315 641 416 703; x_wconf 79' lang='grc' dir='ltr'>τῆς</span> <span class='ocrx_word' id='word_1_29' title='bbox 466 634 727 705; x_wconf 70' lang='grc' dir='ltr'>ἀληθείας</span> <span class='ocrx_word' id='word_1_30' title='bbox 779 636 999 710; x_wconf 79' lang='grc' dir='ltr'>ἐχθρὸς,</span> <span class='ocrx_word' id='word_1_31' title='bbox 1049 636 1107 696; x_wconf 83' lang='grc' dir='ltr'>ὃς</span> <span class='ocrx_word' id='word_1_32' title='bbox 1163 633 1657 710; x_wconf 77' lang='grc' dir='ltr'>προκαοῃρημένος</span> <span class='ocrx_word' id='word_1_33' title='bbox 1687 632 1797 704; x_wconf 72' lang='grc' dir='ltr'>ἤδη</span> <span class='ocrx_word' id='word_1_34' title='bbox 1849 652 1971 708; x_wconf 86' lang='grc' dir='ltr'>χει-</span> 
     </span>
    </p>
   </div>
   <div class='ocr_carea' id='block_1_8' title="bbox 318 721 1967 798">
    <p class='ocr_par' dir='ltr' id='par_1_8' title="bbox 318 721 1967 798">
     <span class='ocr_line' id='line_1_8' title="bbox 318 721 1967 798; baseline -0.002 -19"><span class='ocrx_word' id='word_1_35' title='bbox 318 728 615 797; x_wconf 84' lang='grc' dir='ltr'>ροτονεῖται</span> <span class='ocrx_word' id='word_1_36' title='bbox 642 724 743 778; x_wconf 73' lang='grc' dir='ltr'><strong>ὑπὸ</strong></span> <span class='ocrx_word' id='word_1_37' title='bbox 776 722 891 786; x_wconf 81' lang='grc' dir='ltr'>ἐνὸς</span> <span class='ocrx_word' id='word_1_38' title='bbox 908 723 1331 792; x_wconf 83' lang='grc' dir='ltr'>έπισκόπου,καὶ</span> <span class='ocrx_word' id='word_1_39' title='bbox 1350 723 1548 779; x_wconf 90' lang='grc' dir='ltr'>τούτου</span> <span class='ocrx_word' id='word_1_40' title='bbox 1562 721 1967 798; x_wconf 75' lang='grc' dir='ltr'>καθῃρημένου.</span> 
     </span>
    </p>
   </div>
   <div class='ocr_carea' id='block_1_9' title="bbox 315 806 1973 883">
    <p class='ocr_par' dir='ltr' id='par_1_9' title="bbox 315 806 1973 883">
     <span class='ocr_line' id='line_1_9' title="bbox 315 806 1973 883; baseline -0.002 -16"><span class='ocrx_word' id='word_1_41' title='bbox 315 810 505 883; x_wconf 82' lang='grc' dir='ltr'>Τούτῳ</span> <span class='ocrx_word' id='word_1_42' title='bbox 536 810 671 865; x_wconf 72' lang='grc' dir='ltr'>κατὰ</span> <span class='ocrx_word' id='word_1_43' title='bbox 700 815 838 865; x_wconf 65' lang='grc' dir='ltr'>Θεοῦ</span> <span class='ocrx_word' id='word_1_44' title='bbox 887 807 1057 880; x_wconf 77' lang='grc' dir='ltr'>ζῆλον</span> <span class='ocrx_word' id='word_1_45' title='bbox 1118 807 1436 871; x_wconf 76' lang='grc' dir='ltr'><strong>ἐπελθόντες</strong></span> <span class='ocrx_word' id='word_1_46' title='bbox 1493 810 1545 863; x_wconf 72' lang='grc' dir='ltr'><strong>οἱ</strong></span> <span class='ocrx_word' id='word_1_47' title='bbox 1599 807 1859 883; x_wconf 78' lang='grc' dir='ltr'>μοναχοὶ,</span> <span class='ocrx_word' id='word_1_48' title='bbox 1889 806 1973 871; x_wconf 73' lang='grc' dir='ltr'>λς’</span> 
     </span>
    </p>
   </div>
   <div class='ocr_carea' id='block_1_10' title="bbox 316 895 1971 974">
    <p class='ocr_par' dir='ltr' id='par_1_10' title="bbox 316 895 1971 974">
     <span class='ocr_line' id='line_1_10' title="bbox 316 895 1971 974; baseline -0.002 -21"><span class='ocrx_word' id='word_1_49' title='bbox 316 897 483 971; x_wconf 80' lang='grc' dir='ltr'>μόνας</span> <span class='ocrx_word' id='word_1_50' title='bbox 512 898 723 974; x_wconf 77' lang='grc' dir='ltr'>ἡμέρας</span> <span class='ocrx_word' id='word_1_51' title='bbox 751 898 1068 974; x_wconf 68' lang='grc' dir='ltr'>λῃστρικῶς</span> <span class='ocrx_word' id='word_1_52' title='bbox 1100 900 1453 973; x_wconf 70' lang='grc' dir='ltr'>κρατήσαντι,</span> <span class='ocrx_word' id='word_1_53' title='bbox 1507 900 1606 962; x_wconf 88' lang='grc' dir='ltr'>τῆς</span> <span class='ocrx_word' id='word_1_54' title='bbox 1666 895 1971 965; x_wconf 68' lang='grc' dir='ltr'>ἐπισκοπῆς</span> 
     </span>
    </p>
   </div>
   <div class='ocr_carea' id='block_1_11' title="bbox 313 981 1972 1061">
    <p class='ocr_par' dir='ltr' id='par_1_11' title="bbox 313 981 1972 1061">
     <span class='ocr_line' id='line_1_11' title="bbox 313 981 1972 1061; baseline -0.004 -18"><span class='ocrx_word' id='word_1_55' title='bbox 313 986 706 1057; x_wconf 79' lang='grc' dir='ltr'>ἀπελαύνουσι,</span> <span class='ocrx_word' id='word_1_56' title='bbox 737 989 826 1042; x_wconf 73' lang='grc' dir='ltr'><strong>καὶ</strong></span> <span class='ocrx_word' id='word_1_57' title='bbox 857 987 1129 1061; x_wconf 85' lang='grc' dir='ltr'>Τιμόθεον</span> <span class='ocrx_word' id='word_1_58' title='bbox 1188 985 1357 1041; x_wconf 80' lang='grc' dir='ltr'>πάλιν</span> <span class='ocrx_word' id='word_1_59' title='bbox 1403 987 1495 1042; x_wconf 84' lang='grc' dir='ltr'><strong>τὸν</strong></span> <span class='ocrx_word' id='word_1_60' title='bbox 1554 981 1972 1061; x_wconf 75' lang='grc' dir='ltr'>Σαλοφακίολον</span> 
     </span>
    </p>
   </div>
   <div class='ocr_carea' id='block_1_12' title="bbox 314 1075 1286 1151">
    <p class='ocr_par' dir='ltr' id='par_1_12' title="bbox 314 1075 1286 1151">
     <span class='ocr_line' id='line_1_12' title="bbox 314 1075 1286 1151; baseline 0 -20"><span class='ocrx_word' id='word_1_61' title='bbox 314 1075 753 1141; x_wconf 79' lang='grc' dir='ltr'>ἀποκαθιστῶσιν</span> <span class='ocrx_word' id='word_1_62' title='bbox 785 1075 949 1149; x_wconf 76' lang='grc' dir='ltr'>ἀξίως</span> <span class='ocrx_word' id='word_1_63' title='bbox 980 1081 1056 1147; x_wconf 76' lang='grc' dir='ltr'>τῷ</span> <span class='ocrx_word' id='word_1_64' title='bbox 1088 1075 1286 1151; x_wconf 80' lang='grc' dir='ltr'><strong>θρόνῳ.</strong></span> 
     </span>
    </p>
   </div>
   <div class='ocr_carea' id='block_1_13' title="bbox 392 1159 1974 1241">
    <p class='ocr_par' dir='ltr' id='par_1_13' title="bbox 392 1159 1974 1241">
     <span class='ocr_line' id='line_1_13' title="bbox 392 1159 1974 1241; baseline -0.004 -19"><span class='ocrx_word' id='word_1_65' title='bbox 392 1164 487 1239; x_wconf 86' lang='grc' dir='ltr'>Τῷ</span> <span class='ocrx_word' id='word_1_66' title='bbox 520 1162 567 1220; x_wconf 80' lang='grc' dir='ltr'><strong>δ’</strong></span> <span class='ocrx_word' id='word_1_67' title='bbox 597 1162 703 1221; x_wconf 81' lang='grc' dir='ltr'>ἔτει</span> <span class='ocrx_word' id='word_1_68' title='bbox 745 1165 952 1241; x_wconf 82' lang='grc' dir='ltr'>ἐγένετο</span> <span class='ocrx_word' id='word_1_69' title='bbox 1011 1166 1236 1237; x_wconf 84' lang='grc' dir='ltr'>σεισμὸς</span> <span class='ocrx_word' id='word_1_70' title='bbox 1295 1159 1528 1238; x_wconf 72' lang='grc' dir='ltr'>φοϐερὸς</span> <span class='ocrx_word' id='word_1_71' title='bbox 1584 1162 1638 1219; x_wconf 86' lang='grc' dir='ltr'>ἐν</span> <span class='ocrx_word' id='word_1_72' title='bbox 1680 1164 1974 1221; x_wconf 87' lang='grc' dir='ltr'>Κωνσταν-</span> 
     </span>
    </p>
   </div>
   <div class='ocr_carea' id='block_1_14' title="bbox 317 1250 1979 1331">
    <p class='ocr_par' dir='ltr' id='par_1_14' title="bbox 317 1250 1979 1331">
     <span class='ocr_line' id='line_1_14' title="bbox 317 1250 1979 1331; baseline -0.002 -20"><span class='ocrx_word' id='word_1_73' title='bbox 317 1256 660 1325; x_wconf 86' lang='grc' dir='ltr'>τινουπόλει,</span> <span class='ocrx_word' id='word_1_74' title='bbox 723 1258 850 1331; x_wconf 76' lang='grc' dir='ltr'>μηνὶ</span> <span class='ocrx_word' id='word_1_75' title='bbox 904 1250 1267 1330; x_wconf 78' lang='grc' dir='ltr'>Σεπτεμϐρίῳ</span> <span class='ocrx_word' id='word_1_76' title='bbox 1329 1256 1424 1325; x_wconf 87' lang='grc' dir='ltr'>κε’,</span> <span class='ocrx_word' id='word_1_77' title='bbox 1498 1254 1589 1309; x_wconf 80' lang='grc' dir='ltr'>καὶ</span> <span class='ocrx_word' id='word_1_78' title='bbox 1646 1252 1833 1310; x_wconf 79' lang='grc' dir='ltr'>ἔπεσον</span> <span class='ocrx_word' id='word_1_79' title='bbox 1893 1253 1979 1308; x_wconf 79' lang='grc' dir='ltr'><strong>ἐκ·</strong></span> 
     </span>
    </p>
   </div>
   <div class='ocr_carea' id='block_1_15' title="bbox 320 1339 1977 1417">
    <p class='ocr_par' dir='ltr' id='par_1_15' title="bbox 320 1339 1977 1417">
     <span class='ocr_line' id='line_1_15' title="bbox 320 1339 1977 1417; baseline -0.004 -17"><span class='ocrx_word' id='word_1_80' title='bbox 320 1343 549 1417; x_wconf 77' lang='grc' dir='ltr'>κλησίαι</span> <span class='ocrx_word' id='word_1_81' title='bbox 580 1344 787 1401; x_wconf 74' lang='grc' dir='ltr'>πολλαὲ</span> <span class='ocrx_word' id='word_1_82' title='bbox 818 1346 906 1400; x_wconf 78' lang='grc' dir='ltr'>καὶ</span> <span class='ocrx_word' id='word_1_83' title='bbox 931 1344 1101 1400; x_wconf 74' lang='grc' dir='ltr'>οἰκίαι</span> <span class='ocrx_word' id='word_1_84' title='bbox 1158 1345 1248 1399; x_wconf 77' lang='grc' dir='ltr'>καὶ</span> <span class='ocrx_word' id='word_1_85' title='bbox 1306 1339 1539 1417; x_wconf 72' lang='grc' dir='ltr'>ἔμϐολοι</span> <span class='ocrx_word' id='word_1_86' title='bbox 1582 1345 1667 1416; x_wconf 88' lang='grc' dir='ltr'><strong>[Ρ.</strong></span> <span class='ocrx_word' id='word_1_87' title='bbox 1700 1344 1826 1415; x_wconf 83' lang='grc'><strong>353]</strong></span> <span class='ocrx_word' id='word_1_88' title='bbox 1873 1340 1977 1403; x_wconf 79' lang='grc' dir='ltr'>ἓως</span> 
     </span>
    </p>
   </div>
   <div class='ocr_carea' id='block_1_16' title="bbox 326 1429 1981 1513">
    <p class='ocr_par' dir='ltr' id='par_1_16' title="bbox 326 1429 1981 1513">
     <span class='ocr_line' id='line_1_16' title="bbox 326 1429 1981 1513; baseline -0.002 -24"><span class='ocrx_word' id='word_1_89' title='bbox 326 1432 579 1512; x_wconf 72' lang='grc' dir='ltr'>ἐδάφους,</span> <span class='ocrx_word' id='word_1_90' title='bbox 639 1435 966 1513; x_wconf 79' lang='grc' dir='ltr'>κατεχώσθη</span> <span class='ocrx_word' id='word_1_91' title='bbox 1028 1431 1086 1490; x_wconf 73' lang='grc' dir='ltr'><strong>δὲ</strong></span> <span class='ocrx_word' id='word_1_92' title='bbox 1142 1430 1359 1503; x_wconf 78' lang='grc' dir='ltr'>πλῆθος</span> <span class='ocrx_word' id='word_1_93' title='bbox 1416 1432 1714 1507; x_wconf 76' lang='grc' dir='ltr'>ἀνθρώπων</span> <span class='ocrx_word' id='word_1_94' title='bbox 1799 1429 1981 1506; x_wconf 82' lang='grc' dir='ltr'>ἀναρί-</span> 
     </span>
    </p>
   </div>
   <div class='ocr_carea' id='block_1_17' title="bbox 327 1517 1979 1599">
    <p class='ocr_par' dir='ltr' id='par_1_17' title="bbox 327 1517 1979 1599">
     <span class='ocr_line' id='line_1_17' title="bbox 327 1517 1979 1599; baseline -0.003 -21"><span class='ocrx_word' id='word_1_95' title='bbox 327 1534 562 1596; x_wconf 78' lang='grc' dir='ltr'>θμητον.</span> <span class='ocrx_word' id='word_1_96' title='bbox 597 1523 793 1580; x_wconf 81' lang='grc' dir='ltr'>Ἔπεσε</span> <span class='ocrx_word' id='word_1_97' title='bbox 821 1520 879 1578; x_wconf 75' lang='grc' dir='ltr'>δέ</span> <span class='ocrx_word' id='word_1_98' title='bbox 907 1522 998 1579; x_wconf 81' lang='grc' dir='ltr'>καὶ</span> <span class='ocrx_word' id='word_1_99' title='bbox 1056 1524 1092 1592; x_wconf 77' lang='grc' dir='ltr'>ἡ</span> <span class='ocrx_word' id='word_1_100' title='bbox 1154 1527 1354 1599; x_wconf 80' lang='grc' dir='ltr'>σφαῖρα</span> <span class='ocrx_word' id='word_1_101' title='bbox 1402 1525 1499 1577; x_wconf 77' lang='grc' dir='ltr'><strong>τοῦ</strong></span> <span class='ocrx_word' id='word_1_102' title='bbox 1539 1517 1857 1596; x_wconf 76' lang='grc' dir='ltr'>ἀνδριάντος</span> <span class='ocrx_word' id='word_1_103' title='bbox 1879 1521 1979 1574; x_wconf 78' lang='grc' dir='ltr'>τοῦ</span> 
     </span>
    </p>
   </div>
   <div class='ocr_carea' id='block_1_18' title="bbox 325 1607 1986 1690">
    <p class='ocr_par' dir='ltr' id='par_1_18' title="bbox 325 1607 1986 1690">
     <span class='ocr_line' id='line_1_18' title="bbox 325 1607 1986 1690; baseline -0.002 -25"><span class='ocrx_word' id='word_1_104' title='bbox 325 1610 499 1690; x_wconf 68' lang='grc' dir='ltr'>φόρου</span> <span class='ocrx_word' id='word_1_105' title='bbox 532 1614 666 1686; x_wconf 87' lang='grc'><strong>(86),</strong></span> <span class='ocrx_word' id='word_1_106' title='bbox 694 1611 785 1666; x_wconf 84' lang='grc' dir='ltr'>καὶ</span> <span class='ocrx_word' id='word_1_107' title='bbox 810 1613 845 1680; x_wconf 77' lang='grc' dir='ltr'>ἡ</span> <span class='ocrx_word' id='word_1_108' title='bbox 874 1608 1053 1682; x_wconf 85' lang='grc' dir='ltr'>στήλη</span> <span class='ocrx_word' id='word_1_109' title='bbox 1085 1614 1184 1666; x_wconf 76' lang='grc' dir='ltr'>τοῦ</span> <span class='ocrx_word' id='word_1_110' title='bbox 1230 1608 1486 1685; x_wconf 77' lang='grc' dir='ltr'><strong>Μεγάλου</strong></span> <span class='ocrx_word' id='word_1_111' title='bbox 1518 1607 1811 1666; x_wconf 78' lang='grc' dir='ltr'>Θεοδοσίου</span> <span class='ocrx_word' id='word_1_112' title='bbox 1834 1610 1869 1678; x_wconf 76' lang='grc' dir='ltr'><strong>ἡ</strong></span> <span class='ocrx_word' id='word_1_113' title='bbox 1906 1607 1986 1668; x_wconf 78' lang='grc' dir='ltr'><strong>εἴς</strong></span> 
     </span>
    </p>
   </div>
   <div class='ocr_carea' id='block_1_19' title="bbox 324 1694 1983 1776">
    <p class='ocr_par' dir='ltr' id='par_1_19' title="bbox 324 1694 1983 1776">
     <span class='ocr_line' id='line_1_19' title="bbox 324 1694 1983 1776; baseline -0.002 -22"><span class='ocrx_word' id='word_1_114' title='bbox 324 1700 419 1754; x_wconf 82' lang='grc' dir='ltr'><strong>τὸν</strong></span> <span class='ocrx_word' id='word_1_115' title='bbox 439 1700 596 1755; x_wconf 86' lang='grc' dir='ltr'>κίονα</span> <span class='ocrx_word' id='word_1_116' title='bbox 625 1704 723 1754; x_wconf 73' lang='grc' dir='ltr'>τοῦ</span> <span class='ocrx_word' id='word_1_117' title='bbox 752 1700 967 1774; x_wconf 83' lang='grc' dir='ltr'>Ταύρου</span> <span class='ocrx_word' id='word_1_118' title='bbox 1000 1703 1133 1773; x_wconf 73' lang='lat'><strong>(87),</strong></span> <span class='ocrx_word' id='word_1_119' title='bbox 1192 1699 1283 1755; x_wconf 69' lang='grc' dir='ltr'>καὶ</span> <span class='ocrx_word' id='word_1_120' title='bbox 1341 1699 1407 1754; x_wconf 76' lang='grc' dir='ltr'>τὰ</span> <span class='ocrx_word' id='word_1_121' title='bbox 1474 1694 1582 1753; x_wconf 81' lang='grc' dir='ltr'><strong>ἔσω</strong></span> <span class='ocrx_word' id='word_1_122' title='bbox 1634 1698 1799 1776; x_wconf 84' lang='grc' dir='ltr'>τείχη</span> <span class='ocrx_word' id='word_1_123' title='bbox 1858 1696 1983 1772; x_wconf 82' lang='grc' dir='ltr'>περὶ</span> 
     </span>
    </p>
   </div>
   <div class='ocr_carea' id='block_1_20' title="bbox 2077 551 3718 631">
    <p class='ocr_par' dir='ltr' id='par_1_20' title="bbox 2077 551 3718 631">
     <span class='ocr_line' id='line_1_20' title="bbox 2077 551 3718 631; baseline 0.013 -29"><span class='ocrx_word' id='word_1_124' title='bbox 2077 551 2339 609; x_wconf 77' lang='lat' dir='ltr'><strong>veritatis</strong></span> <span class='ocrx_word' id='word_1_125' title='bbox 2399 555 2586 612; x_wconf 88' lang='lat' dir='ltr'><strong>hostis</strong></span> <span class='ocrx_word' id='word_1_126' title='bbox 2619 574 2633 623; x_wconf 89' lang='lat'><strong>;</strong></span> <span class='ocrx_word' id='word_1_127' title='bbox 2666 560 2765 629; x_wconf 87' lang='lat' dir='ltr'><strong>qui</strong></span> <span class='ocrx_word' id='word_1_128' title='bbox 2804 560 2932 631; x_wconf 89' lang='lat' dir='ltr'><strong>jam</strong></span> <span class='ocrx_word' id='word_1_129' title='bbox 2981 567 3117 618; x_wconf 89' lang='lat' dir='ltr'><strong>ante</strong></span> <span class='ocrx_word' id='word_1_130' title='bbox 3148 562 3467 621; x_wconf 86' lang='lat' dir='ltr'><strong>damnatus</strong></span> <span class='ocrx_word' id='word_1_131' title='bbox 3496 567 3570 622; x_wconf 90' lang='lat' dir='ltr'><strong>ab</strong></span> <span class='ocrx_word' id='word_1_132' title='bbox 3601 585 3718 623; x_wconf 86' lang='lat' dir='ltr'><strong>uno</strong></span> 
     </span>
    </p>
   </div>
   <div class='ocr_carea' id='block_1_21' title="bbox 2079 640 3725 717">
    <p class='ocr_par' dir='ltr' id='par_1_21' title="bbox 2079 640 3725 717">
     <span class='ocr_line' id='line_1_21' title="bbox 2079 640 3725 717; baseline 0.012 -26"><span class='ocrx_word' id='word_1_133' title='bbox 2079 640 2374 712; x_wconf 77' lang='lat' dir='ltr'><strong>epiSCOpo,</strong></span> <span class='ocrx_word' id='word_1_134' title='bbox 2411 661 2479 699; x_wconf 93' lang='lat' dir='ltr'><strong>eo</strong></span> <span class='ocrx_word' id='word_1_135' title='bbox 2511 663 2747 717; x_wconf 84' lang='lat' dir='ltr'><strong>quoque</strong></span> <span class='ocrx_word' id='word_1_136' title='bbox 2799 648 3074 707; x_wconf 88' lang='lat' dir='ltr'><strong>damnato</strong></span> <span class='ocrx_word' id='word_1_137' title='bbox 3119 652 3385 708; x_wconf 88' lang='lat' dir='ltr'><strong>delectus</strong></span> <span class='ocrx_word' id='word_1_138' title='bbox 3416 662 3521 710; x_wconf 87' lang='lat' dir='ltr'><strong>est.</strong></span> <span class='ocrx_word' id='word_1_139' title='bbox 3559 658 3725 711; x_wconf 87' lang='lat' dir='ltr'><strong>Hunc</strong></span> 
     </span>
    </p>
   </div>
   <div class='ocr_carea' id='block_1_22' title="bbox 2082 727 3727 812">
    <p class='ocr_par' dir='ltr' id='par_1_22' title="bbox 2082 727 3727 812">
     <span class='ocr_line' id='line_1_22' title="bbox 2082 727 3727 812; baseline 0.012 -31"><span class='ocrx_word' id='word_1_140' title='bbox 2082 727 2196 783; x_wconf 90' lang='lat' dir='ltr'><strong>Deo</strong></span> <span class='ocrx_word' id='word_1_141' title='bbox 2247 730 2559 804; x_wconf 73' lang='lat' dir='ltr'><strong>instigante</strong></span> <span class='ocrx_word' id='word_1_142' title='bbox 2608 736 2828 805; x_wconf 80' lang='lat' dir='ltr'><strong>agressi</strong></span> <span class='ocrx_word' id='word_1_143' title='bbox 2862 740 3137 794; x_wconf 82' lang='lat' dir='ltr'><strong>monachi</strong></span> <span class='ocrx_word' id='word_1_144' title='bbox 3193 742 3434 812; x_wconf 78' lang='lat' dir='ltr'><strong>triginta</strong></span> <span class='ocrx_word' id='word_1_145' title='bbox 3464 760 3567 798; x_wconf 83' lang='lat' dir='ltr'><strong>sex</strong></span> <span class='ocrx_word' id='word_1_146' title='bbox 3599 745 3727 799; x_wconf 88' lang='lat' dir='ltr'><strong>dies</strong></span> 
     </span>
    </p>
   </div>
   <div class='ocr_carea' id='block_1_23' title="bbox 2081 818 3728 904">
    <p class='ocr_par' dir='ltr' id='par_1_23' title="bbox 2081 818 3728 904">
     <span class='ocr_line' id='line_1_23' title="bbox 2081 818 3728 904; baseline 0.011 -34"><span class='ocrx_word' id='word_1_147' title='bbox 2081 818 2424 891; x_wconf 88' lang='lat' dir='ltr'><strong>episc0patu</strong></span> <span class='ocrx_word' id='word_1_148' title='bbox 2457 822 2751 879; x_wconf 75' lang='lat' dir='ltr'><strong>latrocinii</strong></span> <span class='ocrx_word' id='word_1_149' title='bbox 2779 826 2841 880; x_wconf 89' lang='lat' dir='ltr'><strong>in</strong></span> <span class='ocrx_word' id='word_1_150' title='bbox 2865 844 3093 883; x_wconf 86' lang='lat' dir='ltr'><strong>morem</strong></span> <span class='ocrx_word' id='word_1_151' title='bbox 3114 830 3383 885; x_wconf 82' lang='lat' dir='ltr'><strong>functum</strong></span> <span class='ocrx_word' id='word_1_152' title='bbox 3415 831 3728 904; x_wconf 86' lang='lat' dir='ltr'><strong>dejiciunt,</strong></span> 
     </span>
    </p>
   </div>
   <div class='ocr_carea' id='block_1_24' title="bbox 2082 910 3727 988">
    <p class='ocr_par' dir='ltr' id='par_1_24' title="bbox 2082 910 3727 988">
     <span class='ocr_line' id='line_1_24' title="bbox 2082 910 3727 988; baseline 0.011 -29"><span class='ocrx_word' id='word_1_153' title='bbox 2082 922 2331 979; x_wconf 83' lang='lat' dir='ltr'><strong>eamque</strong></span> <span class='ocrx_word' id='word_1_154' title='bbox 2380 910 2731 982; x_wconf 85' lang='lat' dir='ltr'><strong>dignitatem</strong></span> <span class='ocrx_word' id='word_1_155' title='bbox 2784 914 3046 988; x_wconf 82' lang='lat' dir='ltr'><strong>legitime</strong></span> <span class='ocrx_word' id='word_1_156' title='bbox 3110 919 3371 975; x_wconf 88' lang='lat' dir='ltr'><strong>reddunt</strong></span> <span class='ocrx_word' id='word_1_157' title='bbox 3421 922 3727 977; x_wconf 87' lang='lat' dir='ltr'><strong>Timotheo</strong></span> 
     </span>
    </p>
   </div>
   <div class='ocr_carea' id='block_1_25' title="bbox 2082 995 2514 1069">
    <p class='ocr_par' dir='ltr' id='par_1_25' title="bbox 2082 995 2514 1069">
     <span class='ocr_line' id='line_1_25' title="bbox 2082 995 2514 1069; baseline 0.016 -20"><span class='ocrx_word' id='word_1_158' title='bbox 2082 995 2514 1069; x_wconf 86' lang='lat' dir='ltr'><strong>Salopbaciolo.</strong></span> 
     </span>
    </p>
   </div>
   <div class='ocr_carea' id='block_1_26' title="bbox 2153 1183 3727 1268">
    <p class='ocr_par' dir='ltr' id='par_1_26' title="bbox 2153 1183 3727 1268">
     <span class='ocr_line' id='line_1_26' title="bbox 2153 1183 3727 1268; baseline 0.011 -31"><span class='ocrx_word' id='word_1_159' title='bbox 2153 1183 2371 1247; x_wconf 87' lang='lat' dir='ltr'><strong>Quarto</strong></span> <span class='ocrx_word' id='word_1_160' title='bbox 2400 1202 2557 1241; x_wconf 89' lang='lat' dir='ltr'><strong>anno</strong></span> <span class='ocrx_word' id='word_1_161' title='bbox 2590 1189 2872 1245; x_wconf 82' lang='lat' dir='ltr'><strong>terribilis</strong></span> <span class='ocrx_word' id='word_1_162' title='bbox 2894 1192 3003 1247; x_wconf 85' lang='lat' dir='ltr'><strong>fuit</strong></span> <span class='ocrx_word' id='word_1_163' title='bbox 3026 1198 3194 1248; x_wconf 73' lang='lat' dir='ltr'><strong>terrea</strong></span> <span class='ocrx_word' id='word_1_164' title='bbox 3226 1202 3422 1252; x_wconf 90' lang='lat' dir='ltr'><strong>motus</strong></span> <span class='ocrx_word' id='word_1_165' title='bbox 3444 1198 3607 1268; x_wconf 87' lang='lat' dir='ltr'><strong>Cpoli</strong></span> <span class='ocrx_word' id='word_1_166' title='bbox 3630 1199 3727 1254; x_wconf 89' lang='lat' dir='ltr'><strong>die</strong></span> 
     </span>
    </p>
   </div>
   <div class='ocr_carea' id='block_1_27' title="bbox 2083 1272 3733 1358">
    <p class='ocr_par' dir='ltr' id='par_1_27' title="bbox 2083 1272 3733 1358">
     <span class='ocr_line' id='line_1_27' title="bbox 2083 1272 3733 1358; baseline 0.01 -33"><span class='ocrx_word' id='word_1_167' title='bbox 2083 1274 2151 1325; x_wconf 81' lang='lat'><strong>25</strong></span> <span class='ocrx_word' id='word_1_168' title='bbox 2173 1272 2332 1344; x_wconf 85' lang='lat' dir='ltr'><strong>Sept.</strong></span> <span class='ocrx_word' id='word_1_169' title='bbox 2355 1275 2717 1333; x_wconf 85' lang='lat' dir='ltr'><strong>Corruerunt</strong></span> <span class='ocrx_word' id='word_1_170' title='bbox 2738 1280 2926 1336; x_wconf 90' lang='lat' dir='ltr'><strong>multa</strong></span> <span class='ocrx_word' id='word_1_171' title='bbox 2948 1286 3061 1336; x_wconf 91' lang='lat' dir='ltr'><strong>tem</strong></span> <span class='ocrx_word' id='word_1_172' title='bbox 3070 1283 3402 1353; x_wconf 89' lang='lat' dir='ltr'><strong>pla,domus</strong></span> <span class='ocrx_word' id='word_1_173' title='bbox 3424 1292 3733 1358; x_wconf 86' lang='lat' dir='ltr'><strong>rostraque</strong></span> 
     </span>
    </p>
   </div>
   <div class='ocr_carea' id='block_1_28' title="bbox 2082 1360 3733 1433">
    <p class='ocr_par' dir='ltr' id='par_1_28' title="bbox 2082 1360 3733 1433">
     <span class='ocr_line' id='line_1_28' title="bbox 2082 1360 3733 1433; baseline 0.01 -19"><span class='ocrx_word' id='word_1_174' title='bbox 2082 1360 2374 1433; x_wconf 81' lang='lat' dir='ltr'><strong>funditus,</strong></span> <span class='ocrx_word' id='word_1_175' title='bbox 2408 1369 2466 1419; x_wconf 86' lang='lat' dir='ltr'><strong>et</strong></span> <span class='ocrx_word' id='word_1_176' title='bbox 2495 1365 2707 1422; x_wconf 83' lang='lat' dir='ltr'><strong>obruta</strong></span> <span class='ocrx_word' id='word_1_177' title='bbox 2735 1372 2826 1423; x_wconf 91' lang='lat' dir='ltr'><strong>est</strong></span> <span class='ocrx_word' id='word_1_178' title='bbox 2855 1369 3148 1427; x_wconf 88' lang='lat' dir='ltr'><strong>immensa</strong></span> <span class='ocrx_word' id='word_1_179' title='bbox 3176 1372 3487 1429; x_wconf 86' lang='lat' dir='ltr'><strong>hominum</strong></span> <span class='ocrx_word' id='word_1_180' title='bbox 3539 1376 3733 1430; x_wconf 90' lang='lat' dir='ltr'><strong>multi-</strong></span> 
     </span>
    </p>
   </div>
   <div class='ocr_carea' id='block_1_29' title="bbox 2088 1451 3737 1529">
    <p class='ocr_par' dir='ltr' id='par_1_29' title="bbox 2088 1451 3737 1529">
     <span class='ocr_line' id='line_1_29' title="bbox 2088 1451 3737 1529; baseline 0.009 -26"><span class='ocrx_word' id='word_1_181' title='bbox 2088 1451 2253 1509; x_wconf 87' lang='lat' dir='ltr'><strong>tudo.</strong></span> <span class='ocrx_word' id='word_1_182' title='bbox 2289 1452 2514 1507; x_wconf 88' lang='lat' dir='ltr'><strong>Cecidit</strong></span> <span class='ocrx_word' id='word_1_183' title='bbox 2533 1455 2711 1511; x_wconf 90' lang='lat' dir='ltr'><strong>etiam</strong></span> <span class='ocrx_word' id='word_1_184' title='bbox 2734 1457 2941 1523; x_wconf 75' lang='lat' dir='ltr'><strong>globus</strong></span> <span class='ocrx_word' id='word_1_185' title='bbox 2957 1458 3250 1515; x_wconf 66' lang='lat' dir='ltr'><strong>columnae</strong></span> <span class='ocrx_word' id='word_1_186' title='bbox 3283 1461 3417 1529; x_wconf 81' lang='lat' dir='ltr'><strong>fori,</strong></span> <span class='ocrx_word' id='word_1_187' title='bbox 3454 1468 3512 1517; x_wconf 91' lang='lat' dir='ltr'><strong>et</strong></span> <span class='ocrx_word' id='word_1_188' title='bbox 3543 1468 3737 1518; x_wconf 88' lang='lat' dir='ltr'><strong>statua</strong></span> 
     </span>
    </p>
   </div>
   <div class='ocr_carea' id='block_1_30' title="bbox 2087 1539 3740 1623">
    <p class='ocr_par' dir='ltr' id='par_1_30' title="bbox 2087 1539 3740 1623">
     <span class='ocr_line' id='line_1_30' title="bbox 2087 1539 3740 1623; baseline 0.008 -30"><span class='ocrx_word' id='word_1_189' title='bbox 2087 1539 2397 1596; x_wconf 88' lang='lat' dir='ltr'><strong>Theodosii</strong></span> <span class='ocrx_word' id='word_1_190' title='bbox 2446 1544 2656 1615; x_wconf 82' lang='lat' dir='ltr'><strong>Magni,</strong></span> <span class='ocrx_word' id='word_1_191' title='bbox 2707 1562 2838 1617; x_wconf 69' lang='lat' dir='ltr'><strong>quae</strong></span> <span class='ocrx_word' id='word_1_192' title='bbox 2887 1548 3183 1604; x_wconf 65' lang='lat' dir='ltr'><strong>columnae</strong></span> <span class='ocrx_word' id='word_1_193' title='bbox 3237 1550 3408 1606; x_wconf 82' lang='lat' dir='ltr'><strong>Tauri</strong></span> <span class='ocrx_word' id='word_1_194' title='bbox 3462 1551 3740 1623; x_wconf 89' lang='lat' dir='ltr'><strong>imposita</strong></span> 
     </span>
    </p>
   </div>
   <div class='ocr_carea' id='block_1_31' title="bbox 2089 1632 3739 1711">
    <p class='ocr_par' dir='ltr' id='par_1_31' title="bbox 2089 1632 3739 1711">
     <span class='ocr_line' id='line_1_31' title="bbox 2089 1632 3739 1711; baseline 0.008 -28"><span class='ocrx_word' id='word_1_195' title='bbox 2089 1635 2236 1689; x_wconf 80' lang='lat' dir='ltr'><strong>erat.</strong></span> <span class='ocrx_word' id='word_1_196' title='bbox 2264 1632 2541 1702; x_wconf 88' lang='lat' dir='ltr'><strong>murique</strong></span> <span class='ocrx_word' id='word_1_197' title='bbox 2568 1634 2872 1692; x_wconf 88' lang='lat' dir='ltr'><strong>interioris</strong></span> <span class='ocrx_word' id='word_1_198' title='bbox 2903 1638 3047 1694; x_wconf 85' lang='lat' dir='ltr'><strong>satis</strong></span> <span class='ocrx_word' id='word_1_199' title='bbox 3076 1638 3250 1710; x_wconf 82' lang='lat' dir='ltr'><strong>longa</strong></span> <span class='ocrx_word' id='word_1_200' title='bbox 3306 1657 3464 1711; x_wconf 89' lang='lat' dir='ltr'><strong>pars.</strong></span> <span class='ocrx_word' id='word_1_201' title='bbox 3498 1642 3739 1697; x_wconf 80' lang='lat' dir='ltr'><strong>Duravit</strong></span> 
     </span>
    </p>
   </div>
   <div class='ocr_carea' id='block_1_32' title="bbox 2090 1717 3736 1800">
    <p class='ocr_par' dir='ltr' id='par_1_32' title="bbox 2090 1717 3736 1800">
     <span class='ocr_line' id='line_1_32' title="bbox 2090 1717 3736 1800; baseline 0.009 -29"><span class='ocrx_word' id='word_1_202' title='bbox 2090 1717 2193 1772; x_wconf 91' lang='lat' dir='ltr'><strong>diu</strong></span> <span class='ocrx_word' id='word_1_203' title='bbox 2224 1718 2321 1774; x_wconf 91' lang='lat' dir='ltr'><strong>ille</strong></span> <span class='ocrx_word' id='word_1_204' title='bbox 2356 1725 2526 1775; x_wconf 71' lang='lat' dir='ltr'><strong>terrm</strong></span> <span class='ocrx_word' id='word_1_205' title='bbox 2556 1728 2773 1792; x_wconf 88' lang='lat' dir='ltr'><strong>motus,</strong></span> <span class='ocrx_word' id='word_1_206' title='bbox 2807 1725 2955 1781; x_wconf 85' lang='lat' dir='ltr'><strong>adeo</strong></span> <span class='ocrx_word' id='word_1_207' title='bbox 2982 1732 3046 1781; x_wconf 91' lang='lat' dir='ltr'><strong>ut</strong></span> <span class='ocrx_word' id='word_1_208' title='bbox 3078 1727 3230 1782; x_wconf 82' lang='lat' dir='ltr'><strong>fetor</strong></span> <span class='ocrx_word' id='word_1_209' title='bbox 3259 1746 3497 1800; x_wconf 89' lang='lat' dir='ltr'><strong>quoque</strong></span> <span class='ocrx_word' id='word_1_210' title='bbox 3528 1729 3736 1785; x_wconf 77' lang='lat' dir='ltr'><strong>urbem</strong></span> 
     </span>
    </p>
   </div>
   <div class='ocr_carea' id='block_1_33' title="bbox 328 1784 1993 1898">
    <p class='ocr_par' dir='ltr' id='par_1_33' title="bbox 328 1784 1981 1898">
     <span class='ocr_line' id='line_1_33' title="bbox 328 1784 1981 1864; baseline -0.002 -21"><span class='ocrx_word' id='word_1_211' title='bbox 328 1787 605 1863; x_wconf 79' lang='grc' dir='ltr'>διάστημα</span> <span class='ocrx_word' id='word_1_212' title='bbox 653 1788 858 1846; x_wconf 70' lang='grc' dir='ltr'>ἱκανόν.</span> <span class='ocrx_word' id='word_1_213' title='bbox 931 1788 1032 1845; x_wconf 79' lang='grc' dir='ltr'><strong>Καὶ</strong></span> <span class='ocrx_word' id='word_1_214' title='bbox 1094 1786 1305 1864; x_wconf 78' lang='grc' dir='ltr'>ἐκράτει</span> <span class='ocrx_word' id='word_1_215' title='bbox 1393 1787 1419 1842; x_wconf 84' lang='grc' dir='ltr'>ὁ</span> <span class='ocrx_word' id='word_1_216' title='bbox 1479 1787 1701 1860; x_wconf 84' lang='grc' dir='ltr'>σεισμὸς</span> <span class='ocrx_word' id='word_1_217' title='bbox 1780 1784 1981 1860; x_wconf 71' lang='grc' dir='ltr'>χρόνον</span> 
     </span>
     <span class='ocr_line' id='line_1_34' title="bbox 406 1874 1947 1898; baseline 0 0"><span class='ocrx_word' id='word_1_218' title='bbox 406 1877 458 1898; x_wconf 52' lang='grc' dir='ltr'><strong>Ἄ.</strong></span> <span class='ocrx_word' id='word_1_219' title='bbox 573 1879 599 1898; x_wconf 65' lang='grc'><strong>0⁸</strong></span> <span class='ocrx_word' id='word_1_220' title='bbox 774 1879 787 1895; x_wconf 63' lang='grc'><strong>1</strong></span> <span class='ocrx_word' id='word_1_221' title='bbox 917 1877 957 1898; x_wconf 64' lang='grc' dir='ltr'><strong>’Ἰ</strong></span> <span class='ocrx_word' id='word_1_222' title='bbox 1084 1877 1099 1898; x_wconf 68' lang='grc'>9</span> <span class='ocrx_word' id='word_1_223' title='bbox 1185 1878 1234 1898; x_wconf 60' lang='grc' dir='ltr'><strong>νυ</strong></span> <span class='ocrx_word' id='word_1_224' title='bbox 1294 1892 1299 1897; x_wconf 85' lang='grc'><strong>.</strong></span> <span class='ocrx_word' id='word_1_225' title='bbox 1410 1879 1456 1898; x_wconf 85' lang='lat' dir='ltr'><strong>m</strong></span> <span class='ocrx_word' id='word_1_226' title='bbox 1508 1876 1519 1895; x_wconf 66' lang='grc' dir='ltr'><strong><em>Ι</em></strong></span> <span class='ocrx_word' id='word_1_227' title='bbox 1664 1879 1724 1898; x_wconf 36' lang='lat'><strong>7&quot;</strong></span> <span class='ocrx_word' id='word_1_228' title='bbox 1795 1874 1899 1898; x_wconf 64' lang='grc' dir='ltr'><strong>-.-Ι</strong></span> <span class='ocrx_word' id='word_1_229' title='bbox 1944 1897 1947 1898; x_wconf 65' lang='lat'>,</span> 
     </span>
    </p>
   </div>
   <div class='ocr_carea' id='block_1_34' title="bbox 2111 1784 3740 1898">
    <p class='ocr_par' dir='ltr' id='par_1_34' title="bbox 2111 1784 3740 1898">
     <span class='ocr_line' id='line_1_35' title="bbox 2111 1784 3740 1898; baseline 0.007 -37"><span class='ocrx_word' id='word_1_230' title='bbox 2111 1808 2501 1898; x_wconf 80' lang='lat' dir='ltr'><strong>)ccuparit.Ea</strong></span> <span class='ocrx_word' id='word_1_231' title='bbox 2523 1784 2856 1884; x_wconf 71' lang='lat' dir='ltr'><strong>tempestate</strong></span> <span class='ocrx_word' id='word_1_232' title='bbox 2877 1815 3147 1886; x_wconf 65' lang='lat' dir='ltr'><strong>reliquias</strong></span> <span class='ocrx_word' id='word_1_233' title='bbox 3162 1784 3315 1872; x_wconf 74' lang='lat' dir='ltr'><strong>beati</strong></span> <span class='ocrx_word' id='word_1_234' title='bbox 3332 1784 3581 1889; x_wconf 43' lang='lat' dir='ltr'><strong>ap‘ostoli</strong></span> <span class='ocrx_word' id='word_1_235' title='bbox 3601 1784 3740 1874; x_wconf 85' lang='lat' dir='ltr'><strong>Bar—</strong></span> 
     </span>
    </p>
   </div>
   <div class='ocr_carea' id='block_1_35' title="bbox 329 1874 1982 1951">
    <p class='ocr_par' dir='ltr' id='par_1_35' title="bbox 329 1874 1982 1951">
     <span class='ocr_line' id='line_1_36' title="bbox 329 1874 1982 1951; baseline -0.004 -16"><span class='ocrx_word' id='word_1_236' title='bbox 329 1877 527 1951; x_wconf 72' lang='grc' dir='ltr'>πολὺν,</span> <span class='ocrx_word' id='word_1_237' title='bbox 561 1879 700 1935; x_wconf 77' lang='grc' dir='ltr'>ὥστε</span> <span class='ocrx_word' id='word_1_238' title='bbox 727 1879 828 1947; x_wconf 77' lang='grc' dir='ltr'>τήν</span> <span class='ocrx_word' id='word_1_239' title='bbox 860 1877 1022 1933; x_wconf 87' lang='grc' dir='ltr'>πόλιν</span> <span class='ocrx_word' id='word_1_240' title='bbox 1081 1877 1355 1947; x_wconf 80' lang='grc' dir='ltr'>ἐποζέσαι.</span> <span class='ocrx_word' id='word_1_241' title='bbox 1410 1876 1605 1949; x_wconf 86' lang='grc' dir='ltr'>Τούτῳ</span> <span class='ocrx_word' id='word_1_242' title='bbox 1656 1879 1737 1948; x_wconf 78' lang='grc' dir='ltr'><strong>τῷ</strong></span> <span class='ocrx_word' id='word_1_243' title='bbox 1794 1874 1982 1950; x_wconf 80' lang='grc' dir='ltr'>χρόνῳ</span> 
     </span>
    </p>
   </div>
   <div class='ocr_carea' id='block_1_36' title="bbox 325 1960 1984 2044">
    <p class='ocr_par' dir='ltr' id='par_1_36' title="bbox 325 1960 1984 2044">
     <span class='ocr_line' id='line_1_37' title="bbox 325 1960 1984 2044; baseline -0.004 -19"><span class='ocrx_word' id='word_1_244' title='bbox 325 1969 391 2025; x_wconf 87' lang='grc' dir='ltr'><strong>τὸ</strong></span> <span class='ocrx_word' id='word_1_245' title='bbox 440 1969 537 2025; x_wconf 77' lang='grc' dir='ltr'>τοῦ</span> <span class='ocrx_word' id='word_1_246' title='bbox 596 1968 754 2044; x_wconf 86' lang='grc' dir='ltr'>άγίου</span> <span class='ocrx_word' id='word_1_247' title='bbox 810 1963 1127 2024; x_wconf 75' lang='grc' dir='ltr'>ἀποστόλου</span> <span class='ocrx_word' id='word_1_248' title='bbox 1186 1960 1437 2041; x_wconf 73' lang='grc' dir='ltr'>Βαρνάϐα</span> <span class='ocrx_word' id='word_1_249' title='bbox 1496 1965 1752 2039; x_wconf 83' lang='grc' dir='ltr'>λείψανον</span> <span class='ocrx_word' id='word_1_250' title='bbox 1794 1960 1984 2040; x_wconf 77' lang='grc' dir='ltr'>ευρέθη</span> 
     </span>
    </p>
   </div>
   <div class='ocr_carea' id='block_1_37' title="bbox 328 2048 1985 2135">
    <p class='ocr_par' dir='ltr' id='par_1_37' title="bbox 328 2048 1985 2135">
     <span class='ocr_line' id='line_1_38' title="bbox 328 2048 1985 2135; baseline -0.003 -22"><span class='ocrx_word' id='word_1_251' title='bbox 328 2058 382 2114; x_wconf 80' lang='grc' dir='ltr'><strong>έν</strong></span> <span class='ocrx_word' id='word_1_252' title='bbox 442 2060 681 2135; x_wconf 78' lang='grc' dir='ltr'>Κύπρῳ,</span> <span class='ocrx_word' id='word_1_253' title='bbox 719 2057 825 2114; x_wconf 68' lang='grc' dir='ltr'><strong>ἱνα-τὸ</strong></span> <span class='ocrx_word' id='word_1_254' title='bbox 903 2055 1117 2133; x_wconf 81' lang='grc' dir='ltr'>δένδρον</span> <span class='ocrx_word' id='word_1_255' title='bbox 1177 2057 1433 2132; x_wconf 84' lang='grc' dir='ltr'>κερασέαν</span> <span class='ocrx_word' id='word_1_256' title='bbox 1483 2057 1799 2129; x_wconf 77' lang='grc' dir='ltr'><strong>ἱστάμενον,</strong></span> <span class='ocrx_word' id='word_1_257' title='bbox 1855 2048 1985 2129; x_wconf 79' lang='grc' dir='ltr'>ἔχον</span> 
     </span>
    </p>
   </div>
   <div class='ocr_carea' id='block_1_38' title="bbox 329 2140 1987 2223">
    <p class='ocr_par' dir='ltr' id='par_1_38' title="bbox 329 2140 1987 2223">
     <span class='ocr_line' id='line_1_39' title="bbox 329 2140 1987 2223; baseline -0.004 -20"><span class='ocrx_word' id='word_1_258' title='bbox 329 2147 417 2203; x_wconf 82' lang='grc' dir='ltr'><strong>ἐπὶ</strong></span> <span class='ocrx_word' id='word_1_259' title='bbox 450 2152 548 2204; x_wconf 81' lang='grc' dir='ltr'><strong>τοῦ</strong></span> <span class='ocrx_word' id='word_1_260' title='bbox 579 2150 812 2220; x_wconf 80' lang='grc' dir='ltr'>στήθους</span> <span class='ocrx_word' id='word_1_261' title='bbox 855 2147 917 2202; x_wconf 85' lang='grc' dir='ltr'><strong>τὸ</strong></span> <span class='ocrx_word' id='word_1_262' title='bbox 948 2147 1081 2203; x_wconf 84' lang='grc' dir='ltr'>κατὰ</span> <span class='ocrx_word' id='word_1_263' title='bbox 1146 2147 1419 2205; x_wconf 84' lang='grc' dir='ltr'>Ματθαῖον</span> <span class='ocrx_word' id='word_1_264' title='bbox 1468 2143 1805 2223; x_wconf 82' lang='grc' dir='ltr'>Εύαγγέλιον</span> <span class='ocrx_word' id='word_1_265' title='bbox 1840 2140 1987 2198; x_wconf 74' lang='grc' dir='ltr'>ἰδιό-</span> 
     </span>
    </p>
   </div>
   <div class='ocr_carea' id='block_1_39' title="bbox 328 2229 1989 2316">
    <p class='ocr_par' dir='ltr' id='par_1_39' title="bbox 328 2229 1989 2316">
     <span class='ocr_line' id='line_1_40' title="bbox 328 2229 1989 2316; baseline -0.002 -23"><span class='ocrx_word' id='word_1_266' title='bbox 328 2259 542 2316; x_wconf 64' lang='grc' dir='ltr'>γραφον</span> <span class='ocrx_word' id='word_1_267' title='bbox 621 2237 786 2292; x_wconf 77' lang='grc' dir='ltr'>αὐτοῦ</span> <span class='ocrx_word' id='word_1_268' title='bbox 870 2241 967 2292; x_wconf 78' lang='grc' dir='ltr'><strong>τοῦ</strong></span> <span class='ocrx_word' id='word_1_269' title='bbox 1051 2234 1361 2291; x_wconf 80' lang='grc' dir='ltr'>ἀποστόλου</span> <span class='ocrx_word' id='word_1_270' title='bbox 1420 2229 1693 2310; x_wconf 75' lang='grc' dir='ltr'>Βαρνάϐα.</span> <span class='ocrx_word' id='word_1_271' title='bbox 1750 2234 1835 2303; x_wconf 78' lang='grc' dir='ltr'>Ἐξ</span> <span class='ocrx_word' id='word_1_272' title='bbox 1923 2234 1989 2302; x_wconf 76' lang='grc' dir='ltr'>ἥς</span> 
     </span>
    </p>
   </div>
   <div class='ocr_carea' id='block_1_40' title="bbox 328 2320 1987 2404">
    <p class='ocr_par' dir='ltr' id='par_1_40' title="bbox 328 2320 1987 2404">
     <span class='ocr_line' id='line_1_41' title="bbox 328 2320 1987 2404; baseline -0.003 -22"><span class='ocrx_word' id='word_1_273' title='bbox 328 2328 655 2404; x_wconf 70' lang='grc' dir='ltr'><strong>προφάσεως</strong></span> <span class='ocrx_word' id='word_1_274' title='bbox 725 2320 908 2381; x_wconf 79' lang='grc' dir='ltr'>ἔκτοτε</span> <span class='ocrx_word' id='word_1_275' title='bbox 967 2325 1161 2400; x_wconf 84' lang='grc' dir='ltr'>γέγονε</span> <span class='ocrx_word' id='word_1_276' title='bbox 1216 2322 1562 2399; x_wconf 87' lang='grc' dir='ltr'>μητρόπολις</span> <span class='ocrx_word' id='word_1_277' title='bbox 1619 2325 1654 2392; x_wconf 81' lang='grc' dir='ltr'>ἡ</span> <span class='ocrx_word' id='word_1_278' title='bbox 1742 2322 1987 2398; x_wconf 78' lang='grc' dir='ltr'>Κύπρος,</span> 
     </span>
    </p>
   </div>
   <div class='ocr_carea' id='block_1_41' title="bbox 329 2409 1989 2489">
    <p class='ocr_par' dir='ltr' id='par_1_41' title="bbox 329 2409 1989 2489">
     <span class='ocr_line' id='line_1_42' title="bbox 329 2409 1989 2489; baseline -0.003 -19"><span class='ocrx_word' id='word_1_279' title='bbox 329 2415 533 2471; x_wconf 71' lang='grc' dir='ltr'>καὶτοῦ</span> <span class='ocrx_word' id='word_1_280' title='bbox 567 2417 643 2489; x_wconf 82' lang='grc' dir='ltr'><strong>μή</strong></span> <span class='ocrx_word' id='word_1_281' title='bbox 663 2413 842 2471; x_wconf 81' lang='grc' dir='ltr'>τελεῖν</span> <span class='ocrx_word' id='word_1_282' title='bbox 876 2414 980 2469; x_wconf 81' lang='grc' dir='ltr'>ὑπὸ</span> <span class='ocrx_word' id='word_1_283' title='bbox 1004 2414 1346 2488; x_wconf 66' lang='grc' dir='ltr'>Ἀντιόχειαν</span> <span class='ocrx_word' id='word_1_284' title='bbox 1372 2409 1501 2468; x_wconf 82' lang='grc' dir='ltr'>ἀλλ’</span> <span class='ocrx_word' id='word_1_285' title='bbox 1522 2412 1625 2467; x_wconf 81' lang='grc' dir='ltr'>ὑπὸ</span> <span class='ocrx_word' id='word_1_286' title='bbox 1644 2416 1989 2467; x_wconf 84' lang='grc' dir='ltr'>Κωνσταντι-</span> 
     </span>
    </p>
   </div>
   <div class='ocr_carea' id='block_1_42' title="bbox 342 2497 1988 2579">
    <p class='ocr_par' dir='ltr' id='par_1_42' title="bbox 342 2497 1988 2579">
     <span class='ocr_line' id='line_1_43' title="bbox 342 2497 1988 2579; baseline -0.003 -20"><span class='ocrx_word' id='word_1_287' title='bbox 342 2503 626 2560; x_wconf 63' lang='grc' dir='ltr'>νούπολιν.</span> <span class='ocrx_word' id='word_1_288' title='bbox 658 2504 736 2561; x_wconf 86' lang='grc' dir='ltr'><strong>Τὸ</strong></span> <span class='ocrx_word' id='word_1_289' title='bbox 775 2502 832 2559; x_wconf 73' lang='grc' dir='ltr'><strong>δὲ</strong></span> <span class='ocrx_word' id='word_1_290' title='bbox 860 2506 1113 2558; x_wconf 78' lang='grc' dir='ltr'>τοιοῦτον</span> <span class='ocrx_word' id='word_1_291' title='bbox 1143 2500 1396 2579; x_wconf 79' lang='grc' dir='ltr'>Εὐαγγέλ</span> <span class='ocrx_word' id='word_1_292' title='bbox 1410 2521 1485 2556; x_wconf 91' lang='grc' dir='ltr'>ιον</span> <span class='ocrx_word' id='word_1_293' title='bbox 1528 2502 1712 2572; x_wconf 88' lang='grc' dir='ltr'>Ζήνων</span> <span class='ocrx_word' id='word_1_294' title='bbox 1762 2497 1988 2564; x_wconf 67' lang='grc' dir='ltr'>ἀπέθετο</span> 
     </span>
    </p>
   </div>
   <div class='ocr_carea' id='block_1_43' title="bbox 329 2586 1987 2667">
    <p class='ocr_par' dir='ltr' id='par_1_43' title="bbox 329 2586 1987 2667">
     <span class='ocr_line' id='line_1_44' title="bbox 329 2586 1987 2667; baseline -0.005 -18"><span class='ocrx_word' id='word_1_295' title='bbox 329 2593 382 2649; x_wconf 82' lang='grc' dir='ltr'>ἐν</span> <span class='ocrx_word' id='word_1_296' title='bbox 406 2598 485 2666; x_wconf 78' lang='grc' dir='ltr'>τῷ</span> <span class='ocrx_word' id='word_1_297' title='bbox 523 2592 796 2666; x_wconf 83' lang='grc' dir='ltr'>παλατίῳ,</span> <span class='ocrx_word' id='word_1_298' title='bbox 830 2591 882 2648; x_wconf 78' lang='grc' dir='ltr'>ἐν</span> <span class='ocrx_word' id='word_1_299' title='bbox 912 2595 991 2665; x_wconf 77' lang='grc' dir='ltr'>τῷ</span> <span class='ocrx_word' id='word_1_300' title='bbox 1019 2595 1134 2664; x_wconf 80' lang='grc' dir='ltr'>ναῷ</span> <span class='ocrx_word' id='word_1_301' title='bbox 1188 2591 1285 2647; x_wconf 75' lang='grc' dir='ltr'>τοῦ</span> <span class='ocrx_word' id='word_1_302' title='bbox 1342 2590 1535 2667; x_wconf 79' lang='grc' dir='ltr'>Ἀγίου</span> <span class='ocrx_word' id='word_1_303' title='bbox 1595 2589 1873 2667; x_wconf 74' lang='grc' dir='ltr'><strong>Στεφάνου</strong></span> <span class='ocrx_word' id='word_1_304' title='bbox 1935 2586 1987 2642; x_wconf 80' lang='grc' dir='ltr'>ἐν</span> 
     </span>
    </p>
   </div>
   <div class='ocr_carea' id='block_1_44' title="bbox 323 2668 1347 2761">
    <p class='ocr_par' dir='ltr' id='par_1_44' title="bbox 323 2668 1347 2761">
     <span class='ocr_line' id='line_1_45' title="bbox 323 2668 1347 2761; baseline -0.001 -23"><span class='ocrx_word' id='word_1_305' title='bbox 323 2687 394 2758; x_wconf 83' lang='grc' dir='ltr'>τῇ</span> <span class='ocrx_word' id='word_1_306' title='bbox 419 2685 630 2761; x_wconf 61' lang='grc' dir='ltr'>Δάφνῃ.</span> <span class='ocrx_word' id='word_1_307' title='bbox 1338 2668 1347 2675; x_wconf 50' lang='grc'><strong>’</strong></span> 
     </span>
    </p>
   </div>
   <div class='ocr_carea' id='block_1_45' title="bbox 399 2765 1989 2847">
    <p class='ocr_par' dir='ltr' id='par_1_45' title="bbox 399 2765 1989 2847">
     <span class='ocr_line' id='line_1_46' title="bbox 399 2765 1989 2847; baseline -0.006 -18"><span class='ocrx_word' id='word_1_308' title='bbox 399 2775 496 2846; x_wconf 79' lang='grc' dir='ltr'><strong>Τῷ</strong></span> <span class='ocrx_word' id='word_1_309' title='bbox 530 2774 607 2847; x_wconf 79' lang='grc' dir='ltr'><strong>ιβ¹</strong></span> <span class='ocrx_word' id='word_1_310' title='bbox 639 2765 744 2827; x_wconf 78' lang='grc' dir='ltr'>ἔτει</span> <span class='ocrx_word' id='word_1_311' title='bbox 776 2771 957 2842; x_wconf 71' lang='grc' dir='ltr'><strong>Φῆλιξ</strong></span> <span class='ocrx_word' id='word_1_312' title='bbox 990 2769 1040 2825; x_wconf 77' lang='grc' dir='ltr'>ἐν</span> <span class='ocrx_word' id='word_1_313' title='bbox 1075 2774 1153 2842; x_wconf 79' lang='grc' dir='ltr'>τῷ</span> <span class='ocrx_word' id='word_1_314' title='bbox 1190 2772 1306 2841; x_wconf 78' lang='grc' dir='ltr'><strong>ναῷ</strong></span> <span class='ocrx_word' id='word_1_315' title='bbox 1353 2774 1460 2825; x_wconf 79' lang='grc' dir='ltr'><strong>τῶν</strong></span> <span class='ocrx_word' id='word_1_316' title='bbox 1497 2766 1695 2845; x_wconf 80' lang='grc' dir='ltr'>Ἁγίων</span> <span class='ocrx_word' id='word_1_317' title='bbox 1728 2765 1989 2824; x_wconf 84' lang='grc' dir='ltr'>Ἀποστό-</span> 
     </span>
    </p>
   </div>
   <div class='ocr_carea' id='block_1_46' title="bbox 337 2853 1990 2934">
    <p class='ocr_par' dir='ltr' id='par_1_46' title="bbox 337 2853 1990 2934">
     <span class='ocr_line' id='line_1_47' title="bbox 337 2853 1990 2934; baseline -0.004 -18"><span class='ocrx_word' id='word_1_318' title='bbox 337 2859 451 2916; x_wconf 87' lang='grc' dir='ltr'><strong>λων</strong></span> <span class='ocrx_word' id='word_1_319' title='bbox 483 2857 691 2934; x_wconf 77' lang='grc' dir='ltr'>Πέτρου</span> <span class='ocrx_word' id='word_1_320' title='bbox 745 2860 832 2916; x_wconf 74' lang='grc' dir='ltr'><strong>καὶ</strong></span> <span class='ocrx_word' id='word_1_321' title='bbox 866 2858 1090 2916; x_wconf 77' lang='grc' dir='ltr'>Παύλου</span> <span class='ocrx_word' id='word_1_322' title='bbox 1148 2854 1371 2913; x_wconf 80' lang='grc' dir='ltr'>σύνοδον</span> <span class='ocrx_word' id='word_1_323' title='bbox 1429 2859 1662 2928; x_wconf 86' lang='grc' dir='ltr'>ποιήσας</span> <span class='ocrx_word' id='word_1_324' title='bbox 1721 2853 1818 2911; x_wconf 80' lang='grc' dir='ltr'>δύο</span> <span class='ocrx_word' id='word_1_325' title='bbox 1875 2854 1990 2910; x_wconf 80' lang='grc' dir='ltr'>ἐπι-</span> 
     </span>
    </p>
   </div>
   <div class='ocr_carea' id='block_1_47' title="bbox 333 2941 1994 3021">
    <p class='ocr_par' dir='ltr' id='par_1_47' title="bbox 333 2941 1994 3021">
     <span class='ocr_line' id='line_1_48' title="bbox 333 2941 1994 3021; baseline -0.004 -17"><span class='ocrx_word' id='word_1_326' title='bbox 333 2950 573 3014; x_wconf 85' lang='grc' dir='ltr'>σκόπους</span> <span class='ocrx_word' id='word_1_327' title='bbox 629 2951 720 3006; x_wconf 80' lang='grc' dir='ltr'><strong>καὶ</strong></span> <span class='ocrx_word' id='word_1_328' title='bbox 784 2944 999 3005; x_wconf 78' lang='grc' dir='ltr'>ἔκδικον</span> <span class='ocrx_word' id='word_1_329' title='bbox 1058 2950 1170 3021; x_wconf 88' lang='lat'><strong>(88)</strong></span> <span class='ocrx_word' id='word_1_330' title='bbox 1227 2941 1465 3020; x_wconf 81' lang='grc' dir='ltr'>ἔπεμψεν</span> <span class='ocrx_word' id='word_1_331' title='bbox 1554 2945 1606 3001; x_wconf 71' lang='grc' dir='ltr'>ἰν</span> <span class='ocrx_word' id='word_1_332' title='bbox 1657 2948 1994 3002; x_wconf 88' lang='grc' dir='ltr'>Κωνσταντι-</span> 
     </span>
    </p>
   </div>
   <div class='ocr_carea' id='block_1_48' title="bbox 338 3028 1992 3117">
    <p class='ocr_par' dir='ltr' id='par_1_48' title="bbox 338 3028 1992 3117">
     <span class='ocr_line' id='line_1_49' title="bbox 338 3028 1992 3117; baseline -0.005 -22"><span class='ocrx_word' id='word_1_333' title='bbox 338 3038 625 3112; x_wconf 84' lang='grc' dir='ltr'>νουπόλει,</span> <span class='ocrx_word' id='word_1_334' title='bbox 683 3040 895 3117; x_wconf 78' lang='grc' dir='ltr'>γράψας</span> <span class='ocrx_word' id='word_1_335' title='bbox 982 3038 1192 3108; x_wconf 90' lang='grc' dir='ltr'>Ζήνωνι</span> <span class='ocrx_word' id='word_1_336' title='bbox 1268 3034 1360 3090; x_wconf 83' lang='grc' dir='ltr'>καὶ</span> <span class='ocrx_word' id='word_1_337' title='bbox 1414 3034 1649 3107; x_wconf 86' lang='grc' dir='ltr'>Ἀκακίῳ</span> <span class='ocrx_word' id='word_1_338' title='bbox 1740 3028 1992 3090; x_wconf 76' lang='grc' dir='ltr'>ἐκϐαλεῖν</span> 
     </span>
    </p>
   </div>
   <div class='ocr_carea' id='block_1_49' title="bbox 338 3120 1920 3206">
    <p class='ocr_par' dir='ltr' id='par_1_49' title="bbox 338 3120 1920 3206">
     <span class='ocr_line' id='line_1_50' title="bbox 338 3120 1920 3206; baseline -0.003 -21"><span class='ocrx_word' id='word_1_339' title='bbox 338 3129 542 3206; x_wconf 82' lang='grc' dir='ltr'>Πέτρον</span> <span class='ocrx_word' id='word_1_340' title='bbox 584 3130 676 3185; x_wconf 81' lang='grc' dir='ltr'>τὸν</span> <span class='ocrx_word' id='word_1_341' title='bbox 706 3129 925 3203; x_wconf 81' lang='grc' dir='ltr'>Μογγὸν</span> <span class='ocrx_word' id='word_1_342' title='bbox 959 3127 1033 3190; x_wconf 84' lang='grc' dir='ltr'><strong>ὡς</strong></span> <span class='ocrx_word' id='word_1_343' title='bbox 1075 3124 1342 3201; x_wconf 71' lang='grc' dir='ltr'>αἱρετικὸν</span> <span class='ocrx_word' id='word_1_344' title='bbox 1361 3130 1462 3194; x_wconf 81' lang='grc' dir='ltr'><strong>τῆς</strong></span> <span class='ocrx_word' id='word_1_345' title='bbox 1495 3120 1920 3198; x_wconf 77' lang='grc' dir='ltr'>Ἀλεξανδρείας.</span> 
     </span>
    </p>
   </div>
   <div class='ocr_carea' id='block_1_50' title="bbox 414 3199 1993 3293">
    <p class='ocr_par' dir='ltr' id='par_1_50' title="bbox 414 3199 1993 3293">
     <span class='ocr_line' id='line_1_51' title="bbox 414 3199 1993 3293; baseline -0.006 -18"><span class='ocrx_word' id='word_1_346' title='bbox 546 3219 607 3293; x_wconf 84' lang='grc' dir='ltr'><strong>ιγ’</strong></span> <span class='ocrx_word' id='word_1_347' title='bbox 638 3212 765 3288; x_wconf 81' lang='grc' dir='ltr'>ἔτει,</span> <span class='ocrx_word' id='word_1_348' title='bbox 930 3215 1038 3271; x_wconf 78' lang='grc' dir='ltr'><strong>ἀπὸ</strong></span> <span class='ocrx_word' id='word_1_349' title='bbox 1059 3199 1281 3290; x_wconf 76' lang='grc' dir='ltr'>Ῥώμης</span> <span class='ocrx_word' id='word_1_350' title='bbox 1311 3212 1688 3291; x_wconf 68' lang='grc' dir='ltr'>κρατηθέντων</span> <span class='ocrx_word' id='word_1_351' title='bbox 1711 3211 1764 3268; x_wconf 76' lang='grc' dir='ltr'>ἐν</span> <span class='ocrx_word' id='word_1_352' title='bbox 1782 3208 1993 3285; x_wconf 72' lang='grc' dir='ltr'>Ἀϐύδῳ</span> 
     </span>
    </p>
   </div>
   <div class='ocr_carea' id='block_1_51' title="bbox 2111 3199 2963 3293">
    <p class='ocr_par' dir='ltr' id='par_1_51' title="bbox 2175 3199 2963 3279">
     <span class='ocr_line' id='line_1_52' title="bbox 2175 3199 2963 3279; baseline 0.009 -8"><span class='ocrx_word' id='word_1_353' title='bbox 2175 3219 2347 3273; x_wconf 85' lang='lat' dir='ltr'><strong>Anno</strong></span> <span class='ocrx_word' id='word_1_354' title='bbox 2380 3219 2446 3274; x_wconf 88' lang='grc'><strong>13</strong></span> <span class='ocrx_word' id='word_1_355' title='bbox 2474 3199 2728 3276; x_wconf 81' lang='lat' dir='ltr'><strong>Zenonis</strong></span> <span class='ocrx_word' id='word_1_356' title='bbox 2759 3226 2818 3277; x_wconf 88' lang='lat' dir='ltr'><strong>et</strong></span> <span class='ocrx_word' id='word_1_357' title='bbox 2844 3224 2963 3279; x_wconf 80' lang='lat' dir='ltr'><strong>Aca</strong></span> 
     </span>
    </p>
   </div>
   <div class='ocr_carea' id='block_1_52' title="bbox 340 3302 1991 3383">
    <p class='ocr_par' dir='ltr' id='par_1_52' title="bbox 340 3302 1991 3383">
     <span class='ocr_line' id='line_1_53' title="bbox 340 3302 1991 3383; baseline -0.004 -21"><span class='ocrx_word' id='word_1_358' title='bbox 340 3309 534 3383; x_wconf 77' lang='grc' dir='ltr'>γνώμῃ</span> <span class='ocrx_word' id='word_1_359' title='bbox 579 3309 831 3379; x_wconf 88' lang='grc' dir='ltr'>Ζήνωνος</span> <span class='ocrx_word' id='word_1_360' title='bbox 883 3306 973 3362; x_wconf 82' lang='grc' dir='ltr'>καὶ</span> <span class='ocrx_word' id='word_1_361' title='bbox 1033 3302 1292 3361; x_wconf 82' lang='grc' dir='ltr'>Ἀκακίου</span> <span class='ocrx_word' id='word_1_362' title='bbox 1349 3303 1439 3359; x_wconf 76' lang='grc' dir='ltr'>καὶ</span> <span class='ocrx_word' id='word_1_363' title='bbox 1487 3307 1596 3358; x_wconf 84' lang='grc' dir='ltr'><strong>τῶν</strong></span> <span class='ocrx_word' id='word_1_364' title='bbox 1650 3302 1991 3379; x_wconf 75' lang='grc' dir='ltr'>γραμμάτων</span> 
     </span>
    </p>
   </div>
   <div class='ocr_carea' id='block_1_53' title="bbox 343 3389 1995 3479">
    <p class='ocr_par' dir='ltr' id='par_1_53' title="bbox 343 3389 1995 3479">
     <span class='ocr_line' id='line_1_54' title="bbox 343 3389 1995 3479; baseline -0.007 -23"><span class='ocrx_word' id='word_1_365' title='bbox 343 3396 734 3479; x_wconf 66' lang='grc' dir='ltr'>ἀφαιρεθέντων</span> <span class='ocrx_word' id='word_1_366' title='bbox 784 3395 873 3451; x_wconf 79' lang='grc' dir='ltr'>καὶ</span> <span class='ocrx_word' id='word_1_367' title='bbox 929 3393 979 3449; x_wconf 80' lang='grc' dir='ltr'><strong>έν</strong></span> <span class='ocrx_word' id='word_1_368' title='bbox 1038 3397 1248 3471; x_wconf 77' lang='grc' dir='ltr'>φρουρᾷ</span> <span class='ocrx_word' id='word_1_369' title='bbox 1338 3389 1674 3468; x_wconf 78' lang='grc' dir='ltr'>βληθέντων,</span> <span class='ocrx_word' id='word_1_370' title='bbox 1724 3389 1995 3462; x_wconf 79' lang='grc' dir='ltr'><strong>ἠπείλησε</strong></span> 
     </span>
    </p>
   </div>
   <div class='ocr_carea' id='block_1_54' title="bbox 347 3480 1996 3559">
    <p class='ocr_par' dir='ltr' id='par_1_54' title="bbox 347 3480 1996 3559">
     <span class='ocr_line' id='line_1_55' title="bbox 347 3480 1996 3559; baseline -0.005 -17"><span class='ocrx_word' id='word_1_371' title='bbox 347 3490 532 3559; x_wconf 87' lang='grc' dir='ltr'>Ζήνων</span> <span class='ocrx_word' id='word_1_372' title='bbox 563 3484 814 3553; x_wconf 75' lang='grc' dir='ltr'>τούτους,</span> <span class='ocrx_word' id='word_1_373' title='bbox 847 3484 1053 3540; x_wconf 82' lang='grc' dir='ltr'>ἀνελεῖν</span> <span class='ocrx_word' id='word_1_374' title='bbox 1062 3527 1081 3553; x_wconf 85' lang='lat'><strong>,</strong></span> <span class='ocrx_word' id='word_1_375' title='bbox 1113 3482 1158 3537; x_wconf 82' lang='grc' dir='ltr'>εἷ</span> <span class='ocrx_word' id='word_1_376' title='bbox 1193 3482 1269 3556; x_wconf 77' lang='grc' dir='ltr'>μὴ</span> <span class='ocrx_word' id='word_1_377' title='bbox 1296 3483 1721 3553; x_wconf 75' lang='grc' dir='ltr'>κοινωνήσουσιν</span> <span class='ocrx_word' id='word_1_378' title='bbox 1755 3480 1996 3553; x_wconf 85' lang='grc' dir='ltr'>Ἀκακίῳ</span> 
     </span>
    </p>
   </div>
   <div class='ocr_carea' id='block_1_55' title="bbox 344 3572 1022 3650">
    <p class='ocr_par' dir='ltr' id='par_1_55' title="bbox 344 3572 1022 3650">
     <span class='ocr_line' id='line_1_56' title="bbox 344 3572 1022 3650; baseline -0.007 -18"><span class='ocrx_word' id='word_1_379' title='bbox 344 3577 436 3632; x_wconf 81' lang='grc' dir='ltr'>καὶ</span> <span class='ocrx_word' id='word_1_380' title='bbox 471 3572 660 3650; x_wconf 80' lang='grc' dir='ltr'>Πέτρῳ</span> <span class='ocrx_word' id='word_1_381' title='bbox 687 3579 767 3648; x_wconf 80' lang='grc' dir='ltr'>τῷ</span> <span class='ocrx_word' id='word_1_382' title='bbox 800 3575 1022 3650; x_wconf 78' lang='grc' dir='ltr'>Μογγῷ-</span> 
     </span>
    </p>
   </div>
   <div class='ocr_carea' id='block_1_56' title="bbox 423 3657 1999 3737">
    <p class='ocr_par' dir='ltr' id='par_1_56' title="bbox 423 3657 1999 3737">
     <span class='ocr_line' id='line_1_57' title="bbox 423 3657 1985 3724; baseline -0.005 -40"><span class='ocrx_word' id='word_1_383' title='bbox 423 3668 506 3724; x_wconf 66' lang='grc' dir='ltr'><strong>Τη-</strong></span> <span class='ocrx_word' id='word_1_384' title='bbox 601 3666 615 3687; x_wconf 69' lang='grc' dir='ltr'><strong>ν</strong></span> <span class='ocrx_word' id='word_1_385' title='bbox 646 3660 671 3683; x_wconf 68' lang='grc' dir='ltr'><strong><em>ν</em></strong></span> <span class='ocrx_word' id='word_1_386' title='bbox 1093 3664 1120 3677; x_wconf 83' lang='lat'><strong><em>~</em></strong></span> <span class='ocrx_word' id='word_1_387' title='bbox 1334 3663 1361 3676; x_wconf 68' lang='grc' dir='ltr'><strong>ς-</strong></span> <span class='ocrx_word' id='word_1_388' title='bbox 1397 3661 1408 3677; x_wconf 76' lang='grc' dir='ltr'>ι</span> <span class='ocrx_word' id='word_1_389' title='bbox 1532 3680 1543 3692; x_wconf 41' lang='grc' dir='ltr'>ι</span> <span class='ocrx_word' id='word_1_390' title='bbox 1570 3658 1585 3694; x_wconf 64' lang='grc' dir='ltr'><strong><em>ε</em></strong></span> <span class='ocrx_word' id='word_1_391' title='bbox 1773 3657 1786 3675; x_wconf 65' lang='grc' dir='ltr'><strong>ς</strong></span> <span class='ocrx_word' id='word_1_392' title='bbox 1971 3657 1985 3676; x_wconf 63' lang='grc' dir='ltr'><strong>ς</strong></span> 
     </span>
     <span class='ocr_line' id='line_1_58' title="bbox 474 3657 1999 3737; baseline -0.004 -18"><span class='ocrx_word' id='word_1_393' title='bbox 474 3688 519 3737; x_wconf 88' lang='grc' dir='ltr'><strong>ῳ</strong></span> <span class='ocrx_word' id='word_1_394' title='bbox 553 3685 598 3719; x_wconf 87' lang='grc' dir='ltr'><strong>ιε</strong></span> <span class='ocrx_word' id='word_1_395' title='bbox 645 3684 749 3719; x_wconf 87' lang='grc' dir='ltr'>ετει</span> <span class='ocrx_word' id='word_1_396' title='bbox 808 3664 998 3734; x_wconf 87' lang='grc' dir='ltr'>Ζήνων</span> <span class='ocrx_word' id='word_1_397' title='bbox 1054 3682 1124 3736; x_wconf 72' lang='grc' dir='ltr'>τῃ</span> <span class='ocrx_word' id='word_1_398' title='bbox 1187 3657 1365 3737; x_wconf 77' lang='grc' dir='ltr'>βουλῃ</span> <span class='ocrx_word' id='word_1_399' title='bbox 1411 3663 1651 3717; x_wconf 51' lang='lat' dir='ltr'><strong>Ammon</strong></span> <span class='ocrx_word' id='word_1_400' title='bbox 1705 3679 1834 3721; x_wconf 89' lang='grc' dir='ltr'>τους</span> <span class='ocrx_word' id='word_1_401' title='bbox 1862 3678 1999 3714; x_wconf 90' lang='grc' dir='ltr'>κατα</span> 
     </span>
    </p>
   </div>
   <div class='ocr_carea' id='block_1_57' title="bbox 349 3744 2001 3826">
    <p class='ocr_par' dir='ltr' id='par_1_57' title="bbox 349 3744 2001 3826">
     <span class='ocr_line' id='line_1_59' title="bbox 349 3744 2001 3826; baseline -0.005 -16"><span class='ocrx_word' id='word_1_402' title='bbox 349 3756 451 3825; x_wconf 76' lang='grc' dir='ltr'>τήν</span> <span class='ocrx_word' id='word_1_403' title='bbox 481 3754 654 3826; x_wconf 78' lang='grc' dir='ltr'>Ἐῲαν</span> <span class='ocrx_word' id='word_1_404' title='bbox 686 3751 1016 3813; x_wconf 76' lang='grc' dir='ltr'>ἐπισκόπους</span> <span class='ocrx_word' id='word_1_405' title='bbox 1072 3744 1319 3820; x_wconf 76' lang='grc' dir='ltr'>ἐϐιάζετο</span> <span class='ocrx_word' id='word_1_406' title='bbox 1378 3748 1685 3824; x_wconf 80' lang='grc' dir='ltr'>ὑπογράψαι</span> <span class='ocrx_word' id='word_1_407' title='bbox 1726 3752 1807 3820; x_wconf 81' lang='grc' dir='ltr'>τῷ</span> <span class='ocrx_word' id='word_1_408' title='bbox 1838 3749 2001 3804; x_wconf 84' lang='grc' dir='ltr'>Ἐνω-</span> 
     </span>
    </p>
   </div>
   <div class='ocr_carea' id='block_1_58' title="bbox 349 3833 2004 3917">
    <p class='ocr_par' dir='ltr' id='par_1_58' title="bbox 349 3833 2004 3917">
     <span class='ocr_line' id='line_1_60' title="bbox 349 3833 2004 3917; baseline -0.005 -19"><span class='ocrx_word' id='word_1_409' title='bbox 349 3848 513 3917; x_wconf 83' lang='grc' dir='ltr'>τικῷ,</span> <span class='ocrx_word' id='word_1_410' title='bbox 574 3842 706 3915; x_wconf 78' lang='grc' dir='ltr'>ὅπερ</span> <span class='ocrx_word' id='word_1_411' title='bbox 759 3840 923 3902; x_wconf 75' lang='grc' dir='ltr'>αὐτὸς</span> <span class='ocrx_word' id='word_1_412' title='bbox 977 3840 1226 3900; x_wconf 76' lang='grc' dir='ltr'>’Δκάκιος</span> <span class='ocrx_word' id='word_1_413' title='bbox 1286 3835 1540 3909; x_wconf 81' lang='grc' dir='ltr'>ἐποίησεν</span> <span class='ocrx_word' id='word_1_414' title='bbox 1592 3837 1648 3907; x_wconf 83' lang='grc' dir='ltr'>ἐξ</span> <span class='ocrx_word' id='word_1_415' title='bbox 1702 3833 1842 3898; x_wconf 73' lang='grc' dir='ltr'>ἰδίας</span> <span class='ocrx_word' id='word_1_416' title='bbox 1869 3857 2004 3911; x_wconf 86' lang='grc' dir='ltr'>καρ-</span> 
     </span>
    </p>
   </div>
   <div class='ocr_carea' id='block_1_59' title="bbox 356 3927 2004 4003">
    <p class='ocr_par' dir='ltr' id='par_1_59' title="bbox 356 3927 2004 4003">
     <span class='ocr_line' id='line_1_61' title="bbox 356 3927 2004 4003; baseline -0.003 -16"><span class='ocrx_word' id='word_1_417' title='bbox 356 3929 478 3994; x_wconf 87' lang='grc' dir='ltr'>δίας</span> <span class='ocrx_word' id='word_1_418' title='bbox 537 3931 811 4001; x_wconf 76' lang='grc' dir='ltr'>συντάξας,</span> <span class='ocrx_word' id='word_1_419' title='bbox 871 3929 962 3984; x_wconf 84' lang='grc' dir='ltr'>καὶ</span> <span class='ocrx_word' id='word_1_420' title='bbox 1016 3934 1348 3998; x_wconf 74' lang='grc' dir='ltr'>κοινωνῆσαι</span> <span class='ocrx_word' id='word_1_421' title='bbox 1420 3927 1606 4002; x_wconf 78' lang='grc' dir='ltr'>Πέτρῳ</span> <span class='ocrx_word' id='word_1_422' title='bbox 1635 3929 1716 3999; x_wconf 74' lang='grc' dir='ltr'><strong>τῷ</strong></span> <span class='ocrx_word' id='word_1_423' title='bbox 1768 3927 2004 4003; x_wconf 83' lang='grc' dir='ltr'>Μογγῷ.</span> 
     </span>
    </p>
   </div>
   <div class='ocr_carea' id='block_1_60' title="bbox 2094 1896 3743 1975">
    <p class='ocr_par' dir='ltr' id='par_1_60' title="bbox 2094 1896 3743 1975">
     <span class='ocr_line' id='line_1_62' title="bbox 2094 1896 3743 1975; baseline 0.007 -25"><span class='ocrx_word' id='word_1_424' title='bbox 2094 1896 2262 1952; x_wconf 71' lang='lat' dir='ltr'><strong>nabaa</strong></span> <span class='ocrx_word' id='word_1_425' title='bbox 2283 1897 2534 1954; x_wconf 68' lang='lat' dir='ltr'><strong>iuventte</strong></span> <span class='ocrx_word' id='word_1_426' title='bbox 2556 1902 2771 1956; x_wconf 87' lang='lat' dir='ltr'><strong>suntin</strong></span> <span class='ocrx_word' id='word_1_427' title='bbox 2793 1904 3000 1975; x_wconf 87' lang='lat' dir='ltr'><strong>Cypro.</strong></span> <span class='ocrx_word' id='word_1_428' title='bbox 3024 1905 3263 1960; x_wconf 87' lang='lat' dir='ltr'><strong>Jacebat</strong></span> <span class='ocrx_word' id='word_1_429' title='bbox 3286 1906 3533 1962; x_wconf 85' lang='lat' dir='ltr'><strong>cadaver</strong></span> <span class='ocrx_word' id='word_1_430' title='bbox 3556 1907 3613 1962; x_wconf 91' lang='lat' dir='ltr'><strong>id</strong></span> <span class='ocrx_word' id='word_1_431' title='bbox 3634 1907 3743 1962; x_wconf 88' lang='lat' dir='ltr'><strong>sub</strong></span> 
     </span>
    </p>
   </div>
   <div class='ocr_carea' id='block_1_61' title="bbox 2094 1985 3742 2064">
    <p class='ocr_par' dir='ltr' id='par_1_61' title="bbox 2094 1985 3742 2064">
     <span class='ocr_line' id='line_1_63' title="bbox 2094 1985 3742 2064; baseline 0.007 -25"><span class='ocrx_word' id='word_1_432' title='bbox 2094 1985 2304 2042; x_wconf 88' lang='lat' dir='ltr'><strong>arbore</strong></span> <span class='ocrx_word' id='word_1_433' title='bbox 2353 2003 2577 2053; x_wconf 87' lang='lat' dir='ltr'><strong>ceraso,</strong></span> <span class='ocrx_word' id='word_1_434' title='bbox 2628 1992 3003 2063; x_wconf 83' lang='lat' dir='ltr'><strong>Evangelium</strong></span> <span class='ocrx_word' id='word_1_435' title='bbox 3073 1993 3233 2064; x_wconf 91' lang='lat' dir='ltr'><strong>quod</strong></span> <span class='ocrx_word' id='word_1_436' title='bbox 3280 1995 3433 2051; x_wconf 72' lang='lat'><strong>619</strong></span> <span class='ocrx_word' id='word_1_437' title='bbox 3490 1997 3547 2052; x_wconf 93' lang='lat' dir='ltr'><strong>S.</strong></span> <span class='ocrx_word' id='word_1_438' title='bbox 3605 1998 3742 2051; x_wconf 85' lang='lat' dir='ltr'><strong>Mat-</strong></span> 
     </span>
    </p>
   </div>
   <div class='ocr_carea' id='block_1_62' title="bbox 2093 2074 3742 2154">
    <p class='ocr_par' dir='ltr' id='par_1_62' title="bbox 2093 2074 3742 2154">
     <span class='ocr_line' id='line_1_64' title="bbox 2093 2074 3742 2154; baseline 0.007 -26"><span class='ocrx_word' id='word_1_439' title='bbox 2093 2074 2285 2130; x_wconf 75' lang='lat' dir='ltr'><strong>thzeus</strong></span> <span class='ocrx_word' id='word_1_440' title='bbox 2315 2084 2749 2149; x_wconf 85' lang='lat' dir='ltr'><strong>composuerat,</strong></span> <span class='ocrx_word' id='word_1_441' title='bbox 2774 2080 2835 2134; x_wconf 91' lang='lat' dir='ltr'><strong>in</strong></span> <span class='ocrx_word' id='word_1_442' title='bbox 2856 2086 3096 2152; x_wconf 88' lang='lat' dir='ltr'><strong>pectore</strong></span> <span class='ocrx_word' id='word_1_443' title='bbox 3116 2087 3376 2154; x_wconf 80' lang='lat' dir='ltr'><strong>gestans,</strong></span> <span class='ocrx_word' id='word_1_444' title='bbox 3406 2100 3586 2140; x_wconf 90' lang='lat' dir='ltr'><strong>manu</strong></span> <span class='ocrx_word' id='word_1_445' title='bbox 3610 2085 3742 2139; x_wconf 84' lang='lat' dir='ltr'><strong>Bar-</strong></span> 
     </span>
    </p>
   </div>
   <div class='ocr_carea' id='block_1_63' title="bbox 2094 2164 3741 2245">
    <p class='ocr_par' dir='ltr' id='par_1_63' title="bbox 2094 2164 3741 2245">
     <span class='ocr_line' id='line_1_65' title="bbox 2094 2164 3741 2245; baseline 0.005 -28"><span class='ocrx_word' id='word_1_446' title='bbox 2094 2164 2263 2219; x_wconf 67' lang='lat' dir='ltr'><strong>nabaa</strong></span> <span class='ocrx_word' id='word_1_447' title='bbox 2294 2165 2684 2238; x_wconf 88' lang='lat' dir='ltr'><strong>descriptum.</strong></span> <span class='ocrx_word' id='word_1_448' title='bbox 2707 2170 2787 2225; x_wconf 89' lang='lat' dir='ltr'><strong>Ea</strong></span> <span class='ocrx_word' id='word_1_449' title='bbox 2803 2170 3117 2226; x_wconf 87' lang='lat' dir='ltr'><strong>occasione</strong></span> <span class='ocrx_word' id='word_1_450' title='bbox 3145 2173 3372 2243; x_wconf 87' lang='lat' dir='ltr'><strong>Cyprus</strong></span> <span class='ocrx_word' id='word_1_451' title='bbox 3393 2173 3741 2245; x_wconf 86' lang='lat' dir='ltr'><strong>metropolis</strong></span> 
     </span>
    </p>
   </div>
   <div class='ocr_carea' id='block_1_64' title="bbox 2092 2253 3737 2331">
    <p class='ocr_par' dir='ltr' id='par_1_64' title="bbox 2092 2253 3737 2331">
     <span class='ocr_line' id='line_1_66' title="bbox 2092 2253 3737 2331; baseline 0.007 -24"><span class='ocrx_word' id='word_1_452' title='bbox 2092 2253 2248 2310; x_wconf 85' lang='lat' dir='ltr'><strong>facta</strong></span> <span class='ocrx_word' id='word_1_453' title='bbox 2277 2260 2388 2323; x_wconf 88' lang='lat' dir='ltr'><strong>est,</strong></span> <span class='ocrx_word' id='word_1_454' title='bbox 2415 2260 2483 2310; x_wconf 91' lang='lat' dir='ltr'><strong>ut</strong></span> <span class='ocrx_word' id='word_1_455' title='bbox 2502 2256 2630 2327; x_wconf 88' lang='lat' dir='ltr'><strong>jam</strong></span> <span class='ocrx_word' id='word_1_456' title='bbox 2672 2275 2793 2314; x_wconf 90' lang='lat' dir='ltr'><strong>non</strong></span> <span class='ocrx_word' id='word_1_457' title='bbox 2822 2260 3080 2331; x_wconf 88' lang='lat' dir='ltr'><strong>amplius</strong></span> <span class='ocrx_word' id='word_1_458' title='bbox 3110 2261 3219 2317; x_wconf 90' lang='lat' dir='ltr'><strong>sub</strong></span> <span class='ocrx_word' id='word_1_459' title='bbox 3249 2262 3559 2318; x_wconf 84' lang='lat' dir='ltr'><strong>Antiochia</strong></span> <span class='ocrx_word' id='word_1_460' title='bbox 3594 2279 3737 2317; x_wconf 89' lang='lat' dir='ltr'><strong>cen-</strong></span> 
     </span>
    </p>
   </div>
   <div class='ocr_carea' id='block_1_65' title="bbox 2094 2344 3736 2423">
    <p class='ocr_par' dir='ltr' id='par_1_65' title="bbox 2094 2344 3736 2423">
     <span class='ocr_line' id='line_1_67' title="bbox 2094 2344 3736 2423; baseline 0.006 -27"><span class='ocrx_word' id='word_1_461' title='bbox 2094 2348 2345 2410; x_wconf 86' lang='lat' dir='ltr'><strong>seretur,</strong></span> <span class='ocrx_word' id='word_1_462' title='bbox 2378 2344 2481 2399; x_wconf 86' lang='lat' dir='ltr'><strong>sed</strong></span> <span class='ocrx_word' id='word_1_463' title='bbox 2512 2345 2623 2401; x_wconf 90' lang='lat' dir='ltr'><strong>soli</strong></span> <span class='ocrx_word' id='word_1_464' title='bbox 2678 2347 2842 2418; x_wconf 91' lang='lat' dir='ltr'><strong>Cpoli</strong></span> <span class='ocrx_word' id='word_1_465' title='bbox 2896 2348 3186 2405; x_wconf 87' lang='lat' dir='ltr'><strong>subesset.</strong></span> <span class='ocrx_word' id='word_1_466' title='bbox 3239 2349 3303 2405; x_wconf 92' lang='lat' dir='ltr'><strong>Id</strong></span> <span class='ocrx_word' id='word_1_467' title='bbox 3357 2350 3736 2423; x_wconf 87' lang='lat' dir='ltr'><strong>Evangelium</strong></span> 
     </span>
    </p>
   </div>
   <div class='ocr_carea' id='block_1_66' title="bbox 2094 2431 3744 2510">
    <p class='ocr_par' dir='ltr' id='par_1_66' title="bbox 2094 2431 3744 2510">
     <span class='ocr_line' id='line_1_68' title="bbox 2094 2431 3744 2510; baseline 0.006 -27"><span class='ocrx_word' id='word_1_468' title='bbox 2094 2431 2247 2485; x_wconf 87' lang='lat' dir='ltr'><strong>Zeno</strong></span> <span class='ocrx_word' id='word_1_469' title='bbox 2280 2433 2541 2502; x_wconf 85' lang='lat' dir='ltr'><strong>reposuit</strong></span> <span class='ocrx_word' id='word_1_470' title='bbox 2563 2435 2625 2487; x_wconf 90' lang='lat' dir='ltr'><strong>in</strong></span> <span class='ocrx_word' id='word_1_471' title='bbox 2646 2434 2888 2505; x_wconf 76' lang='lat' dir='ltr'><strong>palatio,</strong></span> <span class='ocrx_word' id='word_1_472' title='bbox 2912 2436 2974 2491; x_wconf 91' lang='lat' dir='ltr'><strong>in</strong></span> <span class='ocrx_word' id='word_1_473' title='bbox 2997 2437 3123 2492; x_wconf 69' lang='lat' dir='ltr'><strong>aede</strong></span> <span class='ocrx_word' id='word_1_474' title='bbox 3152 2438 3346 2493; x_wconf 90' lang='lat' dir='ltr'><strong>Sancti</strong></span> <span class='ocrx_word' id='word_1_475' title='bbox 3375 2439 3655 2510; x_wconf 87' lang='lat' dir='ltr'><strong>Stephani</strong></span> <span class='ocrx_word' id='word_1_476' title='bbox 3682 2440 3744 2494; x_wconf 91' lang='lat' dir='ltr'><strong>in</strong></span> 
     </span>
    </p>
   </div>
   <div class='ocr_carea' id='block_1_67' title="bbox 2095 2520 3167 2591">
    <p class='ocr_par' dir='ltr' id='par_1_67' title="bbox 2095 2520 3167 2591">
     <span class='ocr_line' id='line_1_69' title="bbox 2095 2520 3167 2591; baseline 0.001 -16"><span class='ocrx_word' id='word_1_477' title='bbox 2095 2520 2363 2591; x_wconf 88' lang='lat' dir='ltr'><strong>Daphna.</strong></span> <span class='ocrx_word' id='word_1_478' title='bbox 3162 2526 3167 2531; x_wconf 82' lang='grc'><strong>’</strong></span> 
     </span>
    </p>
   </div>
   <div class='ocr_carea' id='block_1_68' title="bbox 2167 2775 3745 2835">
    <p class='ocr_par' dir='ltr' id='par_1_68' title="bbox 2167 2775 3745 2835">
     <span class='ocr_line' id='line_1_70' title="bbox 2167 2775 3745 2835; baseline 0.003 -7"><span class='ocrx_word' id='word_1_479' title='bbox 2167 2778 2336 2830; x_wconf 83' lang='lat' dir='ltr'><strong>Anno</strong></span> <span class='ocrx_word' id='word_1_480' title='bbox 2362 2775 2715 2833; x_wconf 90' lang='lat' dir='ltr'><strong>duodecimo</strong></span> <span class='ocrx_word' id='word_1_481' title='bbox 2746 2778 2907 2834; x_wconf 82' lang='lat' dir='ltr'><strong>Felix</strong></span> <span class='ocrx_word' id='word_1_482' title='bbox 2947 2780 3201 2835; x_wconf 90' lang='lat' dir='ltr'><strong>concilio</strong></span> <span class='ocrx_word' id='word_1_483' title='bbox 3233 2780 3291 2835; x_wconf 92' lang='lat' dir='ltr'><strong>in</strong></span> <span class='ocrx_word' id='word_1_484' title='bbox 3342 2779 3468 2835; x_wconf 72' lang='lat' dir='ltr'><strong>aede</strong></span> <span class='ocrx_word' id='word_1_485' title='bbox 3496 2779 3656 2835; x_wconf 90' lang='lat' dir='ltr'><strong>Petri</strong></span> <span class='ocrx_word' id='word_1_486' title='bbox 3686 2784 3745 2834; x_wconf 93' lang='lat' dir='ltr'><strong>et</strong></span> 
     </span>
    </p>
   </div>
   <div class='ocr_carea' id='block_1_69' title="bbox 2098 2863 3746 2941">
    <p class='ocr_par' dir='ltr' id='par_1_69' title="bbox 2098 2863 3746 2941">
     <span class='ocr_line' id='line_1_71' title="bbox 2098 2863 3746 2941; baseline 0.004 -25"><span class='ocrx_word' id='word_1_487' title='bbox 2098 2863 2263 2917; x_wconf 90' lang='lat' dir='ltr'><strong>Pauli</strong></span> <span class='ocrx_word' id='word_1_488' title='bbox 2295 2865 2701 2936; x_wconf 86' lang='lat' dir='ltr'><strong>apostolorum</strong></span> <span class='ocrx_word' id='word_1_489' title='bbox 2733 2867 2933 2923; x_wconf 86' lang='lat' dir='ltr'><strong>habito</strong></span> <span class='ocrx_word' id='word_1_490' title='bbox 2964 2868 3113 2924; x_wconf 92' lang='lat' dir='ltr'><strong>duos</strong></span> <span class='ocrx_word' id='word_1_491' title='bbox 3146 2868 3456 2941; x_wconf 83' lang='lat' dir='ltr'><strong>episcOpos</strong></span> <span class='ocrx_word' id='word_1_492' title='bbox 3489 2874 3548 2924; x_wconf 90' lang='lat' dir='ltr'><strong>et</strong></span> <span class='ocrx_word' id='word_1_493' title='bbox 3577 2884 3746 2924; x_wconf 89' lang='lat' dir='ltr'><strong>exse-</strong></span> 
     </span>
    </p>
   </div>
   <div class='ocr_carea' id='block_1_70' title="bbox 2099 2952 3745 3027">
    <p class='ocr_par' dir='ltr' id='par_1_70' title="bbox 2099 2952 3745 3027">
     <span class='ocr_line' id='line_1_72' title="bbox 2099 2952 3745 3027; baseline 0.003 -23"><span class='ocrx_word' id='word_1_494' title='bbox 2099 2955 2369 3006; x_wconf 91' lang='lat' dir='ltr'><strong>cuturem</strong></span> <span class='ocrx_word' id='word_1_495' title='bbox 2400 2952 2610 3025; x_wconf 89' lang='lat' dir='ltr'><strong>Cpolin</strong></span> <span class='ocrx_word' id='word_1_496' title='bbox 2653 2955 2854 3025; x_wconf 86' lang='lat' dir='ltr'><strong>mittit,</strong></span> <span class='ocrx_word' id='word_1_497' title='bbox 2887 2957 3183 3013; x_wconf 90' lang='lat' dir='ltr'><strong>Zenonem</strong></span> <span class='ocrx_word' id='word_1_498' title='bbox 3225 2961 3285 3010; x_wconf 93' lang='lat' dir='ltr'><strong>et</strong></span> <span class='ocrx_word' id='word_1_499' title='bbox 3312 2955 3595 3011; x_wconf 81' lang='lat' dir='ltr'><strong>Acacium</strong></span> <span class='ocrx_word' id='word_1_500' title='bbox 3640 2971 3745 3027; x_wconf 90' lang='lat' dir='ltr'><strong>per</strong></span> 
     </span>
    </p>
   </div>
   <div class='ocr_carea' id='block_1_71' title="bbox 2098 3037 3741 3117">
    <p class='ocr_par' dir='ltr' id='par_1_71' title="bbox 2098 3037 3741 3117">
     <span class='ocr_line' id='line_1_73' title="bbox 2098 3037 3741 3117; baseline 0.003 -24"><span class='ocrx_word' id='word_1_501' title='bbox 2098 3037 2329 3095; x_wconf 84' lang='lat' dir='ltr'><strong>litteras</strong></span> <span class='ocrx_word' id='word_1_502' title='bbox 2351 3040 2573 3113; x_wconf 83' lang='lat' dir='ltr'><strong>jubens</strong></span> <span class='ocrx_word' id='word_1_503' title='bbox 2600 3043 2897 3117; x_wconf 82' lang='lat' dir='ltr'><strong>Mongum,</strong></span> <span class='ocrx_word' id='word_1_504' title='bbox 2951 3049 3154 3117; x_wconf 88' lang='lat' dir='ltr'><strong>utpote</strong></span> <span class='ocrx_word' id='word_1_505' title='bbox 3200 3045 3569 3116; x_wconf 63' lang='lat' dir='ltr'><strong>heereticum,</strong></span> <span class='ocrx_word' id='word_1_506' title='bbox 3611 3043 3741 3099; x_wconf 54' lang='lat' dir='ltr'><strong>Alco</strong></span> 
     </span>
    </p>
   </div>
   <div class='ocr_carea' id='block_1_72' title="bbox 2102 3127 2636 3203">
    <p class='ocr_par' dir='ltr' id='par_1_72' title="bbox 2102 3127 2636 3203">
     <span class='ocr_line' id='line_1_74' title="bbox 2102 3127 2636 3203; baseline 0.007 -21"><span class='ocrx_word' id='word_1_507' title='bbox 2102 3127 2354 3184; x_wconf 82' lang='lat' dir='ltr'><strong>xandria</strong></span> <span class='ocrx_word' id='word_1_508' title='bbox 2382 3130 2636 3203; x_wconf 84' lang='lat' dir='ltr'><strong>exigere.</strong></span> 
     </span>
    </p>
   </div>
   <div class='ocr_carea' id='block_1_73' title="bbox 2966 3221 3746 3368">
    <p class='ocr_par' dir='ltr' id='par_1_73' title="bbox 2966 3221 3746 3368">
     <span class='ocr_line' id='line_1_75' title="bbox 2966 3221 3746 3368; baseline 0 -92"><span class='ocrx_word' id='word_1_509' title='bbox 2966 3221 3234 3368; x_wconf 50' lang='lat' dir='ltr'><strong>riijussu</strong></span> <span class='ocrx_word' id='word_1_510' title='bbox 3288 3223 3535 3279; x_wconf 81' lang='lat' dir='ltr'><strong>Romani</strong></span> <span class='ocrx_word' id='word_1_511' title='bbox 3566 3222 3746 3295; x_wconf 80' lang='lat' dir='ltr'><strong>legati</strong></span> 
     </span>
     <span class='ocr_line' id='line_1_76' title="bbox 2997 3311 3746 3368; baseline -0.003 -2"><span class='ocrx_word' id='word_1_512' title='bbox 2997 3312 3184 3367; x_wconf 68' lang='lat' dir='ltr'><strong>itteraa</strong></span> <span class='ocrx_word' id='word_1_513' title='bbox 3241 3312 3608 3368; x_wconf 64' lang='lat' dir='ltr'><strong>intercepta).</strong></span> <span class='ocrx_word' id='word_1_514' title='bbox 3637 3311 3746 3368; x_wconf 86' lang='lat' dir='ltr'><strong>insi</strong></span> 
     </span>
    </p>
   </div>
   <div class='ocr_carea' id='block_1_74' title="bbox 2104 3305 3751 3384">
    <p class='ocr_par' dir='ltr' id='par_1_74' title="bbox 2104 3305 3751 3384">
     <span class='ocr_line' id='line_1_77' title="bbox 2104 3305 3751 3384; baseline 0.002 -23"><span class='ocrx_word' id='word_1_515' title='bbox 2104 3305 2295 3379; x_wconf 86' lang='lat' dir='ltr'><strong>Abydi</strong></span> <span class='ocrx_word' id='word_1_516' title='bbox 2324 3313 2465 3364; x_wconf 90' lang='lat' dir='ltr'><strong>sunt</strong></span> <span class='ocrx_word' id='word_1_517' title='bbox 2494 3311 2936 3383; x_wconf 86' lang='lat' dir='ltr'><strong>comprehensi,</strong></span> <span class='ocrx_word' id='word_1_518' title='bbox 2970 3305 3184 3368; x_wconf 67' lang='lat' dir='ltr'><strong>litteras</strong></span> <span class='ocrx_word' id='word_1_519' title='bbox 3241 3312 3608 3384; x_wconf 61' lang='lat' dir='ltr'><strong>intercepta},</strong></span> <span class='ocrx_word' id='word_1_520' title='bbox 3637 3311 3751 3382; x_wconf 88' lang='lat' dir='ltr'><strong>ipsi</strong></span> 
     </span>
    </p>
   </div>
   <div class='ocr_carea' id='block_1_75' title="bbox 2105 3396 3753 3473">
    <p class='ocr_par' dir='ltr' id='par_1_75' title="bbox 2105 3396 3753 3473">
     <span class='ocr_line' id='line_1_78' title="bbox 2105 3396 3753 3473; baseline 0.003 -23"><span class='ocrx_word' id='word_1_521' title='bbox 2105 3396 2167 3451; x_wconf 90' lang='lat' dir='ltr'><strong>in</strong></span> <span class='ocrx_word' id='word_1_522' title='bbox 2220 3397 2548 3455; x_wconf 89' lang='lat' dir='ltr'><strong>custodiam</strong></span> <span class='ocrx_word' id='word_1_523' title='bbox 2597 3398 2768 3466; x_wconf 87' lang='lat' dir='ltr'><strong>dati;</strong></span> <span class='ocrx_word' id='word_1_524' title='bbox 2817 3402 3197 3473; x_wconf 90' lang='lat' dir='ltr'><strong>minatusque</strong></span> <span class='ocrx_word' id='word_1_525' title='bbox 3246 3402 3331 3456; x_wconf 90' lang='lat' dir='ltr'><strong>eis</strong></span> <span class='ocrx_word' id='word_1_526' title='bbox 3380 3403 3533 3456; x_wconf 90' lang='lat' dir='ltr'><strong>Zeno</strong></span> <span class='ocrx_word' id='word_1_527' title='bbox 3592 3418 3753 3455; x_wconf 85' lang='lat' dir='ltr'><strong>mor-</strong></span> 
     </span>
    </p>
   </div>
   <div class='ocr_carea' id='block_1_76' title="bbox 2106 3487 3749 3563">
    <p class='ocr_par' dir='ltr' id='par_1_76' title="bbox 2106 3487 3749 3563">
     <span class='ocr_line' id='line_1_79' title="bbox 2106 3487 3749 3563; baseline 0.002 -23"><span class='ocrx_word' id='word_1_528' title='bbox 2106 3491 2227 3541; x_wconf 91' lang='lat' dir='ltr'><strong>tem</strong></span> <span class='ocrx_word' id='word_1_529' title='bbox 2257 3491 2367 3554; x_wconf 89' lang='lat' dir='ltr'><strong>est,</strong></span> <span class='ocrx_word' id='word_1_530' title='bbox 2402 3487 2517 3544; x_wconf 90' lang='lat' dir='ltr'><strong>nisi</strong></span> <span class='ocrx_word' id='word_1_531' title='bbox 2547 3505 2679 3545; x_wconf 90' lang='lat' dir='ltr'><strong>cum</strong></span> <span class='ocrx_word' id='word_1_532' title='bbox 2704 3491 2910 3563; x_wconf 84' lang='lat' dir='ltr'><strong>Mongo</strong></span> <span class='ocrx_word' id='word_1_533' title='bbox 2935 3496 2993 3546; x_wconf 93' lang='lat' dir='ltr'><strong>et</strong></span> <span class='ocrx_word' id='word_1_534' title='bbox 3022 3491 3232 3547; x_wconf 88' lang='lat' dir='ltr'><strong>Acacio</strong></span> <span class='ocrx_word' id='word_1_535' title='bbox 3263 3490 3749 3547; x_wconf 89' lang='lat' dir='ltr'><strong>communionem</strong></span> 
     </span>
    </p>
   </div>
   <div class='ocr_carea' id='block_1_77' title="bbox 2108 3575 2351 3632">
    <p class='ocr_par' dir='ltr' id='par_1_77' title="bbox 2108 3575 2351 3632">
     <span class='ocr_line' id='line_1_80' title="bbox 2108 3575 2351 3632; baseline 0.004 -2"><span class='ocrx_word' id='word_1_536' title='bbox 2108 3575 2351 3632; x_wconf 90' lang='lat' dir='ltr'><strong>inirent.</strong></span> 
     </span>
    </p>
   </div>
   <div class='ocr_carea' id='block_1_78' title="bbox 2178 3667 3754 3740">
    <p class='ocr_par' dir='ltr' id='par_1_78' title="bbox 2178 3667 3754 3740">
     <span class='ocr_line' id='line_1_81' title="bbox 2178 3667 3754 3740; baseline 0.003 -21"><span class='ocrx_word' id='word_1_537' title='bbox 2178 3667 2347 3721; x_wconf 83' lang='lat' dir='ltr'><strong>Anno</strong></span> <span class='ocrx_word' id='word_1_538' title='bbox 2382 3670 2445 3722; x_wconf 78' lang='lat' dir='ltr'><strong>l3</strong></span> <span class='ocrx_word' id='word_1_539' title='bbox 2477 3668 2674 3723; x_wconf 84' lang='lat' dir='ltr'><strong>Acacii</strong></span> <span class='ocrx_word' id='word_1_540' title='bbox 2706 3683 2887 3724; x_wconf 89' lang='lat' dir='ltr'><strong>suasu</strong></span> <span class='ocrx_word' id='word_1_541' title='bbox 2914 3669 3070 3724; x_wconf 91' lang='lat' dir='ltr'><strong>Zeno</strong></span> <span class='ocrx_word' id='word_1_542' title='bbox 3099 3667 3418 3724; x_wconf 89' lang='lat' dir='ltr'><strong>orientales</strong></span> <span class='ocrx_word' id='word_1_543' title='bbox 3444 3668 3754 3740; x_wconf 89' lang='lat' dir='ltr'><strong>episcopos</strong></span> 
     </span>
    </p>
   </div>
   <div class='ocr_carea' id='block_1_79' title="bbox 2112 3753 3762 3827">
    <p class='ocr_par' dir='ltr' id='par_1_79' title="bbox 2112 3753 3762 3827">
     <span class='ocr_line' id='line_1_82' title="bbox 2112 3753 3762 3827; baseline 0.001 -19"><span class='ocrx_word' id='word_1_544' title='bbox 2112 3753 2304 3825; x_wconf 85' lang='lat' dir='ltr'><strong>coegit</strong></span> <span class='ocrx_word' id='word_1_545' title='bbox 2359 3753 2731 3811; x_wconf 85' lang='lat' dir='ltr'><strong>subscribere</strong></span> <span class='ocrx_word' id='word_1_546' title='bbox 2789 3757 3072 3811; x_wconf 84' lang='lat' dir='ltr'><strong>Henotico</strong></span> <span class='ocrx_word' id='word_1_547' title='bbox 3118 3756 3199 3827; x_wconf 91' lang='lat' dir='ltr'><strong>(id</strong></span> <span class='ocrx_word' id='word_1_548' title='bbox 3250 3755 3557 3826; x_wconf 85' lang='lat' dir='ltr'><strong>scriptum,</strong></span> <span class='ocrx_word' id='word_1_549' title='bbox 3606 3756 3690 3811; x_wconf 90' lang='lat' dir='ltr'><strong>sic</strong></span> <span class='ocrx_word' id='word_1_550' title='bbox 3727 3770 3762 3810; x_wconf 88' lang='lat' dir='ltr'><strong>a</strong></span> 
     </span>
    </p>
   </div>
   <div class='ocr_carea' id='block_1_80' title="bbox 2115 3841 3760 3911">
    <p class='ocr_par' dir='ltr' id='par_1_80' title="bbox 2115 3841 3760 3911">
     <span class='ocr_line' id='line_1_83' title="bbox 2115 3841 3760 3911; baseline 0 -14"><span class='ocrx_word' id='word_1_551' title='bbox 2115 3841 2430 3897; x_wconf 84' lang='lat' dir='ltr'><strong>concordia</strong></span> <span class='ocrx_word' id='word_1_552' title='bbox 2486 3843 2847 3899; x_wconf 89' lang='lat' dir='ltr'><strong>instituenda</strong></span> <span class='ocrx_word' id='word_1_553' title='bbox 2903 3844 3147 3911; x_wconf 89' lang='lat' dir='ltr'><strong>dictum,</strong></span> <span class='ocrx_word' id='word_1_554' title='bbox 3196 3844 3445 3898; x_wconf 79' lang='lat' dir='ltr'><strong>Aeacius</strong></span> <span class='ocrx_word' id='word_1_555' title='bbox 3476 3860 3546 3898; x_wconf 79' lang='lat' dir='ltr'><strong>ex</strong></span> <span class='ocrx_word' id='word_1_556' title='bbox 3575 3842 3760 3898; x_wconf 89' lang='lat' dir='ltr'><strong>animi</strong></span> 
     </span>
    </p>
   </div>
   <div class='ocr_carea' id='block_1_81' title="bbox 2116 3918 3763 4002">
    <p class='ocr_par' dir='ltr' id='par_1_81' title="bbox 2116 3918 3763 4002">
     <span class='ocr_line' id='line_1_84' title="bbox 2116 3918 3763 4002; baseline 0.001 -19"><span class='ocrx_word' id='word_1_557' title='bbox 2116 3930 2207 3985; x_wconf 87' lang='lat' dir='ltr'><strong>sui</strong></span> <span class='ocrx_word' id='word_1_558' title='bbox 2259 3932 2557 3987; x_wconf 88' lang='lat' dir='ltr'><strong>sententia</strong></span> <span class='ocrx_word' id='word_1_559' title='bbox 2603 3918 2976 4002; x_wconf 74' lang='lat' dir='ltr'><strong>Condiderat)</strong></span> <span class='ocrx_word' id='word_1_560' title='bbox 3024 3938 3083 3987; x_wconf 91' lang='lat' dir='ltr'><strong>et</strong></span> <span class='ocrx_word' id='word_1_561' title='bbox 3137 3933 3578 3987; x_wconf 88' lang='lat' dir='ltr'><strong>communicare</strong></span> <span class='ocrx_word' id='word_1_562' title='bbox 3627 3947 3763 3985; x_wconf 89' lang='lat' dir='ltr'><strong>cum</strong></span> 
     </span>
    </p>
   </div>
   <div class='ocr_carea' id='block_1_82' title="bbox 353 4015 2008 4093">
    <p class='ocr_par' dir='ltr' id='par_1_82' title="bbox 353 4015 2008 4093">
     <span class='ocr_line' id='line_1_85' title="bbox 353 4015 2008 4093; baseline -0.004 -17"><span class='ocrx_word' id='word_1_563' title='bbox 353 4020 492 4083; x_wconf 75' lang='grc' dir='ltr'>Τοὺς</span> <span class='ocrx_word' id='word_1_564' title='bbox 524 4016 581 4075; x_wconf 77' lang='grc' dir='ltr'><strong>δὲ</strong></span> <span class='ocrx_word' id='word_1_565' title='bbox 609 4026 710 4090; x_wconf 82' lang='grc' dir='ltr'><strong>τῆς</strong></span> <span class='ocrx_word' id='word_1_566' title='bbox 741 4019 962 4092; x_wconf 74' lang='grc' dir='ltr'>Ῥώμης</span> <span class='ocrx_word' id='word_1_567' title='bbox 1006 4016 1452 4093; x_wconf 83' lang='grc' dir='ltr'>ἀποκρισιαρίους</span> <span class='ocrx_word' id='word_1_568' title='bbox 1509 4015 1800 4089; x_wconf 81' lang='grc' dir='ltr'>παρέπεισε</span> <span class='ocrx_word' id='word_1_569' title='bbox 1862 4016 2008 4090; x_wconf 79' lang='grc' dir='ltr'>χρή-</span> 
     </span>
    </p>
   </div>
   <div class='ocr_carea' id='block_1_83' title="bbox 359 4104 2007 4184">
    <p class='ocr_par' dir='ltr' id='par_1_83' title="bbox 359 4104 2007 4184">
     <span class='ocr_line' id='line_1_86' title="bbox 359 4104 2007 4184; baseline -0.003 -20"><span class='ocrx_word' id='word_1_570' title='bbox 359 4130 492 4184; x_wconf 89' lang='grc' dir='ltr'>μασι</span> <span class='ocrx_word' id='word_1_571' title='bbox 523 4112 858 4174; x_wconf 74' lang='grc' dir='ltr'>κοινωνῆσαι</span> <span class='ocrx_word' id='word_1_572' title='bbox 915 4108 1151 4180; x_wconf 80' lang='grc' dir='ltr'>Ἀκακίῳ</span> <span class='ocrx_word' id='word_1_573' title='bbox 1206 4107 1352 4181; x_wconf 83' lang='grc' dir='ltr'>παρὰ</span> <span class='ocrx_word' id='word_1_574' title='bbox 1406 4105 1472 4160; x_wconf 80' lang='grc' dir='ltr'>τὰ</span> <span class='ocrx_word' id='word_1_575' title='bbox 1531 4104 1852 4168; x_wconf 77' lang='grc' dir='ltr'>ἐνταλθέντα</span> <span class='ocrx_word' id='word_1_576' title='bbox 1907 4105 2007 4159; x_wconf 85' lang='grc' dir='ltr'>αύ-</span> 
     </span>
    </p>
   </div>
   <div class='ocr_carea' id='block_1_84' title="bbox 353 4191 2009 4271">
    <p class='ocr_par' dir='ltr' id='par_1_84' title="bbox 353 4191 2009 4271">
     <span class='ocr_line' id='line_1_87' title="bbox 353 4191 2009 4271; baseline -0.004 -17"><span class='ocrx_word' id='word_1_577' title='bbox 353 4203 493 4260; x_wconf 85' lang='grc' dir='ltr'>τοῖς.</span> <span class='ocrx_word' id='word_1_578' title='bbox 521 4202 695 4253; x_wconf 74' lang='grc' dir='ltr'>Τοῦτο</span> <span class='ocrx_word' id='word_1_579' title='bbox 729 4196 914 4268; x_wconf 83' lang='grc' dir='ltr'>μαθὼν</span> <span class='ocrx_word' id='word_1_580' title='bbox 948 4196 976 4250; x_wconf 84' lang='grc' dir='ltr'><strong>ὁ</strong></span> <span class='ocrx_word' id='word_1_581' title='bbox 1009 4192 1187 4264; x_wconf 77' lang='grc' dir='ltr'>Φῆλιξ</span> <span class='ocrx_word' id='word_1_582' title='bbox 1254 4200 1459 4267; x_wconf 75' lang='grc' dir='ltr'>καθῆρε</span> <span class='ocrx_word' id='word_1_583' title='bbox 1500 4191 1747 4263; x_wconf 87' lang='grc' dir='ltr'>τούτους,</span> <span class='ocrx_word' id='word_1_584' title='bbox 1797 4193 2009 4271; x_wconf 77' lang='grc' dir='ltr'>γράψας</span> 
     </span>
    </p>
   </div>
   <div class='ocr_carea' id='block_1_85' title="bbox 358 4279 2013 4358">
    <p class='ocr_par' dir='ltr' id='par_1_85' title="bbox 358 4279 2013 4358">
     <span class='ocr_line' id='line_1_88' title="bbox 358 4279 2013 4358; baseline -0.005 -15"><span class='ocrx_word' id='word_1_585' title='bbox 358 4286 448 4343; x_wconf 80' lang='grc' dir='ltr'>καὶ</span> <span class='ocrx_word' id='word_1_586' title='bbox 484 4285 718 4358; x_wconf 80' lang='grc' dir='ltr'>Ἀκακίῳ</span> <span class='ocrx_word' id='word_1_587' title='bbox 799 4282 1125 4357; x_wconf 76' lang='grc' dir='ltr'>καθαίρεσινο</span> <span class='ocrx_word' id='word_1_588' title='bbox 1183 4281 1354 4356; x_wconf 76' lang='grc' dir='ltr'>ἥνπερ</span> <span class='ocrx_word' id='word_1_589' title='bbox 1408 4279 1697 4355; x_wconf 79' lang='grc' dir='ltr'>δεξάμενος</span> <span class='ocrx_word' id='word_1_590' title='bbox 1754 4281 2013 4343; x_wconf 76' lang='grc' dir='ltr'>Ἀκάκιος</span> 
     </span>
    </p>
   </div>
   <div class='ocr_carea' id='block_1_86' title="bbox 358 4367 2012 4449">
    <p class='ocr_par' dir='ltr' id='par_1_86' title="bbox 358 4367 2012 4449">
     <span class='ocr_line' id='line_1_89' title="bbox 358 4367 2012 4449; baseline -0.004 -18"><span class='ocrx_word' id='word_1_591' title='bbox 358 4377 701 4447; x_wconf 79' lang='grc' dir='ltr'>ἀναισθήτως</span> <span class='ocrx_word' id='word_1_592' title='bbox 728 4375 851 4449; x_wconf 75' lang='grc' dir='ltr'>περὶ</span> <span class='ocrx_word' id='word_1_593' title='bbox 886 4370 1053 4441; x_wconf 72' lang='grc' dir='ltr'>αὐτὴν</span> <span class='ocrx_word' id='word_1_594' title='bbox 1086 4371 1228 4446; x_wconf 70' lang='grc' dir='ltr'>εἶχε,</span> <span class='ocrx_word' id='word_1_595' title='bbox 1260 4371 1348 4425; x_wconf 84' lang='grc' dir='ltr'>καὶ</span> <span class='ocrx_word' id='word_1_596' title='bbox 1405 4369 1470 4424; x_wconf 87' lang='grc' dir='ltr'><strong>τὸ</strong></span> <span class='ocrx_word' id='word_1_597' title='bbox 1529 4367 1705 4442; x_wconf 86' lang='grc' dir='ltr'>ὄνομα</span> <span class='ocrx_word' id='word_1_598' title='bbox 1762 4367 2012 4440; x_wconf 81' lang='grc' dir='ltr'>Φήλικος</span> 
     </span>
    </p>
   </div>
   <div class='ocr_carea' id='block_1_87' title="bbox 360 4461 982 4542">
    <p class='ocr_par' dir='ltr' id='par_1_87' title="bbox 360 4461 982 4542">
     <span class='ocr_line' id='line_1_90' title="bbox 360 4461 982 4542; baseline -0.003 -22"><span class='ocrx_word' id='word_1_599' title='bbox 360 4464 519 4542; x_wconf 78' lang='grc' dir='ltr'>ἐξῆρε</span> <span class='ocrx_word' id='word_1_600' title='bbox 547 4470 655 4521; x_wconf 83' lang='grc' dir='ltr'>τῶν</span> <span class='ocrx_word' id='word_1_601' title='bbox 689 4461 982 4519; x_wconf 80' lang='grc' dir='ltr'>διπτύτων.</span> 
     </span>
    </p>
   </div>
   <div class='ocr_carea' id='block_1_88' title="bbox 2118 4020 3767 4093">
    <p class='ocr_par' dir='ltr' id='par_1_88' title="bbox 2118 4020 3767 4093">
     <span class='ocr_line' id='line_1_91' title="bbox 2118 4020 3767 4093; baseline 0.001 -20"><span class='ocrx_word' id='word_1_602' title='bbox 2118 4021 2292 4074; x_wconf 88' lang='lat' dir='ltr'><strong>Petro</strong></span> <span class='ocrx_word' id='word_1_603' title='bbox 2324 4022 2549 4093; x_wconf 85' lang='lat' dir='ltr'><strong>Mongo.</strong></span> <span class='ocrx_word' id='word_1_604' title='bbox 2584 4022 2844 4076; x_wconf 90' lang='lat' dir='ltr'><strong>Pecunia</strong></span> <span class='ocrx_word' id='word_1_605' title='bbox 2874 4038 3112 4093; x_wconf 86' lang='lat' dir='ltr'><strong>quoque</strong></span> <span class='ocrx_word' id='word_1_606' title='bbox 3141 4021 3276 4076; x_wconf 84' lang='lat' dir='ltr'><strong>data</strong></span> <span class='ocrx_word' id='word_1_607' title='bbox 3320 4022 3505 4075; x_wconf 76' lang='lat' dir='ltr'><strong>Roma</strong></span> <span class='ocrx_word' id='word_1_608' title='bbox 3554 4020 3767 4075; x_wconf 79' lang='lat' dir='ltr'><strong>missos</strong></span> 
     </span>
    </p>
   </div>
   <div class='ocr_carea' id='block_1_89' title="bbox 2121 4107 3760 4181">
    <p class='ocr_par' dir='ltr' id='par_1_89' title="bbox 2121 4107 3760 4181">
     <span class='ocr_line' id='line_1_92' title="bbox 2121 4107 3760 4181; baseline 0.001 -20"><span class='ocrx_word' id='word_1_609' title='bbox 2121 4107 2342 4179; x_wconf 82' lang='lat' dir='ltr'><strong>legatos</strong></span> <span class='ocrx_word' id='word_1_610' title='bbox 2391 4126 2460 4164; x_wconf 92' lang='lat' dir='ltr'><strong>eo</strong></span> <span class='ocrx_word' id='word_1_611' title='bbox 2512 4110 2783 4181; x_wconf 83' lang='lat' dir='ltr'><strong>perduxit</strong></span> <span class='ocrx_word' id='word_1_612' title='bbox 2835 4116 3136 4165; x_wconf 88' lang='lat' dir='ltr'><strong>utcontra</strong></span> <span class='ocrx_word' id='word_1_613' title='bbox 3178 4109 3457 4165; x_wconf 87' lang='lat' dir='ltr'><strong>mandata</strong></span> <span class='ocrx_word' id='word_1_614' title='bbox 3486 4126 3596 4164; x_wconf 90' lang='lat' dir='ltr'><strong>sua</strong></span> <span class='ocrx_word' id='word_1_615' title='bbox 3624 4125 3760 4163; x_wconf 91' lang='lat' dir='ltr'><strong>cum</strong></span> 
     </span>
    </p>
   </div>
   <div class='ocr_carea' id='block_1_90' title="bbox 2123 4198 3762 4270">
    <p class='ocr_par' dir='ltr' id='par_1_90' title="bbox 2123 4198 3762 4270">
     <span class='ocr_line' id='line_1_93' title="bbox 2123 4198 3762 4270; baseline 0 -18"><span class='ocrx_word' id='word_1_616' title='bbox 2123 4198 2334 4253; x_wconf 81' lang='lat' dir='ltr'><strong>Acacio</strong></span> <span class='ocrx_word' id='word_1_617' title='bbox 2378 4199 2909 4255; x_wconf 88' lang='lat' dir='ltr'><strong>communicarent.</strong></span> <span class='ocrx_word' id='word_1_618' title='bbox 2944 4200 3103 4255; x_wconf 88' lang='lat' dir='ltr'><strong>Felix</strong></span> <span class='ocrx_word' id='word_1_619' title='bbox 3148 4199 3249 4254; x_wconf 91' lang='lat' dir='ltr'><strong>ubi</strong></span> <span class='ocrx_word' id='word_1_620' title='bbox 3296 4216 3419 4255; x_wconf 88' lang='lat' dir='ltr'><strong>rem</strong></span> <span class='ocrx_word' id='word_1_621' title='bbox 3452 4198 3762 4270; x_wconf 89' lang='lat' dir='ltr'><strong>comperit,</strong></span> 
     </span>
    </p>
   </div>
   <div class='ocr_carea' id='block_1_91' title="bbox 2123 4285 3764 4361">
    <p class='ocr_par' dir='ltr' id='par_1_91' title="bbox 2123 4285 3764 4361">
     <span class='ocr_line' id='line_1_94' title="bbox 2123 4285 3764 4361; baseline 0.002 -22"><span class='ocrx_word' id='word_1_622' title='bbox 2123 4285 2195 4340; x_wconf 92' lang='lat' dir='ltr'><strong>iis</strong></span> <span class='ocrx_word' id='word_1_623' title='bbox 2225 4303 2392 4341; x_wconf 89' lang='lat' dir='ltr'><strong>suam</strong></span> <span class='ocrx_word' id='word_1_624' title='bbox 2420 4287 2643 4342; x_wconf 88' lang='lat' dir='ltr'><strong>ademit</strong></span> <span class='ocrx_word' id='word_1_625' title='bbox 2671 4288 3044 4361; x_wconf 89' lang='lat' dir='ltr'><strong>dignitatem,</strong></span> <span class='ocrx_word' id='word_1_626' title='bbox 3076 4288 3356 4343; x_wconf 82' lang='lat' dir='ltr'><strong>Acacium</strong></span> <span class='ocrx_word' id='word_1_627' title='bbox 3389 4303 3624 4359; x_wconf 90' lang='lat' dir='ltr'><strong>quoque</strong></span> <span class='ocrx_word' id='word_1_628' title='bbox 3658 4304 3764 4359; x_wconf 89' lang='lat' dir='ltr'><strong>per</strong></span> 
     </span>
    </p>
   </div>
   <div class='ocr_carea' id='block_1_92' title="bbox 2122 4374 3769 4450">
    <p class='ocr_par' dir='ltr' id='par_1_92' title="bbox 2122 4374 3769 4450">
     <span class='ocr_line' id='line_1_95' title="bbox 2122 4374 3769 4450; baseline 0.002 -21"><span class='ocrx_word' id='word_1_629' title='bbox 2122 4374 2351 4431; x_wconf 88' lang='lat' dir='ltr'><strong>litteras</strong></span> <span class='ocrx_word' id='word_1_630' title='bbox 2400 4376 2474 4432; x_wconf 91' lang='lat' dir='ltr'><strong>ad</strong></span> <span class='ocrx_word' id='word_1_631' title='bbox 2530 4393 2668 4433; x_wconf 91' lang='lat' dir='ltr'><strong>eum</strong></span> <span class='ocrx_word' id='word_1_632' title='bbox 2716 4379 2967 4450; x_wconf 88' lang='lat' dir='ltr'><strong>scriptas</strong></span> <span class='ocrx_word' id='word_1_633' title='bbox 3015 4378 3222 4434; x_wconf 91' lang='lat' dir='ltr'><strong>ordine</strong></span> <span class='ocrx_word' id='word_1_634' title='bbox 3271 4377 3580 4448; x_wconf 90' lang='lat' dir='ltr'><strong>dejiciens.</strong></span> <span class='ocrx_word' id='word_1_635' title='bbox 3615 4378 3769 4442; x_wconf 84' lang='lat' dir='ltr'><strong>Quas</strong></span> 
     </span>
    </p>
   </div>
   <div class='ocr_carea' id='block_1_93' title="bbox 2126 4465 3768 4540">
    <p class='ocr_par' dir='ltr' id='par_1_93' title="bbox 2126 4465 3768 4540">
     <span class='ocr_line' id='line_1_96' title="bbox 2126 4465 3768 4540; baseline 0 -19"><span class='ocrx_word' id='word_1_636' title='bbox 2126 4471 2402 4538; x_wconf 89' lang='lat' dir='ltr'><strong>acceptas</strong></span> <span class='ocrx_word' id='word_1_637' title='bbox 2443 4469 2691 4525; x_wconf 82' lang='lat' dir='ltr'><strong>Aeacius</strong></span> <span class='ocrx_word' id='word_1_638' title='bbox 2742 4486 2847 4540; x_wconf 91' lang='lat' dir='ltr'><strong>pro</strong></span> <span class='ocrx_word' id='word_1_639' title='bbox 2915 4467 3100 4524; x_wconf 87' lang='lat' dir='ltr'><strong>nihilo</strong></span> <span class='ocrx_word' id='word_1_640' title='bbox 3162 4466 3390 4536; x_wconf 90' lang='lat' dir='ltr'><strong>habuit,</strong></span> <span class='ocrx_word' id='word_1_641' title='bbox 3440 4465 3768 4537; x_wconf 87' lang='lat' dir='ltr'><strong>Felicisque</strong></span> 
     </span>
    </p>
   </div>
   <div class='ocr_carea' id='block_1_94' title="bbox 2048 4556 2902 4638">
    <p class='ocr_par' dir='ltr' id='par_1_94' title="bbox 2048 4556 2902 4638">
     <span class='ocr_line' id='line_1_97' title="bbox 2048 4556 2902 4638; baseline 0.002 -28"><span class='ocrx_word' id='word_1_642' title='bbox 2048 4573 2093 4638; x_wconf 78' lang='grc' dir='ltr'><strong>ι)</strong></span> <span class='ocrx_word' id='word_1_643' title='bbox 2122 4571 2342 4612; x_wconf 88' lang='lat' dir='ltr'><strong>nomen</strong></span> <span class='ocrx_word' id='word_1_644' title='bbox 2373 4573 2444 4612; x_wconf 88' lang='lat' dir='ltr'><strong>ex</strong></span> <span class='ocrx_word' id='word_1_645' title='bbox 2473 4556 2607 4612; x_wconf 88' lang='lat' dir='ltr'><strong>albo</strong></span> <span class='ocrx_word' id='word_1_646' title='bbox 2640 4558 2902 4613; x_wconf 88' lang='lat' dir='ltr'><strong>sustulit.</strong></span> 
     </span>
    </p>
   </div>
   <div class='ocr_carea' id='block_1_95' title="bbox 2196 4643 3767 4718">
    <p class='ocr_par' dir='ltr' id='par_1_95' title="bbox 2196 4643 3767 4718">
     <span class='ocr_line' id='line_1_98' title="bbox 2196 4643 3767 4718; baseline -0.001 -20"><span class='ocrx_word' id='word_1_647' title='bbox 2196 4646 2366 4699; x_wconf 85' lang='lat' dir='ltr'><strong>Anno</strong></span> <span class='ocrx_word' id='word_1_648' title='bbox 2392 4648 2456 4700; x_wconf 87' lang='lat' dir='ltr'>l6</span> <span class='ocrx_word' id='word_1_649' title='bbox 2486 4647 2695 4702; x_wconf 89' lang='lat' dir='ltr'><strong>Petrus</strong></span> <span class='ocrx_word' id='word_1_650' title='bbox 2717 4645 2819 4701; x_wconf 90' lang='lat' dir='ltr'><strong>ille</strong></span> <span class='ocrx_word' id='word_1_651' title='bbox 2845 4647 3086 4718; x_wconf 79' lang='lat' dir='ltr'><strong>Mongus</strong></span> <span class='ocrx_word' id='word_1_652' title='bbox 3103 4643 3472 4701; x_wconf 73' lang='lat' dir='ltr'><strong>Alcxandrim</strong></span> <span class='ocrx_word' id='word_1_653' title='bbox 3493 4644 3767 4709; x_wconf 87' lang='lat' dir='ltr'><strong>moritur,</strong></span> 
     </span>
    </p>
   </div>
   <div class='ocr_carea' id='block_1_96' title="bbox 2126 4731 3769 4808">
    <p class='ocr_par' dir='ltr' id='par_1_96' title="bbox 2126 4731 3769 4808">
     <span class='ocr_line' id='line_1_99' title="bbox 2126 4731 3769 4808; baseline -0.003 -18"><span class='ocrx_word' id='word_1_654' title='bbox 2126 4734 2299 4805; x_wconf 87' lang='lat' dir='ltr'><strong>eique</strong></span> <span class='ocrx_word' id='word_1_655' title='bbox 2354 4735 2713 4791; x_wconf 70' lang='lat' dir='ltr'><strong>Athanasius</strong></span> <span class='ocrx_word' id='word_1_656' title='bbox 2760 4736 2917 4793; x_wconf 73' lang='lat'><strong>020</strong></span> <span class='ocrx_word' id='word_1_657' title='bbox 2948 4739 3339 4808; x_wconf 85' lang='lat' dir='ltr'><strong>cognomento</strong></span> <span class='ocrx_word' id='word_1_658' title='bbox 3366 4733 3593 4789; x_wconf 88' lang='lat' dir='ltr'><strong>Celetes</strong></span> <span class='ocrx_word' id='word_1_659' title='bbox 3626 4731 3769 4787; x_wconf 50' lang='lat' dir='ltr'><strong>sub.</strong></span> 
     </span>
    </p>
   </div>
   <div class='ocr_carea' id='block_1_97' title="bbox 370 4816 1993 4897">
    <p class='ocr_par' dir='ltr' id='par_1_97' title="bbox 370 4816 1993 4894">
     <span class='ocr_line' id='line_1_100' title="bbox 370 4816 1993 4894; baseline -0.004 -15"><span class='ocrx_word' id='word_1_660' title='bbox 370 4823 605 4894; x_wconf 76' lang='grc' dir='ltr'>ἐπίκλην</span> <span class='ocrx_word' id='word_1_661' title='bbox 637 4821 928 4893; x_wconf 75' lang='grc' dir='ltr'>Κηλήττ,ς.</span> <span class='ocrx_word' id='word_1_662' title='bbox 970 4823 1155 4891; x_wconf 82' lang='grc' dir='ltr'>Ζήνων</span> <span class='ocrx_word' id='word_1_663' title='bbox 1191 4816 1248 4874; x_wconf 72' lang='grc' dir='ltr'><strong>δὲ</strong></span> <span class='ocrx_word' id='word_1_664' title='bbox 1280 4819 1308 4874; x_wconf 97' lang='lat'><strong>6</strong></span> <span class='ocrx_word' id='word_1_665' title='bbox 1362 4816 1617 4894; x_wconf 82' lang='grc' dir='ltr'>βασιλεὺς</span> <span class='ocrx_word' id='word_1_666' title='bbox 1676 4817 1880 4881; x_wconf 80' lang='grc' dir='ltr'>ἀνεθεὶς</span> <span class='ocrx_word' id='word_1_667' title='bbox 1908 4822 1993 4874; x_wconf 66' lang='grc' dir='ltr'>τῶε</span> 
     </span>
    </p>
   </div>
   <div class='ocr_carea' id='block_1_98' title="bbox 2111 4816 3771 4897">
    <p class='ocr_par' dir='ltr' id='par_1_98' title="bbox 2125 4820 3771 4897">
     <span class='ocr_line' id='line_1_101' title="bbox 2125 4820 3771 4897; baseline -0.003 -18"><span class='ocrx_word' id='word_1_668' title='bbox 2125 4829 2384 4897; x_wconf 85' lang='lat' dir='ltr'><strong>rogatur.</strong></span> <span class='ocrx_word' id='word_1_669' title='bbox 2435 4826 2588 4881; x_wconf 88' lang='lat' dir='ltr'><strong>Zeno</strong></span> <span class='ocrx_word' id='word_1_670' title='bbox 2641 4830 2839 4881; x_wconf 88' lang='lat' dir='ltr'><strong>autem</strong></span> <span class='ocrx_word' id='word_1_671' title='bbox 2889 4843 2924 4881; x_wconf 93' lang='lat' dir='ltr'><strong>a</strong></span> <span class='ocrx_word' id='word_1_672' title='bbox 2972 4824 3237 4896; x_wconf 87' lang='lat' dir='ltr'><strong>tyrannis</strong></span> <span class='ocrx_word' id='word_1_673' title='bbox 3291 4823 3476 4878; x_wconf 88' lang='lat' dir='ltr'><strong>otium</strong></span> <span class='ocrx_word' id='word_1_674' title='bbox 3522 4820 3771 4891; x_wconf 89' lang='lat' dir='ltr'><strong>adeptus</strong></span> 
     </span>
    </p>
   </div>
   <div class='ocr_carea' id='block_1_99' title="bbox 365 4906 1993 4987">
    <p class='ocr_par' dir='ltr' id='par_1_99' title="bbox 365 4906 1993 4987">
     <span class='ocr_line' id='line_1_102' title="bbox 365 4906 1993 4987; baseline -0.002 -19"><span class='ocrx_word' id='word_1_675' title='bbox 365 4912 637 4987; x_wconf 78' lang='grc' dir='ltr'>τυράννων</span> <span class='ocrx_word' id='word_1_676' title='bbox 682 4906 903 4981; x_wconf 76' lang='grc' dir='ltr'>ἐξέϐαλε</span> <span class='ocrx_word' id='word_1_677' title='bbox 956 4917 1055 4980; x_wconf 75' lang='grc' dir='ltr'>τῆς</span> <span class='ocrx_word' id='word_1_678' title='bbox 1110 4907 1435 4980; x_wconf 84' lang='grc' dir='ltr'>Ἐκκλησίας</span> <span class='ocrx_word' id='word_1_679' title='bbox 1520 4907 1879 4983; x_wconf 38' lang='grc' dir='ltr'>Ἀντιοχείας,</span> <span class='ocrx_word' id='word_1_680' title='bbox 1912 4915 1993 4964; x_wconf 85' lang='grc' dir='ltr'><strong>Κα-</strong></span> 
     </span>
    </p>
   </div>
   <div class='ocr_carea' id='block_1_100' title="bbox 2111 4906 3771 4987">
    <p class='ocr_par' dir='ltr' id='par_1_100' title="bbox 2129 4909 3771 4980">
     <span class='ocr_line' id='line_1_103' title="bbox 2129 4909 3771 4980; baseline -0.002 -12"><span class='ocrx_word' id='word_1_681' title='bbox 2129 4914 2490 4971; x_wconf 84' lang='lat' dir='ltr'><strong>Antiochena</strong></span> <span class='ocrx_word' id='word_1_682' title='bbox 2520 4915 2781 4971; x_wconf 86' lang='lat' dir='ltr'><strong>Ecclesia</strong></span> <span class='ocrx_word' id='word_1_683' title='bbox 2812 4914 3084 4970; x_wconf 83' lang='lat' dir='ltr'><strong>exturbat</strong></span> <span class='ocrx_word' id='word_1_684' title='bbox 3111 4911 3556 4975; x_wconf 87' lang='lat' dir='ltr'><strong>Calandionem,</strong></span> <span class='ocrx_word' id='word_1_685' title='bbox 3590 4909 3771 4980; x_wconf 90' lang='lat' dir='ltr'><strong>inque</strong></span> 
     </span>
    </p>
   </div>
   <div class='ocr_carea' id='block_1_101' title="bbox 1580 5035 2556 5096">
    <p class='ocr_par' dir='ltr' id='par_1_101' title="bbox 1580 5035 2556 5096">
     <span class='ocr_line' id='line_1_104' title="bbox 1580 5035 2556 5096; baseline 0.008 -8"><span class='ocrx_word' id='word_1_686' title='bbox 1580 5035 2012 5093; x_wconf 82' lang='lat' dir='ltr'><strong>XYLANDRET</strong></span> <span class='ocrx_word' id='word_1_687' title='bbox 2049 5038 2265 5095; x_wconf 82' lang='lat' dir='ltr'><strong>GOARI</strong></span> <span class='ocrx_word' id='word_1_688' title='bbox 2333 5041 2556 5096; x_wconf 59' lang='lat' dir='ltr'><strong>NOTAE.</strong></span> 
     </span>
    </p>
   </div>
   <div class='ocr_carea' id='block_1_102' title="bbox 435 4634 2017 4715">
    <p class='ocr_par' dir='ltr' id='par_1_102' title="bbox 435 4634 2017 4715">
     <span class='ocr_line' id='line_1_105' title="bbox 435 4634 2017 4715; baseline -0.005 -15"><span class='ocrx_word' id='word_1_689' title='bbox 435 4647 531 4715; x_wconf 78' lang='grc' dir='ltr'><strong>Τῷ</strong></span> <span class='ocrx_word' id='word_1_690' title='bbox 583 4642 648 4706; x_wconf 85' lang='grc' dir='ltr'><strong>ις’</strong></span> <span class='ocrx_word' id='word_1_691' title='bbox 713 4639 817 4699; x_wconf 86' lang='grc' dir='ltr'>ἔτει</span> <span class='ocrx_word' id='word_1_692' title='bbox 876 4640 1079 4713; x_wconf 81' lang='grc' dir='ltr'>Πέτρος</span> <span class='ocrx_word' id='word_1_693' title='bbox 1142 4640 1171 4694; x_wconf 89' lang='grc' dir='ltr'>ὁ</span> <span class='ocrx_word' id='word_1_694' title='bbox 1227 4638 1456 4714; x_wconf 84' lang='grc' dir='ltr'>Μογγὸς</span> <span class='ocrx_word' id='word_1_695' title='bbox 1522 4634 1576 4691; x_wconf 81' lang='grc' dir='ltr'><strong>έν</strong></span> <span class='ocrx_word' id='word_1_696' title='bbox 1634 4634 2017 4712; x_wconf 74' lang='grc' dir='ltr'>Ἀλεξανδρείᾳ</span> 
     </span>
    </p>
   </div>
   <div class='ocr_carea' id='block_1_103' title="bbox 370 4726 2015 4802">
    <p class='ocr_par' dir='ltr' id='par_1_103' title="bbox 370 4726 2015 4802">
     <span class='ocr_line' id='line_1_106' title="bbox 370 4726 2015 4802; baseline -0.003 -14"><span class='ocrx_word' id='word_1_697' title='bbox 370 4729 617 4802; x_wconf 65' lang='grc' dir='ltr'>ἀπέθανε,</span> <span class='ocrx_word' id='word_1_698' title='bbox 654 4731 743 4786; x_wconf 84' lang='grc' dir='ltr'>καὶ</span> <span class='ocrx_word' id='word_1_699' title='bbox 781 4731 1107 4796; x_wconf 78' lang='grc' dir='ltr'>’Δθανάσιος</span> <span class='ocrx_word' id='word_1_700' title='bbox 1135 4728 1250 4784; x_wconf 77' lang='grc' dir='ltr'>ἀντ’</span> <span class='ocrx_word' id='word_1_701' title='bbox 1307 4727 1471 4782; x_wconf 76' lang='grc' dir='ltr'>αὐτοῦ</span> <span class='ocrx_word' id='word_1_702' title='bbox 1528 4726 1917 4802; x_wconf 76' lang='grc' dir='ltr'>ἐχειροτονήθη</span> <span class='ocrx_word' id='word_1_703' title='bbox 1986 4729 2015 4783; x_wconf 90' lang='lat'><strong>6</strong></span> 
     </span>
    </p>
   </div>
   <div class='ocr_carea' id='block_1_104' title="bbox 442 5162 2027 5235">
    <p class='ocr_par' dir='ltr' id='par_1_104' title="bbox 442 5162 2027 5235">
     <span class='ocr_line' id='line_1_107' title="bbox 442 5162 2027 5235; baseline -0.002 -13"><span class='ocrx_word' id='word_1_704' title='bbox 442 5168 554 5235; x_wconf 85' lang='lat'><strong>(86)</strong></span> <span class='ocrx_word' id='word_1_705' title='bbox 581 5166 782 5223; x_wconf 79' lang='lat' dir='ltr'><strong>Globus</strong></span> <span class='ocrx_word' id='word_1_706' title='bbox 812 5165 909 5219; x_wconf 87' lang='lat' dir='ltr'><strong>ille</strong></span> <span class='ocrx_word' id='word_1_707' title='bbox 940 5163 1230 5220; x_wconf 88' lang='lat' dir='ltr'><strong>nimirum</strong></span> <span class='ocrx_word' id='word_1_708' title='bbox 1276 5179 1454 5234; x_wconf 89' lang='lat' dir='ltr'><strong>quem</strong></span> <span class='ocrx_word' id='word_1_709' title='bbox 1501 5166 1699 5217; x_wconf 90' lang='lat' dir='ltr'><strong>statua</strong></span> <span class='ocrx_word' id='word_1_710' title='bbox 1744 5162 2027 5219; x_wconf 86' lang='lat' dir='ltr'><strong>Constan-</strong></span> 
     </span>
    </p>
   </div>
   <div class='ocr_carea' id='block_1_105' title="bbox 371 5234 2030 5308">
    <p class='ocr_par' dir='ltr' id='par_1_105' title="bbox 371 5234 2030 5308">
     <span class='ocr_line' id='line_1_108' title="bbox 371 5234 2030 5308; baseline -0.001 -15"><span class='ocrx_word' id='word_1_711' title='bbox 371 5239 481 5293; x_wconf 89' lang='lat' dir='ltr'><strong>tini</strong></span> <span class='ocrx_word' id='word_1_712' title='bbox 501 5238 561 5292; x_wconf 90' lang='lat' dir='ltr'><strong>in</strong></span> <span class='ocrx_word' id='word_1_713' title='bbox 588 5238 713 5293; x_wconf 82' lang='lat' dir='ltr'><strong>foro</strong></span> <span class='ocrx_word' id='word_1_714' title='bbox 736 5242 932 5293; x_wconf 88' lang='lat' dir='ltr'><strong>erecta</strong></span> <span class='ocrx_word' id='word_1_715' title='bbox 962 5234 1565 5308; x_wconf 13' lang='lat' dir='ltr'><strong>manugerﬁebatmon</strong></span> <span class='ocrx_word' id='word_1_716' title='bbox 1586 5249 1722 5288; x_wconf 85' lang='lat' dir='ltr'><strong>vero</strong></span> <span class='ocrx_word' id='word_1_717' title='bbox 1754 5234 2030 5308; x_wconf 67' lang='lat' dir='ltr'><strong>columnae</strong></span> 
     </span>
    </p>
   </div>
   <div class='ocr_carea' id='block_1_106' title="bbox 373 5304 2030 5380">
    <p class='ocr_par' dir='ltr' id='par_1_106' title="bbox 373 5304 2030 5380">
     <span class='ocr_line' id='line_1_109' title="bbox 373 5304 2030 5380; baseline -0.001 -16"><span class='ocrx_word' id='word_1_718' title='bbox 373 5310 585 5379; x_wconf 80' lang='lat' dir='ltr'><strong>globus,</strong></span> <span class='ocrx_word' id='word_1_719' title='bbox 614 5314 680 5364; x_wconf 92' lang='lat' dir='ltr'><strong>ut</strong></span> <span class='ocrx_word' id='word_1_720' title='bbox 718 5324 1017 5380; x_wconf 89' lang='lat' dir='ltr'><strong>perperam</strong></span> <span class='ocrx_word' id='word_1_721' title='bbox 1068 5304 1403 5380; x_wconf 75' lang='lat' dir='ltr'><strong>Xylander;</strong></span> <span class='ocrx_word' id='word_1_722' title='bbox 1448 5305 1565 5380; x_wconf 81' lang='lat' dir='ltr'><strong>nisi</strong></span> <span class='ocrx_word' id='word_1_723' title='bbox 1622 5304 1904 5380; x_wconf 73' lang='lat' dir='ltr'><strong>vocabulo</strong></span> <span class='ocrx_word' id='word_1_724' title='bbox 1938 5323 2030 5362; x_wconf 84' lang='lat' dir='ltr'><strong>co-</strong></span> 
     </span>
    </p>
   </div>
   <div class='ocr_carea' id='block_1_107' title="bbox 374 5376 2025 5503">
    <p class='ocr_par' dir='ltr' id='par_1_107' title="bbox 374 5376 2025 5503">
     <span class='ocr_line' id='line_1_110' title="bbox 374 5376 2025 5503; baseline -0.002 -66"><span class='ocrx_word' id='word_1_725' title='bbox 374 5376 596 5437; x_wconf 64' lang='lat' dir='ltr'><strong>lamna:</strong></span> <span class='ocrx_word' id='word_1_726' title='bbox 619 5376 873 5436; x_wconf 78' lang='lat' dir='ltr'><strong>statuam</strong></span> <span class='ocrx_word' id='word_1_727' title='bbox 906 5380 967 5435; x_wconf 89' lang='lat' dir='ltr'><strong>in</strong></span> <span class='ocrx_word' id='word_1_728' title='bbox 998 5376 1278 5436; x_wconf 86' lang='lat' dir='ltr'><strong>columna</strong></span> <span class='ocrx_word' id='word_1_729' title='bbox 1305 5376 1725 5503; x_wconf 51' lang='lat' dir='ltr'><strong>porphg&#39;retica</strong></span> <span class='ocrx_word' id='word_1_730' title='bbox 1771 5378 2025 5449; x_wconf 89' lang='lat' dir='ltr'><strong>positam</strong></span> 
     </span>
     <span class='ocr_line' id='line_1_111' title="bbox 376 5449 1829 5503; baseline 0 0"><span class='ocrx_word' id='word_1_731' title='bbox 376 5453 687 5503; x_wconf 66' lang='lat' dir='ltr'><strong>intelligat.</strong></span> <span class='ocrx_word' id='word_1_732' title='bbox 718 5453 790 5503; x_wconf 85' lang='lat' dir='ltr'><strong>de</strong></span> <span class='ocrx_word' id='word_1_733' title='bbox 821 5469 938 5503; x_wconf 84' lang='lat' dir='ltr'><strong>mm</strong></span> <span class='ocrx_word' id='word_1_734' title='bbox 968 5452 1088 5503; x_wconf 85' lang='lat' dir='ltr'><strong>iam</strong></span> <span class='ocrx_word' id='word_1_735' title='bbox 1121 5457 1325 5503; x_wconf 87' lang='lat' dir='ltr'><strong>auctor</strong></span> <span class='ocrx_word' id='word_1_736' title='bbox 1356 5450 1412 5503; x_wconf 89' lang='lat' dir='ltr'><strong>f0</strong></span> <span class='ocrx_word' id='word_1_737' title='bbox 1444 5492 1457 5503; x_wconf 91' lang='lat'><strong>.</strong></span> <span class='ocrx_word' id='word_1_738' title='bbox 1525 5451 1615 5503; x_wconf 75' lang='lat'><strong>65.</strong></span> <span class='ocrx_word' id='word_1_739' title='bbox 1651 5449 1829 5503; x_wconf 76' lang='lat' dir='ltr'><strong>GOAR.</strong></span> 
     </span>
    </p>
   </div>
   <div class='ocr_carea' id='block_1_108' title="bbox 376 5449 1829 5523">
    <p class='ocr_par' dir='ltr' id='par_1_108' title="bbox 376 5449 1829 5523">
     <span class='ocr_line' id='line_1_112' title="bbox 376 5449 1829 5523; baseline -0.004 -15"><span class='ocrx_word' id='word_1_740' title='bbox 376 5453 687 5523; x_wconf 73' lang='lat' dir='ltr'><strong>intelligat,</strong></span> <span class='ocrx_word' id='word_1_741' title='bbox 718 5453 790 5508; x_wconf 86' lang='lat' dir='ltr'><strong>de</strong></span> <span class='ocrx_word' id='word_1_742' title='bbox 821 5469 938 5523; x_wconf 83' lang='lat' dir='ltr'><strong>qua</strong></span> <span class='ocrx_word' id='word_1_743' title='bbox 961 5452 1088 5521; x_wconf 85' lang='lat' dir='ltr'><strong>jam</strong></span> <span class='ocrx_word' id='word_1_744' title='bbox 1121 5449 1325 5506; x_wconf 87' lang='lat' dir='ltr'><strong>auctor</strong></span> <span class='ocrx_word' id='word_1_745' title='bbox 1356 5449 1457 5523; x_wconf 81' lang='lat' dir='ltr'><strong>fol.</strong></span> <span class='ocrx_word' id='word_1_746' title='bbox 1490 5449 1615 5505; x_wconf 75' lang='lat'><strong>265.</strong></span> <span class='ocrx_word' id='word_1_747' title='bbox 1651 5449 1829 5504; x_wconf 58' lang='lat' dir='ltr'><strong>Gosn.</strong></span> 
     </span>
    </p>
   </div>
   <div class='ocr_carea' id='block_1_109' title="bbox 449 5522 1577 5595">
    <p class='ocr_par' dir='ltr' id='par_1_109' title="bbox 449 5522 1577 5595">
     <span class='ocr_line' id='line_1_113' title="bbox 449 5522 1577 5595; baseline 0 -21"><span class='ocrx_word' id='word_1_748' title='bbox 449 5522 583 5595; x_wconf 63' lang='grc' dir='ltr'><strong>(δη</strong></span> <span class='ocrx_word' id='word_1_749' title='bbox 601 5524 797 5578; x_wconf 85' lang='lat' dir='ltr'><strong>Platea</strong></span> <span class='ocrx_word' id='word_1_750' title='bbox 818 5522 1070 5578; x_wconf 83' lang='lat' dir='ltr'><strong>civitatis</strong></span> <span class='ocrx_word' id='word_1_751' title='bbox 1098 5522 1181 5577; x_wconf 89' lang='lat' dir='ltr'><strong>ita</strong></span> <span class='ocrx_word' id='word_1_752' title='bbox 1202 5523 1376 5595; x_wconf 67' lang='lat' dir='ltr'><strong>dicta.</strong></span> <span class='ocrx_word' id='word_1_753' title='bbox 1403 5522 1577 5595; x_wconf 56' lang='lat' dir='ltr'><strong>Goxa.</strong></span> 
     </span>
    </p>
   </div>
   <div class='ocr_carea' id='block_1_110' title="bbox 446 5591 2029 5667">
    <p class='ocr_par' dir='ltr' id='par_1_110' title="bbox 446 5591 2029 5667">
     <span class='ocr_line' id='line_1_114' title="bbox 446 5591 2029 5667; baseline 0 -18"><span class='ocrx_word' id='word_1_754' title='bbox 446 5591 559 5667; x_wconf 29' lang='lat'><strong>(‘88)</strong></span> <span class='ocrx_word' id='word_1_755' title='bbox 592 5597 783 5667; x_wconf 82' lang='lat' dir='ltr'><strong>Longe</strong></span> <span class='ocrx_word' id='word_1_756' title='bbox 810 5602 903 5667; x_wconf 74' lang='lat' dir='ltr'><strong>est</strong></span> <span class='ocrx_word' id='word_1_757' title='bbox 932 5596 1017 5667; x_wconf 8' lang='lat' dir='ltr'><strong>ab,</strong></span> <span class='ocrx_word' id='word_1_758' title='bbox 1037 5592 1417 5667; x_wconf 82' lang='lat' dir='ltr'><strong>exsequendo</strong></span> <span class='ocrx_word' id='word_1_759' title='bbox 1468 5591 1653 5667; x_wconf 74' lang='lat' dir='ltr'><strong>Latini</strong></span> <span class='ocrx_word' id='word_1_760' title='bbox 1688 5592 2029 5664; x_wconf 86' lang='lat' dir='ltr'><strong>interpretis</strong></span> 
     </span>
    </p>
   </div>
   <div class='ocr_carea' id='block_1_111' title="bbox 377 5661 2030 5737">
    <p class='ocr_par' dir='ltr' id='par_1_111' title="bbox 377 5661 2030 5737">
     <span class='ocr_line' id='line_1_115' title="bbox 377 5661 2030 5737; baseline 0 -16"><span class='ocrx_word' id='word_1_761' title='bbox 377 5661 579 5722; x_wconf 79' lang='lat' dir='ltr'><strong>ofﬁcio</strong></span> <span class='ocrx_word' id='word_1_762' title='bbox 600 5661 1025 5737; x_wconf 74' lang='lat' dir='ltr'><strong>Xylander,qui</strong></span> <span class='ocrx_word' id='word_1_763' title='bbox 1052 5681 1175 5720; x_wconf 89' lang='lat' dir='ltr'><strong>non</strong></span> <span class='ocrx_word' id='word_1_764' title='bbox 1192 5661 1529 5733; x_wconf 71' lang='lat' dir='ltr'><strong>defensorem</strong></span> <span class='ocrx_word' id='word_1_765' title='bbox 1544 5661 1651 5718; x_wconf 87' lang='lat' dir='ltr'><strong>sed</strong></span> <span class='ocrx_word' id='word_1_766' title='bbox 1660 5661 2030 5722; x_wconf 60' lang='lat' dir='ltr'><strong>exsecutorem</strong></span> 
     </span>
    </p>
   </div>
   <div class='ocr_carea' id='block_1_112' title="bbox 2136 5161 3780 5237">
    <p class='ocr_par' dir='ltr' id='par_1_112' title="bbox 2136 5161 3780 5237">
     <span class='ocr_line' id='line_1_116' title="bbox 2136 5161 3780 5237; baseline -0.002 -18"><span class='ocrx_word' id='word_1_767' title='bbox 2136 5166 2311 5222; x_wconf 88' lang='lat' dir='ltr'><strong>vertit</strong></span> <span class='ocrx_word' id='word_1_768' title='bbox 2358 5161 2592 5222; x_wconf 74' lang='grc' dir='ltr'>ἔκδικον.</span> <span class='ocrx_word' id='word_1_769' title='bbox 2635 5166 2785 5232; x_wconf 90' lang='lat' dir='ltr'><strong>Quid</strong></span> <span class='ocrx_word' id='word_1_770' title='bbox 2834 5170 3207 5237; x_wconf 89' lang='lat' dir='ltr'><strong>exsequetur,</strong></span> <span class='ocrx_word' id='word_1_771' title='bbox 3253 5163 3465 5219; x_wconf 90' lang='lat' dir='ltr'><strong>edicat.</strong></span> <span class='ocrx_word' id='word_1_772' title='bbox 3515 5164 3780 5237; x_wconf 64' lang='lat' dir='ltr'><strong>Defensor</strong></span> 
     </span>
    </p>
   </div>
   <div class='ocr_carea' id='block_1_113' title="bbox 2137 5233 3775 5312">
    <p class='ocr_par' dir='ltr' id='par_1_113' title="bbox 2137 5233 3775 5312">
     <span class='ocr_line' id='line_1_117' title="bbox 2137 5233 3775 5312; baseline -0.003 -20"><span class='ocrx_word' id='word_1_773' title='bbox 2137 5242 2296 5312; x_wconf 83' lang='lat' dir='ltr'><strong>certe</strong></span> <span class='ocrx_word' id='word_1_774' title='bbox 2347 5239 2541 5312; x_wconf 85' lang='lat' dir='ltr'><strong>causis</strong></span> <span class='ocrx_word' id='word_1_775' title='bbox 2591 5255 2920 5312; x_wconf 70' lang='lat' dir='ltr'><strong>pauperum</strong></span> <span class='ocrx_word' id='word_1_776' title='bbox 2970 5233 3027 5312; x_wconf 76' lang='lat' dir='ltr'><strong>et</strong></span> <span class='ocrx_word' id='word_1_777' title='bbox 3075 5233 3775 5312; x_wconf 56' lang='lat' dir='ltr'><strong>Ecclesiarumjacabat,</strong></span> 
     </span>
    </p>
   </div>
   <div class='ocr_carea' id='block_1_114' title="bbox 2138 5305 3780 5383">
    <p class='ocr_par' dir='ltr' id='par_1_114' title="bbox 2138 5305 3780 5383">
     <span class='ocr_line' id='line_1_118' title="bbox 2138 5305 3780 5383; baseline -0.002 -20"><span class='ocrx_word' id='word_1_778' title='bbox 2138 5310 2309 5383; x_wconf 82' lang='lat' dir='ltr'><strong>cujus</strong></span> <span class='ocrx_word' id='word_1_779' title='bbox 2330 5305 2780 5383; x_wconf 45' lang='lat' dir='ltr'><strong>titulum-gessit</strong></span> <span class='ocrx_word' id='word_1_780' title='bbox 2802 5308 3179 5364; x_wconf 88' lang='lat' dir='ltr'><strong>Sebastianus</strong></span> <span class='ocrx_word' id='word_1_781' title='bbox 3202 5314 3446 5383; x_wconf 83' lang='lat' dir='ltr'><strong>martyr.</strong></span> <span class='ocrx_word' id='word_1_782' title='bbox 3471 5305 3780 5383; x_wconf 79' lang='lat' dir='ltr'><strong>Eumdem,</strong></span> 
     </span>
    </p>
   </div>
   <div class='ocr_carea' id='block_1_115' title="bbox 2140 5376 3781 5454">
    <p class='ocr_par' dir='ltr' id='par_1_115' title="bbox 2140 5376 3781 5454">
     <span class='ocr_line' id='line_1_119' title="bbox 2140 5376 3781 5454; baseline -0.002 -20"><span class='ocrx_word' id='word_1_783' title='bbox 2140 5376 2259 5454; x_wconf 77' lang='lat' dir='ltr'><strong>imo</strong></span> <span class='ocrx_word' id='word_1_784' title='bbox 2286 5381 2509 5454; x_wconf 88' lang='lat' dir='ltr'><strong>plures,</strong></span> <span class='ocrx_word' id='word_1_785' title='bbox 2561 5376 2629 5438; x_wconf 60' lang='lat' dir='ltr'><strong>et</strong></span> <span class='ocrx_word' id='word_1_786' title='bbox 2667 5398 2845 5454; x_wconf 87' lang='lat' dir='ltr'><strong>super</strong></span> <span class='ocrx_word' id='word_1_787' title='bbox 2890 5397 3103 5454; x_wconf 77' lang='lat' dir='ltr'><strong>omnes</strong></span> <span class='ocrx_word' id='word_1_788' title='bbox 3153 5376 3467 5454; x_wconf 75' lang='lat' dir='ltr'><strong>primatem</strong></span> <span class='ocrx_word' id='word_1_789' title='bbox 3521 5376 3781 5434; x_wconf 86' lang='lat' dir='ltr'><strong>Ecclesia</strong></span> 
     </span>
    </p>
   </div>
   <div class='ocr_carea' id='block_1_116' title="bbox 2141 5451 3779 5522">
    <p class='ocr_par' dir='ltr' id='par_1_116' title="bbox 2141 5451 3779 5522">
     <span class='ocr_line' id='line_1_120' title="bbox 2141 5451 3779 5522; baseline -0.002 -17"><span class='ocrx_word' id='word_1_790' title='bbox 2141 5451 2339 5507; x_wconf 61' lang='lat' dir='ltr'><strong>Graeca</strong></span> <span class='ocrx_word' id='word_1_791' title='bbox 2370 5452 2529 5508; x_wconf 85' lang='lat' dir='ltr'><strong>inter</strong></span> <span class='ocrx_word' id='word_1_792' title='bbox 2557 5451 2942 5519; x_wconf 77' lang='lat' dir='ltr'><strong>ofﬁciales,de</strong></span> <span class='ocrx_word' id='word_1_793' title='bbox 2962 5451 3176 5522; x_wconf 83' lang='lat' dir='ltr'><strong>quibus</strong></span> <span class='ocrx_word' id='word_1_794' title='bbox 3201 5451 3779 5516; x_wconf 82' lang='lat' dir='ltr'><strong>Codinus,recenset.</strong></span> 
     </span>
    </p>
   </div>
   <div class='ocr_carea' id='block_1_117' title="bbox 2142 5523 3780 5597">
    <p class='ocr_par' dir='ltr' id='par_1_117' title="bbox 2142 5523 3780 5597">
     <span class='ocr_line' id='line_1_121' title="bbox 2142 5523 3780 5597; baseline -0.001 -20"><span class='ocrx_word' id='word_1_795' title='bbox 2142 5523 2221 5577; x_wconf 85' lang='lat' dir='ltr'><strong>De</strong></span> <span class='ocrx_word' id='word_1_796' title='bbox 2253 5523 2324 5577; x_wconf 80' lang='lat' dir='ltr'><strong>iis</strong></span> <span class='ocrx_word' id='word_1_797' title='bbox 2352 5526 2671 5580; x_wconf 72' lang='lat' dir='ltr'><strong>concilium</strong></span> <span class='ocrx_word' id='word_1_798' title='bbox 2695 5525 3154 5597; x_wconf 70' lang='lat' dir='ltr'><strong>Carthaginiense</strong></span> <span class='ocrx_word' id='word_1_799' title='bbox 3187 5523 3343 5595; x_wconf 83' lang='lat' dir='ltr'><strong>apud</strong></span> <span class='ocrx_word' id='word_1_800' title='bbox 3370 5523 3780 5578; x_wconf 81' lang='lat' dir='ltr'><strong>Balsamonein</strong></span> 
     </span>
    </p>
   </div>
   <div class='ocr_carea' id='block_1_118' title="bbox 2145 5597 2610 5653">
    <p class='ocr_par' dir='ltr' id='par_1_118' title="bbox 2145 5597 2610 5653">
     <span class='ocr_line' id='line_1_122' title="bbox 2145 5597 2610 5653; baseline 0.009 -4"><span class='ocrx_word' id='word_1_801' title='bbox 2145 5611 2277 5650; x_wconf 90' lang='lat' dir='ltr'><strong>ean.</strong></span> <span class='ocrx_word' id='word_1_802' title='bbox 2308 5597 2394 5649; x_wconf 81' lang='lat'><strong>78.</strong></span> <span class='ocrx_word' id='word_1_803' title='bbox 2437 5598 2610 5653; x_wconf 73' lang='lat' dir='ltr'><strong>GOAR.</strong></span> 
     </span>
    </p>
   </div>
  </div>
