4170 6204
443 335 565 395 679

1796 321 2114 384 GEORGII
2160 322 2502 386 CEDRENI

3733 328 3858 388 680

439 463 643 520 insidii
700 481 821 520 non
866 459 1290 517 animadversis
1352 473 1454 511 eos
1516 455 1767 511 insecuti
1818 454 2075 510 universi

2196 452 2442 527 ἀκρατῶς
2470 455 2697 517 τούτους
2728 453 2979 524 ἐδίωκον,
3027 456 3118 511 καὶ
3172 455 3366 518 πάντες
3424 456 3565 529 ὁμοῦ
3612 456 3706 510 σὺν
3762 461 3848 529 τῷ

439 572 575 610 cum
604 570 740 625 rege
770 555 985 606 Peroza
1012 553 1072 602 et
1108 547 1247 602 ﬁliis
1277 547 1406 618 ejus
1444 545 1503 599 in
1534 542 1876 615 voraginem
1908 543 2079 599 istam

445 642 779 698 incidentes
808 639 1131 709 perierunt.
1164 637 1411 690 Perozes
1442 650 1509 688 eo
1542 634 1603 688 in
1656 632 1920 704 periculo
1941 649 2086 688 con-

442 734 680 787 stitutus
736 728 1046 792 unionem,
1105 741 1283 796 quem
1339 722 1609 797 gestabat
1665 722 1966 793 ingentem
2014 738 2084 777 ac

442 818 931 874 candidissimum
981 820 1040 871 et
1084 813 1327 870 maximi
1375 812 1572 885 pretii,
1624 828 1659 866 a
1696 812 1902 867 dextra
1939 827 2082 867 aure

439 909 770 965 detractum
817 906 1052 979 abiecit,
1107 920 1182 959 ne
1231 903 1366 975 quis
1407 918 1541 957 eum
1574 906 1706 972 post
1734 916 1795 956 se
1825 906 2083 972 gestaret

433 1006 534 1056 aut
571 999 768 1071 ipsum
797 1014 997 1071 regem
1029 1001 1376 1069 agnosceret
1410 1012 1423 1049 :
1450 1000 1578 1050 erat
1620 993 1782 1049 enim
1813 995 2079 1064 spectatu

431 1087 964 1161 dignissimusJIoc
990 1085 1164 1141 modo
1188 1083 1365 1140 modo
1388 1086 1632 1139 Perozes
1663 1098 1795 1137 cum
1816 1080 2080 1136 exercitu

431 1177 681 1233 interiit.
716 1175 956 1232 Barbari
990 1175 1201 1231 exinde
1229 1173 1541 1229 biennium
1589 1174 1797 1227 Persas
1824 1170 2078 1225 tributa-

434 1264 555 1319 rios
633 1263 987 1319 habuerunt.
1048 1264 1129 1316 Eo
1166 1267 1393 1330 exacto
1471 1261 1664 1314 Persa)
1726 1257 2077 1329 superstites

431 1352 725 1407 Cabadem
756 1354 988 1406 Perozm
1023 1350 1214 1405 ﬁlium
1246 1364 1442 1422 regem
1473 1348 1859 1403 constituunt.

505 1443 584 1497 De
616 1441 862 1511 unione,
898 1456 1014 1510 quo
1059 1438 1109 1494 is
1141 1443 1311 1510 pacto
1361 1438 1634 1492 inventus
1666 1435 1863 1501 fuerit,
1900 1433 2075 1488 talem

431 1531 763 1602 reperimus
795 1528 1125 1583 historiam.
1151 1529 1215 1583 In
1239 1528 1374 1583 sinu
1404 1525 1659 1591 Persico,
1684 1523 1785 1594 qui
1815 1538 1850 1576 a
1880 1521 2075 1577 Rubro

430 1620 579 1676 mari
612 1636 814 1674 versus
844 1617 1200 1689 Aquilonem
1232 1623 1321 1672 est
1351 1616 1521 1686 situs,
1556 1613 1811 1670 uniones
1837 1612 2080 1667 aluntur

433 1727 469 1765 a
532 1708 887 1781 pectinibus,
948 1724 1099 1778 quos
1170 1706 1489 1762 Zambacos
1565 1707 1795 1759 vocant.
1858 1703 2078 1756 Horum

431 1800 735 1871 pectinum
770 1796 1012 1869 quidam
1032 1797 1304 1852 inventus
1335 1794 1592 1850 estintre
1626 1810 1688 1849 se
1719 1790 1885 1848 alens
1914 1790 2080 1845 unio-
2109 1838 2154 1902 Β

433 1906 572 1944 nem
588 1889 881 1961 ingentem
898 1903 966 1942 ac
991 1884 1543 1957 splendidissimum
1566 1900 1579 1949 ;
1605 1882 1707 1954 qui
1720 1897 1853 1937 cum
1867 1885 2075 1935 auctus

434 1993 779 2031 mensuram
809 1975 1089 2030 usitatam
1121 1972 1472 2028 excessisset
1516 1969 1832 2040 radiosque
1874 1968 2073 2040 splen-

435 2065 596 2119 doris
630 2065 721 2120 sui
768 2063 1015 2134 fulguris
1064 2063 1124 2116 in
1172 2078 1398 2117 morem
1446 2059 1859 2132 ejacularetur,
1910 2056 2076 2113 canis

436 2154 678 2224 quidam
709 2151 977 2208 marinus
1008 2167 1143 2206 eum
1175 2150 1554 2223 splendorem
1586 2147 1879 2204 adamavit
1919 2147 2076 2202 624

430 2248 491 2297 et
543 2240 1051 2313 pulchritudinem
1108 2245 1394 2312 perpetuo
1441 2237 1723 2295 assectari
1767 2236 1984 2307 cmpit,
2017 2239 2076 2289 et

428 2346 786 2402 quocunque
823 2329 999 2385 unda:
1046 2329 1299 2399 pectinis
1346 2327 1634 2383 concham
1680 2324 1970 2391 ferebant,
2004 2340 2073 2378 eo

428 2421 589 2476 canis
609 2434 847 2490 quoque
860 2417 1178 2490 perniciosi
1191 2417 1500 2489 cujusdam
1513 2415 1602 2471 da:
1612 2414 1797 2471 monis
1812 2412 2075 2485 impulsu

427 2509 848 2565 bacchabatur.
889 2507 955 2563 Id
998 2506 1334 2580 prodigium
1380 2505 1641 2578 piscator
1668 2503 1910 2577 quidam
1942 2502 2071 2558 ani-

428 2599 804 2655 madvertens
863 2596 1070 2654 statuit
1124 2597 1424 2669 pectinem
1482 2594 1762 2652 machina
1817 2592 2072 2665 quadam

346 2704 361 2715 ‘
430 2687 760 2760 depraadari
782 2704 795 2742 :
820 2703 1023 2742 verum
1045 2686 1212 2742 canis
1232 2702 1355 2742 non
1376 2685 1689 2754 concessit,
1713 2682 1818 2739 sed
1836 2688 2073 2755 raptum

424 2778 720 2847 pectinem
770 2776 832 2829 in
886 2774 1249 2845 profundum
1293 2790 1463 2845 aqua)
1520 2771 1786 2828 abduxit.
1818 2771 2073 2826 Proinde

423 2866 546 2935 regi
571 2867 886 2920 Persarum
906 2863 979 2918 de
998 2862 1440 2934 pulchritudine
1461 2861 1794 2934 margaritae
1816 2860 2076 2931 piscator

425 2953 623 3017 refert,
665 2953 833 3023 isque
865 2951 918 3006 ei
946 2952 1099 3006 viros
1127 2951 1419 3025 adjungit,
1451 2951 1551 3022 qui
1585 2950 1649 3005 in
1685 2966 1754 3005 eo
1784 2949 2072 3021 capiendo

428 3040 541 3112 ipsi
573 3039 789 3098 adsint.
824 3040 969 3096 Cum
1000 3040 1075 3097 ad
1104 3057 1266 3097 mare
1296 3040 1543 3112 profecti
1575 3056 1681 3112 per
1700 3038 1926 3110 aliquot
1945 3038 2073 3095 dies

426 3129 750 3201 praestolati
803 3135 1022 3199 essent,
1069 3129 1314 3201 contigit
1336 3134 1403 3185 ut
1432 3128 1596 3184 canis
1640 3128 2073 3200 aliquantisper

426 3219 748 3274 secederet.
799 3219 943 3273 Tum
996 3218 1257 3289 piscator
1293 3217 1494 3273 statim
1543 3233 1672 3272 sese
1730 3216 1792 3270 in
1851 3232 2065 3286 aquam

424 3309 652 3381 injecit,
681 3315 740 3363 et
754 3308 827 3364 ad
850 3308 1101 3364 fundum
1123 3308 1354 3364 delatus
1376 3308 1672 3379 pectinem
1694 3323 1829 3362 cum
1849 3306 2070 3361 unione

425 3397 699 3468 arripuit,
733 3412 1091 3467 sursumque
1138 3396 1415 3467 enatavit,
1457 3402 1694 3452 exserta
1740 3412 1921 3451 manu
1958 3411 2075 3466 qua

424 3484 713 3539 unionem
743 3483 1002 3552 tenebat,
1045 3499 1223 3554 quem
1255 3487 1314 3538 et
1359 3483 1558 3538 statim
1606 3482 1646 3536 ii
1695 3482 1795 3553 qui
1827 3481 2078 3537 aderant

430 3571 482 3628 ei
516 3572 882 3643 eripuerunt.
911 3572 1266 3644 Priusquam
1285 3587 1422 3627 vero
1452 3571 1516 3626 in
1536 3570 1801 3626 lembum
1820 3570 2077 3642 piscator

431 3660 677 3716 evadere
708 3665 931 3734 posset,
963 3661 1306 3733 supervenit
1332 3660 1498 3716 canis
1537 3660 1940 3729 miserumque
1971 3658 2072 3714 de-

428 3750 673 3806 voravit.
724 3750 873 3806 Unio
934 3749 1009 3806 ad
1065 3766 1264 3824 regem
1317 3749 1533 3805 allatus
1590 3754 1727 3816 est;
1787 3747 1888 3818 qui
1945 3747 2075 3818 ejus

430 3838 766 3909 spectaculo
828 3837 1180 3907 delectatus,
1235 3838 1548 3910 piscatoris
1619 3838 1776 3893 ﬁlios
1845 3837 2074 3908 magnis

422 3928 596 3984 donis
626 3928 844 3986 affecit.
878 3930 1027 3984 Eum
1073 3929 1359 3984 unionem
1404 3934 1469 3984 ut
1526 3926 1850 3982 redimeret
1903 3926 2075 3980 Justi-

427 4018 645 4074 nianus
695 4020 956 4091 Magnus,
1014 4021 1115 4072 100
1173 4018 1300 4073 auri
1332 4017 1514 4072 libras
1558 4015 1831 4072 Barbaris
1888 4014 2071 4070 misit.

430 4107 643 4162 Verum
675 4107 715 4160 ii
747 4112 1099 4163 recusarunt
1126 4106 1400 4176 vendere,
1443 4109 1811 4161 asservantes
1842 4120 1978 4158 eum
2012 4102 2070 4156 in

425 4197 663 4269 signum
694 4199 946 4254 Persica)
977 4197 1340 4255 stoliditatis.

2198 541 2406 616 Ιίερόζῃ
2438 544 2528 598 καὶ
2558 550 2675 606 τοῖς
2707 543 2872 601 αὐτοῦ
2902 545 3087 600 παισίν
3144 543 3221 606 εἷς
3276 545 3340 599 τὸ
3401 546 3671 619 βάραθρον
3714 565 3855 617 συμ-

2191 632 2444 693 πεσόντες
2474 631 2789 703 ἀπώλοντο.
2831 634 2892 691 Ὀ
2950 632 3008 689 δὲ
3067 634 3314 708 Περόζης
3373 632 3694 707 αἰσθόμενος
3748 638 3853 689 τοῦ

2192 714 2394 788 δεινοῦ,
2431 721 2524 776 τὸν
2571 723 2845 798 μάργαρον
2879 721 2937 777 ὅν
2970 723 3096 801 εἶχε
3138 721 3465 778 λευκότατον
3512 723 3607 777 καὶ
3660 722 3850 798 μέγαν,

2192 805 2270 868 εἷς
2304 803 2617 884 ὁπερϐολὴν
2653 811 2975 885 ὗπερτιμ>ν,
3035 812 3085 882 ἐξ
3151 811 3293 874 ὠτὸς
3326 815 3448 866 ’τοῦ
3505 804 3680 884 δεξιοῦ
3738 812 3851 879 ἀφ’

2191 892 2454 969 ελόμενος
2512 894 2746 975 ἔῤῥιψεν,
2796 899 2882 956 ἵνα
2942 902 3019 974 μή
3073 921 3156 964 τις
3211 901 3387 956 ὀπίσω
3443 900 3609 957 αὐτοῦ
3645 906 3845 957 τοῦτον

2189 988 2385 1062 φορνίη
2419 989 2453 1056 ἢ
2487 988 2768 1063 γνώριμος
2813 990 3034 1065 γένηται
3068 989 3143 1052 ὡς
3197 986 3475 1066 βασιλεὺς,
3525 989 3639 1045 ἐπεὶ
3687 991 3843 1060 ἀξιο-

2191 1072 2376 1136 θέατος
2411 1076 2698 1153 ὑπερφυῶς
2753 1079 2842 1148 ἦν·
2908 1079 3006 1133 Καὶ
3065 1078 3211 1134 οὕτω
3271 1079 3516 1152 Περύζης
3574 1076 3843 1158 διεφθάρη

2188 1160 2280 1217 σὺν
2316 1162 2459 1238 πάσῃ
2489 1170 2556 1239 τῇ
2588 1172 2829 1241 στρατιᾷ.
2863 1166 3062 1241 ’Πρξαν
3093 1164 3151 1222 δὲ
3200 1171 3418 1242 Περσῶν
3464 1170 3516 1222 οἱ
3566 1163 3845 1243 βάρϐαροι

2189 1255 2424 1329 χρόνους
2455 1253 2552 1312 δύο
2582 1258 2660 1321 εἰς
2689 1257 2859 1336 φόρου
2887 1257 3205 1335 ἀπαγωγήν.
3240 1260 3339 1314 Καὶ
3370 1257 3534 1315 πάλιν
3590 1244 3641 1314 οἱ
3690 1260 3845 1315 ὑπο-

2190 1340 2492 1419 λειφθέντες
2522 1343 2779 1418 Καὸάδην
2809 1348 2903 1402 τὸν
2942 1346 3140 1404 τούτου
3176 1346 3518 1427 ,υἱὸνξεῖχον
3578 1347 3833 1424 βασιλέα.

2262 1433 2389 1507 Περὶ
2443 1431 2501 1489 δὲ
2553 1440 2650 1490 τοῦ
2713 1436 3070 1512 μαργαρίτου,
3127 1442 3246 1501 πῶς
3300 1437 3389 1507 καὶ
3447 1437 3850 1514 ποίῳ¹τρόπῳ

2186 1521 2402 1596 εὑρέθη,
2442 1525 2700 1594 τοιαύτην
2740 1525 2972 1600 εὕρομεν
3002 1525 3267 1601 ἱστορίαν.
3292 1518 3425 1593 ’Ὲψ
3459 1532 3540 1599 τῷ
3588 1532 3848 1601 Περσικῷ

2184 1608 2381 1683 κόλπῳ
2408 1616 2488 1684 τῷ
2516 1614 2653 1687 πρὸς
2687 1612 2888 1691 βοῤῥᾶν
2915 1615 3154 1687 κειμένῳ
3182 1616 3282 1686 τῆς
3317 1616 3577 1691 Ἐρυθρᾶς
3630 1615 3845 1671 θαλάσ-

2189 1718 2288 1768 σης
2343 1699 2628 1778 τρέφονται
2717 1709 3045 1780 μαργαρῖται
3107 1704 3211 1759 ὑπὸ
3266 1709 3491 1774 κτενῶν,
3546 1705 3637 1767 οὕς
3690 1726 3840 1768 τινες

2190 1783 2470 1860 ζάμϐακας
2516 1789 2868 1864 ὀνομάζουσι.
2927 1792 3147 1849 Τούτων
3206 1792 3325 1848 τῶν
3358 1786 3565 1851 κτενῶν
3635 1795 3833 1868 εὑρέθη

2182 1877 2395 1952 τρέφων
2450 1875 2502 1933 ἐν
2575 1879 2747 1952 ἑαυτῷ
2801 1879 2946 1944 κτεὶς
3008 1881 3083 1943 εἷς
3154 1876 3493 1961 μαργαρίτην
3580 1884 3830 1963 ὑπερφυῆ

2184 1966 2270 2020 καὶ
2317 1964 2729 2041 λαμπρότατον.
2781 1968 3115 2040 Αὐξηθέντος
3176 1968 3234 2025 δὲ
3288 1968 3625 2043 τούτουκαὶ
3679 1974 3831 2048 παρὰ

2183 2054 2246 2108 τὸ
2281 2055 2479 2129 μέτρον
2511 2057 2805 2133 γεγονότος
2836 2057 3003 2135 αὐγάς
3033 2079 3093 2114 τε
3143 2056 3302 2130 δίκην
3348 2048 3629 2134 dogmati;
3674 2062 3832 2117 ἀκτιο

2182 2137 2552 2205 νοϐολοῦντος
2581 2147 2669 2200 καὶ
2704 2143 3134 2220 διαπέμποντος,
3176 2140 3399 2223 ἧρᾶδθῆ
3422 2142 3580 2204 -κύων
3634 2150 3833 2206 θαλάτ-

2180 2252 2297 2294 τιος
2331 2234 2412 2306 [Ρ.
2446 2237 2571 2307 356]
2610 2241 2710 2305 τῆς
2768 2235 2943 2311 αὐγῆς
2994 2242 3092 2292 τοῦ
3152 2222 3512 2312 μαργ-αρῖωυ,
3542 2236 3551 2243 ’
3577 2239 3669 2294 καὶ
3724 2247 3834 2310 τῆς

2184 2322 2352 2377 αὐτοῦ
2383 2323 2725 2399 ὡραιότητος
2755 2326 2859 2380 οὐκ
2886 2324 3169 2400 ἀφίστατο,
3200 2326 3326 2384 ἀλλ’
3372 2322 3522 2393 Ϊδπου
3554 2325 3602 2382 δ’
3633 2327 3691 2383 ἄν
3724 2329 3829 2404 ἦγε

2179 2411 2243 2466 τὸ
2274 2411 2447 2485 ῥεῦμα
2473 2413 2537 2467 τὸ
2576 2411 2806 2489 ἔλυτρον
2854 2418 2953 2470 τοῦ
3000 2415 3206 2486 κτενὸς,
3257 2414 3368 2471 ἐκεῖ
3409 2406 3637 2472 καὶτὸν
3688 2418 3828 2474 κύνα

2181 2498 2394 2575 δαίμων
2419 2523 2502 2565 τις
2559 2501 2846 2580 ἀλιτήριος
2907 2500 3281 2582 ἐξεϐάκχευενξ
3331 2502 3545 2573 Ἀλιεῦς
3596 2509 3689 2562 οὖν
3739 2529 3827 2570 τις

2177 2588 2241 2643 τὸ
2272 2589 2419 2661 ξένον
2457 2595 2620 2646 τοῦτο
2661 2592 2989 2666 θεασάμενος
3014 2586 3494 2671 τέροαςοέδοκίμασε
3532 2592 3622 2651 διά
3676 2616 3829 2659 τινος

2186 2685 2446 2756 μηχανῆς
2493 2678 2837 2751 ἀποσυλήσαι
2893 2681 2987 2737 τὸν
3041 2682 3218 2740 κτένα.
3279 2681 3439 2753 Ἀλλ’
3469 2684 3498 2738 ὁ
3527 2684 3670 2739 κύων
3726 2685 3834 2739 οὐκ

2181 2764 2443 2822 ἐνεδίδου·
2484 2767 2741 2845 ἁρπάζων
2794 2769 2901 2846 γὰρ
2950 2768 3114 2827 αὐτὸν
3156 2770 3261 2828 -ἐπὶ
3315 2774 3376 2828 τὸ
3436 2772 3601 2851 βάθος
3646 2771 3828 2849 ἐνῆγε.

2180 2855 2529 2929 Καταμηνύει
2607 2862 2893 2934 τοιγαροῦν
2949 2859 2977 2914 ὁ
3029 2857 3216 2922 άλιείις
3300 2864 3382 2933 τῷ
3440 2856 3660 2934 βασίλεῖ
3720 2862 3833 2915 τῶν

2179 2948 2400 3019 Περσῶν
2431 2945 2494 3001 τὸ
2530 2948 2627 3001 τοῦ
2662 2947 2941 3024 μαργάρου
2970 2946 3203 3011 κάλλος·
3251 2944 3377 3003 δ’δέ
3404 2946 3622 3004 δίδωσιν
3677 2949 3828 3022 αὖτῷ

2184 3029 2381 3108 ἂνδρας
2411 3032 2539 3097 τοὺς
2569 3033 2656 3089 ἐπὶ
2703 3038 2804 3106 τήν
2862 3036 3031 3113 ἄγραν
3089 3041 3187 3094 τοῦ
3242 3026 3528 3115 μαργάρου
3570 3036 3837 3117 ’συμπρά-

2187 3130 2396 3194 ζοντας.
2432 3124 2716 3190 Ἐλθόντες
2777 3127 2869 3183 οὖν
2931 3128 3019 3184 ἐπὶ
3059 3132 3159 3200 τὴν
3214 3120 3490 3186 θάλασσαν
3532 3131 3623 3188 καί
3676 3153 3831 3195 τινας

2184 3213 2394 3288 ἡμέρας
2479 3214 2989 3293 ἐγκαρτερήσαντες,
3068 3215 3233 3299 ἔτυχε
3286 3220 3377 3276 τὸν
3434 3221 3565 3276 κύνα
3626 3223 3826 3298 μικρὸν

2182 3303 2567 3382 ὓποχωρῆσαι·
2618 3305 2796 3370 Εὐθὺς
2858 3308 2952 3363 οὗν
3002 3309 3031 3363 ὁ
3080 3307 3268 3372 ἁλιεὺς
3325 3307 3604 3373 δισκεύσας
3665 3308 3826 3367 αὐτὸν

2186 3391 2238 3446 ἐν
2264 3397 2334 3468 τῇ
2384 3392 2629 3469 θαλάσσῃ
2685 3400 2777 3450 καὶ
2833 3394 3070 3460 καταδὺς
3127 3396 3179 3453 ἐν
3225 3402 3308 3468 τῷ
3365 3400 3517 3473 βάθει
3572 3397 3834 3475 ἐδράξατο

2180 3486 2278 3537 τοῦ
2334 3483 2519 3544 κτενὸς
2576 3484 2667 3538 καὶ
2722 3484 2814 3540 τὸν
2872 3486 3213 3561 μαργαρίτην
3286 3487 3540 3564 ἀνήγαγε,
3599 3489 3690 3543 καὶ
3746 3489 3839 3544 εὖ·

2182 3569 2317 3634 Θέως
2372 3569 2701 3648 ἀναδραμὼν
2758 3575 2945 3649 ὕψωσε
3002 3576 3102 3645 τὴν
3156 3581 3340 3653 χεῖρα,
3400 3578 3491 3632 καὶ
3558 3578 3662 3633 ὑπὸ
3717 3582 3831 3633 τῶν

2183 3661 2452 3717 συνόντων
2511 3662 2736 3738 ἡρπάγη
2768 3662 2797 3717 ὁ
2833 3663 3129 3740 μάργαρος.
3188 3665 3319 3739 Πρὶν
3373 3662 3432 3720 δὲ
3476 3666 3674 3744 φθάσαι
3717 3666 3837 3723 εἷσ-

2184 3747 2359 3814 ελθεῖν
2388 3748 2547 3805 αὐτὸν
2583 3748 2641 3806 ἐν
2696 3753 2766 3824 τῇ
2822 3746 3037 3825 λέμϐῳ,
3095 3753 3297 3832 φθάσας
3329 3755 3358 3809 δ
3386 3750 3532 3810 κύων
3580 3752 3834 3812 διέσπασε

2182 3837 2273 3892 καὶ
2327 3838 2670 3914 κατερόφησε
2723 3838 2815 3894 τὸν
2872 3838 3244 3917 ταλαίπωρον.
3302 3843 3364 3900 Ὀ
3422 3840 3481 3898 δὲ
3550 3845 3841 3923 μάργαρος

2182 3925 2526 4000 ἀπεκομίσθη
2572 3931 2654 4000 τῷ
2701 3924 2940 4002 βασιλεῖ,
3000 3931 3059 3992 ὅς
3111 3930 3201 3986 καὶ
3257 3926 3446 4001 ἡσθεὶς
3502 3936 3585 4004 τῷ
3637 3934 3840 3989 τούτου

2183 4015 2410 4088 θεάματι
2442 4015 2570 4077 τοὺς
2600 4013 2796 4080 παῖδας
2824 4023 2922 4074 τοῦ
2976 4018 3179 4083 άλιέως
3241 4020 3504 4097 μεγάλαις
3556 4024 3838 4096 ἠμείψατο

2183 4102 2436 4177 δωρεαῖς.
2467 4107 2674 4161 Τοῦτον
2721 4106 2814 4161 τὸν
2878 4108 3220 4184 μαργαρίτην
3277 4109 3569 4184 βουληθεὶς
3615 4113 3837 4182 ὠνήσα-

2183 4194 2304 4247 σθαι
2362 4194 2683 4256 Ἰουστιανὸς
2744 4196 2772 4250 ὁ
2840 4196 3020 4271 Μέγας
3079 4199 3337 4277 χρυσίου.
3391 4198 3579 4276 λίτρας
3634 4202 3828 4258 ἑκατὸν

421 4281 708 4339 ἀπέστειλε
764 4285 900 4358 πρὸς
954 4283 1083 4346 τοὺς
1138 4279 1467 4360 βαρϐάρους·
1527 4282 1657 4339 ἀλλ’
1713 4284 1862 4339 οὗτοι
1922 4279 1985 4336 οὗ
2040 4279 2382 4352 κατένευσαν,
2440 4284 2792 4355 μνημόσυνον
2878 4292 2979 4353 τῆς
3040 4277 3307 4362 Περσικῆς
3392 4287 3655 4350 ἀπονοίας
3729 4290 3830 4343 τοῦ

418 4389 511 4424 τον
542 4367 925 4449 φυλάττοντες.

493 4462 754 4519 Cabades
822 4468 1023 4520 autem
1077 4464 1309 4519 Perozis
1365 4463 1611 4519 ultimus
1668 4464 1828 4519 ﬁlius
1883 4478 2063 4534 regno

2243 4452 2499 4529 Καϐάδης
2530 4456 2588 4514 δὲ
2617 4460 2646 4515 ὁ
2677 4464 2775 4516 τοῦ
2806 4463 3046 4537 Περόζου
3096 4465 3322 4528 ὕστανος
3377 4465 3516 4536 υίὸς,
3565 4473 3666 4536 τῆς
3721 4468 3824 4541 βαι

423 4550 650 4621 potitus
693 4551 943 4623 imperio
999 4552 1314 4608 violentius
1371 4552 1457 4608 uti
1489 4552 1683 4624 capit,
1733 4552 1859 4625 lege
1890 4551 2071 4606 etiam

420 4637 564 4707 lata,
596 4655 730 4710 quae
750 4656 967 4696 uxores
988 4639 1265 4696 omnibus
1275 4639 1516 4713 juberet
1544 4654 1675 4695 esse
1697 4654 2067 4695 communes.

421 4728 630 4800 Itaque
678 4733 840 4786 Pesaa
898 4731 950 4786 ei
1007 4746 1255 4803 regnum
1325 4730 1697 4799 ademerunt,
1756 4729 2070 4800 ipsumque

419 4819 687 4876 vinctum
745 4820 808 4875 in
867 4836 1188 4888 carcerem,
1222 4820 1324 4892 qni
1357 4820 1539 4876 Letha
1595 4819 1675 4888 (id
1733 4823 1824 4873 est
1854 4818 2070 4874 oblivio

425 4908 666 4976 dicitur,
698 4909 1089 4982 conjecerunt
1112 4926 1127 4976 ;
1150 4926 1218 4965 ac
1238 4910 1480 4965 fratrem
1505 4909 1634 4980 ejus
1654 4909 1807 4965 256
1832 4906 2071 4964 Balbam

423 5014 624 5071 regem
672 5004 1042 5054 creaverunt.
1093 4999 1249 5054 Uxor
1294 5004 1494 5054 autem
1554 5015 1689 5054 cum
1739 4996 1959 5053 Cabadi
2010 4997 2072 5052 in

420 5104 659 5143 carcere
692 5087 929 5161 degenti
970 5087 1360 5156 ministraret,
1394 5103 1524 5143 eam
1577 5088 1728 5160 (erat
1758 5087 1916 5142 enim
1948 5087 2068 5142 for-

420 5176 783 5248 mosissima)
835 5193 1036 5234 amare
1086 5176 1399 5249 praefectus
1447 5177 1702 5232 carceris
1751 5177 1944 5248 coepit.
2008 5175 2075 5232 Id

423 5263 532 5318 ubi
561 5265 866 5321 intellexit
893 5265 1180 5330 Cabades,
1211 5266 1381 5322 uxori
1414 5266 1599 5323 suasit
1629 5272 1693 5321 ut
1723 5281 1951 5322 morem
1983 5265 2072 5320 illi

425 5357 689 5421 generet,
722 5355 769 5409 si
800 5371 918 5425 qua
968 5354 1236 5410 fortassis
1280 5356 1408 5428 ipse
1468 5356 1695 5411 ratione
1739 5372 1807 5411 ex
1838 5370 2072 5411 carcere

428 5444 626 5507 posset
652 5442 918 5499 evadere.
955 5444 1094 5508 Qum
1126 5460 1258 5499 cum
1294 5444 1381 5500 sui
1417 5445 1681 5517 corporis
1720 5448 2071 5515 potestatem

426 5526 705 5595 praefecto
739 5531 993 5586 carceris
1024 5533 1280 5599 fecisset,
1328 5534 1636 5605 postmodo
1668 5533 1909 5588 nemine
1938 5551 2070 5604 pro-

421 5612 667 5674 hibente
710 5618 787 5675 ad
834 5620 1118 5676 maritum
1170 5623 1521 5679 commeavit
1573 5623 1745 5693 eique
1802 5621 2075 5678 inserviit

2181 4545 2388 4609 σιλείας
2422 4544 2773 4623 δραξάμενος,
2804 4549 2893 4606 ἐπὶ
2912 4553 2975 4608 τὸ
3010 4552 3318 4629 βιαιότερον
3346 4558 3418 4629 τῇ
3448 4554 3596 4630 ἀρχῇ
3624 4555 3828 4630 ἐχρᾶτο

2178 4636 2268 4692 καὶ
2298 4637 2485 4700 κοινὰς
2541 4640 2635 4701 τὰς
2683 4645 2938 4714 γυναῖκας
2988 4640 3381 4717 ἐνομοθέτησεν
3438 4638 3610 4720 ἔχειν,
3667 4646 3826 4709 Ὅθεν

2179 4727 2231 4781 οἱ
2264 4725 2461 4800 Πέρσαι
2489 4730 2682 4783 τοῦτον
2711 4732 2813 4796 τῆς
2842 4729 3021 4806 ἀρχῆς
3074 4731 3363 4804 ἀπήλασαν
3415 4735 3505 4790 καὶ
3552 4731 3818 4805 δήσαντες

2180 4813 2256 4878 εἷς
2284 4813 2531 4892 φυλακὴν
2578 4817 2677 4886 τήν
2727 4815 3028 4894 λεγομένην
3081 4823 3270 4893 Λήθην
3310 4816 3585 4890 ἐνέϐαλον,
3633 4822 3725 4877 τὸν
3768 4819 3827 4877 δὲ

2180 4903 2415 4983 ἀδελφὸν
2469 4903 2635 4962 αἱ)τοῦ
2694 4902 2914 4981 Βάλϐην
2997 4911 3221 4987 βασιλέα
3298 4911 3579 4985 ἐποίησαν.
3638 4914 3699 4969 Ἥ
3768 4911 3829 4968 δὲ

2179 4997 2317 5072 γυνὴ
2353 4990 2601 5051 Καϐάδου
2632 4992 2871 5069 διηκόνει
2931 4999 3083 5073 αύτῷ
3136 5000 3190 5056 ἐν
3238 5005 3306 5076 τῇ
3338 5002 3599 5083 ⁶φυλακῇ.
3655 5003 3718 5060 Ὁ
3772 5000 3830 5058 δὲ

2177 5092 2278 5155 τῆς
2320 5087 2538 5163 εἱρκτῆς
2577 5085 2766 5167 ἄρχων
2826 5089 3029 5164 ἤρξατο
3088 5089 3211 5166 ape.
3267 5099 3368 5163 τῆς
3426 5093 3684 5170 γυναικὸς
3741 5092 3832 5147 εὐ-

2179 5178 2556 5253 πρεπεστάτης
2601 5174 2791 5248 οὔσης.
2837 5183 2895 5236 Ὀ
2951 5175 3010 5234 δὲ
3064 5175 3324 5252 Καϐάδης
3378 5179 3677 5257 παρεκάλει
3728 5182 3831 5250 τήν

2179 5269 2407 5342 γυναῖκα
2435 5261 2682 5320 ἐνδοῦναι
2711 5269 2792 5338 τῷ
2818 5265 3116 5342 ἀνθρώπῳ,
3150 5267 3203 5324 εἴ
3246 5290 3365 5331 πως
3402 5266 3611 5343 δυνηθῇ
3668 5268 3831 5349 ἐκφυ-

2179 5358 2293 5431 γεῖν
2320 5358 2416 5409 τοῦ
2446 5352 2730 5431 φρουρίου.
2792 5355 2999 5413 Τούτου
3056 5353 3114 5412 δὲ
3170 5357 3470 5434 γενομένου
3527 5357 3833 5420 ἀκωλύτως

2177 5444 2379 5518 ήγυνὴ
2420 5442 2556 5518 πρὸς
2616 5437 2877 5515 Καϐάδην
2936 5445 3177 5502 εἶσιοῦσα
3229 5452 3422 5503 τοῦτον
3476 5446 3825 5524 ἐθεράπευσε.

2180 5530 2354 5593 Φίλος
2386 5528 2445 5586 δὲ
2475 5526 2694 5606 Καῧάδῃ
2728 5532 2952 5607 ὀνόματι
3013 5537 3269 5607 Σεσώσης
3327 5535 3532 5608 ἐδήλου
3587 5542 3665 5610 τῷ
3722 5543 3826 5591 Κα-

2180 5614 2322 5694 ϐᾳδῄ
2365 5616 2455 5675 διὰ
2484 5624 2587 5689 τῆς
2615 5623 2868 5699 γυναικὸς
2896 5623 2971 5687 ὡς
3014 5620 3222 5690 ἵππους
3276 5625 3367 5681 καί
3418 5623 3615 5701 ἄνδρας
3664 5629 3837 5700 ἐμπα-
