4170 6204
1508 341 2055 408 HISTORIA-RW
2089 344 2622 412 :COMPENDIUM
2632 393 2649 412 .

3683 358 3806 424 682

393 471 656 560 ρασκιύου
686 469 803 548 ἔχω
967 492 1076 527 τινι
1128 472 1344 546 χωρίῳ.
1390 473 1451 532 Ὀ
1483 469 1540 529 δὶ
1570 469 1823 546 Καϐάδης
1854 476 2013 531 νυκτὸ

2156 483 2294 537 Erat
2334 482 2561 540 amicus
2613 485 2830 543 Cabadi
2879 487 3117 544 Sesoses
3161 489 3426 560 quidam.
3473 493 3530 549 Is
3581 494 3801 554 Cabadi

386 547 757 634 ἐπιλαϐούσης
816 547 989 642 πείθει
1044 564 1143 632 τήν
1201 564 1582 640 γυναῖκαετήν
1636 564 1834 635 ἐσθῆτα
1862 566 2030 636 αὐτῆς

387 651 930 732 αὐτῷπάλλάξασθαι,
987 652 1079 710 καὶ
1137 651 1368 723 ἐξελθεῖν
1433 655 1526 726 μὶν
1595 654 1778 726 αὐτὸν,
1832 655 2042 728 ἐκείνην

2156 590 2262 645 per
2291 591 2537 631 uxorem
2571 575 2699 646 ejus
2733 578 3026 648 signiﬁcat
3055 579 3274 635 habere
3301 597 3362 636 se
3395 598 3578 654 equos
3608 585 3797 642 viros-

2157 681 2269 734 que
2297 670 2534 735 paratos
2565 667 2820 736 quodam
2855 667 2914 722 in
2946 668 3096 724 loco.
3129 671 3273 726 Tum
3303 671 3588 742 Cabades,
3618 681 3789 732 nocte

390 743 447 806 δὲ
499 743 556 799 ἐν
593 749 674 818 πῇ
748 742 970 822 φυλακῇ
1052 744 1386 814 καθέζεσθαι.
1450 745 1556 800 Καὶ
1610 745 1753 800 οὕτω
1795 741 2012 816 Καϐάδη

2155 754 2328 822 facta,
2386 755 2556 809 uxori
2617 757 2936 825 persuadet
2992 763 3055 811 ut
3111 775 3310 814 secum
3356 767 3512 816 veste
3565 741 3791 823 mutet:

386 833 618 905 ἐξελθὼν
643 838 742 889 τοῦ
779 831 1174 908 ,δεσμωτηρίου
1227 835 1319 888 καὶ
1371 831 1530 907 ’ίππῳ
1589 830 1780 897 ἐπιϐὰς
1835 835 1926 890 σὺν
1953 841 2035 909 τῷ

387 924 612 998 Σεσώσῃ
673 925 808 998 πρὸς
863 922 1103 985 Οὕννους
1177 922 1306 986 τοὺς
1378 922 1720 1001 Νεφθαλίτας
1796 923 2038 1003 ἀφίκετο.

385 1015 447 1071 Ὀ
495 1010 553 1068 δὲ
601 1011 808 1067 τούτων
862 1010 1116 1087 βᾶαιλεὺς
1160 1013 1259 1081 τὴν
1320 1013 1583 1086 θυγατέρα
1612 1013 1779 1067 αὐτοῦ
1821 1010 2041 1068 δίδωσιν

387 1101 464 1164 εἷς
521 1106 748 1175 γυναῖκα
800 1100 973 1173 αὐτῷ,
1033 1100 1124 1156 καὶ
1203 1101 1510 1175 στράτευμα
1567 1098 1695 1165 δοὺς
1750 1100 1894 1156 πολὺ
1954 1101 2040 1157 ἐπὶ

386 1192 593 1266 Πέρσας
635 1190 960 1265 ἐξέπεμψεν.
1023 1184 1320 1248 Εἰσϐαλὼν
1397 1187 1455 1246 δὲ
1529 1189 1606 1252 είς
1680 1188 1911 1263 Περσίδα
1986 1189 2037 1245 ἐν

384 1277 574 1350 οὐδενὶ,
599 1281 769 1353 ,πόνῳ
815 1286 918 1349 τῆς
943 1277 1260 1355 ⁵’βασιλείοις
1319 1278 1604 1353 ἐκράτησε,
1634 1280 1723 1334 καὶ
1753 1279 1844 1335 τὸν
1878 1276 2042 1335 ἀδελ-

383 1369 482 1448 φὸν
525 1369 716 1424 -αὖτοῦ
771 1366 1124 1448 ἐκτυφλώσας
1177 1367 1260 1431 εἷς
1317 1367 1567 1448 φυλακὴν
1635 1363 1876 1426 ἐνέϐαλε.
1929 1369 2042 1437 Τὴν

383 1455 442 1514 δὲ
463 1457 755 1534 βασιλείαν
799 1455 1071 1538 ἀσφαλῶς
1131 1455 1446 1533 διεφύλαξεν
1499 1458 1588 1530 (ἦν
1633 1459 1738 1534 γὰρ
1768 1457 2036 1534 ἀγχίνους

381 1549 471 1604 καὶ
531 1545 902 1624 δραστήριος),
939 1549 1030 1608 καὶ
1089 1547 1300 1622 ἐκράτει
1371 1548 1505 1622 μετά
1554 1552 1720 1603 ταῦτα
1775 1544 1869 1618 ἔτη
1941 1554 2036 1618 ια’,

381 1638 687 1700 καταλύσας
709 1636 836 1699 τοὺς
875 1636 1080 1710 νόμους
1111 1637 1309 1700 πάντας
1341 1636 1432 1700 οὕς
1463 1638 1797 1712 προεξέθετο.

439 1730 690 1800 [ιλ-357]
723 1725 872 1786 Μετά
917 1727 1021 1796 τήν
1083 1729 1329 1797 Ζήνωνος
1377 1725 1640 1796 τελευτὴν
1675 1728 1709 1796 ἡ
1748 1723 2034 1800 βασίλισσα

2155 841 2354 912 itaque
2385 859 2456 898 ea
2485 861 2591 900 suo
2624 843 2753 900 loco
2775 845 3002 909 relicta,
3033 863 3330 903 carcerem
3353 850 3491 918 exit,
3525 868 3797 924 equoque

2152 947 2475 986 conscenso
2523 949 2658 988 cum
2725 934 2931 988 Sesose
2999 934 3073 989 ad
3123 937 3365 992 Hunnos
3427 940 3792 1010 Nephtalitas

2149 1021 2436 1090 pervenit.
2463 1022 2682 1078 Horum
2713 1039 2816 1077 rex
2845 1023 3139 1078 Cabadem
3171 1025 3283 1079 sibi
3309 1043 3594 1098 generum
3623 1030 3787 1099 facit,

2149 1125 2481 1180 magnoque
2513 1109 2870 1167 instructum
2902 1114 3161 1167 exercitu
3195 1114 3256 1168 in
3287 1116 3552 1172 Persiam
3584 1119 3786 1176 mittit.

2151 1197 2289 1252 Eam
2345 1198 2644 1269 ingressus
2702 1200 2964 1255 Cabades
3024 1202 3190 1257 nullo
3249 1205 3485 1275 negotio
3542 1224 3791 1279 regnum

2147 1293 2479 1358 recuperat,
2522 1287 2766 1344 fratrem
2801 1289 2990 1344 oculis
3047 1292 3231 1346 erutis
3263 1293 3325 1346 in
3369 1310 3668 1350 carcerem
3695 1297 3794 1352 in-

2147 1375 2353 1441 cludit,
2385 1392 2453 1431 ac
2483 1377 2730 1448 posthac
2755 1378 2906 1448 (erat
2925 1378 3085 1433 enim
3133 1387 3406 1452 prompto
3455 1383 3690 1454 ingenis
3724 1389 3783 1439 et

2149 1465 2446 1536 strenuus)
2477 1482 2726 1538 regnum
2774 1471 2898 1522 tuto
2949 1474 3140 1524 servat
3188 1485 3294 1541 per
3335 1486 3524 1528 annos
3557 1473 3642 1538 11,
3674 1471 3784 1528 ab-

2145 1555 2362 1625 rogatis
2393 1571 2540 1626 quas
2571 1561 2707 1612 ante
2742 1555 2959 1612 tulerat
2991 1556 3221 1630 legibus
3253 1559 3552 1617 omnibus.

2213 1739 2440 1792 Mortuo
2491 1740 2745 1808 Zenone,
2789 1742 3072 1812 Augusta,
3123 1747 3363 1800 senatus
3407 1748 3466 1800 et
3495 1747 3790 1806 exercitus

379 1817 470 1872 καὶ
499 1817 536 1886 ἡ
565 1815 872 1891 σύγκλητος
927 1817 1015 1872 καὶ
1073 1817 1138 1871 τὸ
1195 1817 1501 1891 στράτευμα
1559 1817 1907 1873 Ἀναστάσιον
1939 1815 2017 1870 «se»

2145 1827 2456 1882 Anastasio
2515 1827 2846 1884 Silentiario
2887 1831 3204 1902 imperium
3245 1831 3539 1890 deferunt.
3573 1836 3704 1894 Fuit
3733 1837 3784 1892 is

384 1906 760 1979 Σιλεντιάριον
811 1904 1193 1981 ἀναγορεύουσι
1249 1903 1499 1981 βασιλέα,
1549 1911 1649 1973 τῆς
1678 1909 1784 1960 τῶν
1816 1904 2034 1980 Ἀκεφά-

381 1995 494 2060 λῶν
525 1998 652 2068 ἢτοι
685 2002 1040 2073 Συγχυτικῶν
1091 1997 1226 2052 ὄντα
1282 1996 1560 2071 αἱρέσεως.
1610 1997 1710 2053 Ἦν
1741 1992 1797 2051 δὲ
1820 2000 1900 2068 τῷ
1929 1997 2034 2050 σώ-

383 2109 510 2163 ματι
547 2091 832 2162 μήκιστος,
884 2088 1011 2148 τοὺς
1039 2085 1363 2165 ὀφθαλμοὺς
1418 2085 1565 2162 ἔχων
1623 2085 1907 2161 χαροποὺς
1940 2087 2030 2142 καὶ

377 2171 649 2253 γλαυκοῦς
721 2175 988 2254 μετρίως,
1064 2175 1344 2254 φαλακρὸς
1408 2177 1589 2251 ἠρέμα
1655 2175 1745 2230 καὶ
1809 2175 2027 2240 πολιός.

377 2265 619 2344 ’Ἄγειδέ
643 2266 803 2322 αὐτὸν
857 2265 947 2323 ἐπὶ
1002 2268 1101 2336 τήν
1163 2266 1471 2341 μοναρχίαν
1523 2260 1816 2341 Ούρϐίκιος
1849 2264 2030 2320 εὐνοῦ-

381 2376 510 2432 χος,
537 2357 664 2412 τότε
708 2356 968 2432 μεγίστην
1025 2355 1169 2428 παρά
1196 2361 1296 2424 τῆς
1332 2352 1611 2430 βασιλείας
1668 2352 1814 2432 ἔχων
1871 2352 2030 2409 δύνα-

383 2467 499 2520 μιν.
535 2445 684 2503 Μετὰ
713 2442 770 2499 δὲ
799 2444 900 2512 τὴν
949 2443 1302 2519 ἀγαγόρευσιν
1357 2444 1661 2498 ἀπαιτεῖται
1721 2440 2026 2520 ὁμολογίαν

375 2535 523 2610 παρὰ
572 2533 860 2607 Ἐὐθυμίου
917 2536 1032 2605 (93)
1083 2538 1183 2588 τοῦ
1238 2531 1584 2610 πατριάρχου
1635 2532 1771 2606 πρὸς
1826 2531 1888 2587 τὸ
1947 2535 2022 2605 μή

376 2623 634 2680 σαλεῦσαί
688 2645 742 2678 τι
798 2631 900 2693 τῆς
958 2622 1285 2693 Ἐκκλήσίας
1340 2623 1430 2678 καὶ
1486 2629 1588 2692 τῆς
1642 2622 1898 2694 πίστεως,
1939 2623 2028 2678 ἀν-

374 2719 524 2788 άξιον
553 2716 708 2772 αὐτὸν
741 2713 1037 2770 ἀποκαλῶν
1063 2717 1164 2783 τῆς
1197 2719 1304 2770 τῶν
1353 2716 1685 2789 Χριστιανῶν
1721 2714 2022 2788 βασιλείας.

374 2807 717 2878 Βιαζομένης
769 2803 832 2860 δὲ
887 2805 1048 2859 αὐτὸν
1104 2801 1395 2877 Ἀριάδνης
1446 2803 1537 2858 καὶ
1584 2811 1685 2872 τῆς
1715 2803 2024 2880 συγκλήτου

373 2895 592 2953 δίδωσιν
650 2896 814 2952 αὐτοῦ
867 2897 930 2950 τὸ
988 2892 1288 2972 ὶδιόχειρον
1333 2898 1414 2966 τῷ
1449 2895 1793 2969 πατριάρχῃ,
1825 2899 2021 2969 κυροῦν

369 2989 436 3043 τὰ
465 2990 565 3053 τῆς
596 2983 647 3041 ἒν
681 2981 994 3055 Χαλκηδόνι
1055 2981 1283 3038 συνόδου
1341 2983 1473 3058 ὑπὲρ
1519 2989 1622 3052 τῆς
1671 2983 1906 3046 πίστεως
1937 2981 2027 3039 δό-

370 3097 576 3153 γματα,
639 3075 729 3130 καὶ
799 3075 943 3130 οὓτω
1017 3072 1258 3150 πεφθεῖς
1323 3069 1604 3147 Ἀριάδνην
1681 3071 1868 3146 ἄγεται
1945 3071 2022 3134 εἷς

2144 1915 2205 1970 in
2236 1917 2450 1971 haeresi
2484 1917 2920 1988 Acephalorum
2951 1920 3070 1975 sive
3102 1919 3612 1994 Synchyticarum,
3647 1942 3788 1996 pro-

2143 2007 2452 2063 cerissimo
2485 2024 2751 2080 corpore,
2786 2009 2975 2064 oculis
3009 2011 3274 2066 trucibus
3305 2028 3374 2067 ac
3403 2013 3788 2070 mediocriter

2141 2097 2353 2165 caesiis,
2405 2098 2692 2154 calvaster
2739 2115 2808 2154 ac
2851 2099 3004 2155 626
3049 2117 3250 2156 canus.
3316 2102 3404 2158 Ad
3461 2103 3782 2176 imperium

2141 2203 2277 2241 eum
2305 2188 2595 2258 promovit
2626 2187 2898 2243 Urbicius
2925 2190 3255 2257 eunuchus,
3290 2191 3392 2262 qui
3442 2195 3569 2248 tum
3617 2193 3777 2265 apud

2138 2276 2575 2347 imperatricem
2610 2277 2931 2348 plurimum
2964 2284 3215 2350 poterat.
3247 2280 3391 2335 Cum
3437 2280 3778 2354 designatus

2137 2369 2311 2428 esset,
2355 2365 2700 2435 Euthymius
2731 2365 3068 2436 patriarcha
3096 2367 3170 2422 ab
3190 2384 3258 2422 eo
3298 2370 3492 2440 exegit
3520 2375 3604 2438 ut,
3637 2387 3779 2427 cau-

2135 2453 2293 2508 tione
2312 2452 2468 2514 data,
2486 2453 2810 2508 affirmaret
2825 2471 2886 2508 se
2910 2455 3059 2509 nihil
3073 2456 3132 2509 in
3149 2455 3325 2511 rebus
3355 2457 3776 2514 ecclesiasticis

2137 2549 2194 2599 et
2225 2542 2339 2598 (ide
2371 2542 2885 2599 labefactaturum.
2918 2543 3227 2616 indignum
3258 2561 3394 2601 eum
3445 2546 3650 2602 dicens
3676 2548 3780 2618 qui

2134 2631 2482 2686 Christianis
2514 2630 2858 2702 imperaret.
2889 2631 3241 2702 Compulsus
3272 2632 3509 2687 tandem
3543 2632 3616 2687 ab
3647 2634 3783 2688 Ari—

2134 2719 2289 2775 adna
2320 2725 2379 2774 et
2409 2725 2619 2776 senatu
2648 2736 2756 2775 sua
2787 2736 2966 2775 manu
2997 2720 3280 2792 scriptam
3293 2721 3572 2776 schedam
3597 2723 3782 2794 patri-

2135 2811 2327 2865 archa)
2361 2810 2559 2877 tradit,
2611 2827 2728 2880 qua
2785 2811 3099 2881 profitetur
3157 2828 3217 2866 se
3267 2811 3771 2869 Chalcedonensis

2133 2899 2369 2955 concilii
2406 2900 2478 2955 de
2525 2899 2639 2955 ﬁde
2689 2899 2927 2954 decreta
2956 2905 3084 2954 rata
3125 2900 3364 2957 habere.
3418 2902 3504 2955 Ita
3535 2901 3776 2958 demum

2134 2994 2452 3044 coronatus
2476 2988 2797 3044 Ariadnam
2829 3005 3075 3044 uxorem
3107 2989 3290 3058 ducit,
3323 3007 3457 3044 cum
3487 2989 3774 3046 hactenus

2131 3079 2374 3133 vixisset
2421 3077 2653 3133 caalebs.
2705 3078 3018 3150 Imperavit
3063 3094 3252 3133 annos
3309 3081 3398 3148 27,
3454 3096 3692 3134 menses
3716 3081 3772 3136 4.

372 3167 576 3242 γάμον,
636 3161 790 3220 οὔπω
847 3163 1109 3238 πρότερον
1164 3165 1378 3237 γαμετῇ
1439 3162 1783 3230 συνοικήσας.
1835 3160 2017 3236 Ἐκρά-

536 3252 580 3274 θκ
622 3253 646 3272 ν
784 3254 825 3274 νδ
925 3259 953 3274 9
999 3273 1050 3274 ﬂ,
1107 3248 1146 3274 θ’
1227 3251 1346 3274 ’ππ-ε
1390 3248 1577 3274 _-,(_--_
1615 3253 1898 3274 ‘Y_,,_--_A'_‘_-
1927 3249 2014 3274 __-_!

2133 3166 2248 3221 Sub
2282 3166 2410 3237 ejus
2441 3166 2689 3237 imperio
2703 3167 3032 3222 Manichaeis
3062 3172 3121 3222 et
3147 3167 3380 3222 Arianis
3394 3168 3612 3223 animis
3643 3185 3770 3223 cre-

368 3275 502 3326 τησε
533 3252 591 3309 δὲ
621 3253 713 3324 ἔτη
745 3254 825 3323 κζ’
879 3259 1052 3325 μῆνας
1103 3248 1166 3309 δ’.
1227 3251 1348 3307 Ἐπὶ
1388 3248 1584 3305 τούτου
1614 3253 1903 3325 Νανιχαῖοι
1927 3249 2018 3305 καὶ

367 3343 644 3420 Ἀρειανοὶ
675 3340 920 3418 ἔχαιρον,
955 3342 1254 3416 Μανιχαῖοι
1309 3341 1403 3413 μὲν
1455 3339 1530 3403 ὡς
1561 3339 1769 3412 μητρὸς
1793 3343 1892 3394 τοῦ
1925 3341 2016 3414 βα.

371 3431 566 3496 σιλὲως
634 3431 937 3507 ξηλωτρίας
1007 3425 1173 3498 οὔσης
1237 3428 1326 3483 καὶ
1403 3426 1744 3506 προσφιλοῦς
1807 3428 2012 3499 αὐτοῖς,

367 3523 637 3594 Ἀρειανοὶ
667 3519 723 3577 δὲ
754 3522 828 3583 ὡς
889 3515 1176 3594 Κλέαρχον
1234 3519 1326 3572 τὸν
1386 3523 1528 3580 θεῖον
1559 3516 1744 3586 αὐτοῦ,
1775 3515 2011 3598 ἀδελφὸν

365 3619 465 3682 τῆς
494 3611 832 3689 κακόφρονας
863 3609 1070 3684 μητρὸς
1103 3607 1292 3672 αὐτοῦ,
1325 3603 1591 3678 ὁμόδοξον
1622 3601 1866 3682 ἔχοντες.

436 3699 646 3757 Τούτου
703 3703 784 3772 τῷ
838 3699 1043 3774 πρώτῳ
1100 3690 1204 3751 ἕτὲι
1267 3693 1538 3767 Εὐθύμιος
1594 3695 1622 3749 ὁ
1682 3698 2010 3751 κωνσταντι·

365 3787 700 3856 νουπόλεως,
769 3786 1084 3862 συναγαγὼν
1155 3783 1284 3845 τοὺς
1373 3781 1740 3856 ἐνδημοῦντας
1799 3783 2012 3838 ἐπισκό-

362 3900 521 3951 πους,
577 3880 676 3948 τήν
735 3877 786 3932 ἐν
850 3872 1162 3945 Χαλκηδόνι
1229 3874 1386 3949 ἁγίαν
1457 3869 1682 3927 σύνοδον
1747 3871 2006 3947 ἐκύρωσε.

360 3967 572 4027 Τούτου
627 3972 726 4023 τοῦ
788 3963 1140 4022 Ἀναστασίου
1203 3963 1266 4018 τὸ
1328 3968 1430 4032 τῆς
1501 3960 1782 4036 βασιλείας
1811 3967 2008 4042 σχῆμα

361 4053 626 4121 λαϐόντος
681 4055 735 4111 ἐν
793 4059 872 4126 τῷ
927 4057 1023 4108 τοῦ
1074 4048 1427 4126 ἱπποδρόμου
1481 4050 1773 4122 καθίσματι
1814 4046 2004 4114 ἀπαςὸ

357 4143 536 4220 δῆμος
603 4146 679 4209 ὡς
743 4142 794 4217 ἐξ
862 4141 980 4204 ἐνὸς
1043 4141 1314 4213 στόματος
1382 4133 1694 4203 εὖθυϐόλως
1753 4133 2001 4209 ἐϐόησεν·

354 4241 446 4298 Ὦς
508 4231 727 4306 ἔζησας,
794 4234 938 4289 οὕτω
999 4233 1087 4288 καὶ
1171 4230 1520 4306 βασίλευσον,
1572 4227 1825 4286 δέσποτα.
1887 4230 2002 4304 Πρὸ

353 4323 510 4399 ᾠδῶν
542 4325 644 4402 γὰρ
701 4323 1077 4398 ἀλεκτρυόνων
1137 4321 1213 4383 εἰς
1273 4318 1566 4389 ἐκκλησίαν
1609 4323 1811 4392 φοιτῶν
1867 4318 2001 4395 ἄχρι

347 4423 450 4485 τῆς
478 4414 798 4475 ἀπολύσεως
829 4412 1015 4466 ἵστατο
1047 4408 1426 4482 ἐξιλεούμενος
1464 4406 1526 4464 τὸ
1557 4408 1998 4478 θεῖον,νηστεύων

347 4501 538 4558 πολλά
575 4504 668 4557 καὶ
722 4502 790 4557 τὰ
827 4501 1101 4576 προσόντα
1155 4497 1304 4570 αὐτῷ
1352 4498 1545 4568 πένησι
1599 4496 1690 4551 καὶ
1747 4501 1995 4572 πτωχοῖς

2129 3261 2359 3322 verunt,
2385 3255 2740 3325 Manichaais,
2772 3256 2931 3327 quod
2961 3262 3152 3312 mater
3195 3257 3574 3328 imperatoris
3605 3257 3771 3327 ipso-

2131 3361 2261 3401 rum
2293 3349 2467 3401 secta;
2517 3344 2781 3401 studeret
2826 3351 3002 3417 atque
3056 3346 3248 3401 amica
3293 3351 3469 3414 esset,
3499 3345 3758 3417 Arianis,

2128 3435 2288 3507 quod
2348 3434 2665 3491 Clearchus
2714 3435 3088 3507 imperatoris
3166 3435 3490 3491 avunculus
3556 3451 3760 3492 secum

2127 3524 2395 3579 sentiret.

2124 3695 2320 3750 Primo
2367 3695 2497 3767 ejus
2551 3710 2708 3750 anno
2758 3695 3108 3764 Euthymius
3167 3695 3364 3767 Cpolis
3423 3696 3766 3767 episcopus,

2123 3783 2385 3841 collectis
2407 3785 2507 3855 qui
2525 3789 2647 3839 tum
2680 3784 2741 3838 in
2765 3783 2909 3838 urbe
2927 3783 3221 3856 degebant
3247 3785 3564 3855 episcopis,
3591 3802 3764 3856 syno-

2123 3873 2263 3928 dum
2278 3872 2820 3928 Chalcedonensem
2835 3872 3375 3927 confirmavit.Cum
3393 3873 3763 3941 Anastasius,

2119 3965 2502 4037 imperatorio
2525 3964 2730 4020 habitu
2754 3970 3011 4035 sumpto,
3043 3964 3104 4018 in
3136 3964 3292 4019 circo
3334 3963 3586 4031 sederet,
3623 3963 3766 4018 uni-

2117 4073 2318 4111 versus
2351 4055 2605 4127 populus
2636 4054 2814 4110 veluti
2845 4071 2964 4109 uno
2994 4070 3096 4108 ore
3122 4053 3345 4108 directe
3377 4052 3755 4108 inclamavit:

2118 4146 2280 4201 Sicut
2299 4145 2517 4212 vixisti,
2578 4144 2660 4199 ita
2707 4144 2886 4198 etiam
2926 4143 3174 4214 impera,
3233 4141 3492 4198 domine.
3525 4141 3752 4213 Quippe

2114 4242 2249 4292 ante
2276 4235 2417 4307 galli
2449 4238 2692 4290 cautum
2717 4233 3005 4305 templum
3037 4232 3201 4288 adire
3252 4230 3503 4296 solebat,
3555 4229 3757 4301 ibique

2113 4324 2255 4380 dum
2287 4322 2493 4378 concio
2544 4321 2963 4387 dimitteretur,
3009 4319 3240 4375 astabat
3274 4321 3458 4376 Deum
3488 4318 3782 4390 placans.’

2110 4414 2475 4484 Frequenter
2497 4411 2830 4482 jejunabat.
2865 4416 2924 4464 et
2953 4425 3059 4465 sua
3102 4407 3463 4480 pauperibus
3495 4413 3553 4463 et
3583 4424 3757 4463 men-

2113 4502 2262 4558 dicis
2305 4500 2602 4573 erogabat.
2657 4500 2816 4554 Idem
2855 4499 3151 4554 delatores
3197 4497 3465 4554 funditus
3497 4514 3569 4552 ex
3609 4497 3759 4553 urbe

350 4589 652 4653 διαδιδούς.
709 4591 890 4652 Οὗτος
963 4589 1091 4649 τοὺς
1147 4584 1456 4661 δηλάτορας
1512 4585 1571 4640 ἐκ
1618 4592 1718 4654 τῆς
1783 4585 2000 4648 πόλεως

2131 4590 2860 4660 εχοὶᾶίι.εΑὶ)οιονὶιθιὶαω
2894 4588 3180 4644 tributum
3214 4588 3373 4660 quod
3403 4588 3760 4661 Chrysargy-

347 4679 576 4742 τελείως
610 4678 876 4752 ἐξέκοψεν.
911 4680 1116 4755 Ἀφῆκε
1162 4673 1220 4730 δὲ
1266 4675 1356 4730 καὶ
1407 4675 1470 4729 τὸ
1517 4672 1677 4735 τὲλος
1704 4678 1801 4729 τοῦ
1833 4672 2001 4749 λεγοο

351 4772 517 4847 μένου
567 4768 977 4847 χρυσαργύρου.
1028 4773 1088 4824 Ὁ
1145 4763 1203 4822 δὶ
1251 4764 1632 4845 χρυσάργυρος
1660 4764 1908 4819 τοιοῦτόν
1948 4786 2002 4820 τι

343 4865 576 4938 πρᾶγμα
649 4863 738 4929 ἦν’
807 4863 911 4920 πᾶς
987 4857 1282 4929 πενόμενος
1366 4854 1457 4908 καὶ
1538 4858 1848 4928 προσαιτῶν
1911 4854 2000 4908 καὶ

343 4955 490 5005 πᾶσα
547 4950 720 5024 πόρνη
777 4951 868 5002 καί
927 4943 1317 5017 ἀπολελυμένη
1374 4943 1467 5000 καὶ
1520 4948 1625 5007 πᾶς
1681 4939 1880 5004 δοῦλος
1910 4943 2001 4997 καὶ

342 5037 709 5112 ἀπελεύτερος
767 5033 1122 5114 συνεισφοράν
1181 5031 1464 5088 ἐποιοῦντο
1521 5033 1710 5101 κοινὴν
1764 5032 1900 5107 πρὸς
1937 5031 2000 5086 τὸ

343 5126 617 5202 δημόσιον
678 5126 809 5201 ὑπὲρ
871 5125 1036 5200 οῧρου
1092 5122 1181 5178 καὶ
1248 5121 1477 5197 κοπρίας
1534 5126 1747 5192 κτηνῶν
1801 5143 1859 5177 τε
1907 5123 1998 5177 καὶ

341 5223 512 5273 κυνῶν
539 5223 647 5272 τῶν
707 5215 757 5272 ἐν
822 5215 1011 5292 ἀγροῖς
1064 5213 1154 5267 καὶ
1213 5209 1406 5266 πόλεσι
1467 5205 1874 5285 διατριϐόντων*
1906 5213 1994 5266 καὶ

342 5310 370 5364 ὁ
441 5309 538 5384 μὲν
605 5305 892 5383 ἅνθρωπος
957 5305 1204 5378 νόμισμα
1279 5302 1547 5378 ἀργυροῦν
1615 5303 1994 5379 συνεισέφερεν,

2111 4695 2244 4734 rum
2272 4677 2598 4744 dicebatur,
2624 4676 2794 4747 quasi
2825 4677 2973 4731 021
3020 4682 3439 4748 aurargentum
3475 4675 3658 4731 dicas.
3693 4674 3759 4730 Id

2112 4769 2230 4823 tale
2287 4767 2418 4822 fuit.
2500 4765 2699 4832 Quivis
2759 4765 3092 4834 mendicus,
3164 4764 3385 4837 qumvis
3451 4763 3755 4829 meretrix,

2111 4857 2332 4928 qumvis
2363 4854 2694 4927 repudiata,
2729 4854 2918 4926 quivis
2963 4870 3187 4918 servus,
3247 4851 3439 4924 quivis
3481 4851 3753 4919 libertus,

2112 4945 2319 5002 uarariu
2351 4944 2577 5016 aliquid
2609 4943 2970 5016 pendebant,
3000 4948 3178 5012 atque
3229 4942 3408 4996 etiam
3449 4939 3522 4994 de
3564 4938 3778 5005 mulo,’

2111 5037 2183 5092 de
2214 5035 2373 5098 fimo,
2409 5035 2479 5090 de
2502 5032 2794 5105 jumentis
2847 5037 2905 5086 et
2951 5030 3198 5086 canibus
3254 5029 3316 5083 in
3349 5027 3494 5083 urbe
3527 5032 3585 5082 et
3613 5043 3752 5082 rure

2110 5124 2481 5198 degentibus.
2535 5124 2740 5187 Homo,
2791 5121 2910 5176 sive
2960 5136 3088 5175 mas
3136 5124 3293 5174 esset
3341 5117 3459 5173 sive
3507 5116 3750 5185 femina,

2108 5230 2419 5271 nummum
2441 5217 2784 5285 argenteum
2799 5209 3092 5281 pendebat
3117 5225 3129 5262 :
3147 5206 3517 5263 tantumdem
3536 5223 3748 5278 equus,

2108 5305 2214 5362 bos
2247 5311 2305 5360 et
2333 5303 2568 5370 mulus;
2603 5302 2805 5357 asinus
2850 5305 3048 5355 autem
3081 5303 3138 5354 et
3185 5299 3350 5355 canis
3380 5297 3588 5355 obolos
3620 5313 3748 5368 sex,

1548 5402 1909 5459 XYLA'NDRI
1949 5405 2038 5460 ET
2074 5402 2288 5460 GOARI
2327 5403 2548 5458 NOTAE.

411 5509 524 5576 (925)
547 5509 627 5562 Ex
651 5521 767 5577 quo
799 5502 1174 5577 postmodum
1199 5501 1589 5572 imperatores
1619 5506 1673 5554 et
1697 5501 1996 5577 principes

338 5572 596 5634 ut'ﬁdem
616 5572 923 5650 publicent
944 5581 1000 5630 et
1021 5574 1237 5645 scripto
1260 5577 1736 5650 sacranientoquc
1760 5572 2001 5650 ﬁrment

339 5651 402 5707 in
463 5643 896 5707 consuetudine
949 5643 1296 5720 posuerunt.
1356 5643 1582 5716 Scripto
1641 5660 1779 5698 vero
1820 5644 1998 5700 ﬁdem

623 5770 869 5821 Paeon.
911 5759 1014 5818 Gn.
1055 5759 1254 5818 CXXI.

2107 5501 2408 5572 professus
2441 5505 2528 5553 est
2556 5501 2731 5564 Zeno,
2773 5514 2916 5572 cum,
2945 5497 3237 5572 deinceps
3292 5495 3599 5572 repetierit
3628 5499 3691 5550 et
3721 5512 3756 5549 v

2108 5569 2260 5629 facta
2286 5573 2598 5646 receperit,
2631 5589 2667 5644 p
2699 5573 2821 5626 358.
2859 5569 2998 5624 Vide
3031 5587 3085 5641 p.
3117 5570 3244 5624 403.
3279 5569 3454 5624 Cosa.

3392 5709 3538 5808 22‘
