4170 6204
424 320 545 407 6'83

1785 338 2100 403 GEORGII
2143 341 2484 404 CEDBENI

3713 343 3836 406 εει

425 486 484 535 et
513 485 642 535 erat
672 495 804 536 cum
835 479 896 534 in
927 476 1080 550 agris
1114 477 1313 531 tumin
1346 473 1489 530 urbe
1504 490 1753 548 magnus
1787 473 2043 547 ejulatus

2181 472 2388 547 ὁμοίως
2419 476 2508 530 καὶ
2539 476 2573 546 ἠ
2605 497 2764 552 γυνη,
2810 476 2978 538 ἳππος
3037 471 3094 531 ob
3147 475 3236 530 καὶ
3291 475 3526 548 ἡμίονος
3567 475 3674 530 καῖ’
3698 476 3829 552 βοῦς

426 585 560 625 cum
580 569 638 623 id
654 568 937 623 tributum
951 566 1171 636 absque
1183 564 1698 635 ullajmiseratione
1713 565 2064 636 exigeretur.

424 659 631 728 Itaque
661 657 998 726 imperator,
1027 670 1162 708 cum
1217 669 1286 707 ea
1344 652 1414 707 de
1461 670 1522 707 re
1568 653 1793 725 legatos
1824 652 1897 707 ad
1929 668 2064 708 eum

424 745 758 800 mississent
787 741 1062 796 monachi
1095 741 1634 813 Hierosolymitani,
1653 741 2066 797 etTimotheus

427 833 662 888 Gazmus
715 831 801 884 vir
851 831 1327 901 sapientissimus
1370 830 1712 902 tragaadiam
1771 846 1841 886 ea
1887 830 1959 885 de
2001 845 2065 884 re

423 921 712 991 finxisset,
747 920 967 976 excidit
997 921 1129 978 ista.
1171 925 1360 992 Atque
1383 939 1452 977 eo
1485 938 1626 976 sane
1650 926 1915 992 tempore
1935 920 2066 976 illu-

423 1016 605 1068 strem
658 1027 828 1065 suam
886 1011 1028 1066 fecit
1072 1010 1515 1080 liberalitatem,
1577 1010 1734 1081 quod
1778 1010 2063 1065 tributum

422 1099 573 1156 illud
613 1099 1064 1171 quadriennale,
1121 1100 1278 1169 quod
1320 1116 1534 1172 magna
1599 1117 1733 1155 cum
1792 1099 2062 1154 omnium

418 1189 686 1262 pernicie
717 1190 1019 1262 ingentem
1053 1188 1415 1243 talentorum
1455 1189 1802 1244 corradebat
1844 1205 2060 1244 nume-

417 1295 573 1344 rum,
607 1283 664 1332 et
681 1278 1145 1349 Chrysargyrum
1162 1277 1592 1348 appellabatur,
1611 1277 1870 1342 sustulit,
1900 1277 2063 1332 tabu-

416 1367 626 1438 lasque
659 1366 788 1437 ejus
821 1366 1025 1420 tributi
1078 1365 1543 1438 descriptionem
1593 1367 1966 1421 continentes
1997 1367 2060 1420 in

415 1454 574 1513 circo
597 1472 805 1511 omnes
837 1472 1035 1511 coram
1085 1461 1208 1510 toto
1263 1456 1481 1526 populo
1531 1455 1945 1510 concremavit.
1979 1456 2061 1510 Ac

413 1562 546 1601 rem
604 1545 907 1617 publicam
957 1545 1198 1614 quidem
1258 1544 1359 1599 ille
1407 1549 1573 1599 tanta
1619 1543 2062 1616 magniﬁcentia

413 1634 786 1691 emendabat.
821 1633 932 1689 Sed
963 1633 1025 1688 in
1061 1633 1236 1688 rebus
1267 1633 1685 1689 ecclesiasticis
1717 1633 1876 1689 idem
1899 1649 2062 1704 aspe-

411 1744 546 1782 rum
572 1744 634 1782 se
664 1732 840 1797 atque
863 1726 1328 1782 inverecundum
1351 1725 1606 1797 praebuit
1628 1742 1640 1780 :
1659 1726 1876 1798 quippe
1899 1741 2056 1780 anno

2172 563 2236 617 τὸ
2266 563 2398 620 αὐτὸ
2431 565 2818 645 συνεισέφερον,
2852 562 2980 628 ὅνος
3030 562 3087 620 δὲ
3133 566 3221 620 καὶ
3271 565 3416 620 κύων
3450 563 3682 640 φολλεις
3714 568 3826 638 (96)

2172 648 2245 721 ἓξ.
2309 653 2410 708 Καὶ
2468 655 2532 722 ἧν
2591 652 2832 729 ὀδυρμὸς
2889 652 3066 716 πολὺς
3097 651 3148 708 ἔν
3199 673 3258 709 τε
3300 654 3461 728 χώρᾳ
3513 654 3605 708 καὶ
3662 653 3825 708 πόλει

2172 741 2379 796 τούτων
2441 743 2911 818 εἰσπραττομένων
2977 744 3329 816 ἀσυμπαθῶς.
3389 737 3649 817 Πρέσόεις
3705 743 3826 798 τοί·-

2173 852 2264 886 νυν
2313 830 2599 906 δεξάμενος
2658 835 2687 889 ὁ
2749 834 3002 910 βασιλεὺς
3087 833 3190 888 ὑπὸ
3247 838 3355 888 τῶν
3413 833 3466 888 ὲν
3524 829 3830 907 Ἰεροσολῦ-

2179 943 2304 994 μοις
2339 927 2621 998 μοναχῶν,
2673 925 2762 978 καὶ
2812 922 3084 997 Τιμοθέου
3135 927 3230 978 τοῦ
3267 924 3498 992 Δαζαίου
3527 919 3727 996 ἀνδρὸς
3759 922 3828 978 τὰ

2173 1011 2343 1066 πάντα
2373 1018 2542 1090 σοφοῦ
2599 1011 2901 1090 τραγῳδίαν
2957 1016 3284 1084 ποιήσαντος
3346 1013 3477 1086 ὑπὲρ
3509 1016 3606 1067 τοῦ
3639 1011 3832 1067 τοιού-

2170 1120 2290 1168 του,
2329 1106 2499 1157 ταῦτα
2553 1102 2790 1177 ἐξέκοψε.
2851 1104 2994 1158 Κατὰ
3043 1101 3100 1158 δὲ
3153 1103 3245 1158 τὸν
3302 1101 3462 1156 αὐτὸν
3493 1101 3692 1180 χρόνον
3733 1100 3830 1156 καὶ

2172 1186 2536 1265 περίϐλεπτον
2595 1190 2912 1270 φιλοτιμίαν
2969 1195 3071 1257 τῆς
3119 1189 3534 1246 πολυταλάντου
3565 1188 3654 1245 καί
3687 1211 3823 1246 παν·

2174 1280 2324 1336 ὠλου
2356 1278 2612 1358 εἷ’σφορᾶς
2647 1286 2745 1336 τοῦ
2800 1278 3146 1354 καλουμένου
3199 1284 3618 1354 τετραετηρικοῦ
3650 1299 3829 1355 χρυσ-

2176 1371 2416 1447 αργύρου
2497 1369 2788 1427 κατέλυσεν
2854 1373 2882 1426 ὁ
2953 1369 3230 1447 βασιλεὺς,
3300 1371 3451 1443 [358]
3523 1370 3614 1424 καὶ
3689 1368 3824 1443 πυρὶ

2172 1459 2223 1515 ἔν
2285 1457 2365 1532 τῷ
2423 1458 2754 1536 ἱπποδρόμῳ
2819 1458 3054 1516 ἐναντίον
3110 1464 3323 1515 πάντων
3399 1459 3690 1514 νατέκαυσι
3755 1460 3826 1515 τὰ

2168 1554 2271 1616 τῆς
2299 1547 2517 1604 τοιᾶσδε
2566 1549 2872 1612 συντελεῖας
2924 1550 3258 1626 κατάγραφα.
3317 1548 3422 1604 Καὶ
3479 1549 3546 1603 τὰ
3585 1549 3681 1621 μὲν
3713 1569 3823 1603 πο-

2173 1635 2356 1692 λιτικὰ
2387 1637 2697 1714 φιλοτίμως
2755 1638 2924 1701 οὕτως
2983 1638 3387 1714 ἐπηνωρθοῦτο,
3425 1637 3500 1699 είς
3547 1634 3608 1692 δὲ
3649 1639 3716 1692 τὰ
3746 1637 3828 1701 εἷς

2168 1727 2268 1795 τήν
2299 1732 2395 1782 τοῦ
2445 1727 2589 1792 θείου
2650 1725 2804 1798 δόξαν
2867 1728 3200 1783 συντείνοντα
3255 1725 3454 1802 δριμὺς
3485 1726 3576 1781 καὶ
3607 1724 3825 1781 ἀδυσώ-

414 1815 652 1888 imperii
713 1815 804 1871 sui
857 1814 1114 1870 secundo
1173 1815 1226 1869 vi
1280 1831 1448 1870 suam
1505 1815 1926 1887 obligationem
1987 1814 2047 1869 at

2169 1837 2344 1886 πητος
2409 1817 2614 1892 γέγονε·
2674 1822 2754 1890 τῷ
2808 1818 2910 1892 γὰρ
2979 1813 3212 1892 δευτέρῳ
3277 1812 3384 1871 ἔτει
3451 1815 3618 1870 αὐτοῦ
3689 1816 3826 1888 μετὰ

411 1905 730 1978 Euthymio
760 1906 1017 1976 repetiit.

483 1995 698 2059 Quinto
728 2011 887 2049 anno
918 2000 1206 2066 tyrannos
1229 2011 1407 2066 opera
1434 1997 1678 2051 Joannis
1707 1997 1934 2052 Scethis
1957 1999 2056 2054 do-

409 2084 581 2140 muit.
615 2084 928 2154 Euthymio
956 2100 1192 2154 quoque
1242 2084 1543 2156 episcopo,
1577 2085 1688 2140 sibi
1740 2087 2050 2159 religionis

406 2188 586 2228 causa
613 2172 878 2236 adverso,
911 2171 1036 2226 haec
1069 2173 1361 2227 nuntiavit
1383 2189 1396 2226 :
1420 2175 1639 2245 Magnaa
1671 2180 1786 2230 tuae
1847 2193 2054 2246 preca-

407 2261 568 2315 tione
591 2260 815 2316 amicos
842 2264 972 2314 tuos
988 2259 1233 2331 fuligine
1247 2268 1732 2332 consperserunt.
1765 2265 2051 2320 Eumdem

412 2349 758 2420 episcopatu
785 2349 938 2404 628
971 2347 1267 2420 dejectum
1321 2350 1624 2422 relegavit,
1687 2352 2049 2424 episcopatui

409 2437 818 2493 Macedonium
851 2437 1133 2510 praefecit.
1163 2439 1351 2494 Hicin
1389 2439 1638 2512 gratiam
1675 2440 2051 2512 imperatoris

416 2527 767 2584 Henoticum
797 2528 1050 2583 Zenonis
1081 2528 1518 2600 subscriptione
1550 2545 1656 2585 sua
1685 2531 2050 2602 approbavit.

474 2711 646 2764 Anno
671 2709 702 2761 8
731 2706 1107 2761 Macedonius
1129 2706 1200 2761 de
1223 2707 1519 2762 sententia
1549 2708 1843 2762 Anastasii
1875 2709 2049 2765 unire

403 2801 652 2851 conatus
703 2799 792 2848 est
846 2793 1209 2848 monasteria
1265 2795 1439 2864 regiae
1491 2794 1678 2862 urbis,
1720 2794 1947 2850 divulsa
1976 2796 2050 2850 ab

409 2885 893 2954 unioneprOpter
911 2883 1260 2937 Henoticum
1293 2883 1583 2948 Zenonis;
1616 2889 1674 2938 et
1699 2885 1918 2939 coactis
1949 2887 2048 2956 qui

405 2973 470 3028 in
513 2971 660 3026 urbe
701 2976 825 3026 tum
877 2971 1410 3044 peregrinabantur
1467 2973 1776 3044 episcopis,
1805 2974 2051 3029 Chalce-

409 3060 697 3116 donensis
729 3060 966 3116 concilli
1001 3060 1238 3116 decreta
1287 3061 1504 3131 scripto
1553 3067 1680 3116 rata
1720 3078 1781 3116 se
1829 3061 2047 3118 habere

2171 1901 2295 1976 βίας
2326 1903 2422 1972 τήν
2452 1903 2754 1982 ὁμολογίαν
2784 1904 2949 1959 αὐτοῦ
2989 1905 3134 1979 παρὰ
3172 1903 3449 1976 Εὐθυμίου
3488 1898 3672 1959 ἔλαϐε.

2241 1994 2335 2064 Τῷ
2365 1995 2401 2047 ε’
2431 1991 2537 2048 ἔτει
2587 1992 2715 2056 τοὺς
2755 1995 3043 2067 τυράννους
3103 1991 3192 2048 διὰ
3247 1993 3496 2048 Ἰωάννου
3541 1995 3638 2047 τοῦ
3673 1993 3822 2063 Σκή-

2169 2081 2294 2143 θους
2361 2085 2468 2154 (97)
2535 2079 2860 2158 παρέλαϐεν.
2922 2082 3182 2156 Εὐθυμίῳ
3262 2080 3320 2137 δὲ
3373 2086 3454 2154 τῷ
3510 2079 3818 2153 ἐπισκόπῳ,

2167 2168 2353 2246 ἐχθρῷ
2381 2171 2542 2226 αὐτοῦ
2569 2169 2681 2228 ὅντι
2713 2170 2803 2228 διὰ
2830 2174 2930 2242 τήν
2983 2173 3190 2239 πίστιν,
3223 2169 3519 2240 ἐδήλωσεν·
3553 2171 3622 2226 Al.
3653 2170 3819 2244 εὐχαὶ

2168 2281 2264 2314 σου
2295 2261 2351 2314 αἱ
2385 2261 2614 2335 μεγάλαι
2643 2261 2773 2324 τοὺς
2822 2260 3017 2339 φίλους
3069 2281 3165 2315 σου
3221 2255 3572 2330 ἠσὸόλωσαν.
3605 2262 3813 2317 Τοῦτον

2163 2369 2222 2404 τε
2273 2351 2517 2426 καθαιρεῖ
2548 2352 2636 2405 καὶ
2698 2351 2774 2413 εἷς
2832 2350 3036 2425 ἐξορίαν
3078 2349 3449 2426 παραπέμπει.
3483 2346 3814 2406 Μακεδονιον

2168 2435 2226 2493 δὲ
2291 2440 2699 2514 προχειρίζεται
2779 2438 3074 2494 ἐπίσκοπον
3161 2435 3814 2496 Κωνσταντινουπόλεως.

2163 2529 2225 2585 Ὁ
2281 2525 2338 2582 δὲ
2393 2533 2576 2592 κακῶς
2629 2529 2865 2591 πεισθεὶς
2914 2533 2994 2601 τῷ
3053 2528 3383 2600 ’Λναστασίῳ
3419 2527 3697 2602 ὑπέγραψε
3734 2532 3815 2600 τῷ

2164 2616 2402 2690 ἑνωτικῷ
2433 2620 2705 2687 Ζήνωνος.

2235 2711 2324 2778 Τῷ
2376 2708 2427 2776 η⁸
2481 2702 2589 2762 ἔτει
2648 2703 2978 2768 Μακεδόνιος
3024 2707 3217 2781 γνώμῃ
3249 2710 3346 2760 τοῦ
3381 2694 3660 2782 βασιλέως
3684 2705 3813 2761 ἐνῶ-

2163 2816 2249 2849 σαι
2279 2796 2344 2850 τὰ
2379 2797 2714 2870 μοναστήρια
2768 2803 2870 2863 τῆς
2929 2793 3212 2871 βασιλίδος
3263 2793 3539 2863 ἔσπευδεν,
3573 2796 3813 2870 ἀποσχι-

2162 2883 2349 2938 σθέντα
2381 2881 2468 2937 διὰ
2493 2885 2556 2939 τὸ
2588 2883 2838 2938 ἓνωτικὸν
2867 2887 3136 2954 Ζήνωνος.
3179 2882 3283 2939 Καὶ
3333 2881 3462 2946 τοὺς
3514 2879 3812 2954 ἐνδημοῦν-

2158 2993 2254 3034 τας
2286 2973 2611 3035 ἐπισκόπους
2671 2973 2978 3047 συναγαγὼν
3034 2971 3101 3026 τὰ
3157 2971 3208 3025 έν
3265 2967 3579 3040 Χαλκηδόνι
3621 2968 3808 3030 καλῶς

2161 3058 2586 3135 δογματισθέντα
2638 3062 2920 3138 έγγράφῶς
2976 3055 3287 3118 ἐϐεϐαίωσε.
3357 3057 3680 3133 Θευδέριχος
3749 3056 3808 3113 δὲ

406 3149 1202 3206 conﬁrmavit.Theodoricus
1215 3166 1390 3220 porro
1409 3150 1547 3203 Afer
1558 3165 1691 3203 cum
1710 3151 2046 3207 ministrum

2167 3153 2186 3206 ὃ
2219 3153 2427 3230 ’Ἂφρος
2457 3149 2706 3206 διάκονον
2739 3151 2883 3225 ἔχων
2930 3147 3236 3225 ὀρθὸδοξον,
3271 3149 3408 3202 πάνυ
3440 3148 3803 3223 ἀγαπώμενον

408 3241 657 3298 haberet
679 3241 790 3296 sibi
810 3242 1164 3312 percharum
1182 3245 1426 3295 etrectm
1449 3239 1752 3311 religionis
1766 3242 2051 3312 professo-

399 3347 551 3399 rem,
585 3331 795 3386 cumis
828 3331 887 3384 in
920 3330 1142 3384 domini
1161 3329 1408 3402 gratiam
1442 3345 1476 3383 a
1539 3328 1654 3383 fide
1699 3329 1770 3384 ad
1817 3330 2047 3386 Ariani-

402 3437 597 3474 smum
631 3436 692 3474 se
723 3419 1149 3484 transtulisset,
1198 3424 1376 3489 caput
1428 3418 1653 3472 homini
1700 3421 2046 3489 amputavit,

406 3509 566 3580 quod
597 3509 822 3564 diceret
851 3525 986 3564 eum
1037 3509 1137 3579 qui
1189 3510 1305 3563 Deo
1356 3507 1534 3562 fidem
1583 3525 1702 3563 non
1737 3515 2047 3564 servasset.

404 3614 525 3654 non
555 3597 728 3652 facile
762 3597 874 3652 sibi
905 3597 1144 3653 fidelem
1178 3597 1323 3652 fore.

477 3686 665 3742 Annis
690 3687 754 3740 10
785 3690 842 3740 et
873 3690 930 3740 11
967 3704 1204 3742 rursum
1237 3686 1515 3742 Saraceni
1575 3687 1634 3742 in
1685 3688 2046 3744 thniciam

403 3781 460 3831 et
485 3775 732 3846 Syriam,
764 3780 823 3828 et
854 3775 1082 3847 Bulgari
1117 3775 1175 3829 in
1199 3775 1498 3846 Illyricum
1527 3780 1585 3830 et
1614 3777 1920 3832 Thraciam
1954 3778 2041 3833 in-

400 3865 710 3921 cursiones
738 3863 1028 3920 fecerunt.

469 3957 639 4009 Anno
673 3956 739 4006 12
771 3954 1119 4009 Anastasius
1151 3970 1281 4009 cum
1321 3955 1541 4009 Aretha
1571 3971 1775 4026 pacem
1809 3971 2045 4026 compo-

399 4044 526 4111 nit;
562 4047 739 4114 atque
775 4043 1197 4098 exindeintota
1211 4043 1544 4110 Palmstina,
1564 4043 1776 4099 Arabia
1805 4049 1864 4099 et
1882 4045 2040 4100 Phae-

395 4133 555 4188 nicia
584 4132 704 4187 alta
725 4148 837 4203 pax
860 4149 927 4187 ac
959 4132 1357 4203 tranquillitas
1395 4133 1526 4188 fuit.
1561 4133 1703 4188 Cum
1734 4134 2040 4189 Neocaesa-

393 4239 510 4277 rea)
543 4223 889 4277 immineret
906 4228 1076 4278 terra:
1097 4229 1318 4290 motus,
1342 4223 1515 4278 miles
1541 4223 1783 4293 quidam
1815 4223 1928 4279 iter
1953 4225 2036 4280 fa-

392 4311 557 4366 ciens
584 4310 732 4364 duos
763 4316 968 4365 contra
999 4327 1061 4364 se
1093 4311 1178 4365 ire
1227 4311 1444 4367 milites
1483 4311 1646 4379 vidit,
1677 4311 1981 4384 aliumque
2003 4330 2037 4368 a

391 4403 556 4470 tergo
589 4397 946 4453 clamantem
975 4398 1310 4454 :Abstinete
1342 4399 1516 4454 domo
1549 4400 1609 4453 in
1641 4416 1757 4470 qua
1783 4406 1870 4455 est
1898 4417 2034 4457 arca

2158 3239 2245 3294 ὑπ’
2275 3239 2460 3306 αὐτοῦ,
2515 3241 2872 3313 μεταθέμενον
2930 3236 2988 3293 δὲ
3043 3237 3118 3300 εἰς
3177 3239 3519 3312 ἀρειανισμὸν
3571 3237 3804 3310 χαριζό-

2159 3349 2320 3402 μενον
2381 3327 2696 3404 Θευδερίχῳ
2751 3329 3127 3403 ἀρειανίζοντι,
3188 3326 3419 3398 ἀπέτεμε
3480 3325 3641 3401 ξίφει,
3723 3325 3806 3379 εὶ-

2153 3418 2294 3471 πών·
2333 3418 2508 3490 Εἶτῷ
2536 3423 2652 3490 Θεῷ
2689 3418 2788 3485 τὴν
2840 3415 3019 3470 πίστιν
3070 3416 3168 3470 οὐκ
3215 3412 3503 3492 έφύλαξας,
3535 3412 3660 3488 ἐμοὶ
3686 3417 3807 3475 πῶς

2155 3507 2408 3583 φυλάξεις
2431 3527 2444 3577 ;

2223 3687 2317 3758 Τῷ
2353 3687 2381 3740 ι’
2429 3685 2520 3740 καὶ
2573 3686 2637 3738 ια’
2685 3682 2790 3739 ἔτει
2847 3685 3034 3758 γέγονε
3090 3684 3254 3740 πάλιν
3317 3687 3648 3755 Σαρακηνῶν
3681 3679 3805 3736 ἐπι-

2151 3772 2330 3848 δρομή
2387 3774 2438 3830 ἔν
2495 3795 2552 3830 τε
2613 3775 2846 3848 Φοινίκῃ
2903 3775 2991 3828 καὶ
3063 3774 3255 3848 Συρίᾳ,
3284 3773 3376 3826 καὶ
3408 3773 3460 3826 οἱ
3493 3771 3804 3847 Βούλγαροι

2146 3869 2227 3937 τῷ
2260 3863 2553 3936 Ἰλλυρικῷ
2581 3862 2673 3919 καὶ
2712 3865 2780 3937 τῇ
2811 3863 2992 3937 Θρᾴκῃ
3027 3861 3402 3938 ἐπιτρέχουσι.

2219 3955 2315 4025 Τῷ
2374 3954 2445 4027 ιβ¹
2501 3951 2606 4008 ἔτει
2657 3949 2936 4006 σπένδεται
2993 3952 3128 4026 πρὸς
3186 3953 3410 4025 ’Λρέθαν
3472 3953 3580 4024 (98)
3633 3951 3800 4008 Ἀνα-

2146 4041 2385 4108 στάσιος,
2434 4042 2525 4095 καὶ
2583 4039 2780 4095 λοιπὸν
2840 4044 2982 4094 πᾶσα
3037 4043 3072 4109 ἡ
3131 4037 3457 4110 Παλαιστίνη
3489 4038 3580 4093 καὶ
3633 4039 3803 4112 Ἀρα-

2144 4125 2238 4184 ϐία
2275 4131 2362 4186 καὶ
2415 4130 2645 4200 Φοινίκη
2696 4127 2914 4194 πολλῆς
2961 4127 3214 4204 γαλήνης
3261 4128 3350 4182 καὶ
3399 4126 3623 4201 εῗρήνης
3652 4126 3797 4196 ἀπή-

2144 4219 2329 4276 λαυον.
2417 4221 2502 4276 Ἑν
2590 4218 2982 4293 Νεοκαισαρείᾳ
3057 4215 3115 4272 δὲ
3195 4215 3498 4291 μέλλοντος
3555 4216 3801 4290 γίνεσθαι

2142 4313 2369 4382 σεισμοῦ
2403 4309 2739 4383 στρατιώτης
2798 4305 3000 4363 ὁδεύων
3053 4305 3161 4362 εἶδε
3219 4305 3313 4362 δύο
3347 4307 3677 4381 στρατιώτας
3709 4303 3801 4360 ἐπ’

2141 4398 2300 4452 αὐτὸν
2330 4398 2526 4468 ἰόντας,
2557 4398 2648 4452 καὶ
2699 4397 2917 4452 ὄπισθεν
2971 4396 3143 4452 ἄλλον
3194 4397 3477 4470 κράξαντα⁹
3513 4393 3800 4466 Φυλάξατε

389 4486 670 4558 Gregorii.
704 4487 782 4541 Eo
836 4490 1008 4541 terrm
1066 4493 1231 4542 motu
1289 4505 1422 4543 cum
1481 4489 1673 4560 major
1703 4489 1866 4543 urbis
1899 4506 2032 4560 pars

2167 4491 2232 4544 fw
2264 4489 2412 4544 οἶκον
2443 4488 2493 4543 έν
2546 4489 2592 4560 ᾧ
2623 4490 2656 4557 ἡ
2690 4491 2831 4559 θήκη
2893 4488 3196 4562 Γρηγορίου
3236 4486 3371 4545 ἐστί.
3405 4484 3702 4558 Γενομένου
3735 4481 3797 4538 δὲ

389 4581 548 4630 esset
595 4580 911 4647 prostrata,
957 4576 1114 4632 mdes
1147 4577 1343 4632 Sancti
1393 4578 1653 4650 Gregorii
1714 4577 2032 4632 incolumis

387 4665 630 4721 mansit.

383 4757 555 4812 Anno
592 4757 654 4810 l3
713 4754 976 4810 Cabades
1029 4757 1345 4812 Persarum
1404 4773 1526 4824 rex,
1586 4755 1741 4810 facta
1784 4755 2025 4826 expedi-

382 4844 569 4910 tione,
599 4843 811 4900 Amida
839 4843 1049 4901 urbem
1082 4849 1402 4918 oppugnat.

2142 4583 2238 4634 τοῦ
2271 4582 2496 4649 σεισμοῦ
2527 4581 2589 4633 τὸ
2622 4575 2876 4632 πλεῖστον
2941 4577 3103 4652 μέρος
3152 4583 3252 4645 τῆς
3301 4575 3516 4636 πόλεως
3549 4573 3791 4643 ἐπτώθη,

2137 4667 2285 4735 πλὴν
2317 4672 2417 4722 τοῦ
2445 4671 2578 4720 ναοῦ
2607 4671 2705 4721 τοῦ
2736 4666 2897 4740 ἁγίου
2927 4665 3252 4740 Γρηγορίου.

2205 4757 2298 4828 Τῷ
2325 4752 2754 4830 τρισκαιδεκάτῳ
2783 4751 2889 4810 ἔτει
2921 4749 3178 4824 Καϐάδης
3207 4755 3235 4808 ὁ
3269 4758 3484 4828 Περσῶν
3530 4748 3790 4826 βασιλεὺς

2135 4844 2520 4921 ἐκστρατεύσας
2549 4842 2754 4918 Ἀμιδα
2781 4846 2879 4912 τὴν
2908 4842 3070 4899 πόλιν
3099 4849 3310 4917 πορθεῖ.

1578 4968 1945 5028 XYLANDRI
1985 4973 2070 5032 ET
2111 4974 2321 5029 GOARI
2363 4974 2584 5028 ΝΟΤΛΕ.

444 5094 565 5176 ,(96)
598 5093 813 5176 F_olles.
840 5093 1026 5176 liuius
1087 5098 1357 5176 moneth
1396 5092 1809 5176 meminerunt
1844 5095 2022 5176 etiam

380 5164 482 5220 alii
512 5164 807 5229 auctores,
864 5164 1070 5219 Suidas
1114 5164 1285 5220 docet
1333 5165 1535 5220 follem
1594 5180 1722 5219 esse
1757 5164 2021 5221 obolum.

378 5235 542 5290 Idem
571 5242 822 5292 testatur
851 5237 1224 5291 Timotheum
1258 5238 1519 5291 Gazmum
1567 5237 2021 5293 grammaticum

270 5344 277 5351 .
379 5305 551 5382 istius
579 5307 782 5382 tributi
814 5307 1083 5382 _causa_i_n
1116 5308 1490 5382 Anastasium
1517 5305 1781 5382 edidisse
1812 5314 2019 5382 tragw-

381 5375 660 5453 d_iam,_in_
683 5377 971 5453 Τιμόθεος.
1001 5379 1136 5433 Χγι..
1172 5379 1284 5453 -[
1323 5379 1461 5432 Vide
1517 5377 1749 5433 Fabroti
1795 5375 2023 5437 Glossa-

377 5447 533 5500 rium
571 5446 771 5517 infra.]

451 5517 796 5598 (εὶ-ηδοῃιρεε
845 5520 1066 5598 legitur
1107 5521 1265 5598 apud
1312 5521 1807 5598 EvangriumJIl,
1840 5524 1930 5590 35,
1965 5531 2022 5579 et

451 5539 503 5586 ιν
522 5539 563 5584 l)
585 5539 796 5598 ocymae
845 5539 896 5576 ιθ
919 5539 1058 5575 'lllﬂ‘
1107 5539 1265 5592 apud
1314 5539 1686 5594 nvangrlum,
1708 5539 1807 5588 ιιι,
1840 5539 1930 5590 δί),
1965 5539 2022 5579 Gl.

378 5587 442 5646 in
471 5586 699 5662 Eclogls
730 5589 771 5645 Ι.
806 5607 840 5644 ιι
873 5539 1163 5648 T‘beodori
1189 5600 1552 5666 anagnostae.
1602 5592 1887 5666 Loquitur
1916 5611 2022 5652 au-

2134 5102 2252 5152 tem
2275 5097 2346 5152 de
2371 5097 2630 5168 Longino
2653 5097 2902 5152 Zenonis
2923 5096 3126 5160 fratre,
3147 5096 3393 5168 ejusque
3416 5094 3574 5149 socio
3598 5094 3787 5148 Theo-

2131 5169 2300 5235 doro,
2324 5169 2423 5239 qui
2445 5166 2663 5224 Isauris
2685 5169 2996 5223 concitatis
3018 5166 3420 5239 rebellabant;
3441 5181 3784 5239 quanquam

2131 5237 2387 5295 Zonaras
2413 5241 2737 5312 Longinum
2764 5240 2922 5295 hunc
2945 5256 2978 5293 a
3000 5240 3250 5306 Zenonis
3272 5238 3454 5292 fratre
3487 5237 3786 5292 diversum

2130 5313 2274 5367 facit
2325 5313 2465 5366 Χγῐ..

2203 5385 2324 5454 (98),
2367 5383 2648 5437 Aretham
2708 5388 2848 5454 puto
2909 5383 3116 5437 ducem
3179 5381 3483 5454 Persicum
3515 5379 3650 5454 dici,
3683 5377 3786 5448 qui

2133 5453 2459 5523 Nicephoro
2491 5460 2580 5507 est
2612 5451 2890 5516 Zaiizthos,
2944 5471 3059 5517 xvi,
3119 5457 3206 5508 35.
3269 5452 3482 5506 Amida
3524 5451 3665 5523 urbs
3693 5455 3787 5523 est

2130 5521 2587 5594 Mesopotamia).
2621 5525 2699 5582 De
2730 5525 2884 5581 bello
2933 5525 3044 5580 hoc
3074 5525 3308 5580 Persico
3340 5521 3662 5594 Procopius
3693 5521 3732 5577 l.
3765 5538 3784 5575 ι

2132 5595 2392 5668 copiose.
2425 5595 2560 5651 ΧΠ..
