4170 6204
1466 352 2023 418 HISTORIARUM
2063 351 2604 416 COMPENDIUM.

3637 353 3755 418 686

398 490 492 561 Τῷ
515 485 585 544 ιδ’
613 481 719 544 ἔτει
752 487 961 546 πολλοὶ
989 491 1230 564 πόλεμοι
1267 489 1402 564 μετᾶ
1431 486 1649 566 Καϐάδῃ
1707 489 1980 566 γεγόνασι.

2169 490 2321 546 629
2352 491 2522 546 Anno
2555 491 2620 545 14
2651 490 2856 548 crebro
2885 491 3111 548 bellum
3168 497 3259 548 est
3315 509 3450 550 cum
3510 493 3741 551 Cabade

329 577 525 650 Τούτῳ
554 571 771 650 τῷὲτει
804 578 1034 635 ῗππικοῦ
1065 581 1361 658 γενομένου
1411 580 1595 654 augt:
1638 579 1828 654 γέγονε
1879 583 1985 634 τῶν

333 665 433 722 δύο
467 671 644 742 μερῶν
677 669 814 742 (99),
865 669 955 724 καὶ
1008 668 1215 725 πολλοὶ
1267 670 1526 734 ἀπέθανον
1559 669 1608 739 ἐξ
1642 668 1986 748 ἀμφοτέρων.

328 755 380 811 ἐν
411 757 499 818 οἷς
532 757 622 810 καὶ
655 757 683 812 6
717 757 958 828 υἱὸς,τοῦ
993 757 1283 834 βασιλέως,
1315 760 1373 814 ’ὸν
1430 758 1577 837 εἶχεν
1632 757 1738 812 ἀπὸ
1771 755 1989 812 παλλα-

331 852 454 916 κῆς.
491 844 713 924 Σφόδρα
771 845 864 902 υῦν
925 846 1189 918 λυπηθεὶς
1221 852 1250 904 ὁ
1284 845 1543 923 βασιλεὺς
1598 845 1846 908 πολλοὺς
1877 845 1986 901 ἐτι-

334 937 656 1010 μωρήσατο.
689 935 882 1008 Τούτῳ
911 940 991 1009 τῷ
1039 934 1148 994 ’έτει
1181 939 1450 1017 ἐχώνευσε
1481 937 1669 992 πολλᾶ
1701 936 1988 1010 χαλκουρ-

325 1027 551 1098 γήματα
592 1025 640 1094 ἐξ
683 1026 758 1079 ὧν
817 1023 1037 1096 ἔστησεν
1104 1028 1132 1081 ὁ
1195 1026 1373 1102 Μέγας
1410 1030 1838 1096 Κωνσταντῖνος,
1897 1025 1989 1078 καὶ

331 1112 560 1184 ἐποίησε
587 1115 687 1184 τήν
719 1111 861 1169 ἱδίαν
909 1113 1143 1186 στήλην,
1183 1115 1273 1170 καὶ
1303 1113 1523 1185 ἔστησεν
1576 1115 1652 1178 εἷς
1705 1115 1861 1171 κίονα
1890 1117 1988 1168 τοῦ

328 1201 569 1274 Ταύρουο
602 1203 637 1270 ἡ
696 1203 799 1276 γὰρ
857 1203 1050 1276 πρώτη
1107 1203 1312 1258 ἑστῶσα
1369 1207 1453 1277 [Ρ.
1515 1204 1639 1278 359]
1699 1198 1988 1257 Θεοδοσίου

325 1293 426 1345 τοῦ
455 1289 720 1367 Μεγάλου
749 1287 934 1346 ἔπεσεν
967 1291 1074 1346 ἀπὸ
1105 1295 1201 1346 τοῦ
1252 1290 1477 1364 σέισμοῦ
1533 1291 1622 1346 καὶ
1679 1285 1986 1363 συνετρίϐη.

328 1379 469 1435 Τότε
495 1379 587 1434 καὶ
619 1380 760 1455 ἀνήρ
823 1401 910 1443 τις
965 1381 1287 1454 χειμευτής,
1347 1379 1408 1436 ἐκ
1459 1384 1569 1435 τῶν
1621 1385 1722 1448 τῆς
1781 1379 1987 1456 χείμης

329 1472 541 1543 τεχνῶν
575 1467 778 1546 εὐφυὴς
837 1466 911 1523 ὥν
969 1474 1090 1532 ταῖς
1149 1469 1378 1532 άπόταις
1435 1467 1986 1547 ὁφθαλμοπλανῆσαι,

336 1555 678 1614 ὑπεδείκνυεν
706 1558 1148 1635 ἆργυροπράταις
1181 1559 1272 1613 καὶ
1303 1558 1391 1614 καὶ
1406 1559 1628 1634 ’ἑτέροις
1660 1562 1849 1636 χεῖρας
1896 1555 1988 1611 καὶ

332 1643 506 1710 πόδας
545 1644 879 1723 ἀνδριάντων
919 1648 1013 1702 καὶ
1041 1645 1198 1722 ἕτερα
1243 1645 1362 1718 εἷ’δη
1419 1651 1618 1722 χρυσᾶ,
1653 1647 1828 1724 Λέγων
1888 1647 1991 1716 θη-

336 1736 532 1810 σαυρὸν
564 1736 874 1810 εὑρηκέναι,
932 1737 1023 1791 καὶ
1077 1733 1324 1799 πολλοὺς
1392 1735 1671 1807 ἀπατήσας
1702 1735 1778 1799 εἰς
1802 1734 1987 1788 πενίαν

332 1825 542 1902 ἤνεγκε.
577 1827 783 1899 Φήμης
817 1826 909 1880 οὖν
949 1826 1073 1897 περὶ
1122 1827 1288 1882 αὐτοῦ
1343 1825 1644 1902 γενομένης
1700 1824 1987 1898 κρατηθεὶς

333 1899 486 1989 ἤχθη
518 1919 599 1987 τῷ
632 1917 988 1988 Ἀναστασιῳ.
1037 1917 1099 1973 Ὁ
1132 1913 1189 1970 δὲ
1219 1899 1586 1992 προσηνεγκεν
1646 1915 1795 1986 αὐτῷ
1825 1913 1994 1992 χαλι-
2022 1899 2069 1963 Β

333 2005 427 2060 νδν
462 2004 629 2058 ἰππου
689 2004 1000 2080 ὁλόχρυσον
1057 2001 1144 2058 διὰ
1201 2009 1571 2079 μαργαριτῶν·
1632 2004 1693 2058 ’ὸν
1743 1997 1986 2059 λαϐὼνὸ

344 2093 599 2169 βασιλεὺς
626 2088 750 2170 ἔφη·
794 2096 1006 2156 Ὄντως
1063 2093 1149 2163 σὺ,
1216 2092 1266 2149 εἴ
1302 2094 1390 2148 καὶ
1422 2093 1624 2157 πάντας
1680 2094 1986 2163 ἡπάτησας,

340 2182 438 2256 ἐμὲ
469 2181 568 2238 οὐκ
596 2182 914 2254 ἀπατήσεις.
957 2183 1060 2240 Καὶ
1109 2181 1358 2260 ἐξώρισεν
1388 2183 1548 2239 αὐτὸν
1581 2183 1656 2245 εἰς
1705 2203 1758 2236 τι
1815 2179 1986 2261 φρού-

341 2292 458 2348 ριον
491 2274 594 2346 (ι),
625 2269 748 2327 ἔνθα
777 2273 866 2327 καὶ
896 2271 1140 2344 τελευτᾷ.

415 2364 504 2432 Τῷ
546 2367 610 2424 ις’
637 2357 746 2416 ἕτει
779 2361 984 2426 ἀνεθεὶς
1021 2367 1128 2417 τῶν
1188 2359 1448 2434 πολέμων
1509 2358 1844 2418 Μακεδόνιον
1897 2360 1988 2414 τὸν

340 2452 692 2528 πατριάρχην
719 2450 1033 2528 διαστρέψαι
1080 2455 1180 2522 τῆς
1239 2455 1405 2527 ὀρθῆς
1463 2452 1694 2514 πίστεως
1746 2445 1987 2506 ἔσπευδε.

341 2541 556 2598 Πολλοὶ
588 2541 642 2598 δὲ
699 2549 810 2598 τῶν
870 2543 1178 2599 ἐπισκόπων
1239 2543 1572 2615 Ἀναστασίῳ
1629 2541 1989 2621 χαριζόμενοι

338 2637 409 2707 τῇ
433 2631 486 2687 ἐν
544 2629 858 2702 Χαλκηδόνι
916 2630 1124 2706 συνόδῳ
1182 2633 1527 2688 ἀντέπιπτον.
1588 2633 1896 2707 Μανιχαῖον
1933 2627 1992 2685 δέ

341 2741 459 2776 τινα
519 2722 803 2800 ζωγράφον
877 2720 1226 2797 Συροπέρσην
1285 2721 1390 2775 ἀπὸ
1449 2721 1684 2790 Κυζίκου
1739 2719 1992 2776 Ἀναστά-

341 2831 462 2872 σιος
501 2806 706 2886 ⁴ἤγαγεν
761 2808 812 2864 ἐν
870 2813 1120 2889 σχήματι
1170 2804 1558 2884 πρεσϐυτέρου,
1609 2804 1669 2872 ὅς
1723 2807 1992 2883 ἀλλὸτρια

337 2903 448 2954 τῶν
503 2898 971 2970 Exuit-noueruva
1030 2897 1188 2974 ἁγίαν
1236 2898 1459 2954 εἰκόνων
1525 2897 1799 2971 ἐτὸλμησε
1855 2897 1991 2972 γρά-

341 2992 448 3062 ψας
505 2989 597 3043 καὶ
661 2987 1000 3066 φασμάτώδη
1065 2987 1114 3043 έν
1193 2993 1272 3059 τῷ
1327 2986 1578 3060 παλατίῳ
1635 2987 1830 3064 γνώμῃ
1891 2991 1992 3042 τοῦ

345 3076 639 3154 βασιλέως,
670 3077 923 3154 χαίροντι
981 3082 1098 3139 τοῖς
1137 3081 1496 3152 Λανιχαῖκοῖς
1528 3096 1542 3110 ·
1602 3077 1718 3131 ὅθεν
1756 3076 1845 3130 καὶ
1875 3077 1995 3130 στά-

345 3188 428 3229 σις
456 3171 554 3222 τοῦ
584 3165 720 3222 λαοῦ
750 3167 936 3243 γέγονε
995 3165 1234 3242 μεγάλη.
1270 3165 1550 3240 Ασχόλιον
1585 3163 1641 3220 δὲ
1671 3185 1793 3220 τινα
1824 3165 1851 3219 ὁ
1885 3169 1995 3220 Μα-

2099 583 2351 652 gestum.
2384 579 2604 634 Eodem
2635 597 2791 636 anno
2824 597 2954 636 cum
2991 581 3266 636 ederetur
3313 588 3588 654 equestre
3620 601 3753 640 cer-

2100 673 2321 738 tamen,
2355 669 2854 725 tumultuantibus
2913 671 3178 742 partibus
3232 672 3406 726 multi
3466 673 3747 744 utrinque

2102 763 2242 813 sunt
2272 758 2588 826 interfecti,
2621 759 2894 830 interque
2927 776 3026 813 eos
3049 760 3424 831 imperatoris
3455 778 3523 816 ex
3541 762 3748 834 pellice

2102 847 2279 902 filius.
2307 847 2486 918 Cujus
2512 847 2716 902 dolore
2737 849 2998 920 percitus
3028 849 3350 920 imperator
3377 849 3596 905 multos
3613 867 3753 921 sup-

2101 935 2278 1007 plicio
2308 936 2524 991 affecit.
2557 935 2776 991 Eodem
2808 953 2966 991 anno
2999 937 3187 992 multa
3208 955 3361 993 aerea
3381 938 3750 994 Constantini

2101 1025 2290 1096 Magni
2321 1042 2500 1096 Opera
2523 1025 2820 1092 conflavit,
2844 1041 3130 1097 suamque
3162 1032 3416 1082 statuam
3449 1028 3585 1082 inde
3608 1044 3749 1083 cou-

2101 1113 2242 1168 fecit
2273 1119 2331 1167 et
2362 1114 2423 1168 in
2478 1113 2758 1169 columna
2809 1115 2981 1169 Tauri
3041 1117 3387 1170 constituit:
3447 1133 3587 1172 nam
3619 1134 3750 1188 qum

2100 1201 2266 1272 prius
2297 1201 2377 1254 ibi
2409 1201 2603 1272 posita
2629 1201 2822 1256 fuerat
2850 1202 3160 1257 Theodosii
3197 1203 3409 1275 Magni,
3459 1221 3530 1259 ea
3579 1210 3748 1260 terrm

2101 1295 2266 1344 motu
2298 1290 2529 1362 dejecta
2559 1295 2618 1344 et
2671 1291 3038 1346 comminuta
3068 1291 3197 1347 fuit.
3255 1294 3416 1347 Tunc
3459 1293 3637 1348 etiam
3664 1294 3750 1348 vir

2100 1380 2340 1450 quidam
2373 1397 2443 1435 ex
2481 1396 2688 1435 eorum
2745 1397 2993 1436 numero
3027 1382 3127 1451 qui
3171 1381 3503 1452 chymicam
3559 1388 3747 1438 artem

2097 1469 2473 1540 profitentur,
2507 1469 2757 1524 callidus
2797 1469 3004 1524 oculos
3052 1470 3362 1524 hominum
3419 1471 3750 1542 impostura

2099 1558 2536 1631 praestringere,
2584 1559 2934 1630 argentariis
2983 1558 3230 1630 aliisque
3279 1559 3494 1615 obtulit
3535 1577 3747 1618 manus

2099 1646 2401 1718 pedesque
2438 1652 2766 1702 statuarum
2798 1653 2855 1702 et
2885 1647 3004 1702 alia
3053 1664 3254 1716 aurea,
3289 1647 3490 1704 dicens
3521 1667 3582 1704 se
3614 1651 3748 1706 the-

2101 1755 2341 1794 saurum
2399 1739 2730 1810 reperisse;
2789 1740 3127 1812 multosque
3202 1741 3285 1795 ita
3340 1742 3617 1814 deceptos
3671 1744 3746 1799 ad

2098 1835 2506 1901 paupertatem
2539 1830 2784 1903 redegit.
2813 1833 2989 1886 Fama
3033 1831 3284 1904 vulgata,
3322 1837 3525 1904 captus
3583 1838 3643 1888 et
3671 1834 3746 1890 ad

2099 1921 2477 1975 Anastasium
2507 1920 2797 1975 adductus
2825 1921 3061 1976 frenum
3093 1921 3228 1993 equi
3261 1939 3332 1977 ex
3378 1923 3567 1978 solido
3599 1939 3742 1979 auro

2094 2009 2415 2064 conflatum
2451 2025 2517 2064 ac
2573 2010 2908 2082 margaritis
2965 2016 3305 2066 consertum
3335 2012 3568 2066 obtulit.
3631 2013 3744 2069 Sed

2093 2098 2416 2169 imperator
2440 2097 2608 2154 freno
2640 2104 2880 2171 accepto
2904 2117 2918 2154 :
2954 2101 3024 2155 Ut
3044 2116 3274 2166 omnes,
3298 2101 3741 2172 inquit,fefelle-

2094 2187 2199 2258 ris,
2228 2204 2322 2242 me
2344 2188 2604 2259 profecto
2619 2204 2740 2243 non
2764 2188 3044 2260 decipies.
3072 2190 3400 2261 Statimque
3433 2191 3739 2246 hominem

2095 2277 2156 2332 in
2186 2275 2495 2332 castellum
2529 2277 2828 2347 quoddam
2858 2278 3158 2350 relegavit,
3192 2278 3252 2332 in
3284 2295 3432 2348 quos
3462 2278 3512 2332 is
3543 2279 3738 2350 periit.

2164 2367 2332 2419 Anno
2370 2367 2430 2418 16
2460 2364 2633 2419 bellis
2663 2372 3039 2434 exoneratus,
3072 2372 3321 2420 conatus
3354 2371 3442 2420 est
3471 2366 3742 2423 Macedo-

2096 2454 2262 2508 nium
2293 2454 2635 2524 episcopum
2667 2469 2700 2508 a
2729 2459 2889 2508 recta
2922 2454 3035 2508 ﬁde
3067 2460 3349 2508 avertere.
3405 2453 3567 2510 Multi
3619 2459 3743 2509 tum

2099 2543 2358 2614 episc0pi
2391 2543 2452 2596 in
2481 2542 2728 2614 gratiam
2761 2541 3056 2597 Anastasii
3094 2541 3574 2598 Chalcedonense
3606 2559 3744 2598 con-

2098 2631 2302 2688 cilium
2355 2631 2871 2702 impugnaverunt.
2906 2630 3164 2686 Adduxit
3189 2630 3369 2685 etiam
3394 2632 3742 2686 Anastasius

2099 2723 2302 2794 Cyzico
2357 2722 2646 2792 pictorem
2703 2721 3023 2792 quemdam
3084 2722 3485 2794 Syropersam,
3539 2722 3745 2778 habitu

2098 2811 2558 2884 presbyteri,qui
2576 2811 2634 2864 in
2654 2811 2813 2884 regia
2817 2811 2991 2882 jussu
3011 2811 3388 2883 imperatoris
3405 2812 3558 2867 680
3582 2813 3746 2884 (nata

2100 2901 2150 2956 is
2171 2899 2551 2955 Manichaicis
2583 2900 2755 2966 nugis
2797 2899 3227 2972 delectabatur)
3260 2900 3533 2971 quaedam
3565 2917 3746 2956 mon-

2101 2993 2292 3044 strosa
2321 2994 2379 3042 et
2407 2988 2480 3044 ab
2512 2987 2870 3060 imaginibus
2895 2989 3311 3044 ecclesiasticis
3327 2988 3522 3043 aliena
3542 2989 3751 3062 pinge-

2100 3083 2209 3133 ret.
2243 3077 2324 3132 Ob
2358 3076 2417 3131 id
2451 3093 2662 3148 magna
2692 3077 2890 3148 populi
2950 3082 3040 3131 est
3078 3083 3278 3132 coorta
3307 3077 3542 3133 seditio.
3571 3079 3748 3133 Caate-

2099 3183 2232 3220 rum
2265 3165 2639 3220 Macedonius
2690 3171 2920 3220 tantum
2968 3165 3156 3222 abfuit
3200 3171 3264 3221 ut
3291 3165 3552 3220 Ascholii
3585 3166 3748 3236 inju-

342 3252 590 3318 κεδὸνιος
622 3260 694 3330 (2)
727 3255 777 3311 ἐν
832 3254 1004 3331 ἔχθρᾳ
1035 3259 1234 3334 φονικῇ
1294 3274 1632 3327 σπασαμενον
1677 3259 1794 3309 κατ’
1826 3253 1989 3309 αὐτοῦ

2104 3256 2248 3310 riam
2297 3259 2773 3326 persequeretur,
2806 3271 2841 3309 a
2887 3271 3004 3325 quo
3057 3255 3258 3309 stricto
3311 3253 3504 3326 gladio
3553 3253 3748 3309 fuerat

347 3345 626 3419 μάχαιραν
685 3343 734 3417 ἐξ
790 3341 1075 3420 ὑποβολῆς
1131 3348 1241 3398 τῶν
1324 3341 1721 3419 έχθραινῦντων
1792 3343 1989 3412 αὐτῆς,

340 3435 598 3487 τοσοῦτον
652 3431 861 3506 ἀπέσχε
911 3435 1007 3486 τοῦ
1069 3437 1477 3504 μνησικακῆσαι
1533 3428 1670 3486 ὥστε
1727 3432 1815 3486 καὶ
1881 3453 1991 3504 μη-

340 3523 519 3587 κιαίας
552 3523 699 3597 αὐτῷ
728 3524 970 3586 άννώνας
1030 3523 1325 3598 προσέταξε
1391 3518 1602 3578 λαϐεῖν’
1661 3529 1831 3598 πρᾶος
1886 3525 1989 3599 γὰρ

341 3613 408 3683 ἦν
430 3615 457 3668 6
483 3613 642 3688 ἀνήρ.
669 3616 846 3671 Τοῦτο
880 3610 937 3668 δὲ
959 3613 1150 3688 πρώην
1181 3613 1272 3667 καὶ
1300 3611 1374 3675 εἰς
1405 3610 1746 3688 ἱεροσουλίαν
1777 3609 1989 3688 ἔπραξε.

343 3703 447 3758 Δύο
471 3705 638 3758 τινῶν
669 3697 1168 3782 ἀμφισϐητούντων
1219 3700 1527 3757 ἐπισκόπων
1581 3701 1704 3774 περὶ
1734 3701 1990 3768 πίστεως,

343 3787 636 3867 ὁρθοδόξου
666 3791 756 3846 καὶ
818 3793 1115 3865 Ἀρειανοῦ,
1147 3790 1236 3846 καὶ
1264 3794 1363 3846 τοῦ
1414 3790 1507 3862 μὲν
1541 3790 1818 3862 Ἀρειανοῦ
1874 3789 1992 3844 διαο

342 3879 598 3936 λεκτικοῦ
630 3875 810 3950 ὄντος,
855 3883 953 3935 τοῦ
1010 3876 1068 3934 δὲ
1125 3876 1410 3954 όρθοδόξον
1470 3873 1722 3938 εὕσεϐοῦς
1777 3877 1866 3932 καὶ
1898 3899 1992 3932 πι-

343 3973 501 4036 στοῦ,
545 3970 574 4024 6
631 3966 920 4044 όρθὸδοξος
978 3967 1288 4044 προύτεινεν
1347 3965 1488 4022 ὥστε
1531 3965 1832 4044 ἀφεμένους
1886 3971 1995 4021 τῶν

343 4055 528 4135 λόγων
615 4057 691 4120 εἷς
775 4061 882 4132 πῦρ
969 4055 1249 4125 εἷ’σελθεῖν,
1330 4055 1421 4110 καὶ
1503 4052 1646 4110 οὕτω
1706 4052 1993 4131 δειχθῆναι

343 4147 436 4203 τὸν
500 4142 896 4223 εὐσεϐέστερον.
955 4148 1067 4204 Τοῦ
1128 4143 1184 4201 δὲ
1236 4147 1514 4219 Ἀρειανοῦ
1578 4149 1744 4201 τοῦτο
1795 4165 1995 4222 παραι-

343 4239 656 4311 τησαμένου
713 4238 874 4298 αὐτὸς
933 4235 1175 4305 εἰσῆλθε,
1228 4234 1318 4289 καὶ
1375 4233 1430 4288 ἐν
1492 4234 1641 4307 μέσῳ
1685 4239 1782 4290 τοῦ
1823 4235 1995 4309 πυρὸς

343 4327 634 4400 ἱστάμενος
665 4323 941 4404 διελέγετο
973 4329 1154 4393 πᾶσιν,
1191 4317 1441 4394 ἀϐλαϐὴς
1473 4323 1578 4380 ὑπὸ
1605 4326 1702 4378 τοῦ
1733 4327 1866 4380 Θεοῦ
1897 4345 1996 4403 φυ-

343 4415 699 4490 λαττόμενος.
1042 4475 1048 4482 _

416 4507 512 4577 Τῷ
567 4510 628 4574 ιζ’
658 4498 772 4559 ἔτοι
802 4502 1039 4577 ἐτείχισε
1068 4501 1131 4555 τὸ
1164 4499 1359 4576 Δαρὰς,
1393 4501 1590 4576 χωρόν
1637 4500 1698 4554 ὃν
1726 4507 1826 4570 τῆς
1887 4507 1995 4556 Με-

2101 3345 2480 3400 inimicorum
2496 3362 2740 3400 suorum
2754 3345 3041 3400 instinctu
3054 3345 3362 3417 petitus,ut
3377 3335 3747 3399 menstruam

2102 3435 2153 3489 ei
2207 3451 2384 3506 porro
2451 3451 2751 3489 annonam
2809 3433 3205 3490 constituerit.
3266 3434 3404 3487 Erat
3452 3431 3609 3487 enim
3659 3433 3748 3486 vir

2101 3531 2466 3581 mansuetus.
2486 3527 2677 3596 Atque
2708 3523 2918 3579 eodem
2947 3541 3154 3580 recens
3187 3523 3361 3579 modo
3393 3523 3747 3596 sacrilegum

2099 3618 2470 3668 tractaverat.
2507 3612 2743 3668 Duobus
2796 3613 3086 3684 episcopis
3137 3612 3207 3668 de
3249 3612 3364 3667 fide
3395 3612 3744 3668 altercanti-

2101 3703 2229 3769 bus,
2265 3700 2593 3756 orthodoxa
2627 3706 2684 3754 et
2745 3701 3124 3768 Ariano,cum
3166 3702 3262 3755 hic
3295 3701 3628 3756 disserendi
3661 3702 3746 3755 fa-

2102 3791 2322 3848 cultate
2369 3789 2642 3861 polleret,
2677 3788 2778 3844 ille
2830 3791 3050 3860 pietate
3105 3794 3162 3844 et
3210 3789 3324 3844 ﬁde
3370 3790 3558 3843 fretus
3591 3791 3744 3844 hanc

2100 3881 2320 3937 Ariano
2343 3878 2745 3933 conditionem
2765 3877 2900 3932 tulit
2924 3885 2990 3932 ut
3011 3877 3230 3933 omissa
3259 3877 3660 3948 disputatione
3683 3877 3745 3931 in

2102 3971 2300 4043 ignem
2347 3984 2474 4022 sese
2529 3967 2761 4028 darent,
2793 3967 2993 4038 itaque
3043 3973 3177 4021 uter
3223 3967 3486 4038 ipsorum
3526 3965 3745 4036 pietate

2103 4064 2432 4133 prmstaret,
2491 4064 2699 4114 notum
2760 4058 2947 4114 ﬁeret.
2986 4058 3310 4112 Recusante
3367 4058 3584 4112 Ariano
3617 4057 3742 4128 ipse

2102 4149 2342 4205 intravit
2372 4147 2591 4220 ignem,
2625 4153 2684 4202 et
2735 4152 2898 4202 stans
2951 4147 3012 4201 in
3065 4147 3258 4201 medio
3291 4147 3420 4218 ejus
3464 4145 3641 4201 verba
3669 4146 3746 4201 ad

2104 4235 2549 4292 multitudinem
2601 4233 2762 4302 fecit,
2813 4235 2932 4290 Deo
2965 4234 3158 4306 ipsum
3212 4234 3579 4291 incolumem
3609 4250 3747 4290 con-

2104 4330 2395 4381 servante.

2175 4507 2347 4561 Anno
2382 4505 2446 4558 17
2495 4504 2845 4560 Anastasius
2895 4505 3096 4571 Daras,
3130 4507 3390 4559 castrum
3416 4503 3751 4574 MeSOpota-

343 4593 686 4665 σοποταμίας
722 4592 858 4666 μέγα
897 4589 990 4645 καὶ
1050 4589 1274 4664 ὀχυρὸν,
1334 4589 1495 4661 μέσον
1526 4593 1632 4643 τῶν
1684 4588 1825 4664 ὅρων
1883 4591 1991 4644 γεί-

2106 4595 2242 4650 mias
2295 4609 2574 4666 magnum
2608 4599 2782 4663 atque
2830 4593 3110 4654 validum,
3146 4592 3206 4647 in
3259 4591 3476 4646 ﬁnibus
3508 4591 3753 4647 Romani

349 4702 508 4755 μενον
543 4682 828 4754 Ῥωμαίων
859 4700 916 4735 τι
947 4677 1038 4734 καὶ
1071 4683 1308 4753 Περσῶν.
1343 4677 1445 4735 Καί
1489 4676 1737 4748 ἐποίησεν
1791 4677 1996 4748 ἐκκλη-

348 4769 464 4826 σίαν
492 4771 582 4826 καὶ
613 4771 780 4846 ὡρεῖα
810 4769 897 4824 καὶ
959 4767 1268 4844 κινστέρνας
1319 4767 1408 4822 καὶ
1461 4761 1736 4841 ἐμϐόλους
1765 4769 1855 4822 καὶ
1901 4765 1997 4822 δύο

347 4857 590 4931 δημόσια
619 4857 838 4935 λοετρὰ,
871 4857 1150 4930 ὀνομάσας
1206 4856 1377 4926 αὐτὴν
1438 4856 1990 4926 ’Δναστασιούπολιν,

345 4948 437 5006 καὶ
469 4945 668 5006 ἔδώκεν
701 4949 840 5023 αὐτῇ
875 4945 1056 5003 δίκαια
1081 4945 1320 5007 πόλεως.

2109 4699 2176 4737 ac
2205 4683 2427 4738 Persici
2476 4681 2713 4752 imperii
2757 4681 2976 4736 muniit
3002 4698 3017 4748 ;
3051 4681 3455 4750 exstruxitque
3487 4679 3568 4734 ibi
3602 4685 3752 4734 tem-

2107 4771 2273 4843 plum
2309 4775 2367 4825 et
2398 4771 2610 4825 horrea
2641 4774 2700 4825 et
2750 4770 3039 4825 cisternas
3072 4774 3128 4824 et
3167 4773 3359 4823 rostra
3387 4785 3456 4823 ac
3487 4767 3602 4822 duo
3633 4781 3752 4837 pu-

2106 4859 2264 4915 blica
2288 4858 2521 4916 balnea.
2556 4859 2704 4914 Loco
2759 4858 2926 4913 urbis
2957 4856 3268 4930 privilegia
3319 4856 3500 4921 dedit,
3533 4859 3592 4910 et
3621 4869 3752 4910 eam

2109 4946 2609 5018 Anastasiopolim
2639 4946 2989 5003 nominavit.

1550 5063 1914 5120 XYLANDRI
1952 5065 2040 5121 ET
2077 5065 2294 5122 GOARI
2332 5063 2556 5119 ΝΟΤᾹΞ.

422 5183 535 5255 (99)
596 5182 979 5255 Prasinorum
1025 5177 1326 5255 7videlicet7
1368 5183 1452 5255 et7
1483 5179 1836 5255 Venetorum
1861 5179 2009 5255 _7fre-

352 5248 608 5336 qu'en'ter
649 5255 712 5308 in
754 5251 1162 5336 "Circensibus
1211 5248 1637 5304 certaminibus
1684 5250 2008 5322 digladian-

349 5323 521 5381 tium.
556 5327 634 5380 De
667 5325 882 5396 quibus
914 5323 1074 5396 alibi.
1125 5324 1298 5396 chi.

396 5398 493 5484 ,(i‘l
527 5389 714 5484 Qpale
744 5396 852 5484 sic"
868 5394 1131 5482 explicat
1158 5391 1555 5480 Thop’hanesi
1758 5389 2010 5482 ἐξώρισεν

2119 5178 2470 5235 Eucholium
2524 5177 2652 5249 lego
2711 5177 2778 5249 in
2813 5175 3056 5249 7Eclogis
3109 5173 3420 5249 Theodori,
3453 5169 3757 5249 ξῇῦχόλιον.

2116 5253 2186 5306 Et
2215 5268 2320 5322 pro
2378 5241 2999 5322 tepoqutav77ibidem'
3021 5247 3259 5322 rectius
3297 5241 3635 5322 139007510124.
3679 5245 3761 5300 De

2117 5316 2574 5392 Anastasiopoli,
2607 5338 2640 5375 a
2694 5319 2882 5392 Nisibi
2917 5317 3163 5392 _stadiis_
3200 5319 3268 5371 98
3290 5316 3519 5392 dissita,
3553 5317 3763 5392 Proco-

2116 5394 2252 5465 pius
2282 5393 2405 5448 loco
2433 5387 2663 5447 'citato.
2699 5389 2848 5455 Quid
2870 5460 2880 5465 _
2901 5387 3070 5462 ὼρεῑα
3119 5389 3260 5451 sint,
3294 5387 3515 5465 Suidas
3533 5387 3767 5465 videtur

349 5459 516 5539 αὐτὸν
550 5459 623 5539 είς
655 5466 752 5539 τὴν
813 5459 1015 5539 Πέτραν
1073 5463 1135 5516 τὸ
1188 5459 1446 5539 φρούριον
1491 5467 1590 5530 τῆς
1652 5459 1876 5531 Ἀσίας,’
1921 5483 1988 5517 κα

2117 5459 2519 5539 docere,7cum
2571 5466 2816 5539 ταμιεῖον
2867 5459 3288 5539 interpretatur
3328 5467 3450 5539 ;7et
3479 5460 3674 5539 Graece
3706 5459 3768 5514 in

348 5536 465 5592 ἐκεῖ
495 5531 834 5606 ἐτελεύτησε.
869 5531 1046 5592 GoAR.
1534 5605 1537 5606 7
1716 5605 1719 5606 7

2115 5538 2403 5606 Pandectis
2433 5551 2540 5606 pro
2572 5531 2784 5590 horreo
2809 5605 2815 5606 7
2840 5532 3103 5606 ponitur.
3143 5531 3424 5604 Alioquin
3457 5537 3764 5604 putassem

418 5557 464 5592 ει
495 5553 834 5606 ετεΛεῡτησε.
869 5553 1046 5592 non.
2115 5553 2403 5592 ranaecns
2478 5553 2540 5590 ro
2576 5553 2784 5590 norreo
2840 5553 3084 5605 ponitur

418 5612 495 5683 (2)
528 5609 952 5667 Percursorem
985 5605 1315 5664 Macedonii
1356 5619 1477 5659 non
1513 5605 1875 5664 Ascholium.
1911 5607 2014 5664 sed
2118 5603 2284 5680 ᾤδεῖα
2317 5553 2717 5679 scribendum,
2750 5605 2915 5662 odea.
2947 5605 3086 5663 XYL.
