4170 6204
309 347 447 416 689.-

1376 344 1934 411 HISTORIARUM
1975 337 2509 402 GOMPENDIUM.

3606 339 3727 414 6.9.0.

317 475 419 550 λᾶς
477 475 668 541 πόλεις
725 479 814 534 καὶ
873 477 1150 555 Κύριλλον
1207 479 1300 534 τὸν
1369 479 1668 554 στρατηγὸν
1725 477 1961 554 Θρᾴκης,

2078 473 2336 529 Thracia:
2393 472 2736 544 przefectum
2790 471 2968 544 cepit,
3008 488 3076 530 ac
3130 471 3450 546 prmdando
3517 472 3726 544 Cpolin

315 566 408 621 καὶ
439 565 578 635 ἦλθε
620 564 930 642 πραιδεύων
978 565 1082 632 ἕως
1134 568 1452 638 Βυζαντίου.
1507 568 1857 628 Ἀναστάσιος
1913 563 1970 619 δὲ

317 653 595 732 ἀπογνοὺς
622 655 828 730 πέμπει
867 658 1004 732 πρὸς
1036 657 1278 733 εἰρήνην,
1322 657 1538 731 ὀμνύων
1579 655 1669 710 σὺν
1721 659 1790 729 τῇ
1839 677 1972 731 συγ-

313 742 509 817 κλήτῳ
567 744 696 809 τοὺς
754 743 1120 821 ἐξορισθέντας
1175 745 1562 802 ἀνακαλεῖσθαι
1619 745 1712 800 καὶ
1793 749 1970 800 Μακε-

324 829 500 888 δόνιον
532 833 623 888 καὶ
657 829 970 889 Φλαϐιανὸν
1001 829 1300 890 ἀπολαϐεῖν
1330 835 1459 897 τοὺς
1495 833 1665 896 ἰδίους
1721 833 1970 908 θρόνους,

314 921 410 976 καὶ
467 919 687 976 σύνοδον
742 922 983 997 γενέσθαι
1041 921 1093 977 ἐν
1147 921 1465 997 Ἡρακλείᾳ,
1524 919 1827 997 ἐρχομένου
1879 918 1972 973 καὶ

317 1015 418 1065 τοῦ
448 1011 694 1084 Ῥώμης.
744 1005 1166 1068 Βεϐαιωσάντων
1219 1008 1276 1066 δὲ
1331 1011 1546 1066 πάντων
1601 1013 1768 1065 ταῦτα
1821 1007 1966 1082 γενέ-

317 1102 462 1170 σθαι,
497 1100 525 1154 6
563 1097 885 1161 Βιταλιανὸς
915 1099 1158 1165 ἀπῆλθεν
1194 1100 1268 1162 εἰς
1301 1101 1368 1156 τά
1397 1097 1510 1155 ἴδια
1558 1095 1856 1176 γενομένης
1890 1097 1968 1150 εἰ-

325 1190 521 1264 ρήνης.
557 1188 862 1254 Ἐλθόντων
925 1187 981 1244 δὲ
1031 1189 1339 1245 ἐπισκόπων
1388 1190 1439 1244 ἐν
1492 1185 1788 1264 Ἡρακλείᾳ
1845 1187 1973 1240 ὡσεὶ

321 1275 614 1333 διακοσίων
672 1276 733 1334 ἐκ
790 1275 1066 1354 διαφόρων
1120 1275 1326 1348 τόπων,
1372 1280 1400 1334 6
1459 1273 1659 1347 ἀσεϐής
1722 1274 1975 1353 βασιλεὺς

321 1362 574 1443 παραϐὰς
621 1367 716 1429 τάς
766 1369 1036 1438 συνθήκας
1097 1368 1232 1441 μετά
1285 1369 1373 1423 καὶ
1426 1367 1699 1440 Τιμοθέου
1752 1365 1973 1421 ἐπισκόο

317 1479 427 1514 που
487 1455 1116 1520 Κωνσταντινουπόλεως
1189 1457 1416 1520 τούτους
1504 1457 1798 1526 ἐνέπαιξαν,
1883 1454 1973 1509 καὶ

319 1545 674 1622 ἀνεχώρησαν
710 1544 997 1622 ἄπρακτοι.

406 1637 469 1692 Ρ.
505 1637 630 1708 361]
685 1639 778 1708 Τῷ
831 1633 908 1690 κδ’
968 1631 1072 1690 ἔτει
1132 1635 1160 1690 6
1227 1633 1550 1696 Βιταλιανὸς
1608 1633 1976 1707 ἀγανακτήσας

305 1723 448 1781 κατά
506 1725 866 1780 Ἀναστασίου
930 1721 1018 1780 διὰ
1073 1725 1174 1794 τήν
1238 1723 1516 1798 ἐπιορκίαν
1592 1720 1780 1777 πολλὰ
1835 1721 1976 1776 κακά

309 1819 431 1876 τοῖς
467 1811 854 1886 στρατοπέδοις
894 1813 1242 1871 Ἀναστασίου
1299 1814 1389 1868 καὶ
1449 1814 1518 1885 τῇ
1573 1809 1747 1885 λοιπῇ
1806 1808 1966 1866 πολι·
2003 1835 2050 1902 Β

309 1901 430 1974 τείᾳ
502 1899 864 1974 ἐπεδείκνυτο,
953 1904 1204 1978 ἁρπάζων
1295 1903 1385 1958 καὶ
1472 1898 1818 1980 ῃφοπλίζων,
1871 1897 1960 1953 καὶ

306 1989 472 2055 τέλος
503 1991 640 2066 πρὸς
669 1987 826 2066 ὕϐριν
873 1987 1096 2047 ἕκαστον
1149 1991 1486 2068 στρατιώτης
1536 1995 1662 2065 μιᾶς
1712 1986 1965 2070 φόλλεως

311 2079 658 2156 πιπράσκων.

384 2171 482 2243 Τῷ
521 2177 595 2225 κε’
624 2164 730 2226 ἔτει
761 2170 1024 2228 Οὗννοιοὶ
1057 2167 1348 2248 λεγόμενοι
1374 2164 1701 2245 Σαϐἢρ,τὰς
1725 2166 1966 2231 Κασπίας

308 2261 492 2327 πύλας
543 2260 890 2338 περάσαντες,
946 2266 1046 2334 τήν
1106 2263 1395 2340 Ἀρμενίαν
1456 2260 1769 2339 ἐξέδραμον,
1821 2264 1970 2320 Καπ-

307 2350 576 2408 παδοκίαν
607 2373 665 2408 τε
693 2353 783 2408 καὶ
818 2352 1082 2409 Γαλατίαν
1109 2354 1201 2408 καὶ
1255 2352 1456 2408 Πόντον
1508 2350 1859 2426 ληϊζόμενοι,
1891 2351 1966 2411 ὡς

307 2442 401 2496 καὶ
461 2442 532 2496 τὰ
585 2441 833 2517 Εὐχάϊτα
895 2446 1094 2517 μικροῦ
1162 2443 1630 2517 παραστήσασθαι⁸
1689 2440 1810 2495 ὅθεν
1875 2439 1966 2494 καὶ

316 2528 499 2606 φυγὼν
555 2529 584 2583 6
641 2529 788 2604 ἱερὸς
849 2525 1186 2591 Μακεδόνιος
1259 2525 1453 2602 σχεδὸν
1513 2523 1837 2582 κινδυνεύων
1891 2525 1969 2588 εἷς

315 2616 559 2693 Γάγγραν
616 2614 869 2687 διεσώθη.
947 2619 1119 2694 Ὅπερ
1208 2617 1392 2690 μαθὼν
1459 2616 1812 2677 Ἀναστάσιος
1875 2635 1967 2669 πι-

312 2710 462 2782 κρῶς
530 2708 693 2762 αὐτὸν
749 2706 858 2762 ἐκεῖ
907 2707 1227 2782 προσέταξεν
1283 2705 1665 2784 φυλάττεσθαι,
1722 2706 1966 2780 πέμψας,

315 2796 393 2856 ὥς
447 2817 628 2873 φασιν,
691 2795 780 2850 καὶ
839 2796 928 2850 τὸν
985 2796 1344 2870 ἀναιρήσοντα
1408 2793 1588 2850 αὐτόν*
1648 2792 1966 2853 Τελειωθεῖς

313 2881 374 2939 δὲ
405 2882 456 2939 ἐν
487 2885 756 2960 Γάγγραις
787 2882 1046 2954 κατετέθη
1090 2883 1144 2938 ἐν
1186 2888 1266 2956 τῷ
1310 2887 1424 2955 ναῷ
1469 2886 1565 2938 τοῦ
1613 2882 1775 2962 ἁγίου
1831 2882 1966 2956 μάρ-

313 2993 482 3046 τυρος
513 2971 870 3042 Καλλινίκου,
902 2971 1116 3035 πολλάς
1168 2973 1334 3037 ἰάσεις
1379 2971 1664 3028 ἐπιτελῶν.
1715 2968 1965 3026 Μέλλον-

310 3082 408 3123 τος
435 3059 490 3117 δὶ
521 3061 690 3117 αὐτοῦ
737 3060 789 3117 ἐν
817 3066 895 3134 τῷ
949 3061 1102 3138 τάφῳ
1139 3062 1396 3131 τίθεσθαι,
1451 3059 1583 3134 ἃρας
1638 3061 1736 3128 τήν
1791 3057 1962 3130 δεξιάν

317 3156 484 3226 χεῖρα
521 3151 978 3228 κατισφραγίσατο
1034 3155 1140 3224 τῷξ
1171 3155 1403 3226 σταυρῷ,
1461 3151 1553 3205 καὶ
1612 3149 1782 3212 οὕτως
1837 3169 1965 3204 κατ-

317 3241 498 3309 ετέτη.
542 3241 641 3296 Καὶ
675 3237 944 3316 Θεοδώρῳ
979 3237 1037 3295 δέ
1081 3261 1188 3295 τινι
1241 3245 1348 3295 τῶν
1405 3240 1664 3295 συνόντων
1722 3239 1870 3293 εἶπεν
1909 3236 1960 3292 ἕν

320 3327 580 3403 ὁράματι·
640 3324 936 3400 Ἐκλαϐοὗ,
1019 3329 1110 3384 καὶ
1196 3327 1417 3398 ἄπελθε,
1477 3328 1568 3384 καὶ
1627 3326 1965 3402 ἐπανάγνωθι

315 3417 658 3491 ’Δνασ-τασίῳ
691 3417 887 3492 λέγων·
945 3419 1088 3496 Ἐγὼ
1148 3420 1240 3492 μὲν
1298 3417 1612 3494 ἀπέρχομαι
1657 3418 1794 3493 πρὸς
1837 3414 1964 3477 τοὺς

316 3508 551 3583 πατέρας
580 3529 708 3583 μου,
740 3509 814 3562 ὧν
841 3511 942 3579 τὴν
991 3509 1169 3564 πίστιν
1219 3511 1518 3586 τετήρηκα,
1572 3507 1633 3562 οὐ
1683 3527 1962 3580 παυσομαι

318 3595 378 3674 δὲ
411 3598 600 3673 ὀχλῶν
631 3599 722 3654 τὸν
753 3599 1028 3669 Δεσπότην
1065 3620 1188 3672 μου,
1225 3595 1387 3674 ἄχρις
1434 3595 1496 3652 οὗ
1554 3594 1719 3672 ἔλθῃς
1770 3595 1859 3652 καὶ
1892 3593 1967 3656 εἷς

318 3686 475 3759 δίκην
505 3687 852 3762 εἰσέλθωμεν.
885 3688 1073 3761 Τούτῳ
1103 3693 1182 3762 τῷ
1227 3685 1330 3743 ἔτει
1383 3684 1754 3762 Ἀλεξανδρεῖς
1808 3686 1968 3742 πλεῖ-

323 3799 464 3848 στοι,
497 3776 682 3854 ἄνδρες
711 3780 802 3836 καὶ
853 3785 1104 3854 γυναῖκες
1157 3778 1247 3834 καὶ
1305 3775 1516 3846 παιδία,
1577 3775 1764 3839 δεινῶς
1819 3777 1969 3848 πλη-

321 3865 504 3943 γέντες
533 3867 638 3923 ὑπὸ
670 3865 943 3941 δαιμόνων
986 3865 1197 3943 ἀθρόως
1257 3865 1542 3922 ὑλάκτουν.
1598 3867 1730 3929 Καθ’
1768 3866 1968 3928 ὕπνους

325 3951 382 4010 δέ
410 3976 495 4018 τις
525 3953 635 4011 εἶδέ
663 3977 784 4010 τινα
841 3950 1070 4034 φοϐερὸν
1118 3954 1354 4030 λέγοντα
1391 3956 1476 4010 ’ὁτι
1520 3953 1608 4010 διὰ
1652 3955 1777 4015 τοὺς
1832 3953 1968 4009 ἀνα-

319 4043 694 4118 θεματισμοὺς
723 4050 824 4114 τῆς
884 4041 1112 4098 συνόδου
1167 4045 1370 4114 ταύτης
1427 4043 1726 4119 πάσχουσι.
1777 4046 1874 4115 Τῷ
1923 4039 1970 4098 δ’

317 4132 472 4204 αύτῳ
521 4128 626 4188 ἴτει
687 4129 959 4208 Ἀριάλνη
1018 4135 1053 4202 ὴ
1115 4131 1333 4204 βασιλὶς
1387 4131 1751 4204 ἐτελεύτησεν.
1813 4133 1969 4190 Ἐπί-

318 4242 521 4278 σκοπον
563 4219 620 4276 δέ
674 4243 792 4277 τινα
847 4223 939 4278 τὸν
997 4217 1281 4280 Οἶνιάνδον
1338 4219 1638 4298 λεγόμενον
1677 4220 1909 4282 ἀκούσας
1942 4222 1970 4277 6

323 4312 520 4388 μιαρὸς
549 4312 904 4373 ’Δναστάσιος
960 4311 1035 4374 ὡς
1093 4311 1306 4386 εὐφυῶς
1354 4308 1665 4387 διαλέγεται
1703 4310 1795 4367 καὶ
1837 4313 1969 4368 πάνυ

319 4421 416 4462 τας
497 4398 836 4474 ἐπιστομίζει
891 4399 1019 4461 τοὺς
1071 4405 1152 4473 τῷ
1223 4399 1452 4476 δόγματι
1512 4400 1674 4456 αὐτοῦ
1731 4421 1972 4477 προσαν-

325 4488 574 4566 έχοντας,
605 4489 1119 4565 προσκαλεσάμενος
1150 4483 1275 4566 ἔφη’
1308 4494 1466 4545 Γενοῦ
1507 4497 1608 4560 τῆς
1653 4489 1794 4564 ἐμῆς
1846 4492 1972 4566 μοί-

327 4599 446 4652 ρας,
515 4579 950 4652 θαυμασιώτατε,
1010 4581 1099 4635 καὶ
1167 4585 1269 4634 πᾶν
1331 4579 1462 4653 ὅπερ
1545 4580 1790 4652 αἰτήσεις
1845 4566 2049 4656 παρ’Ῑ)

321 4669 481 4741 ἡμῶν
515 4667 670 4744 λήψῃ
693 4668 946 4748 τάχιστα.
971 4671 1035 4728 Ὀ
1068 4666 1123 4726 δὲ
1145 4671 1281 4746 πρὸς
1311 4669 1497 4726 αὐτόν·
1532 4670 1608 4726 Σὺ
1635 4673 1853 4744 μᾶλλον
1875 4679 1975 4742 τῆς

323 4755 618 4832 ὀρθοδόξου
655 4757 850 4833 μοίρας
884 4763 1065 4836 γενοῦ,
1096 4761 1184 4815 καὶ
1219 4762 1293 4834 μή
1326 4763 1393 4832 τῇ
1428 4756 1554 4831 δόξῃ
1611 4765 1718 4816 τῶν
1769 4757 1972 4817 ἀσεϐῶν

325 4841 578 4920 Σεϐήρου
608 4847 699 4902 καὶ
733 4847 1010 4924 Εὐτυχοῦς
1037 4849 1127 4904 καὶ
1169 4848 1466 4922 Διοσκόρου
1515 4847 1778 4923 ἑπόμενος
1823 4851 1972 4923 κλη-

323 4931 645 5011 ρονομήσῃς
672 4936 736 4992 τὸ
766 4941 873 5013 πῦρ
902 4939 964 4993 τὸ
994 4937 1124 4992 αἰών
1139 4959 1234 4996 ιον.
1269 4937 1371 4994 Καὶ
1401 4942 1566 4994 ταῦτα
1595 4938 1761 4994 εἰπὼν
1815 4939 1972 5014 ἐδρά-

323 5024 446 5096 ξατο
467 5032 568 5095 τῆς
594 5023 886 5100 χλαμύδος
905 5031 1002 5082 τοῦ
1022 5023 1314 5102 βασιλέως,
1339 5026 1538 5102 λέγων’
1565 5029 1742 5085 Τοῦτο
1767 5029 1829 5084 τὸ
1846 5029 1973 5103 ἰμά-

317 5134 434 5170 τιον
469 5111 730 5188 οὐδαμῶς
758 5115 832 5178 είς
865 5115 998 5188 ᾃδου
1031 5112 1494 5191 συγκαταϐήσεταί
1549 5138 1656 5186 σοι,
1713 5117 1966 5188 Βασιλεῦ,

319 5201 466 5258 ἀλλά
499 5204 634 5277 μόνη
669 5207 702 5274 ἡ
737 5199 1012 5260 θεοσέϐεια
1039 5205 1130 5260 καὶ
1159 5205 1363 5280 ἀρετῶν
1395 5212 1607 5275 κτῆσις.
1659 5208 1822 5285 ’Ἄφες
1867 5210 1965 5278 τήν

316 5291 676 5366 Ἐκκλησίαν,
708 5294 774 5363 ἤν
805 5294 832 5348 ὁ
857 5295 1092 5365 Χριστὸς
1123 5290 1208 5348 διὰ
1237 5299 1338 5349 τοῦ
1370 5292 1517 5349 ἰδίου
1565 5295 1796 5367 αἳματος
1843 5295 1965 5367 ἐξη-

316 5382 567 5456 γόρασεν.
612 5383 860 5456 Ἀμαθὴς
921 5383 1098 5438 εἶκαὶ
1156 5381 1573 5456 ἀσυλλόγιστος.
1634 5381 1800 5441 Οὐδὲν
1858 5390 1964 5440 τῶν

313 5473 416 5539 τῆς
447 5469 776 5543 Ἐκκλησίας
809 5471 1099 5550 δογμάτων
1132 5467 1370 5548 ἀκριϐῶς
1413 5471 1715 5544 ἐπίστασαι,
1770 5473 1898 5530 ἀλλ’
1927 5477 1961 5546 ἤ

320 5557 558 5624 πλάναις
587 5562 676 5617 καὶ
711 5562 1104 5638 βωμολοχίαις
1135 5562 1490 5637 μορμολύττῃ
1522 5563 1648 5625 τοὺς
1701 5561 1962 5642 ἄφρονας.

321 5649 546 5728 ’Δρκοῦ,
581 5649 838 5728 βασιλεὺς
869 5649 964 5730 ὢν,
1002 5652 1077 5717 εἷς
1135 5653 1198 5708 τὸ
1254 5651 1364 5717 σὸν,
1395 5651 1630 5728 ἀξίωμα,
1687 5653 1777 5710 καὶ
1833 5654 1964 5726 τοὺς⁴

2077 565 2265 634 usque
2284 561 2591 634 processit.
2615 563 2759 616 Tum
2780 562 3139 631 Anastasius,
3163 562 3339 618 rebus
3368 562 3491 618 suis
3521 561 3728 633 deplo-

2079 653 2244 717 ratis,
2277 667 2480 722 pacem
2531 667 2637 722 per
2683 651 2905 723 legatos
2954 652 3121 722 petit,
3165 652 3378 722 jurans
3425 667 3545 707 una
3590 668 3726 707 cum

2079 746 2289 797 senatu
2340 756 2402 795 se
2459 741 2752 813 relegatos
2791 747 3224 810 revocaturum,
3270 740 3610 806 Macedonio
3660 758 3730 797 ac

2078 829 2354 885 Flaviano
2386 845 2524 884 suos
2555 830 2928 902 episcopatus
2960 830 3356 896 redditurum,
3406 829 3729 886 concilium

2081 919 2376 975 Heracleae
2409 924 2680 975 acturum
2722 926 2959 976 evocato
3007 921 3185 977 etiam
3235 937 3389 993 papa
3442 922 3728 976 Romano.

2080 1014 2222 1066 Cum
2254 1011 2313 1065 in
2345 1011 2451 1066 has
2475 1009 2846 1066 conditiones
2877 1014 3036 1065 esset
3065 1009 3135 1065 ab
3168 1010 3446 1067 omnibus
3479 1026 3732 1065 consen-

2082 1116 2236 1164 sum,
2258 1099 2763 1170 Vitalianus,pace
2781 1098 2955 1167 facta,
2977 1097 3220 1154 domum
3244 1098 3440 1154 rediit.
3462 1099 3574 1154 Sed
3594 1113 3730 1154 cum

2080 1189 2317 1244 circiter
2332 1193 2435 1243 200
2457 1189 2716 1261 episcopi
2741 1205 2810 1243 ex
2833 1188 3079 1244 diversis
3101 1189 3367 1260 partibus
3387 1188 3728 1244 Heracleam

2081 1277 2519 1346 convenissent,
2570 1277 2892 1349 imperator
2940 1277 3180 1348 impius,
3232 1277 3464 1332 violatis
3517 1276 3727 1348 pactis,

2081 1366 2355 1438 adjutore
2386 1367 2691 1422 Timotheo
2723 1366 3036 1438 Cpolitano
3070 1366 3370 1438 episcopo,
3401 1366 3476 1420 iis
3505 1365 3728 1430 illusit;

2081 1462 2257 1528 atque
2289 1455 2352 1525 ii,
2385 1472 2448 1510 re
2480 1456 2648 1512 nulla
2676 1455 2966 1523 confecta,
3019 1455 3444 1511 discesserunt.

2155 1639 2322 1690 Anno
2353 1638 2420 1690 24
2450 1636 2775 1692 Vitalianus
2802 1635 3113 1692 Anastasio
3146 1635 3219 1690 ob
3249 1633 3579 1708 perjurium
3609 1632 3732 1690 ira-

2081 1728 2178 1779 tus
2209 1724 2500 1780 exercitus
2533 1725 2662 1797 ejus
2693 1730 2752 1780 et
2781 1742 2907 1780 rem
2939 1725 3240 1796 publicam
3263 1725 3470 1783 multis
3497 1723 3730 1780 damnis

2081 1814 2310 1870 affecit:
2342 1831 2478 1870 nam
2508 1821 2566 1868 et
2595 1813 2972 1886 praedabatur
3001 1819 3060 1870 et
3087 1815 3309 1870 milites
3330 1819 3532 1886 captos
3573 1813 3730 1876 838

2079 1903 2438 1974 exarmabat,
2470 1902 2830 1975 tandemque
2863 1903 3238 1961 contumelia:
3270 1919 3448 1962 causa
3478 1901 3727 1976 singulis

2078 1993 2270 2050 obolis
2301 2011 2402 2050 eos
2433 1993 2808 2054 divendebat.
3592 1981 3600 1987 ’

2145 2178 2320 2229 Anno
2359 2176 2425 2228 25
2459 2173 2678 2244 Hunni,
2711 2173 2811 2245 qui
2845 2175 3222 2247 appellantur
3251 2174 3476 2246 Saberi,
3525 2173 3728 2250 Caspis

2076 2263 2264 2334 portis
2277 2263 2495 2334 egressi
2517 2265 2881 2334 Armeniam,
2897 2264 3348 2337 Cappadociam,
3366 2265 3653 2322 Galatiam
3673 2269 3730 2320 et

2077 2353 2331 2407 Pontum
2363 2353 2812 2410 incursionibus
2831 2360 3118 2409 vexarunt
3141 2371 3154 2420 ;
3188 2372 3518 2426 parumque
3536 2355 3732 2412 abfuit

2078 2440 2221 2510 quin
2253 2441 2536 2496 Eucbaita
2566 2442 2745 2495 etiam
2778 2441 2840 2496 in
2871 2458 3038 2496 suam
3083 2447 3435 2514 potestatem
3485 2443 3725 2512 redige-

2077 2533 2229 2582 rent.
2264 2529 2638 2585 Macedonius
2669 2529 2909 2600 quidem
2941 2530 3069 2601 jam
3100 2529 3362 2600 periculo
3415 2531 3720 2602 proximus

2077 2617 2216 2673 inde
2247 2618 2503 2690 profugit
2534 2623 2592 2673 et
2619 2619 2906 2685 Gangram
2938 2619 3223 2690 pervenit.
3256 2619 3602 2675 Anastasius
3648 2620 3722 2675 de

2078 2707 2189 2763 hoc
2219 2708 2436 2763 certior
2465 2708 2654 2763 factus
2677 2707 2861 2780 jussit
2889 2724 3024 2764 eum
3055 2708 3240 2780 rigide
3289 2708 3372 2763 ibi
3411 2707 3724 2779 custodiri,

2077 2796 2260 2851 misso
2294 2796 2472 2852 etiam
2503 2796 2609 2870 (ita
2637 2796 2823 2870 aiunt)
2855 2812 3226 2869 percussore.
3259 2798 3372 2854 Sed
3423 2798 3724 2864 Marcedo-

2077 2886 2212 2941 nius
2243 2887 2486 2959 Gangrte
2531 2892 2800 2942 mortuus
2849 2887 2911 2942 in
2959 2887 3083 2942 inde
3133 2887 3412 2958 martyris
3458 2885 3727 2943 Callinici

2077 2976 2357 3031 humatus
2384 2981 2493 3046 est,
2525 2975 2864 3047 multosque
2895 2993 2931 3032 a
2959 2981 3148 3036 morte
3180 2993 3286 3032 sua
3314 2975 3537 3032 morbis
3567 2976 3726 3032 libe-

2076 3064 2240 3118 ravit.
2305 3065 2450 3120 Cum
2503 3065 2632 3136 jam
2690 3069 2848 3120 esset
2901 3064 2964 3120 in
3023 3065 3294 3136 sepulcro
3352 3064 3722 3134 condendas,

1994 3196 2037 3264 Ο
2077 3158 2396 3225 antequam
2428 3153 2488 3208 id
2528 3153 2716 3221 ﬁeret,
2768 3153 3003 3210 sublata
3043 3154 3251 3210 dextra
3299 3171 3484 3218 manu
3529 3155 3720 3211 crucis

2079 3242 2237 3264 _2___
2277 3241 2609 3264 _-_--I-_-__._
2653 3241 2974 3264 -L__'____-:1
3029 3242 3185 3264 '1-.._
3243 3242 3539 3264 ML--.I___
3600 3243 3683 3264 --__'

2076 3242 2242 3315 signo
2275 3241 2614 3314 sepulcrum
2647 3241 2997 3315 obsignavit.
3029 3242 3190 3298 Idem
3243 3242 3545 3298 Theodoro
3593 3243 3724 3298 cui-

2069 3330 2208 3387 dam
2229 3347 2469 3386 suorum
2493 3330 2850 3386 familiarum
2873 3347 2979 3403 per
2994 3331 3283 3387 visionem
3308 3331 3482 3387 dixit:
3506 3332 3721 3404 Excipe

2069 3419 2217 3488 haec,
2239 3425 2296 3475 et
2311 3419 2429 3488 abi,
2443 3425 2619 3490 atque
2635 3419 2944 3476 Anastasio
2964 3421 3170 3486 recita,
3185 3419 3389 3476 dicens
3411 3436 3424 3474 :
3451 3421 3567 3491 Ego
3581 3421 3681 3493 qui
3695 3451 3717 3464 -

2070 3509 2207 3565 dem
2235 3508 2616 3565 Macedonius
2647 3509 2793 3566 abeo
2826 3508 2898 3564 ad
2929 3515 3128 3582 patres
3161 3526 3347 3579 meos,
3380 3509 3441 3564 in
3466 3526 3724 3582 quorum

2075 3597 2190 3653 ﬁde
2223 3598 2488 3669 perstiti:
2525 3598 2761 3654 interim
2794 3604 2996 3654 tamen
3028 3616 3264 3671 semper
3287 3598 3601 3656 Dominum
3632 3600 3721 3655 in-

2073 3686 2424 3758 terpellabo,
2457 3687 2597 3742 dum
2631 3691 2692 3741 tu
2722 3704 2959 3759 quoque
2989 3689 3190 3743 venias
3221 3692 3281 3743 et
3309 3705 3490 3744 causa
3519 3695 3724 3746 nostra

2075 3773 2458 3848 disceptetur.
2489 3774 2710 3831 Eodem
2741 3792 2898 3830 anno
2931 3775 3297 3834 Alexandriae
3319 3777 3425 3830 viri
3457 3777 3720 3848 plurimi,

2074 3863 2338 3936 itemque
2363 3865 2642 3920 mulieres
2674 3869 2733 3919 et
2760 3865 2950 3936 pueri,
2979 3865 3231 3937 graviter
3259 3881 3294 3920 a
3351 3863 3722 3922 daemonibus

2074 3952 2365 4008 verberati
2396 3952 2631 4008 assidue
2663 3951 2976 4008 latrabant.
3005 3955 3071 4009 In
3103 3952 3329 4008 somnis
3359 3957 3557 4020 autem
3597 3953 3725 4014 cui-

2077 4045 2213 4100 dam
2245 4042 2530 4098 terribilis
2552 4041 2794 4113 quidam
2817 4043 3110 4114 apparuit,
3132 4041 3337 4097 dicens
3355 4041 3580 4097 civibus
3598 4041 3724 4106 haec

2077 4135 2150 4190 ob
2183 4133 2597 4190 damnationes
2618 4133 2680 4187 in
2707 4131 2959 4188 concilio
2981 4131 3168 4190 editas
3191 4130 3481 4187 accidere.
3505 4119 3725 4188 Eodem

2077 4239 2234 4280 anno
2265 4222 2522 4278 decessit
2551 4221 2813 4278 Ariadna
2862 4227 3139 4294 Augusta.
3189 4211 3464 4292 Impuru‘s
3521 4221 3726 4290 autem

2074 4311 2416 4368 Anastasius
2429 4310 2768 4384 episcopum
2781 4308 3462 4384 quemdameniandum
3474 4311 3724 4367 audiens

2077 4403 2366 4460 disertum
2397 4403 2716 4462 admodum
2749 4420 2900 4472 esse,
2935 4405 2994 4457 et
3022 4401 3121 4473 qui
3145 4417 3248 4457 ora
3269 4400 3424 4458 084
3445 4401 3724 4464 omnibus

2079 4497 2391 4552 sententiae
2409 4495 2479 4552 de
2494 4512 2668 4567 passo
2688 4496 2804 4550 Deo
2822 4493 3221 4550 assertoribus
3243 4493 3567 4558 obturaret.
3587 4507 3724 4552 eum

2081 4585 2154 4641 ad
2186 4604 2247 4642 se
2280 4593 2546 4642 vocatum
2580 4586 2848 4642 hortatus
2880 4591 2970 4642 est
2999 4591 3065 4642 ut
3093 4585 3166 4641 ad
3199 4601 3367 4641 suam
3406 4588 3727 4650 factionem

2087 4675 2463 4740 descisceret.
2497 4676 2790 4748 pollicens
2811 4675 2944 4732 eum
2971 4674 3260 4748 quidquid
3282 4679 3553 4747 petiisset
3572 4679 3728 4735 illico

2083 4769 2484 4836 accepturum.
2519 4764 2622 4819 Cui
2655 4764 3007 4836 episcopus:
3041 4765 3146 4831 Tu,
3180 4762 3392 4836 inquit,
3426 4767 3622 4836 potius
3654 4767 3729 4823 ad

2083 4853 2442 4908 orthodoxos
2474 4853 2681 4922 transi,
2723 4871 2820 4920 ne,
2846 4853 2986 4908 dum
3044 4851 3357 4923 opiniones
3407 4853 3727 4926 impiorum

2080 4941 2390 4997 hominum
2415 4942 2631 5008 Severi,
2653 4941 2935 5014 Eutychis
2957 4945 3013 4996 et
3037 4939 3299 4994 Dioscori
3322 4940 3723 5011 amplecteris,

2080 5037 2300 5086 mterno
2331 5030 2450 5101 igni
2481 5031 2803 5100 addicaris;
2827 5029 3124 5099 simulque
3142 5028 3595 5100 apprehendens
3619 5032 3724 5088 im-

2078 5123 2369 5193 peratoris
2399 5121 2773 5193 chlamydem
2801 5138 2813 5175 :
2843 5121 2997 5188 Haec,
3021 5119 3122 5185 ait,
3146 5119 3322 5174 vestis
3345 5135 3722 5196 nequaquam

2076 5215 2135 5266 te
2165 5216 2299 5282 post
2329 5216 2582 5266 mortem
2609 5215 2910 5281 sequetur,
2953 5225 2986 5263 ο
3034 5208 3392 5279 imperator:
3445 5211 3549 5265 sed
3575 5199 3723 5276 sola

2078 5299 2458 5355 comitabitur
2485 5305 2540 5354 te
2572 5299 2759 5370 pietas
2789 5314 2856 5352 ac
2887 5297 3167 5351 virtutum
3199 5295 3460 5353 habitus.
3486 5295 3720 5359 Missam

2075 5388 2165 5444 fac
2194 5388 2539 5454 Ecclesiam,
2586 5404 2763 5459 quam
2822 5385 3088 5442 Christus
3137 5401 3241 5440 suo
3285 5386 3539 5446 redemit
3587 5409 3724 5449 san-

2074 5479 2273 5550 guine.
2306 5477 2584 5534 Indoctus
2624 5494 2686 5532 es
2717 5481 2776 5532 et
2803 5473 3196 5532 ratiocinandi
3230 5476 3490 5549 ignarus,
3525 5497 3718 5558 neque

2073 5566 2263 5624 ullum
2296 5565 2571 5622 Ecclesim
2601 5567 2904 5624 decretum
2936 5563 3194 5638 perfecte
3233 5565 3556 5642 intelligis:
3589 5559 3718 5628 tan-

2073 5659 2199 5722 tum
2256 5653 2603 5732 imposturis
2660 5659 2720 5712 et
2765 5651 3116 5722 scurrilibus
3163 5653 3481 5725 calumniis
3525 5657 3719 5719 fatuos
