4170 6204
409 379 526 442 691
1771 370 2060 432 GEORGI

2183 368 2476 432 EDRENI
3703 369 3830 430 692

416 518 621 568 terres.
655 509 804 565 Satis
836 507 940 563 tibi
971 507 1047 562 sit
1071 505 1395 577 dignitatis,
1424 503 1582 575 quod
1606 505 1930 574 imperator
1955 520 2047 558 es:

2179 505 2268 556 τῶν
2307 499 2612 572 ἐκκλησιῶν
2673 501 2983 575 προστάτας
3040 500 3114 572 μὴ
3172 498 3392 568 κόλαζε.
3425 499 3482 554 Ὀ
3540 497 3598 554 δὲ
3649 519 3829 572 κατῃ-

416 601 711 656 antistites
743 597 1018 652 Ecclesia;
1050 611 1260 649 vexare
1293 593 1439 650 noli.
1477 592 1561 648 Ad
1594 594 1719 647 haec
1743 593 2068 664 imperator

415 689 639 760 pudore
657 688 913 741 suffusus
935 684 1251 738 obmutuit.
1274 683 1694 754 Pauperrimus
1717 688 1913 737 autem
1932 699 2066 737 cum

417 781 574 831 esset
601 775 700 829 ille
729 775 1064 845 episcopus,
1099 789 1174 827 ne
1213 771 1457 828 obolum
1489 771 1732 842 quidem
1764 771 1835 826 ab
1876 772 2067 843 impe-

413 868 611 919 ratore
638 863 824 917 voluit
851 862 1120 933 accipere
1147 878 1160 916 :
1195 861 1342 917 adeo
1373 859 1526 916 liber
1555 865 1682 915 erat
1712 865 1770 914 et
1803 860 1987 916 solius
2006 860 2067 914 in

413 951 600 1006 Deum
632 951 768 1007 fidei
801 967 868 1006 ac
899 949 1137 1022 pietatis
1167 950 1462 1006 rationem
1496 949 1742 1005 habens.

489 1044 758 1096 Castrum
788 1045 876 1095 est
907 1041 967 1094 in
1001 1042 1316 1094 Persarum
1347 1045 1523 1110 atque
1555 1039 1835 1094 Indorum
1878 1039 2067 1094 conﬁ-

413 1129 536 1198 nio,
569 1131 811 1185 nomine
841 1128 1158 1197 Tzudader,
1191 1129 1254 1182 in
1301 1145 1417 1200 quo
1472 1129 1727 1183 multum
1776 1128 2067 1200 pecunias,

413 1219 869 1291 margaritarum
901 1225 959 1273 et
987 1218 1254 1290 lapidum
1300 1219 1696 1290 pretiosorum
1739 1219 2066 1290 repositum

413 1307 829 1364 admmonibus
851 1306 1567 1374 asservabatur.Cabades,
1588 1324 1658 1362 ea
1677 1324 1740 1362 re
1768 1311 2064 1378 percepta,

415 1402 674 1452 castrum
705 1412 993 1466 occupare
1017 1403 1105 1451 est
1121 1396 1395 1464 annixus,
1420 1412 1679 1466 cumque
1710 1397 1762 1451 ei
1790 1412 1824 1450 a
1845 1396 2068 1451 daemo-

415 1485 592 1540 nibus
623 1485 1028 1553 obsisteretur,
1065 1485 1341 1540 omnibus
1374 1489 1432 1540 et
1475 1487 1772 1557 Magorum
1825 1489 1881 1540 et
1929 1501 2066 1540 mox

413 1575 750 1631 Judaaorum
783 1576 1022 1630 tentatis
1067 1575 1296 1630 artibus
1349 1575 1539 1646 impos
1594 1574 1882 1646 propositi
1937 1575 2064 1629 fuit.

417 1666 565 1737 Ergo
596 1681 730 1720 cum
761 1665 814 1720 ei
863 1681 1214 1736 persuasum
1265 1669 1422 1719 esset
1468 1651 1942 1719 Christianarum
1992 1662 2067 1718 ad

419 1761 604 1814 Deum
631 1757 904 1830 precibus
954 1774 1021 1813 eo
1089 1773 1150 1812 se
1195 1757 1374 1828 potiri
1429 1757 1578 1813 635
1637 1773 1828 1828 posse,
1879 1756 1990 1810 hoc
2033 1772 2068 1810 a

2175 591 2384 671 σχόνθη
2427 593 2515 648 καὶ
2567 587 2769 665 ἔμεινεν
2827 590 3058 671 ἄφωνος.
3115 591 3176 647 Ὀ
3236 586 3294 646 δέ
3357 611 3416 664 γε
3473 591 3642 669 σοφὸς
3703 588 3828 644 έπί-

2174 703 2379 744 σκοπος
2405 681 2723 744 πενέστατος
2756 677 2829 735 ὥν
2882 681 2982 756 οὐκ
3039 680 3278 751 ἠθέλησε
3325 681 3473 754 παρᾶ
3513 683 3611 734 τοῦ
3667 679 3832 755 βασι-

2173 770 2314 834 λέως
2344 767 2530 826 λαϐεῖν
2583 769 2689 835 ἕως
2746 765 2973 825 ὀϐολοῦ·
3034 770 3208 831 οὕτως
3264 769 3331 838 ἦν
3389 766 3677 843 ἐλεύθερος
3733 767 3829 822 καὶ

2177 861 2345 935 μόνης
2391 867 2490 930 τῆς
2548 861 2624 922 είς
2689 859 2820 915 Θεὸν
2878 860 3114 921 πίστεως
3171 857 3262 914 καὶ
3337 855 3607 921 εὐσεϐείας
3667 877 3829 935 περι-

2173 949 2527 1022 ποιούμενος.

2245 1044 2322 1115 [P.
2380 1043 2508 1115 362]
2559 1040 2768 1114 Μεταξὺ
2850 1037 3035 1096 Ἰνδῶν
3116 1039 3208 1094 καὶ
3291 1043 3511 1114 Περσῶν
3595 1037 3832 1114 κάστρον

2174 1129 2314 1185 ἐστὶν
2347 1129 2754 1203 ὀνομαζόμενον
2780 1125 3103 1203 Τζουδάδερ,
3136 1126 3190 1183 ἐν
3221 1128 3266 1200 ᾧ
3323 1125 3512 1183 πολλὰ
3561 1129 3830 1202 χρήματα

2171 1219 2262 1275 καὶ
2291 1225 2619 1295 μαργαρῖται
2645 1219 2736 1275 καὶ
2768 1217 2916 1283 λίθοι
2945 1218 3124 1291 τίμιοι
3171 1216 3517 1289 ἀποκείμενοι
3565 1218 3702 1288 ἦσαν
3733 1218 3829 1272 καὶ

2177 1309 2280 1363 ὑπὸ
2309 1306 2586 1381 δαιμόνων
2641 1307 3028 1388 ἐφυλάττοντο.
3087 1310 3265 1362 Τοῦτο
3325 1302 3579 1378 Καϐἇδης
3637 1307 3828 1379 μαθὼν

2174 1396 2354 1468 ἐζήτει
2398 1393 2612 1454 λαϐεῖν.
2672 1398 2776 1455 Καὶ
2839 1397 2943 1452 ὑπὸ
2999 1402 3108 1452 τῶν
3149 1394 3426 1470 δαιμόνων
3473 1395 3830 1470 κωλυόμενος

2170 1493 2309 1542 κινεῖ
2337 1489 2435 1558 τὴν
2489 1491 2597 1542 τῶν
2664 1487 2790 1562 παρ’
2843 1485 3008 1540 αὐτοῦ
3069 1484 3256 1559 μάγων
3327 1489 3501 1540 πᾶσαν
3558 1483 3830 1556 ἐπίνοιαν,

2172 1573 2354 1632 ἔπειτα
2383 1577 2473 1632 καὶ
2502 1581 2612 1632 τῶν
2659 1574 2963 1646 Ἰουδαίων,
3019 1577 3107 1630 καὶ
3149 1579 3252 1630 τοῦ
3312 1579 3524 1630 σκοποῦ
3575 1575 3831 1650 ἀποτυγ-

2170 1670 2347 1746 χάνει.
2392 1669 2635 1733 Πεισθεὶς
2665 1665 2723 1722 δὶ
2753 1664 2841 1722 διὰ
2865 1673 2968 1736 τῆς
2997 1665 3135 1741 πρὸς
3173 1665 3266 1720 τὸν
3316 1666 3444 1720 Θεὸν
3489 1665 3664 1741 εὐχῆς
3714 1669 3826 1720 τῶν

2170 1761 2508 1834 Χριστιανῶν
2558 1757 2756 1812 τούτου
2810 1760 3112 1830 κυριεῦσαι,
3163 1753 3456 1810 ἐπίσκοπόν
3511 1776 3630 1810 τινα
3688 1757 3828 1828 Χρι-

420 1846 676 1919 quodam
707 1846 982 1918 episcopo
1015 1845 1480 1900 Christianorum
1506 1845 1567 1899 in
1602 1845 1842 1900 Perside
1885 1861 2062 1916 agen-

2179 1848 2386 1904 στιανὸν
2415 1847 2521 1902 ἀπὸ
2550 1851 2658 1902 τῶν
2709 1845 2760 1900 ἐν
2809 1842 3029 1921 Περσίδι
3087 1843 3210 1919 περὶ
3264 1843 3464 1898 τούτου
3520 1843 3831 1918 παρεκάλε-

418 1935 566 1991 tium
593 1935 916 1991 contendit.
950 1937 1004 1990 Is
1036 1934 1244 2006 synaxi
1277 1940 1498 2002 coacta,
1531 1950 1664 1988 cum
1697 1933 1910 1988 divinis
1935 1949 2065 2004 my-

415 2026 610 2081 steriis
641 2025 1162 2091 communicasset,
1197 2024 1269 2079 ad
1299 2024 1492 2078 locum
1524 2022 1814 2078 accedens
1849 2022 2064 2077 daemo-

414 2131 520 2168 nas
550 2112 631 2168 ibi
653 2120 956 2168 morantes
979 2113 1189 2185 exegit,
1215 2118 1598 2183 castrumque
1631 2111 1876 2166 Cabadaa
1899 2111 2064 2166 nullo

415 2201 616 2258 labore
646 2203 1053 2274 occupandum
1089 2202 1350 2258 tradidit.
1384 2203 1507 2266 Quo
1550 2201 1836 2257 miraculo
1879 2201 2065 2257 Caba-

417 2290 521 2346 des
552 2290 840 2346 attonitus
871 2291 1130 2360 primum
1162 2291 1222 2344 in
1253 2305 1542 2344 concessu
1565 2289 1761 2344 locum
1788 2289 2064 2361 episcopo

415 2378 643 2448 tribuit,
675 2396 852 2450 quem
883 2380 1170 2434 hactenus
1201 2379 1504 2434 Manichaei
1540 2383 1598 2432 et
1633 2377 1816 2433 Judaei
1858 2384 2062 2432 tenue-

415 2475 550 2527 rant
576 2487 588 2526 :
621 2471 870 2526 liberam
898 2487 1131 2543 quoque
1163 2475 1516 2543 potestatem
1547 2469 1687 2524 fecit
1718 2468 1790 2524 iis
1820 2469 1922 2540 qui
1960 2469 2065 2525 ba-

417 2560 620 2634 ptizari
650 2561 890 2616 vellent.

491 2650 834 2706 Anastasius
873 2667 1010 2705 vero
1061 2649 1236 2721 paulo
1284 2655 1421 2705 ante
1474 2665 1652 2720 quam
1701 2652 2062 2718 moreretur,

419 2737 632 2794 delatis
664 2737 739 2793 ad
771 2739 963 2810 ipsum
986 2738 1337 2793 insidiarum
1370 2737 1482 2792 sibi
1515 2737 1803 2792 factarum
1828 2735 2066 2790 indiciis

419 2827 638 2883 multos
669 2827 884 2898 corripi
916 2832 1094 2897 atque
1128 2825 1382 2880 interfici
1406 2825 1606 2895 jussit.
1639 2826 1704 2880 In
1733 2824 1920 2896 captis
1945 2824 2068 2878 fue—

419 2921 561 2970 runt
586 2916 764 2970 etiam
793 2915 1059 2969 Justinus
1091 2920 1149 2969 et
1185 2914 1570 2969 Justinianus.
1603 2915 1758 2978 Quos
1785 2930 1920 2968 cum
1962 2929 2066 2967 ne-

421 3021 554 3060 care
585 3006 904 3072 statuisset,
941 3005 1226 3060 terribilis
1256 3004 1494 3075 quidam
1521 3006 1573 3061 ei
1597 3005 1657 3059 in
1681 3003 1906 3059 somnis
1930 3003 2066 3058 asti-

420 3095 511 3160 tit,
543 3095 625 3150 ita
655 3094 894 3150 dicens:
929 3093 1054 3148 Tibi
1085 3093 1352 3164 quidem,
1383 3111 1416 3148 ο
1446 3095 1790 3165 imperator,
1814 3091 2067 3164 permis-

421 3201 552 3242 sum
602 3190 692 3241 est
740 3185 1002 3255 reliquos
1050 3184 1428 3239 insidiatores
1482 3185 1730 3239 tollere:
1763 3199 1798 3238 a
1838 3184 2066 3238 Iustino

421 3280 618 3330 autem
643 3274 1045 3329 etJustiniano
1068 3273 1427 3328 maleficium
1452 3289 1626 3328 omne
1649 3271 1899 3326 abstine.
1923 3273 2069 3326 Nam

420 3381 540 3419 non
573 3362 777 3418 licebit
823 3367 880 3417 te
924 3363 1031 3429 eis,
1081 3369 1381 3432 utcunque
1436 3361 1599 3430 velis,
1648 3361 1803 3416 male
1850 3359 2068 3415 facere.

422 3452 686 3520 Cumque
719 3450 1066 3505 Anastasius
1095 3450 1320 3505 diceret
1350 3466 1450 3504 eos
1472 3466 1604 3504 reos
1636 3465 1763 3504 esse
1795 3449 1935 3503 laase
1956 3449 2069 3502 im-

421 3539 732 3612 peratoria;
770 3537 1121 3608 majestatis,
1151 3537 1457 3609 respondit
1489 3537 1584 3592 ille
1627 3554 1753 3593 esse
1786 3554 1887 3592 eos
1934 3552 2072 3592 vasa

423 3630 673 3686 consilio
704 3629 1091 3702 providentia)
1123 3629 1334 3684 divinae
1378 3629 1753 3701 exsequendo
1801 3634 1958 3701 apta,
2013 3634 2072 3684 et

421 3725 742 3792 utrumque
775 3737 881 3776 suo
923 3725 1189 3792 tempore
1239 3721 1354 3775 Deo
1404 3737 1644 3792 operam
1694 3726 2066 3776 navaturum.

421 3811 613 3882 Atque
643 3810 751 3865 hos
781 3809 1018 3880 quidem
1049 3809 1199 3865 duos
1232 3809 1570 3865 Anastasius
1595 3810 1842 3865 crimine
1873 3807 2068 3865 absol-

423 3902 543 3956 vit:
574 3901 943 3956 insomnium
974 3917 1108 3956 vero
1141 3917 1247 3956 suo
1281 3906 1545 3972 tempore
1578 3901 1772 3955 exitus
1795 3915 2062 3970 compro-

421 3991 598 4047 bavit.
630 3992 884 4061 Uterque
915 3991 1076 4045 enim
1107 4007 1312 4046 eorum
1339 3996 1474 4062 post
1502 3989 1793 4046 Anastasii
1817 3995 2068 4045 mortem

423 4081 676 4154 imperio
707 4080 945 4136 functus
977 4084 1084 4135 est.

495 4177 666 4227 Anno
697 4175 765 4224 27
797 4170 1069 4242 apparuit
1096 4169 1404 4225 Anastasio
1437 4185 1542 4242 per
1570 4169 1936 4225 insomnium
1983 4170 2072 4225 vir

425 4259 730 4328 terribilis,
762 4259 1026 4315 codicem
1057 4264 1294 4330 gestans
1322 4279 1337 4324 ;
1369 4275 1546 4330 quem
1571 4259 1620 4314 is
1641 4275 1774 4313 cum
1804 4259 2070 4331 aperuis-

430 4352 519 4404 set
551 4354 608 4402 et
636 4363 856 4402 nomen
887 4347 1261 4418 imperatoris
1293 4347 1354 4402 in
1402 4364 1470 4402 eo
1521 4347 1863 4418 invenisset,
1917 4347 2068 4402 636

428 4437 512 4492 ait
539 4436 627 4490 illi
653 4453 664 4490 :
692 4437 837 4490 Ecce
869 4435 942 4490 ob
963 4435 1410 4507 perversitatem
1435 4435 1568 4490 fidei
1598 4442 1715 4491 tua:
1738 4436 1810 4491 de
1833 4437 1949 4491 vita
1969 4441 2072 4492 tua

428 4543 616 4582 annos
648 4527 713 4580 14
743 4524 932 4580 deleo.
979 4523 1284 4595 Simulque
1343 4541 1444 4580 eos
1493 4526 1796 4596 expunxit.
1850 4526 2068 4581 Somno

2176 1959 2284 2006 σεν,
2327 1935 2386 1998 ὅς
2419 1936 2628 2006 σύναξιν
2664 1932 2978 1996 ἐπιτελέσας
3006 1933 3098 1988 καὶ
3136 1938 3247 1989 τῶν
3295 1932 3452 1988 θείων
3505 1933 3824 2008 μυστηρίων

2175 2021 2516 2100 μεταλαϐὼν,
2544 2023 2860 2098 προσελθὼν
2892 2027 2972 2095 τῷ
3016 2024 3172 2096 τόπῳ
3219 2021 3347 2086 τοὺς
3397 2021 3568 2078 ἐκεῖσε
3617 2019 3825 2096 δαίμο-

2169 2135 2261 2176 νας
2309 2112 2553 2187 ἐξεδίωξε
2607 2113 2697 2168 καὶ
2753 2117 2830 2184 τῷ
2886 2107 3110 2186 Καϐάδῃ
3179 2111 3243 2165 τὸ
3298 2113 3531 2185 κάστρον
3602 2110 3824 2172 ἀπόνως

2168 2201 2502 2280 παρέδωκεν.
2537 2205 2624 2260 Ἐν
2681 2203 2861 2275 τούτῳ
2914 2197 3174 2272 Καϐἀδης
3231 2199 3608 2268 καταπλαγεὶς
3665 2219 3832 2274 πρω-

2168 2293 2489 2370 τοκαθεδρίᾳ
2516 2295 2605 2350 τὸν
2639 2293 2933 2349 ἐπίσκοπον
2986 2290 3264 2365 ἐτίμησεν,
3322 2289 3426 2354 ἓως
3476 2293 3602 2347 τότε
3651 2293 3830 2348 Μανι-

2173 2384 2348 2461 χαίων
2419 2383 2510 2440 καὶ
2573 2381 2851 2440 Ἰουδαίων
2908 2380 3420 2457 προκαθεζομένων,
3478 2381 3570 2436 καὶ
3639 2379 3827 2436 ἄδειαν

2173 2473 2416 2553 παρέσχε
2444 2477 2562 2536 τοῖς
2598 2471 2964 2548 βουλομένοις
2999 2469 3373 2548 βαπτίζεσθαι.

2243 2650 2356 2725 Πρὸ
2393 2651 2590 2724 μικροῦ
2621 2646 2678 2703 δὲ
2709 2654 2810 2718 τῆς
2832 2647 3093 2717 τελευτῆς
3118 2646 3498 2717 Ἀναστασίου,
3521 2641 3828 2717 ἐπιϐουλῆς

2172 2739 2323 2810 αὖτῷ
2357 2738 2708 2812 μηνυθείσης,
2769 2738 2997 2816 συνέσχε
3057 2734 3303 2798 πολλοὺς
3361 2736 3448 2790 καὶ
3517 2735 3823 2790 ἀπώλεσεν·

2173 2828 2225 2884 ἐν
2255 2828 2340 2890 οἶς
2369 2828 2456 2882 καὶ
2492 2828 2782 2888 Ἰουστῖνος
2810 2829 2876 2896 ἦν
2905 2826 2994 2880 καὶ
3029 2827 3428 2888 ’1ουστινιανός.
3454 2823 3694 2883 Μέλλων
3728 2825 3825 2879 οὗν

2174 2915 2498 2990 ἐξαφανίζειν
2525 2914 2654 2978 τοὺς
2685 2913 2906 2990 ἄνδρας,
2937 2913 3178 2989 παρέστη
3220 2913 3367 2986 αὐτῷ
3419 2935 3501 2978 τις
3545 2915 3662 2969 κατ’
3693 2909 3822 2989 ὄναρ

2174 3001 2403 3080 φοϐερὸν
2439 3004 2638 3081 λέγων·
2672 3003 2811 3064 Τοὺς
2847 3004 2942 3077 μὶν
2971 3002 3200 3064 λοιποὺς
3227 3007 3335 3058 τῶν
3354 3008 3460 3058 σῶν
3487 2998 3822 3070 ἐπιϐούλων,

2174 3097 2218 3149 ὦ
2255 3093 2500 3170 βασιλεῦ,
2535 3095 2896 3172 συνεχωρήθη
2933 3114 3018 3148 σοι
3050 3092 3632 3166 ἀφανίσαι,Ἰουστῖνον
3653 3089 3826 3147 δὲκαὶ

2180 3184 2560 3240 Ἰουστινιανὸν
2619 3180 2891 3255 μηδαμῶς
2948 3179 3230 3255 ἀδικήσῃς·
3292 3179 3416 3236 οὐδὲ
3477 3180 3579 3257 γὰρ
3631 3180 3825 3244 -θέλων

2180 3270 2403 3347 δυνήσῃ.
2438 3276 2542 3328 Τοῦ
2574 3269 2630 3327 δὲ
2677 3274 2947 3351 φήσαντος
2997 3273 3083 3328 ὃτι
3139 3272 3461 3326 καθοσιώσει
3503 3270 3637 3326 είσὶν
3689 3271 3828 3325 ὁπο-

2180 3356 2508 3435 ϐεϐλημένοι
2549 3358 2832 3434 βασιλικῇ,
2886 3355 2985 3437 ἔφη
3045 3360 3183 3435 πρὸς
3242 3359 3422 3415 αὐτόν·
3483 3359 3660 3428 Σκεύη
3720 3359 3825 3414 εἶσὶ

2178 3450 2470 3528 χωρητικᾶ
2498 3457 2598 3520 τῆς
2637 3453 2734 3504 τοῦ
2767 3447 2900 3504 Θεοῦ
2936 3448 3146 3523 βουλῆς
3173 3469 3231 3503 τε
3261 3449 3350 3504 καὶ
3398 3447 3680 3523 προνοίας,
3734 3449 3825 3503 καὶ

2182 3537 2478 3612 μέλλουσιν
2511 3537 2852 3613 ὑπουργῆσαι
2882 3541 2962 3607 τῷ
2993 3541 3110 3609 Θεῷ
3162 3536 3386 3598 ’ἕκαστος
3437 3538 3491 3591 ἓν
3541 3541 3662 3598 τοῖς
3703 3556 3829 3590 και-

2180 3633 2296 3703 ροῖς
2321 3626 2522 3682 αὐτῶν.
2553 3627 2652 3681 Καὶ
2685 3623 2750 3696 δὴ
2786 3627 2988 3705 ἀφῆκεν
3043 3626 3230 3687 αὐτοῖς
3287 3625 3619 3704 ἀμφοτέροις
3671 3626 3827 3680 Ἀνα-

2179 3717 2394 3778 στάσιος
2451 3716 2514 3772 τὸ
2565 3721 2667 3784 τῆς
2723 3715 3102 3779 καθοσιώσεως
3161 3711 3438 3790 ἔγκλημα.
3495 3708 3703 3784 Συνέϐη
3765 3711 3826 3768 δὶ

2177 3804 2344 3860 πάντα
2374 3803 2615 3880 γενέσθαι
2673 3805 2854 3866 καθὼς
2914 3805 2942 3858 ὁ
2998 3804 3180 3881 φανεὶς
3238 3803 3624 3882 ἀπεφθέγξατο’
3687 3801 3827 3876 μετὰ

2177 3895 2282 3970 γὰρ
2310 3895 2409 3962 τὴν
2463 3889 2725 3961 τελευτὴν
2779 3891 3127 3949 ’Δναστασίου
3182 3892 3272 3946 καὶ
3327 3891 3627 3969 ἀμφότεροι
3685 3891 3826 3946 κατᾶ

2176 3983 2398 4058 καιροὺς
2425 3981 2603 4037 αὐτῶν
2633 3975 3004 4038 ἐϐασίλευσαν.

2249 4158 2341 4234 Τῷ
2369 4165 2447 4230 κζ’
2477 4156 2582 4215 ἔτει
2614 4160 2966 4222 Ἀναστάσιος
2998 4157 3136 4215 εἶδεν
3168 4158 3222 4214 ἐν
3255 4159 3490 4234 ὁράματι
3511 4155 3680 4233 ἄνδρα
3719 4178 3824 4236 φο-

2179 4245 2332 4324 ϐερὸν
2371 4250 2702 4325 βαστάζοντα
2733 4247 2963 4318 κώδικα,
2997 4247 3052 4304 ὃν
3077 4249 3398 4318 ἀναπτυξας,
3429 4249 3520 4304 καὶ
3559 4248 3731 4321 εὑρὼν
3762 4249 3826 4303 τὸ

2179 4341 2353 4416 ὄνομα
2381 4343 2549 4397 αὐτοῦ
2581 4346 2678 4396 τοῦ
2711 4339 3006 4416 βασιλέως,
3038 4341 3184 4396 εἶπεν
3218 4340 3383 4414 αὗτῷ-
3417 4339 3557 4398 Ἰδοὺ
3587 4338 3677 4396 διὰ
3721 4341 3825 4410 τήν

2177 4432 2532 4488 κακοπιστίαν
2566 4453 2663 4486 σου
2700 4430 2983 4508 ἀπαλείφω
3035 4428 3514 4508 τεσσαρεσκαίδεκα
3563 4425 3681 4502 ἔτη,
3729 4428 3826 4485 καὶ

2178 4520 2480 4596 ἀπήλειψεν
2509 4521 2664 4577 αὑτά.
2697 4521 3036 4584 Διυπνισθεῖς
3070 4518 3126 4576 δὲ
3154 4519 3590 4596 προσεκαλέσατο
3617 4520 3828 4594 Ἀμάν-

427 4617 656 4675 solutus
687 4614 1035 4670 Anastasius
1064 4613 1429 4668 insomnium
1461 4613 1522 4668 id
1541 4613 1817 4670 Amantio
1840 4632 2067 4686 prapo-

2179 4632 2291 4667 τιον
2319 4611 2410 4666 τὸν
2443 4611 2825 4686 πραιπόσιτον,
2858 4609 2948 4664 καὶ
2981 4610 3126 4665 εἶπεν
3155 4610 3301 4683 αὐτῷ
3329 4610 3391 4665 τὸ
3439 4606 3641 4686 ὅραμα.
3677 4611 3734 4667 Ὀ
3764 4607 3827 4664 δὲ

429 4709 542 4764 sito
571 4706 645 4764 ad
677 4722 740 4761 se
766 4709 969 4759 vocato
1002 4702 1291 4774 exposuit.
1334 4707 1525 4773 Atque
1553 4703 1603 4758 is
1637 4719 1650 4757 :
1702 4705 1818 4774 Ego
1869 4705 2070 4772 etiam,

429 4797 644 4871 inquit,
685 4793 1041 4867 imaginatus
1088 4807 1240 4856 sum,
1287 4808 1421 4846 cum
1471 4797 1727 4847 astarem
1775 4793 2072 4864 majestati

431 4892 564 4955 tuae,
597 4883 828 4940 venisse
857 4895 1136 4952 magnum
1167 4895 1436 4949 porcum,
1471 4879 1572 4950 qui
1603 4895 1698 4934 me
1729 4886 1887 4935 veste
1920 4897 2074 4936 arre-

429 4981 596 5048 ptum
644 4973 706 5027 in
759 4977 977 5026 terram
1028 4967 1382 5039 prostaverit
1441 4971 1617 5036 atque
1681 4967 2069 5024 devoraverrt.

428 5063 650 5121 Deinde
690 5059 930 5116 Proclus
985 5056 1423 5112 insomniorum
1468 5057 1765 5127 conjector
1812 5058 2068 5112 advenit.

427 5149 950 5228 pronuntiavitque
981 5151 1299 5216 utrumque
1329 5145 1505 5216 paulo
1538 5151 1671 5217 post
1698 5146 1813 5201 vita
1861 5145 2072 5202 defun-

427 5251 687 5300 cturum.
719 5239 831 5294 Sed
853 5235 1369 5300 Anastasius,cum
1394 5234 1632 5290 oraculo
1657 5234 1895 5290 edoctus
1919 5239 2075 5291 esset

432 5332 563 5403 igne
601 5329 712 5385 sibi
760 5325 1132 5399 pereundum
1181 5323 1328 5390 fore,
1379 5324 1698 5379 cisternam
1743 5325 1804 5378 in
1852 5325 2070 5396 palatio

432 5437 561 5490 quas
583 5417 837 5490 Frigidia
854 5416 1091 5484 dicitur,
1118 5413 1322 5468 multis
1343 5413 1637 5470 meatibus
1658 5415 1907 5486 aperuit,
1933 5431 2073 5485 quo-

429 5524 562 5563 rum
608 5507 823 5576 cuique
881 5503 1061 5559 cadus
1106 5503 1411 5574 appositus
1465 5508 1640 5569 esset,
1691 5520 1912 5559 conans
1960 5505 2071 5559 hoc

432 5603 601 5670 pacto
643 5593 950 5651 oraculum
980 5592 1212 5646 irritum
1242 5591 1508 5646 reddere.
1533 5594 1751 5647 Verum
1775 5592 1834 5647 id
1865 5593 1969 5648 abs
2005 5609 2069 5649 re

431 5686 546 5743 fuit
567 5703 580 5742 :
599 5682 851 5741 fulmine
875 5680 1033 5736 enim
1051 5679 1339 5735 divinitus
1361 5684 1452 5735 est
1467 5680 1637 5736 ictus.
1660 5680 1920 5738 Cadaver
1939 5681 2068 5752 ejus

2181 4701 2320 4755 εἶπεν
2350 4699 2434 4755 ὅτι
2457 4699 2621 4774 Κάγὼ
2650 4698 2950 4771 ἐθεασάμην
2981 4698 3066 4754 ὅτι
3117 4701 3521 4774 παρισταμένου
3569 4704 3650 4771 τῷ
3693 4697 3830 4772 κρά-

2177 4809 2256 4844 τει
2288 4809 2384 4843 σου
2417 4793 2612 4863 χοῖρος
2648 4787 2817 4860 μέγας·
2850 4786 3022 4841 ἐλθὼν
3052 4788 3140 4841 καὶ
3185 4784 3514 4862 δραξάμενός
3568 4791 3676 4860 μοῦ
3718 4793 3824 4856 τῆς

2179 4877 2416 4954 χλαίνης
2457 4875 2746 4950 κατέῥραξὲ
2805 4896 2872 4948 με
2929 4875 3005 4937 εἷς
3061 4877 3162 4944 τήν
3214 4883 3314 4951 γῆν
3370 4876 3462 4931 καὶ
3519 4873 3825 4933 ἀνάλωσεν.

2177 4965 2468 5031 Ἐλθόιτος
2502 4963 2559 5019 δὲ
2587 4967 2684 5020 τοῦ
2717 4963 3086 5039 όνειροκρίτου
3139 4963 3410 5040 Πρόκλου,
3455 4967 3691 5036 ἤκουσαν
3742 4967 3830 5020 ’ὁτι

2177 5057 2266 5111 καὶ
2309 5055 2610 5132 ἀμφότεροι
2663 5056 2775 5127 μετ’
2838 5053 2904 5108 οὐ
2961 5052 3104 5109 πολὺ
3171 5055 3500 5114 τελειοῦσθε.
3569 5055 3719 5112 Ἐπεὶ
3772 5052 3834 5110 δὲ

2178 5149 2590 5224 κεχρημάτιστο
2624 5141 2713 5198 διὰ
2744 5143 2914 5218 πυρὸς
2946 5142 3106 5199 αὐτὸν
3151 5147 3252 5214 τήν
3291 5144 3608 5217 ἀμείλικτον
3663 5145 3834 5201 αὐτοῦ

2179 5236 2364 5310 ψυχὴν
2425 5232 2749 5310 ἀπορρῆξαι,
2807 5234 2906 5303 τήν
2966 5232 3017 5287 ἐν
3076 5238 3156 5305 τῷ
3213 5233 3465 5307 παλάτίῳ
3519 5235 3832 5310 κινστέρναν

2178 5325 2277 5392 τὴν
2311 5320 2609 5397 λεγομένην
2639 5323 2868 5397 Ψυχρὲιν
2902 5320 3008 5391 [εἷς
3067 5321 3252 5376 πολλὰ
3307 5322 3505 5396 στόμια
3562 5321 3834 5393 διανοίξας

2179 5413 2267 5469 καὶ
2294 5409 2526 5472 κάδδους
2579 5409 2632 5465 ἐν
2691 5410 2900 5482 ἑκάστῳ
2957 5413 3038 5480 [Ρ.
3107 5413 3232 5483 363]
3293 5412 3551 5486 παραθεὶς
3607 5408 3834 5467 ἔσπευδε

2177 5503 2276 5572 τήν
2333 5499 2592 5570 τοιαύτην
2649 5496 2773 5572 περὶ
2831 5495 2994 5552 αὐτοῦ
3070 5499 3402 5577 προφητείαν
3460 5498 3632 5575 ψευδῆ
3693 5502 3834 5556 ἀπο-

2179 5588 2366 5661 δεῖξαι.
2398 5585 2557 5644 Ἀλλ’
2595 5586 2910 5661 ἒματαιώθη
2975 5583 3063 5642 διὰ
3123 5595 3280 5658 κενῆς
3332 5590 3360 5643 ὁ
3421 5587 3681 5654 δείλαιος·
3734 5584 3832 5646 καὶ

2175 5680 2278 5757 γὰρ
2308 5679 2438 5754 θείῳ
2498 5680 2726 5752 σκηπτῷ
2777 5677 3132 5754 κεραυνωθεὶς
3184 5672 3530 5756 έμϐρόνητος
3582 5677 3832 5758 γέγονεν,

4151 5485 4153 5518 Α

4152 5653 4153 5690 ί

4152 5693 4153 5762 ί

4152 5867 4153 5902 ι

4151 6123 4153 6177 4
