4170 6204
351 374 470 434 693

1416 367 1964 431 HISTORIARUM
2008 339 2566 432 COMPENDIUM.

3630 371 3766 468 .694

356 503 544 574 Ἐτέθη
575 500 634 558 δὶ
661 501 724 556 τὸ
757 505 918 576 σῶμα
945 500 1110 557 αὐτοῦ
1140 498 1192 555 ἐν
1225 522 1304 572 τῳ
1323 505 1435 572 ναῷ
1464 505 1572 556 τῶν
1605 500 1804 577 Ἀγίων
1838 503 1981 557 Ἀποι

2121 501 2181 558 in
2212 505 2348 560 fano
2380 504 2784 578 apostolorum
2807 503 3142 576 depositum
3174 505 3350 572 est,in
3365 506 3510 561 cista
3535 507 3754 578 Aquin-

350 593 587 660 στόλων,
635 591 686 647 ἐν
718 591 940 666 λάρνάκι
1000 592 1325 662 Ἀκυντιανῇ
1383 592 1481 663 (6),
1547 590 1680 661 μετά
1710 587 2000 663 Ἀριάδνης

347 689 451 748 τῆς
507 681 760 758 γυναικὸς
821 681 989 735 αὐτοῦ
1045 676 1578 755 προτελευτησάσης.
1623 678 1798 742 Οὗτος
1851 677 2008 753 λεγε-

347 793 438 828 ται
475 776 676 827 καῦσαι
708 769 798 824 καὶ
828 770 895 824 τὰ
930 764 1118 844 βιϐλία
1147 773 1245 824 τοῦ
1275 765 1683 842 χρυσαργύρου.

423 862 712 917 Ἰουστῖνος
768 860 795 914 ὁ
858 857 1026 936 μέγας
1099 856 1357 934 βασιλεὺς
1431 856 1718 929 Ῥωμαίων
1778 854 1870 928 ἔτη
1928 857 1996 916 θ’,

350 949 523 1012 Οὗτος
571 951 636 1019 ἦν
685 945 912 1017 εὐσεϐὴς
964 949 1121 1022 ἀνὴρ,
1181 941 1492 1022 πρεσϐύτης
1523 947 1612 1000 καὶ
1643 945 2002 1020 πολύπειρος,

347 1040 457 1094 απὸ
488 1043 832 1114 στρατιωτῶν
866 1037 1163 1112 ἀρξάμενος
1220 1037 1308 1092 καὶ
1365 1033 1472 1096 ἕως
1528 1041 1628 1104 τῆς
1689 1032 2003 1110 συγκλήτου

2119 593 2758 666 tianaJuxtaAriadnm
2779 595 2982 649 uxoris
3015 609 3384 665 corpus,qum
3403 601 3539 649 ante
3561 595 3760 666 ipsum

2115 699 2145 738 e
2175 685 2318 739 vivis
2351 689 2700 741 excesserat.
2733 685 2785 739 Is
2843 684 3191 739 Anastasius
3246 684 3433 739 fertur
3481 685 3758 756 chrysar-

2111 773 2237 844 gyri
2269 773 2474 828 tributi
2509 773 2740 828 tabulas
2773 773 3192 838 combussisse,

2180 866 2447 920 Justinus
2501 883 2750 938 magnus
2809 867 3135 938 imperator
3188 865 3589 922 Romanorum
3645 865 3758 921 fuit

2118 969 2308 1008 annos
2339 955 2486 1022 9,vir
2514 955 2669 1025 pius,
2703 971 2879 1010 senex
2911 971 2978 1009 ac
3011 954 3324 1025 multiplici
3348 955 3562 1025 peritia
3608 971 3763 1025 prai-

2110 1042 2287 1098 ditus.
2321 1045 2369 1096 A
2399 1043 2643 1098 militari
2677 1043 2885 1098 ordine
2927 1059 3114 1114 usque
3152 1043 3226 1097 ad
3279 1043 3638 1099 senatoriam
3668 1037 3752 1097 di-

347 1129 659 1204 προκόψας,
715 1127 990 1202 Ἰλλυριὸς
1039 1131 1122 1199 τῷ
1176 1127 1337 1200 γένει·
1394 1125 1448 1178 οἱ
1497 1122 1554 1178 δὲ
1601 1128 1780 1198 Θρᾷκα
1811 1128 1981 1180 τοῦτο

2109 1133 2393 1204 gnitatem
2424 1137 2792 1203 pervenerat.
2825 1133 3022 1187 Patria
3077 1132 3186 1187 fuit
3241 1132 3534 1205 Illyricus,
3568 1148 3750 1203 quan-

345 1216 601 1294 λέγουσιν
658 1217 815 1272 εἶναι.
868 1219 968 1273 Ἢν
1027 1213 1085 1270 δε
1140 1215 1219 1287 τῷ
1273 1215 1488 1286 σώματι
1548 1211 1800 1284 μεσῆλιξ,
1843 1213 2000 1289 εὐρὺς

338 1306 470 1369 τοὺς
529 1305 715 1380 ὤμους
772 1304 862 1360 καὶ
917 1304 984 1359 τά
1051 1303 1263 1380 στὲρνα,
1321 1301 1540 1363 πολιός·
1585 1302 1804 1372 ἐπήνθει
1836 1299 1894 1356 δὲ
1923 1307 2001 1374 τῷ

338 1396 624 1469 προσώπῳ
681 1395 847 1450 αὐτοῦ
905 1388 1122 1469 ἔρευθος
1179 1391 1436 1466 βλοσυρῷ
1488 1389 1602 1444 ὄντι
1655 1389 1997 1447 καὶπλατεῖ.

340 1486 512 1547 Οὗτος
568 1489 728 1539 πᾶσιν
777 1481 997 1558 ἄριστος
1035 1481 1284 1557 ἐδείχθη,
1334 1479 1591 1552 ζηλωτὴς
1639 1486 1740 1549 τῆς
1771 1477 1999 1553 ὀρθοδό-

338 1575 434 1646 ξου
460 1572 694 1635 πίστεως
751 1573 840 1627 καὶ
897 1571 949 1626 ἐν
1006 1576 1119 1632 τοῖς
1176 1569 1446 1644 πολὲμοις
1507 1565 1759 1645 μεγάλως
1785 1565 1997 1634 εὐδοκι-

343 1667 485 1736 μῶν.
521 1657 767 1735 Σύμϐιον
830 1658 887 1716 δὲ
941 1656 1085 1736 ἔχων
1147 1657 1486 1714 Λουππικίαν
1535 1656 1749 1731 ἔστεψεν
1781 1661 1858 1729 (7)
1887 1656 1993 1713 Αὖ-

338 1755 593 1825 γοῦσταν,
624 1748 692 1820 ἤν
744 1751 797 1806 οἱ
855 1747 1030 1824 δῆμοι
1089 1751 1168 1822 (8)
1225 1746 1667 1825 ἐστεφανωμένην
1703 1747 1993 1826 Εὐφημίαν

338 1838 608 1896 ἐκέλεσαν·
641 1839 832 1912 Τούτῳ
851 1843 930 1912 τῷ
959 1837 1236 1910 Ἰουστίνῳ
1265 1835 1544 1934 Ἐξόλάλιός
1562 1835 1779 1906 τις,ἀπὸ
1793 1832 1987 1934 ’πλου-
2019 1869 2064 1934 Β

335 1930 466 1984 σίων
496 1929 783 2004 γενόμενος
814 1927 1002 1999 πὲνης,
1034 1926 1086 1982 ἐν
1115 1932 1193 2000 τῷ
1223 1924 1446 1999 μέλλειν
1477 1925 1635 1980 αὐτὸν
1678 1919 1984 1979 άποόιῶναι

332 2016 564 2094 ἔγραψεν
609 2015 943 2088 ἐνδιαθήκως
984 2015 1337 2091 κληρονόμον
1383 2015 1693 2082 ἰουστῖνον,
1749 2032 1988 2088 παρακε-

335 2109 668 2182 λευσάμενος
710 2105 851 2163 ὥστε
909 2107 1003 2168 τὰς
1053 2111 1197 2181 τρεῖς
1239 2105 1403 2161 αὐτοῦ
1444 2104 1733 2179 θυγατέρας
1789 2104 1985 2178 μικράς

328 2195 776 2277 καταλειφθείσας
834 2196 1128 2271 ἀναθρέψαι
1185 2196 1274 2250 καὶ
1333 2193 1676 2269 ὲκπροικίσαι
1733 2193 1824 2248 τὸν
1887 2195 1985 2267 βα-

331 2285 507 2355 σιλέα,
567 2287 657 2342 καὶ
714 2287 887 2342 πάντα
942 2285 1108 2340 αὐτοῦ
1177 2285 1243 2339 τὰ
1300 2282 1438 2363 χρέα
1502 2279 1800 2338 ἀποδοῦναι
1867 2288 1982 2345 τοῖς

327 2374 828 2452 χρεωστουμένοις,
885 2375 977 2430 καὶ
1033 2374 1102 2430 τά
1156 2378 1508 2450 γραμματεῖα
1565 2371 1981 2449 ἀναρῥύσασθαι·

324 2467 462 2540 ἅπερ
520 2463 820 2542 βασιλικῶς
867 2464 1043 2520 πάντα
1095 2465 1394 2525 ’ῐουστῖνος
1445 2459 1760 2536 ἐπλήρωσε.
1819 2481 1983 2514 κατα-

328 2551 607 2628 πλήξαςέν
673 2554 854 2626 τούτῳ
919 2554 1094 2609 πάντα
1159 2551 1445 2626 ἄνθρωπον
1511 2549 1606 2605 τὸν
1657 2548 1980 2604 ἀκούσαντα.

327 2643 657 2706 Βιταλιανὸς
691 2641 750 2698 δὲ
780 2643 806 2697 ὁ
855 2640 1190 2717 προῤῥηθεὶς
1241 2637 1448 2719 σφόδρα
1490 2639 1741 2712 ᾠκειώθη
1773 2642 1851 2709 τῷ
1883 2639 1979 2710 βα-

328 2732 495 2802 σιλεῖ,
527 2730 817 2808 όρθόδοξος
866 2729 922 2786 δὲ
971 2726 1044 2785 ὤν
1099 2725 1340 2805 Σεϐἧρον
1371 2729 1623 2804 ᾐτήσατο
1655 2729 1982 2802 καθαιρεθῆ-

329 2843 436 2878 ναι.
469 2823 642 2895 Ὃπερ
685 2821 870 2894 μαθὼν
930 2819 1133 2882 ἕκεῖνος
1193 2819 1372 2897 φεύγει
1432 2817 1522 2872 σὺν
1585 2815 1981 2888 Ἰουλιανῷτῷ

335 2911 738 2986 Αλικαρνασοῦ’
826 2910 916 2964 καὶ
1003 2909 1080 2970 εἷς
1157 2906 1430 2982 Αἷίγυπτον
1499 2905 1824 2970 ἀπελθόντες
1887 2905 1979 2960 καὶ

319 3004 414 3059 τὸν
471 3004 597 3078 περὶ
654 3005 898 3080 φθαρτοῦ
947 3001 1038 3055 καὶ
1087 3000 1364 3080 ἀφθάρτου
1395 3001 1471 3072 (9)
1507 2997 1669 3072 λόγον
1720 2999 1980 3066 κινήσαν-

319 3113 410 3154 τες
514 3090 713 3162 ταύτην
813 3089 1086 3164 ἐτάραξαν,
1191 3087 1487 3163 Διοσκόρου
1555 3086 1978 3148 ἑπισκοποῦντος

322 3179 752 3256 Ἀλεξανδρείας.
790 3181 1134 3238 Ἐπισκόπων
1187 3176 1243 3234 δὲ
1293 3178 1398 3234 ἀπὸ
1444 3179 1666 3250 Ῥώμης
1703 3175 1973 3242 ἐλθόντων

326 3269 379 3328 δι
454 3268 752 3345 Ὀρμίσδου
827 3269 1126 3325 ἐπισκόπου
1201 3269 1424 3341 Ῥώμης
1497 3272 1566 3341 τῇ
1646 3265 1974 3322 Βιταλιανοῦ

323 3358 560 3434 σπουδῇ,
611 3355 689 3414 ἔτι
749 3363 948 3428 ζῶντος
1005 3359 1256 3415 Ἰωαννου
1311 3361 1406 3412 τοῦ
1461 3353 1827 3414 Καππαδόκου
1857 3355 1979 3411 ἐπι-

323 3452 532 3506 σκόπου
586 3445 1238 3513 Κωνσταντινουπόλεως,
1287 3449 1388 3517 τὴν
1445 3446 1601 3521 ἁγίαν
1651 3443 1703 3500 ἔν
1744 3443 1978 3516 Χαλκη-

324 3536 442 3595 δόνι
475 3538 736 3614 τετάρτην
785 3533 1010 3592 σύνοδον
1067 3536 1203 3608 πρὸς
1263 3539 1383 3598 ταῖς
1415 3533 1612 3596 ἄλλαις
1669 3533 1814 3610 τρισὶ
1847 3554 1974 3588 συν-

323 3625 474 3691 όδοις
506 3633 626 3689 τοῖς
657 3625 956 3702 διπτύχοις
997 3624 1260 3695 συνέταξε.
1297 3619 1544 3699 Σεϐήρου
1575 3621 1631 3678 δὲ
1659 3628 1756 3678 τοῦ
1785 3619 1975 3678 δυσσε-

326 3714 456 3781 ϐοῦς
518 3713 762 3773 ἐκποδὼν
796 3714 1088 3792 γεγονότος
1149 3713 1365 3776 Παῦλος
1420 3711 1816 3788 ἐχειροτονήθη
1857 3711 1974 3767 ἐπί-

323 3829 527 3870 σκοπος
560 3804 919 3882 Ἀντιοχείας,
955 3805 982 3860 ὁ
1013 3801 1303 3882 ξενοδόχος
1334 3807 1442 3858 τῶν
1486 3797 1793 3860 Εὐϐούλου.
1826 3803 1886 3860 Ὁ
1917 3801 1974 3858 δὲ

328 3896 584 3973 βασιλεὺς
655 3893 882 3950 Ξεναΐαν
949 3895 1042 3948 τὸν
1118 3893 1207 3948 καὶ
1284 3891 1600 3964 Φιλόξενον,
1680 3889 1972 3946 ἐπίσκοπον

321 3985 706 4062 Ἰεραπὸλεως,
810 3983 1255 4059 Μανιχαιόφρονα
1357 3978 1506 4050 ὄντα,
1606 3977 1696 4034 καί
1771 3979 1971 4056 Πέτρον

321 4074 629 4148 ’Δπαμείας
694 4070 916 4148 ἐξώρισε
976 4069 1069 4126 σὺν
1137 4074 1266 4124 πᾶσι
1329 4075 1446 4132 τοῖς
1517 4070 1808 4145 μετέχουσι
1873 4076 1976 4138 τῆς

321 4158 515 4234 λώϐης
573 4161 773 4231 αὐτῶν,
833 4160 1124 4234 ’Δμάντιον
1183 4155 1240 4214 δὲ
1291 4159 1380 4213 τὸν
1433 4157 1793 4234 πραιπόσιτον
1840 4158 1974 4232 μετὰ

319 4253 410 4310 καὶ
469 4249 656 4307 ἄλλων
713 4253 878 4306 τινῶν
934 4246 1219 4326 τυραννίδα
1275 4246 1670 4321 μελετήσαντας
1736 4247 1970 4314 ἀνεῖλεν.

321 4340 712 4403 Ἀνεκαλέσατο
745 4337 801 4395 δὶ
845 4340 935 4395 καὶ
982 4341 1181 4401 πάντας
1236 4339 1364 4401 τοὺς
1421 4335 1630 4412 ιῖιδίκως¹
1675 4337 1778 4392 ὑπὸ
1809 4338 1972 4396 ’Δνα-

325 4431 548 4488 στασίου
580 4430 966 4505 ἐξορισθέντας.

393 4525 474 4596 [Ρ.
509 4522 635 4594 364]
690 4522 786 4592 Τῷ
843 4515 890 4572 δ’
947 4517 1093 4590 αὐτῷ
1169 4516 1278 4574 ἔτει
1335 4516 1501 4593 ἐφάνη
1560 4517 1730 4591 ἀστὴρ
1789 4515 1840 4572 ἐν
1897 4521 1966 4592 τῇ

319 4608 591 4682 Ἀνατολῇ
647 4609 923 4680 κομήτης,
993 4606 1050 4669 ὅς
1103 4606 1252 4685 εἶχεν
1318 4607 1537 4667 ἀκτῖνας
1584 4601 1965 4678 ἒκπεμπούσας

315 4699 405 4754 ἐπὶ
435 4700 503 4753 τὰ
530 4696 677 4752 κάτω
724 4697 920 4769 αὐγάς,
979 4695 1038 4748 ’ὃν
1098 4691 1288 4770 ἔλεγον
1345 4694 1631 4769 πωγωνίαν
1666 4693 1817 4748 εἶναι·
1852 4693 1967 4770 είχε

317 4785 376 4843 δὲ
406 4788 592 4841 ἀκτῖνα
622 4786 834 4859 ὁρῶσαν
868 4782 956 4838 ἐπὶ
990 4779 1160 4839 δύσιν.
1205 4785 1298 4856 Τῷ
1348 4780 1394 4836 δ’
1447 4783 1595 4855 αὐτῷ
1626 4776 1732 4838 ἔτει
1763 4780 1966 4856 ἐδημο-

315 4875 504 4954 κράτει
541 4875 604 4928 τὸ
646 4868 864 4929 Βὲνετον
901 4871 1063 4946 μέρος
1122 4872 1259 4945 (10),
1315 4869 1368 4926 ἐν
1401 4871 1598 4935 πάσαις
1625 4877 1744 4934 ταῖς
1777 4870 1970 4928 πόλεσι

2109 1237 2286 1290 quam
2299 1218 2397 1274 alii
2409 1222 2692 1276 Thracem
2707 1221 2890 1274 fuisse
2915 1220 3518 1292 afﬁrmant.Corporis
3533 1225 3758 1276 statura

2102 1309 2218 1363 fuit
2249 1310 2554 1376 mediocri,
2581 1309 2714 1364 latis
2744 1309 3010 1363 humeris
3043 1313 3099 1364 et
3130 1315 3367 1379 pectore
3397 1307 3756 1375 canus,facie

2103 1399 2252 1452 truci
2285 1415 2353 1453 ac
2382 1398 2501 1453 lata
2531 1403 2590 1452 et
2618 1398 2835 1452 rubore
2870 1397 3109 1453 infecta.
3148 1397 3449 1468 Optimum
3483 1413 3544 1452 se
3567 1396 3754 1451 omni-

2101 1485 2214 1540 bus
2243 1485 2831 1553 demonstravit,cum
2862 1490 2920 1540 et
2950 1484 3292 1540 orthodoxae
3315 1484 3452 1540 ﬁdei
3484 1485 3750 1539 studeret

2103 1580 2160 1630 et
2187 1575 2344 1630 bello
2377 1591 2650 1647 magnam
2679 1576 2824 1630 637
2861 1573 3108 1647 gloriam
3140 1579 3394 1647 pararet.
3425 1573 3752 1646 Conjugem

2102 1681 2268 1720 suam
2305 1664 2644 1735 Suppiciam
2702 1663 3037 1719 diademate
3097 1669 3367 1719 ornatam
3424 1665 3751 1736 Augustam

2100 1755 2354 1820 creavit;
2407 1771 2584 1825 quam
2635 1760 2979 1810 coronatam
3039 1753 3292 1826 populus
3353 1753 3748 1825 Euphemiam

2098 1847 2323 1897 mutato
2357 1843 2600 1897 nomine
2650 1842 2987 1914 appellavit.
3025 1844 3188 1897 Hunc
3242 1842 3537 1898 Justinum
3569 1842 3748 1896 Eula-

2094 1931 2210 1986 lius
2241 1931 2584 2002 quidam,de
2611 1931 2790 1987 divite
2823 1933 3604 2004 pauperfactus,moriturus
3627 1933 3744 1986 hae-

2092 2021 2297 2076 redem
2331 2025 2681 2076 testamento
2697 2021 3052 2088 nominavit;
3069 2021 3369 2094 jussitque
3401 2020 3593 2076 tribus
3614 2021 3738 2076 suis

2094 2110 2352 2182 ﬁliabus,
2386 2127 2533 2181 quas
2563 2111 2831 2182 parvulas
2889 2111 3286 2183 relinquebat,
3321 2110 3738 2166 educationem

2092 2217 2228 2255 eum
2258 2216 2326 2256 ac
2353 2199 2554 2255 dotem
2585 2201 3092 2272 praabere,omnia
3124 2218 3232 2256 sua
3261 2199 3462 2256 debita
3491 2199 3742 2256 credito-

2090 2289 2256 2345 ribus
2287 2290 2643 2362 persolvere,
2676 2296 2737 2344 et
2755 2291 2828 2345 ab
2861 2291 2934 2346 iis
2979 2291 3349 2362 syngraphas
3409 2306 3545 2346 suas
3577 2289 3738 2344 redi-

2089 2380 2418 2442 mere.Qua3
2442 2379 2642 2434 omnia
2668 2379 2936 2434 Justinus
2967 2379 3128 2450 regia
3157 2379 3567 2434 muniﬁcentia
3596 2395 3736 2450 per-

2088 2466 2248 2533 fecit,
2281 2483 2496 2538 magna
2526 2467 2791 2522 omnium
2819 2467 2918 2537 qui
2949 2467 3036 2521 rei
3077 2467 3297 2521 famam
3328 2466 3740 2538 percipiebant

2088 2555 2502 2612 admiratione.
2527 2557 2677 2611 Usus
2706 2561 2794 2610 est
2821 2557 3082 2610 Justinus
3113 2555 3434 2610 admodum
3482 2555 3738 2611 familia-

2086 2646 2233 2700 riter
2265 2645 2577 2712 Vitaliano,
2611 2646 2734 2716 qui,
2767 2650 2834 2700 ut
2862 2650 2987 2700 erat
3017 2644 3400 2714 orthodoxus,
3434 2643 3591 2716 apud
3627 2645 3737 2700 im-

2087 2739 2421 2805 peratorem
2481 2733 2741 2789 instabat
2795 2733 2880 2788 uti
2938 2733 3185 2788 Severus
3242 2733 3619 2805 dejiceretur.
3660 2733 3737 2786 At

2087 2823 2332 2878 Severus
2385 2823 2496 2877 hoc
2553 2823 2820 2878 sentiens
2851 2839 2986 2877 cum
3041 2822 3274 2877 Juliano
3334 2821 3733 2887 Halicarnassi

2088 2915 2366 2986 episcopo
2395 2915 2656 2986 aufugit;
2689 2913 2992 2985 delatique
3021 2914 3083 2968 in
3115 2915 3423 2985 Egyptum
3464 2913 3730 2984 disputa-

2085 3001 2244 3056 tione
2277 3001 2348 3055 de
2373 3001 2649 3056 interitus
2671 3007 2910 3072 experte
2942 3006 2999 3054 et
3020 3000 3285 3055 interitui
3309 2999 3567 3054 obnoxio
3590 3016 3731 3071 pro-

2085 3090 2206 3146 lata
2237 3090 2438 3145 turbas
2494 3089 2576 3144 ibi
2635 3090 2949 3145 dederunt.
2982 3091 3119 3145 Erat
3175 3094 3302 3144 tum
3362 3088 3731 3144 Alexandriae

2089 3179 2402 3252 episcopus
2435 3180 2923 3235 Dioscorue.Cum
2946 3195 3078 3234 vero
3111 3180 3296 3234 Roma
3313 3177 3385 3234 ab
3417 3177 3731 3232 Hormisda

2087 3272 2253 3326 missi
2285 3271 2548 3343 episcopi
2596 3271 2804 3342 Cpolin
2860 3270 3184 3335 venissent,
3216 3268 3491 3324 Vitaliani
3530 3267 3727 3323 studio

2085 3363 2361 3417 effectum
2385 3367 2801 3418 estutsacrum
2824 3361 3144 3416 concilium
3165 3360 3531 3416 Chalcedone
3557 3359 3728 3415 habi-

2084 3455 2211 3505 tum
2233 3451 2483 3522 reliquis
2504 3449 2693 3505 tribus
2717 3450 2780 3504 in
2807 3449 3235 3505 ecclesiasticos
3266 3449 3727 3504 commentarios

2082 3539 2738 3606 ascriberetur,Joanne
2771 3539 3114 3611 Cappadoce
3143 3539 3549 3610 episcopatum
3583 3538 3728 3609 Cpo-

2081 3629 2336 3684 litanum
2367 3629 2560 3684 adhuc
2588 3634 2849 3699 gerente.
2882 3629 3092 3684 Severo
3124 3633 3320 3684 amoto
3351 3629 3572 3684 Paulus
3603 3627 3723 3690 ele-

2082 3722 2210 3772 ctus
2241 3722 2330 3772 est
2358 3716 2433 3772 ad
2462 3717 2866 3788 episcopatum
2897 3717 3223 3772 Antiochia:
3241 3717 3586 3788 gerendum,
3622 3717 3725 3788 qui

2080 3807 2245 3878 prius
2289 3805 2618 3860 Eubuliano
2674 3804 3043 3860 xenodocbio
3098 3805 3434 3875 praefuerat.
3455 3806 3722 3860 Justinus

2081 3912 2258 3967 porro
2291 3895 2597 3958 Xenaiam,
2632 3893 2733 3965 qui
2759 3900 2818 3949 et
2847 3893 3206 3948 Philoxenus
3237 3892 3472 3963 dicitur,
3507 3894 3731 3964 episco-

2081 4002 2224 4056 pum
2247 3985 2588 4056 .Hieropolis
2621 3983 3076 4038 Manichaeorum
3118 3983 3432 4054 Opiniones
3489 3988 3726 4038 sectan-

2084 4079 2224 4141 tem,
2244 4079 2303 4128 et
2331 4075 2571 4128 Petrum
2605 4078 2875 4144 Apamea;
2897 4072 3241 4144 episcopum
3263 4087 3590 4142 omnesque
3625 4087 3729 4126 eo-

2081 4179 2213 4218 rum
2244 4167 2562 4217 sectatores
2607 4161 2908 4234 relegavit.
2943 4160 3284 4216 Amantium
3343 4159 3726 4232 praepositum

2081 4251 2346 4322 aliosque
2377 4249 2701 4305 nonnullos
2725 4248 2797 4305 ob
2822 4251 3153 4306 affectatam
3171 4248 3324 4304 688
3349 4249 3726 4322 tyrannidem

2080 4339 2327 4395 necavit.
2361 4340 2670 4396 Revocavit
2698 4339 2880 4394 etiam
2910 4354 3115 4394 omnes
3173 4355 3324 4411 quos
3379 4338 3726 4394 Anastasius

2079 4429 2299 4502 injuste
2329 4435 2598 4486 extorres
2627 4433 2848 4502 egerat.

2150 4519 2371 4574 Eodem
2394 4535 2551 4576 anno
2583 4523 2815 4574 cometa
2838 4517 2899 4572 in
2932 4517 3171 4574 Oriente
3194 4518 3354 4576 visus
3385 4524 3494 4587 est,
3526 4519 3724 4576 radios

2080 4607 2357 4664 deorsum
2381 4609 2865 4678 emittens,quem
2897 4607 3079 4662 Graeci
3111 4609 3424 4681 pogoniam
3458 4626 3492 4665 a
3523 4608 3720 4665 barbae

2081 4696 2473 4753 similitudine
2527 4697 2844 4770 sppellant.
2902 4696 3165 4753 Habebat
3229 4704 3427 4754 autem
3486 4697 3720 4754 radium

2079 4803 2281 4842 versus
2313 4786 2839 4842 occasum.Eodem
2870 4801 3022 4841 anno
3057 4803 3194 4858 pars
3225 4789 3445 4843 Veneta
3467 4791 3724 4858 potesta-

2081 4879 2202 4930 tem
2233 4877 2438 4948 populi
2469 4892 2574 4948 per
2603 4890 2809 4932 omnes
2839 4873 3018 4930 urbes
3047 4875 3352 4931 obtinebat
3394 4875 3723 4930 tumultua-

1517 4973 1886 5028 XYLANDRI
1927 4971 2008 5026 ET
2047 4973 2267 5029 GOARI
2306 4975 2530 5031 NOT/E.

388 5075 464 5146 (6)
498 5075 582 5128 Ex
614 5072 968 5146 rAcyntiano
1003 5087 1336 5146 _marmore_
1372 5075 1538 5146 flavo,
1599 5088 1671 5146 ex
1717 5071 1964 5143 Acyntio

317 5142 522 5203 monte
553 5145 628 5201 ad
657 5142 1050 5200 Chalcedonis
1093 5142 1255 5197 littus
1305 5142 1520 5199 delato.
1555 5142 1963 5215 Acipvaxa'vero

317 5219 680 5301 interpretor
708 5233 931 5301 capsum
977 5219 1068 5301 et“
1089 5215 1380 5301 tumulum,
1412 5232 1532 5301 non
1571 5217 1778 5301 ris-tarn.
1811 5215 1968 5301 90n-

315 5285 615 5346 stantinus
647 5289 706 5343 in
735 5285 1149 5357 pbrphyretico,
1171 5285 1228 5340 id
1251 5292 1342 5357 est
1374 5287 1570 5353 rubro,
1598 5286 1692 5340 hic
1718 5287 1778 5339 in
1799 5289 1964 5354 ﬂavo,

313 5362 584 5417 Justinus
622 5361 684 5414 in
713 5356 1178 5422 Prceconesiaco,
1215 5356 1274 5409 id
1315 5364 1404 5412 est
1431 5358 1574 5426 albo,
1607 5357 1872 5412 Tiberius
1904 5358 1965 5412 in

313 5435 545 5505 prasino
578 5446 870 5505 marmore
903 5429 1069 5484 fuere
1101 5428 1365 5505 repositi.
1400 5432 1572 5486 Gem.

389 5505 467 5573 (7)
499 5504 766 5558 Justinus
817 5517 1062 5556 uxorem
1111 5499 1329 5573 celebri
1382 5517 1598 5573 pompa
1647 5515 1963 5573 coronasse

363 5570 548 5647 rimus
598 5574 832 5647 legitur.
888 5570 1298 5647 Corom'ttionis
1344 5570 1542 5647 ritum'
1574 5573 1755 5647 habes
1808 5571 1964 5642 apud

363 5591 548 5629 rimus
599 5591 832 5647 tegitur.
888 5591 1298 5626 UOI‘OIlilUOIllS
1344 5591 1526 5626 I‘llum
1574 5591 1755 5626 naues
1808 5591 1869 5642 ap

319 5591 602 5702 Bodicum
633 5661 682 5702 ο.
713 5660 856 5715 xvn,
887 5649 946 5700 et
974 5643 1036 5698 in
1055 5641 1412 5714 Euchologio
1441 5649 1662 5698 nostro.
1696 5644 1869 5699 Goxn.

2146 5073 2223 5146 (_8)
2253 5073 2508 5146 Numero
2541 5071 2941 5146 multitudinis
2963 5087 3082 5126 non
3096 5071 3383 5146 pOpulum
3408 5075 3716 5146 gregatim,

2078 5143 2182 5217 sed
2213 5145 2402 5199 varias
2417 5144 2620 5217 populi
2635 5144 2916 5217 factiones
2939 5148 3254 5217 partesque
3281 5144 3341 5200 in
3363 5143 3720 5217 ludis,pom4

2077 5215 2188 5287 pis,
2224 5214 2612 5287 conventibus
2639 5214 2912 5287 publicis
2943 5214 3065 5287 sibi
3089 5214 3342 5270 invicem
3401 5233 3506 5287 pro
3537 5214 3714 5273 variis

2074 5284 2374 5342 coloribus
2406 5285 2623 5358 quibus
2641 5284 3116 5359 “seornabantin
3142 5287 3302 5359 varia
3331 5284 3568 5359 quoque
3599 5294 3719 5346 stu-

2073 5359 2169 5414 dia
2197 5356 2629 5432 nonnunquam
2687 5357 2994 5432 abeuntes,
3027 5356 3445 5432 significat.‘De
3472 5356 3720 5432 _quibus

2073 5431 2352 5484 nonnihil
2393 5446 2570 5500 supra
2600 5433 2658 5483 et
2689 5428 2842 5482 infra
2866 5428 3185 5500 copiosius.
3221 5431 3396 5485 Goxn.

2144 5503 2222 5572 (9)
2257 5501 2394 5555 Vide
2421 5499 2662 5572 Niceph.
2697 5516 2851 5564 xvm,
2879 5502 2969 5553 45.
3003 5499 3142 5554 Χη.

2142 5573 2403 5646 (tO)_Hoc
2457 5577 2565 5638 est,
2599 5587 2735 5643 pars
2786 5572 3004 5646 [eneta
3061 5587 3250 5646 supra
3295 5572 3556 5646 reliquas
3589 5582 3708 5634 tres

2075 5641 2374 5700 eminebat
2400 5641 2779 5715 potestate,et
2807 5641 3110 5699 Prasinam
3134 5641 3253 5700 sibi
3284 5641 3517 5719 srmper
3536 5665 3716 5707 temu-
