4170 6204
366 343 486 406 69⁸7

1435 335 1993 411 HISTORTARUM
2030 331 2589 412 comprimam.

3661 337 3784 412 6'93

442 481 530 552 [P.
565 459 691 555 365]
721 481 815 552 Τῷ
847 482 888 550 ζ’
917 476 1022 537 ἔτει
1055 457 1386 558 Ἀνάξαρόοξ
1442 483 1789 558 μητρόπολις
1823 481 1869 556 β’
1921 487 2023 550 τῆς

2209 484 2468 556 Septimo
2487 501 2644 540 anno
2664 484 3022 556 Anazarbus,
3048 484 3310 541 secunda
3330 485 3546 541 Ciliciae
3564 487 3792 540 metro-

375 565 638 630 Κιλικίας
667 569 884 641 ἐπτώοη
948 571 1050 625 ὑπὸ
1107 575 1332 644 σεισμοῦ
1389 566 1792 650 φοϐερωτάτου.
1851 573 1946 643 Τῷ
1981 567 2028 625 δ’

370 657 522 729 αὖτῷ
550 653 654 712 ἔτει
686 658 1079 731 κατεποντίσθη
1132 658 1385 731 ¹Ὶὲδεσσα,
1443 661 1609 725 πόλις
1666 661 1878 736 μεγάλη
1938 659 2028 714 καὶ

373 742 723 820 περιϐόητος,
759 746 847 802 διὰ
876 753 974 803 τοῦ
1006 746 1199 810 ὕδατος
1229 755 1326 804 τοῦ
1379 748 1540 822 μέσον
1576 749 1744 817 αὐτῆς
1802 746 2028 823 διερχοο

379 836 542 908 μένου
573 836 807 910 Σκίρτου
841 840 953 910 (l2)
983 844 1259 912 ποταμοῦ,
1302 839 1360 901 ὃς
1392 836 1812 912 πλημμυρήσας
1873 834 2029 906 δίκην

374 923 652 996 θαλάσσης
680 927 807 988 τοὺς
851 925 1036 990 οἷ’κους
1071 928 1162 982 σὺν
1191 933 1309 990 τοῖς
1369 926 1580 982 οῗκοῦσι
1639 927 1814 1002 σύρων
1874 925 2028 980 ἐπόν-

370 1033 506 1070 τισε.
541 1014 718 1092 Λόγος
746 1013 804 1072 δὲ
851 1015 991 1072 ἐστιν
1046 1015 1128 1072 ὅτι
1176 1016 1267 1072 καὶ
1327 1014 1532 1071 ἄλλοτε
1589 1019 1751 1071 τοῦτο
1811 1013 2025 1090 γέγονε.

369 1102 522 1159 Μετά
553 1101 608 1159 δὲ
638 1106 701 1160 τὸ
731 1109 931 1161 παῦσαι
960 1107 1030 1161 τά
1059 1103 1228 1162 ὕδατα
1281 1105 1472 1181 εὑρέθη
1525 1105 1666 1175 πλάξ
1727 1101 1912 1174 λιθίνη
1975 1103 2027 1158 ἐν

366 1195 438 1266 τῇ
498 1191 642 1269 ὄχθῃ
697 1200 794 1250 τοῦ
846 1201 1139 1269 ποταμοῦ,
1200 1193 1559 1274 γεγραμμένη
1621 1194 2028 1269 ἱερογλυφικοῖς

369 1283 692 1358 γράμμασιν
725 1285 922 1340 οὕτων.
957 1285 1184 1361 Σκίρτος
1225 1285 1478 1358 ποταμὸς
1543 1284 1832 1358 σκαρτήσει
1890 1283 2028 1336 κακά

370 1373 720 1446 σκιρτήματα
743 1371 1019 1434 πολίταις.
1059 1372 1253 1428 Πολλά
1283 1370 1342 1428 δὶ
1398 1373 1670 1448 παρεσχεν
1703 1373 1732 1426 ὁ
1768 1369 2028 1446 βασιλεὺς

369 1462 674 1525 Ἰουστῖνος
732 1462 808 1525 εἷς
888 1462 1179 1518 ἀνανέωσιν
1237 1462 1572 1542 ἀμφοτέραις
1624 1465 1744 1523 ταῖς
1808 1458 2024 1515 πόλεσι.

370 1549 468 1623 Τῷ
499 1548 544 1606 δ’
576 1553 724 1624 αὐτῷ
753 1551 857 1608 ἔτει
893 1552 1060 1628 ἐφάνη
1093 1554 1231 1628 γυνὴ
1281 1573 1365 1615 τις
1391 1550 1451 1607 ἐκ
1505 1559 1607 1622 τῆς
1666 1547 1918 1611 Κιλικίας
1950 1569 2030 1625 γιο

370 1643 727 1716 γαντογενής,
769 1641 1110 1717 ὑπερέχουσα
1161 1645 1230 1714 τῇ
1261 1640 1458 1713 ἡλικίᾳ
1515 1642 1686 1696 πάντα
1742 1638 2025 1713 ἄνθρωπον

370 1727 582 1784 τέλειον
615 1737 804 1804 πῆχυν
830 1727 944 1799 ἕνα,
1006 1731 1096 1785 καὶ
1146 1728 1380 1786 πλατεῖα
1439 1727 1666 1809 σφόδρα.
1725 1727 2029 1802 Γυρεύουσα

371 1815 429 1873 δὲ
475 1819 576 1882 τὰς
629 1818 822 1881 πόλεις
891 1815 1170 1893 ἐλάμϐανε
1228 1822 1367 1874 κατά
1423 1817 1780 1894 ἐργαστήριον
1830 1815 2034 1896 φόλλιν

381 1906 529 1980 μίαν.
569 1910 709 1966 Τότε
737 1909 826 1964 καὶ
884 1909 1057 1984 ἀστήρ
1117 1909 1282 1980 ἐφάνη
1347 1906 1399 1962 ἐν
1450 1907 1663 1982 οὐρανῷ
1716 1905 1897 1961 ἐπάνω
1926 1904 2028 1972 τῆς

376 1997 596 2074 χαλκῆς
625 1997 807 2069 πόλης
835 1999 932 2054 τοῦ
970 1998 1262 2070 παλατίου,
1295 1997 1498 2077 φαίνων
1557 1996 1646 2052 ἐπὶ
1698 1995 1912 2070 ἡμέρας
1938 1995 2030 2049 καὶ

341 2096 346 2099 ⁷
375 2087 570 2152 νύκτας
596 2092 696 2152 κς’.
731 2083 928 2164 Γέγονε
959 2086 1016 2144 δὲ
1068 2089 1160 2144 καὶ
1227 2087 1451 2160 σεισμὸς
1510 2081 1908 2166 φοϐερώτατος,
1943 2083 2031 2162 ὑφ’

376 2177 440 2232 οὗ
481 2180 552 2251 τῇ
587 2177 680 2252 μὲν
733 2175 1306 2234 Κωνσταντινουπόλει
1364 2176 1415 2232 ἐν
1471 2173 1758 2254 διαφόροις
1812 2175 2026 2246 τόποις,

372 2273 442 2336 τῆ
480 2264 537 2322 δὲ
567 2267 872 2342 Ἀντιοχείᾳ
902 2269 1156 2346 συμφορά
1193 2263 1590 2342 ἀνεκδιήγητος
1645 2273 2023 2339 προεμηνυθη.

335 2359 453 2432 ,Τῇ
481 2356 585 2433 γάρ
615 2357 844 2431 τετάρτῃ
875 2361 972 2412 τοῦ
1019 2351 1357 2431 Ὀκτωόρίου
1411 2356 1584 2428 μηνὸς
1638 2354 1706 2410 τὰ
1759 2351 2028 2428 προοίμια

367 2453 474 2515 τῆς
501 2449 600 2501 τοῦ
635 2447 770 2501 Θεοῦ
794 2446 962 2522 ὀργῆς
994 2444 1230 2515 ἐπῆλθεν
1263 2445 1401 2519 αὐτῇ
1433 2442 1504 2499 δι’
1556 2443 1908 2518 ἐμπρησμῶν
1938 2443 2028 2497 καὶ

376 2539 635 2608 σεισμῶν,
667 2535 728 2589 ὃς
763 2533 1123 2609 ἐμπορησμὸς
1160 2533 1317 2607 μέσον
1361 2540 1461 2602 τῆς
1519 2533 1733 2594 πόλεως
1793 2530 2026 2608 ἐγένετο,

370 2625 462 2680 καὶ
495 2624 760 2699 ἐκράτησε
791 2624 879 2679 ἐπὶ
910 2624 1121 2700 ἡμέρας
1173 2625 1237 2688 ς’.
1297 2624 1398 2680 Καὶ
1451 2621 1684 2692 ἐκάησαν
1716 2621 1868 2678 οἶκοι
1897 2617 2031 2675 πολ-

373 2714 488 2781 λοὶ,
520 2715 611 2769 καὶ
645 2715 908 2779 ἀπέθανον
940 2713 1065 2770 λαοὶ
1096 2711 1326 2784 πολλοὶ,
1356 2712 1445 2768 καί
1503 2707 1680 2773 οὐδεὶς
1739 2704 1881 2785 ἔγνω
1936 2709 2033 2763 πό-

383 2801 564 2858 θεντὸ
620 2806 727 2880 πῦρ
787 2802 1098 2858 ἀνάπτεται·
1157 2805 1422 2858 τοσοῦτον
1484 2800 1585 2876 γάρ
1647 2801 1682 2869 ἡ
1737 2798 1876 2874 ὀργὴ
1934 2799 2029 2852 τοῦ

341 2895 506 2946 ’Θεοῦ
537 2891 768 2962 ἐπῆλθεν
799 2889 883 2946 ἐπ’
920 2891 1060 2964 αὐτῇ
1092 2890 1230 2945 ὥστε
1287 2891 1564 2959 πτωθῆναι
1625 2884 1821 2966 σχεδὸν
1855 2889 2025 2940 πᾶσαν

364 2982 466 3049 τὴν
495 2979 775 3036 πόλινκαὶ
803 2981 972 3059 τάφον
1018 2984 1123 3036 τῶν
1183 2978 1488 3053 οἰκητόρων
1543 2977 1808 3054 γενέσθαι.
1865 2975 2028 3036 Τινᾶς

370 3067 429 3126 δὲ
455 3069 906 3146 καταχωσθέντας
959 3068 1047 3124 καὶ
1107 3065 1186 3125 ἔτι
1218 3073 1422 3139 ζῶντας
1483 3069 1587 3125 ὑπὸ
1615 3069 1714 3137 τήν
1772 3073 1882 3142 γῆν
1922 3068 2030 3140 πῦρ

343 3157 586 3228 ’ἐξελθὸν
626 3158 685 3214 ἐκ
707 3165 806 3228 τῆς
863 3164 966 3235 γῆς
1027 3155 1338 3232 κατέφλεξε.
1401 3157 1504 3213 Καὶ
1560 3153 1740 3231 ἕτερον
1801 3155 1911 3228 πῦρ
1962 3152 2022 3207 ἐκ

369 3253 468 3303 τοῦ
527 3246 682 3322 ἀέρος
737 3249 809 3310 ὡς
867 3250 1157 3322 σπινθῆρες
1221 3249 1542 3323 κατήρχετο
1593 3246 1684 3301 καὶ
1742 3247 2017 3301 κατέκαιεν

379 3335 560 3412 ὣσπερ
609 3336 862 3412 ἄστραπῆ
914 3338 1044 3399 τοὺς
1107 3335 1545 3411 εὓρίσκομένους.
1603 3333 1837 3393 ἐσείετο
1905 3331 2026 3405 δέή

337 3434 340 3436 ⁷
377 3431 448 3502 γῆ
484 3424 567 3482 ἐπ’
591 3424 832 3482 ἐνιαυτὸν
859 3421 971 3482 ἕνα.

335 3601 342 3606 φ
449 3534 543 3605 Τῷ
573 3535 620 3588 θ’
649 3531 756 3590 ἔτει
801 3538 903 3589 τοῦ
962 3538 1189 3609 σεισμοῦ
1245 3531 1662 3610 ἐπικρατοῦντος
1722 3533 2026 3613 Εὗφράσιος

378 3623 407 3678 ὁ
439 3621 731 3686 ἐπίσκοπος
760 3621 1103 3704 Ἀντιοχείας
1137 3623 1240 3678 ὑπὸ
1268 3627 1366 3679 τοῦ
1419 3628 1643 3696 σεισμοῦ
1698 3624 2024 3700 κατεχώσθη

377 3708 464 3764 καὶ
495 3709 741 3781 ἀπέθανε,
773 3710 861 3765 καί
916 3713 1020 3772 πᾶς
1079 3710 1225 3772 οἶκος
1283 3711 1372 3764 καὶ
1431 3708 1696 3781 ’ἐκκλησία
1747 3710 2024 3780 κατέπεσε,

372 3798 553 3853 καὶτὸ
582 3796 789 3862 κάλλος
831 3803 930 3870 τῆς
977 3797 1194 3860 πόλεως
1233 3797 1528 3873 ἠφανίσθη·
1583 3799 1652 3854 οὐ
1708 3798 1807 3874 γάρ
1840 3799 2025 3877 γέγονε

371 3886 597 3960 τοιαύτη
630 3886 891 3962 θεομηνία
921 3887 972 3944 ἐν
1015 3887 1161 3963 ἄλλῃ
1195 3886 1357 3944 πόλει
1415 3887 1466 3942 ἐν
1521 3889 1717 3953 πάσαις
1771 3891 1892 3952 ταῖς
1944 3910 2027 3966 γεο

369 3979 535 4047 νερῖς.
569 3973 791 4039 Πολλὰς
823 3976 920 4048 μὶν
951 3972 1052 4030 οῦν
1093 3971 1301 4050 ἀνδρῶν
1360 3975 1448 4029 καὶ
1502 3979 1773 4051 γυναικῶν
1830 3976 2028 4053 μυριά-

370 4062 486 4134 δας,
513 4062 695 4126 πλλάς
731 4062 789 4120 δὲ
837 4061 1044 4119 παίδων
1076 4066 1164 4119 καὶ
1198 4069 1431 4142 νεογνῶν
1489 4063 1541 4120 ἐν
1596 4063 1765 4141 λόγου
1816 4065 1959 4136 τάξει
1987 4067 2022 4136 ἡ

372 4157 482 4209 τῶν
513 4152 943 4230 κατενεχθέντωι
983 4151 1447 4227 οἶκοδομημάτων
1505 4152 1612 4226 ὕλη
1673 4153 2025 4210 καλύπτουσα

373 4286 392 4302 .
427 4285 443 4300 .
473 4285 488 4300 .
523 4288 536 4301 .
575 4288 589 4314 ,
619 4244 710 4299 καὶ
742 4242 900 4306 τέλος
926 4248 1088 4300 τοῦτο
1118 4246 1218 4312 τήν
1253 4243 1425 4306 οῦτως
1459 4243 1899 4318 ὀνομαστοτάτην
1932 4245 2023 4301 καὶ

371 4330 595 4410 εὔχαριν
629 4328 791 4388 ἔλαϐε
843 4331 1024 4404 πόλιν,
1084 4332 1252 4408 ἥνπερ
1310 4329 1389 4407 ἐρῖ
1448 4333 1797 4398 ὀκτακοσίους
1850 4335 2021 4390 ἐνιαυ-

368 4423 496 4485 τοὺς
557 4427 819 4478 συστᾶσαν
875 4421 925 4494 ἐξ
987 4422 1153 4500 οὗπερ
1211 4423 1383 4493 αῦτὴν
1443 4421 1764 4486 Σέλευκοςὸ
1803 4429 2023 4502 πρῶτος

365 4509 597 4581 ἵκτισεν,
626 4511 710 4566 ἐπὶ
743 4515 812 4585 τῇ
844 4511 1191 4588 προσηγορίᾳ
1217 4515 1315 4568 τοῦ
1362 4513 1568 4588 πατρὸς
1619 4513 1782 4569 αὐτοῦ
1813 4515 2023 4572 Ἀντιό-

369 4621 524 4678 χειαν
579 4579 854 4660 ἐκάλεσεν.
888 4579 1301 4676 ’Ἄγγελθένντος
1366 4598 1424 4656 δὲ
1475 4579 1574 4658 τοῦ
1628 4603 1834 4668 πάθους
1864 4605 1892 4658 ὁ
1922 4605 2016 4677 μὲν

373 4690 630 4766 βασιλεὺς
667 4690 920 4766 μεγάλως
961 4689 1178 4767 ἤλγησε
1231 4694 1330 4761 τὴν
1362 4694 1569 4767 ψυχήν,
1627 4694 1716 4747 καὶ
1767 4692 1929 4770 ῥίψας
1956 4694 2020 4750 τὸ

369 4779 615 4856 διάδημα
671 4783 761 4837 καὶ
818 4782 917 4849 τήν
975 4781 1254 4857 πορφύραν
1311 4780 1519 4837 ἐπένθει
1578 4779 1630 4836 ἐν
1687 4783 1871 4855 σάκκῳ
1927 4783 2018 4838 καὶ

369 4868 556 4944 σποδῷ
582 4871 793 4946 ἡμέρας
817 4869 1054 4943 πολλάς,
1075 4872 1164 4926 καὶ
1185 4871 1248 4926 ’ἐν
1282 4876 1351 4946 τῇ
1402 4871 1565 4946 ἑορτῇ
1598 4867 1656 4927 δὲ
1686 4871 1856 4937 λιτῶς
1907 4871 2017 4929 εἷσ-

370 4961 536 5030 ἦλθεν
568 4960 645 5024 εἷς
674 4963 776 5031 τήν
807 4958 1122 5032 ἐκκλησίαν,
1155 4962 1239 5035 [Ρ.
1273 4967 1396 5031 3ὁ6]
1452 4962 1528 5035 μή
1587 4960 2018 5038 καταδεξάμενος

370 5050 594 5128 φορέσαι
624 5053 935 5126 σήμαντρον
971 5049 1254 5125 βασιλικὸν
1303 5051 1364 5106 τὸ
1423 5051 1657 5109 οἶονοῦν.
1690 5051 1868 5109 ’Δλλά
1928 5055 2017 5109 καὶ

331 5140 564 5216 ’πάντες
623 5139 674 5195 οἶ
735 5137 786 5195 ἐν
839 5143 907 5212 τῇ
963 5137 1123 5194 πόλει
1174 5139 1330 5217 φαιάν
1403 5139 1608 5211 στολὴν
1666 5139 2018 5216 ἐνδυσάμενοι

367 5228 746 5305 πανδημεὶεἰς
790 5229 854 5285 τὸ
910 5231 1016 5304 πρὸ
1070 5236 1168 5299 τῆς
1227 5229 1442 5293 πόλεως
1501 5227 1687 5286 πεδίον
1734 5232 1872 5289 ἐπτά
1924 5255 2017 5306 ar,-

2138 573 2314 643 polis,
2337 579 2508 628 terrae
2533 578 2698 628 motu
2719 575 3040 630 suavissimo
3063 579 3376 646 prostrata.
3401 573 3618 630 Eodem
3634 588 3788 628 anno

2139 661 2377 731 Edessa,
2410 675 2625 735 magna
2656 670 2833 735 atque
2864 664 3115 719 celebris
3145 664 3306 732 urbs,
3336 663 3554 718 diluvio
3615 661 3787 716 Scirti

2140 753 2352 820 amnis,
2387 754 2487 823 qui
2517 769 2624 824 per
2645 765 2774 808 eam
2833 753 3117 820 decurrit,
3177 753 3398 809 afﬂicta
3455 757 3560 806 est.
3614 751 3787 805 Maris

2139 840 2300 894 enim
2332 841 2522 896 instar
2550 833 2837 896 Oﬂ'ille
2883 843 3190 899 exundans
3238 842 3443 896 domos
3483 856 3610 894 una
3648 853 3784 892 cum

2141 929 2613 986 inhabitantibus
2669 931 2928 1003 abripuit
2985 938 3161 1002 atque
3220 929 3560 986 submersit.
3620 927 3782 982 Alias

2143 1033 2378 1090 quoque
2411 1019 2567 1074 idem
2599 1020 2885 1074 accidisse
2917 1021 3122 1075 fertur.
3157 1020 3305 1074 Sane
3350 1018 3572 1073 diluvio
3617 1016 3786 1072 ﬁnito

2138 1106 2199 1161 in
2225 1107 2356 1179 ripa
2385 1108 2580 1162 amnis
2629 1108 2868 1163 inventa
2923 1114 3012 1164 est
3060 1108 3294 1179 lapidea
3332 1107 3552 1174 tabula,
3606 1105 3786 1176 inque

2139 1211 2268 1250 eam
2301 1197 2587 1268 inscripta
2621 1197 2746 1252 huic
2773 1197 3230 1268 hieroglyphicis
3271 1196 3507 1263 litteris,
3562 1193 3786 1248 Scirtus

2137 1285 2334 1340 amnis
2364 1285 2610 1341 saltabit
2629 1286 2787 1341 malo
2845 1285 3059 1341 civium
3091 1302 3104 1339 :
3137 1301 3274 1340 nam
3328 1285 3522 1339 amnis
3571 1294 3790 1336 nomen

2138 1375 2336 1430 Graeco
2369 1391 2644 1431 sermone
2676 1375 2750 1432 ad
2809 1375 3192 1432 saltationem
3234 1372 3465 1428 alludit.
3519 1371 3784 1426 Iustinus

2137 1463 2394 1518 multum
2423 1464 2659 1536 utrique
2690 1464 2826 1520 urbi
2854 1465 2928 1520 ad
2959 1462 3449 1518 instaurationem
3510 1458 3783 1515 contulit.

2137 1552 2357 1609 Eodem
2390 1570 2544 1611 anno
2577 1555 2700 1609 visa
2730 1559 2820 1609 est
2846 1555 3114 1625 quandam
3147 1553 3355 1608 Cilissa
3411 1550 3648 1616 mulier,
3699 1549 3786 1620 gi-

2138 1649 2382 1715 gantum
2414 1645 2666 1716 generis,
2711 1644 2980 1716 cujusvis
3030 1641 3278 1714 perfecti
3333 1640 3441 1695 viri
3499 1644 3785 1694 staturam

2139 1732 2338 1787 cubito
2371 1732 2686 1798 excedens,
2743 1732 3186 1802 admod‘umque
3239 1730 3374 1785 lata.
3430 1730 3512 1783 Ea
3561 1728 3787 1782 circum

2140 1821 2317 1875 urbes
2348 1821 2733 1892 proficiscens
2765 1837 2835 1876 ex
2866 1820 3106 1876 officina
3136 1820 3338 1890 quavis
3369 1818 3574 1873 follem
3633 1820 3788 1884 (mo-

2140 1917 2291 1965 netua
2323 1925 2508 1982 genus
2537 1910 2647 1965 hoc
2675 1912 2784 1980 est)
2815 1911 3160 1982 accipiebat.
3194 1907 3376 1964 Stella
3397 1921 3634 1978 quoque
3658 1911 3782 1960 tum

2139 1999 2198 2054 in
2230 2000 2376 2055 cmlo
2414 2000 2710 2072 apparuit,
2765 2016 2945 2071 supra
3001 2013 3215 2055 aeream
3264 1996 3468 2068 palatii
3525 1999 3780 2068 portam,

2137 2090 2452 2145 continuas
2473 2089 2606 2145 dies
2617 2095 2942 2161 noctesque
2965 2089 3166 2159 viginti
3189 2103 3292 2142 sex
3319 2087 3569 2158 fulgens.
3589 2085 3780 2138 Terrae

2137 2184 2332 2234 motus
2350 2195 2586 2250 quoque
2605 2179 2873 2250 apprime
2898 2177 3229 2233 horrendus
3243 2174 3482 2246 fuit,qui
3507 2171 3783 2244 etholiu

2141 2267 2389 2323 diversis
2418 2268 2572 2324 locis
2597 2269 2751 2324 hnsit
2781 2274 2840 2324 et
2867 2269 3192 2323 Antiochiae
3225 2263 3602 2322 ineffabilem
3632 2261 3788 2317 cala-

2134 2357 2404 2412 mitatem
2437 2357 2834 2412 denuntiavit.
2893 2357 3111 2421 Quarto
3162 2356 3332 2410 enim
3373 2354 3476 2409 die
3514 2351 3786 2407 Octobris

2135 2445 2432 2516 principia
2464 2446 2566 2500 iraa
2616 2445 2830 2500 divinas
2885 2445 3093 2499 urbem
3153 2457 3284 2498 eam
3343 2442 3781 2512 corripuerunt,

2137 2537 2542 2589 terrm‘motus'
2555 2539 2736 2605 atque
2755 2532 3118 2589 incendium:
3144 2531 3426 2586 Idmedia
3443 2529 3589 2584 urbe
3619 2541 3786 2581 exor-

2135 2627 2261 2677 tum
2296 2621 2526 2678 duravit
2553 2621 2686 2676 dies
2708 2637 2812 2677 sex
2843 2621 3179 2691 multasque
3201 2619 3409 2674 domos
3431 2623 3489 2675 et
3509 2615 3780 2671 homines
3829 2647 3832 2652 -

2135 2709 2502 2783 absumpsit;
2542 2721 2740 2782 neque
2797 2712 2946 2767 scire
3003 2710 3318 2781 quisquam
3375 2706 3568 2779 potuit
3623 2703 3780 2759 unde

2138 2800 2266 2871 ejus
2296 2800 2507 2856 fuisset
2535 2800 2793 2856 initium.
2826 2803 2970 2855 Tum
3010 2799 3112 2854 D’ei
3142 2799 3231 2852 ira
3261 2798 3341 2852 ita
3369 2797 3577 2851 urbem
3637 2809 3784 2849 con-

2135 2890 2319 2944 cussit
2349 2896 2414 2945 ut
2441 2907 2594 2962 pene
2623 2897 2748 2946 tota
2777 2890 3068 2946 corruerit
3096 2905 3163 2944 ac
3193 2888 3406 2944 civium
3439 2884 3780 2957 sepulcrum

2133 2977 2288 3035 facta
2312 2980 2408 3036 sit.
2439 2979 2734 3044 Quosdam
2766 2979 3010 3035 obrutos
3039 2983 3216 3046 terra,
3250 2981 3308 3031 et
3346 2974 3538 3030 adhuc
3583 2973 3779 3027 viven-

2136 3073 2246 3137 tes,
2271 3069 2424 3141 ignis
2455 3073 2528 3125 ex
2547 3076 2706 3125 terra
2737 3070 2938 3125 exiens
2963 3067 3263 3124 cremavit.
3298 3065 3463 3120 A’lius
3521 3063 3674 3135 ignis
3706 3077 3776 3116 ex

2079 3218 2094 3243 γ
2135 3173 2271 3214 aere
2302 3157 2491 3215 instar
2519 3159 2908 3216 scintillarum
2940 3158 3179 3225 decidit,
3205 3162 3264 3212 et
3283 3167 3432 3228 quos
3463 3155 3774 3226 attigisset,

2099 3251 2104 3256 ’
2132 3245 2401 3304 fulminis
2433 3249 2495 3305 in
2527 3264 2754 3305 morem
2784 3247 3128 3305 combussit.
3163 3249 3400 3302 Annum
3458 3244 3556 3300 ille
3601 3248 3774 3299 terrm

2131 3343 2328 3395 motus
2359 3338 2610 3396 duravit.

2205 3545 2374 3596 Anno
2406 3541 2590 3610 nono,
2620 3545 2795 3596 terras
2825 3539 2989 3596 motu
3032 3539 3358 3607 obtinente,
3413 3535 3777 3610 Euphrasius

2129 3629 2460 3685 Antiochia:
2493 3630 2804 3702 episcopus
2835 3627 2980 3684 8“
3022 3646 3089 3686 eo
3134 3628 3380 3683 obrutus
3429 3626 3595 3692 obiit,
3649 3631 3782 3681 om-

2130 3734 2354 3789 nesque
2385 3717 2543 3774 uades
2565 3723 2622 3773 et
2645 3717 2864 3790 templa
2885 3723 3260 3785 corruerunt,
3284 3717 3568 3788 urbisque
3598 3715 3778 3770 decor

2128 3808 2324 3880 periit.
2359 3807 2446 3862 Ab
2473 3808 2638 3863 omni
2676 3807 2985 3863 hominum
3044 3807 3332 3863 memoria
3381 3823 3501 3861 non
3551 3804 3778 3861 exstitit

2129 3895 2293 3954 tanta
2323 3897 2423 3954 irin
2456 3898 2556 3954 Dei
2589 3898 2652 3953 in
2683 3895 2890 3953 urbem
2922 3897 3182 3968 aliquam
3229 3896 3534 3970 grassatio.
3595 3895 3776 3949 Multa

2127 3986 2409 4050 virorum,
2442 3986 2784 4055 mulierum,
2817 3995 3138 4060 puerorum
3170 3991 3228 4040 et
3257 3985 3553 4040 infantum
3583 3983 3774 4038 millia

2129 4076 2299 4133 collis
2322 4076 2510 4132 instar
2529 4083 2870 4132 coacervata
2895 4081 3320 4148 prostratarum
3337 4074 3650 4129 domorum
3665 4090 3777 4128 ma-

2131 4165 2309 4220 teries
2339 4165 2663 4237 operiebat.
2693 4166 2857 4220 Hunc
2889 4165 3112 4220 exitum
3130 4163 3339 4220 habuit
3361 4163 3503 4218 urbs
3524 4161 3774 4218 nobilis-

2128 4253 2280 4309 sima
2309 4259 2486 4324 atque
2519 4253 2980 4327 elegantissima,
3013 4271 3144 4324 quas
3176 4253 3249 4310 ab
3280 4258 3412 4308 ortu
3457 4253 3587 4319 suo,
3638 4267 3772 4306 cum

2128 4359 2258 4398 eam
2289 4341 2571 4398 Seleucus
2597 4343 2826 4415 primus
2853 4339 3118 4400 condidit
3145 4361 3211 4398 ac
3233 4342 3304 4399 de
3326 4342 3508 4415 patris
3529 4341 3773 4397 nomine

2123 4431 2496 4487 Antiochiam
2532 4430 2870 4503 appellavit,
2900 4431 2971 4486 ad
3004 4433 3108 4486 800
3138 4448 3327 4487 annos
3358 4435 3620 4486 steterat.
3656 4431 3774 4484 An-

2095 4591 2100 4602 .
2126 4520 2399 4576 nuntiata
2429 4521 2538 4578 hac
2570 4521 2736 4576 clade
2769 4520 3091 4592 imperator
3111 4520 3458 4592 gravissime
3487 4518 3772 4584 indoluit;

2127 4609 2222 4682 abj
2235 4610 2496 4682 ectisque
2529 4609 2864 4665 diademate
2888 4615 2946 4664 et
2966 4627 3424 4682 purpura,sacco
3448 4609 3692 4665 indutus
3721 4613 3780 4662 et

2129 4701 2326 4756 cinere
2358 4713 2716 4770 conspersus
2742 4709 2848 4770 per
2886 4698 3105 4754 multos
3137 4699 3263 4755 dies
3295 4699 3482 4765 luxit;
3517 4714 3584 4754 ac
3625 4696 3774 4750 festo

2129 4789 2307 4845 etiam
2334 4788 2430 4845 die
2462 4788 2560 4843 vili
2593 4787 2802 4843 habitu
2833 4787 3121 4860 templum
3172 4788 3328 4854 iniit,
3378 4785 3613 4844 nullum
3663 4783 3777 4837 im-

2126 4879 2278 4952 perii
2310 4879 2544 4950 signum
2574 4883 2803 4951 gestare
2836 4878 3156 4934 sustinens.
3190 4875 3301 4932 Sed
3324 4882 3382 4932 et
3408 4876 3508 4948 qui
3540 4875 3602 4929 in
3629 4872 3774 4928 urbe

2129 4973 2299 5024 erant
2329 4967 2608 5037 universi,
2632 4966 2841 5038 pullati
2873 4981 2980 5038 per
3004 4971 3231 5038 septem
3257 4963 3382 5022 dies
3405 4965 3466 5019 in
3497 4967 3775 5034 campum

2129 5057 2228 5130 qui
2262 5056 2338 5112 ad
2368 5057 2688 5129 septimum
2719 5055 2979 5126 lapidem
3005 5055 3077 5112 ab
3126 5055 3270 5111 urbe
3317 5054 3501 5110 dietat
3549 5050 3777 5123 suppli-

2129 5147 2300 5204 candi
2333 5144 2728 5218 causajejuui
2761 5144 3090 5200 exiverunt.
3125 5143 3282 5200 Misit
3330 5143 3652 5214 imperator
3701 5139 3777 5195 ad

2127 5235 2567 5310 repurgandam
2600 5234 2926 5290 Antiochiae
2958 5249 3155 5290 aream
3188 5238 3250 5289 et
3280 5231 3775 5288 instaurationem

1572 5349 1940 5434 XYLANDRI
1979 5354 2065 5408 ET
2103 5353 2312 5409 conn
2351 5351 2571 5408 Nom.

442 5467 555 5538 (l2)
589 5467 756 5542 Apud
787 5465 1182 5542 Nicephorum
1213 5483 1341 5537 χιιι,
1374 5469 1426 5536 3,
1460 5468 1519 5542 in
1550 5469 1817 5542 margine
1837 5470 2026 5542 hexa-

372 5537 562 5613 meter
589 5537 822 5613 Gimcus
853 5537 953 5613 est
983 5539 1290 5613 ascriptus
1317 5555 1331 5593 :
1374 5537 1604 5612 Σκίρτος
1653 5537 1931 5613 σκιρτῆσαι
1961 5559 2020 5594 τε

371 5609 535 5666 κακὸν
554 5609 832 5685 σκίρτημα
859 5607 1303 5683 πολίταιςίΕίζο
1361 5607 1556 5683 ριότε
1586 5607 1911 5670 scriberem
1937 5629 2014 5684 τι,

2131 5469 2246 5524 nisi
2279 5469 2429 5523 forte
2459 5467 2532 5539 de
2571 5465 2777 5522 multis
2828 5466 3095 5523 versibus
3153 5468 3247 5523 hic
3295 5481 3451 5524 unus
3499 5471 3610 5538 est,
3657 5481 3772 5539 quo

2131 5541 2376 5669 θορυιῖ
2385 5539 2464 5595 sit
2512 5537 2717 5594 locus:
2765 5541 2997 5611 A-ﬂu‘get
3046 5542 3266 5596 miseros
3319 5541 3492 5597 Scirti
3543 5537 3768 5596 saltatio

2129 5628 2290 5670 οιυεδ.
2379 5627 2467 5668 na.

4141 4817 4145 5019 Ι
