4170 6204
379 280 504 344 699

1741 272 2059 337 GEORGII
2101 275 2446 340 CEDRENI

3677 280 3799 352 τοο

381 418 514 488 ejus
533 415 722 481 urbis,
749 415 845 470 cui
881 413 967 468 rei
991 413 1260 482 impense
1281 409 1577 476 studebat,
1595 409 1722 465 auri
1752 415 2030 466 centena-

2166 409 2302 472 ιείος
2333 412 2540 486 ἀπέχον
2572 415 2679 485 (13)
2711 409 2799 468 ἐπὶ
2857 413 2992 468 ἑπτὰ
3047 410 3280 488 ἡμεραις
3312 411 3653 487 ξίλιτάνευον
3695 435 3804 485 νη-

386 508 506 561 rios
537 508 604 560 50
633 511 692 559 et
721 503 982 575 opiﬁces.
1015 501 1135 555 Sub
1157 499 1368 555 eodem
1399 499 1688 554 instituta
1711 504 1851 554 sunt
1869 499 2035 554 ferite

385 612 514 665 quae
548 595 906 664 Hypapantm
937 590 1235 654 dicuntur,
1267 589 1434 660 prius
1475 605 1598 643 non
1643 587 1884 644 habita.
1917 587 2035 643 Sed

385 689 443 739 et
473 679 908 752 Pompeiopolis
943 679 1136 750 Mysia:
1168 678 1310 733 urbs
1341 683 1534 750 rupta,
1569 678 1818 749 ejusque
1859 677 2036 732 dimi-

385 771 548 826 dium
575 787 695 825 una
725 786 858 824 cum
899 768 1330 823 habitatoribus
1363 773 1521 823 terra
1542 767 1888 840 absorptum
1922 774 2034 837 est,

386 858 775 930 hominesque
830 859 986 913 infra
1044 863 1262 912 terram
1315 857 1494 912 delati
1558 857 2033 912 misericordiam

389 963 630 1004 suorum
651 949 990 1020 implorant.
1016 949 1256 1003 Decima
1272 953 1482 1018 quarta
1501 947 1594 1003 die
1622 948 1845 1002 mensis
1869 949 2036 1019 Apri-

387 1036 460 1092 lis
491 1037 636 1108 ipsis
668 1037 1054 1092 Paschalibus
1085 1037 1272 1105 feriis,
1302 1037 1570 1091 Justinus
1601 1037 1808 1091 morbo
1841 1053 2041 1092 corre-

388 1132 523 1198 ptus
551 1127 950 1182 Justinianum
976 1126 1196 1181 sororis
1219 1143 1338 1180 suae
1362 1126 1514 1181 642
1541 1125 1728 1179 lilium
1753 1125 2038 1198 collegam

390 1213 626 1285 imperii
657 1214 864 1268 ascivit
895 1230 961 1268 ac
1000 1214 1320 1280 coronavit,
1373 1229 1627 1283 cumque
1673 1230 1740 1268 eo
1787 1219 2042 1284 quatuor

389 1319 626 1358 menses
653 1303 979 1374 imperavit.
1015 1305 1275 1372 Augusto
1308 1318 1532 1367 mense,
1567 1319 1636 1357 ea
1665 1302 1794 1372 ipsa
1835 1302 2041 1372 quinta

390 1393 740 1457 indictione,
766 1399 1035 1448 mortuus
1055 1398 1143 1446 est
1165 1392 1470 1464 piissimus
1495 1391 1803 1446 Justinus:
1828 1408 2041 1462 corpus

396 1483 525 1554 ejus
557 1483 618 1536 in
649 1499 786 1538 arca
817 1483 1055 1553 prasina
1090 1482 1415 1552 repositum
1475 1487 1562 1536 est
1611 1481 1672 1535 in
1731 1481 2041 1536 mansione

397 1577 692 1643 Augustae,
715 1572 887 1642 juxta
935 1588 1180 1626 uxorem
1229 1570 1654 1642 Euphemiam;
1713 1569 1813 1624 ubi
1862 1570 2040 1625 etiam

399 1661 565 1716 stola;
596 1661 998 1733 apostolorum
1021 1662 1272 1716 inventa)
1296 1667 1450 1715 sunt.
1475 1663 1610 1716 Erat
1631 1667 1756 1716 tum
1787 1660 2041 1731 patriar-

395 1752 506 1807 cha
526 1752 721 1823 Cpolis
739 1753 1016 1807 Joannes.
1043 1753 1106 1805 In
1130 1751 1326 1806 locum
1359 1757 1556 1806 autem
1582 1750 1891 1822 Euphrasii
1923 1751 2044 1804 An-
2074 1772 2120 1834 Β

394 1841 627 1896 tiochiaa
641 1841 1004 1912 episcopatui
1022 1840 1438 1895 communibus
1454 1839 1747 1912 suffragiis
1767 1838 2046 1910 deligitur

394 1930 806 2002 Euphraamius
821 1930 1172 1984 Amidenus.
1208 1929 1466 1984 Orientis
1489 1946 1707 1993 comes,
1740 1929 1827 1982 vir
1847 1927 2044 1982 divino

397 2019 580 2073 animi
614 2019 841 2076 fervore
873 2020 1152 2075 adversus
1183 2018 1442 2073 divulsos
1479 2018 1551 2072 ab
1601 2017 1862 2072 Ecclesia
1891 2034 2046 2088 prae-

400 2109 579 2166 ditus.

2147 499 2442 562 στεύοντες.
2477 501 2532 556 Ὀ
2563 498 2622 555 δὲ
2671 498 2931 577 βασιλεὺς
2985 501 3300 557 ἀπέστειλεν
3369 501 3446 564 εἷς
3496 501 3801 578 ὲκχοῖσμὸν

2147 588 2235 641 καὶ
2295 589 2680 664 ἆνακαιπσμὸν
2735 592 2837 661 τῆς
2889 588 3108 654 πόλεως
3181 590 3416 670 χρυσίου
3469 593 3806 666 κεντηνάρια

2145 677 2487 746 πεντήκοντα
2539 678 2630 732 καὶ
2687 674 2887 754 ἄνδρας
2947 677 3319 754 μηχανικοὺς,
3372 679 3465 733 καὶ
3519 680 3589 748 ἦν
3647 678 3805 750 αύτῷ

2150 762 2360 835 σπουδὴ
2392 770 2489 820 τοῦ
2518 769 2616 836 την
2647 772 2908 822 πεσοῦσαν
2947 767 3110 823 πόλιν
3168 765 3514 843 ’Δντιόχειαν
3568 769 3806 823 ἀνακαι-

2148 852 2290 908 νίσαι
2346 855 2403 910 Ἐ
2453 856 2465 870 ’
2540 854 2553 874 ’
2633 852 2740 874 ”“
2938 857 2950 875 ’
3210 856 3220 875 ’
3461 861 3488 872 ”’
3642 856 3657 874 “
3748 859 3762 874 “

2297 896 2310 910 .
2407 877 2467 910 πι
2495 876 2663 910 αυτου
2695 869 2751 911 οε
2782 855 3032 927 ἐτυπωθη
3067 856 3340 932 ἑορτάζειν
3373 859 3521 931 ἡμας
3569 878 3658 912 και
3701 878 3808 926 την

2150 944 2346 1017 ἑορτὴν
2376 950 2478 1013 τῆς
2517 945 2860 1016 Ὑπαπαντῆς
2883 949 2973 1019 (13
3006 949 3022 1018 )
3050 952 3151 1016 τῆς
3186 945 3353 1021 μέχρι
3382 946 3506 1001 τότε
3539 947 3615 1020 μή
3677 947 3809 1021 ἔορ-

2149 1034 2476 1106 ταζομὲνης.
2510 1031 2684 1090 Ἀλλά
2741 1035 2830 1088 καὶ
2860 1036 2894 1103 ἡ
2925 1034 3389 1107 Πομπηϊούπολις
3437 1041 3536 1103 τῆς
3588 1033 3806 1096 Μυσίας

2151 1118 2500 1195 διαρῥαγεῖσα
2545 1122 2708 1196 μέσον
2763 1123 3033 1193 κατεπόθη
3098 1123 3233 1197 μετά
3298 1128 3405 1179 τῶν
3467 1123 3805 1198 οὶκητόρων,

2149 1210 2240 1264 καὶ
2271 1205 2492 1284 ἔκραζον
2529 1213 2631 1267 ὑπὸ
2659 1213 2758 1281 τὴν
2791 1219 2896 1288 γῆν
2929 1208 3076 1274 ὄντες
3107 1213 3159 1266 οἱ
3200 1211 3479 1287 ἅνθρωποι
3510 1214 3572 1267 τὸ
3605 1210 3807 1283 Ἐλεή-

2149 1320 2293 1357 σατε.
2325 1302 2406 1372 Τῇ
2440 1297 2496 1354 δὲ
2531 1297 2598 1355 ιδ’
2621 1305 2718 1355 τοῦ
2747 1299 3088 1376 Ἀπριλλίου
3126 1301 3320 1374 μηνὸς,
3374 1304 3443 1375 τῇ
3491 1301 3655 1376 ἑορτῇ
3701 1304 3806 1356 τοῦ

2149 1391 2364 1465 Ηασχα,
2423 1389 2718 1461 ἀσθενήσας
2778 1391 3068 1451 Ἰουστῖνος
3117 1390 3542 1465 προεχειρίσατο
3583 1390 3660 1452 εἰς
3695 1390 3801 1464 βα-

2152 1477 2306 1534 σιλέα
2365 1481 2746 1537 Ἰουστινιανὸν
2801 1481 2892 1536 τὸν
2952 1477 3097 1535 ’ἰδιον
3155 1480 3392 1554 ἀνεψιὸν,
3453 1481 3543 1536 καὶ
3583 1477 3804 1554 ἔστεψεν

2150 1569 2339 1638 αὐτὸν,
2369 1569 2460 1623 καὶ
2490 1566 2929 1625 συνεϐασίλευσεν
2961 1568 3105 1641 αύτῷ
3165 1576 3336 1642 μῆνας
3387 1567 3450 1626 δ’.
3495 1569 3806 1644 Αὐγούστῳ

2152 1655 2209 1712 δὲ
2244 1658 2378 1732 μηνὶ
2407 1665 2508 1726 τῆς
2561 1655 2729 1728 circi:
2788 1667 2823 1714 ε’
2883 1655 3216 1721 ίνδικτιῶνος
3273 1659 3617 1730 ἐτελεύτησεν
3651 1662 3679 1716 ὁ
3713 1659 3808 1715 εύ-

2151 1742 2313 1816 σεϐἡς
2345 1749 2658 1816 Ἰοκστῖνος,
2689 1748 2780 1802 καὶ
2829 1747 2984 1819 ἐτέθη
3033 1748 3094 1804 τὸ
3146 1752 3306 1822 σῶμα
3355 1747 3518 1804 αὖτνῦ
3556 1747 3610 1803 ἐν
3659 1754 3804 1825 μονῇ

2152 1843 2253 1906 τῆς
2287 1835 2629 1912 Αύγούστης,
2661 1837 2712 1892 ἐν
2769 1836 3000 1913 λάρνακι
3056 1841 3318 1913 πρασίνῃ,
3378 1841 3511 1913 μετὰ
3561 1839 3654 1894 καὶ
3700 1847 3810 1910 τῆς

2152 1925 2406 2000 γυναικὸς
2437 1925 2603 1982 αὐτοῦ
2653 1927 2966 2006 Εὐφημίας,
3018 1927 3069 1983 ἐν
3103 1929 3148 2000 ᾧ
3195 1927 3287 1982 καὶ
3344 1929 3398 1983 αἱ
3443 1926 3635 1984 στολαὶ
3691 1935 3804 1984 τῶν

2153 2014 2320 2091 ἁγίων
2351 2014 2672 2070 ἀποστόλων
2721 2017 3039 2092 εὑρέθησαν.
3095 2017 3196 2071 Τὸν
3256 2013 3314 2071 δέ
3371 2023 3471 2086 τῆς
3531 2019 3812 2094 ἀρχιερωο

2155 2105 2319 2174 σύνης
2369 2103 2559 2179 θρόνον
2621 2101 2821 2160 διεῖπεν
2883 2105 3158 2175 Ἰωάννης.
3219 2109 3322 2160 Τοῦ
3379 2102 3436 2160 δί
3493 2104 3811 2200 Εὗφρασίου

394 2195 694 2253 ἐπισκόπου
725 2196 1063 2276 ’Δντιοχείας
1090 2194 1533 2267 τελευτήσαντος,
1567 2195 1908 2275 Εύφδῡαίμιος
1940 2196 1967 2250 ὁ
2008 2191 2238 2268 Ἀμίδας
2298 2195 2434 2268 (14),
2489 2194 2669 2268 κόμης
2725 2193 3028 2265 Ἀνατολῆς
3089 2191 3186 2264 ὤν,
3247 2199 3650 2270 χειροτονεῖται
3683 2197 3780 2250 ἀντ

399 2286 584 2358 αὖτοῦ,
621 2285 767 2348 ὅστις
800 2286 967 2356 ζῆλον
997 2288 1140 2341 θεῖον
1169 2286 1303 2340 γατά
1331 2290 1436 2340 τῶν
1469 2287 1818 2360 ἁποσχιστῶν
1852 2287 2022 2360 εἶχεν.

469 2381 643 2434 Anno
671 2378 878 2433 mundi
911 2379 1072 2444 602i,
1105 2377 1178 2432 ab
1211 2377 1623 2432 incarnatione
1655 2377 1757 2431 Dei
1789 2378 1914 2443 526,
1945 2377 2047 2431 Ju—

397 2467 694 2525 stinianus
725 2469 968 2539 Magnus
989 2467 1304 2538 imperium
1321 2468 1650 2522 Romanum
1669 2465 1830 2520 solus
1843 2480 2047 2537 gerere

396 2559 594 2630 cmpit.
623 2556 941 2628 Imperavit
997 2572 1186 2610 annos
1245 2557 1330 2621 38,
1393 2571 1632 2610 menses
1677 2559 1729 2623 7,
1779 2554 1906 2609 dies
1960 2555 2045 2607 l3.

400 2648 530 2703 Fuit
557 2652 782 2702 statura
813 2645 1076 2716 corporis
1107 2644 1546 2715 aliquantulum
1564 2645 1923 2698 mediocrem
1954 2658 2049 2696 ex-

398 2736 668 2796 cedente,
701 2733 905 2798 ruber,
936 2733 1102 2788 vultu
1133 2733 1281 2787 truci
1314 2738 1371 2788 et
1400 2732 1682 2799 versatili,
1705 2732 1894 2802 capite
1928 2747 2048 2786 non

400 2824 553 2878 nihil
584 2821 809 2895 glabro.
844 2825 1009 2875 Anno
1042 2821 1231 2876 aetatis
1280 2823 1346 2874 45
1400 2837 1598 2876 rerum
1660 2820 1880 2891 potitus
1921 2824 2046 2885 est;

401 2928 658 2982 cumque
689 2911 816 2966 sine
865 2909 1088 2983 collega
1139 2910 1433 2982 imperare
1486 2909 1778 2981 cmpisset,
1831 2925 2051 2964 munus

403 3003 716 3062 consulare
749 3003 934 3058 edidit
955 3008 1246 3074 quantum
1278 3018 1452 3058 nemo
1483 3007 1620 3058 ante
1660 3002 1876 3073 ipsum.
1911 3002 2052 3055 Per-

400 3094 770 3150 secutionem
794 3093 1012 3148 Graacaa
1035 3091 1341 3164 religionis
1365 3096 1422 3146 et
1444 3091 1712 3146 omnium
1731 3090 2050 3146 haeresium

399 3184 677 3239 instituit.
711 3183 978 3252 Cumque
1008 3180 1228 3236 multos
1286 3196 1597 3251 procerum
1646 3179 1778 3235 labe
1830 3179 2051 3234 Ariana

2229 2371 2452 2446 Κόσμου
2506 2367 2626 2435 ἔτος
2679 2374 2833 2446 ’ςκα“,
2899 2380 3000 2443 τῆς
3055 2374 3200 2435 θείας
3285 2373 3610 2450 σαρκώσεως
3689 2373 3816 2452 pur

2155 2462 2537 2523 Ἰουοτινιανὸς
2582 2462 2610 2516 ὁ
2669 2461 2853 2538 Μέγας
2909 2459 3168 2537 βασιλεὺς
3219 2463 3508 2536 Ῥωμαίων
3566 2458 3660 2532 ἔτη
3716 2461 3812 2533 λη“

2161 2559 2334 2626 μῆνας
2369 2551 2650 2626 ζ’ἡμὲρας
2683 2560 2771 2628 ιγ“.
2831 2551 3004 2615 Οῦτος
3061 2555 3162 2623 τήν
3216 2556 3314 2608 τοῦ
3371 2554 3627 2626 σώματος
3682 2552 3816 2606 ἀνα-

2159 2639 2370 2716 δρομὴν
2410 2642 2533 2716 εἶχε
2565 2641 2747 2716 βραχὺ
2784 2641 3006 2711 μείζονα
3031 2645 3130 2697 τοῦ
3182 2643 3372 2715 μὲσου,
3431 2639 3653 2717 ἐρυθρὸς
3706 2642 3812 2709 τὴν

2159 2729 2379 2808 χροιάν,
2412 2731 2660 2808 χαροπὸν
2690 2733 2800 2802 (iii)
2830 2731 2920 2784 καί
2952 2729 3372 2808 εὗπερίστροφον
3417 2727 3661 2805 βλέπων,
3716 2729 3812 2784 καὶ

2157 2820 2256 2887 τήν
2284 2816 2526 2895 κεφαλὴν
2558 2818 2695 2892 πρὸς
2726 2819 2907 2892 κόμης
2937 2817 3148 2880 κάλλος
3192 2819 3384 2893 μικρὸν
3438 2817 3812 2893 ἐψιλωμένην.

2173 2905 2454 2964 Βασιλεύει
2495 2903 2552 2962 δὲ
2583 2907 2715 2962 ἐτῶν
2750 2908 2849 2981 με’.
2884 2908 2986 2964 Καὶ
3047 2911 3527 2982 μονοκρατορήσας
3579 2905 3816 2963 δέδωκεν

2162 2994 2415 3051 ὑπατείαν
2441 3000 2557 3066 (16)
2587 2994 2720 3066 ὅσην
2749 2992 2925 3058 οὐδεὶς
2957 2995 3225 3073 βασιγέων
3257 2993 3480 3053 δέδωκε.
3513 2998 3614 3053 Καὶ
3675 2995 3813 3052 διω-

2161 3083 2302 3160 γμὸν
2332 3083 2466 3139 κατὰ
2498 3083 2785 3154 Ἑλλήνων
2843 3087 2934 3140 καὶ
2991 3086 3170 3156 πάσης
3225 3084 3481 3160 αἱρέσεως
3537 3084 3810 3156 ἐκίνησεν.

2163 3172 2352 3248 Εὑρὼν
2391 3169 2448 3227 δὲ
2478 3171 2723 3235 πολλοὺς
2749 3177 2856 3228 τῶν
2900 3172 2951 3227 ἐν
3010 3171 3156 3228 τέλει
3217 3178 3514 3238 νοσοῦντας
3549 3175 3649 3242 τὴν
3696 3179 3812 3230 τῶν

399 3273 633 3327 vitiatos
663 3232 1160 3342 depreh‘enderet,
1192 3232 1364 3324 boriis
1418 3285 1622 3324 eorum
1675 3266 2048 3340 publicandis

2166 3232 2516 3339 ’Λρειανιτῶν
2545 3259 2770 3336 α’ίρεσιν,
2822 3260 3100 3335 δημεύσας
3157 3283 3216 3318 τε
3269 3262 3360 3318 καὶ
3415 3262 3814 3340 τιμωρησάμε-

401 3369 460 3417 et
492 3360 798 3432 suppliciis
829 3358 1160 3430 irrogandis
1193 3374 1470 3430 magnum
1492 3357 1622 3412 aliis
1654 3362 1940 3412 terrorem
1967 3357 2054 3410 in-

401 3449 605 3513 cussit,
639 3448 766 3520 lege
799 3448 975 3502 etiam
1017 3447 1138 3502 lata
1186 3452 1251 3501 ut
1301 3463 1476 3502 nemo
1526 3446 1641 3502 nisi
1689 3445 2051 3502 orthodoxus

412 3555 538 3594 rem
570 3536 866 3609 publicam
889 3541 1137 3609 gereret.
1163 3536 1402 3607 Templo
1421 3535 1603 3607 Sergii
1620 3540 1674 3590 et
1697 3534 1907 3591 Bacchi
1923 3551 2054 3590 san-

413 3634 665 3692 ctorum,
700 3643 767 3681 ea
799 3643 928 3697 qum
959 3641 991 3680 a
1018 3624 1236 3697 palatio
1289 3629 1426 3679 sunt
1483 3641 1684 3680 versus
1743 3641 1944 3690 mare;
1996 3628 2054 3679 et

411 3718 677 3790 proxime
702 3715 920 3786 templo
944 3714 1346 3787 apostolorum
1379 3731 1546 3770 suam
1577 3715 1876 3786 propriam
1899 3715 2052 3770 643

408 3807 650 3864 domum
679 3823 1002 3878 omnesque
1035 3822 1172 3861 suas
1203 3805 1485 3876 pristinas
1516 3821 1658 3877 opes
1687 3805 1925 3878 adjecit,
1967 3810 2057 3860 at-

410 3913 523 3969 que
555 3896 637 3952 ita
663 3913 734 3952 ex
765 3896 858 3951 his
890 3893 1118 3950 duobus
1151 3893 1390 3966 templis
1430 3892 1856 3948 monasterium
1887 3892 2055 3948 illus-

409 3987 589 4042 trium
620 3986 878 4041 virorum
908 3983 1154 4056 redegit.

483 4075 704 4132 Eodem
733 4091 890 4130 anno
922 4091 1023 4128 rex
1072 4075 1385 4128 Persarum
1442 4072 1652 4128 Tzatho
1709 4070 1933 4127 bellum
1983 4071 2056 4126 ob

412 4165 624 4221 initam
681 4181 816 4218 cum
873 4162 1156 4218 Romanis
1235 4162 1576 4218 societatem
1635 4159 1855 4217 intulit.
1912 4160 2058 4215 Huic

2157 3372 2246 3414 νος
2279 3346 2450 3431 φόϐον
2492 3349 2665 3407 πολὺν
2731 3352 3040 3428 εἰργάσατο,
3095 3354 3349 3418 θεσπίσας
3401 3354 3600 3428 μόνους
3644 3354 3817 3422 ὀρθο-

2162 3438 2348 3512 δόξους
2398 3440 2799 3500 πολιτεύεσθαι.
2856 3442 2953 3497 Καὶ
3012 3445 3105 3499 τὸν
3165 3441 3222 3499 δὲ
3278 3449 3386 3499 τῶν
3443 3444 3615 3520 ἁγίων
3673 3451 3812 3521 Σερ-

2159 3530 2282 3608 γίου
2311 3530 2401 3586 καὶ
2461 3530 2680 3607 Βάκχου
2722 3533 2830 3606 (17)
2890 3531 3126 3608 ἐχόμενα
3182 3537 3278 3588 τοῦ
3338 3531 3618 3589 Παλατίου
3672 3535 3815 3608 πρὸς

2161 3619 2522 3692 θάλασσαν...,
2564 3620 2656 3676 καὶ
2714 3619 2969 3696 σύνεγγυς
3019 3621 3216 3678 τούτου
3266 3622 3388 3678 ναὸν
3441 3627 3552 3678 τῶν
3606 3624 3812 3699 Ἀγίων

2159 3710 2535 3782 ’Δποστόλων,
2583 3709 2723 3767 ἴδιον
2791 3712 2956 3767 αὐτοῦ
3014 3712 3165 3768 οἶκον
3225 3714 3674 3790 προϋπάρχοντα,
3717 3715 3814 3768 καὶ

2163 3807 2336 3858 πᾶσαν
2370 3801 2534 3858 αὐτοῦ
2573 3803 2671 3872 την
2713 3802 2904 3878 πρώην
2962 3803 3185 3878 ὕπαρξιν
3239 3809 3359 3866 τοῖς
3418 3800 3536 3858 δυσὶ
3593 3803 3814 3866 τούτοις

2165 3893 2470 3973 ἀφιερώσας
2499 3895 2650 3956 ναοῖς
2682 3893 3046 3968 μοναστήριον
3079 3899 3386 3972 περιφανῶν
3437 3890 3650 3970 ἀνδρῶν
3697 3898 3812 3967 (18)

2163 3980 2544 4057 ἀπεκλήρωσε.

2237 4074 2332 4144 Τῷ
2365 4068 2409 4126 δ’
2439 4069 2586 4143 αὐτῷ
2617 4067 2724 4126 ἔτει
2747 4072 2775 4126 ὁ
2809 4071 3065 4146 βασιλεὺς
3099 4077 3316 4148 Περσῶν
3336 4070 3596 4146 ἐπολέμει
3615 4071 3814 4145 Τζάθῴ

2165 4161 2240 4222 ὡς
2270 4161 2585 4236 προσρυέντι
2615 4159 2935 4233 Ῥωμαίοις.
2967 4162 3177 4234 Πέμπει
3205 4161 3296 4216 οὗν
3319 4161 3468 4234 αὐτῷ
3501 4161 3819 4218 Ἰουστινια-

411 4254 628 4308 Tzatbo
660 4251 1032 4307 Justinianus
1064 4250 1382 4306 auxiliares
1413 4251 1596 4305 mittit
1639 4249 1859 4322 capias,
1892 4249 2048 4304 duci-

2166 4250 2256 4312 νὸς
2288 4249 2567 4326 βλήθειαν,
2600 4249 2828 4325 στρατὸν
2858 4249 2947 4304 καὶ
2991 4248 3328 4325 στρατηγοὺς
3354 4255 3523 4326 τρεῖς,
3577 4249 3815 4307 Βελισά-

411 4342 522 4397 bus
550 4341 865 4396 Belisarios
895 4344 1114 4412 Keryco
1150 4345 1209 4396 et
1235 4342 1408 4395 Petro
1438 4357 1452 4406 ;
1486 4339 1587 4411 qui
1619 4356 1753 4396 cum
1793 4338 1854 4394 in
1901 4339 2058 4395 bello

2168 4357 2304 4412 ριον,
2339 4339 2590 4413 Κήρυκος
2617 4336 2706 4391 καὶ
2759 4336 2978 4414 Πέτρον,
3025 4339 3174 4412 [367]
3216 4337 3387 4393 οἱκαὶ
3429 4339 3566 4395 κατὰ
3614 4339 3808 4416 φθόνον

411 4430 667 4504 gerendo
725 4435 932 4486 mutua
989 4429 1208 4485 invidia
1262 4429 1580 4486 transversi
1640 4434 1977 4503 agerentur,
2026 4447 2048 4485 ε

2168 4424 2434 4497 ἀλλήλων
2491 4424 2904 4500 πολεμήσαντες
2961 4428 3297 4499 ἡττήθησαν.
3353 4429 3628 4500 Λυπηθεὶς
3659 4428 3808 4482 οὖνὸ

1619 4526 1980 4584 XYLANDRI
2017 4529 2105 4583 ET
2133 4527 2346 4584 GOARI
2384 4527 2604 4583 NOTAE.

483 4629 595 4700 (I3)
627 4627 909 4700 Planities
940 4626 1044 4682 illa
1074 4643 1108 4682 a
1135 4626 1385 4698 septimo
1409 4625 1613 4700 lapide
1637 4643 1752 4697 quo
1771 4625 2061 4695 distat,di-
2088 4627 2136 4694 D
2168 4625 2406 4700 dicitur,
2439 4626 2658 4700 comes)
2689 4624 2832 4700 satis
2864 4624 3053 4697 liquet
3082 4643 3153 4682 ex
3182 4627 3424 4699 Evagrio
3457 4643 3532 4696 ιν,
3557 4629 3611 4694 6,
3635 4631 3695 4682 et
3710 4625 3812 4681 Ni-

412 4693 896 4770 οἰῐίιιν”Έϐδομος.
928 4701 1005 4754 De
1039 4716 1154 4770 qua
1185 4693 1364 4770 supra
1393 4693 1567 4770 GoAn.

483 4774 616 4844 (13')
673 4768 1006 4839 Ύπάπάνηφ
1057 4768 1218 4844 quod
1259 4768 1556 4844 nimirum
1618 4768 1806 4844 quasi
1846 4769 1908 4844 in
1963 4785 2056 4824 oc-

409 4839 650 4901 cursum
690 4844 1030 4915 prodiretur
1076 4839 1316 4915 Christo
1375 4841 1434 4894 in
1495 4840 1716 4915 templo
1775 4839 2052 4915 dedican-

409 4918 504 4973 do.
547 4919 649 4972 Est
695 4911 863 4971 enim
925 4912 1274 4969 solemnitas
1330 4928 1508 4982 quam
1567 4911 1781 4966 usitate
1840 4912 2056 4966 Puriﬁ-

409 4989 660 5045 cationis
690 4986 966 5042 dicimus.
998 4983 1160 5050 Quod
1208 4983 1400 5053 primo
1451 4999 1518 5037 ex
1569 4983 1800 5037 Martini
1848 4983 2054 5038 Poloni

412 5059 718 5114 Chronicis
745 5057 946 5123 didici,
971 5056 1072 5127 qui
1095 5063 1292 5110 tamen
1315 5055 1700 5127 pestiscausa
1723 5054 2053 5127 institutam

412 5132 554 5187 dicit
586 5131 692 5186 sub
723 5125 1052 5185 Justiniano
1082 5129 1319 5196 Magno;
1356 5125 1513 5196 quod
1565 5125 1722 5180 idem
1763 5132 1853 5180 est
1899 5125 2055 5196 apud

412 5203 804 5272 Nicephorum
837 5217 968 5272 xm,
1001 5200 1089 5272 28.
1122 5200 1189 5252 Et
1219 5197 1554 5272 consentit,
1588 5197 1746 5272 quod
1787 5197 2052 5272 Sigeber-

417 5278 506 5326 tus
537 5268 833 5344 perhibuit
889 5271 950 5326 id
1006 5270 1188 5324 fuisse
1244 5285 1403 5344 anno
1434 5286 1467 5322 ει
1497 5268 1711 5344 Christi
1756 5269 2053 5344 natalibus

415 5339 690 5412 542;an
723 5359 863 5398 sane
915 5347 1180 5411 tempore
1237 5340 1502 5394 Justinus
1548 5339 1908 5412 decesserat,
1964 5340 2054 5395 vel

410 5412 538 5483 ipso
568 5411 831 5468 Cedreno
873 5418 1040 5466 teste.
1099 5412 1365 5466 Meminit
1423 5411 1639 5466 Paulus
1681 5412 2051 5483 Diaconusl.

411 5482 502 5538 xv:
535 5486 666 5539 Rer.
701 5486 866 5539 Rom.
896 5483 1258 5554 Mansionem
1288 5487 1564 5554 Augusta)
1595 5483 1770 5554 credo
1801 5482 2052 5554 intelligi

411 5554 840 5611 monasterium
871 5570 905 5609 a
934 5553 1248 5609 Pulcheria
1278 5553 1603 5608 conditum.
1630 5553 1765 5609 XvL.

481 5626 595 5700 (ιι)
621 5625 825 5682 Fuisse
856 5624 1112 5680 Orientis
1139 5624 1487 5696 prastectum
1529 5623 1712 5697 (quod
1742 5623 1839 5681 hic
1868 5623 2051 5697 κόμης

2167 4697 2422 4770 cephoro
2456 4713 2590 4770 mi,
2626 4698 2678 4770 3_.
2709 4696 2844 4753 XvL.

2236 4766 2348 4840 (15)
2386 4767 2552 4840 Τνιιεξ
2577 4766 3036 4840 υαιιιιίεχροειιίι
3065 4769 3388 4840 Xylander,
3422 4786 3454 4824 a
3479 4785 3597 4840 quo
3633 4784 3811 4824 sensu

2164 4837 2339 4912 longe
2367 4855 2473 4893 vox
2503 4837 2694 4912 abest,
2723 4839 2794 4893 de
2826 4837 3010 4896 oculis
3057 4837 3289 4912 tantum
3341 4837 3808 4912 interpretanda,

2162 4911 2332 4968 caesiis
2362 4917 2414 4965 et
2445 4911 2774 4983 solubilibus
2804 4913 2976 4968 oculis
3006 4911 3386 4983 spectabilem
3416 4911 3811 4969 Justinianum

2164 4981 2611 5039 commendans.
2644 4982 2816 5037 Gom.

2235 5057 2350 5128 (16!
2380 5053 2626 5124 Epulum
2661 5053 2880 5128 putavi,
2915 5060 3022 5128 aut
3047 5053 3298 5128 missilia
3330 5054 3488 5128 dona
3517 5056 3578 5110 in
3627 5071 3812 5128 popu-

2164 5125 2287 5180 lum
2319 5126 2391 5180 de
2424 5141 2584 5179 more
2616 5126 2905 5194 conjecta,
2938 5126 3028 5180 vel
3061 5126 3251 5182 ludos.
3289 5127 3427 5182 Vide
3459 5127 3634 5182 infra.
3667 5125 3809 5182 Χῖι.

2233 5201 2276 5267 (1
2290 5197 2559 5269 Ἱλίιοοιιε
2591 5197 2857 5269 mutilus,
2891 5204 2957 5251 ut
2987 5198 3204 5252 mirum
3235 5215 3358 5253 non
3386 5198 3463 5252 sit
3491 5199 3539 5253 si
3569 5214 3687 5253 non
3714 5215 3814 5269 op-

2164 5269 2306 5322 time
2337 5267 2742 5340 divinaverim.
2771 5269 2988 5340 Tamen
3021 5271 3265 5340 Procop.
3301 5277 3450 5326 orat.
3492 5274 3511 5324 l
3551 5269 3624 5325 de
3656 5267 3816 5324 stru-

2165 5340 2348 5414 cturis
2376 5338 2692 5414 Iustiniani
2731 5339 2962 5395 videtur
3012 5357 3133 5395 non
3187 5338 3515 5414 repugnare
3545 5357 3580 5396 a
3610 5347 3815 5396 nostra

2163 5411 2453 5466 versione.
2485 5410 2623 5465 Χη.

2233 5479 2626 5608 ἕξεωέἓέιιοά
2657 5481 2888 5538 nobiles
2921 5482 3305 5555 illustresque
3335 5485 3443 5539 viri
3484 5501 3547 5540 se
3575 5484 3812 5556 recipe-

2161 5568 2317 5609 rent.
2352 5568 2524 5612 UOAR.
