4170 6204
348 302 459 364 701

1479 301 2029 367 HISTORIARUM
2073 301 2621 370 GOMPENDIUM.

3641 293 3758 366 702

352 429 606 506 βασιλεὺς
635 431 829 494 αὖτοὺς
891 423 990 506 μὶν
1043 429 1334 503 διεδέξατο,
1384 431 1668 490 απέστειλε
1698 432 1757 490 δὲ
1795 433 1989 511 Πέτρον

2109 438 2304 494 Persis
2329 438 2462 494 victi
2491 440 2649 492 sunt.
2681 436 2800 491 Hoc
2830 449 2981 506 aegre
3002 433 3200 488 ferens
3227 429 3620 498 Justinianus,
3639 444 3744 483 re-

348 521 440 576 τὸν
471 521 718 597 νοτάριον
752 523 921 578 αὐτοῦ
975 522 1356 599 στρατηλάτην
1391 529 1527 593 (19).
1564 526 1661 578 Καὶ
1703 521 2000 598 συμϐαλὼν

359 611 628 684 μετὰτῶν
688 618 876 682 Λαζῶν
929 619 1046 676 τοῖς
1101 609 1328 689 Πέρσαις
1385 611 1602 684 ἐνίκησε
1629 614 1718 669 καὶ
1753 612 1999 675 πολλοὺς

351 701 554 760 ἀνεῖλε.

421 887 516 956 Τῷ
547 881 593 939 δ’
623 883 772 956 αὗτῷ
818 882 925 940 ἔτει
983 883 1291 961 προσεῤῥόη
1351 890 1469 948 τοῖς
1499 885 1799 958 Ῥωμαίοις
1828 886 1856 941 ὁ
1892 885 1996 960 βα·-

347 973 532 1038 σιλεὺς
591 977 700 1029 τῶν
759 972 1036 1048 Ἐλοΰρων
1089 976 1206 1048 (20)
1266 973 1468 1050 Γρέτης
1528 973 1850 1052 λεγόμενος,
1907 975 1998 1030 καὶ

343 1061 518 1118 ἐλθὼν
577 1062 630 1118 ἒν
689 1061 1263 1120 Κωνσταντινουπόλει
1327 1064 1461 1136 μετᾶ
1514 1068 1611 1118 τοῦ
1659 1061 1796 1119 λαοῦ
1833 1062 1998 1118 αὐτοῦ

340 1151 588 1226 ᾐτήσατο
646 1152 738 1207 τὸν
797 1150 1044 1225 βασιλέα,
1101 1152 1190 1207 καὶ
1249 1152 1456 1226 ἐγένετο
1505 1153 1827 1228 Χριστιανὸς
1862 1153 1998 1226 μετὰ

337 1245 449 1297 τῶν
502 1240 882 1318 συγκλητικῶν
933 1240 1100 1296 αὐτοῦ
1159 1241 1250 1296 καὶ
1300 1245 1598 1316 συγγενῶν,
1641 1241 1730 1296 καὶ
1781 1239 1996 1311 ἀπῆλθε

342 1332 480 1403 μετὰ
509 1335 683 1410 χαρᾶς
735 1329 810 1392 εἰς
868 1330 936 1384 τὰ
994 1327 1128 1397 ἴδια,
1188 1329 1652 1404 ἐπαγγειλαμενος
1679 1335 1992 1406 συμμαχεῖν

332 1421 634 1492 Ῥωμαίοις
669 1419 750 1495 ἐφ’
783 1419 863 1481 οἷς
891 1420 952 1473 ἄν
985 1416 1252 1490 δεηθῶσιν
1273 1419 1459 1476 αὐτοῦ.

418 1511 513 1581 Τῷ
543 1506 591 1563 δ’
618 1508 766 1579 αὖτῷ
824 1502 930 1563 ἔτει
989 1503 1362 1583 προϐάλλεται
1421 1509 1450 1563 ὁ
1511 1507 1767 1584 βασιλεὺς
1798 1529 1993 1584 στρατ-

345 1596 558 1668 ηλάτην
593 1596 878 1671 Ἀρμενίας
934 1599 1128 1666 Τζίταν
1189 1597 1440 1670 ὀνόματι,
1501 1595 1664 1674 ἄνδρα
1691 1597 1994 1672 πολεμικὸν

339 1687 429 1742 καὶ
462 1686 814 1741 ἱκανώτατον·
849 1685 910 1740 οὐ
961 1686 1066 1764 pip
1125 1687 1268 1762 εἶχεν
1301 1689 1336 1756 ἡ
1371 1687 1629 1760 Ἀρμενία
1656 1689 1769 1762 (21)
1800 1708 1991 1762 στρατ-

2111 529 2328 584 vocatis
2355 528 2741 595 illis,Petrum
2772 525 3066 582 notarium
3089 522 3162 578 ad
3183 522 3505 576 exercitum
3533 519 3751 574 ducen-

2109 617 2250 674 dum
2284 619 2484 687 misit;
2530 619 2697 690 isque
2752 617 3030 672 Lazorum
3077 612 3297 669 auxilio
3329 614 3538 666 Persas
3571 609 3748 665 ador-

2108 714 2203 763 tus
2234 710 2440 782 prmlio
2469 710 2774 765 victoriam
2822 707 3027 764 multis
3077 705 3340 760 hostium
3372 702 3541 758 caesis
3594 700 3749 756 obti-

2109 799 2258 854 nuit.

2181 886 2400 942 Eodem
2422 904 2580 944 anno
2607 888 2681 943 ad
2711 890 3006 943 Romanos
3028 902 3090 940 se
3111 883 3362 940 contulit
3392 880 3747 936 Herulorum

2107 993 2210 1032 rex
2242 977 2484 1042 Cretas;
2519 977 2845 1048 Cpolinque
2878 975 3177 1047 profectus
3207 989 3340 1028 cum
3363 986 3468 1026 suo
3499 969 3750 1042 pOpulo,

2106 1067 2178 1122 ab
2211 1068 2567 1138 imperatore
2609 1066 2867 1122 obtinuit
2895 1071 2962 1120 ut
2989 1065 3358 1119 Christianus
3391 1062 3561 1116 ﬁeret
3603 1077 3740 1115 cum

2107 1156 2230 1211 suis
2259 1155 2618 1212 consiliariis
2651 1161 2710 1212 et
2739 1155 3002 1225 cognatis
3032 1171 3044 1220 ;
3108 1168 3293 1223 eaque
3349 1167 3414 1205 re
3453 1149 3744 1215 confecta,

2103 1243 2276 1299 lentus
2306 1245 2548 1301 domum
2583 1244 2778 1312 rediit,
2811 1243 3109 1315 pollicitus
3141 1258 3203 1296 se
3261 1239 3564 1307 Romanis,
3598 1253 3740 1308 qua-

2105 1348 2340 1404 cunque
2371 1334 2434 1390 in
2467 1350 2528 1388 re
2560 1333 2800 1401 vellent,
2833 1331 3054 1388 auxilio
3086 1331 3372 1384 futurum.

2178 1512 2396 1568 Eodem
2422 1529 2577 1568 anno
2611 1513 2933 1584 imperator
2963 1512 3178 1566 Tzitam
3211 1506 3505 1563 Armenia;
3556 1502 3748 1575 praeﬁ-

2103 1604 2202 1672 cit,
2232 1603 2421 1659 virum
2478 1602 2832 1658 bellicoeum
2877 1608 2934 1657 et
2985 1601 3161 1655 rebus
3211 1595 3486 1671 gerendis
3516 1599 3742 1664 aptum.

2105 1693 2396 1747 Hactenus
2442 1693 2723 1747 Armenia
2791 1693 2918 1746 sine
2959 1689 3252 1762 praefectis
3301 1686 3511 1751 fuerat,
3565 1682 3742 1736 duces

342 1775 580 1848 ηλάτην,
616 1773 762 1830 ἀλλὰ
811 1772 1005 1836 δοῦκας
1059 1775 1151 1830 καὶ
1208 1774 1475 1848 κόμητας.
1508 1775 1678 1838 Αὐτὸς
1711 1774 1768 1831 δὶ
1799 1775 1988 1851 ἑστρά-

2108 1786 2330 1836 tantum
2363 1786 2421 1835 et
2450 1781 2696 1836 comites
2726 1779 3032 1835 habuerat.
3069 1777 3178 1833 Sed
3222 1776 3317 1831 hic
3349 1790 3484 1829 eum
3517 1771 3742 1844 princi-

337 1886 521 1922 τευσεν
550 1863 854 1939 Ἀρμενίων
899 1862 1134 1934 πλῆθος.
1196 1862 1408 1920 Δὲδωκε
1474 1861 1530 1919 δὲ
1591 1863 1738 1936 αὐτῷ
1768 1865 1858 1920 καὶ
1886 1867 1990 1920 άπὸ

336 1956 636 2024 ’Δνατολῆς
698 1955 942 2029 στρατὸν,
1000 1953 1258 2030 χιλιάδας
1318 1954 1599 2030 τέσσαρας,
1656 1955 1746 2009 καὶ
1803 1955 1992 2030 γὲγονε

345 2042 558 2118 μεγάλη
592 2041 806 2120 φυλακή
867 2044 956 2098 καὶ
1019 2045 1249 2119 βοήθεια
1299 2043 1612 2117 Ῥωμαίων.
1656 2044 1903 2115 Ἐζζευξε
1933 2042 1990 2099 δὲ

341 2129 612 2201 αὐτῷκαὶ
665 2135 914 2206 γυναῖκα,
970 2130 1070 2198 τήν
1120 2127 1364 2208 ἀδελρήν
1423 2127 1705 2207 Θεοδώρας
1737 2133 1838 2201 τὴς
1868 2131 1990 2188 Αὐ-

337 2219 601 2298 γούστης,
633 2217 861 2290 ὀνόματι
892 2219 1143 2291 Κομιτώ.

409 2313 497 2380 Τῷ
529 2305 579 2362 δ⁹
617 2307 768 2378 αὖτῷ
824 2302 927 2362 ἔτει
986 2307 1294 2383 προσερῥόη
1348 2313 1466 2373 τοῖς
1520 2307 1818 2382 Ῥωμαίοις
1855 2311 1984 2387 γυνή

333 2419 420 2459 τις
452 2396 512 2453 ἐκ
538 2401 646 2452 τῶν
671 2397 886 2454 Οὓννων
947 2401 1054 2452 τῶν
1116 2395 1426 2474 λεγομένων
1475 2392 1660 2474 Σαϐἠρ
1691 2400 1826 2474 (22),
1859 2399 1990 2475 Βάρο

339 2482 529 2562 ϐαρος,
582 2485 812 2559 ὀνόματι
876 2487 1081 2560 Βαρήζ,
1139 2489 1314 2561 χήρα,
1373 2484 1576 2562 ἔχουσα
1634 2488 1752 2561 μεθ’
1797 2488 1992 2557 ἑαυτῆς

341 2572 556 2631 Οῧννων
618 2573 876 2650 χιλιάδας
935 2575 1145 2645 ἑκατὸν,
1221 2576 1344 2645 ἣτις
1417 2574 1826 2632 κατεδυνάστευε
1878 2582 1986 2632 τῶν

343 2663 623 2721 Οὐννικῶν
659 2668 837 2737 μερῶν
897 2664 1030 2737 μετά
1082 2665 1183 2733 τήν
1240 2667 1338 2719 τοῦ
1385 2662 1529 2719 ἱδίου
1559 2663 1750 2739 ἀνδρὸς
1783 2663 1989 2744 Μαλάχ

339 2749 646 2824 ἀποϐολήν.
709 2752 854 2822 Αὕτη
911 2753 1040 2816 τοὺς
1087 2756 1497 2830 προτραπέντας
1551 2754 1696 2829 παρᾶ
1734 2750 1986 2811 Καϐάδου

334 2848 433 2899 τοῦ
469 2842 740 2918 βασιλέως
798 2849 1016 2917 Περσῶν
1072 2840 1168 2898 δύο
1222 2842 1390 2918 ρἤας
1451 2845 1556 2899 άπὸ
1597 2841 1772 2900 ἄλλου
1803 2838 1986 2907 ἔθνους

339 2933 562 2990 Οῧννων
593 2928 906 3006 ἐνδοτέρων,
940 2933 1188 3008 Στύρακα
1240 2932 1331 2988 καὶ
1380 2932 1600 3003 Γλώην,
1647 2937 1745 2988 τοῦ
1777 2954 1988 3006 συμμα-

337 3028 511 3098 χῆσαι
543 3019 692 3092 αὐτῷ
739 3021 878 3075 κατά
931 3021 1243 3093 Ῥωμαίων,
1303 3020 1585 3096 περιόντας
1619 3019 1707 3076 διά
1734 3028 1832 3091 τῆς
1864 3023 1986 3097 χώ-

341 3130 435 3186 ρας
494 3108 661 3180 αὒτῆς
719 3107 807 3164 ἒπὶ
863 3109 930 3164 τὰ
987 3111 1220 3186 Περσικὰ
1279 3113 1416 3184 μετά
1472 3107 1744 3186 χιλιάδων
1783 3110 1985 3166 εἴκοσιν

335 3198 621 3275 ξκράτησε,
679 3199 768 3254 καὶ
825 3199 917 3253 τὸν
981 3196 1110 3254 λαὸν
1164 3202 1338 3255 πάντα
1395 3199 1680 3274 κατέκοψε.
1740 3200 1844 3256 Καὶ
1897 3203 1987 3257 τὸν

337 3290 435 3363 μὲν
487 3289 738 3362 Στόρακα
788 3285 1009 3361 δέσμιον
1062 3293 1142 3360 τῷ
1204 3286 1422 3364 βασιλεῖ
1468 3290 1522 3344 ὲν
1560 3296 1990 3346 Κωνσταντινου-

2017 3165 2066 3232 C

2099 1887 2236 1940 pem
2266 1871 2684 1926 Armeniorum
2711 1869 2868 1924 fecit.
2893 1867 3178 1941 Adjunxit
3211 1865 3389 1920 etiam
3415 1863 3742 1934 imperator

2101 1959 2154 2012 ei
2188 1959 2508 2013 exercitum
2541 1964 2795 2029 quatuor
2825 1957 3052 2012 milium
3091 1973 3158 2010 ex
3190 1953 3426 2009 Oriente
3455 1969 3468 2018 ;
3511 1951 3740 2020 fuitque

2100 2047 2214 2102 hoc
2243 2048 2461 2103 mahno
2487 2047 2764 2119 praesidio
2792 2047 3093 2102 Romanis.
3123 2046 3381 2115 Nuptum
3415 2056 3651 2111 quoque
3684 2039 3737 2093 ei

2099 2138 2348 2195 tradidit
2377 2155 2643 2195 sororem
2675 2135 3000 2193 Theodorm
3044 2136 3340 2207 Augustas,
3373 2131 3612 2187 nomine
3643 2129 3744 2184 Co-

2100 2229 2269 2284 mito.

2171 2317 2328 2372 644
2351 2316 2568 2371 Eodem
2600 2332 2757 2371 anno
2789 2314 3097 2387 conjunxit
3121 2330 3184 2368 se
3239 2310 3518 2368 Romanis
3567 2306 3741 2362 vidua

2101 2405 2373 2478 quadam
2397 2404 2633 2471 mulier,
2665 2403 2736 2458 de
2761 2421 2827 2458 eo
2859 2404 3208 2458 Hunnorum
3242 2400 3482 2454 natione
3509 2398 3607 2468 qui
3643 2397 3741 2450 Sa-

2100 2493 2226 2548 beri
2260 2492 2575 2548 dicuntur:
2609 2508 2828 2546 nomen
2854 2491 2904 2544 ei
2937 2491 3050 2545 fuit
3080 2491 3310 2544 Bareza.
3355 2486 3615 2540 Habebat
3644 2500 3737 2538 se-

2100 2599 2230 2638 cum
2258 2583 2605 2636 Hunnorum
2629 2580 2923 2644 100000,et
2952 2583 3202 2650 praeerat
3223 2575 3504 2631 Hunnica:
3531 2572 3742 2627 ditioni

2099 2677 2230 2744 post
2261 2676 2514 2726 mortem
2547 2669 2744 2726 mariti
2777 2668 3049 2724 Malachi.
3085 2667 3381 2722 Elicuerat
3408 2680 3511 2719 rex
3539 2663 3744 2716 Persa-

2099 2777 2234 2816 rum
2265 2759 2416 2815 duos
2455 2759 2604 2815 alios
2665 2760 3013 2815 Hunnorum
3073 2757 3426 2812 interiorum
3484 2752 3743 2824 regulos,

2098 2849 2397 2920 Styracem
2431 2853 2490 2904 et
2509 2848 2807 2915 Gloem,ut
2835 2847 2946 2902 sibi
2978 2847 3018 2901 ii
3043 2850 3249 2902 contra
3278 2846 3572 2898 Romanos
3602 2855 3742 2910 sup—

2096 2939 2287 3010 petias
2319 2937 2562 2994 ferrent.
2598 2937 2710 2994 Sed
2743 2942 2975 3004 Bareza,
3009 2952 3144 2990 cum
3186 2934 3226 2988 ii
3275 2949 3380 3005 per
3409 2931 3594 3003 ipsius
3646 2942 3743 2981 re-

2097 3027 2332 3099 gionem
2363 3031 2430 3082 29
2463 3027 2648 3082 millia
2675 3027 2736 3082 in
2768 3025 3071 3081 Persidem
3099 3019 3740 3085 ducerent,exercitum

2098 3134 2303 3174 eorum
2336 3117 2570 3182 delevit,
2605 3132 2673 3171 ac
2705 3115 2842 3171 Gloe
2875 3115 2936 3169 in
2971 3129 3165 3186 pugna
3193 3112 3406 3178 occiso,
3438 3111 3740 3181 Styracem

2098 3206 2361 3261 vinctum
2387 3205 2734 3276 imperatori
2763 3203 2972 3276 Cpolin
2997 3201 3348 3258 transmisit.
3373 3201 3508 3272 Ipsa
3533 3213 3742 3269 pacem

2099 3301 2158 3350 et
2190 3296 2533 3351 societatem
2563 3311 2697 3351 cum
2728 3294 3058 3349 Iustiniano
3092 3289 3479 3348 conservavit.

331 3377 495 3435 πόλει
561 3373 822 3452 ἔπεμψεν,
881 3378 909 3432 ὁ
949 3376 1007 3433 δὲ
1057 3377 1252 3450 Γλώης
1284 3377 1336 3434 ἐν
1372 3383 1454 3452 τῷ
1506 3378 1742 3454 πολέμῳ
1781 3378 2020 3457 ἐσφάγη.
2086 3378 2281 3458 Γέγονε
2338 3379 2396 3437 δὲ
2451 3382 2586 3454 αὕτη
2646 3383 2946 3458 σύμμαχος
3002 3381 3093 3436 καὶ
3143 3379 3386 3456 εἰρηνικὴ
3417 3382 3495 3449 τῷ
3529 3375 3746 3452 βασιλεῖ

339 3470 724 3540 Ἰουστινιανῷ.

399 3561 495 3630 Τῷ
527 3554 570 3611 δ’
608 3555 755 3628 αὐτῷ
797 3551 902 3612 ἔτει
949 3556 1040 3612 καὶ
1072 3557 1100 3611 ὁ
1131 3556 1371 3628 πλησίον
1399 3559 1684 3634 Βοσπόρου
1715 3562 1850 3634 (23),

328 3653 440 3704 τῶν
470 3649 707 3716 Οὗννων,
744 3644 947 3722 Γορδᾶς
989 3644 1315 3723 λεγόμενος,
1365 3648 1677 3726 προσερῤόη
1719 3647 1799 3722 τῷ
1831 3651 1984 3724 βασι-

325 3736 415 3794 λεῖ
441 3737 532 3792 καὶ
583 3734 796 3810 ἐγένετο
839 3737 1179 3812 Χριστιανός.
1229 3737 1329 3792 Καὶ
1375 3737 1562 3794 πολλὰ
1610 3735 1736 3800 δοὺς
1779 3737 1926 3811 αὖτῷ
1957 3739 1985 3794 ὁ

329 3825 587 3904 βασιλεὺς
641 3823 953 3880 ἀπέστειλεν
1002 3825 1078 3888 εἰς
1126 3827 1230 3896 τήν
1283 3823 1422 3882 ἰδίαν
1472 3827 1682 3902 χώραν,
1739 3828 1987 3902 ὑποσχο-

340 3917 486 3992 μὲνῳ
551 3913 839 3994 φυλάττειν
899 3915 966 3969 τά
1031 3916 1318 3988 Ῥωμαϊκά
1380 3915 1471 3971 καὶ
1534 3918 1634 3986 τήν
1701 3917 1986 3991 Βοσπόρου

334 4006 524 4073 πόλιν,
557 4006 679 4074 ἤτις
710 4004 883 4068 οὔτως
931 4003 1139 4076 ἐκλήθη
1189 4005 1296 4061 ἀπὸ
1343 4010 1442 4062 τοῦ
1486 4011 1661 4062 τελεῖν
1692 4007 1988 4082 Ῥωμαίοις

335 4096 454 4152 κατ’
487 4090 606 4156 ἔτος
638 4093 748 4148 ἀντὶ
801 4093 1107 4168 χρημάτων
1169 4095 1322 4168 βόας,
1381 4096 1624 4150 ἀπαιτεῖν
1658 4093 1714 4151 δὲ
1743 4096 1836 4159 τάς
1869 4117 1987 4152 συν-

332 4185 548 4245 τελείας
579 4188 685 4237 τῶν
720 4177 886 4240 ϐοῶν,
919 4181 1202 4238 Ἀπελρὼν
1262 4183 1318 4239 δὲ
1376 4183 1453 4249 εἷς
1497 4186 1597 4255 τὴν
1631 4183 1768 4240 ἰδίαν
1801 4187 1990 4261 χώραν

331 4273 642 4349 διηγήσατο
673 4275 751 4343 τῷ
782 4268 906 4344 ἰδίῳ
936 4268 1156 4350 ἀδελφῷ
1202 4274 1302 4343 τήν
1329 4274 1425 4329 τοῧ
1458 4272 1732 4348 βασιλεως
1763 4275 1978 4350 άγάπην

329 4364 422 4420 καὶ
474 4361 816 4442 φιλοτιμίαν,
864 4361 956 4417 καὶ
1005 4361 1088 4418 ὅτι
1141 4365 1458 4438 Χριστιανὸς
1507 4366 1710 4442 γέγονε,
1751 4366 1987 4441 συνέτρι-

2171 3563 2394 3620 Eodem
2427 3580 2582 3620 anno
2616 3563 3043 3626 Gordas,etiam
3074 3561 3315 3635 regulus
3374 3561 3732 3614 Hunnorum

2095 3653 2351 3724 Bosporo
2377 3653 2705 3708 vicinorum
2736 3652 3018 3707 Romanis
3046 3667 3173 3706 sese
3221 3649 3495 3720 adjunxit
3538 3653 3595 3702 et
3649 3647 3737 3701 fa-

2095 3746 2225 3796 ctus
2255 3747 2345 3797 est
2386 3742 2792 3808 Christianus;
2844 3756 3099 3812 cumque
3159 3739 3336 3793 tidem
3387 3737 3649 3792 dedisset
3677 3753 3740 3790 se

2097 3831 2376 3887 Romanis
2406 3830 2584 3887 rebus
2614 3831 2915 3886 addictum
2973 3830 3098 3883 fore
3124 3827 3452 3896 urbemque
3497 3824 3740 3895 Bospori

2096 3919 2531 3976 custoditurum
2565 3925 2623 3975 et
2651 3919 2831 3974 boum
2865 3918 3152 3973 tributum
3183 3921 3526 3971 exacturum
3577 3913 3738 3983 (nam

2095 4009 2227 4064 urbi
2259 4010 2500 4082 Bospori
2526 4009 2664 4065 inde
2685 4025 2904 4064 nomen
2932 4005 3185 4076 estquod
3218 4003 3428 4060 ineolaa
3459 4001 3740 4057 Romanis

2097 4099 2228 4156 loco
2260 4100 2524 4172 pecunia;
2555 4101 2878 4172 quotannis
2910 4098 3089 4154 boves
3130 4095 3393 4164 dabant),
3427 4091 3740 4164 magniﬁce

2098 4188 2170 4245 ab
2201 4190 2556 4262 imperatore
2588 4190 2838 4246 donatus
2889 4189 3255 4257 domumque
3285 4183 3568 4239 dimissus
3625 4185 3734 4236 est.

2098 4281 2390 4334 Reversus
2420 4279 2662 4334 domum
2691 4278 2858 4334 fratri
2892 4294 2997 4333 suo
3038 4274 3414 4347 imperatoris
3464 4268 3740 4326 humani-

2099 4368 2279 4424 taiam
2311 4368 2875 4440 liberalitatemque,
2911 4372 2968 4424 et
2999 4382 3060 4422 se
3093 4363 3497 4421 Christianum
3527 4359 3745 4416 factum

1544 4493 1903 4552 XYLANDRI
1939 4496 2026 4550 ET
2064 4495 2281 4551 GOARI
2318 4496 2540 4551 NOTAE.

409 4613 523 4687 (19)
555 4609 897 4687 Μᾷκίεῐιζιιῐῐὶ
923 4609 1190 4687 militum
1218 4617 1388 4687 vocat
1411 4613 1724 4687 Rigaltius,
1767 4615 1839 4670 de
1871 4632 1987 4687 quo
2019 4620 2063 4685 Ι)
2095 4613 2353 4682 meniam,
2385 4630 2506 4684 quae
2537 4615 2773 4687 interior
2789 4614 3152 4676 dicebatur,et
3177 4620 3381 4687 gentes,
3413 4613 3741 4687 Antizenam

338 4683 710 4741 Pancirollus
741 4681 1070 4756 abundein
1101 4684 1380 4756 Notitiam
1409 4681 1668 4756 Imperii.
1701 4687 1874 4742 Gom.

2092 4688 2363 4754 videlicet,
2393 4682 2749 4756 lngilenam,
2782 4688 3142 4754 Astyanaam,
3173 4682 3736 4754 Sophenam,80pho-

407 4757 520 4827 (20)
561 4757 674 4810 Hos
705 4753 1078 4828 emendatius
1123 4755 1368 4828 Herulus
1397 4753 1590 4811 vocari
1623 4758 1774 4812 scias
1805 4774 1983 4828 quam
2091 4775 2309 4818 uenam.
2351 4753 2421 4811 in
2477 4753 2590 4827 aua
2641 4762 2716 4811 est
2765 4753 3168 4826 Martyropolis,
3230 4753 3624 4828 Belabitenam,
3684 4756 3736 4804 et

333 4823 565 4885 Erulos.
603 4829 670 4881 Et
699 4825 856 4898 apud
880 4827 1184 4896 Evagrium
1219 4823 1461 4898 ἔρουλοι,
1495 4829 1674 4883 citato
1707 4823 1883 4883 etiam
1917 4830 1991 4884 ad
2093 4832 2336 4898 primam
2365 4835 2416 4882 et
2446 4823 2742 4883 secundam
2771 4823 3115 4892 Armeniam,
3146 4835 3197 4881 et
3227 4829 3464 4881 Pontum
3494 4825 3739 4898 Polemo-

333 4907 562 4972 partem
593 4894 906 4972 Procopio,
964 4894 1267 4972 vocantur,
1319 4915 1391 4963 iv,
1452 4903 1540 4954 20.
1585 4900 1752 4964 Quod
1785 4900 1990 4955 itidem
2093 4894 2319 4954 'niacum
2343 4915 2495 4956 cura:
2525 4907 2645 4972 tua:
2666 4916 2787 4954 cum
2812 4901 2923 4972 suis
2949 4894 3734 4972 ducibusnommis‘imus._Du-

337 4968 427 5027 est
456 4969 611 5041 apud
646 4968 884 5038 Niceph.
912 4984 1056 5041 3v".
1103 4971 1188 5024 13.
1233 4971 1437 5040 Itaque
1469 4987 1649 5026 ausus
1682 4988 1811 5026 sum
1847 4972 1989 5026 scri-

339 5040 603 5116 ptionem
637 5055 876 5116 pravam
908 5040 1166 5108 Zonaras,
1199 5042 1377 5116 etiam
1409 5042 1719 5116 insessam,
1743 5042 1987 5116 elidere,

337 5111 574 5185 tametsi
635 5111 794 5166 varie
853 5117 1129 5185 corrupta
1180 5113 1363 5185 sciam
1420 5114 1683 5185 gentium
1723 5115 1987 5169 nomina.

337 5185 453 5312 ἱρά
516 5184 655 5239 hinc
721 5180 1059 5238 emendatio
1129 5183 1295 5239 nulla
1359 5180 1672 5255 spéranda,
1704 5192 1770 5240 ut
1825 5192 1988 5257 puto,

392 5273 476 5312 vL.

392 5273 476 5312 YL.

406 5331 516 5398 (21)
549 5324 936 5392 Pancirollus,
959 5341 1008 5380 c.
1048 5327 1139 5380 131
1173 5328 1576 5392 :Justinianus,
1599 5328 1832 5383 subactis
1859 5327 1990 5397 ﬁni-

337 5402 482 5454 timis
539 5399 824 5460 Barbaris.
884 5414 1145 5466 magnam
1202 5405 1254 5452 et
1299 5401 1616 5454 interiorem
1672 5401 1991 5454 Armeniam

339 5473 546 5527 dictum
577 5487 771 5525 novam
798 5471 1147 5540 provinciam
1177 5472 1402 5536 creavit,
1437 5471 1472 5524 ι.
1507 5472 1606 5525 ult.
1640 5486 1687 5524 ο.
1721 5470 1786 5524 de
1821 5474 1986 5540 Ofﬁc.

338 5543 557 5615 Magist.
593 5539 853 5605 militum,
887 5557 1054 5615 quam
1088 5543 1222 5615 Zetag'
1264 5543 1528 5615 magistro
1575 5541 1814 5615 militum
1844 5539 1989 5615 (Τζί-

333 5613 447 5670 ταν
490 5619 645 5670 vocat
700 5613 916 5683 auctor)
969 5613 1256 5668 commisit.
1317 5614 1597 5684 Magnam,
1637 5614 1845 5685 inquit,
1877 5614 1988 5669 Ar-

2099 4987 2195 5025 ces
2228 4972 2386 5025 enim
2411 4976 2470 5025 et
2500 4971 2745 5042 comites
2765 4971 3043 5042 magistro
3070 4970 3326 5024 militum
3347 4964 3737 5039 subjicieban-

2100 5048 2214 5096 tur.
2251 5042 2641 5106 Pancirollus,
2674 5041 2833 5095 idem
2865 5059 2895 5095 c
2951 5044 3072 5107 139,
3107 5043 3280 5096 Gom.

2170 5115 2278 5182 (22)
2313 5114 2379 5168 Hi
2423 5130 2622 5168 versus
2687 5112 3000 5183 Danaprim
3035 5118 3094 5166 et
3151 5110 3486 5166 Danastrini
3526 5107 3736 5183 ﬂuvios

2100 5180 2541 5248 siti,Chersonaa
2572 5180 2886 5238 viciniore—s
2917 5200 2986 5237 ex
3018 5184 3401 5237 Constantino
3421 5184 3495 5236 De
3523 5180 3734 5235 admin.

2097 5259 2230 5327 imp.
2266 5262 2682 5327 agnoscuntur.
2723 5256 2898 5310 GOAR.

2168 5324 2282 5400 (23)
2305 5324 2737 5400 Bosporushic
2771 5343 2887 5400 non
2914 5325 3249 5400 Thracicus,
3281 5324 3385 5400 sed
3441 5324 3739 5400 Mmoticus

2100 5403 2208 5470 est,
2242 5396 2680 5470 cujus—occolaa
2733 5397 3093 5464 Patzinacaa;
3146 5397 3216 5453 de
3267 5397 3481 5469 quibus
3531 5403 3589 5451 et
3635 5396 3738 5450 illo

2101 5469 2358 5596 gosporo
2434 5469 2859 5526 Constantinus
2935 5471 3011 5524 De
3080 5470 3231 5525 adm.
3306 5471 3471 5540 imp.,
3532 5486 3585 5525 c.
3644 5469 3734 5522 42.

2148 5556 2273 5596 ou.

2148 5556 2273 5596 ΟΑἉ.
