4170 6204
1567 371 1574 384 .
1781 319 2067 384 εεοιιει

2183 321 2490 388 nam
3694 323 3834 387 70k

405 481 534 521 esse
561 463 869 536 exposuit;
903 464 1078 530 atque
1128 456 1285 512 idem
1333 456 1534 512 omnia
1583 457 1928 512 Hunnorum
1967 456 2048 512 si-

2183 459 2228 529 με
2259 453 2318 512 δὶ
2346 455 2520 513 πάντα
2548 479 2613 514 τα
2635 479 2743 515 των
2771 458 2988 518 Οῧννων
3021 457 3328 536 ἰνδάλματα
3356 460 3448 516 καὶ
3481 459 3804 539 ἒχώνευσεν.

405 554 672 610 mulacra
700 550 988 621 confregit
1017 552 1073 602 et
1103 546 1396 602 conflavit.
1425 549 1564 602 Eam
1597 545 1670 600 ob
1702 563 1829 602 rem
1853 547 2050 602 Hunni

2183 545 2283 602 Επὶ
2311 546 2490 602 τοότὼ
2522 546 2872 627 χολώσαντες
2917 550 2973 605 οἱ
3021 551 3218 608 υῦννοι
3253 551 3387 626 μετὰ
3412 549 3502 605 καὶ
3535 553 3634 605 τοῦ
3659 545 3820 604 ἀδελ-

403 644 561 710 irati,
594 656 848 710 cumque
898 638 990 692 his
1022 638 1318 708 Moageras
1370 635 1499 708 ejus
1547 635 1750 703 frater,
1798 635 2050 692 Gordam

2183 633 2259 690 10-3
2287 634 2453 691 αὐτοῦ
2483 641 2580 693 τοῦ
2611 640 2862 715 Μοαγέρα
2890 637 3175 716 ἐφόνευσαν
3209 637 3394 708 αὑτὸν,
3424 639 3514 694 καὶ
3546 638 3812 708 ἐποίησαν

404 733 760 788 necaverunt
809 732 868 781 et
911 741 1158 797 regnum
1211 727 1488 796 Moageraa
1538 723 1934 788 tradiderunt,
1984 741 2051 780 ac

2183 724 2298 802 ἰῆγα
2353 727 2444 782 τὸν
2511 727 2815 802 Μοαγέραν.
2882 732 3030 804 [368]
3095 730 3382 794 Ἐλθόντες
3439 727 3495 784 δὲ
3551 729 3631 792 εἰς
3687 728 3818 786 Βόσ-

405 822 730 890 Bosporum
763 814 1007 888 profecti
1055 813 1359 869 tribunum
1391 814 1693 868 Dalmatia)
1741 820 1800 869 et
1833 814 2053 870 milites

2183 834 2326 888 ιορον
2355 815 2664 872 ἀπέκτειναν
2721 819 2812 874 τὸν
2872 814 3156 892 τριὸοὖνον
3215 816 3534 892 Δαλματιας
3562 818 3654 872 καὶ
3683 815 3813 878 τοὺς

401 907 852 963 interfecerunt.
914 903 1079 970 Quod
1147 903 1249 958 ubi
1323 904 1692 959 Justinianus
1763 903 2051 975 cognovit,

2183 904 2511 979 ττράτιώτας.
2544 909 2727 964 Ταῦτα
2756 906 2987 970 ἀκούσας
3039 909 3069 963 ὁ
3117 906 3382 969 Βασιλεὺς
3411 909 3502 963 τὸν
3532 906 3641 962 ἀπὸ
3674 904 3818 961 ὑπά-

405 997 555 1054 645
589 997 876 1050 Joannem
927 992 1301 1049 consularem
1347 992 1578 1063 patricii
1629 991 1822 1048 Ruﬁni
1868 991 2054 1047 ﬁlium

2183 1015 2266 1049 των
2331 995 2582 1065 Ἰωάννην
2652 998 2745 1052 τὸν
2829 998 2945 1052 υἱὸν
3011 1001 3108 1053 τοῦ
3174 997 3463 1073 πατρικίου
3530 995 3818 1073 Ῥουφίνου

404 1103 540 1142 cum
573 1084 803 1158 magnis
837 1084 1181 1154 Scytharum
1214 1081 1452 1137 auxiliis
1485 1099 1552 1137 eo
1584 1082 1768 1146 misit,
1800 1099 1866 1136 ac
1891 1081 2057 1137 Godi-

403 1175 526 1231 lam
581 1173 847 1229 terrestri
895 1173 1107 1226 itinere
1157 1171 1229 1226 ab
1285 1171 1582 1242 Ulissipoli
1615 1171 1686 1227 ad
1738 1171 2054 1227 Cadurium

408 1264 716 1335 copiarum
749 1260 1113 1333 praafectum.
1142 1261 1358 1315 Harum
1382 1260 1666 1316 adventus
1687 1260 1847 1316 fama
1868 1260 2057 1315 territi

408 1353 605 1407 Hunni
641 1351 851 1422 dilapsi
885 1356 1046 1414 sunt,
1079 1366 1312 1420 paxque
1344 1351 1602 1421 Bosporo
1630 1349 1880 1420 reddita,
1909 1356 2060 1406 tutO'

410 1457 527 1510 que
559 1440 611 1495 ei
644 1438 893 1494 Romani
925 1438 1382 1509 imperaverunt.

479 1537 845 1594 Justinianus
893 1553 1069 1607 porro
1127 1537 1330 1592 omnia
1377 1537 1792 1593 haereticorum
1841 1537 2061 1608 templa

2159 1082 2444 1139 ἀπιστειλε
2476 1086 2610 1158 μετὰ
2653 1085 2906 1160 βοηθείας
2961 1088 3234 1155 Σκυθικῆς
3291 1084 3513 1155 πολλῆς
3544 1085 3636 1140 καὶ
3666 1081 3823 1140 F035-

2161 1171 2259 1229 λαν
2319 1173 2407 1230 διᾶ
2453 1183 2558 1251 γῆς
2607 1176 2712 1232 ἀπὸ
2770 1175 3038 1248 Ὀδησσοῦ
3093 1175 3332 1246 πόλεως,
3389 1175 3480 1232 καὶ
3538 1172 3820 1251 Βαδύριον

2160 1265 2480 1340 στρατηγόν.
2531 1266 2634 1320 Καὶ
2695 1265 3021 1331 ἀκούσαντες
3071 1267 3124 1322 oi.
3179 1265 3376 1324 Οὗννοι
3415 1265 3632 1343 ἀφανεῖς
3660 1262 3822 1339 γεγό-

2161 1373 2303 1423 νασι,
2333 1353 2422 1408 καὶ
2471 1352 2691 1431 γέγονεν
2750 1355 2938 1430 εἰρήνη
2997 1355 3047 1411 ἐν
3108 1355 3398 1430 Βοσπόρῳ,
3454 1355 3544 1411 καὶ
3592 1351 3825 1429 ἐτφάτη-
3879 1369 3884 1371 ’

2165 1465 2258 1499 σαν
2290 1443 2463 1500 αὐτῶν
2494 1447 2545 1500 οἱ
2575 1447 2850 1520 Ῥωμαῖοι
2878 1441 3124 1526 ἀφόϐως.

2233 1533 2294 1591 Ὀ
2321 1530 2378 1588 δὲ
2413 1531 2668 1608 βασιλεὺς
2701 1535 3076 1598 Ἰουστινιανὸς
3133 1535 3305 1596 πάσας
3360 1535 3456 1597 τὰς
3514 1531 3813 1605 ἔκκλησίας

413 1627 760 1683 Christianis
818 1625 1106 1692 attribuit,
1164 1626 1519 1681 Arianorum
1591 1627 2060 1682 exocionitarum

2183 1627 2271 1678 πῶν
2328 1623 2614 1699 αἰρετικῶν
2670 1621 2871 1680 δέδωκε
2926 1630 3044 1686 τοῖς
3102 1621 3436 1698 ὁρθοδόεοις,
3490 1623 3670 1700 χωρὶς
3705 1628 3817 1678 τῶν

414 1715 899 1788 exceptis.Consti
911 1714 1196 1770 tutionem
1212 1731 1445 1786 quoque
1459 1715 1644 1770 edidit
1662 1715 1732 1770 de
1747 1716 2059 1788 episcopis,

2183 1713 2523 1781 ιξωκιονιτῶν
2575 1715 2688 1786 (24)
2731 1715 3050 1788 Ἀρειανῶν.
3108 1713 3293 1771 Τόπον
3344 1710 3401 1768 δὲ
3450 1709 3655 1768 δέδωκε
3694 1711 3824 1788 περὶ

412 1804 942 1877 dispensatoribus,
973 1803 1335 1875 pupillorum
1359 1804 1616 1860 alumnis
1639 1810 1698 1860 et
1727 1805 2062 1876 peregrino-

2183 1806 2274 1856 τῶν
2341 1801 2650 1858 ἐπισκόπων
2707 1805 2794 1858 καὶ
2882 1802 3170 1877 οἰκονόμον
3237 1803 3328 1858 καὶ
3395 1801 3818 1880 ὂρφανοτρόφων

411 1909 544 1950 rum
575 1892 930 1964 hospitibus.
965 1894 1045 1947 Ea
1072 1893 1266 1948 sanxit
1291 1910 1364 1947 ne
1383 1893 1484 1964 jus
1506 1892 1742 1964 legandi
1768 1897 1871 1948 aut
1891 1894 2059 1948 here-

2183 1891 2255 1945 ιαὶ
2285 1889 2612 1966 ξενοδόχων,
2645 1890 2782 1947 ὥστε
2813 1894 2888 1966 μή
2923 1889 3390 1966 κληρονομεῖσθαι
3421 1891 3468 1946 εἰ
3496 1892 3574 1961 μὴ
3607 1891 3641 1946 ἄ
3669 1892 3820 1964 πρὸ-

413 1983 587 2037 dibus
617 1981 888 2036 tradendi
935 1981 1242 2050 haberent,
1275 1987 1491 2052 praeter
1529 1981 1653 2036 haec
1683 1997 1814 2052 qua
1847 1982 1908 2035 in
1939 1981 2064 2036 suis

2183 1983 2263 2032 τοῦ
2294 1978 2538 2054 γενέσθαι
2568 1979 2728 2058 εἶχον
2784 1978 2838 2034 ἐν
2892 1984 2964 2054 τῇ
3024 1977 3136 2050 ἰδίᾳ
3196 1979 3508 2047 ὑποστάσει,
3551 1977 3630 2040 είς
3655 1981 3826 2036 ταῦτα

408 2071 791 2128 facultatibus
815 2069 1150 2126 habuerant
1177 2076 1494 2140 antequam
1522 2071 1718 2126 ofﬁcio
1741 2071 1836 2125 isti
1867 2070 2065 2141 praefi-

2183 2064 2252 2122 ἶνα
2309 2065 2660 2137 διατίθενται,
2720 2067 2808 2142 ἀφ’
2865 2071 2934 2138 ἧς
2987 2065 3046 2124 δὲ
3103 2068 3250 2141 ὥρας
3296 2067 3828 2143 προσχειρίσθησαν,

416 2165 696 2217 cerentur
724 2175 736 2213 :
771 2175 890 2229 qua
919 2159 1061 2214 hora
1093 2158 1357 2214 officium
1403 2159 1698 2223 iniissent,
1732 2159 1803 2214 ab
1843 2175 1912 2214 ea
1943 2175 2064 2214 non

410 2248 622 2304 liceret
664 2247 862 2320 legare
911 2264 1042 2317 quas
1087 2247 1299 2303 lucrati
1349 2254 1568 2318 essent,
1601 2247 1704 2303 sed
1753 2265 1822 2304 ea
1865 2247 2068 2304 omnia.

416 2355 598 2394 sacras
633 2337 745 2392 aedi
797 2336 1155 2392 hereditario
1188 2337 1326 2408 jure
1373 2339 1769 2410 obtingerent.
1801 2337 2066 2392 Absolvit

417 2429 597 2484 etiam
631 2428 951 2484 cisternam
984 2444 1114 2499 qum
1148 2434 1275 2484 erat
1302 2428 1362 2483 in
1392 2428 1589 2483 medio
1621 2428 1773 2484 aulas
1802 2427 2064 2483 basilica

416 2517 529 2584 Illi,
565 2533 814 2588 eamque
846 2517 1132 2588 majorem
1179 2516 1458 2572 reddidit.
1491 2516 1787 2588 Dagisthei
1829 2531 2069 2587 quoque

419 2606 702 2662 balneum
734 2605 1000 2677 perfecit,
1033 2605 1105 2660 ab
1131 2607 1414 2662 Anatasio
1446 2606 1811 2661 inchoatum.

485 2698 655 2751 Anno
673 2695 934 2751 secundo
947 2695 1130 2750 Isaias
1146 2695 1334 2751 Rhodi
1353 2700 1411 2751 et
1427 2695 1758 2752 Alexander
1772 2695 2068 2768 Diospolis

421 2785 683 2840 Thracias
735 2784 994 2854 episcopi
1038 2783 1258 2854 aliique
1305 2784 1476 2838 multi
1527 2785 1881 2856 deprehensi
1931 2790 2071 2840 sunt

423 2874 826 2931 masculorum
876 2879 1271 2944 corruptores.
1327 2875 1545 2928 Horum
1590 2874 1725 2930 aliis
1773 2879 2068 2929 veretrum

424 2963 720 3033 amputari
745 2963 925 3034 jussit
956 2962 1298 3034 imperator,
1331 2963 1464 3018 aliis
1493 2963 1753 3020 calamos
1783 2968 1987 3018 acutos
2008 2963 2070 3018 in

426 3057 660 3110 meatus
690 3052 1039 3126 genitalium
1072 3053 1278 3122 inseri,
1310 3070 1530 3126 eosque
1561 3054 1754 3110 nudos
1784 3053 1846 3109 in
1873 3053 2070 3109 forum

2173 2157 2250 2229 μὴ
2277 2150 2426 2232 ἔχειν
2453 2153 2632 2212 ἄδειαν
2683 2156 2756 2219 εἷς
2789 2151 2828 2211 ἃ
2849 2155 3164 2233 κερδήσοιεν
3197 2155 3550 2226 διατίθεσθαι,
3580 2154 3735 2212 ἀλλὰ
3758 2155 3834 2212 τά

2170 2244 2345 2300 αὐτῶν
2395 2245 2564 2301 πάντα
2607 2246 2698 2302 τὸν
2732 2247 2904 2322 εὐαγῆ
2963 2248 3116 2302 οἶκον
3174 2245 3563 2322 κληρονομεῖν.
3601 2245 3830 2321 Πληροῖ

2171 2333 2228 2391 δὲ
2282 2335 2372 2390 καὶ
2427 2336 2493 2390 τὸ
2547 2335 2816 2409 μὲσαυλρν
2873 2343 2973 2407 τῆς
3025 2335 3320 2412 βασιλικῆς
3362 2335 3554 2394 Ἰλλου
3583 2335 3831 2409 κινστίρ-

2169 2445 2291 2496 νης,
2345 2422 2413 2494 ἤν
2469 2424 2558 2479 καὶ
2618 2424 2866 2500 μεγάλην
2923 2424 3152 2497 ἐποίησε
3179 2431 3315 2499 (25),
3343 2426 3433 2481 καὶ
3484 2425 3548 2481 τὸ
3590 2424 3832 2501 λουτρὸν

2171 2518 2267 2571 τοῦ
2297 2514 2623 2588 Δαγιστίως,
2651 2515 2681 2570 ὅ
2709 2513 2913 2590 ἤρξατο
2943 2517 3142 2587 κτίζειν
3175 2515 3547 2579 Ἀναστάσιος.

2243 2695 2340 2766 Τῷ
2450 2692 2556 2749 ἔτει
2585 2694 2806 2758 Ἦσαῒας
2853 2696 2882 2751 ὁ
2936 2692 3130 2753 Ῥόδου
3185 2694 3480 2758 ὶπίσκοπος
3508 2696 3602 2751 καὶ
3633 2691 3828 2766 Ἀλεξ-

2174 2779 2369 2856 ανδρος
2426 2782 2774 2848 Διοσπόλεως
2825 2791 2928 2853 τῆς
2985 2783 3199 2860 Θρᾴκης
3257 2783 3348 2840 καὶ
3397 2782 3574 2860 ἓτεροι
3617 2781 3830 2838 πολλοὶ

2173 2871 2578 2946 κατεσχέθησαν
2628 2870 3039 2951 ἆρῥενοφθόροι.
3092 2873 3194 2930 Καὶ
3242 2873 3371 2935 τοὺς
3404 2872 3499 2946 μὶν
3529 2871 3832 2928 ἑκαυλοκὸ·

2174 2980 2335 3030 πησε,
2367 2965 2486 3022 τοῖς
2535 2957 2594 3014 δὲ
2648 2960 2931 3033 καλάμους
2989 2961 3127 3031 ὀξεῖς
3188 2957 3560 3035 ἐμϐάλλεσθαι
3590 2959 3668 3023 εἷς
3698 2959 3834 3023 τοὺς

2176 3049 2382 3124 πόρους
2437 3055 2547 3105 τῶν
2603 3047 2829 3106 αἰδοίων
2887 3051 3204 3126 προσέταξε,
3253 3049 3344 3106 καὶ
3403 3049 3651 3128 γυμνοὺς
3693 3049 3835 3105 κατᾶ

425 3143 595 3216 quasi
629 3143 688 3198 in
720 3144 1023 3215 triumpho
1066 3143 1333 3215 produci.
1367 3145 1628 3200 Fuerunt
1657 3150 1717 3200 et
1758 3143 1973 3200 civium
2003 3159 2067 3198 ac

2183 3140 2280 3208 τήν
2337 3139 2535 3214 ἀγορὰν
2590 3133 3038 3213 θριαμϐευθῆναι.
3121 3141 3400 3214 Ὑπῆρχον
3466 3136 3524 3194 δὲ
3578 3138 3670 3194 καὶ
3724 3143 3838 3193 τῶν

425 3238 766 3290 senatorum
812 3232 984 3288 multi
1035 3238 1093 3288 et
1139 3234 1488 3304 pontificum
1539 3250 1908 3289 summorum
1949 3248 2067 3286 non

2183 3225 2428 3282 πολιτῶν
2460 3227 2550 3282 καὶ
2597 3226 2981 3304 συγκλητικῶν
3031 3227 3238 3284 πολλοὶ
3267 3228 3358 3283 καὶ
3388 3232 3498 3283 τῶν
3530 3225 3839 3303 ἀρχιερέων

419 3324 594 3397 pauci
618 3323 679 3377 in
704 3322 911 3378 eadem
942 3323 1115 3395 culpa
1140 3339 1153 3390 ;
1179 3324 1278 3394 qui
1301 3324 1561 3392 castrati,
1585 3330 1646 3380 et
1673 3323 1905 3396 publice
1927 3321 2070 3379 nudi

417 3413 480 3469 in
508 3412 702 3467 forum
750 3411 1021 3484 producti
1073 3412 1494 3469 miserabiliter
1543 3415 1697 3470 (ΜΟ
1743 3414 2070 3486 perierunt,

423 3518 650 3572 suoque
683 3501 954 3574 exemplo
985 3501 1248 3572 reliquos
1266 3502 1613 3574 pudicitiam
1640 3502 1836 3559 colere
1867 3501 2076 3558 docue-

419 3597 581 3648 runt.
604 3591 760 3646 Tulit
778 3592 1146 3648 Justinianus
1162 3607 1328 3648 acres
1341 3593 1499 3666 leges
1519 3599 1726 3649 contra
1741 3592 2073 3666 impudicos

417 3687 477 3738 et
509 3686 738 3737 veteres
770 3699 979 3737 omnes
1029 3682 1189 3754 leges
1235 3689 1544 3739 renovatas
1587 3685 1648 3738 in
1689 3699 1874 3739 unum
1906 3682 2074 3739 volu-

417 3787 556 3826 men
584 3771 833 3844 redegit,
866 3770 1026 3844 quod
1056 3771 1324 3828 Novellas
1355 3773 1820 3828 Constitutiones
1853 3772 2074 3828 inscri-

421 3863 561 3936 psit.

494 3951 716 4007 Eodem
769 3969 947 4018 anno,
1000 3951 1094 4008 die
1147 3952 1476 4024 penultima
1525 3953 1887 4018 Novembris,
1930 3954 2079 4010 hora

2181 3314 2280 3371 οὐκ
2311 3312 2518 3390 ὀλίγοι,
2550 3313 2606 3371 οἵ
2637 3315 2994 3390 ἰκτμηθὲντες
3038 3317 3129 3373 καὶ
3177 3315 3533 3392 δημευθὲντες
3566 3317 3706 3372 κατὰ
3731 3317 3839 3384 τὴν

2181 3403 2378 3480 ἀγοράν
2438 3403 2640 3482 γυμνοὶ
2697 3405 2930 3481 οἰκτρῶς
2985 3405 3363 3478 ἐτελεύτησαν.
3395 3405 3499 3463 Καὶ
3528 3406 3836 3481 γενομίνου

2182 3489 2355 3572 φόϐου
2415 3493 2655 3569 μεγάλου
2712 3496 2769 3550 οἱ
2825 3494 3012 3551 λοιποὶ
3070 3495 3565 3573 ἐσωφρονίσθησαν.
3606 3495 3833 3568 Νόμους

2180 3581 2513 3662 τεσφοδροὺς
2564 3585 2702 3640 κατὰ
2754 3589 2864 3640 τῶν
2918 3584 3356 3663 ἀσελγαινόντων
3411 3583 3642 3656 ἆξὲθετο,
3700 3582 3836 3645 τοὺς

2185 3671 2242 3729 δὲ
2271 3673 2542 3738 παλαιοὺς
2599 3674 2803 3750 νόμους
2857 3677 3062 3738 πάντας
3113 3675 3396 3747 άνενέωσε,
3451 3676 3696 3747 ποιήσας
3735 3693 3841 3748 μο-

2181 3758 2465 3835 νόόιϐλον,
2495 3764 2524 3820 ὃ
2553 3763 2643 3819 καὶ
2674 3764 2886 3840 Νεαράς
2916 3762 3182 3838 διατάξεις
3209 3763 3451 3824 ἐκάλεσε.

2257 3944 2352 4016 Τῷ
2382 3943 2428 4000 δ’
2457 3944 2610 4017 αὖτῷ
2645 3939 2774 4018 ἔτει,
2839 3945 2967 4019 μηνὶ
3021 3941 3318 4020 Νοεμϐρίῳ
3373 3951 3474 4015 κθ’,
3527 3941 3650 4014 ὥπᾳ
3679 3941 3842 4020 τρίτῃ

420 4038 537 4096 diei
570 4042 624 4108 3,
657 4057 895 4096 rursum
927 4041 1014 4096 ira
1045 4041 1147 4096 Dei
1170 4041 1541 4097 Antiochiam
1571 4040 1805 4108 afﬂixit,
1833 4042 2067 4098 biennio

2184 4039 2285 4102 τῆς
2315 4034 2550 4108 ἡμέρας,
2581 4027 2774 4089 ἔπαθεν
2834 4033 2936 4089 ὑπὸ
2987 4033 3278 4107 θεομηνίας
3328 4031 3493 4090 πάλιν
3523 4031 3844 4106 Ἀντιόχεια

417 4135 554 4202 post
576 4131 946 4202 superiorem
969 4129 1219 4185 cladem.
1245 4131 1480 4186 Exstitit
1500 4131 1660 4188 enim
1681 4137 1853 4186 terra:
1876 4137 2067 4188 motus

2186 4123 2221 4191 ἡ
2259 4121 2469 4197 μεγάλη
2534 4123 2670 4195 μετᾶ
2721 4121 2816 4178 δύο
2873 4117 2966 4194 ἔτη
3023 4127 3121 4179 τοῦ
3178 4123 3368 4198 πρώην
3419 4123 3610 4178 παθεῖν
3638 4122 3836 4192 αὐτήν.

423 4219 656 4291 ingens,
689 4222 992 4288 totamque
1016 4217 1248 4273 duravit
1268 4219 1475 4274 horam
1503 4236 1637 4274 cum
1664 4219 1915 4276 terribili
1941 4219 2067 4276 oculi

2185 4211 2430 4286 Ἐγίνετο
2497 4212 2600 4288 γὰρ
2669 4212 2893 4285 σεισμὸς
2949 4213 3118 4289 μέγας
3185 4212 3273 4268 ἆπὶ
3336 4209 3482 4287 ὥραν
3552 4209 3679 4285 μίαν
3745 4208 3841 4266 καὶ

436 4308 686 4378 mugitu.
720 4308 799 4361 Ea
829 4307 1220 4362 concussione
1247 4309 1450 4364 omnia
1478 4325 1610 4380 quae
1639 4308 1932 4365 aediﬁcata
1960 4308 2067 4365 fue-

2191 4303 2432 4380 βρυγμὸς
2483 4301 2544 4358 ἐκ
2589 4307 2688 4359 τοῦ
2734 4305 2967 4378 οὐρανοῦ
3023 4299 3274 4384 φοϐερὸς,
3308 4303 3398 4359 καὶ
3446 4299 3636 4358 ἔπεσον
3667 4301 3846 4358 πάντα

433 4401 588 4459 rant,
623 4395 748 4450 solo
781 4401 1013 4467 mquata
1065 4403 1223 4464 sunt,
1255 4403 1312 4453 et
1360 4398 1536 4464 muri,
1568 4404 1746 4469 atque
1790 4399 1936 4455 adeo
1966 4399 2067 4454 ista

2183 4393 2252 4448 τὰ
2279 4393 2559 4457 κτισθέντα
2612 4391 2718 4456 ἓως
2776 4392 3006 4474 ἐδάφους
3055 4393 3144 4450 καί
3198 4395 3264 4449 τά
3290 4393 3475 4470 τείχη.
3511 4393 3614 4451 Καὶ
3643 4391 3704 4449 ἐκ
3732 4398 3846 4448 τῶν

428 4499 662 4554 quoque
696 4490 818 4539 tum
851 4484 1101 4541 aedificia
1126 4493 1500 4556 corruerunt,
1523 4505 1654 4559 quas
1687 4488 1882 4560 priore
1904 4493 2067 4543 terra:

2191 4484 2267 4558 μή
2332 4483 2608 4540 πεσόντων
2675 4483 2926 4540 παλαιων
2994 4486 3303 4558 κτισμάτων
3367 4483 3420 4539 ἐν
3485 4488 3566 4557 τῷ
3631 4485 3843 4558 πρώτῳ

428 4576 596 4626 motu
624 4587 743 4625 non
769 4571 1124 4629 ceciderant.
1153 4573 1417 4646 Denique
1441 4575 1730 4646 quidquid
1753 4580 1810 4630 et
1832 4576 2067 4647 impera-

2191 4574 2398 4646 σεισμῷ
2455 4572 2871 4650 κατηνέχθησαν
2949 4577 3060 4629 νῦν.
3118 4574 3215 4628 Καὶ
3273 4578 3416 4629 πᾶσα
3469 4573 3505 4643 ἠ
3565 4568 3839 4650 γενομένη

436 4661 587 4717 toria
616 4661 974 4719 liberalitate
995 4669 1052 4718 et
1067 4663 1339 4736 privatim
1358 4664 1572 4720 civium
1598 4665 1932 4737 sumptibus
1949 4664 2067 4720 urbi

2192 4659 2482 4736 εὒπρέπεια
2513 4661 2567 4717 ἐν
2594 4666 2664 4736 τῇ
2693 4662 2854 4718 πόλει
2903 4656 2964 4718 ἔκ
3007 4683 3067 4718 τε
3122 4667 3228 4718 τῶν
3258 4667 3354 4718 τοῖ’)
3388 4660 3657 4737 βασιλέως
3686 4661 3849 4740 φιλο-

429 4753 625 4810 fuerat
652 4754 988 4810 ornamenti
1021 4754 1427 4819 conciliatum,
1462 4759 1600 4810 tunc
1634 4754 1828 4826 periit.
1864 4754 2067 4810 Obruta

2190 4757 2416 4826 τιμιῶν,
2477 4750 2568 4807 καὶ
2623 4751 2696 4806 ὢν
2749 4751 2798 4825 ἐξ
2857 4748 3010 4806 ἰδίων
3067 4752 3119 4807 οἱ
3175 4749 3401 4808 πολῖται
3448 4749 3840 4824 ᾠκοδόμησαν,

431 4849 572 4900 sunt
594 4844 789 4900 ruinis
819 4843 1130 4900 hominum
1181 4843 1345 4899 milia
1376 4845 1410 4898 4
1461 4847 1519 4898 et
1547 4844 1687 4897 870:
1731 4842 1990 4914 relinqui
2019 4843 2067 4899 it

2191 4842 2364 4896 πάντα
2394 4839 2708 4896 κατέπεσον.
2752 4840 3040 4898 Ἀπέθανον
3093 4837 3152 4895 δὲ
3206 4839 3258 4896 ἐν
3311 4843 3380 4914 τῇ
3431 4840 3637 4896 πτώσει
3665 4840 3838 4913 ταύτῃ

427 4933 575 4990 alias
594 4933 772 4990 urbes
794 4933 1207 5006 confugerunt.
1228 4931 1360 4988 Fuit
1382 4931 1558 4987 etiam
1578 4931 1923 5004 gravissima
1939 4936 2067 4988 tem-

2191 4931 2283 4986 καὶ
2342 4928 2592 5010 χιλιάδες
2643 4931 2894 5006 τεσσαρες
2953 4929 3089 4986 λαοῦ
3142 4930 3232 4986 καὶ
3291 4937 3383 4986 ωο¹
3441 4927 3651 5006 ἄνδρες.
3684 4931 3753 4988 Οἱ
3784 4928 3845 4986 δὶ

1621 5048 1985 5106 XYLANDRI
2022 5051 2110 5106 ET
2149 5049 2367 5106 GOARI
2405 5051 2627 5106 NOT/E.

499 5177 610 5250 (24)
655 5174 1030 5250 Ἐξοκιονιτῶν
1092 5191 1222 5250 non
1269 5189 1573 5244 assequor.
1613 5174 1887 5250 _Conjicio
1948 5187 2067 5250 eun

2189 5171 2398 5250 κιόνιον
2427 5173 2666 5250 dictam,
2729 5191 2763 5230 a
2817 5190 2933 5246 qua
2989 5173 3166 5250 vicini
3233 5171 3587 5250 ἐξωκιονιται,
3638 5170 3842 5250 Ariani

429 5245 664 5305 Ar‘ianis
717 5248 986 5304 fortassis
1045 5247 1265 5318 templa
1318 5252 1506 5318 extra,
1539 5245 1774 5318 urbem:
1796 5251 1853 5300 et
1895 5245 2076 5318 quasi
2190 5247 2503 5302 ecclesiam
2553 5248 2807 5302 retinere
2837 5245 3130 5317 "permissi
3178 5247 3584 5303 morabantur.
3617 5247 3844 5301 Auctor

427 5321 686 5390 privatos
715 5327 1041 5376 conventus
1089 5317 1454 5390 permisisse.
1487 5317 1660 5390 Sane,
1687 5317 1843 5390 infra
1891 5317 1952 5372 in
1983 5317 2078 5390 Si:
2189 5318 2344 5374 infra
2375 5335 2432 5389 p.
2453 5321 2588 5390 _552.
2622 5320 2795 5374 Gosn.

428 5385 684 5465 cephoro
721 5391 1010 5465 iGen‘erali
1060 5385 1286 5465 mentio
1343 5389 1408 5465 fit
1447 5389 1768 5465 cujusdam
1800 5388 2067 5465 improbil

2186 5459 2200 5465 _
2258 5385 2620 5465 (25)]11390?
2667 5419 2736 5465 -:-
2785 5385 3043 5465 ἐποίησε.-
3091 5389 3334 5465 _Veri_tati
3379 5394 3571 5445 textus
3606 5387 3844 5465 fidelior

427 5457 688 5534 crémitaa
718 5463 960 5530 Nicolai,
995 5463 1094 5534 qui
1130 5463 1189 5534 in
1220 5461 1500 5534 Exocinio
1527 5457 1764 5534 idegens
1804 5457 2078 5534 impieta-
2126 5457 2134 5465 ’
2186 5459 2313 5534 hanc
2343 5457 2853 5534 versio'quadratq
2882 5460 3124 5516 Absolvit
3147 5463 3311 5534 etiam
3334 5478 3526 5534 aream
3542 5463 3722 5534 regiae
3736 5458 3841 5534 11ζί

428 5535 550 5586 tem
581 5532 954 5602 imperatoris
988 5529 1227 5604 juverit-
1279 5531 1420 5604 ΪΕξω
1467 5529 2075 5604 χιόνιόνηοοιυάωειω
2185 5529 2794 5604 cisternagjsupemqm)
2826 5547 3054 5604 eamque
3095 5533 3365 5603 majorem
3387 5529 3841 5604 reddiditiwxit

431 5550 550 5586 tem
581 5550 954 5602 imperatoris
988 5550 1227 5604 juverit-
1303 5550 1420 5600 ιιξω
1467 5550 1692 5599 κιονιον,
1733 5550 2075 5588 commnam
2185 5550 2432 5586 «scema:
2461 5550 2794 5602 (supernam)
2826 5550 2941 5588 eam
2989 5550 3054 5588 ue
3095 5550 3365 5603 majorem
3387 5550 3658 5588 ιἐααιαιι.
3693 5550 3834 5592 Vl!"

431 5619 562 5678 quae
596 5609 763 5678 extra
787 5605 884 5672 sit,
916 5610 1026 5678 aut_
1051 5602 1449 5678 columellam,
1482 5603 1557 5678 ad
1597 5602 1844 5678 ve_rbum
1874 5606 2065 5678 notat.
2185 5607 2383 5678 autem
2407 5601 2550 5666 [llus
2574 5602 2680 5668 sub
2703 5603 2895 5660 Leone
2917 5550 2984 5660 οἵ
3001 5605 3231 5667 Zenone
3254 5605 3537 5678 magister
3553 5603 3834 5662 militum.

427 5669 569 5734 in.
600 5704 671 5719 —-
717 5669 898 5731 Extra
936 5673 1148 5731 urbem
1191 5669 1442 5746 regiam'
1465 5672 1542 5730 ad
1591 5673 1925 5731 columnam
1972 5669 2074 5744 ἔξω
2183 5671 2364 5732 Gou.
