4170 6204
337 383 460 452 πό

1478 386 2031 453 HISTORIARUM
2061 387 2612 457 MPENDIUM.

3619 401 3755 462 ’ἾΠΒ

343 523 604 590 σωθέντες
659 520 856 604 ἔφυγον
913 527 991 593 εἷς
1039 529 1136 592 τὰς
1192 525 1368 590 ἄλλας
1419 525 1632 589 πόλεις.
1691 525 1880 603 Γέγονε
1937 522 1995 580 δὲ

2125 534 2324 597 aestas,
2351 531 2504 588 adeo
2535 537 2604 588 ut
2629 532 2890 590 universi
2920 535 3048 590 sine
3089 537 3304 594 calceis
3353 539 3752 612 supplicatum

342 617 432 669 καί
490 617 704 694 χειμὼν
766 619 934 692 μέγας
993 616 1083 672 καὶ
1147 618 1471 694 βαρύτατος,
1560 617 1638 678 ὡς
1704 615 1999 670 λιτανεύειν

347 706 555 768 πάντας
586 703 948 768 ἀνυποδέτους
1019 707 1138 780 μετ’
1195 704 1450 780 ὀδυρμῶν
1507 709 1746 762 πυκνῶν.
1797 705 1997 782 Ἐφάνη

349 793 407 850 δέ
434 817 542 850 τινι
597 791 842 861 θεοσεϐεῖ
897 797 1165 870 ἀνθρώπῳ
1206 796 1258 852 ἐν
1319 797 1556 870 ὁράματι
1615 796 1784 850 εἰπεῖν
1839 797 1998 847 πᾶσιν

344 884 438 941 ἳνα
491 885 868 964 ἐπιγράψωσιν
919 886 994 949 εἷς
1052 886 1118 942 τὰ
1177 885 1447 960 ὑπέρθυρα
1503 882 1702 940 αὐτῶν*
1770 883 2004 959 Χριστὸς

351 976 688 1048 μεθ’-ἡμῶν,
755 981 938 1044 στῆτε.
980 975 1084 1033 Καὶ
1143 974 1342 1031 τούτου
1381 976 1466 1046 [Ρ.
1528 975 1655 1047 369]
1709 973 2000 1047 γενομένου

345 1061 476 1134 ἔστη
508 1065 544 1134 ἡ
577 1063 714 1139 ὀργή
759 1068 857 1119 τοῦ
909 1069 1070 1121 Θεοῦ.
1125 1063 1232 1119 Καὶ
1280 1061 1444 1119 πάλιν
1475 1063 1504 1117 6
1537 1060 1793 1138 βασιλεὺς
1843 1061 1934 1116 καὶ
1963 1062 2000 1130 ἡ

346 1153 632 1228 Αὖγοῦστα
662 1149 852 1208 πολλὰ
881 1149 1230 1227 ἐδωρήσαντο
1283 1153 1549 1227 χρήματα
1600 1150 1676 1212 εἷς
1727 1149 2001 1205 ἀνακαινι-

343 1243 487 1314 ’σμὸν
518 1241 934 1317 τῆςἈντιόχου
963 1241 1201 1310 πόλεως,
1253 1243 1344 1298 καὶ
1399 1239 1784 1316 μετωνόλασαν
1835 1238 2003 1310 αὐτὴν

352 1330 680 1391 Θεοῦπολιν.

411 1421 611 1495 Τούτῳ
638 1424 716 1494 τῷ
745 1417 851 1476 ἔτει
905 1426 1213 1497 Σαμαρῖται
1264 1421 1354 1477 καὶ
1406 1416 1666 1479 Ἰουδαῖοι
1699 1417 1751 1474 ἐν
1785 1415 2000 1474 Παλαι-

351 1511 506 1585 στίνῃ
569 1510 800 1586 βασιλέα
853 1511 975 1566 τινὰ
1025 1509 1320 1568 Ἰουλιανὸν
1407 1506 1653 1585 ἔστεψα-ι,
1722 1509 1812 1565 καὶ
1870 1506 2008 1564 κατᾶ

349 1600 686 1674 Χριστιανῶν
748 1597 893 1654 ὅπλα
948 1601 1266 1670 κινήσαντες
1345 1598 1585 1674 ἁρπαγὰς
1661 1599 1753 1654 καὶ
1809 1596 2007 1678 φόνους

349 1689 443 1745 καὶ
499 1687 865 1766 ἐμπρησμοὺς
925 1688 1258 1765 εἰργάσαντο·
1319 1688 1414 1752 οῦς
1445 1689 1472 1742 6
1503 1688 1633 1749 Θεὸς
1692 1684 2004 1763 παρέδωκεν

353 1779 433 1842 είς
471 1784 662 1854 χεῖρας
723 1780 1126 1848 Ἰουστινιανοῦ,
1194 1775 1283 1832 καὶ
1341 1781 1540 1838 πᾶντας
1593 1776 1858 1852 ἀφανίσας
1911 1776 2005 1831 τὸν

358 1867 660 1924 Ἰουλιανὸν
689 1867 1071 1944 ἆπεκεφάλισε.
1118 1867 1222 1923 Καὶ
1280 1866 1414 1940 μετᾶ
1459 1866 1552 1921 τὸν
1601 1863 1846 1940 διωγμὸν
1895 1868 2003 1921 τῶν
2033 1900 2100 1964 Β.

353 1955 643 2028 Ἑλλήνων
676 1957 765 2012 καὶ
795 1956 973 2027 πάσης
1006 1957 1284 2033 αἱρέσεως,
1345 1956 1435 2010 καὶ
1491 1955 1626 2029 μετὰ
1676 1956 1738 2010 τὸ
1786 1956 2007 2020 τεθῆναι

366 2043 546 2122 δόγμα
603 2045 994 2117 ἐλληνίζοντας
1057 2046 1131 2119 μή
1181 2043 1561 2109 πολιτεύεσθαι
1615 2044 1651 2114 ἢ
1682 2045 2006 2120 αἱρετικοὺς,

356 2135 407 2191 εί
444 2137 521 2210 μή
571 2135 771 2208 μόνους
820 2135 948 2198 τοὺς
1003 2131 1323 2208 ὀρθοδόξους
1377 2134 1755 2208 Χριστιανοὺς,
1810 2135 2010 2208 προθε-

365 2225 529 2299 σμίαν
578 2222 772 2280 δίδωσι
817 2229 936 2286 τοῖς
985 2224 1258 2285 τοιοότοις
1318 2221 1395 2286 εἷς
1453 2221 1782 2300 ἐπιστροφὴν
1839 2225 2008 2298 τριῶν

371 2319 584 2392 μηνῶν.

431 2407 528 2477 Τῷ
559 2401 608 2459 δ’
642 2397 750 2460 ἔτει
780 2401 946 2482 ἐφάνη
981 2403 1236 2476 κομήτης
1268 2397 1432 2475 μέγας
1477 2401 1569 2456 καὶ
1622 2395 1879 2478 φοϐερὸς,
1932 2399 2009 2462 εἷς

359 2495 423 2550 τὸ
456 2490 673 2549 δυτικὸν
738 2491 901 2565 μέρος
950 2490 1183 2564 πέμπων
1233 2489 1324 2544 ἐπὶ
1379 2489 1445 2545 τὰ
1498 2487 1611 2544 ἄνω
1667 2489 1760 2552 τὰς
1818 2489 2008 2544 ἑαυτοῦ

364 2584 605 2653 ἀκτῖνας,
663 2580 720 2637 ὅν
768 2575 956 2656 ἔλεγον
1014 2577 1348 2654 λαμπαδίανο
1405 2577 1497 2634 καὶ
1551 2572 1730 2652 ἔμεινε
1771 2575 2006 2650 λάμπων

355 2669 452 2727 ἐπὶ
477 2671 689 2747 ἡμέρας
721 2668 914 2727 εἷ’κοσι.

420 2763 522 2834 ’Τῷ
578 2763 615 2816 ε’
667 2759 771 2815 ἔτει
825 2759 1043 2836 γέγονεν
1100 2761 1135 2829 ἡ
1191 2757 1448 2834 ἀνταρσία
1536 2760 1634 2812 τοῦ
1711 2754 2010 2832 λεγομένου

358 2850 502 2906 Νίκα
533 2851 670 2924 (26),
695 2850 787 2904 καὶ
819 2844 1040 2922 ἔστεψαν
1075 2849 1128 2903 οἱ
1183 2853 1290 2902 τῶν
1341 2845 1534 2920 δήμων
1593 2846 1819 2924 βασιλέα
1848 2847 2012 2901 Ὑπά-

361 2959 480 2994 τιον
511 2940 602 2994 τὸν
637 2946 868 3015 συγγενῆ
905 2937 1260 2996 Ἀναστασίου
1289 2941 1386 2992 τοῦ
1419 2936 1710 3012 βασιλέως.
1772 2938 2007 3006 Ἐκαύθη

364 3025 423 3083 δὲ
453 3027 596 3084 πολὺ
630 3028 792 3102 μέρος
819 3033 918 3097 τῆς
971 3026 1206 3095 πόκεως,
1238 3025 1274 3097 ἢ
1314 3047 1372 3081 τε
1428 3024 1657 3102 Μεγάλη
1709 3025 2013 3097 Ἐκκλησία

363 3117 457 3171 καὶ
516 3117 584 3172 τὰ
638 3121 866 3192 χαρτῷα
923 3116 1094 3185 αὐτῆς
1135 3113 1476 3188 δικαιώματα
1525 3114 1615 3170 καὶ
1657 3116 1692 3184 ἡ
1741 3112 2014 3190 πρόσοδος

365 3212 533 3274 πᾶσα,
561 3203 597 3274 ἤ
629 3227 687 3260 τε
738 3203 895 3282 ’Ᾱγία
949 3204 1160 3278 Εἰρήνη
1223 3205 1332 3278 (27)
1387 3204 1479 3257 καὶ
1535 3205 1586 3258 οἱ
1627 3203 1863 3274 ξενῶνες,
1896 3204 1926 3258 ’ὸ
1955 3225 2014 3259 τε

2112 619 2234 674 sint
2267 623 2561 693 progressi
2589 639 2724 678 cum
2747 624 3296 696 crebisejulatibus.
3331 630 3490 684 Tunc
3511 631 3759 700 quidam

2110 707 2206 777 pie
2243 713 2420 764 Deum
2449 711 2650 766 colens
2684 712 2858 767 homo
2889 713 3115 769 visione
3161 715 3504 772 admonitus
3555 724 3644 773 est
3693 723 3761 773 ut

2113 796 2391 853 omnibus
2431 801 2798 872 praeciperet,
2854 803 2937 855 uti
2988 804 3392 874 superioribus
3441 804 3757 862 domorum

2111 903 2350 942 suarum
2383 889 2652 959 postibus
2681 890 3098 956 inscriberent,
3123 893 3388 947 Christus
3417 894 3756 962 nobiscum,

2111 980 2285 1032 state.
2321 977 2438 1032 Hoc
2466 978 2620 1033 facto
2647 979 2734 1034 ira
2759 980 2856 1034 Dei
2881 980 3121 1036 resedit.
3154 984 3406 1038 Rursum
3431 999 3667 1054 quoque
3698 989 3758 1038 et

2111 1064 2436 1136 imperator
2463 1071 2524 1121 et
2542 1070 2804 1139 Augusta
2833 1068 3082 1125 multum
3107 1072 3373 1142 pecuniae
3402 1071 3598 1144 largiti
3621 1077 3764 1128 sunt

2111 1152 2186 1207 ad
2215 1153 2709 1212 instaurationem
2741 1157 3085 1224 Antiochiae,
3117 1159 3291 1230 eique
3323 1176 3542 1216 nomen
3570 1162 3758 1217 Theo-

2111 1241 2266 1314 polis
2283 1241 2652 1300 indiderunt.

2187 1423 2406 1479 Eodem
2437 1439 2596 1480 anno
2625 1424 2979 1480 Samaritani
3011 1430 3070 1480 et
3115 1425 3300 1481 Judaei
3356 1425 3418 1480 in
3467 1426 3765 1484 Palestina

2115 1511 2432 1582 quemdam
2453 1513 2755 1569 Julianum
2776 1514 2940 1587 regia
2954 1531 3174 1570 corona
3186 1519 3462 1570 ornatum
3481 1515 3594 1570 sibi
3611 1532 3761 1587 prm-

2113 1601 2418 1657 fecerunt:
2449 1603 2752 1674 armisque
2777 1610 2986 1659 contra
3015 1603 3380 1660 Christianos
3411 1605 3559 1660 041
3595 1621 3761 1660 sum-

2114 1692 2231 1762 ptis
2262 1692 2500 1763 rapinas
2521 1700 2578 1748 et
2601 1693 2875 1749 incendia
2901 1694 3234 1750 ediderunt.
3258 1695 3372 1749 Hos
3390 1695 3762 1751 Justinianus

2115 1783 2292 1838 aDeo
2324 1781 2433 1837 sibi
2493 1784 2554 1838 in
2611 1800 2822 1840 manus
2873 1785 3122 1840 traditos
3173 1785 3471 1840 occisione
3523 1785 3760 1856 delevit,

2112 1871 2462 1942 Julianoque
2493 1879 2670 1944 caput
2691 1875 3032 1946 amputavit.
3058 1875 3076 1928 l
3086 1875 3200 1929 nde
3223 1875 3436 1930 Graecae
3456 1875 3763 1948 religionis

2115 1964 2175 2014 et
2203 1960 2454 2016 aliarum
2487 1961 2802 2018 hazresium
2834 1969 3155 2019 sectatores
3181 1969 3528 2036 persecutus
3550 1969 3640 2019 est
3663 1981 3677 2032 ;
3701 1970 3760 2020 et

2115 2048 2242 2122 lege
2275 2050 2394 2106 lata
2424 2067 2498 2105 ne
2525 2052 2660 2122 quis
2692 2054 2904 2107 Graacaa
2931 2053 3240 2126 religionis
3281 2058 3383 2108 aut
3437 2053 3759 2108 hereticus

2113 2153 2241 2192 rem
2271 2139 2572 2210 publicam
2601 2146 2852 2212 gereret,
2884 2141 2988 2196 sed
3019 2140 3337 2196 Christiani
3360 2145 3611 2209 tantum,
3638 2141 3760 2197 illis

2114 2227 2413 2283 trimestre
2443 2235 2677 2301 tempus
2707 2229 2781 2285 ad
2811 2229 3283 2302 resipiscendum
3304 2230 3688 2303 praescripsit.

2189 2412 2357 2464 Anno
2389 2413 2601 2480 quarto
2623 2413 2853 2464 cometa
2874 2425 3122 2480 magnus
3145 2414 3202 2464 et
3225 2409 3508 2464 terribilis
3530 2408 3592 2462 in
3618 2425 3760 2480 par-

2119 2502 2236 2553 tem
2285 2497 2591 2552 occiduam
2648 2502 2923 2568 spectans
2969 2497 3286 2567 radiosque
3335 2513 3472 2551 suos
3524 2512 3765 2551 rursum

2117 2587 2415 2654 emittens,
2450 2601 2627 2656 quem
2658 2601 2693 2640 a
2719 2584 2865 2640 facis
2893 2585 3081 2656 ﬁgura
3121 2584 3481 2656 lampadiam
3529 2589 3760 2654 vocant,
3807 2627 3812 2632 .

2116 2673 2283 2729 fulsit
2311 2690 2418 2744 per
2449 2672 2576 2728 dies
2604 2673 2694 2728 20.

2189 2763 2403 2828 Quinto
2434 2779 2590 2817 anno
2623 2761 2832 2818 seditio
2863 2761 2994 2830 fuit,
3035 2762 3129 2818 cui
3191 2777 3225 2817 a
3261 2766 3494 2817 tessera
3541 2777 3764 2816 nomen

2118 2858 2209 2908 est
2229 2854 2390 2918 Nica,
2415 2852 2476 2906 id
2495 2857 2603 2920 est,
2635 2853 2833 2908 Vince.
2860 2851 3113 2924 Populus
3135 2851 3294 2908 enim
3319 2851 3652 2906 diademate
3673 2851 3764 2904 in-

2119 2943 2164 2996 si
2173 2941 2704 3013 gnibatHypatium
2721 2941 3014 2996 Anastasii
3035 2939 3412 3012 imperatoris
3429 2944 3767 3009 cognatum.

2118 3029 2514 3101 Conﬂagravit
2542 3034 2684 3084 tunc
2709 3045 2930 3102 magna
2950 3029 3115 3084 urbis
3131 3045 3290 3100 pars,
3313 3029 3585 3099 Magnum
3607 3027 3772 3080 Tem-

2119 3118 2306 3190 plum,
2343 3123 2401 3172 et
2431 3119 2651 3173 charta;
2685 3118 2814 3188 ejus
2845 3118 3287 3189 privilegiorum
3338 3132 3406 3171 ac
3449 3115 3773 3184 redituum,

2121 3214 2248 3263 tum
2279 3209 2492 3264 Sancta
2517 3209 2660 3273 Pax,
2701 3213 2760 3262 et
2789 3208 3046 3278 hospitia
3075 3205 3523 3278 peregrinorum
3550 3221 3584 3258 a
3604 3203 3772 3258 Sam-

369 3300 471 3352 τοῦ
507 3295 745 3368 Σαμψὼν
776 3293 868 3348 καὶ
912 3294 940 3348 6
992 3288 1294 3358 Εὐϐούλου,
1349 3292 1483 3365 μετὰ
1528 3296 1636 3346 τῶν
1693 3291 2010 3368 ἀρρώστων,

2126 3317 2270 3354 sone
2301 3305 2360 3354 et
2387 3299 2614 3354 Eubulo
2646 3299 2882 3354 condita
2908 3315 3042 3354 cum
3065 3299 3211 3370 ipsis
3236 3297 3512 3364 infirmis,
3532 3311 3773 3366 proscc-

371 3385 460 3438 καὶ
491 3383 554 3438 τὸ
583 3385 916 3459 προσκήνιον
952 3385 1050 3448 τῆς
1086 3380 1378 3457 βασιλικῆς
1411 3382 1521 3455 (28)
1560 3381 1649 3436 καὶ
1685 3382 1749 3436 τὸ
1799 3383 2017 3459 Αὐγου-

374 3476 559 3528 σταῖον
589 3473 727 3545 (29),
755 3470 846 3526 καί
874 3473 910 3542 ἡ
944 3469 1316 3546 χαλκόστεγος
1337 3473 1430 3525 τοῦ
1451 3469 1742 3542 παλατίου,
1768 3470 1804 3541 ἢ
1830 3468 2016 3527 ἔκτοτε

370 3561 464 3617 καὶ
511 3565 602 3615 νῦν
661 3559 846 3636 χαλκῆ
905 3561 1366 3636 προσαγορεύεται
1425 3557 1514 3615 διὰ
1561 3562 1625 3616 τὸ
1673 3560 1733 3616 ἐκ
1787 3560 2012 3636 χαλκῶν

371 3653 628 3728 κεράμων
680 3651 1118 3730 κεχρυσωμένων
1177 3650 1490 3726 ἐστεγάσθαι
1551 3649 1739 3721 αὐτήν.
1817 3652 2016 3722 Ἐκᾶη-

374 3761 468 3796 σαν
499 3739 557 3796 δὲ
583 3740 672 3795 καὶ
706 3742 756 3795 οἱ
789 3738 884 3794 δύο
915 3735 1150 3812 ἕμϐολοι
1214 3744 1380 3814 μέχρι
1437 3744 1534 3794 τοῦ
1592 3741 1783 3816 φόρου.
1841 3741 1903 3797 Ὀ
1960 3737 2018 3795 δὲ

373 3829 622 3894 λαὸςκαῖ
665 3830 757 3884 τὸν
823 3827 1050 3905 βασιλέα
1099 3829 1477 3901 ἰουστινιανὸν
1537 3829 2017 3902 ἆναθεματίζοντες

370 3915 680 3998 ἐφύϐριζον.
736 3923 888 3981 Ἧτις
947 3918 1197 3992 ἀνταρσία
1269 3917 1478 3988 ἐπαύθη
1555 3915 1643 3972 διὰ
1697 3916 2016 3992 Βελισαρίου

374 4009 465 4064 καὶ
501 4005 758 4064 Μούνδου
786 4007 878 4062 καὶ
913 4012 1120 4082 Nape-ﬁ,
1147 4005 1450 4061 ἀνελόντων
1498 4005 1575 4061 λε’
1628 4003 1886 4081 χιλιάδας
1928 4006 2016 4060 καὶ

373 4098 536 4153 αὐτὸν
569 4097 841 4153 ’Υπάτιον.
875 4097 1015 4154 Τότε
1044 4093 1110 4166 δὴ
1171 4095 1472 4170 ἐνεπρήσθη
1521 4094 1612 4150 καὶ
1659 4095 1723 4150 τὸ
1777 4093 2016 4169 ὀκτάγωο

374 4207 462 4240 νον
492 4187 672 4240 καὶτὸ
703 4183 929 4260 λοετρὸν
960 4189 1056 4238 τοῦ
1106 4179 1354 4260 Σεῦῆρου
1399 4184 1462 4238 τὸ
1510 4182 1806 4260 λεγόμενον
1861 4183 2018 4256 Ζεῦξ-

375 4295 567 4344 ιππος,
600 4274 650 4329 ἐν
682 4273 977 4347 ᾦποικίλη
1022 4295 1103 4336 τις
1162 4273 1229 4342 ἦν
1290 4273 1491 4346 θεωρία
1543 4274 1634 4327 καὶ
1689 4272 2015 4348 λαμπρότης

369 4368 608 4438 τεχνῶν,
647 4369 756 4418 τῶν
786 4384 845 4419 τε
888 4365 1189 4437 μαρμάρωε
1244 4362 1334 4416 καὶ
1394 4361 1562 4426 λίθων
1621 4362 1713 4416 καὶ
1766 4359 2016 4439 ψηφίδων

364 4453 460 4506 καί
493 4451 716 4506 εἰκόνων
748 4449 834 4507 διὰ
864 4450 1080 4526 χαλκοῦ
1110 4451 1495 4522 πεποιημένων
1529 4455 1640 4505 τῶν
1681 4450 1770 4505 ἀπ’
1822 4449 2015 4513 αἰῶνος

364 4541 573 4617 ἀνδρῶν
621 4537 772 4618 ἔργα,
835 4543 998 4615 μόνον
1034 4545 1114 4615 τῷ
1157 4543 1234 4614 μή
1292 4547 1544 4617 παρεῖναι
1596 4541 1782 4604 αὐταῖς
1832 4541 2013 4621 ψυχὰς

2122 3390 2408 3462 niumque
2430 3389 2627 3461 regina,
2655 3394 2712 3443 et
2727 3392 3128 3462 Augustaeum,
3150 3392 3206 3440 et
3227 3385 3432 3457 palatii
3450 3385 3774 3439 chalcoste-

2122 3497 2222 3549 ges
2251 3496 2390 3551 pars
2418 3495 2430 3546 ;
2465 3497 2597 3550 quas
2628 3497 2698 3535 ex
2733 3496 2800 3534 eo
2833 3479 3132 3548 hodieque
3163 3491 3318 3531 turea
3349 3475 3566 3529 dicitur
3611 3472 3775 3544 quod

2121 3567 2332 3640 tegulis
2364 3568 2535 3623 aereis
2567 3573 2625 3622 et
2655 3567 2945 3622 inauratis
2978 3571 3104 3620 erat
3133 3570 3308 3620 tecta.
3339 3564 3482 3618 Bina
3527 3579 3764 3634 quoque

2118 3663 2312 3712 rostra
2340 3656 2650 3711 combusta
2681 3660 2821 3710 sunt
2868 3671 3056 3724 usque
3108 3653 3182 3707 ad
3232 3653 3450 3708 forum.
3501 3651 3766 3722 Populus

2120 3750 2317 3801 autem
2367 3745 2788 3799 exsecrabatur
2832 3743 3235 3798 Iustinianum
3285 3746 3344 3795 et
3387 3739 3766 3795 contumeliis

2121 3833 2437 3890 afﬁciebat.
2473 3833 2976 3904 Compescuerunt
3007 3846 3138 3886 eam
3165 3829 3520 3884 seditionem
3547 3828 3769 3882 Belisa-

2119 3924 2242 3978 rius
2263 3922 2505 3978 Dundus
2527 3927 2584 3976 et
2603 3923 2836 3989 Narses,
2861 3920 3189 3975 interfectis
3210 3935 3343 3973 cum
3366 3918 3496 3988 ipso
3518 3917 3766 3987 Hypatio

2121 4012 2388 4068 millibus
2410 4011 2717 4066 hominum
2849 4011 3009 4065 Tunc
3031 4015 3088 4063 et
3109 4009 3466 4079 Octagonum
3491 4005 3760 4060 iccendio

2121 4106 2211 4154 est
2265 4101 2668 4172 absumptum,
2718 4107 2777 4154 et
2832 4098 2986 4154 648
3035 4097 3314 4152 balneum
3361 4095 3553 4150 Severi
3608 4093 3767 4165 quod

2119 4190 2396 4262 Zeuxippi
2426 4206 2645 4244 nomen
2676 4190 2879 4262 gessit,
2912 4189 2973 4243 in
3005 4203 3120 4259 quo
3151 4185 3375 4241 varium
3409 4185 3601 4240 inerat
3631 4199 3770 4255 spe-

2121 4279 2418 4333 ctaculum
2450 4283 2771 4349 utrumque
2803 4277 3105 4348 splendor.
3137 4276 3362 4347 Quippe
3393 4274 3475 4328 ibi
3519 4274 3764 4329 fuerunt

2119 4368 2316 4422 omnis
2345 4368 2533 4422 aetatis
2567 4383 2748 4440 opera
2780 4383 2844 4421 ev
2875 4381 3192 4430 marmore,
3225 4365 3404 4428 saxis,
3449 4362 3769 4434 lapidibus,

2121 4473 2296 4528 opere
2331 4455 2653 4522 tessellato,
2693 4460 2750 4510 et
2801 4473 2970 4510 mrem
3024 4454 3342 4526 imagines;
3395 4453 3612 4524 quibus
3661 4451 3773 4506 hoc

2119 4562 2307 4602 unum
2339 4545 2542 4600 deerat
2572 4545 2730 4616 quod
2761 4546 2974 4601 animai
3007 4561 3126 4599 non
3151 4545 3606 4598 ineranteorum
3623 4557 3773 4612 quos

365 4635 476 4687 τῶν
506 4631 560 4695 ἐς
591 4632 685 4694 οὓς
739 4630 1008 4705 ἐγένοντο.
1070 4631 1323 4701 Εἶοτήνει
1379 4634 1668 4706 τοιγαροῦν
1734 4631 1868 4704 μετά
1902 4635 2009 4686 τῶν

2125 4652 2199 4690 eae
2239 4634 2596 4690 referebant.
2652 4635 2810 4690 Inter
2854 4634 3156 4706 praecipua
3202 4633 3302 4687 illa
3357 4637 3414 4687 et
3464 4631 3771 4704 ingenium

373 4719 655 4797 ἐξαιρέτων
682 4722 773 4776 καὶ
801 4724 926 4776 νοῦν
956 4715 1384 4794 ῦπερϐαινόετων
1443 4719 1659 4775 τούτωκ
1703 4719 1794 4774 καὶ
1833 4721 2016 4794 Ὅμη-

2129 4725 2474 4798 superantia
2502 4741 2682 4796 opera
2711 4724 2903 4780 stabat
2925 4729 2983 4779 et
3005 4724 3317 4791 Homerus,
3341 4721 3535 4793 qualis
3555 4720 3770 4788 fuerat,

1571 4849 1935 4907 XYLANDRI
1973 4853 2059 4908 ET
2099 4854 2314 4909 GOARI
2355 4853 2578 4909 NOTAE.

437 4967 548 5038 (26)
587 4967 668 5038 Ex
698 4965 991 5038 corruptis
1023 4963 1378 5038 et_ob_scuris
1409 4963 1783 5038 Theophanis
1821 4966 2014 5022 verbis

366 5035 552 5110 series
569 5037 655 5091 rei
666 5035 990 5110 colligitur.
1027 5035 1114 5110 A_d
1139 5036 1445 5089 Circenses
1463 5035 1634 5090 ludos
1656 5038 2014 5110 quandoque

363 5109 628 5180 paofecto
657 5108 1207 5180 Iustiniano,7inter
1264 5112 1508 5161 cmteras
1545 5108 2014 5180 acclamationes

364 5177 619 5250 populus
647 5179 825 5234 etiam
847 5180 955 5230 ’τοῦ
990 5177 1145 5250 βίκας
1197 5183 1255 5250 tu
1306 5181 1493 5232 vincas
1543 5179 1766 5245 Latine,
1818 5182 2013 5236 Grmce

361 5249 504 5318 νίκα,
537 5257 912 5322 apprecatus
935 5249 1026 5304 est
1051 5265 1068 5322 ;_
1085 5320 1091 5322 _
1121 5249 1554 5322 confestimque
1607 5253 2014 5322 gravaminum

362 5322 475 5376 sibi
497 5320 796 5394 illatorum
819 5320 1203 5394 Calepodium
1228 5320 1544 5391 quemdam
1570 5320 1735 5376 reum
1760 5324 2015 5394 postula-

357 5394 439 5447 vit
467 5393 540 5448 ad
576 5393 924 5463 pmnamEx
947 5391 1331 5463 Prasinorum
1348 5398 1563 5447 autem
1585 5399 1644 5447 et
1669 5391 2013 5450 Venetorum

363 5464 474 5518 sibi
503 5462 721 5533 jugiter
750 5463 1016 5533 adversis
1044 5462 1290 5517 vocibus
1320 5480 1438 5517 non
1473 5463 1706 5518 modico
1755 5467 2014 5522 tumultu

363 5531 672 5609 e_xorto_,_a".
709 5538 816 5609 τῶν
865 5531 1062 5609 δήμῶν
1111 5535 1401 5588 factiones
1439 5535 1791 5609 :de_quibus
1839 5555 2016 5609 supe-

350 5607 512 5681 rius,
565 5607 878 5681 Hypatium
939 5607 1361 5681 imperatorem
1408 5605 1855 5681 _exc_lamar_unt,
1911 5605 2013 5681 qui

364 5678 554 5732 nihilo
588 5675 781 5733 secius
811 5694 948 5732 cum
975 5677 1250 5748 plurimis
1267 5675 2013 5748 .perduetlibushelissiii,

365 5750 565 5806 Mundi
598 5755 657 5806 et
685 5749 945 5806 Narsetis
976 5747 1158 5804 armis
1205 5747 1415 5803 in’illa
1459 5747 1750 5806 seditione
1798 5747 2015 5808 misere

2127 4969 2453 5024 exstinctus
2481 4973 2594 5024 est.
2629 4971 2806 5024 Goan.

2199 5042 2310 5114 (27)
2343 5041 2570 5114 Clarius
2600 5041 2812 5114 Sancta:
2842 5041 3021 5114 Irenes
3052 5035 3538 5114 templum-Com:
3701 5103 3712 5114 ο

2198 5105 2308 5184 (28)
2342 5113 2685 5183 Suggestum
2729 5111 3014 5166 elevatius
3064 5105 3214 5163 atrio
3262 5105 3542 5184 anteriori
3591 5105 3769 5184 regias

2125 5173 2355 5239 demus.
2379 5173 2567 5253 _\"ovcat
2597 5183 2914 5238 Simocatta
2940 5199 2978 5241 ῐ,
3037 5185 3088 5249 1,
3136 5174 3436 5253 προαύλιον
3486 5173 3773 5250 περιφανὲς

2124 5253 2214 5307 καὶ
2245 5251 2524 5328 περίδοξσλν
2551 5255 2906 5324 προσκήνιον.
2939 5254 3114 5328 (ipsa.

2198 5316 2637 5394 ,29}'Sim'ocat'a
2666 5343 2706 5392 ι,
2742 5316 2827 5392 i0,
2862 5325 3069 5380 scribit
3097 5338 3228 5379 esse
3249 5317 3550 5394 ἀνάκτκρον
3599 5316 3652 5394 ἐν
3699 5319 3778 5387 τῷ

2133 5390 2644 5482 μεγάλῳηοριλαμῳ
2690 5390 2982 5482 ντῷέπρὸξ,
3021 5397 3090 5482 τῇ
3153 5392 3380 5482 μεγίστῇ
3456 5390 3563 5444 τῶν
3629 5390 3780 5482 Bagi-

2126 5461 2290 5520 λείων
2319 5461 2486 5538 αὐλῇ.
2521 5461 2888 5540 Ᾰύγουσταῖος
2939 5464 2982 5519 δ’
3031 5461 3366 5540 dim-0610;,-
3413 5461 3776 5532 κατονομάζε-

2121 5559 2232 5593 ται.
2265 5542 2307 5593 Ε
2341 5536 2579 5606 regione
2613 5536 2740 5595 erat
2782 5536 3083 5601 columna,
3137 5544 3189 5592 et
3243 5536 3537 5591 columnm
3585 5539 3779 5589 statua

2123 5611 2841 5739 gstgianisupcrposita,
2875 5611 2946 5665 de
2999 5626 3116 5682 qua
3163 5610 3258 5681 hic
3309 5608 3575 5680 ejusdem
3622 5620 3778 5661 anno

2201 5697 2242 5739 .'
2291 5699 2422 5739 om.
3737 5732 3739 5734 .

2125 5685 2210 5740 ω.
2233 5685 2422 5739 ﬂow.
