4170 6204
434 329 556 404 707
1820 335 2142 398 GEORGII
2185 337 2521 401 CEDRENI
3725 339 3848 404 708

437 468 1164 545 cogitabundus,manibus
1180 468 1466 523 consertis
1479 467 1633 522 infra
1645 471 1872 539 pectus,
1897 466 2058 524 barbi

2196 486 2309 542 ρος,
2343 468 2536 531 ὁποῖος
2573 469 2658 537 ἧν,
2690 467 2934 542 συνάγων
2968 467 3058 522 οόν
3089 471 3235 538 νοῦν,
3263 465 3342 523 τὼ
3386 474 3542 543 χεῖρε
3591 469 3847 541 συζεύξας

440 563 567 619 sine
601 562 762 617 cultu
795 560 1092 614 demissa:
1128 556 1322 628 capilli
1355 558 1566 628 capitis
1589 557 1992 628 aaquales,rari
2016 557 2088 613 ab

439 659 691 721 utraque
713 647 1010 718 sincipitis
1034 646 1416 718 parte,facies
1439 663 1559 716 prae
1579 646 1746 701 senio
1763 646 1992 702 hirsuta
2021 664 2088 702 ac

439 740 595 796 curis
627 738 696 792 de
723 738 1018 804 universo,
1053 753 1230 791 nasus
1253 735 1327 790 ad
1346 736 1604 806 reliquas
1625 741 1824 807 partes
1847 753 2087 808 propor-

437 832 597 886 tione
631 830 868 900 mquali,
903 827 1057 884 oculi
1082 827 1382 900 palpebris
1401 827 1587 894 afﬁxi,
1617 828 1697 883 ita
1718 833 1783 882 ut
1812 829 1952 884 caeci
1973 829 2086 884 for-

431 935 590 975 mam
623 935 746 990 praa
771 935 832 973 se
859 919 1104 984 ferrent,
1135 917 1372 988 qualem
1397 933 1531 972 eum
1558 917 1740 972 fuisse
1767 917 1924 972 fama
1948 918 2082 974 fert.

433 1010 621 1081 Supra
661 1009 925 1064 tunicam
957 1007 1199 1079 palliolo
1232 1012 1358 1062 erat
1387 1007 1658 1077 amictus,
1692 1012 1751 1061 et
1791 1007 1865 1062 ad
1913 1007 2082 1064 basin

432 1098 588 1153 infra
609 1097 792 1169 pedes
824 1098 952 1168 ejus
983 1095 1178 1151 lorum
1211 1095 1508 1166 quoddam
1532 1112 1762 1150 aeneum
1787 1100 1914 1151 erat
1942 1097 2083 1152 sub-

421 1187 1049 1258 jectum.Erantporro
1067 1201 1244 1239 amem
1259 1184 1551 1239 columna)
1570 1185 1835 1240 omnium
1853 1187 2083 1256 sapien-

431 1276 535 1340 tia,
567 1275 754 1345 poesi,
791 1281 916 1328 arte
957 1273 1215 1337 dicendi,
1277 1289 1344 1328 ac
1392 1271 1738 1327 fortitudine
1785 1274 2078 1329 clarorum

427 1364 709 1418 virorum.
745 1363 889 1418 Cum
922 1363 1014 1417 his
1044 1362 1222 1433 periit
1251 1363 1428 1418 etiam
1453 1362 1664 1417 domus
1685 1362 2080 1432 qumlumina—

427 1453 584 1508 rium
603 1458 1030 1506 nocturnorum
1055 1451 1288 1518 dicitur,
1321 1455 1524 1521 utpote
1543 1451 1836 1522 fastigium
1853 1451 2076 1508 habens

418 1543 723 1616 ligneum;
757 1543 818 1597 in
850 1559 966 1612 quo
999 1557 1141 1612 opes
1174 1547 1343 1596 erant
1374 1557 1580 1595 eorum
1621 1542 1720 1611 qui
1749 1542 2074 1598 sericorum

418 1633 936 1705 pretiosorumque
962 1635 1019 1685 et
1049 1647 1193 1686 auro
1212 1631 1566 1685 intextorum
1589 1631 2072 1686 vestimentorum

421 1720 1477 1790 exercebantmercaturam.Denique
1502 1720 1696 1774 omnis
1713 1719 1876 1774 urbis
1893 1720 2074 1776 decor

425 1811 524 1881 qui
559 1810 849 1882 superiori
884 1809 1161 1864 incendio
1194 1809 1588 1880 superfuerat,
1631 1815 1770 1864 tunc
1822 1809 2069 1865 interiit.

422 1898 642 1955 Eodem
661 1915 816 1954 anno
851 1915 1101 1972 magnus
1132 1897 1243 1952 fuit
1273 1898 1578 1952 stellarum
1613 1897 1936 1965 discursus,
1985 1899 2068 1954 ita

421 1993 490 2045 ut.
527 2005 736 2044 omnes
767 1992 1248 2058 perterrerentur
1277 2003 1344 2041 ac
1374 1987 1675 2042 dicerent:
1709 1989 1854 2042 Ecce
1885 1986 2066 2042 stellas

417 2079 674 2134 cadunt:
705 2077 1006 2132 nescimus
1037 2077 1181 2146 quid
1213 2077 1290 2130 sit
1319 2075 1604 2132 futurum.

2099 1854 2147 1919 B

2202 557 2399 612 ὑπὸτὰ
2431 559 2642 631 στέρνα.
2695 558 2791 613 Καὶ
2851 558 3055 631 πώγων
3121 556 3288 612 αὖτοῦ
3346 555 3536 620 ἁπλῶς
3601 561 3845 632 καθεῖτο,

2197 647 2314 721 θρίξ
2345 667 2403 702 τε
2434 645 2522 702 ἐπὶ
2553 653 2654 715 τῆς
2707 644 2952 724 κεφαλῆς
2997 645 3165 718 ὁμοία
3222 645 3276 701 ἐν
3342 652 3457 709 τοῖς
3515 647 3847 721 ἑκατέρωθεν

2193 742 2291 792 τοῦ
2353 737 2661 813 βρέγματος
2745 736 3106 812 ἀραιουμένη,
3195 739 3587 816 τετριχωμὲνῳ
3653 737 3711 794 δὲ
3762 747 3848 813 τῷ

2193 827 2480 901 προσώπῳ
2517 829 2716 901 γήρατι
2753 826 2844 880 καὶ
2874 831 2993 889 ταῖς
3027 825 3160 901 ὑπὲρ
3207 830 3304 881 τοῦ
3345 827 3540 889 παντὸς
3594 829 3845 906 φροντίσι

2194 916 2277 990 ῥὶς
2319 914 2413 989 μέν
2472 915 2812 988 ἧννμετρίως
2868 909 3075 992 ἔχουσα
3138 915 3274 986 πρὸς
3334 917 3558 985 ἅπαντα,
3617 916 3845 991 ὄμματα

2193 1005 2250 1061 δὲ
2276 1007 2597 1080 συνημμένα
2627 1010 2744 1060 τοῖν
2775 1003 3097 1079 βλεφάροιν,
3155 1005 3272 1059 οἶον
3322 1005 3410 1059 καὶ
3445 1005 3472 1060 ὁ
3499 1005 3622 1080 περὶ
3672 1006 3843 1063 αὐτοῦ

2191 1095 2360 1170 λόγος
2416 1093 2554 1170 ἔχει,
2617 1093 2820 1172 τυφλὸν
2872 1091 3222 1170 ἐμφαίναντα.
3269 1089 3630 1164 Ἀνεϐἑϐλητο
3661 1093 3718 1150 δὲ
3747 1097 3841 1152 καὶ

2188 1179 2479 1259 τριϐώνιον
2519 1181 2608 1237 ἐπὶ
2667 1185 2886 1260 χιτῶνι,
2939 1181 3030 1235 καὶ
3061 1184 3146 1255 [Ρ.
3180 1185 3305 1254 3το]
3363 1183 3488 1238 ὅσον
3543 1183 3620 1245 εἷς
3676 1185 3836 1259 βάσιν

2188 1273 2318 1345 ἱμάς
2349 1293 2433 1333 τις
2476 1269 2722 1347 ’χαλκοῦς
2773 1273 2888 1331 τοῖς
2943 1270 3100 1324 ποσὶν
3168 1269 3437 1326 ὑπέκειτο·
3508 1271 3718 1343 Στῆλαι
3778 1271 3839 1330 δὲ

2186 1363 2319 1432 ἦσαν
2364 1361 2424 1416 ἐκ
2473 1359 2687 1435 χαλκοῦ
2753 1361 3121 1433 πεποιημέναι
3173 1365 3281 1416 τῶν
3337 1365 3518 1441 σοφῶν
3583 1362 3836 1419 ἀπάντων

2182 1456 2291 1507 τῶν
2326 1448 2554 1524 ὑψηλῶν
2587 1449 2676 1504 καὶ
2706 1453 2952 1520 ποιητῶν
2979 1449 3070 1504 καὶ
3123 1445 3396 1526 ῥητόρων,
3450 1451 3539 1506 καὶ
3583 1451 3701 1508 ὅσοι
3747 1452 3836 1508 ἐπ’

2183 1538 2370 1615 ἀνδρίᾳ
2397 1538 2643 1615 ἐγένοντο
2675 1533 2985 1609 διαϐόητοι.
3027 1539 3230 1617 ’ῼχετο
3259 1538 3437 1594 τοίνυν
3498 1539 3591 1595 σῦν
3616 1543 3838 1606 τούτοις

2182 1629 2271 1684 καὶ
2303 1630 2331 1684 ὁ
2367 1629 2427 1684 ἐκ
2453 1632 2563 1684 τῶν
2595 1629 2791 1706 φώτων
2819 1632 2926 1683 τῶν
2966 1629 3101 1683 κατά
3157 1628 3252 1690 τὰς
3297 1629 3522 1705 ἑσπέρας
3571 1629 3834 1704 λαμπτή-

2181 1737 2290 1786 ρων
2323 1714 2755 1788 ἐπικαλούμενος
2788 1715 2960 1786 οἴκος,
3009 1709 3100 1770 ἅτε
3141 1715 3234 1771 τὸν
3279 1714 3476 1796 ὄροφον
3531 1718 3618 1772 καὶ
3668 1717 3835 1780 αὐτὸς

2181 1805 2240 1861 ἐκ
2269 1803 2444 1876 ξύλων
2478 1801 2644 1883 ἔχων,
2677 1805 2728 1860 ἐν
2763 1804 2809 1877 ᾦ
2839 1807 2894 1860 αἱ
2940 1805 3244 1880 περιουσίαι
3291 1810 3400 1860 τῶν
3448 1805 3830 1880 ἐμπορευομέ-

2177 1916 2285 1949 νιυν
2315 1893 2380 1947 τά
2408 1915 2468 1948 τε
2487 1893 2688 1967 σηρικὰ
2715 1893 2805 1948 καί
2837 1891 3114 1962 πολυτελῆ
3146 1893 3235 1948 καὶ
3296 1895 3668 1968 χρυσόπαστα.
3721 1895 3828 1952 Καὶ

2177 1987 2283 2039 πᾶυ
2312 1983 2374 2037 τὸ
2412 1981 2620 2045 κάλλος
2676 1987 2776 2051 τῆς
2832 1981 3068 2049 πόλεως,
3125 1984 3255 2056 ὅπερ
3312 1983 3416 2038 ὑπὸ
3470 1989 3568 2039 τοῦ
3627 1986 3824 2058 πρώην

2181 2071 2429 2150 μεγάλου
2462 2071 2794 2149 ἐμπρησμοῦ
2824 2071 3174 2150 κατελείφθη,
3209 2070 3479 2130 ἀπώλετο.
3529 2076 3621 2146 Τῷ
3671 2077 3828 2148 αὐτῷ

412 2160 520 2222 ἔτει
579 2166 800 2241 γέγονεν
858 2165 1094 2240 ἀστέρων
1151 2161 1354 2236 δρόμος
1409 2161 1605 2236 πολὺς,
1663 2162 1801 2219 ὥστε
1855 2161 2058 2223 πάντας
2116 2159 2512 2232 ἐκπλήττεσθαι
2588 2161 2678 2217 καὶ
2740 2159 2914 2237 λέγειν
2976 2162 3083 2233 δτι,
3143 2159 3286 2219 Ἰδοὺ
3339 2165 3390 2218 οἱ
3447 2161 3672 2239 ἀστέρες
3733 2165 3825 2220 πί-

415 2274 632 2311 πτουσι·
664 2255 717 2309 τί
757 2252 860 2326 ἄρα
889 2251 1034 2308 ἔσται
1066 2254 1166 2308 οὐκ
1195 2250 1448 2326 οῗδαμεν.

487 2346 640 2401 049
673 2345 856 2400 Annis
886 2347 917 2400 6
951 2350 1008 2400 et
1036 2349 1066 2398 7
1099 2344 1418 2399 Belisarius
1473 2344 1697 2400 bellum
1757 2345 1818 2400 in
1866 2343 2064 2400 Africa

417 2435 616 2508 gessit,
642 2433 800 2504 quod
824 2434 1144 2504 Procopius
1160 2433 1540 2488 Cesariensis
1563 2438 1692 2489 octo
1723 2433 1890 2488 libris
1919 2449 2064 2488 con-

417 2523 672 2595 scripsit.
700 2522 941 2594 Subegit
962 2522 1374 2594 Carthaginem
1395 2527 1451 2576 et
1470 2523 1618 2578 alios
1643 2523 1859 2578 multos
1879 2513 2059 2594 popu-

411 2612 503 2668 los
534 2629 548 2682 ;
583 2613 1075 2682 Gilimerumque,
1110 2629 1243 2666 cum
1276 2612 1326 2666 is
1357 2612 1417 2666 in
1449 2618 1711 2668 montem
1771 2613 2059 2667 Numidia)

407 2703 713 2774 Pappuam
743 2701 1127 2772 confugisset,
1157 2701 1464 2755 obsidione
1497 2702 1900 2770 circumvenit,
1926 2701 2059 2756 reli-

407 2797 620 2861 ctoque
651 2789 727 2845 ad
758 2805 884 2844 eam
922 2789 1130 2856 Phara,
1159 2789 1370 2859 Cpolin
1400 2789 1596 2844 rediit.
1632 2789 1891 2854 Gilimer,
1923 2807 2057 2846 cum

409 2879 472 2933 in
496 2878 765 2933 hibernis
795 2877 1130 2932 miserrime
1152 2877 1390 2942 viveret,
1423 2894 1456 2932 a
1485 2878 1675 2933 Phara
1703 2895 1809 2949 per
1829 2879 2058 2934 litteras

410 2966 560 3038 petit
588 2972 653 3021 ut
683 2965 792 3020 sibi
826 2965 1022 3023 mittat.
1051 2982 1286 3036 panem,
1321 2967 1629 3038 spongiam
1661 2972 1717 3022 et
1746 2967 2054 3027 citharam.

409 3057 554 3112 Nam
585 3055 743 3128 apud
773 3055 1100 3110 Maurusios
1131 3072 1324 3127 neque
1357 3056 1558 3111 vinum
1614 3073 1806 3127 neque
1857 3056 2055 3112 oleum

407 3162 600 3216 neque
632 3145 996 3200 frumentum
1017 3143 1231 3200 colitur
1257 3161 1270 3198 :
1297 3145 1588 3200 hordeum
1609 3149 1840 3200 tantum
1863 3150 1920 3199 et
1937 3146 2056 3218 oly-

404 3251 502 3290 ras
534 3235 692 3290 elixa
721 3235 909 3288 instar
930 3250 1210 3304 pecorum
1237 3233 1441 3288 edunt.
1475 3235 1673 3288 Pharae
1693 3233 1890 3288 animo
1912 3252 2051 3305 pen-

405 3323 958 3391 dente,tabellarius
971 3322 1232 3376 ostendit
1249 3321 1594 3377 Gilimerum
1611 3339 1824 3393 cupere
1835 3339 2052 3393 panem

405 3411 606 3465 videre
632 3427 700 3466 ac
729 3415 986 3483 gustare,
1020 3410 1267 3481 spongia
1299 3416 1496 3465 autem
1528 3411 1600 3465 ad
1631 3410 2053 3483 abstergendas

405 3501 494 3556 uti
525 3501 822 3568 lacrimas,
854 3500 1142 3554 citharam
1177 3500 1480 3570 requirere
1529 3501 1602 3556 ad
1647 3501 2051 3559 decantandas

405 3607 544 3648 suas
574 3589 868 3646 miserias.
905 3590 1039 3644 Haec
1069 3606 1204 3644 cum
1236 3589 1554 3645 audivisset
1601 3592 1843 3660 Pharas,
1892 3594 2050 3665 gravi

407 3679 610 3736 dolore
641 3683 835 3733 motus
867 3695 934 3734 ac
965 3679 1241 3733 humanas
1259 3679 1510 3733 fortuna:
1533 3679 1788 3735 ludibria
1809 3681 2054 3737 subsan-

401 3786 572 3835 nans,
609 3769 810 3824 omnia
835 3769 941 3824 illa
971 3768 1025 3822 ei
1058 3768 1240 3826 misit.
1273 3771 1498 3823 Rursus
1531 3769 1852 3841 imperator
1899 3771 2048 3826 Beli-

399 3860 625 3916 sarium
649 3859 854 3914 ducem
882 3858 1064 3913 mittit
1086 3873 1220 3912 cum
1245 3859 1506 3913 exercitu
1528 3858 1752 3930 ingenti
1776 3865 1832 3914 et
1861 3860 2048 3917 classe

399 3965 615 4021 magna
647 3953 704 4002 et
733 3948 860 4003 auri
886 3948 936 4000 vi
967 3947 1040 4002 ad
1061 3945 1480 4002 debellandum
1507 3948 1798 4003 Vandalos
1821 3951 2048 4005 etsubi-

397 4037 654 4110 gendam
685 4037 965 4092 Africam.
1011 4035 1183 4105 Isque
1241 4035 1586 4103 calliditate,
1635 4037 1951 4107 prudentia
1993 4045 2052 4095 et

369 4188 372 4190 _
397 4125 749 4183 fortitudine
781 4123 1085 4196 praaclaris
1106 4140 1268 4192 usus,
1284 4124 1535 4179 Africam
1559 4124 2052 4198 subegit,Gilime-

398 4230 652 4284 rumque
683 4213 745 4267 in
775 4216 1127 4283 potestatem
1153 4228 1318 4267 suam
1343 4212 1648 4269 redactum
1671 4231 1806 4270 cum
1819 4216 2050 4290 magnis

402 4302 613 4372 opibus
643 4301 848 4371 Cpolin
880 4300 1146 4355 abduxit.
1199 4301 1602 4372 Triumphavit
1652 4303 1714 4358 in
1769 4305 1956 4373 Circo,
1993 4311 2052 4360 et

400 4389 776 4446 consulatum
811 4389 991 4461 gessit
1023 4389 1084 4443 in
1113 4389 1280 4446 urbe.
1322 4390 1481 4445 Adeo
1525 4397 1724 4446 autem
1771 4399 2050 4466 acceptus

401 4478 901 4555 fuit‘Justiniano,
937 4483 1001 4532 ut
1031 4477 1080 4532 is
1123 4495 1402 4550 percusso
1457 4496 1700 4536 nummo
1749 4482 1810 4537 in
1865 4484 2050 4540 altera

2243 2345 2332 2413 Τῷ
2367 2343 2407 2410 ζ’
2461 2343 2550 2396 καὶ
2605 2343 2645 2411 ζ’
2683 2340 2788 2397 ἔτει
2845 2343 2912 2398 τὰ
2974 2345 3076 2396 τοῦ
3133 2340 3454 2416 Βελισαρίου
3509 2346 3818 2418 στρατηγή-

2175 2451 2316 2504 ματα
2346 2431 2483 2485 κατᾶ
2513 2426 2718 2500 Λιϐύην
2753 2429 3016 2505 ἐγένοντο,
3075 2432 3230 2486 ἅτινα
3283 2430 3593 2506 Προκόπιος
3623 2433 3652 2488 ὁ
3687 2436 3818 2490 Και-

2171 2519 2359 2596 σαρεὺς
2391 2521 2443 2576 ἐν
2474 2527 2525 2592 η’
2558 2517 2802 2597 βιϐλίοις
2845 2519 3238 2596 συνεγράψατο.
3291 2521 3465 2584 Οὗτος
3513 2523 3612 2592 τήν
3665 2526 3819 2598 Καρ-

2168 2607 2384 2687 ’χηδόνα
2410 2613 2684 2686 κρατήσας
2714 2611 2804 2665 καὶ
2838 2607 2982 2666 ἅλλα
3005 2607 3128 2680 ’ἔθνη
3162 2609 3370 2678 πολλὰ,
3407 2610 3500 2665 τὸν
3543 2608 3600 2666 δὶ
3657 2612 3820 2668 Γιλί-

2171 2718 2310 2773 μερα
2339 2699 2576 2778 φυγόντα
2615 2698 2691 2760 εἷς
2742 2695 3044 2770 Νουμιδίας
3089 2697 3152 2752 τὸ
3193 2697 3320 2772 δρος
3368 2697 3665 2752 Παπποόαν
3715 2719 3820 2754 πε-

2170 2787 2514 2864 ριεστοίχισε.
2550 2785 2873 2842 Καταλιπών
2902 2807 2961 2841 τε
2988 2786 3078 2841 τὸν
3113 2785 3294 2861 Φαρᾶν
3355 2785 3430 2847 εἷς
3483 2785 3812 2862 πολιορκίαν

2167 2877 2374 2932 ἐκείνου
2403 2875 2646 2946 εἷσῆλςεν
2697 2874 2748 2931 ἐν
2809 2873 3398 2935 Σωνσταντινουπόλει.
3447 2875 3507 2933 Ὀ
3549 2873 3604 2930 δὶ
3655 2874 3816 2931 Γιλί-

2169 2986 2268 3041 μερ
2300 2963 2550 3027 ἐλεεινῶς
2581 2964 2986 3040 χειμαζόμενος
3026 2967 3218 3042 γράφει
3267 2968 3346 3036 τῷ
3385 2966 3591 3038 Φαρᾶν,
3644 2965 3813 3036 ἀξιῶν

2164 3053 2476 3132 πεμφθῆναί
2507 3053 2558 3108 οἱ
2591 3052 2749 3126 ἄρτον
2809 3052 2897 3108 καὶ
2953 3052 3188 3129 σπόγγον
3237 3052 3326 3108 καὶ
3379 3054 3625 3128 κιθάραν⁴
3677 3055 3812 3129 μαρ’

2164 3139 2391 3204 ἐκείνοις
2421 3142 2524 3218 γὰρ
2550 3147 2670 3203 τοῖς
2700 3141 3061 3218 Μαυρουσίοις
3092 3139 3215 3196 οὔτε
3246 3142 3391 3206 οἶνος
3440 3139 3568 3196 οὔτε
3613 3137 3805 3197 ἔλαιον

2165 3228 2290 3286 οὔτε
2320 3236 2467 3293 σῖτος
2513 3236 2860 3306 γεωργεῖται,
2920 3231 3066 3286 ἀλλά
3115 3230 3302 3304 κριθὰς
3346 3231 3435 3286 καὶ
3479 3230 3680 3304 ὀλύρας
3728 3232 3807 3293 ὡς

2159 3317 2339 3393 ἄλογα
2389 3324 2499 3390 ζῷα
2544 3318 2677 3394 ἑφθὰ
2726 3317 3035 3387 σιτίζονται.
3069 3319 3132 3374 Ὁ
3190 3315 3246 3372 δὲ
3304 3319 3489 3392 Φαρὰς
3545 3318 3804 3392 διηπόρει

2157 3406 2281 3481 περὶ
2311 3407 2538 3475 τούτων,
2589 3403 2694 3469 ἕως
2726 3407 2753 3460 ὁ
2782 3407 2881 3476 τήν
2929 3403 3225 3476 ἐπιστολὴν
3271 3408 3504 3480 κομίσας
3553 3405 3653 3487 ἔφη
3715 3409 3803 3463 ὅτι

2159 3492 2322 3570 ἄρτον
2357 3495 2450 3568 μὲν
2481 3494 2732 3568 ἐπιθυμεῖ
2761 3494 3052 3569 γεύσασθαι
3081 3495 3169 3549 καὶ
3205 3491 3361 3566 ἰδεῖν,
3413 3496 3504 3550 τὸν
3562 3497 3804 3570 σπόγγον

2159 3584 2218 3641 δὲ
2249 3583 2424 3641 διὰτὸ
2472 3587 2541 3642 τὰ
2589 3583 2796 3661 δάκργα
2849 3585 3273 3659 ἀπομάττεσθαι,
3319 3587 3416 3655 τήν
3457 3583 3513 3641 δὲ
3555 3586 3802 3661 κιθάραν,

2158 3675 2308 3739 ὅπως
2334 3675 2428 3736 τὰς
2454 3675 2734 3752 συμφορὰς
2779 3673 2949 3729 αὐτοῦ
3006 3671 3401 3750 ἐκτραγῳδοίη.
3460 3678 3645 3732 Ταῦτα
3685 3683 3802 3731 Φα-

2159 3766 2253 3838 ρὰς
2311 3764 2564 3832 ἀκούσας,
2623 3763 2996 3839 περιαλγήσας
3054 3785 3112 3819 τε
3149 3763 3238 3820 καί
3295 3767 3393 3834 τήν
3454 3765 3800 3841 ἀνθρωπίνην

2155 3855 2330 3930 τύχην
2363 3854 2784 3931 ἐκμυκτηρίσας,
2807 3855 2979 3909 πάντα
3025 3853 3307 3928 ἐξέπεμψε.
3359 3854 3534 3912 Πάλιν
3582 3853 3640 3910 δὲ
3688 3855 3802 3926 ἐξα-

2156 3943 2432 4000 πέστειλεν
2465 3943 2493 3998 ὁ
2525 3942 2780 4020 βασιλεὺς
2805 3943 2898 3998 τὸν
2952 3941 3273 4016 Βελισάριον
3321 3945 3620 4020 στρατηγὸν
3667 3947 3811 4017 μετά

2156 4032 2402 4103 πλήθοτς
2433 4032 2802 4107 ἀναριθμήτου
2857 4032 2950 4086 καὶ
3003 4029 3216 4087 πλοίων
3266 4031 3355 4086 καὶ
3403 4036 3613 4108 χρυσοῦ
3665 4031 3812 4088 πολ-

2158 4121 2260 4178 λοῦ
2290 4119 2745 4194 καταπολεμῆσαι
2780 4118 3130 4191 Οὐανδτςλους
3161 4120 3252 4176 καὶ
3286 4122 3549 4200 Ἀφρικὴν
3609 4121 3816 4196 ἐκπορ-

2155 4215 2333 4282 Θῆσαι’
2368 4211 2427 4272 ὅς
2458 4211 2721 4290 ἀγχινοίᾳ
2766 4209 2856 4264 καὶ
2916 4211 3178 4288 φρονήσει
3233 4211 3323 4265 καὶ
3382 4207 3576 4285 ἀνδρίᾳ
3635 4213 3813 4266 πάντα

2156 4299 2503 4373 ληϊσάμενες,
2536 4299 2625 4355 καὶ
2685 4297 2916 4374 Γιλίμερ
2977 4298 3210 4372 ἐγκρατῆ
3262 4300 3654 4373 ποιησάμενος,
3713 4301 3814 4356 ἀν-

2153 4393 2356 4466 ήγαγεν
2383 4388 2434 4445 ἐν
2472 4393 2541 4463 τῇ
2569 4386 2728 4443 πόλει
2766 4389 2900 4460 μετὰ
2938 4384 3181 4442 πλούτου
3212 4385 3428 4443 πολλοῦ
3457 4389 3548 4444 καὶ
3580 4387 3810 4466 ἐθριάμ-

2154 4475 2340 4535 ϐευσεν
2371 4477 2532 4549 ἐντῷ
2565 4477 2800 4548 ἳππίκῷ,
2853 4475 3108 4532 ὓπατείαν
3161 4477 3395 4546 ποιήσαν
3454 4480 3563 4551 (30)
3621 4477 3674 4532 ἐν
3732 4483 3808 4553 τῇ

393 4573 561 4640 parte
597 4583 680 4632 se,
715 4566 775 4621 in
807 4566 994 4621 altera
1016 4572 1181 4638 parte
1205 4567 1552 4624 Belisarium
1573 4577 1866 4626 armatum
1880 4572 2046 4628 affin-

2170 4571 2338 4639 τόΛει,
2392 4564 2532 4622 ὣστε
2589 4564 2964 4623 Ἰουστινιανὸν
3021 4561 3418 4637 ἀποδεξάμενον
3473 4565 3524 4620 ἐν
3578 4567 3672 4638 μὶν
3721 4572 3806 4640 τῷ

393 4655 1234 4727 xerit,cuminscriptionehac
1258 4673 1270 4709 :
1305 4656 1622 4712 Belisarius
1644 4660 2043 4718 Romanorum

394 4747 591 4802 drcus.
609 4745 920 4800 Enimvero
937 4744 1248 4811 invidia,ut
1274 4744 1425 4800 solet
1446 4745 1620 4800 rebus
1644 4749 2042 4819 prosperrime

2152 4659 2229 4717 ἑνὶ
2265 4657 2414 4733 μέρει
2462 4660 2560 4712 τοῦ
2619 4656 2956 4729 νομίσματος
3017 4654 3202 4710 ἑαυτὸν
3257 4653 3570 4730 ἐγχαράξαι,
3632 4655 3684 4712 ἐν
3743 4655 3809 4713 δὶ

2154 4753 2234 4822 τῷ
2269 4743 2437 4823 ἐνέρῳ
2471 4742 2790 4819 Βελισάριον
2825 4741 3080 4813 ἔνοπλον,
3130 4743 3220 4798 καὶ
3269 4741 3583 4820 ἐπιγράψαι·
3641 4744 3806 4801 Βελι-

1591 4897 1949 4958 XYLANDRI
1989 4902 2075 4960 ET
2113 4899 2328 4959 GOARI
2369 4899 2590 4958 NOTAE.

463 5058 579 5127 (30)
609 5054 1106 5128 Supraiannotavi
1162 5051 1414 5128 ὑπατείαν
1436 5071 1549 5128 pro
1583 5072 1834 5128 numere
1884 5057 2041 5128 quod

394 5125 603 5216 consul
628 5125 1052 5216 populo’daret
1078 5125 1238 5216 pppi,
1260 5125 1550 5216 principio
1571 5125 2040 5216 Iustiniani—pm:

390 5199 536 5251 τείαν
568 5195 793 5252 διδόναι.
827 5199 1040 5252 Verum
1075 5195 1133 5251 id
1157 5197 1250 5251 hic
1281 5195 1798 5268 locuniquomodo
1830 5201 2043 5256 habeat

396 5275 498 5340 aut
519 5269 1454 5340 nonhabeatintelliges.Zonaras
1468 5267 1538 5322 de
1554 5270 1662 5324 hac
1675 5288 1738 5325 re
1757 5271 1857 5327 ita:
1878 5270 2039 5327 Βελε-

396 5337 669 5414 dignos-8‘s
709 5339 795 5414 καὶ
853 5337 1105 5414 ὑπατείας
1160 5337 1612 5414 ἠξίωτο,ηᾼριιι1
1650 5343 2037 5414 _Procopium.

394 5409 495 5477 qui
520 5409 920 5465 Gilimericum
947 5412 1054 5465 hoc
1077 5413 1376 5480 negotium
1395 5409 1544 5464 libro
1569 5412 1713 5466 Belli
1742 5409 2038 5470 Vandalici

392 5480 589 5550 priore
615 5481 951 5552 doscripsit,
983 5482 1064 5536 ita
1121 5482 1354 5552 legitur,
1401 5481 1797 5552 iVolaterrano
1855 5487 2039 5540 inter-

389 5555 595 5621 prete:
632 5574 660 5602 ‹‹
693 5551 874 5628 _Paulo
906 5551 1348 5628 post__Belisario
1382 5551 1655 5628 decretus
1699 5557 2038 5628 triumphus

388 5637 554 5678 more
585 5622 990 5692 antiquorum.
1021 5623 1164 5677 Nam
1197 5623 1404 5679 consul
1435 5623 1622 5680 factus
1683 5632 1794 5695 est,
1845 5622 2035 5685 curuli

2153 5057 2296 5114 sella
2323 5055 2588 5130 humeris
2619 5054 3275 5130 captivorumginvectus
3300 5064 3596 5130 argentea,
3619 5076 3804 5116 zonas

2151 5144 2368 5202 aureas
2390 5127 2654 5202 aliasque
2685 5142 2716 5181 e
2747 5126 2955 5196 spoliis
2984 5126 3392 5202 Vandalorum'
3411 5130 3644 5184 divitias
3697 5149 3805 5202 po-

2192 5201 2291 5257 ulo
2313 5197 2960 5269 dispersit,quanquam
2979 5215 3105 5254 rem
3126 5216 3336 5255 novam
3359 5201 3552 5257 facere
3581 5197 3800 5258 visus.»

2192 5220 2291 5257 ΠΙΟ
2313 5220 2960 5269 ulsper5lt,quuuquam
2979 5220 3105 5254 rem
3126 5220 3336 5255 novam
3359 5220 3552 5257 Iacere
3581 5220 3800 5258 νιειιε.»

2150 5220 2290 5328 gn.
2319 5301 2378 5310 —
2409 5269 2762 5345 Consulatum
2792 5272 2964 5345 gessit
2985 5272 3044 5325 in
3072 5272 3225 5337 urbe,
3259 5274 3551 5343 expressit
3579 5272 3809 5345 than-

2151 5344 2289 5410 der;
2321 5340 2479 5397 unde
2507 5340 2750 5412 etimale
2781 5341 2900 5412 agit
2951 5340 3358 5412 interpretem:
3409 5345 3498 5400 Ad
3535 5340 3802 5401 auctoris

2150 5421 2448 5486 mentem:
2483 5411 2748 5486 militibus
2788 5411 3130 5486 denativum,
3179 5415 3388 5484 populo
3441 5418 3797 5486 congiarium

2149 5485 2448 5556 distribuit,
2483 5481 2571 5535 vel
2600 5488 2806 5556 vetusto
2851 5485 3140 5556 consulum
3179 5481 3336 5540 _more
3378 5481 3675 5556 pecuniam
3733 5488 3797 5542 in

2140 5555 2849 5646 propiulz’a'muqurs-itll‘lanr
2865 5555 2938 5646 de
2957 5557 3232 5646 nummis
3259 5555 3396 5630 ejus,
3442 5559 3792 5615 victoriatis.

2167 5623 2301 5681 Ωότε
2330 5623 2728 5691 Ἰουστινιανόν,
2757 5630 2871 5682 etc.
2901 5627 3075 5684 Gon.
