4170 6204
483 358 602 418 715
1830 343 2127 407 GEORGI

2251 342 2551 403 EDRENI
3777 343 3909 401 ’116

481 492 759 546 Romamn
791 485 1030 543 ditionis
1062 499 1195 538 cum
1227 497 1436 552 magno
1467 479 1729 534 exercitu
1759 482 1936 544 esset,
1977 489 2132 528 unus

2247 489 2374 530 νως’
2409 473 2437 526 ὁ
2469 469 2526 526 δὲ
2558 472 2811 540 Ἰωάννην
2863 471 2958 527 τὸν
3016 466 3322 540 Ἐδεσηνὸν,
3384 467 3553 544 ἄνδρα
3609 469 3914 549 περιφανέ-

485 581 574 636 vir
643 578 822 634 celeri
891 591 1066 631 cursu
1135 573 1408 644 Byzantio
1479 570 1755 626 advectus
1837 579 2134 638 opponere

2250 581 2460 625 στατον,
2491 561 2705 635 ὅμηρον
2734 566 2814 633 τῷ
2847 558 3066 635 Χοσρόῃ
3118 558 3399 614 ἀπέστειλε
3450 561 3587 634 πρὸς
3635 559 3696 614 τὸ
3751 561 3916 614 ἀκιν-

488 672 682 724 castra
713 665 833 738 regi
861 666 1174 718 Persarum
1206 677 1384 722 ausus
1416 667 1526 726 est,
1561 675 1786 730 suaque
1846 654 2134 728 sapientia

2249 649 2423 714 δύνως
2455 650 2743 726 παρελθεῖν
2795 651 2955 708 αὐτὸν
3009 652 3107 720 τὴν
3164 655 3271 706 τῶν
3334 651 3624 723 Ῥωμαίων
3685 651 3911 725 χώραν.

481 756 680 812 effecit
706 761 770 808 ut
798 754 1086 807 Cliosroes
1117 768 1180 806 re
1211 751 1517 822 inopinata
1557 750 1843 820 deceptus
1891 745 2134 801 domum

2247 743 2313 800 Οἱ
2346 739 2403 798 δὲ
2431 743 2702 816 Ῥωμαῖοι
2751 741 3072 815 Βελισάριον
3107 741 3161 797 έν
3191 740 3486 820 εὐφημίαις
3544 742 3704 820 εἶχον
3765 740 3918 813 μᾶλ-

478 843 715 916 negotio
747 841 966 897 infecto
997 840 1345 896 discederet.

2248 828 2346 884 λον
2377 825 2874 901 ἐνευδοκιμήσαντα
2902 827 2957 883 ἂν
3005 826 3184 899 τούτῳ
3227 831 3307 898 τῷ
3357 822 3504 903 ἔργῳ
3533 827 3566 897 ἢ
3599 828 3691 882 ὅτε
3741 825 3917 882 Γιλί-

471 915 606 1006 μερα
637 927 996 1002 δομυαλωτον
1027 928 1117 982 καὶ
1149 928 1441 1004 Οὐϊττίγην
1479 927 1604 987 τοὺς
1665 923 1759 981 δύο
1810 922 2056 999 βασιλεῖς
2106 920 2184 984 εἷς
2238 920 2301 975 τὸ
2365 921 2648 988 Βυζάντιον
2702 915 2916 994 ἤγαγεν.
2976 920 3076 975 ’ίΙν
3138 923 3241 992 γαρ
3301 919 3375 980 ὡς
3420 917 3647 989 ἀληθῶς
3704 916 3915 990 λόγου

467 1041 525 1076 τε
556 1020 646 1074 καὶ
690 1019 912 1074 ἐπαίνου
965 1016 1109 1087 ἄξιον
1168 1018 1229 1072 τὸ
1289 1018 1603 1092 γενόμενονο
1678 1009 2080 1093 πεφοϐημένων
2138 1011 2242 1088 γὰρ
2298 1015 2409 1064 τῶν
2466 1010 2758 1080 Ῥωμαίων
2815 1008 2904 1062 καὶ
2971 1007 3022 1060 ἐν
3082 1012 3198 1069 τοῖς
3255 1006 3585 1082 ὀχυρώμασι
3638 1026 3900 1082 κρυπτο-

473 1110 644 1181 μένων
687 1109 924 1176 πάντων,
985 1106 1231 1181 Χυσρύου
1290 1104 1346 1160 δὲ
1403 1108 1492 1160 σὺν
1547 1108 1761 1178 στρατῷ
1818 1100 2039 1176 μεγάλῳ
2097 1099 2148 1153 ἐν
2223 1099 2372 1171 μέσῳ
2429 1097 2716 1174 γεγονότος
2775 1104 2876 1166 τῆς
2932 1101 3041 1151 τῶν
3102 1097 3388 1168 Ῥωμαίων
3452 1097 3652 1170 ἀρχῆς,
3717 1093 3900 1169 ἄνδρα

471 1195 566 1255 ἕνα
597 1197 648 1253 έν
697 1201 777 1268 τῷ
832 1196 938 1269 ὀξεῖ
997 1194 1191 1270 δρόμῳ
1249 1193 1308 1248 ἐκ
1367 1194 1660 1264 Βυζαντίου
1718 1191 1924 1262 ἥκοντα
1979 1189 2297 1249 ἀπεναντίας
2353 1192 2450 1242 τοῦ
2507 1193 2614 1242 τῶν
2675 1192 2892 1262 Περσῶν
2959 1184 3230 1262 βασιλέως
3291 1181 3897 1260 στρατοπεδεύσασθαι,

479 1287 735 1361 Χοσρόην
794 1281 852 1340 δὲ
908 1282 967 1338 ἐκ
1022 1288 1120 1339 τοῦ
1175 1279 1592 1358 ἀπροσδοκήτου
1649 1285 1718 1355 τῇ
1769 1281 1964 1335 τούτου
2024 1279 2189 1353 σοφίᾳ
2244 1275 2641 1347 ἐξαπατηθέντα
2716 1278 2986 1348 ἄπρακτον
3067 1277 3144 1340 εἷς
3233 1276 3302 1332 τὰ
3357 1275 3532 1331 οἰκεῖα
3589 1276 3916 1352 ὑποχωρῆ-

488 1381 602 1430 σαί.

555 1465 776 1520 Eodem
808 1479 964 1519 anno
996 1478 1132 1517 cum
1163 1462 1506 1516 Timotheus
1532 1461 1845 1532 episcopus
1875 1459 2130 1514 Alexan-

483 1553 626 1624 dria)
654 1553 812 1608 diem
828 1569 1002 1607 suum
1027 1551 1291 1617 obiisset,
1309 1552 1551 1606 Severus
1575 1550 1790 1620 impius
1804 1547 2132 1603 Antiochia)

482 1642 718 1700 adulter
747 1648 806 1698 et
834 1642 1105 1696 Julianus
1139 1641 1700 1708 Halicarnassensis,
1732 1639 1832 1709 qui
1873 1639 2128 1692 Alexan-

483 1733 675 1788 driam
694 1731 1161 1803 profugerant,in
1188 1731 1585 1801 disputatione
1599 1727 1670 1783 de
1687 1726 2062 1798 corruptibili
2076 1729 2136 1780 et

2317 1456 2401 1528 [P.
2454 1456 2580 1530 374]
2637 1459 2730 1528 Τῷ
2787 1453 2834 1509 δ’
2886 1455 3036 1528 αύτῷ
3091 1451 3198 1510 ἔτει
3255 1455 3539 1529 Τιμοθέου
3605 1451 3912 1509 έπισκόπον

2245 1541 2660 1620 Ἀλεξανδρείας
2713 1542 3159 1615 τελευτήσαντος,
3245 1539 3490 1619 Σεϐῆρος
3548 1545 3576 1598 ὁ
3637 1537 3913 1609 δυσσεϐὴς

2243 1633 2588 1712 Ἀντιοχείας
2645 1633 2847 1708 μοιχὸς
2903 1634 2993 1688 καὶ
3054 1633 3351 1694 Ἰουλιανὸς
3402 1630 3824 1707 Ἁλικαρνασεὺς
3857 1631 3911 1685 ἐν

2245 1715 2632 1796 Ἀλεξανδρείᾳ
2688 1723 2972 1800 φυγόντες,
3059 1723 3183 1795 περί
3241 1725 3479 1800 φθαρτοῦ
3540 1723 3630 1776 καὶ
3697 1721 3913 1798 ἀφθάρ-

486 1820 925 1892 incorruptibili
963 1820 1035 1874 ad
1070 1819 1526 1886 dissensionem,
1561 1834 1694 1873 cum
1729 1822 1978 1886 uterque
2001 1832 2134 1870 ave-

2250 1834 2348 1868 του
2434 1791 2818 1888 διενεχθέντες,
2905 1817 3026 1868 κατ’
3109 1791 3377 1883 ἀλλήλων
3466 1791 3760 1889 γεγόνασιν.
3830 1791 3908 1872 ὧς

482 1912 660 1966 ritate
694 1916 852 1966 esset
880 1909 1138 1970 alienus,
1171 1909 1432 1981 prolapsi
1466 1915 1620 1964 sunt.
1659 1910 1864 1977 Itaque
1895 1905 2144 1960 alterius

485 2015 626 2071 pars
689 1999 958 2064 Gainam,
1023 1998 1268 2053 alterius
1326 1997 1720 2052 Theodosium
1799 1994 2143 2065 episcopum

486 2088 857 2144 Alexandriae
881 2087 1119 2158 delegit.
1149 2089 1218 2140 Et
1247 2087 1657 2157 episcopatum
1671 2085 2140 2149 Gainasannum,

495 2175 858 2231 Theodosius
884 2175 1193 2229 biennium
1225 2175 1434 2228 tenuit.
1481 2175 1598 2228 llos
1635 2173 2001 2228 Justinianus
2034 2172 2141 2240 By-

495 2266 756 2320 zantium
789 2269 1058 2319 evocatos
1089 2263 1400 2334 separavit,
1433 2268 1491 2316 et
1519 2262 1767 2318 Paulum
1799 2260 2138 2332 quemdam,

493 2353 594 2424 qui
624 2352 986 2408 orthodoxus
1017 2352 1344 2415 videbatur,
1380 2351 1643 2422 praefecit
1677 2351 1727 2404 ei
1752 2349 2135 2421 episcopatui.

488 2441 595 2506 Qui
627 2458 760 2497 cum
795 2442 1158 2495 mentionem
1211 2441 1364 2497 656
1417 2440 1584 2510 impii
1637 2439 1831 2495 Severi
1879 2438 2137 2507 fecisset,

487 2531 832 2603 episcopatu
859 2535 948 2585 est
993 2530 1262 2601 dejectus
1311 2529 1384 2584 ob
1432 2529 1580 2584 iram
1632 2527 2030 2600 imperatoris,
2071 2543 2139 2581 ac

487 2620 910 2691 Hierosolymis
943 2620 1155 2675 deinde
1187 2620 1348 2675 vixit.
1383 2621 1462 2673 Eo
1494 2635 1650 2674 anno
1683 2617 1849 2689 Cpoli
1891 2633 2138 2688 magnus

483 2711 596 2767 fuit
628 2717 800 2766 terra:
834 2715 1050 2775 motus,
1085 2715 1558 2780 corrueruntque
1589 2726 1658 2763 eo
1691 2707 1911 2779 templa
1945 2713 2002 2762 et
2031 2707 2137 2762 do-

485 2815 642 2865 mus,
677 2798 1056 2868 maximeque
1090 2813 1295 2852 murus
1351 2797 1424 2852 ad
1470 2800 1723 2851 Auream
1774 2800 2025 2866 portam,
2082 2800 2140 2848 et

487 2887 695 2942 lancea
725 2892 933 2942 statua:
966 2887 1027 2942 in
1058 2888 1210 2957 foro,
1243 2903 1312 2942 ac
1343 2886 1550 2941 dextra
1579 2902 1792 2941 manus
1833 2890 2041 2939 statuae
2073 2883 2136 2938 in

488 2962 846 3047 Xerolopho.

2251 1899 2512 1973 ἀληθείας
2546 1902 2695 1963 ὄντες
2729 1902 3039 1977 ἀλλότριοι.
3076 1904 3177 1959 Καὶ
3227 1904 3278 1956 οἱ
3343 1903 3438 1974 μὶν
3488 1899 3801 1970 Θεοδόσιον,
3854 1900 3906 1954 οἱ

2253 1989 2310 2046 δὲ
2342 1996 2531 2046 Γαϊνᾶν
2559 1987 2972 2066 προϐάλλονται
3004 1993 3081 2054 εἷς
3132 1991 3426 2047 ἆπίσκοπον
3471 1989 3904 2066 Ἀλεξανδρείας.

2253 2081 2356 2137 Καὶ
2415 2088 2605 2145 Γαϊνᾶς
2651 2082 2746 2155 μὶν
2803 2081 3059 2156 ἐκράτησε
3112 2089 3214 2151 τῆς
3278 2081 3580 2150 ἐπισκοπῆς
3635 2079 3902 2148 ἐνιαυτὸν,

2253 2171 2281 2224 6
2304 2167 2361 2226 δὲ
2391 2169 2676 2233 Θεοδόσιος
2707 2168 2822 2226 δυο.
2856 2171 3086 2238 Τούτου,
3141 2168 3200 2226 δὲ
3252 2171 3624 2232 Ἰουστινιανὸς
3692 2168 3896 2246 ἤγαγεν

2251 2259 2326 2322 εἷς
2359 2260 2420 2315 τὸ
2451 2258 2766 2330 Βυζάντιον,
2793 2260 2881 2314 καὶ
2913 2260 3004 2314 ἀπ’
3049 2258 3317 2331 ἀλλήλων
3369 2259 3621 2336 ἐχώρισε.
3683 2257 3898 2314 Παῦλον

2252 2346 2309 2404 δέ
2336 2369 2456 2403 τινα
2508 2347 2772 2404 δοκοῦντα
2825 2350 2964 2405 εἶναι
3019 2347 3306 2424 ὀρθόδοξον
3368 2350 3660 2404 ἐπίσκοπον
3720 2345 3905 2420 Ἀλεξ-

2251 2435 2497 2512 ανδρείας
2528 2433 2886 2512 προεϐάλετο·
2951 2441 3008 2501 ὃς
3053 2441 3153 2509 τήν
3215 2441 3436 2513 μνήμην
3498 2433 3746 2512 Σεϐήρου
3806 2441 3902 2492 τοῦ

2249 2526 2468 2601 ἀνιεροῦ
2503 2527 2739 2596 πονήσας
2771 2523 3037 2600 ἐξεϐλήθη
3092 2535 3192 2597 τῆς
3247 2527 3548 2596 ἐπισκοπῆς
3609 2527 3678 2582 δι’
3727 2528 3895 2602 ὀργῆν

2248 2619 2343 2670 τοῦ
2379 2615 2665 2690 βασιλέως,
2697 2617 2786 2671 καὶ
2834 2615 3084 2672 ἀπελθὼν
3143 2613 3405 2691 διέτριϐεν
3462 2617 3538 2680 εἷς
3587 2616 3890 2692 Ἰεροσόλυ-

2255 2725 2349 2779 μα.
2373 2707 2567 2779 Τούτῳ
2594 2711 2672 2779 τῷ
2703 2706 2809 2762 ἔτει
2872 2707 3091 2780 σεισμὸς
3149 2705 3356 2781 ἐγένετο
3413 2705 3580 2782 μέγας
3635 2706 3687 2762 ἐν
3747 2711 3902 2764 Κων-

2249 2794 2717 2864 σταντινουπόλει,
2749 2796 2838 2850 καὶ
2868 2793 3057 2851 ἔπεσον
3113 2795 3403 2865 ἐκκλησίαι
3459 2796 3547 2851 καὶ
3605 2797 3750 2852 οἶκοι
3807 2796 3896 2850 καὶ

2245 2884 2308 2939 τὸ
2335 2889 2519 2960 τεῖχος
2557 2883 2794 2958 μάλιστα
2823 2886 2885 2940 τὸ
2923 2885 3060 2940 κατὰ
3109 2885 3208 2954 τὴν
3256 2888 3472 2960 Χρυσῆν
3521 2886 3747 2957 πόρταν,
3807 2884 3898 2940 καὶ

2245 2975 2280 3042 ἡ
2319 2973 2504 3048 λόγχη
2535 2979 2631 3029 τοῦ
2662 2971 2982 3046 ἀνδριάντος
3007 2979 3104 3030 τοῦ
3138 2975 3333 3050 φόρου,
3393 2975 3484 3030 καὶ
3513 2977 3547 3045 ἡ
3583 2972 3726 3045 δεξιὰ
3770 2977 3896 3050 χεὶρ

2243 3067 2341 3118 τοῦ
2373 3061 2685 3138 ἀνδριάντος
2717 3069 2818 3119 τοῦ
2847 3059 3212 3143 Ξηρολόφου.

559 3157 729 3210 Anno
765 3157 847 3209 15.
867 3153 1100 3210 Adadus
1125 3155 1539 3210 Axumitarum
1559 3169 1662 3208 rex
1687 3152 1911 3206 bellum
1935 3151 2134 3205 illatu-

2318 3155 2412 3224 Τῷ
2454 3155 2511 3207 ιε’
2539 3148 2643 3208 ἔτει
2673 3151 2839 3208 ’Λδὰδ
2872 3155 2899 3208 6
2929 3158 3037 3208 τῶν
3073 3138 3408 3226 ’Ᾰξουμιτῶν
3440 3158 3554 3228 (39)
3612 3153 3895 3230 βασιλεὺς,

486 3261 588 3300 rus
619 3244 902 3300 Damiano
935 3244 1315 3299 Hebraaorum
1349 3244 1492 3315 regi,
1513 3241 1672 3313 quod
1703 3243 1751 3296 is
1775 3241 2136 3296 Christianos

486 3335 883 3406 negotiatores
941 3334 1355 3399 interfecisset,
1409 3333 1562 3387 vovit
1618 3349 1680 3386 se
1735 3331 2136 3386 Christianum

486 3423 634 3493 fore,
668 3424 716 3479 si
751 3424 1080 3478 Homeritas
1110 3424 1379 3489 vicisset;
1413 3429 1470 3478 et
1523 3421 1766 3493 quidem
1819 3421 2136 3476 commisso

486 3511 642 3567 bello
659 3513 792 3567 vicit
817 3529 937 3577 eos,
971 3513 1293 3568 auxiliante
1312 3515 1450 3577 Deo,
1473 3513 1786 3583 vivumque
1808 3527 2006 3583 regem
2035 3526 2134 3565 eo-

486 3617 618 3655 rum
654 3601 1003 3656 Damianum
1036 3601 1097 3656 in
1129 3607 1482 3672 potestatem
1511 3600 1759 3672 redegit,
1791 3599 2132 3671 potitusque

487 3691 578 3745 est
606 3705 789 3762 regno
823 3696 882 3745 et
909 3691 1087 3761 regia.
1124 3693 1326 3761 Itaque
1367 3692 1484 3746 Deo
1508 3691 1724 3762 gratias
1745 3705 1923 3762 agens
1956 3688 2138 3743 mittit

489 3779 564 3834 ad
585 3779 1009 3847 Iustinianum,
1037 3779 1108 3835 ab
1133 3797 1324 3850 eoque
1347 3781 1658 3851 episcopos
1680 3785 1739 3833 et
1759 3779 2005 3833 clericos
2022 3778 2134 3832 sibi

488 3869 646 3924 mitti
705 3869 870 3940 petit.
931 3869 1018 3924 lta
1070 3874 1195 3924 tota
1249 3870 1410 3941 regio
1478 3870 1655 3924 {idem
1736 3869 2134 3924 Christianam

488 3959 768 4030 amplexa
823 3965 935 4027 est,
993 3958 1389 4030 baptizatique
1464 3964 1604 4013 sunt
1677 3963 1734 4011 et
1816 3956 2133 4012 Christiani

489 4047 657 4104 facti.

555 4235 726 4284 Anno
763 4234 824 4284 16
857 4230 950 4286 die
991 4228 1354 4301 Septembris
1411 4231 1465 4296 6,
1517 4229 1708 4300 prima
1761 4228 2129 4299 septimanae,

491 4319 746 4388 septima
777 4319 1122 4385 indictione,
1153 4335 1404 4391 magnus
1433 4318 1546 4373 fuit
1576 4335 1680 4388 per
1709 4323 1898 4373 totum
1925 4317 2131 4371 orbem

486 4412 661 4462 terra)
691 4413 909 4470 motus.
933 4425 999 4464 ac
1023 4410 1245 4463 corruit
1264 4407 1581 4463 dimidium
1612 4408 1821 4478 Cyzici.
1849 4406 2133 4462 Absoluta

2246 3241 2588 3319 βουλόμενος
2616 3243 2936 3317 πολεμῆσαι
2979 3246 3113 3318 μετὰ
3146 3250 3422 3319 Δαμιανοῦ
3459 3250 3557 3301 τοῦ
3618 3245 3890 3322 βασιλέως

2243 3335 2350 3386 τῶν
2385 3325 2649 3405 Ἐϐραίων
2681 3330 2769 3386 διὰ
2792 3331 2855 3387 τὸ
2906 3333 3220 3388 ἀποκτεῖναι
3280 3335 3370 3389 τὸν
3435 3334 3705 3407 Δαμιανὸν
3762 3335 3892 3395 τοὺς

2245 3421 2606 3494 Χριστιανοὺς
2637 3422 3073 3496 πραγματευτάς,
3107 3421 3330 3492 ηὗξατο,
3384 3424 3458 3485 ὡς
3514 3423 3635 3479 Ἐὰν
3684 3425 3895 3493 νικήσω

2241 3510 2333 3564 τὸν
2393 3510 2720 3584 Ὀχληρίτην,
2777 3511 2869 3564 ἳνα
2925 3513 3164 3585 γένωμαι
3223 3514 3566 3585 Χριστιανός.
3639 3514 3741 3570 Καὶ
3798 3518 3895 3568 τοῦ

2243 3596 2496 3671 πολέμου
2523 3598 2876 3673 κροτηθέντος
2905 3606 2973 3675 τῇ
3019 3597 3116 3656 τοῦ
3168 3606 3303 3656 Θεοῦ
3362 3603 3644 3680 συνεργείᾳ
3678 3601 3895 3673 ἐνίκησε

2241 3688 2369 3752 τοὺς
2411 3685 2717 3765 Ἐϐραίους,
2776 3689 2866 3744 καὶ
2923 3685 3087 3744 ἔλαϐε
3145 3696 3324 3760 ζῶντα
3380 3692 3745 3766 αἰχμάλωτον
3800 3695 3890 3747 τὸν

2245 3779 2514 3850 Δαμιανὸν
2545 3777 2636 3832 τὸν
2675 3778 2900 3852 βασιλέα
2930 3779 3107 3834 αὐτῶν
3169 3781 3258 3834 καὶ
3309 3783 3408 3850 τὴν
3463 3781 3647 3856 χώραν
3692 3783 3782 3836 καὶ
3828 3783 3896 3837 τὰ

2245 3865 2498 3942 βασίλεια
2528 3867 2723 3923 αὐτῶν.
2757 3865 2861 3924 Καὶ
2913 3868 3316 3944 εὐχαριστήσας
3366 3876 3446 3943 τῷ
3495 3875 3634 3944 Θεῷ,
3685 3873 3890 3945 πέμπει

2241 3955 2381 4030 πρὸς
2409 3956 2499 4010 τὸν
2535 3953 2764 4029 βασιλέα
2797 3957 3173 4012 Ἰουστινιανὸν
3221 3958 3297 4019 ὡς
3346 3959 3648 4034 ἀποστείλῃ
3699 3961 3890 4022 αὐτοῖς

2242 4044 2572 4108 ἐπισκόπους
2631 4045 2720 4100 καὶ
2785 4045 3109 4120 κληρικούς.
3169 4047 3271 4104 Καὶ
3329 4046 3606 4104 ἐπίστευσε
3662 4055 3804 4105 πᾶσα
3853 4052 3887 4120 ἡ

2240 4135 2401 4208 χώρα
2431 4135 2519 4189 καὶ
2556 4129 2878 4206 ἐϐαπτίσθη,
2909 4135 3000 4189 καὶ
3033 4134 3279 4212 ἐγένοντο
3308 4137 3655 4213 Χριστιανοί.

2312 4225 2404 4294 Τῴ
2446 4225 2511 4286 ις’
2540 4218 2667 4296 ἔτει,
2731 4223 2860 4297 μηνὶ
2922 4221 3284 4300 Σεπτεμϐρίῳ
3337 4228 3401 4298 ς’,
3443 4226 3623 4302 ἡμέρᾳ
3655 4230 3720 4297 α’,
3755 4227 3894 4284 ἶνδι-

2239 4317 2430 4366 κτιῶνι
2467 4312 2527 4380 ζ’,
2588 4315 2779 4389 γέγονε
2836 4315 3058 4386 σεισμὸς
3117 4316 3282 4390 μέγας
3343 4316 3418 4378 εἰς
3476 4317 3604 4372 ὅλον
3661 4319 3752 4372 τὸν
3806 4319 3896 4373 κό-

2241 4419 2402 4472 σμον,
2433 4401 2524 4454 καὶ
2554 4399 2773 4472 ἐπτώθη
2806 4401 2870 4458 τό
2901 4399 3074 4477 ἥμισυ
3103 4411 3205 4472 τῆς
3245 4404 3496 4475 Κυζίκου.
3554 4405 3889 4483 Ἑπληρὼθη

486 4499 577 4549 est
606 4495 782 4550 etiam
815 4512 1027 4568 magna
1057 4498 1338 4552 columna
1369 4513 1499 4567 quae
1529 4501 1771 4552 vocatur
1801 4497 2084 4569 Augustio
2111 4511 2124 4562 ;

2247 4484 2300 4542 δὲ
2354 4489 2445 4543 καὶ
2477 4489 2504 4543 6
2537 4489 2780 4564 χαλκοῦς
2835 4491 2968 4546 κίων
2999 4493 3027 4546 6
3063 4492 3230 4569 μέγας
3284 4495 3312 4549 ὁ
3373 4493 3747 4571 Αὐγουστίων,
3802 4496 3896 4551 καὶ

490 4584 662 4654 eique
689 4584 968 4654 imposita
994 4586 1312 4640 Justiniani
1343 4591 1537 4640 statua
1566 4585 2131 4656 equestris,sinistra

485 4688 664 4728 manu
697 4679 906 4729 tenens
937 4691 1179 4745 pomum
1210 4674 1549 4742 rotundum,
1573 4691 1688 4745 quo
1717 4674 2019 4729 indicatur
2040 4689 2134 4728 or-

483 4761 577 4817 bis
609 4761 924 4834 imperium
957 4781 1140 4835 penes
1172 4765 1366 4836 ipsum
1395 4781 1523 4819 esse
1550 4779 1562 4820 :
1613 4763 1882 4818 dextram
1931 4770 2130 4818 autem

482 4852 851 4918 intendebat,
883 4853 1128 4924 perinde
1155 4870 1222 4910 ac
1253 4854 1302 4907 si
1333 4855 1542 4908 Persas
1565 4853 1780 4925 jubere
1808 4852 2129 4907 subsistere

488 4946 548 4996 et
577 4943 978 4998 Romanorum
1010 4941 1298 4998 ditionem
1330 4959 1451 4997 non
1485 4941 1655 4997 inire.
1686 4943 1812 4996 Jam
1856 4957 1935 4995 aes
1957 4956 2134 4996 omne

498 5029 658 5101 quod
697 5031 853 5087 circa
878 5031 1216 5086 columnam
1248 5037 1394 5099 erat,
1426 5031 1638 5104 tegulm
1675 5036 1846 5086 erant
1891 5035 2133 5098 auratae,

487 5119 586 5174 65
598 5121 635 5176 7
655 5120 966 5177 introitum
981 5121 1186 5192 palatii
1197 5120 1567 5176 Constantini
1582 5119 1771 5188 Magni
1785 5119 2134 5191 integentes,

481 5208 583 5277 qui
614 5209 940 5266 etiamnum
970 5227 1161 5266 reus
1190 5210 1437 5267 dicitur.
1471 5207 1762 5264 Columna
1790 5213 1990 5264 autem
2018 5210 2134 5263 Au-

486 5297 678 5368 gustio
709 5301 948 5358 dicitur.

2195 4625 2198 4627 _
2241 4577 2514 4652 ἀνηνέχθη
2549 4581 2582 4647 ὴ
2615 4579 2792 4650 στήλη
2820 4585 2918 4634 τοῦ
2942 4581 3334 4638 Ἰουστινιανοῦ
3355 4578 3894 4662 ἕιριππος,κρατοῦσα

2239 4669 2307 4738 τῇ
2343 4669 2437 4738 μὶν
2470 4668 2726 4742 ἀριστερᾷ
2757 4669 2904 4747 χειρὶ
2941 4669 3120 4742 μῆλον
3178 4670 3519 4749 σφαιροειδὲς
3551 4675 3626 4736 ὡς
3653 4681 3754 4743 τῆς
3783 4682 3893 4749 γῆς

2241 4759 2452 4830 ἀπάσης
2492 4760 2658 4814 αὐτοῦ
2686 4761 3090 4837 κυριεύσαννος,
3123 4766 3224 4834 τήν
3258 4762 3428 4836 δεξιὰν
3462 4764 3520 4822 δὲ
3559 4767 3892 4839 ἀνατεταμέ-

2241 4869 2340 4918 νην
2370 4844 2575 4923 ἔχουσα
2604 4850 2692 4903 καὶ
2726 4849 2889 4905 οἱονεὶ
2923 4852 3149 4926 Πέρσαις
3179 4851 3657 4928 διακελευομένην·
3693 4862 3890 4925 Στῆτε,

2240 4938 2331 4993 καὶ
2358 4945 2457 5008 τῆς
2489 4937 2778 5012 Ῥωμαίων
2811 4946 2914 5014 γῆς
2950 4941 3026 5014 μὴ
3079 4938 3326 5011 έπιϐἧτε.
3359 4944 3430 5001 Ὀ
3462 4943 3518 4999 δὲ
3550 4945 3675 5019 περῖ
3728 4943 3888 4999 αὒτὸν

2241 5029 2334 5083 τὸν
2363 5027 2517 5082 κίονα
2549 5025 2759 5102 χαλκὸς
2799 5024 2938 5090 ἅπας
2996 5027 3235 5104 κέραμος
3286 5033 3354 5100 ἦν
3416 5029 3736 5112 διάχρυσος,
3787 5036 3890 5103 τήν

2241 5114 2452 5172 εἴσοδον
2514 5121 2611 5172 ’τυῦ
2667 5115 2938 5172 παλατίου
2991 5120 3405 5176 Κωνσταντίνου
3481 5127 3579 5177 τοῦ
3647 5121 3894 5200 μεγάλου

2245 5205 2516 5280 βασιλέως
2544 5202 2951 5276 ἐπικαλύπτων,
2983 5205 3109 5276 ἥτις
3138 5210 3228 5264 καὶ
3263 5211 3430 5286 μέχρι
3461 5215 3557 5266 τοῦ
3613 5217 3706 5266 νῦν
3741 5211 3893 5269 Χαλ-

2241 5303 2310 5365 κῆ
2371 5295 2848 5371 προσαγορεύεται.
2909 5295 3085 5362 Οὗτος
3145 5295 3202 5352 δέ
3261 5298 3402 5354 ἐστιν
3451 5299 3698 5356 ὁκίωνὸ
3731 5299 3900 5378 λεγό-

2247 5405 2404 5458 μενος
2434 5384 2804 5460 Αὐγουστίων.

1681 5486 2044 5542 XYLANDRI
2075 5486 2162 5540 ET
2194 5485 2411 5541 GOABI
2445 5484 2663 5538 ΝΟΤᾸΞ.

544 5579 658 5650 (39)
708 5585 1140 5641 Auxumitarum
1187 5588 1451 5642 Indorum
1496 5594 1585 5642 est
1637 5585 1794 5657 apud
1844 5584 2129 5656 Nicepho-

474 5665 613 5728 rum
657 5668 796 5725 xvu,
847 5657 937 5720 32,
997 5662 1065 5728 et
1107 5659 1348 5713 Domnus
1397 5659 1825 5728 Homeruarum,
1867 5660 2126 5728 princeps

478 5722 760 5798 Indorum,
780 5722 899 5802 ’pro
915 5727 1190 5784 Damiano
1203 5744 1340 5801 rege
1358 5722 1974 5786 Hebraeorum.xvi.-—
1985 5722 2130 5786 Aiu-

2236 5581 2488 5638 mitenses
2520 5587 2686 5637 vocat
2729 5583 2950 5640 Paulus
3005 5585 3301 5642 Diacouus
3354 5584 3393 5641 l.
3453 5604 3564 5642 χιιι.
3625 5587 3704 5642 De
3761 5587 3891 5642 istis

2239 5652 2556 5712 Homeritis
2588 5655 2914 5728 Procopius
2943 5655 3017 5714 De
3047 5657 3185 5715 bello
3212 5659 3362 5715 Pera.
3397 5673 3436 5714 ι.
3469 5659 3646 5716 Gen.
