4170 6204
478 275 598 334 ’119

1834 267 2153 329 GEORGII
2197 267 2533 328 CEDRENI

3777 276 3898 334 720

473 410 639 479 plum
670 404 1106 478 Apostolorum,
1140 394 1527 471 reliquimque
1556 399 1830 468 Andreas,
1866 401 2034 455 Lucae
2067 417 2093 456 e

2235 397 2414 453 καίνια
2441 401 2537 453 τοῦ
2568 403 2699 453 ναοῦ
2729 403 2838 454 τῶν
2873 400 3074 474 Ἀγίων
3107 400 3460 458 Ἀποστόλων
3489 404 3579 459 καὶ
3630 407 3666 475 ἡ
3724 406 3900 460 κατά-

470 495 759 552 Timothei
792 491 1198 565 apostolorum
1245 489 1550 560 depositaa.

540 677 710 729 Anno
734 673 799 726 24
835 673 1047 726 missus
1080 675 1168 725 est
1193 671 1403 724 Narses
1443 668 1842 723 cubicularius
1873 670 2117 724 Romam

472 763 544 819 ad
575 760 992 817 debellandum
1007 759 1397 815 Gothos.Nam
1413 764 1544 829 post
1557 764 1852 828 receptam
1873 759 2118 812 Romam

474 869 511 907 a
557 850 838 907 Belisario
905 849 1074 905 Gothi
1131 847 1326 902 denuo
1377 846 1739 902 rebellarant
1792 846 2118 917 urbemque

471 945 853 1013 occuparant.
908 939 1074 994 Nona
1106 936 1244 992 Julii
1275 936 1369 990 die
1403 935 1685 990 terribilis
1722 941 1918 990 motus
1950 941 2119 989 terrae

469 1032 584 1087 fuit
613 1048 720 1102 per
741 1029 1081 1085 universam
1105 1026 1500 1089 Palaestinam,
1531 1024 1829 1091 Arabiam,
1863 1026 2121 1095 Mesopo-

471 1121 736 1190 tamiam,
761 1118 990 1189 Syriam
1024 1121 1082 1171 et
1110 1114 1492 1182 thniciam,
1512 1113 1612 1183 qui
1649 1113 1850 1168 multis
1873 1113 2119 1168 urbibus

467 1209 689 1264 damna
718 1207 920 1262 intulit
959 1204 1407 1278 permultosque
1439 1202 1720 1257 mortales
1743 1201 2020 1273 perdidit.
2055 1203 2119 1256 In

463 1298 611 1353 urbe
644 1314 776 1367 quaa
809 1297 1050 1364 Botryos
1081 1294 1215 1364 (hoc
1267 1298 1358 1347 est
1413 1292 1557 1361 uvaa)
1611 1291 1847 1358 dicitur,
1910 1307 2122 1363 magna

462 1402 601 1458 pars
630 1384 848 1438 montis
883 1383 983 1453 qui
1017 1382 1164 1437 mari
1184 1381 1437 1453 adjacet,
1465 1381 1707 1435 nomine
1742 1380 2120 1450 Lithoproso-

461 1491 590 1547 pos,
645 1472 847 1528 avulsa
895 1472 954 1524 in
989 1487 1148 1525 mare
1206 1470 1426 1524 decidit
1484 1485 1883 1541 magnumque
1923 1468 2120 1522 effecit

459 1568 718 1636 portum,
754 1561 958 1616 multis
1003 1559 1236 1632 magnis
1294 1559 1541 1614 navibus
1599 1558 1960 1630 recipiendis
1991 1557 2116 1612 ido-

459 1668 662 1716 neum,
694 1667 830 1706 cum
865 1654 1001 1704 ante
1053 1649 1196 1704 urbs
1253 1665 1322 1703 ea
1379 1654 1552 1720 portu
1593 1649 1902 1703 caruisset.
1965 1651 2118 1702 Mare

462 1757 698 1812 quoque
736 1740 797 1793 in
824 1739 1006 1793 altum
1037 1737 1280 1792 recessit
1309 1737 1380 1791 ad
1407 1737 1570 1792 mille
1602 1753 2111 1807 passus,rursum-

461 1846 576 1901 que
607 1829 705 1884 Dei
732 1829 906 1900 jussu
955 1827 1211 1883 relluxit.
1272 1828 1531 1898 Augusto
1590 1842 1797 1880 mense
1864 1825 2109 1879 nuntius

459 1920 647 1974 Roma
675 1918 747 1972 de
769 1917 1013 1971 victoria
1035 1915 1293 1970 Narsetis
1325 1914 1540 1969 allatus
1580 1920 1689 1982 est,
1723 1930 1936 1984 nempe
1991 1914 2107 1968 Ro—

458 2023 690 2074 manos,
718 2021 852 2076 rege
875 2004 1062 2059 Totila
1090 2003 1305 2070 occiso,
1347 2005 1594 2058 Romam
1643 2003 1960 2073 recepisse.

2226 498 2369 551 θεσις
2426 491 2532 541 τῶν
2595 485 2761 561 ἁγίων
2848 484 3119 563 λειψάνων
3176 489 3464 564 Ἀνδρέου,
3504 498 3711 564 Λουκᾶ,
3789 495 3896 548 καὶ

2224 577 2502 648 Τιμοθέου
2527 581 2631 632 τῶν
2659 576 3007 634 ἀποστόλων.

2296 665 2390 736 Τῷ
2421 662 2502 718 κδ’
2561 661 2667 720 ἔτει
2718 664 2966 743 ἐπέμφθη
3057 665 3279 742 Ναρσῆς
3343 673 3370 724 ὁ
3424 667 3898 747 κουόικουλάριος

2225 752 2300 824 εἷς
2356 753 2575 826 Ῥώμην
2657 753 2977 828 πολεμῆσαι
3065 759 3153 830 [Ρ.
3239 761 3365 832 376]
3441 766 3558 821 τοῖς
3638 761 3898 826 Γότθοις,

2229 843 2362 916 μετά
2417 844 2520 920 γάρ
2575 843 2638 898 τὸ
2694 851 2958 914 κρατῆσαι
3047 847 3216 915 αὗτήν
3298 849 3659 924 Βελισάριον,
3719 851 3897 906 πάλιν

2225 932 2589 1002 ἐπανέστησαν
2651 935 2703 987 οἱ
2757 934 2948 990 Γότθοι
3008 934 3098 989 καὶ
3169 936 3470 1010 ἐκράτησαν
3556 941 3750 1011 αὐτήν.
3803 945 3894 1015 Τῇ

2226 1018 2276 1075 δέ
2313 1023 2356 1084 θ’
2383 1025 2480 1076 τοῦ
2513 1021 2747 1078 Ἰουλίου
2779 1024 2950 1096 μηνὸς
3008 1023 3215 1100 ἐγένετο
3271 1029 3490 1101 σεισμὸς
3541 1025 3774 1106 φοϐερὸς
3838 1030 3897 1085 ἐν

2225 1110 2368 1184 πάσῃ
2397 1114 2464 1184 τῇ
2501 1111 2854 1188 Παλαιστίνῃ,
2885 1114 2975 1169 καὶ
3020 1112 3274 1188 Ἀραϐίᾳ,
3327 1117 3416 1172 καὶ
3463 1122 3892 1194 Μεσοποταμίᾳι

2224 1198 2314 1252 καὶ
2339 1197 2530 1273 Συρίᾳ,
2559 1199 2649 1254 καὶ
2681 1201 2936 1275 Φοινίκῃ,
2965 1203 3053 1257 καὶ
3087 1201 3289 1259 ἔπαθον
3316 1203 3506 1268 πόλεις
3535 1206 3769 1276 πολλαὶ,
3789 1210 3892 1264 καὶ

2227 1287 2489 1342 ἀπέθανον
2520 1287 2820 1362 ἀνθρώπιον
2847 1289 3036 1362 πλήθη
3087 1291 3294 1350 πολλά.
3353 1296 3443 1351 Ἐν
3503 1293 3560 1350 δῖε
3615 1300 3684 1370 τῇ
3714 1296 3888 1369 πόλε,

2226 1375 2464 1450 Βότρυος
2495 1376 2809 1448 ἀπεσπάσθη
2843 1377 2900 1433 ἐκ
2928 1384 3024 1434 τοῦ
3052 1382 3450 1456 παρακειμένου
3507 1389 3578 1458 τῇ
3629 1385 3882 1460 θαλάσσῃ

2225 1463 2384 1539 ὅρους
2406 1470 2500 1519 τοῦ
2533 1464 2834 1540 λεγομένου
2877 1469 3310 1544 Λιθοπροσώπου
3345 1473 3508 1544 μέρος
3564 1472 3731 1540 πολὺ,
3782 1476 3880 1528 καὶ

2225 1553 2461 1632 εἰσήχθη
2519 1554 2594 1616 είς
2651 1555 2750 1624 τὴν
2809 1555 3106 1628 θάλασσαν,
3165 1560 3253 1614 καὶ
3321 1561 3612 1617 ἀπετέλεσε
3679 1563 3886 1637 λιμένα

2228 1641 2412 1718 μέγαν,
2443 1642 2518 1704 ὡς
2549 1641 2888 1719 εἷ’σέρχεσθαι
2945 1645 2998 1700 ἐν
3051 1645 3198 1702 αύτῶ
3253 1649 3426 1704 πλοῖα
3479 1649 3667 1706 πολλὰ
3722 1674 3882 1726 παμ-

2228 1731 2454 1806 μεγέθη·
2487 1732 2592 1806 πρὸ
2622 1733 2723 1808 γάρ
2747 1732 2944 1789 τούτου
2978 1734 3076 1789 οὐκ
3106 1737 3226 1811 εἶχε
3283 1735 3498 1810 λιμένα.
3557 1742 3764 1818 Ἕφυγε
3817 1740 3884 1796 δὲ

2219 1819 2519 1888 ἡθάλασσα
2551 1821 2626 1882 εἷς
2653 1821 2714 1876 τὸ
2771 1821 3010 1897 πέλαγος
3071 1824 3256 1898 μίλιον
3309 1824 3384 1896 ἕν,
3434 1827 3522 1882 καὶ
3583 1827 3748 1884 πάλιν
3803 1835 3877 1904 τῇ

2213 1913 2310 1964 τοῦ
2337 1915 2469 1964 Θεοῦ
2513 1907 2756 1964 κελεύσει
2812 1911 3177 1984 ἀποκατέστη.
3239 1915 3330 1987 Τῷ
3385 1915 3682 1992 Αὐγούστῳ
3747 1938 3858 1991 μην

2215 1997 2387 2066 ἦλθον
2468 1997 2704 2053 ἐπινίκια
2763 2000 2867 2054 ἀπὸ
2924 2001 3147 2076 Ῥώμης
3231 2007 3326 2058 τοῦ
3380 2009 3595 2080 Ναρσῆ,
3647 2007 3722 2069 ὡς
3783 2008 3872 2063 δτὶ

458 2088 685 2170 ἔσφαξαν
719 2094 769 2146 οἱ
798 2094 1067 2162 Ῥωμαῖοι
1097 2092 1186 2146 τὸν
1225 2091 1365 2166 ῥῆγα
1399 2088 1651 2146 Τώτιλαν
1684 2090 1773 2144 καὶ
1800 2085 1996 2145 ἔλαϐον
2025 2090 2124 2158 τήν
2155 2085 2401 2159 Ῥώμην.

524 2191 694 2239 Anno
743 2187 810 2236 25
868 2183 1029 2253 Cpoli
1087 2187 1284 2237 actum
1340 2181 1452 2235 fuit
1529 2197 1762 2236 sacrum
1827 2180 2100 2250 quintum

451 2273 882 2329 mcumenicum
931 2272 1270 2340 concilium,
1335 2273 1434 2324 165
1487 2270 1759 2325 Patribus
1837 2270 2103 2325 collectis

444 2363 553 2417 sub
589 2361 790 2433 Vigilio
821 2361 1198 2416 sanctissimo
1248 2363 1446 2414 Romae
1503 2376 1676 2431 papa,
1735 2359 1836 2430 qui
1895 2359 2099 2413 libello

440 2467 639 2506 veram
683 2449 860 2505 fidem
891 2449 1170 2505 asseruit.
1200 2448 1573 2503 Praefuerunt
1607 2449 1929 2520 Eutychius
1949 2450 2100 2519 Cpo-

437 2538 534 2604 lis,
566 2539 966 2610 Apollinarius
1004 2537 1400 2604 Alexandria),
1444 2539 1707 2593 Domnus
1767 2537 2098 2592 Antiochiae

437 2629 725 2700 episCOpi,
776 2633 836 2683 et
883 2628 1136 2682 vicarius
1194 2626 1738 2698 Hierosolymitani.
1799 2629 1912 2682 Res
1969 2633 2100 2682 acta

439 2723 648 2772 contra
679 2716 931 2788 impium
984 2717 1262 2770 Severum
1321 2715 1712 2786 Acepbalum.
1748 2715 1928 2770 Abest
1986 2715 2100 2769 hoc

439 2805 758 2862 concilium
787 2821 821 2859 a
859 2811 1068 2875 quarto
1101 2805 1256 2858 660
1273 2803 1448 2859 annis
1483 2807 1602 2858 111.
1635 2809 1782 2858 Acta
1799 2803 1976 2858 etiam
1999 2819 2094 2858 res

442 2899 532 2949 est
559 2899 770 2949 contra
799 2892 1107 2948 vecordem
1140 2892 1449 2965 Origenem
1483 2897 1541 2947 et
1595 2908 1694 2946 eos
1727 2892 1829 2963 qui
1879 2892 2094 2964 impias

445 2985 574 3054 ejus
607 2983 918 3053 Opiniones
948 2981 1362 3049 sectabantur;
1389 2998 1642 3052 quorum
1665 2980 1780 3036 fuit
1809 2981 2094 3052 Didymus

441 3087 632 3127 caacus
665 3078 723 3126 et
751 3071 1052 3143 Evagrius,
1089 3071 1190 3142 qui
1224 3070 1446 3126 dudum
1481 3070 1808 3125 ﬂoruerant
1841 3086 1909 3124 ac
1939 3068 2093 3139 capi-

437 3161 564 3217 tula
589 3177 696 3216 sua
729 3160 1053 3216 ediderant.
1090 3162 1155 3214 In
1204 3160 1296 3214 his
1349 3161 1684 3214 Graecarum
1742 3159 2089 3230 opinionum

2279 2177 2372 2248 Τῷ
2401 2177 2478 2230 κε’
2534 2171 2640 2232 ἔτει
2698 2184 2798 2247 τῆς
2871 2177 3152 2253 βασιλείας
3212 2183 3595 2238 Ἰουστινιανοῦ
3639 2181 3862 2260 γέγονεν

2209 2267 2243 2335 ἡ
2287 2267 2414 2341 ἁγία
2442 2267 2532 2320 καὶ
2583 2266 2938 2341 οἷ’κουμενικὴ
2994 2271 3031 2324 ε’
3089 2269 3312 2334 σύνοδος
3379 2278 3484 2328 τῶν
3543 2276 3643 2349 ρξε’
3693 2276 3862 2349 ἁγίων

2213 2356 2464 2428 Πατέρων
2520 2354 2571 2409 έν
2654 2359 3250 2430 Κωνσταντινουπόλει,
3309 2360 3394 2416 ἐπὶ
3456 2362 3707 2438 Βιγιλίου
3767 2368 3864 2418 τοῦ

2210 2441 2519 2518 ἁγίωτάτου
2578 2444 2730 2500 πάπα
2776 2446 3022 2520 Ῥώμης,
3080 2445 3168 2503 διὰ
3221 2445 3486 2505 λιϐέλλου
3542 2454 3645 2521 τὴν
3696 2453 3864 2528 ὀρθὴν

2206 2531 2386 2586 πίστιν
2445 2537 2764 2608 τηροῦντοςο
2836 2536 2903 2604 ἧς
2959 2534 3192 2610 ἠγοῦντο
3248 2538 3518 2615 Εὐτύχιος
3583 2545 3868 2598 Κωνσταν-

2205 2619 2602 2692 τινουπὸλεως,
2663 2623 3049 2700 Ἀπολινάριος
3125 2625 3535 2704 Ἀλεξανδρείας
3611 2632 3702 2685 καὶ
3764 2632 3865 2686 Δύ-

2213 2732 2344 2783 μνος
2379 2711 2733 2787 Ἀντιοχείας,
2768 2718 3158 2789 τοποτηρητὴς
3211 2715 3267 2772 δὲ
3334 2719 3605 2794 Εὐτύχιος
3634 2721 3866 2794 Ἱεροσο-

2209 2796 2400 2884 λύμων
2437 2803 2569 2873 (41),
2599 2802 2735 2857 κατά
2789 2797 3038 2879 Σεϐηρου
3094 2809 3190 2859 τοῦ
3247 2807 3550 2884 ’Λκεφάλου
3583 2810 3675 2863 καὶ
3735 2808 3863 2864 δυσ-

2205 2882 2415 2951 σεϐοῦς.
2451 2888 2677 2968 Ἀπέχει
2721 2887 2778 2946 δὲ
2805 2899 2904 2961 τῆς
2959 2890 3001 2947 δ’
3060 2892 3287 2950 συνόδου
3347 2882 3438 2966 ἔτη
3510 2899 3612 2972 ρβ’.
3678 2897 3860 2954 Ἀλλά

2201 2975 2292 3028 καὶ
2347 2977 2483 3030 κατὰ
2537 2983 2632 3032 τοῦ
2691 2980 3040 3054 παράφρονος
3097 2983 3405 3058 Ὠριγένους
3474 2990 3564 3040 καί
3621 2991 3730 3040 τῶν
3793 2989 3858 3042 τὰ

2203 3063 2407 3119 ἐκείνου
2439 3061 2606 3135 ἀσεϐῆ
2667 3064 2914 3143 δόγματα
2973 3067 3390 3146 διαδεξαμένων,
3452 3071 3691 3148 Διδύμου
3757 3081 3858 3130 τοῦ

2198 3152 2304 3209 ἀπὸ
2336 3154 2600 3228 ὀμμάτων
2635 3161 2744 3230 (42)
2774 3158 2863 3212 καὶ
2895 3158 3185 3238 Εὐαργίου,
3235 3168 3341 3218 τῶν
3373 3163 3542 3220 πάλαι
3573 3166 3856 3237 ἀκμασάν-

435 3265 584 3305 ansa
614 3255 868 3322 arrepla,
893 3249 1107 3320 quibus
1137 3249 1476 3304 animarum
1528 3249 1590 3302 in
1620 3248 1736 3302 alia
1767 3254 1944 3319 atque
1969 3247 2090 3302 alia

2207 3263 2330 3312 των,
2389 3245 2478 3298 καὶ
2533 3251 2640 3300 τῶν
2699 3245 3018 3311 ἐκτεθέντων
3068 3253 3190 3324 παρ’
3242 3252 3427 3315 αὐτοῖς
3508 3252 3850 3332 κεφαλαίων,

433 3357 684 3411 corpora
733 3341 1018 3395 transitus
1069 3339 1341 3411 ﬁngitur,
1399 3337 1775 3410 nugabantur
1857 3337 2089 3393 animas

431 3429 779 3500 corporibus
819 3435 1084 3500 tempore
1124 3445 1252 3484 esse
1283 3427 1534 3498 priores,
1570 3427 1749 3482 finem
1781 3427 2088 3499 suppliciis

427 3517 580 3582 fore,
611 3534 732 3572 non
792 3517 1001 3573 iisdem
1061 3534 1170 3572 nos
1229 3523 1668 3572 resurrecturos
1717 3516 2082 3602 corporibus,

429 3607 733 3663 daemonas
792 3608 855 3662 in
915 3607 1208 3676 integrum
1253 3607 1594 3662 restitutum
1645 3606 1762 3672 iri;
1822 3606 2084 3678 paradisi

429 3697 712 3752 vocabulo
745 3696 907 3752 aliud
938 3697 1150 3763 notari,
1185 3713 1380 3766 neque
1408 3696 1690 3751 sensilem
1735 3695 2084 3768 paradisum

427 3786 610 3841 fuisse
643 3803 677 3840 a
701 3787 816 3840 Deo
849 3784 1174 3851 conditum,
1229 3802 1422 3856 neque
1477 3785 1768 3840 Adamum
1798 3802 2083 3840 carneum

426 3874 609 3929 fuisse
644 3875 926 3930 efﬁctum.
963 3875 1060 3929 Ha)
1092 3875 1406 3945 opiniones
1428 3891 1562 3929 cum
1595 3875 1938 3944 aliquandiu
1963 3875 2084 3929 fere

429 3961 762 4032 latuissent,
819 3961 1058 4017 tandem
1119 3962 1180 4016 in
1234 3961 1680 4016 multitudinem
1761 3967 2085 4033 eruperunt

428 4052 766 4123 multosque
826 4051 1258 4106 ecclesiasticos
1313 4051 1612 4105 vitiarunt.
1674 4052 1874 4121 Itaque
1941 4057 2081 4106 tunc

425 4138 721 4194 damnatae
752 4145 810 4194 et
840 4139 1186 4210 proscripta:
1220 4145 1377 4192 sunt.
1437 4139 1809 4194 Theodorum
1845 4156 2079 4210 quoque

425 4228 798 4299 Mopsuestia
831 4229 1198 4298 episcopum,
1219 4233 1644 4298 prmceptorem
1668 4229 1917 4283 Nestor-ii
1951 4230 2080 4300 ejus

423 4317 524 4386 qui
561 4315 823 4370 Judaicis
875 4316 1175 4370 erroribus
1260 4333 1543 4388 germana
1591 4317 1798 4380 sensit,
1831 4323 1888 4372 et
1963 4318 2078 4372 Iba)

425 4405 737 4476 epistolam
784 4404 1232 4472 damnaverunt,
1295 4411 1353 4458 et
1409 4405 1681 4475 quaedam
1740 4406 2075 4462 Theodoriti

421 4493 554 4564 Cyri
586 4493 847 4564 episcopi
879 4493 1180 4565 opuscula,
1215 4494 1551 4566 conscripta
1599 4495 1876 4550 adversus
1930 4495 2072 4550 duo-

419 4582 612 4638 decim
643 4582 904 4654 capitula
931 4583 1089 4638 beati
1119 4582 1338 4653 Cyrilli.

491 4850 844 4908 Litterarum
875 4867 1050 4922 porro
1081 4850 1396 4906 Justiniani
1455 4848 1526 4905 ad
1568 4848 1885 4905 concilium
1939 4850 2065 4906 huic

419 4946 510 4996 est
529 4940 864 4998 sententia:
899 4941 980 4996 De
1012 4940 1262 5012 Origene
1285 4945 1344 4995 et
1372 4939 1444 4994 iis
1475 4938 1575 5010 qui
1615 4937 1688 4993 ab
1747 4938 1878 5009 ejus
1927 4944 2066 4994 sunt

414 5035 576 5086 secta
600 5046 844 5102 operam
875 5028 1170 5097 dedimus,
1195 5029 1431 5100 justum
1479 5043 1608 5082 esse
1661 5026 2064 5099 intelligentes

411 5124 476 5173 ut
508 5126 774 5176 sanctam
804 5117 908 5173 Dei
939 5117 1450 5190 apostolicamque
1472 5115 1796 5171 Ecclesiam
1820 5133 1854 5171 a
1876 5117 2063 5172 turbis

410 5224 678 5264 securam
693 5212 1252 5280 praestemus,utque
1267 5223 1336 5262 ea
1361 5223 1491 5277 quae
1516 5222 1869 5277 quocunque
1884 5205 2060 5260 modo

2195 3329 2247 3385 ἐν
2280 3333 2366 3393 οἷς
2392 3331 2708 3410 ἐληρῴδουν
2741 3339 3123 3417 προϋπάρχειν
3151 3339 3245 3400 τάς
3275 3341 3458 3416 ψυχὰς
3513 3329 3621 3397 τών
3657 3345 3852 3417 σωμά-

2194 3443 2301 3477 των
2343 3421 2394 3492 ἐξ
2423 3421 2768 3495 Ἑλληνικῶν
2802 3428 3124 3501 ὁρμώμενοι
3155 3427 3445 3507 δογμάτὼν
3498 3433 3600 3502 τὴν
3647 3455 3850 3508 μετεμ-

2194 3511 2446 3589 χύχωσιν
2481 3509 2836 3587 δοξαζόντων,
2868 3516 3027 3579 τέλος
3058 3540 3115 3573 τε
3154 3527 3254 3589 τῆς
3285 3519 3586 3592 κολάσεως,
3636 3524 3726 3578 καὶ
3784 3525 3855 3579 τά.

2193 3598 2416 3672 σώματα
2465 3604 2625 3675 ἡμῶν
2684 3606 2759 3676 μή
2820 3605 3126 3662 ἀνίστασθαι
3175 3611 3242 3662 τά
3295 3609 3427 3664 αύτά
3479 3609 3530 3665 ἐν
3581 3615 3652 3684 τῇ
3719 3614 3847 3667 ἀνα-

2193 3689 2394 3758 στάσει,
2426 3691 2515 3745 καὶ
2547 3695 2781 3760 τὴντῶν
2833 3691 3109 3768 δαιμόνων
3176 3699 3250 3760 είς
3304 3700 3366 3754 τὸ
3417 3699 3648 3774 ἀρχαῖον
3708 3701 3852 3756 ἀπο-

2189 3779 2533 3853 κατάστασιν,
2560 3782 2651 3836 τὸν
2707 3779 2762 3837 δὲ
2819 3783 3141 3858 παράδεισον
3202 3785 3693 3865 ἀλληγορούντων,
3754 3790 3844 3846 καὶ

2192 3868 2267 3939 μή
2301 3877 2613 3944 γεγενῆσθαι
2673 3873 2814 3944 μήτε
2875 3875 3005 3928 εἶναι
3058 3875 3161 3930 ὑπὸ
3212 3881 3310 3930 τοῦ
3367 3883 3501 3932 Θεοῦ
3563 3879 3843 3949 αἰσθητὸν,

2191 3958 2332 4028 μήτε
2391 3956 2441 4010 ἐν
2502 3960 2658 4033 σαρκί
2715 3959 3022 4032 πλασθῆναι
3080 3965 3170 4019 τὸν
3232 3963 3434 4038 Ἀδάμ.
3497 3972 3690 4024 ’Άτινα
3747 3967 3842 4023 δύο

2183 4067 2363 4120 γματα
2391 4046 2496 4109 ἓως
2529 4048 2732 4122 χρόνου
2791 4051 2854 4106 τὸ
2904 4050 3071 4108 πλέον
3134 4053 3446 4128 ἐκρύπτετο,
3510 4057 3586 4120 εἷς
3625 4057 3840 4128 πλῆθος

2186 4131 2242 4188 δὲ
2282 4132 2592 4192 ἐπιδιδόντα
2622 4138 2712 4192 καὶ
2770 4137 3024 4205 πολλοὺς
3081 4150 3180 4213 τῆς
3239 4143 3573 4216 Ἐκκλησίας
3635 4146 3840 4220 λυμαι-

2181 4223 2379 4295 νόμενα
2460 4233 2754 4298 τηνικαῦτα
2831 4231 3246 4301 στηλιτευθέντα
3321 4235 3837 4309 ἀνεθεματίσθησαν.

2181 4316 2304 4400 Ἒτι
2380 4313 2436 4371 δὲ
2513 4318 2603 4372 καὶ
2678 4320 2814 4374 κατὰ
2880 4319 3164 4397 Θεοδώρου
3249 4329 3346 4379 τοῦ
3434 4327 3838 4400 Μοψουεστίας,

2181 4399 2512 4460 διδασκάλου
2567 4409 2853 4483 γεγονότος
2902 4415 3000 4465 τοῦ
3057 4413 3354 4488 Νεστορίου
3403 4419 3499 4470 τοῦ
3543 4399 3840 4474 γ’ίουδαιόέ

2180 4513 2397 4569 φρονος,
2480 4494 2864 4568 ἀνεθεμάτισαν
2941 4500 3074 4572 μετὰ
3138 4509 3238 4570 τῆς
3326 4502 3630 4578 λεγομένης
3717 4502 3838 4562 Ἴδα

2101 4581 2473 4678 Βέπιστολῆς
2546 4587 2634 4639 καί
2720 4607 2878 4640 τινων
2965 4591 3409 4666 συγγραμμάτων
3477 4591 3836 4669 Θεοδωρήτου

2174 4674 2270 4724 τοῦ
2328 4669 2626 4728 ἐπισκόπου
2667 4673 2870 4750 Κύρου,
2932 4678 3346 4756 συγγραφέντων
3402 4683 3538 4737 κατά
3597 4685 3702 4737 τῶν
3766 4677 3838 4759 ιβ’

2173 4759 2485 4836 κεφαλαίων
2516 4765 2614 4816 τοῦ
2649 4763 2918 4838 μακαρίου
2953 4765 3250 4842 Κυρίλλου.

2247 4848 2324 4906 Τὸ
2356 4845 2423 4938 δῖε
2474 4851 2707 4938 γράμμα
2761 4857 2859 4908 τοῦ
2923 4856 3196 4929 βασιλέως
3255 4859 3635 4916 Ἰουστινιανοῦ
3693 4863 3831 4938 πρὸς

2175 4938 2273 5006 την
2333 4937 2488 5012 ἁγίαν
2549 4937 2773 4994 σύνοδον
2827 4943 3078 5024 περιέχει
3139 4945 3312 5010 οὕτως
3389 4949 3518 5022 Περὶ
3581 4972 3677 5024 μεν
3731 4937 3826 5006 οὖν

2175 5027 2480 5101 Ὠριγένους
2539 5029 2627 5083 καί
2684 5035 2796 5084 τῶν
2845 5031 3170 5112 ὁμοφρόνων
3227 5034 3392 5093 αὐτοῦ
3468 5038 3677 5110 σπουδὴ
3736 5044 3825 5116 γέ-

2171 5137 2325 5192 γονεν
2358 5119 2516 5189 ἡμῖν,
2549 5119 2635 5172 καὶ
2670 5112 2812 5175 ἔστιν
2855 5120 3132 5198 ἀτάραχον
3192 5126 3290 5194 τὴν
3352 5125 3507 5202 ἁγίαν
3547 5133 3644 5183 τοῦ
3694 5112 3828 5186 Θεοῦ

2171 5203 2658 5275 καὶάποστολικὴν
2700 5207 3028 5281 Ἐκκλησίαν
3085 5210 3538 5293 διαφυλάττεσθαι
3599 5216 3808 5274 δίκαιον

1595 5304 1951 5360 XYLANDRI
1992 5305 2077 5359 ET

2212 5306 2355 5359 ARII
2397 5306 2619 5360 ΝΟΤίΕ.
3816 5301 3833 5324 ’

483 5428 593 5500 (41)
628 5431 898 5502 Eutychii
935 5447 1170 5502 nomen
1229 5431 1595 5486 inculcatum
1641 5430 1844 5502 omisi.
1879 5430 2066 5484 Locus

409 5497 500 5554 est
529 5497 839 5571 suspectus
895 5501 969 5555 ob
1019 5519 1223 5557 vocem
1279 5499 1658 5571 τοποτηρηταὶ
1715 5497 1791 5556 δέ.
1853 5502 2062 5556 Eusto-

406 5571 582 5628 chius
609 5587 678 5627 eo
713 5576 980 5642 tempore
1009 5572 1124 5628 fuit
1148 5573 1461 5644 episcopus
1500 5571 2063 5644 Hierosolymorum.

2179 5428 2663 5510 Vide‘Evagrium
2696 5449 2768 5510 ιν,
2803 5437 2869 5489 38
2905 5456 2918 5502 ;
2949 5437 3194 5510 Niceph.
3223 5456 3358 5510 grvu,
3385 5443 3474 5498 2'7.
3511 5443 3646 5496 XYL.

2248 5499 2360 5570 (42)
2397 5499 2537 5556 Vide
2564 5499 2960 5576 Nicephorum
2989 5526 3068 5576 1x,
3093 5499 3187 5566 i7.
3221 5499 3356 5565 Χγιῖ
