4170 6204
287 397 398 456 ’721
1428 390 1974 453 HISTORIARUM
2017 391 2564 455 COMPENDIUM.
3579 407 3699 466 722

286 528 374 580 xui
403 528 470 581 τὰ
509 530 589 600 [Ρ.
652 529 777 600 377]
829 527 1078 582 ὁπωσοῦν
1134 519 1478 603 ἀναφυόμενα
1536 527 1603 597 τῇ
1663 520 1933 596 ὁρθοδόξῳ

2053 524 2296 580 adversa
2343 534 2518 582 recta:
2553 529 2686 584 fidei
2720 530 2863 585 661
2901 539 3265 588 enascuntur
3293 537 3700 595 condemnen-

284 616 463 671 πίστει
522 615 732 671 ἐναντία
783 614 1220 688 κατακρίνεσθαι.
1277 612 1427 670 Ἐπεὶ
1476 615 1656 667 τοίνυν
1709 610 1931 687 διέγνω⁴

2058 619 2167 668 tur.
2194 615 2339 669 Cum
2372 634 2509 689 ergo
2532 625 2902 690 compertum
2935 621 3260 678 habeamus
3280 643 3408 682 esse
3441 630 3705 688 Hieroso-

288 726 408 760 σται
457 708 592 777 ἡμῖν
648 703 722 767 ὥς
780 726 922 768 τινες
973 703 1025 758 ἐν
1080 699 1488 777 Ἰεροσολύμοις
1545 702 1644 756 εἰσὶ
1706 702 1935 776 μοναχοῖ

2052 701 2224 772 lymis
2276 706 2566 775 quosdam
2617 710 2942 763 monachos
2998 710 3304 778 nimirum,
3338 717 3434 785 qui
3481 719 3699 789 Pytha-

289 791 560 864 δήπουθεν
620 795 905 868 Πυθαγόρᾳ
959 793 1048 847 καὶ
1111 791 1358 847 Πλάτωνι
1416 791 1504 846 καὶ
1556 789 1807 866 Ὠριγένει
1861 796 1936 862 τῷ

2050 808 2222 862 gorm,
2283 795 2566 860 Platonis,
2630 798 3017 870 Origenisque
3087 802 3424 858 Adamantii
3485 806 3697 879 impios

282 882 634 956 Ἀδαμαντίῳ
684 884 775 938 καὶ
835 889 903 958 τῇ
961 882 1168 938 τούτων
1243 877 1525 952 δυσσεϐείᾳ
1581 881 1670 935 καὶ
1755 878 1929 955 πλάνῃ

2049 895 2278 936 errores
2326 890 2629 939 sectentur
2676 892 2852 957 atque
2903 888 3172 956 doceant,
3230 877 3696 952 existimavimus

277 972 814 1034 κατακολουθοῦντες
871 973 958 1026 καὶ
1047 969 1409 1034 διδάσκοντες,
1493 968 1603 1025 δεῖν
1671 969 1924 1043 ᾠήθημεη

2046 985 2248 1026 curam
2288 977 2346 1025 et
2393 973 2840 1044 inquisitionem
2875 977 2944 1031 de
2989 978 3062 1032 iis
3092 980 3513 1050 adhibendam,
3549 1003 3624 1040 ne
3655 987 3693 1040 ii

281 1060 550 1140 φροντίδα
599 1063 687 1117 xui
745 1065 969 1132 ζήτησιν
1001 1063 1331 1130 ποιήσασθαι
1389 1059 1508 1132 περῖ
1561 1058 1790 1126 τούτων,
1843 1057 1928 1114 ’ἵνα

2041 1057 2112 1112 ad
2133 1064 2460 1115 extremum
2486 1063 2842 1118 Grmcanicis
2867 1067 3328 1134 etggManichaicis
3353 1072 3474 1126 suis
3497 1073 3688 1145 impo-

281 1155 358 1226 μή
416 1151 603 1208 τέλεον
673 1149 762 1206 διὰ
822 1158 920 1220 τῆς
994 1148 1331 1218 Ἑλληνικῆς
1414 1149 1504 1203 xui
1586 1151 1928 1224 Μανιχαϊκῆι·

2044 1149 2220 1202 sturis
2269 1151 2487 1205 multos
2536 1153 2806 1222 perdant.
2859 1156 2997 1208 Nam
3051 1162 3115 1210 ut
3161 1157 3234 1211 de
3274 1161 3474 1215 multis
3506 1179 3691 1232 pauca

271 1241 492 1310 ἀπάτης
571 1242 750 1296 αὐτῶν
811 1237 1056 1301 πολλοὺς
1115 1238 1448 1295 ἀπολέσωσι.
1511 1238 1738 1312 Λέγουσι
1806 1239 1918 1313 γὰρἶ

2046 1253 2597 1307 commemoremus,
2619 1246 2849 1296 mentes
2880 1244 3049 1298 aiunt
3069 1244 3248 1300 fuisse
3269 1248 3612 1306 innumeras
3636 1259 3693 1307 et

261 1330 355 1385 ’ίνα
383 1332 442 1387 ἐκ
471 1337 578 1386 τῶν
608 1329 835 1386 πολλῶν
893 1329 1058 1406 ὀλίγα
1129 1329 1614 1402 μνημονεύσωμεν,
1677 1330 1758 1382 ὅτι
1817 1329 1902 1383 νόε

2040 1327 2301 1381 nominis
2332 1332 2949 1402 expertes,omniaque
2973 1335 3201 1388 ratione
3234 1337 3480 1405 prmdita
3508 1358 3687 1394 unum

267 1423 406 1490 ἦσαν
441 1418 575 1495 δίχα
607 1420 806 1477 παντὸς
835 1420 1074 1493 ἀριθμοῦ
1123 1439 1180 1473 τε
1218 1418 1310 1472 καὶ
1343 1418 1634 1489 ὀνόματος,
1666 1419 1741 1481 ὼς
1772 1416 1914 1473 ἒνάδς

2041 1431 2166 1469 esse
2197 1415 2473 1488 idemque
2506 1419 2836 1474 substantia
2869 1427 2924 1474 et
2967 1423 3248 1490 efficacia,
3291 1426 3688 1498 facultateque

269 1515 493 1566 πάντων
526 1511 798 1564 εἶναιτῶν
830 1509 1070 1584 λογικῶν
1120 1512 1188 1581 τῇ
1245 1507 1535 1576 ταυτότητι
1593 1514 1691 1576 τῆς
1748 1507 1916 1562 οὐσίας

2040 1503 2106 1557 ad
2142 1506 2324 1558 Deum
2374 1507 2622 1561 Verbum
2659 1514 2716 1563 et
2746 1511 3085 1580 cognitione
3121 1519 3322 1569 omnia
3352 1518 3537 1571 unita.
3575 1519 3687 1573 Has

270 1599 361 1653 xui
407 1600 681 1675 ἐνεργείας
708 1599 798 1653 καὶ
830 1604 898 1673 τῇ
933 1595 1156 1670 δυνάμει
1196 1600 1263 1670 τῇ
1294 1597 1431 1672 πρὸς
1485 1597 1575 1651 τὸν
1633 1597 1760 1651 Θεὸν
1822 1599 1917 1651 Λό-

2040 1599 2286 1662 mentes,
2321 1611 2454 1650 cum
2491 1598 2706 1651 amoris
2739 1616 2804 1653 ac
2837 1602 3359 1672 contemplationis
3385 1607 3487 1660 Dei
3519 1609 3687 1662 satie-

266 1711 368 1764 γον
403 1689 590 1742 ἑνώσει
623 1709 682 1742 τε
713 1688 802 1742 καὶ
832 1689 1049 1764 γνώσει.
1085 1688 1186 1742 Καὶ
1218 1687 1293 1750 ὡς
1348 1687 1508 1760 κόρον
1570 1686 1745 1740 αὐτῶν
1778 1684 1913 1761 λαμ-

2037 1689 2122 1738 tas
2154 1699 2252 1738 eas
2284 1685 2539 1755 cepisset
2579 1703 2683 1756 pro
2715 1704 2782 1741 eo
2834 1695 2898 1742 ut
2929 1691 3148 1760 qua-vis
3191 1693 3378 1760 magis
3417 1696 3684 1752 minusve

268 1773 548 1832 ϐανόντων
574 1784 676 1845 τῆς
709 1777 850 1838 θείας
890 1777 1108 1850 ἀγάπης
1153 1777 1240 1830 καὶ
1303 1775 1551 1850 Θεωρίας,
1611 1777 1744 1831 κατά
1802 1776 1915 1831 ἀνα-

2035 1773 2093 1826 in
2126 1771 2386 1827 deterius
2439 1774 2786 1841 desciverat,
2835 1778 2922 1832 vel
2953 1781 3245 1836 crassiora
3277 1782 3364 1836 vel
3412 1786 3682 1842 tenuiora

267 1865 460 1941 λογίαν
491 1874 592 1935 τῆς
623 1867 710 1921 ἐπὶ
741 1867 803 1920 τὸ
851 1871 1038 1940 χεῖρον
1095 1864 1321 1919 ἑκάστου
1376 1872 1586 1940 τροπῆς
1646 1864 1914 1939 λεπτομε-

2034 1878 2282 1932 corpora
2331 1863 2496 1917 indui
2539 1870 2715 1935 atque
2764 1867 3008 1923 nomina
3056 1869 3276 1939 sortiri,
3320 1876 3497 1942 atque
3543 1874 3681 1930 inde

263 1957 491 2031 ρὲστερα
548 1956 584 2026 ἢ
633 1957 723 2010 xui
773 1956 1054 2030 παχύτερα
1109 1956 1337 2026 σώματα
1411 1955 1776 2034 ἀμφιάσασθαι
1835 1978 1902 2011 xu

2040 1949 2374 2005 coelestibus
2414 1957 2473 2006 et
2511 1953 2878 2010 administris
2911 1955 3291 2013 facultatibus
3323 1977 3451 2015 esse
3481 1962 3682 2036 subje-

261 2045 514 2118 ὀνόματα
538 2045 952 2120 κληρώσασθαι,
1005 2045 1283 2100 κάντεῦθεν
1338 2044 1434 2106 τὰς
1495 2045 1780 2118 οὐρανίους
1837 2067 1904 2101 κα

2038 2045 2182 2094 ctas.
2220 2042 2418 2111 Ipsum
2436 2041 2581 2096 adeo
2602 2042 2806 2108 solem,
2833 2044 3037 2101 lunam
3061 2052 3118 2101 et
3139 2048 3364 2119 stellas,
3397 2068 3530 2106 cum
3555 2052 3683 2124 ipsa

269 2133 653 2210 λειτουργικὰς
714 2135 1014 2204 ὑποστῆναι
1072 2131 1349 2206 δυνάμεις.
1407 2131 1584 2190 Ἀλλὰ
1646 2136 1754 2206 μὴν
1834 2123 1916 2190 καἰ

2037 2144 2272 2199 quoque
2304 2130 2364 2184 in
2397 2131 2670 2186 rationali
2705 2133 2817 2188 ista
2849 2135 3074 2191 unitate
3100 2144 3321 2206 essent,
3355 2123 3681 2198 mutatione

261 2223 433 2292 ἥλιον
476 2224 567 2278 καὶ
600 2222 835 2296 σελήνην
864 2224 955 2278 xui
1012 2224 1140 2287 τοὺς
1196 2223 1440 2298 ἀστέρας,
1494 2223 1583 2277 καὶ
1640 2223 1774 2278 αὐτά
1821 2231 1908 2294 τῆς

2035 2217 2096 2271 in
2127 2217 2387 2274 deterius
2427 2218 2580 2276 facta
2630 2221 2688 2276 id
2720 2223 2966 2294 caapisse
3008 2241 3137 2280 esse
3169 2227 3324 2298 quod
3365 2236 3522 2285 sunt.
3573 2233 3682 2286 Eas

257 2313 432 2381 αὐτῆς
463 2319 572 2369 τῶν
602 2314 846 2388 λογικῶν
879 2311 1066 2375 ἐνάδος
1094 2310 1243 2382 ὄντα,
1275 2311 1335 2368 ἐκ
1388 2319 1488 2382 τῆς
1517 2311 1602 2368 ἒπὶ
1655 2315 1720 2368 τά
1750 2313 1904 2389 χείριι

2032 2323 2166 2360 vero
2225 2313 2455 2363 montes
2518 2309 2578 2364 in
2635 2311 2852 2381 quibus
2901 2313 3004 2367 Dei
3050 2331 3220 2370 amor
3261 2319 3446 2389 magis
3501 2320 3679 2376 etiam

255 2409 474 2476 τροπῆς
562 2407 724 2458 τοῦτο
807 2404 1079 2479 γεγονέναι
1163 2403 1295 2476 ’ὀπερ
1373 2400 1496 2458 εἶσί.
1561 2401 1638 2456 Τά
1719 2400 1776 2456 δὲ
1835 2401 1899 2458 ἐπ

2031 2397 2282 2462 refrixit,
2352 2400 2583 2454 animas
2650 2401 2852 2467 factas,
2887 2407 2943 2458 et
3008 2405 3400 2462 crassioribus
3473 2411 3673 2478 qualia

260 2490 461 2547 πλεῖον
521 2498 620 2561 τῆς
680 2493 824 2552 Θείας
904 2491 1246 2566 ἀποψυγέντα
1302 2488 1502 2564 λογικὰ
1564 2490 1743 2564 ψυχὰς
1800 2493 1907 2546 ὀνο-

2032 2492 2237 2541 nostra
2292 2493 2431 2542 sunt
2486 2489 2831 2559 corporibus
2890 2491 3150 2547 immitti.
3211 2494 3349 2558 Quas
3405 2513 3542 2551 vero
3601 2498 3675 2554 ad

262 2587 537 2652 μασθῆναι
593 2581 682 2635 καὶ
736 2580 955 2652 σώμασι
1017 2579 1348 2655 παχυτέροις
1432 2585 1548 2641 τοῖς
1603 2582 1721 2635 καθ’
1773 2581 1909 2652 ἡμᾶς

2033 2581 2362 2629 extremum
2413 2577 2814 2646 perversitatis
2863 2581 3155 2648 venerint,
3183 2597 3283 2636 eas
3331 2583 3558 2655 frigidis
3611 2603 3679 2641 ac

257 2666 634 2743 ἐμϐληθῆναι.
667 2674 751 2728 Tu
783 2669 840 2726 δὲ
870 2670 958 2726 ἐπὶ
1010 2673 1074 2726 τὸ
1127 2669 1287 2744 ἄκρον
1346 2675 1446 2736 τῆς
1493 2671 1682 2731 κακίας
1714 2670 1904 2742 ἐληλα·

2033 2663 2370 2735 caliginosis
2446 2664 2627 2719 inseri
2706 2666 3074 2737 corporibus,
3153 2685 3300 2740 quos
3378 2671 3680 2730 daamonas

259 2762 398 2814 κότα
449 2764 688 2836 ψυχροῖς
745 2761 834 2816 καὶ
895 2765 1142 2840 ζοφεροῖς
1195 2758 1469 2828 ἐνδεθῆναι
1537 2760 1771 2833 σώμασι,
1828 2762 1906 2816 καῖ

2034 2757 2258 2806 vocant.
2307 2755 2388 2807 Ex
2433 2753 2702 2824 angelico
2733 2755 2982 2825 proinde
3025 2762 3182 2812 statu
3231 2759 3576 2830 animalem,
3612 2780 3681 2819 ex

255 2846 531 2921 δαίμονας
587 2849 952 2922 ὀνομασθῆναι
1006 2849 1290 2925 γενόμενα.
1352 2850 1453 2905 Καὶ
1487 2847 1570 2903 ὅτι
1621 2849 1671 2919 ἐξ
1703 2849 1902 2925 ἀγγελι·

2037 2842 2274 2897 animali
2317 2842 2711 2898 dmmonicum
2754 2844 2881 2899 fieri
2933 2852 2993 2900 et
3038 2847 3390 2904 humanum.
3434 2851 3514 2905 De
3563 2858 3684 2908 tota

256 2945 366 3006 γῆς
403 2939 498 3011 μὲν
527 2938 900 3000 καταστάσεως
941 2940 1152 3016 ψυχική
1222 2937 1420 3012 γίνεται
1479 2939 1826 3005 κατάστασις,
1861 2939 1903 2994 ἐν

2042 2936 2228 2985 autem
2260 2932 2486 2987 unitate
2515 2933 2794 2988 mentium
2825 2951 3008 2989 unam
3039 2935 3334 2992 duntaxat
3356 2940 3689 3008 perstitisse

261 3023 322 3080 ὂὶ
354 3033 454 3096 τῆς
484 3030 728 3106 ψυχικῆς
761 3023 1137 3099 δαιμονιώδης
1186 3045 1242 3080 τε
1281 3026 1370 3080 καὶ
1422 3025 1755 3100 ἀνθρωπίνη.
1787 3027 1908 3082 Ἕνα

2041 3022 2360 3087 immotam,
2385 3039 2580 3094 neque
2603 3023 2676 3078 ab
2702 3041 2903 3080 amore
2925 3031 2985 3080 et
3005 3027 3158 3082 662
3181 3031 3688 3106 contemplatione

258 3111 322 3169 δὲ
383 3115 548 3188 μόνον
591 3104 729 3170 *νοῦν
781 3112 842 3170 ἒκ
897 3116 1076 3184 πάσης
1129 3121 1230 3184 τῆς
1282 3111 1468 3174 ἑνάδος
1520 3118 1628 3168 τῶν
1680 3113 1905 3188 λογικῶπ

2042 3110 2128 3164 Dei
2180 3127 2414 3182 passam
2447 3129 2509 3167 se
2543 3112 2791 3168 abduci:
2846 3131 2976 3169 eam
3029 3131 3156 3172 esse
3205 3117 3528 3187 Christum,
3579 3104 3689 3192 qui

251 3203 561 3275 ἀκλόνητον
629 3210 809 3277 μεῖναι
866 3202 956 3258 καὶ
1014 3202 1268 3274 ἀκίνητον
1332 3209 1433 3271 τῆς
1485 3203 1630 3267 Θείας
1697 3203 1898 3278 ἀγάπης

2041 3201 2192 3255 Deus
2245 3205 2304 3255 et
2361 3201 2536 3256 homo
2596 3201 2795 3258 fuerit.
2855 3203 3170 3260 Afﬁrmant
3208 3206 3388 3262 etiam
3438 3225 3688 3280 corpora

255 3293 352 3348 καὶ
386 3295 638 3367 θεωρίας,
673 3292 734 3355 ὅς
755 3293 844 3348 καὶ
889 3293 1120 3370 Χριστὸς
1183 3292 1436 3367 βασιλεὺς
1491 3295 1580 3348 καὶ
1639 3292 1902 3368 ἂνθρωποι

2518 3255 2523 3256 ,
2855 3255 3169 3260 __--______-
3212 3255 3388 3262 νη---
3441 3255 3687 3280 νην...

2040 3305 2281 3360 prorsus
2302 3289 2568 3358 interire,
2589 3290 2900 3362 ipsumque
2918 3293 3110 3363 primo
3133 3294 3449 3351 Dominum
3473 3314 3687 3369 corpus

254 3384 557 3461 γεγονέναι.
623 3383 725 3440 Καὶ
798 3384 880 3438 ὅτι
965 3382 1240 3454 παντελής
1299 3383 1408 3439 ἐστι
1492 3389 1600 3438 τῶν
1657 3385 1901 3457 σωμάτωε

2042 3393 2210 3431 suum
2242 3376 2554 3448 abjecisse,
2581 3384 2638 3432 et
2667 3378 2726 3432 id
2754 3396 2961 3435 omnes
2995 3381 3267 3438 homines
3298 3383 3526 3450 facere;
3556 3403 3689 3440 rur-

254 3471 549 3546 ἀναίρεσις,
597 3471 761 3526 αὐτοῦ
841 3476 937 3527 τοῦ
993 3472 1192 3546 Κυρίου
1246 3471 1474 3547 πρώτου
1531 3473 1901 3547 ἀποτιθεμένοι

2037 3482 2288 3537 sumque
2321 3483 2529 3522 omnes
2550 3468 2610 3522 in
2635 3468 2925 3524 unitatem
2955 3469 3152 3525 redire
3183 3487 3250 3526 ac
3280 3479 3510 3528 mentes
3535 3474 3683 3530 fieri.

258 3561 328 3616 τὸ
389 3558 528 3615 ἴδιον
583 3566 743 3634 σῶμα
800 3562 889 3615 καὶ
946 3567 1055 3616 τῶν
1111 3559 1326 3616 λοιπῶν
1367 3562 1636 3618 ἁπάντων.
1683 3563 1778 3616 Καὶ
1837 3564 1897 3618 ’ὀτ

2040 3555 2191 3609 sicut
2216 3555 2287 3609 ab
2320 3556 2488 3610 initio
2511 3556 2784 3622 fuerant;
2818 3557 3013 3628 ipsum
3054 3559 3325 3616 videlicet
3356 3563 3533 3618 etiam
3566 3563 3687 3619 dia-

255 3648 689 3721 ἀνακομίζονται
745 3650 911 3705 πάλιν
951 3651 1179 3714 ἅπαντες
1234 3650 1310 3712 εἷς
1393 3653 1492 3720 τήν
1543 3649 1707 3718 αὐτὴν
1765 3651 1902 3706 ὲνάδε

2036 3642 2240 3698 bolum
2275 3650 2333 3698 et
2380 3644 2642 3714 reliquos
2682 3646 3004 3715 daemones,
3038 3649 3370 3720 impiosque
3411 3651 3683 3707 homines

261 3739 355 3793 xui
387 3739 631 3812 γίνονται
696 3741 836 3804 νόες,
869 3739 1007 3794 καθὰ
1058 3741 1144 3793 xui
1208 3737 1258 3792 ἐν
1401 3739 1732 3812 προϋπάρξει
1764 3740 1908 3817 ἐτύγ-

2037 3731 2098 3785 in
2149 3732 2418 3787 eamdem
2452 3749 2586 3787 cum
2637 3735 2857 3789 sanctis
2892 3741 2948 3790 et
2977 3736 3192 3792 divinis
3240 3739 3582 3794 hominibus
3615 3758 3682 3796 ac

259 3844 452 3900 χανον,
487 3825 993 3898 ἀποκαοιπαμένου
1053 3823 1310 3896 δηλονότι
1368 3827 1456 3881 καὶ
1488 3827 1655 3881 αὐτοῦ
1684 3831 1782 3882 τοῦ
1812 3825 1906 3882 διας

2037 3819 2369 3874 cwlestibas
2381 3820 2643 3875 facultati
2655 3821 2761 3876 bus
2777 3823 3064 3878 unitatem
3079 3825 3681 3891 restitutum,eodem-

261 3908 446 3966 δόλου
475 3912 563 3966 καὶ
594 3917 704 3968 τῶν
748 3911 960 3968 λοιπῶν
1023 3911 1296 3986 δαιμόνων
1354 3913 1430 3978 εἷς
1473 3915 1573 3983 τήν
1603 3914 1772 3982 αὐτὴν
1802 3915 1908 3970 ἐνά-

2038 3925 2152 3979 que
2183 3925 2299 3978 quo
2331 3909 2455 3980 ipse
2495 3909 2761 3964 Christus
2791 3910 2964 3965 modo
2991 3929 3128 3966 cum
3159 3914 3276 3968 Deo
3309 3913 3543 3969 unitum
3585 3917 3679 3986 iri,

259 3997 351 4067 δα,
385 4004 616 4054 καὶτῶν
659 3996 868 4056 ἀσεϐῶν
899 4002 988 4056 καὶ
1047 4000 1217 4065 ἀθέων
1275 4001 1573 4072 ἀνθρώπων
1631 4003 1767 4074 μετά
1813 4007 1906 4056 τῶι

2038 3998 2190 4051 sicut
2219 4003 2279 4051 et
2325 3998 2617 4069 principio
2648 3999 2798 4053 uniti
2829 3999 3084 4055 fuerant.
3118 4003 3304 4072 Atque
3335 4001 3483 4057 adeo
3514 4003 3681 4058 Chri-

258 4088 424 4143 Θείων
449 4089 539 4143 xui
575 4089 852 4168 θεοφόρων
882 4088 1090 4163 ἀνδρῶν
1137 4091 1228 4144 xui
1285 4094 1394 4144 τῶν
1456 4089 1716 4165 οὐρανίων
1769 4088 1905 4146 δυνά

2039 4092 2195 4140 stum
2228 4086 2402 4157 plane
2446 4087 2596 4142 nihil
2639 4103 2673 4142 a
2701 4088 2946 4158 reliquis
2998 4089 3225 4144 ratione
3281 4090 3543 4161 praeditis
3569 4092 3683 4146 dif-

263 4197 430 4251 μεων,
466 4178 554 4231 xui
588 4179 687 4246 τήν
717 4177 888 4247 αὐτ-ἧν
948 4177 1174 4248 ἐξόντων
1229 4174 1419 4232 ἕνωσιν
1480 4178 1614 4253 πρὸς
1646 4179 1738 4234 τὸν
1792 4180 1910 4234 Θεὸν

2040 4174 2214 4230 ferre.
2261 4192 2456 4246 neque
2503 4175 2834 4231 substantia
2881 4193 3074 4247 neque
3124 4179 3460 4250 cognitione
3489 4195 3682 4250 neque

267 4264 462 4320 ὁποίαν
497 4261 733 4340 ἔχεικαὶ
791 4267 818 4320 ὀ
878 4267 1136 4341 Χριστὸς,
1177 4265 1356 4330 καθὼς
1404 4268 1494 4320 καἱ
1535 4274 1914 4342 προϋπῆρχεν,

2037 4264 2315 4318 facultate
2387 4281 2578 4335 neque
2652 4265 3020 4320 efficacitate.
3099 4266 3251 4321 Sane
3320 4267 3682 4340 Pythagoras

257 4355 338 4414 ὡς
402 4351 678 4427 μηδεμίαν
739 4358 875 4410 εἶναι
937 4353 1196 4432 διαφορὰν
1254 4359 1334 4427 τῷ
1393 4361 1609 4430 Χριστῷ
1661 4357 1796 4430 πρὸς
1852 4359 1904 4410 τέ

2037 4353 2397 4424 principium
2429 4353 2695 4408 omnium
2720 4371 2918 4409 rerum
2943 4371 3073 4410 esse
3097 4355 3385 4410 unitatem
3418 4373 3681 4427 pronun-

259 4441 433 4497 λοιπὰ
475 4441 679 4518 λογικά
712 4443 1018 4511 παντελῶς,
1052 4443 1172 4500 οὕτε
1201 4449 1268 4518 τῇ
1303 4443 1479 4515 οὐσίᾳ,
1513 4444 1634 4500 οῧτε
1678 4449 1746 4518 τῇ
1779 4449 1906 4522 γνώ

2037 4440 2219 4494 tiavit.
2245 4441 2526 4512 Idemque
2554 4447 2612 4496 et
2641 4442 2804 4496 Plato
2827 4442 3174 4507 docuerunt,
3208 4460 3335 4498 esse
3361 4444 3679 4515 quamdam

253 4551 361 4599 σει,
396 4532 524 4586 οὔτε
551 4537 618 4607 τῇ
650 4530 893 4604 δυνάμει,
937 4534 1065 4587 οὔτε
1119 4537 1188 4606 τῇ
1248 4532 1502 4608 ἐνεργείᾳ,
1559 4535 1622 4591 Ὀ
1670 4537 1773 4608 γάρ
1831 4557 1893 4590 το

2036 4535 2269 4602 gentem
2291 4532 2624 4585 animarum
2648 4532 2912 4602 corporis
2935 4533 3285 4602 expertium,
3311 4550 3441 4603 quea
3466 4534 3512 4587 si
3536 4534 3677 4605 quid

263 4617 585 4695 Πυθαγόρας
643 4621 823 4695 ἀρχὴν
871 4626 978 4676 τῶν
1077 4623 1290 4676 πάντων
1345 4617 1543 4699 ἔφησεν
1628 4624 1761 4678 εἶναι
1813 4627 1910 4692 τήν

2027 4619 2398 4689 delinquant,
2447 4637 2633 4690 pcenm
2681 4621 2810 4675 loco
2861 4621 2922 4675 in
2973 4637 3222 4692 corpora
3265 4623 3673 4690 demittantur,

257 4707 490 4781 μονάδα³
545 4711 633 4764 καὶ
693 4710 858 4765 πάλιν
919 4711 1230 4785 Πυθαγόρας
1289 4712 1375 4765 καὶ
1451 4711 1680 4767 Πλάτων
1741 4711 1904 4785 δῆμὸη

2029 4709 2420 4772 Quamobrem
2472 4709 2638 4764 Plato
2688 4727 2901 4781 corpus
2951 4727 3136 4777 soma,
3180 4713 3346 4781 quasi
3399 4729 3581 4774 sema,
3615 4712 3674 4765 id

261 4819 384 4852 τινα
414 4802 606 4874 ψυχῶν
666 4799 973 4872 ἀσωμάτων
1033 4801 1301 4868 εἰπόντες,
1351 4803 1442 4856 καὶ
1497 4803 1591 4862 τάς
1651 4802 1908 4878 ἁμαρτάδι

2029 4808 2118 4854 est
2177 4801 2631 4866 monimentum,
2701 4807 2758 4856 et
2815 4801 3039 4871 demas,
3102 4802 3160 4856 id
3220 4809 3308 4856 est
3379 4801 3673 4856 vinculum

255 4886 362 4939 τινὶ
447 4887 846 4958 περιπεσούσας
931 4890 1200 4962 τιμωρίας
1287 4890 1448 4964 χάριν
1531 4890 1606 4952 είς
1692 4893 1902 4964 σώματι

2027 4890 2364 4960 appellavit,
2399 4889 2458 4943 in
2493 4906 2560 4944 eo
2595 4891 2856 4944 animam
2919 4891 3086 4960 quasi
3121 4890 3412 4960 sepultam
3447 4890 3673 4960 alligari

265 4980 351 5051 [P.
386 4979 513 5050 378]
546 4978 990 5047 καταπεμπεοθαι
1030 4979 1303 5052 λέγουσιν.
1339 4980 1488 5033 Ὅθεν
1526 4980 1552 5034 ὁ
1589 4979 1814 5036 Πλάτων
1841 4980 1912 5036 δέ-

2032 4981 2322 5035 indicans.
2374 4981 2536 5036 Idem
2567 4980 2639 5035 de
2690 4982 2886 5036 futuro
2917 4982 3145 5052 judicio
3201 4988 3258 5035 et
3305 4981 3564 5052 praemiis
3613 4997 3679 5035 ac

266 5088 371 5139 μοις
403 5068 464 5122 τὸ
498 5073 655 5138 σῶμα
690 5068 777 5122 καὶ
811 5075 963 5139 σῆμα
992 5066 1268 5137 ἐκάλεσεν,
1303 5069 1376 5130 ὡς
1409 5069 1573 5124 οἷονεί
1601 5077 1697 5139 τῆς
1731 5074 1913 5145 ψυχῆς

2030 5069 2217 5140 pinnis
2265 5070 2602 5124 animarum
2657 5070 2740 5124 sic
2772 5070 3018 5124 scribit:
3070 5069 3408 5140 Philosophi
3459 5071 3677 5135 anima,

259 5155 308 5210 ἐν
343 5156 527 5228 τοῦτῳ
557 5153 852 5229 δεδεμένης
878 5157 968 5211 καὶ
1013 5157 1378 5229 τεθαμμὲνης.
1444 5159 1570 5214 Εἶτα
1629 5161 1750 5229 περί
1815 5168 1906 5227 τῆς

2033 5176 2160 5228 qua)
2195 5159 2590 5213 masculorum
2621 5175 2820 5212 amore
2852 5164 2909 5211 et
2940 5157 3177 5229 flagitiis
3211 5175 3273 5212 se
3305 5157 3536 5228 polluit,
3563 5165 3680 5212 tres

266 5244 532 5318 ἐσομένης
563 5246 795 5316 κρίσεως
824 5245 915 5300 καὶ
949 5242 1362 5308 ἀνταποδόσεως
1395 5251 1501 5301 τῶν
1535 5249 1728 5322 ψυχῶν
1760 5249 1913 5312 αὖθίς

2034 5249 2392 5303 millenarias
2441 5249 2820 5303 circuitiones
2864 5265 3069 5318 pwnas
3114 5247 3242 5313 luit,
3289 5248 3488 5318 itaque
3520 5248 3681 5304 mille

258 5356 440 5410 φησιν·
477 5335 535 5389 Ἣ
573 5334 667 5406 μὲν
691 5331 1216 5408 παιδεραστήσαντος
1247 5335 1333 5388 xui
1399 5339 1578 5398 κακῶς
1614 5336 1905 5409 βιώσαντος

2034 5338 2178 5392 simo
2215 5355 2370 5393 anno
2403 5339 2556 5392 alata
2589 5337 2825 5408 ejicilur
2854 5343 2912 5390 et
2941 5337 3082 5392 abit.
3117 5336 3378 5407 Reliquae
3428 5338 3536 5392 hac
3567 5339 3681 5394 vita

263 5422 400 5494 μετά
432 5420 758 5499 φιλοσοφίας
791 5424 944 5498 ψυχὴ
977 5425 1134 5497 τρίτῃ
1164 5420 1404 5496 περιόδῳ
1462 5427 1529 5495 τῇ
1564 5423 1798 5498 χιλιετεῖ
1827 5426 1910 5480 ἐά-

2030 5428 2344 5494 defunctm,
2369 5428 2498 5483 alia)
2531 5427 2603 5482 ad
2629 5427 2952 5481 tribunalia
2982 5427 3136 5482 infra
3159 5433 3374 5484 terram
3400 5430 3675 5486 deferun-

262 5531 350 5565 ται
383 5507 736 5580 κολασθῆναι,
795 5512 885 5566 καὶ
947 5512 1091 5566 οὕτω
1143 5518 1478 5585 πτερωθεῐσα
1533 5517 1614 5584 τῷ
1646 5513 1909 5586 χιλιοστᾷ

2031 5522 2144 5584 tur,
2178 5535 2379 5588 pwnas
2415 5517 2494 5571 ibi
2527 5518 2749 5572 daturas
2799 5516 2954 5571 dicta
3001 5533 3199 5578 causa.
3231 5519 3361 5574 aliae
3413 5520 3470 5574 in
3503 5521 3676 5576 cmle-

263 5593 367 5654 ἔτει
404 5593 725 5654 ἐκϐάλλεται
757 5601 846 5655 καὶ
880 5603 1198 5679 ἀπέρχεται·
1263 5603 1317 5656 αἱ
1376 5600 1432 5655 δὲ
1483 5601 1648 5658 ἃλλαι
1709 5605 1908 5660 ὁποταν

2029 5613 2180 5662 stem
2213 5606 2530 5676 quemdam
2581 5606 2772 5660 locum
2834 5605 3146 5661 sublevatus
3177 5625 3210 5662 a
3249 5609 3402 5664 663
3439 5610 3675 5680 justitia

261 5686 417 5745 τόνδε
446 5689 537 5744 τὸν
571 5689 688 5765 βίον
716 5689 1094 5759 τελὲσωσιν,αἰ
1129 5691 1224 5765 μὲν
1246 5692 1320 5754 εἰς
1353 5692 1418 5746 τὰ
1437 5692 1540 5748 ὑπὸ
1570 5700 1670 5767 γῆν
1695 5691 1908 5749 δικαιω-

2025 5713 2133 5768 pro
2166 5697 2295 5751 vita)
2325 5697 2556 5752 meritis
2586 5694 2865 5752 beatitate
2885 5695 3184 5752 fruuntur.
3229 5700 3331 5753 Est
3359 5705 3557 5756 autem
3607 5700 3668 5753 in
