4170 6204
452 350 572 410 733
1827 336 2027 397 GhOR
2039 335 2131 398 Gl]

2242 337 2545 400 EDRENI
3753 336 3878 397 ’124

462 485 743 554 promptu
762 476 942 549 hujus
965 474 1275 530 sententia
1298 472 1727 530 absurditatem
1751 468 2108 542 perspicere.

2242 469 2389 544 ςήρια
2418 467 2673 534 ιλθοῦσαι
2706 466 2863 540 δίκην
2900 467 3013 541 ἅμα
3042 465 3138 522 καὶ
3183 468 3349 542 λόγον
3409 467 3673 539 τίσουσιν,
3704 472 3761 524 αἱ
3819 468 3882 526 δὶ

468 572 608 638 Quis
639 568 793 623 enim
825 581 961 621 eum
992 562 1193 619 docuit
1236 563 1604 618 millenarias
1646 561 1789 616 istas
1819 574 2114 614 annorum

2242 556 2299 618 ιίς
2333 557 2583 634 οὐράνιόν
2616 580 2736 614 τινα
2763 559 2932 613 τόπον
2967 563 3339 634 κουφισθεῖσαι
3402 560 3507 615 ὑπὸ
3565 567 3667 630 τῆς
3719 557 3882 629 δίκης

470 656 909 720 conversiones,
940 658 999 709 et
1052 650 1213 723 quod
1264 653 1400 707 4000
1430 651 1605 707 annis
1642 648 1862 720 elapsis
1891 646 2113 718 quavis

470 748 673 804 anima
702 743 776 799 ad
824 758 1000 798 suum
1051 741 1355 813 perveniat
1400 739 1652 796 locum?
1694 738 1841 794 Nam
1890 754 2020 807 qua
2054 735 2117 792 in

468 834 669 893 medio
717 836 856 888 sunt
903 832 1137 894 horum,
1187 831 1261 886 de
1316 831 1409 885 his
1462 846 1537 885 ne
1592 826 2116 884 libidinosissimos

471 924 716 997 quidem
764 920 965 977 decuit.
1020 920 1104 975 ita
1147 920 1561 991 pronuntiare,
1611 917 1833 974 nedum
1887 922 2117 971 tantum

472 1012 915 1088 philosophum.
948 1011 1175 1081 Quippe
1207 1026 1310 1064 eos
1334 1010 1435 1080 qui
1468 1009 1647 1063 vitam
1670 1005 2119 1078 perfectissimis

470 1102 659 1161 functi
707 1100 920 1156 officiis
955 1105 1222 1170 egerunt,
1283 1114 1416 1152 cum
1474 1094 2012 1168 intemperantibus
2061 1097 2120 1149 et

470 1189 882 1249 masculorum
936 1186 1301 1242 amatoribus
1345 1185 1694 1256 composuit,
1726 1182 2119 1253 eamdemque

468 1288 755 1353 utrosque
774 1295 1015 1336 manere
1036 1278 1207 1333 dixit.
1230 1277 1590 1350 Pythagoras
1612 1293 1770 1347 ergo,
1790 1277 1973 1344 Plato,
1992 1275 2121 1330 Plo-

472 1373 634 1428 tinus
647 1370 868 1440 aliique
885 1368 1095 1423 horum
1111 1366 1888 1433 tribules,immortalitatem
1904 1365 2120 1420 anima

473 1474 595 1517 uno
644 1473 938 1515 consensu
967 1457 1354 1523 ascribentes,
1388 1472 1488 1510 eas
1519 1454 1863 1526 corporibus
1896 1454 2122 1524 priores

474 1548 865 1612 afﬁrmant,et
892 1560 1022 1600 esse
1053 1543 1373 1616 quamdam
1395 1544 1731 1599 animarum
1761 1548 2022 1615 gentem,
2053 1558 2122 1598 ac

478 1654 579 1694 eas
608 1652 740 1708 qua
770 1639 1017 1706 peccant
1044 1633 1176 1688 ideo
1203 1632 1263 1687 in
1285 1649 1535 1704 corpora
1553 1632 1769 1701 delabi,
1788 1632 2124 1704 pigrorum-

2225 643 2492 717 διάξουσιν
2552 647 2739 722 ἀξίως,
2795 647 2975 711 καθὼς
3032 642 3285 707 ἐϐίωσαν.
3340 644 3418 705 Οὗ
3492 649 3591 716 τὴν
3645 649 3878 704 ἀτοπίαν

2223 738 2319 789 τοῦ
2350 733 2525 811 λόγου
2553 738 2881 809 καταμαθεῖν
2925 732 3111 812 ῥάδιον
3165 736 3250 798 τίς
3308 737 3412 810 γάρ
3476 736 3637 792 αὐτὸν
3672 734 3885 807 ἰδίδαξε

2223 825 2321 886 τὰς
2357 829 2465 880 τῶν
2498 824 2632 881 ἐτῶν
2661 825 2949 901 περιόδους
3009 825 3098 880 καὶ
3159 822 3421 898 χιλιάδας
3454 827 3581 897 ptui
3629 827 3719 882 δτι
3786 844 3885 902 χι-

2228 911 2362 969 λίων
2412 912 2824 984 διεληλυθότων
2877 914 3037 981 ἇτῶν,
3094 913 3217 969 τότε
3269 919 3377 969 τῶν
3424 917 3621 994 ψυχῶν
3681 916 3889 986 ἑκάστη

2228 1002 2305 1064 εἰς
2333 1003 2425 1057 τὸν
2459 1000 2595 1058 ἴδιον
2626 1003 2922 1077 ἀπέρχεται
2955 1007 3145 1078 χῶρον
3180 1022 3194 1069 ;
3221 1003 3304 1059 Τὰ
3334 1000 3391 1058 δὲ
3442 1004 3640 1077 μεταξὺ
3667 1006 3885 1060 τούτων

2228 1090 2353 1148 οὐδὲ
2381 1098 2497 1156 τοῖς
2527 1092 2663 1170 ἄγαν
2692 1092 3107 1167 ἆσελγεστάτοις
3138 1091 3383 1166 ἥρμοττε
3442 1094 3647 1168 Λὲγειν,
3709 1097 3887 1167 μήτοι

2227 1203 2289 1257 γε
2317 1181 2606 1262 φιλοσόφῳ
2633 1184 2887 1257 τοιούτῳ·
2918 1190 3035 1246 τοῖς
3065 1184 3170 1261 γὰρ
3226 1186 3327 1254 τὴν
3384 1183 3655 1264 ἀκραιφνῆ
3708 1183 3884 1241 πολιο

2225 1273 2368 1329 τείαν
2426 1274 2812 1345 κατωρθωκόσι
2894 1272 3022 1338 τοὺς
3076 1271 3414 1333 ἀκολάστους
3470 1274 3562 1329 καὶ
3621 1271 3889 1348 παιδεράο

2231 1383 2355 1425 στας
2413 1363 2707 1435 συνέζευξε,
2764 1362 2856 1418 καὶ
2911 1362 3138 1425 τούτους
3190 1363 3472 1425 κάκείνους
3538 1367 3646 1418 τῶν
3702 1363 3890 1419 αὐτῶν

2229 1448 2423 1532 ἔφησεν
2452 1452 2881 1511 ἀπολαύσεσθαι.
2915 1451 3228 1528 Ιιυθαγόρας
3267 1452 3470 1523 τοίνυν,
3501 1453 3591 1509 καὶ
3622 1454 3888 1523 Πλάτων,

2230 1542 2318 1597 καὶ
2352 1541 2662 1612 υλωτῖνος,
2690 1540 2782 1597 καὶ
2812 1543 2864 1597 οἱ
2892 1549 2993 1612 τῆς
3025 1539 3238 1598 tua...»
3298 1543 3632 1617 συμμορίας,
3664 1543 3881 1607 ἀθανά-

2228 1650 2356 1695 τους
2410 1630 2548 1686 εἶναι
2603 1631 2698 1692 τὰς
2756 1632 2937 1707 ψυχὰς
2995 1629 3539 1707 συνομολογήσαντες
3596 1632 3891 1708 προϋπάρ-

479 1744 593 1797 que
622 1725 853 1781 animas
896 1722 1060 1778 abire
1104 1722 1165 1776 in
1195 1722 1416 1789 asinos,
1464 1722 1767 1792 rapacium
1820 1722 1881 1776 in
1928 1721 2121 1793 lupos,

2242 1741 2350 1796 χειν
2381 1718 2577 1782 ταύτας
2608 1713 2811 1794 ἔφησαν
2841 1725 2950 1775 τῶν
3012 1720 3304 1794 σωμάτων,
3357 1721 3449 1776 καὶ
3497 1719 3673 1795 δῆμον
3739 1721 3815 1776 εἶν
3828 1740 3885 1776 ιι

476 1815 821 1871 dolosorum
852 1812 915 1866 in
945 1811 1169 1883 vulpes,
1202 1811 1521 1866 mulierum
1552 1827 1756 1867 amore
1798 1810 2121 1867 furentium

2242 1813 2449 1885 ψυχῶν,
2476 1809 2564 1865 καὶ
2610 1812 2706 1873 τὰς
2741 1807 3190 1882 πλημμελούσας
3248 1809 3323 1872 εἷς
3385 1812 3612 1882 σώματα
3648 1811 3885 1866 καταπίο

476 1907 540 1961 in
571 1920 772 1975 equos.
808 1902 921 1957 Sed
960 1901 1212 1957 ecclesia
1240 1901 1453 1956 divinis
1499 1901 1826 1972 astipulans
1857 1902 2121 1973 Scriptu-

2242 1920 2403 1965 πτειν,
2436 1898 2510 1961 ῶς
2543 1895 2702 1977 ἔφην,
2731 1898 2821 1955 καὶ
2852 1897 2980 1961 τοὺς
3042 1898 3136 1969 μὶν
3192 1897 3421 1971 πικροὺς
3470 1899 3545 1961 είς
3578 1898 3885 1973 πονηροὺς,

474 1994 560 2049 ris
576 1993 837 2048 animam
855 2004 976 2045 una
996 2004 1131 2046 cum
1158 2004 1404 2061 corpore
1426 1990 1601 2044 condi
1623 1990 1904 2055 afﬁrmat,
1928 2006 2122 2061 neque

2242 1988 2356 2049 τοὺς
2416 1984 2475 2041 δὶ
2531 1987 2900 2061 ἁρπακτικοῦς
2956 1986 3031 2047 εἰς
3087 1986 3310 2057 λύκους,
3339 1986 3466 2050 τοὺς
3522 1984 3581 2043 δι
3619 1984 3890 2061 δολεροὺς

475 2082 729 2140 alterum
787 2080 975 2136 altero
1019 2080 1186 2152 prius
1233 2096 1383 2147 esse,
1438 2082 1505 2135 ut
1548 2080 1781 2135 vecordi
1811 2081 2001 2136 visum
2035 2085 2125 2135 est

474 2169 734 2242 Origeni.
782 2170 1034 2239 Propter
1075 2168 1182 2223 has
1222 2167 1402 2239 igitur
1430 2166 1619 2223 malas
1660 2172 1719 2223 et
1756 2169 2125 2240 perniciosas

476 2259 816 2331 opiniones,
865 2262 970 2313 aut
1025 2257 1237 2312 delirio.
1285 2257 1503 2328 potius,
1562 2274 1663 2312 vos
1714 2258 2044 2325 hortamur,
2090 2274 2125 2314 ο

480 2347 840 2406 sanctissimi
871 2348 1096 2413 Patres,
1119 2353 1186 2403 ut
1214 2346 1275 2401 in
1305 2362 1492 2402 unum
1532 2347 1765 2403 collecti
1798 2347 2128 2419 subjectam

483 2437 914 2512 expositionem
962 2442 1021 2492 et
1071 2436 1303 2508 singula
1350 2437 1482 2506 ejus
1530 2437 1724 2511 capita
1753 2439 2129 2509 examinetis,

487 2528 901 2598 damnetisque
930 2540 1051 2582 una
1091 2543 1223 2582 cum
1273 2526 1553 2597 Origenes
1600 2544 1812 2587 omnes
1842 2529 1944 2599 qui
1976 2529 2132 2584 idem

492 2614 760 2670 sentiunt
788 2616 892 2666 aut
921 2628 1275 2682 quocunque
1310 2617 1574 2682 tempore
1625 2613 1902 2668 sentient.

2234 2077 2311 2140 εἷς
2339 2075 2650 2148 ἀλώπεκας,
2680 2076 2807 2141 τοὺς
2837 2075 2895 2132 δὲ
2923 2075 3255 2150 θηλυμανεῖς
3293 2078 3370 2140 εἰς
3422 2078 3648 2140 ἵππους.
3701 2078 3765 2132 Ἦ
3821 2073 3889 2132 δὶ

2235 2164 2534 2233 Ἐκκλησία
2589 2171 2707 2228 τοῖς
2768 2165 2932 2231 θείοις
2990 2167 3227 2239 ἑπομένη
3287 2165 3476 2242 λόγοις
3540 2167 3729 2244 φάσκει
3784 2167 3894 2234 τήν

2236 2254 2424 2329 ψυχήν
2455 2252 3030 2330 συνδημιουργτ,θῆναι
3059 2259 3139 2328 τῷ
3172 2256 3410 2329 σώματι,
3439 2257 3529 2311 καὶ
3570 2256 3637 2311 ού
3690 2256 3755 2310 τὸ
3788 2256 3893 2327 μὶν

2236 2346 2525 2421 πρότερον,
2554 2347 2616 2402 τὸ
2664 2343 2722 2402 δι
2778 2346 3023 2421 ὕστερον,
3052 2347 3189 2403 κατὰ
3235 2349 3334 2417 τήν
3392 2346 3699 2423 Ὠριγὲνους
3762 2367 3898 2424 φρε-

2238 2429 2589 2494 νοϐλάὸειαν.
2623 2436 2720 2491 Διὰ
2745 2440 2913 2491 ταῦτα
2951 2440 3084 2512 γοῦν
3131 2435 3198 2492 τά
3254 2437 3473 2511 πονηρὰ
3524 2437 3615 2492 καὶ
3670 2436 3900 2512 ὀλέθρια

2242 2520 2513 2601 δόγματα,
2576 2523 2788 2597 μᾶλλον
2848 2522 2906 2580 δὲ
2964 2523 3287 2601 ληρήματα,
3334 2525 3711 2601 προτρέπομεν
3764 2525 3893 2587 τοῦς

2245 2613 2576 2678 ὁσιωτάτους
2606 2614 2745 2686 ὑμᾶς
2775 2614 2848 2676 εἷς
2875 2610 2930 2669 ἓν
2970 2615 3343 2687 συνηγμένους
3402 2612 3681 2687 ἱπιμελῶν
3734 2614 3899 2670 ivtu-

494 2704 615 2774 χεῖν
646 2701 715 2772 τῇ
742 2697 1147 2772 ὓποτεταγμένῃ
1176 2696 1402 2768 ἐκθέσει,
1432 2697 1524 2752 καὶ
1542 2694 1767 2753 ἵκαστον
1795 2703 1901 2754 τῶν
1933 2700 2101 2755 αὐτοῦ
2129 2700 2441 2778 κεφαλαίων
2473 2701 2790 2779 κατακρῖναί
2817 2720 2875 2758 τε
2903 2704 2992 2758 καὶ
3024 2703 3407 2777 ἀναθεματίσαι
3441 2704 3574 2777 μετὰ
3629 2708 3728 2759 τοῦ
3760 2699 3897 2758 δυσ-

493 2784 685 2849 σεϐοῦς
718 2785 1028 2862 Ὠριγένους
1048 2786 1138 2840 καὶ
1168 2785 1380 2840 πάντων
1413 2791 1522 2842 τῶν
1552 2785 1620 2841 τὰ
1646 2793 1870 2842 τοιαῦτα
1900 2788 2242 2865 φρονούντων
2275 2791 2310 2860 ἤ
2338 2791 2720 2868 φρονησόντων
2752 2790 2830 2854 εις
2859 2789 3041 2855 τέλος.

564 2879 720 2934 664
749 2877 973 2942 Patres,
1023 2876 1117 2931 his
1147 2877 1405 2948 acceptis
1452 2877 1687 2943 litteris,
1737 2879 2134 2951 omnibusque

489 2966 822 3040 perpensis,
845 2965 1353 3022 exclamaverunt:
1378 2967 1740 3023 Damnamus
1762 2968 1889 3024 hac
1910 2971 2130 3042 omnia,

489 3062 550 3115 et
577 3072 783 3112 omnes
813 3056 915 3127 qui
945 3056 1029 3112 ita
1057 3055 1323 3111 sentiunt
1350 3061 1452 3111 aut
1492 3057 1771 3114 sentient.

2313 2883 2491 2955 ’Ἃπερ
2518 2877 2586 2951 δὴ
2620 2881 2815 2937 λοιπὸν
2866 2884 2901 2951 ἡ
2952 2878 3177 2945 σύνοδος
3244 2882 3539 2950 ἀκούσασα,
3570 2881 3661 2939 καὶ
3718 2883 3897 2937 πάντα

2245 2970 2619 3044 βασανίσαντες
2666 2973 2719 3026 οἱ
2778 2973 2913 3026 θεῖοι
2971 2970 3202 3045 Πατέρες
3281 2967 3587 3045 ἐξεϐόησαν
3668 2973 3895 3028 ’.ιιναθε-

2246 3060 2542 3132 ματίζομεν
2575 3058 2730 3122 ὅλοις
2760 3059 2976 3124 τούτοις
3008 3060 3144 3133 μετὰ
3175 3058 3386 3117 πάντων
3420 3065 3524 3117 τῶν
3569 3059 3637 3117 τὰ
3665 3065 3901 3117 τοιαῦτα

2243 3147 2586 3225 φρονούντων
2616 3149 2652 3218 ἢ
2682 3149 3069 3226 φρονησόντων
3105 3151 3275 3226 μέχρι
3317 3148 3533 3214 τέλους.

556 3237 844 3295 Similiter
898 3237 1079 3292 etiam
1137 3236 1210 3292 de
1230 3237 1536 3293 Theodoro
1594 3239 1964 3310 Mopsuestia
2014 3242 2131 3312 epi-

2256 3202 2294 3225 ιι
2639 3202 3035 3226 ⁸11⁷⁷⁷⁶⁷“”’“
3105 3202 3273 3226 1⁷⁷⁷ΝΓ’
3330 3202 3533 3214 ’””“”“

2313 3237 2588 3299 Ὡσαύτως
2618 3235 2675 3293 δὲ
2704 3238 2793 3293 καὶ
2826 3239 2967 3312 ,περῖ
3023 3237 3308 3315 Θεοδώρου
3364 3243 3462 3296 τοῦ
3519 3240 3901 3313 Μοψουεστίας

488 3345 667 3400 scopo
717 3332 777 3382 et
816 3326 1064 3398 reliquis
1094 3327 1176 3382 ita
1204 3326 1429 3383 habent
1475 3326 1850 3399 imperatoris
1880 3328 2131 3387 littera:

489 3420 739 3491 Majores
789 3417 977 3472 nostri
1008 3432 1160 3472 vera
1208 3416 1344 3471 ﬁdei
1393 3416 1672 3485 cultores,
1709 3418 1811 3489 qui
1859 3425 1996 3475 ante
2026 3435 2133 3475 nos

486 3506 806 3579 imperium
836 3505 930 3576 pie
960 3503 1541 3569 administraverant,
1571 3522 1809 3578 operam
1844 3507 2137 3563 dederunt

489 3603 557 3653 ut
598 3596 807 3668 quovis
856 3600 1121 3666 tempore
1175 3598 1522 3650 enascentes
1560 3596 1815 3651 hareses
1864 3597 2134 3653 conciliis

490 3684 1001 3742 sanctissimorum
1030 3683 1381 3755 pontificum
1404 3685 1840 3754 exscinderent,
1865 3702 2136 3758 veraque

493 3776 632 3831 fidei
661 3791 809 3845 puro
831 3773 1122 3845 praconio
1145 3772 1377 3845 vulgato
1399 3780 1658 3829 sanctam
1688 3776 1791 3830 Dei
1818 3776 2134 3832 Ecclesiam

488 3871 756 3939 pacatam
787 3868 1223 3919 conservarent.
1258 3863 1395 3918 Ideo
1428 3864 1848 3921 Constantinus
1872 3868 2131 3938 Magnus,

485 3955 624 4012 Ario
638 3953 820 4025 impie
837 3953 1172 4008 afﬁrmante
1189 3952 1402 4007 Fllium
1422 3968 1542 4008 non
1559 3969 1688 4008 esse
1708 3954 1973 4024 ejusdem
1998 3971 2135 4010 cum

488 4044 604 4100 Deo
652 4045 824 4099 Patre
871 4042 1239 4107 substantia,
1290 4040 1395 4096 sed
1443 4058 1516 4097 ex
1561 4042 1752 4100 nihilo
1802 4044 2132 4111 conditum,

483 4135 739 4191 Nicaam
769 4132 873 4186 318
896 4132 1099 4187 Patres
1121 4132 1479 4193 convocavit.
1513 4138 1692 4203 atque
1724 4134 1848 4204 ipse
1879 4134 2134 4189 concilio

488 4224 541 4279 ei
581 4220 849 4277 interfuit
880 4237 894 4286 ;
923 4219 1025 4275 ubi
1057 4220 1195 4275 Ario
1227 4220 1507 4277 damnato
1541 4228 1599 4278 et
1630 4224 1958 4295 proscripto
1983 4238 2133 4281 vera

489 4312 629 4369 ﬁdei
679 4309 1101 4367 confirmanda
1150 4310 1413 4366 intentus
1456 4312 1587 4374 fuit.
1621 4330 1801 4384 quam
1832 4313 2011 4370 divini
2046 4315 2135 4371 illi

493 4403 696 4456 Patres
726 4400 975 4472 professi
1028 4405 1167 4454 sunt
1210 4406 1270 4455 et
1315 4418 1447 4472 qua
1498 4401 1796 4474 hodieque
1843 4408 2135 4475 cantatur,

496 4488 706 4545 Filium
737 4489 1005 4562 ejusdem
1031 4502 1159 4544 esse
1190 4506 1323 4545 cum
1352 4492 1469 4546 Deo
1489 4493 1662 4547 Patre
1693 4494 1988 4561 essentia,
2018 4508 2137 4549 non

2241 3327 2331 3383 καὶ
2360 3333 2467 3384 τῶν
2500 3327 2710 3385 λοιπῶν
2742 3330 2887 3385 οὕτω
2918 3328 3084 3385 πάλιν
3119 3331 3282 3407 φησὶν
3310 3332 3339 3386 ὁ
3389 3330 3676 3406 βασιλικὸς
3705 3330 3899 3395 τύπος.

2246 3414 2469 3485 Σπουδή
2499 3416 2687 3492 γέγονε
2723 3423 2841 3481 τοῖς
2897 3416 3210 3493 όρθοδόξοις
3266 3421 3355 3476 καὶ
3414 3415 3646 3481 εὐσεϐῶς
3696 3415 3904 3493 προϐε-

2244 3500 2593 3561 ϐασιλευκόσι
2647 3511 2763 3561 τοῖς
2822 3506 3113 3583 ἡμετέροις
3179 3510 3410 3581 πατράσι
3465 3508 3560 3569 τὶς
3588 3508 3726 3563 κατὰ
3771 3528 3899 3562 και·

2246 3597 2338 3670 ρὸν
2407 3594 2779 3667 ἀναφυομένας
2857 3594 3092 3669 αἱρέσεις
3157 3593 3249 3652 διὰ
3303 3594 3542 3653 συνόδων
3584 3597 3899 3653 ὁσιωτάτων

2244 3683 2431 3759 ἱερέων
2482 3684 2782 3753 ἐκκόπτειν,
2832 3685 2925 3739 καὶ
2979 3692 3079 3755 τῆς
3139 3685 3306 3759 ὀρθῆς
3351 3685 3585 3749 πίστεως
3641 3687 3897 3760 καθαρῶς

2243 3775 2653 3850 κηρυττομένης
2713 3774 2764 3830 ἐν
2825 3774 3018 3850 εἰρήνῃ
3076 3777 3175 3842 τήν
3230 3777 3384 3850 ἁγίαν
3433 3781 3533 3832 τοῦ
3593 3778 3729 3832 Θεοῦ
3768 3777 3900 3831 Ἐκ..

2243 3864 2477 3936 κλησίαν
2530 3862 2937 3943 διαφυλάττειν.
2997 3862 3192 3940 Διόπερ
3267 3865 3358 3921 καὶ
3407 3871 3807 3927 Κωναταντῖνος
3865 3865 3899 3920 ὁ

2246 3955 2430 4028 Μέγας
2464 3953 2676 4028 Ἀρείου
2710 3953 3169 4032 βλασφημοῦντος
3213 3955 3304 4009 καὶ
3336 3959 3423 4026 [1³.
3480 3957 3607 4030 379]
3639 3954 3900 4030 λέγοντος

2250 4045 2325 4115 μή
2359 4044 2490 4098 εἶναι
2530 4042 2624 4098 τὸν
2652 4043 2778 4097 Υἱὸν
2808 4043 3104 4116 ὁμοούσιον
3133 4046 3212 4115 τῷ
3242 4048 3359 4116 Θεῷ
3393 4044 3484 4099 καὶ
3525 4044 3719 4119 Πατρὶ,
3750 4043 3903 4099 ἀλλὰ

2244 4132 2446 4205 κτίσμα
2500 4131 2589 4187 καὶ
2639 4131 2690 4203 ἐξ
2760 4131 2861 4187 οὐκ
2914 4130 3086 4186 ὄντων
3130 4132 3434 4208 γεγονεναι,
3493 4133 3813 4210 συναγαγὼν
3845 4131 3902 4190 εν

2245 4221 2446 4294 Νικαίᾳ
2479 4221 2609 4284 τοὺς
2666 4223 2775 4292 τιη⁸
2830 4223 3076 4297 ΙΙατερας
3130 4223 3222 4278 καὶ
3279 4222 3442 4285 αὐτὸς
3494 4222 3607 4278 ἐκεῖ
3658 4243 3906 4298 παραγει

2244 4310 2490 4383 νόμενος,
2529 4310 2618 4365 καὶ
2676 4315 2774 4367 τοῦ
2830 4311 3047 4384 Ἀρείου
3104 4309 3585 4374 καταδικασθέντος
3639 4313 3730 4368 καὶ
3770 4314 3905 4368 ἀνα-

2246 4399 2678 4473 θεματισθέντος,
2736 4397 3034 4456 ἐσπούδασε
3116 4402 3215 4469 τήν
3288 4399 3575 4476 ὀρθόδοξον
3641 4407 3903 4478 κρατῦναι

2245 4487 2449 4556 πίστιν,
2518 4486 2589 4544 δι’
2644 4490 2714 4559 ἧς
2788 4488 3232 4565 ὁμολογήσαντες
3308 4491 3362 4545 o't
3445 4497 3581 4555 θεῖοι
3666 4491 3906 4568 Πατέρες

499 4596 571 4636 ex
609 4578 798 4634 nihilo
827 4584 1112 4634 creatum.
1148 4583 1227 4635 Ac
1276 4578 1640 4635 Theodosius
1679 4582 1894 4637 deinde
1927 4584 2131 4654 major,

2250 4578 2545 4651 ὁμοούσιον
2577 4581 2714 4634 εἶναι
2740 4580 2831 4633 τὸν
2864 4579 2988 4633 Υἰὸν
3018 4579 3098 4652 τῷ
3129 4582 3245 4652 Θεῷ
3272 4579 3363 4635 καὶ
3404 4581 3598 4655 Ηατρὶ,
3639 4578 3787 4636 ἀλλὰ
3819 4583 3900 4654 μή

504 4668 846 4724 Macedonio
893 4667 1173 4723 deitatem
1218 4668 1469 4739 Spiritus
1515 4670 1702 4724 sancti
1754 4675 2026 4742 negante,
2086 4676 2145 4726 et

502 4757 873 4832 Apollinario
903 4754 1192 4828 discipulo
1216 4756 1345 4827 ejus
1374 4756 1543 4811 Verbi
1562 4758 1623 4812 in
1658 4764 1865 4814 natura
1882 4760 2144 4817 humana

501 4848 1078 4907 administrationem
1100 4847 1526 4913 calumniante,
1558 4853 1618 4902 et
1646 4848 1979 4905 affirmante
2003 4853 2145 4907 Ver-

497 4939 640 4995 bum
670 4942 931 4994 mentem
962 4920 1284 4991 humanam
1324 4935 1435 4991 sibi
1478 4953 1597 4991 non
1630 4938 1907 5001 sociasse,
1938 4956 2142 4996 verum

496 5030 660 5086 carni
687 5028 920 5084 unitum
951 5024 1133 5081 fuisse
1181 5025 1431 5081 rationis
1477 5032 1718 5097 experte
1752 5028 1952 5084 anima
1990 5046 2141 5101 pra-

497 5118 657 5182 dita,
689 5117 898 5190 Cpolin
930 5117 1132 5171 Patres
1177 5115 1279 5169 150
1309 5116 1667 5183 convocavit,
1701 5116 1949 5188 ipsoque
1981 5135 2140 5190 pra-

499 5214 699 5264 sentes
725 5222 862 5264 cum
885 5206 1025 5262 dicti
1046 5204 1305 5261 haretici
1331 5220 1448 5260 una
1468 5220 1602 5260 cum
1622 5205 1746 5260 suis
1766 5207 1915 5263 065
1940 5207 2142 5279 impiis

498 5295 881 5366 Opinionihus
912 5300 972 5349 et
1000 5292 1388 5349 sectatoribus
1417 5293 1679 5349 damnati
1701 5297 2145 5351 communione-

499 5397 614 5451 que
660 5382 934 5438 Ecclesia
979 5381 1203 5436 exclusi
1244 5386 1463 5447 essent,
1515 5398 1719 5438 curam
1764 5384 2037 5439 adhibuit
2076 5389 2145 5438 ut

499 5484 650 5525 vera
680 5470 816 5525 ﬁdei
863 5469 1132 5526 doctrina
1175 5468 1613 5541 pradicaretur.
1648 5471 1760 5528 Sed
1790 5480 1851 5528 et
1878 5473 2142 5529 Theodo-

501 5559 625 5615 sius
653 5558 870 5623 minor,
917 5572 1051 5613 cum
1098 5558 1316 5630 impius
1361 5560 1665 5616 Nestorius
1706 5558 1932 5618 diceret
1958 5561 2143 5617 alium

502 5649 658 5705 Deus
687 5660 817 5703 esse
847 5645 952 5699 Dei
980 5645 1433 5716 verbum,alium
1456 5649 1777 5719 Christum,
1794 5664 1864 5707 ac
1886 5650 2142 5707 Verbum

2248 4668 2451 4740 κτίσμα
2501 4669 2588 4723 καὶ
2646 4667 2699 4739 ἐξ
2774 4667 2874 4723 οὐκ
2962 4664 3130 4723 ὄντων
3195 4678 3495 4746 γεγονεναι,
3584 4670 3749 4746 μέχρι
3806 4676 3900 4727 νῦν

2249 4754 2451 4829 ᾄδεται.
2487 4758 2587 4814 Καὶ
2618 4756 2904 4820 Θεοδόσιος
2933 4754 2991 4812 δὲ
3042 4758 3071 4812 ὁ
3128 4754 3493 4834 πρεσϐύτερος
3553 4757 3903 4817 Μακεδονῖου

2250 4842 2582 4921 ἀρνουμένου
2623 4848 2721 4917 τήν
2764 4847 2993 4916 θεότητα
3047 4846 3144 4900 τοῦ
3198 4846 3358 4921 ἁγίου
3416 4847 3750 4921 Πνεύματος,
3809 4850 3904 4906 καὶ

2251 4933 2641 5009 Ἀπολιναρίου
2699 4931 2797 4988 τοῦ
2858 4935 3105 5006 μαθητοῦ
3186 4933 3354 4990 αὐτοῦ
3440 4934 3907 5014 βλασφημοῦντος

2252 5024 2328 5086 είς
2359 5025 2459 5092 τήν
2492 5023 2809 5097 οἰκονομίαν
2857 5027 2955 5078 τοῦ
3014 5028 3149 5078 Θεοῦ
3208 5023 3406 5098 Λόγου,
3461 5025 3553 5080 καὶ
3608 5029 3911 5106 φάσκοντος

2249 5111 2374 5168 νοῦν
2406 5112 2748 5189 ἀνθρώπινον
2783 5112 2860 5186 μή
2922 5110 3212 5185 είληφὲναι
3267 5113 3363 5168 τὸν
3392 5117 3489 5169 τοῦ
3538 5121 3673 5171 Θεοῦ
3732 5117 3912 5194 Λόγον

2249 5202 2397 5267 ἀλλὰ
2426 5204 2587 5277 σαρκὶ
2637 5204 2910 5272 δνωθὴναι
2975 5203 3163 5277 ψυχὴν
3214 5200 3419 5279 ἄλογον
3484 5203 3717 5283 ἐχούσῃ,
3784 5230 3915 5264 συν-

2249 5293 2461 5368 αγαγὼν
2494 5292 2546 5347 ἐν
2596 5291 3162 5348 Κωνσταντινουπόλει
3221 5291 3351 5354 τοὺς
3410 5302 3484 5369 ρν’
3524 5298 3765 5371 Πατέρας
3820 5299 3917 5355 καὶ

2255 5382 2542 5455 μετασχὼν
2573 5381 2664 5436 καὶ
2696 5379 2861 5443 αὐτὸς
2909 5388 3011 5450 τῆς
3066 5378 3313 5449 συνόδου,
3372 5383 3462 5438 καὶ
3516 5389 3625 5440 τῶν
3683 5387 3918 5461 εἰρημέ-

2250 5493 2356 5526 νων
2417 5472 2836 5544 καθαιρεθέντων
2891 5471 2982 5525 ml
3036 5471 3567 5544 ἀναθεματισθέντων
3617 5476 3917 5549 αἱρετικῶν

2255 5560 2389 5634 μετὰ
2415 5559 2636 5614 καὶτῶν
2676 5554 2882 5613 ἀσεϐῶν
2937 5558 3115 5615 αὐτῶν
3156 5556 3448 5635 δογμάτων
3502 5564 3593 5617 καὶ
3651 5564 3907 5643 ὁμοφρό..

2248 5670 2376 5720 νων,
2442 5646 2805 5721 παρεσκεύασε
2865 5649 2965 5717 τὴν
3047 5645 3334 5723 όρθόδοξον
3390 5649 3572 5707 πίστιν
3638 5652 3900 5729 κηρύττι.
