4134 6212
255 381 393 444 723

1404 372 1962 442 HISTORIARUM
2005 376 2574 445 COMPENDIUM.

3577 380 3699 448 796

262 516 422 574 σθαι.
452 513 556 571 Καὶ
588 509 876 574 Θεοδόσιος
906 509 965 567 Si
996 512 1027 566 6
1053 509 1175 571 νέος
1204 515 1304 566 τοῦ
1356 503 1584 572 ἀσεϐοῦς
1633 509 1931 584 Νεστορίου

2048 512 2289 583 quidem
2318 522 2532 573 natura
2563 533 2693 574 esse
2723 519 2938 576 Filium
2969 521 3094 589 Dei,
3121 521 3425 578 Christum
3458 526 3694 581 tantum

272 602 552 678 λὲγοντος
580 598 760 656 ἄλλον
791 602 934 655 εἶναι
961 600 1055 655 τὸν
1083 600 1215 656 Θεὸν
1244 599 1416 675 Λόγον
1468 600 1560 653 καὶ
1617 596 1789 655 ἂλλον
1840 599 1933 654 τὸν

270 692 540 767 Χριστὸν,
571 690 781 745 καὶτὸν
816 690 911 762 μὶν
959 689 1113 766 φύσει
1162 689 1286 742 Υἱὸν
1330 691 1428 742 τοῦ
1486 691 1621 742 Θεοῦ
1676 688 1766 742 καὶ
1825 693 1936 743 Ila.

269 784 434 858 τρὸς,
461 783 553 838 τὸν
582 778 640 836 Si
666 780 853 856 χάριτι
886 781 1009 834 Υἱὸν
1063 775 1274 840 ἀσεϐῶς
1312 776 1645 852 εἰσάγοντος,
1697 777 1789 833 καὶ
1836 780 1937 846 τὴν

268 871 436 948 ἁγίαν
472 869 682 943 Μαρίαν
711 869 849 925 εἶναι
897 868 1158 924 Θεοτόκον
1214 866 1573 942 ἀρνουμένου,
1624 867 1933 944 συναγαγὼν

264 964 378 1031 τήν
407 962 675 1036 προτεραν
706 958 760 1014 ἐν
792 960 1001 1037 Ἐφέσῳ
1049 959 1158 1013 τῶν
1190 954 1482 1013 διακοσίων
1536 957 1706 1035 ἁγίων
1761 957 1933 1014 Πατέ-

273 1070 391 1127 ρων
451 1047 677 1104 σύνοδον
734 1048 825 1103 καὶ
894 1045 1223 1109 ἀποστείλας
1287 1044 1561 1121 ἄρχοντας
1613 1044 1936 1121 ὀφείλοντας

271 1144 528 1213 παρεῖναι
577 1141 648 1211 τῇ
706 1135 940 1209 συνόδῳ,
996 1138 1291 1212 προσέταξε
1346 1135 1435 1190 καὶ
1490 1136 1584 1190 τὸν
1642 1132 1933 1208 Νεπόριον

276 1226 681 1304 παραγενέσθαι
710 1227 796 1282 καὶ
830 1225 1009 1302 κρίσιν
1068 1224 1151 1281 ἐπ’
1200 1225 1367 1281 αὐτὸν
1416 1223 1686 1300 γενέσθαι,
1730 1224 1823 1279 καὶ
1864 1219 1932 1293 δὴ

274 1318 581 1395 γενομένης
644 1311 906 1388 ἀκριϐοῦς
961 1314 1249 1386 ἐξετάσεως
1304 1310 1658 1370 κατεδίκασαν
1724 1313 1932 1371 Νεστό-

285 1429 407 1484 ριον
466 1406 556 1461 καὶ
612 1404 994 1479 ἀνεθεμάτισαν
1051 1404 1143 1458 σὺν
1199 1408 1318 1467 τοῖς
1375 1404 1680 1477 ὁμόφροσιν
1739 1403 1930 1458 αὐτοῦ.

273 1496 509 1554 Τούτων
570 1495 629 1549 δὲ
685 1493 830 1549 οὕτω
887 1492 1291 1567 προελθόντων,
1374 1490 1761 1553 ἰπαναστάντες
1826 1497 1937 1546 Κυ-

275 1583 467 1661 ρίΛλῳ
494 1586 576 1657 τῷ
624 1583 1017 1655 πανοσιωτάτῳ
1066 1583 1119 1637 οἱ
1168 1588 1270 1651 τῆς
1311 1578 1590 1657 ἑξαγίστου
1640 1579 1933 1657 Νεστορίου

285 1672 510 1750 μερίδος
534 1671 867 1728 ἐσπούδασαν
899 1673 962 1729 τό
1019 1693 1084 1747 γε
1129 1670 1213 1727 ἐπ’
1268 1672 1454 1733 αὐτοῖς
1498 1671 1789 1746 ἀνατρέψαι
1835 1672 1937 1739 τήν

276 1764 422 1819 κατά
476 1761 771 1836 Νεστορίου
824 1762 1189 1837 γεγενημένην
1246 1760 1445 1835 κρίσιν.
1516 1758 1675 1816 Ἀλλ’
1732 1757 1823 1813 οὗν
1875 1776 1937 1834 γε

2046 618 2116 657 ex
2160 607 2349 677 gratia
2401 607 2582 679 impie
2629 614 2981 671 autumaret.
3036 617 3397 684 negaretque
3456 612 3693 670 beatam

2047 692 2289 749 Mariam
2349 712 2477 751 esse
2530 698 2631 752 Dei
2689 699 3059 770 genitricem,
3118 701 3378 771 priorem
3423 707 3691 759 sanctam

2046 783 2402 854 Ephesinam
2433 787 2727 858 synodum
2758 788 2863 842 200
2890 790 3131 844 Patrum
3162 791 3521 859 convocavit,
3552 792 3692 847 mis-

2045 868 2126 925 sis
2155 874 2254 942 qui
2286 874 2339 928 ei
2387 875 2746 931 interessent
2801 878 3117 948 praefectis,
3170 879 3350 934 citato
3404 878 3583 935 etiam
3615 879 3691 935 ad

2044 958 2357 1018 dicendam
2429 978 2671 1019 causam
2749 966 3039 1021 Nestorio.
3094 969 3174 1023 Re
3239 967 3689 1041 diligentissime

2044 1052 2619 1123 cognita,Nestorius
2650 1057 2709 1109 et
2738 1055 2867 1126 ejus
2897 1059 3219 1111 sectatores
3240 1056 3505 1113 damnati
3530 1064 3689 1113 sunt.

2045 1140 2126 1195 Re
2174 1140 2284 1196 hoc
2340 1141 2517 1197 modo
2574 1144 2953 1213 procedente,
3001 1150 3208 1200 contra
3248 1146 3691 1202 sanctissimum

2044 1227 2326 1297 Cyrillum
2353 1229 2810 1284 insurrexerunt
2847 1231 2947 1302 qui
2979 1236 3150 1286 erant
3178 1246 3212 1287 a
3240 1238 3404 1303 parte
3431 1233 3691 1290 detesta-

2043 1316 2180 1373 bilis
2211 1320 2484 1387 Nestorii,
2517 1322 2835 1392 conatique
2892 1329 3032 1377 sunt
3089 1324 3398 1394 (quantum
3444 1324 3506 1379 in
3547 1327 3692 1398 ipsis

2046 1413 2188 1479 erat)
2210 1409 2545 1465 rescindere
2579 1412 2932 1467 sententiam
2953 1428 3083 1484 quas
3124 1414 3329 1468 eratin
3353 1412 3694 1471 Nestorium

2044 1498 2184 1553 lata.
2222 1498 2307 1553 lbi
2339 1498 2704 1556 Theodosius
2735 1501 3063 1557 defendens
3090 1501 3448 1558 orthodoxos
3482 1509 3694 1560 contra

2046 1587 2296 1642 Nestorii
2319 1588 2659 1658 factionem,
2694 1588 3139 1646 damnationem
3171 1590 3358 1663 ipsius
3396 1596 3455 1647 et
3486 1590 3697 1664 impia-

2046 1692 2178 1731 rum
2209 1677 2558 1747 opinionum
2590 1692 2735 1748 quas
2754 1680 3057 1737 asserabat
3087 1687 3276 1736 ratam
3300 1678 3504 1736 haberi
3522 1696 3693 1738 cura-

2043 1765 2144 1821 vit.
2175 1766 2321 1820 Nam
2343 1781 2477 1820 cum
2501 1765 2831 1823 Nestoriani
2855 1774 3144 1839 praeterea
3171 1768 3347 1825 etiam
3380 1770 3494 1826 alia
3528 1788 3693 1843 quaa—

277 1850 572 1912 Θεοδόσιος
604 1851 632 1905 ὁ
687 1848 944 1926 βασιλεὺς
1004 1844 1546 1922 ἀντιλαμϐανόμενος
1599 1853 1706 1903 τῶν
1766 1846 1934 1909 ὅντως

2045 1852 2181 1908 dam
2212 1854 2467 1910 crimina
2490 1855 2707 1927 Cyrillo
2748 1857 2903 1929 apud
2934 1858 3355 1929 imperatorem
3387 1859 3695 1931 nugaciter

283 1942 465 2016 ὀρθῶν
510 1941 649 1996 κατὰ
696 1939 993 2014 Νεστορίου
1077 1939 1167 1995 καὶ
1237 1942 1344 1994 τῶν
1426 1944 1683 2013 πονηρῶν
1767 1937 1935 1993 αὐτοῦ

284 2028 577 2106 δογμάτων
613 2028 926 2106 κριθέντων,
983 2027 1348 2104 παρεσκεύασε
1400 2033 1616 2105 κρατεῖν
1675 2027 1934 2106 γενναίως

286 2121 388 2189 τήν
442 2120 525 2176 ἐπ’
587 2119 733 2190 αύτῷ
790 2119 1165 2193 γεγενημένην
1222 2117 1420 2194 κρίσιν.
1482 2118 1579 2175 Καὶ
1636 2119 1741 2194 γὰρ
1799 2117 1935 2192 πρὸς

281 2209 507 2271 τούτοις
537 2210 629 2264 καὶ
658 2206 805 2264 ἄλλα
829 2211 951 2263 τινὰ
979 2207 1116 2263 κατά
1144 2211 1242 2263 τοῦ
1272 2207 1416 2262 θείου
1467 2207 1747 2283 ΚυρίΑλου
1797 2207 1934 2282 πρὸς

280 2300 374 2356 τὸν
439 2296 666 2375 βασιλέα
720 2296 1314 2377 καταφλυαρησάντων,
1377 2296 1573 2375 γράφει
1649 2300 1785 2367 πρὸς
1841 2300 1936 2352 τὸν

288 2387 520 2466 βασιλία
553 2384 830 2461 Κύριλλος
861 2392 1105 2442 τοιαῦτα·
1143 2384 1472 2460 Ἐπειδήπερ
1519 2386 1828 2460 ἒπυθόμην,
1861 2385 1934 2441 ὧν

295 2473 637 2534 ετόσεόίστατε
670 2476 919 2552 βασιλεῦ,
949 2482 1059 2532 τῶν
1092 2475 1413 2555 φιλολογεῖν
1473 2475 1744 2530 εἷωθότων
1792 2477 1940 2539 τινας

293 2567 497 2643 ἀγρίων
556 2570 777 2641 σφηκῶν
830 2563 986 2637 δίνην
1052 2559 1412 2640 περιϐομϐεῖν
1465 2564 1554 2619 καί
1617 2563 1937 2638 μοχθηροὺς

292 2656 603 2734 ἐρεύγεσθαι
631 2655 748 2711 κατ’
800 2653 938 2727 ιμοῦ
991 2652 1216 2732 λόγους,
1249 2654 1325 2718 ὡς
1379 2654 1429 2727 ἐξ
1488 2652 1718 2726 ούρανοῦ
1772 2673 1941 2709 κατα-

284 2746 547 2821 κομισθὲν
577 2744 667 2800 καὶ
719 2744 819 2800 οὐκ
866 2742 927 2799 ἐκ
982 2751 1083 2813 τῆς
1138 2743 1294 2820 ἁγίας
1353 2742 1624 2817 Παρθξνου
1681 2741 1939 2819 λὲγοντος

282 2840 346 2893 τὸ
379 2842 521 2902 θεῖον
555 2841 717 2909 σῶμα
774 2838 1037 2912 Χριστοῦ,
1090 2835 1181 2891 καὶ
1239 2834 1423 2909 μέντοι
1475 2834 1566 2890 καὶ
1626 2832 1722 2889 δύο
1780 2832 1938 2896 Υίοὺς

283 2928 419 2983 κατὰ
500 2925 793 3001 Νεστόριον
880 2926 1181 3001 ὁμολογεῖν
1257 2928 1405 2998 ἡμᾶς
1463 2921 1938 3001 κατεφλυάρησαν,

285 3016 395 3073 δεῖν
428 3017 689 3090 ᾠήθημεν
726 3014 889 3091 ὀλίγα
918 3017 1042 3091 περὶ
1089 3016 1286 3072 τούτου
1337 3016 1476 3090 πρὸς
1525 3014 1724 3076 αὐτοὺς
1770 3010 1939 3069 εἰπεῖν

287 3105 486 3167 οὕτως.
518 3110 584 3159 Ὠ
641 3105 864 3175 ἀνόητοι
921 3106 1013 3159 καὶ
1075 3106 1240 3178 μόνον
1295 3101 1498 3166 εἰδότες
1558 3106 1931 3180 συκοφαντεῖν,

283 3200 399 3257 πῶς
459 3195 535 3257 εἷς
590 3198 752 3249 τοῦτο
809 3196 1137 3270 παρήχθητε
1223 3194 1452 3268 γνώμης
1518 3192 1608 3247 καὶ
1661 3193 1930 3263 τοσαύτην

284 3285 602 3354 νενοσήκατε
656 3283 843 3357 μανίαν
884 3303 900 3355 ;

288 3370 483 3452 σχεδὸν
508 3375 647 3435 ἄπας
679 3375 814 3446 ἡμῖν
860 3373 888 3427 6
931 3372 1064 3447 ὑπὲρ
1111 3377 1212 3442 τῆς
1261 3370 1497 3433 πίστεως
1544 3370 1687 3446 ἀγὼν
1739 3390 1935 3447 συγκε-

286 3463 524 3536 κρότὴτο
555 3457 1061 3534 διαϐεϐαιουμένοις
1093 3463 1176 3535 [Ρ.
1206 3464 1334 3535 380]
1367 3460 1451 3515 ὅτι
1477 3460 1741 3522 Θεοτόκος
1791 3456 1935 3516 ἐστὶν

291 3555 327 3623 ἢ
359 3553 488 3630 ἁγία
520 3554 720 3627 Μαρία.
754 3552 912 3608 Ἀλλ’
942 3551 1158 3628 ἐπείπερ
1209 3551 1260 3623 ἐξ
1305 3551 1538 3624 ούρανοῦ
1589 3550 1680 3606 καὶ
1734 3550 1836 3606 ούκ
1882 3549 1932 3620 ἐξ

296 3643 462 3712 αὐτῆς
489 3644 835 3716 γεγεννῆσθαι
873 3641 936 3697 τὸ
988 3645 1130 3697 θεῖον
1192 3645 1352 3715 σῶμα
1404 3644 1502 3695 τοῦ
1556 3642 1791 3714 Χριστοῦ
1841 3637 1937 3693 λὲ-

291 3749 478 3805 γομεν,
513 3729 585 3791 ὣς
616 3750 765 3808 φασι,
803 3735 913 3791 πῶς
944 3728 1004 3785 ἄν
1062 3733 1246 3784 νοοῖτο
1294 3723 1600 3797 Θεοτόκοςς
1658 3727 1793 3784 Τίνα
1829 3725 1933 3802 γὰρ

296 3817 439 3881 ὅλως
490 3820 723 3889 τὲτοκεν,
776 3818 821 3873 εἰ
882 3819 957 3891 μή
1016 3816 1159 3873 ἐστιν
1241 3815 1443 3888 suos;
1499 3818 1582 3872 δτι
1653 3817 1938 3891 γεγέννηκε

293 3910 425 3963 κατὰ
491 3908 661 3982 σάρκα
715 3908 807 3963 τὸν
867 3906 1285 3982 Ἐμμανουήλ;
1344 3904 1697 3970 Γελάσθωσαν
1749 3905 1932 3960 τοίνυν

297 3999 345 4053 οἱ
381 4003 550 4054 ταῦτα
581 3996 766 4052 καὶτὰ
810 4001 1034 4052 τοιαῦτα
1082 3998 1149 4051 τὰ
1201 3998 1315 4051 κατ’
1369 3996 1509 4070 ἐμοῦ
1549 3994 1934 4072 πεφλυαρήκύ·

294 4106 400 4148 τες.
460 4086 537 4145 Ού
592 4087 693 4162 γὰρ
752 4083 1003 4161 ψεύδεται
1052 4084 1223 4160 λέγων
1284 4087 1312 4140 6
1373 4085 1637 4159 μακάριος
1690 4084 1931 4144 Ἡσαῒας.

297 4174 432 4232 Ἰδοὺ
488 4178 524 4245 ὴ
587 4175 854 4251 Παρθένος
907 4174 960 4230 ἐν
1016 4174 1206 4250 γαστρὶ
1259 4170 1360 4244 ἕξει
1410 4174 1501 4227 καὶ
1551 4171 1753 4243 τέξεται
1786 4173 1934 4240 Υἱὸν,

295 4267 384 4320 καὶ
420 4264 711 4321 καλέσουσι
757 4260 821 4320 τὸ
875 4259 1051 4336 ὄνομα
1102 4262 1269 4318 αὐτοῦ
1322 4262 1707 4335 Ἐμμανουὴλ,
1740 4261 1770 4316 6'
1802 4261 1935 4331 ἐστι,

299 4356 424 4418 Μεθ’
451 4358 610 4428 ἡμῶν
644 4356 672 4409 ὅ
702 4355 852 4415 Θεός.
886 4351 1180 4423 Ἀληθεύει
1212 4349 1271 4406 δὲ
1299 4354 1511 4413 πάντως
1541 4350 1628 4406 καὶ
1662 4352 1690 4405 6
1716 4350 1935 4426 ἀρχάγ-

297 4444 456 4518 γελος
544 4438 788 4519 Γαϐριὴλ
862 4443 999 4518 πρὸς
1081 4445 1180 4510 τὴν
1262 4440 1529 4514 Παρθένον
1602 4440 1787 4495 εἰπών·
1848 4441 1936 4509 Μὴ

298 4528 490 4609 φοϐοῦ,
526 4536 766 4607 Μαριάμ·
802 4532 951 4607 εὗρες
970 4531 1072 4607 γὰρ
1122 4531 1286 4606 χάαιν
1332 4530 1481 4604 παρὰ
1527 4533 1607 4601 τῷ
1654 4533 1791 4600 Θεῷ,
1845 4529 1933 4583 καὶ

955 3259 1105 3339 ivssi
1159 3259 1261 3359 γάρ
1320 3259 1504 3362 quem:
1586 3280 1783 3336 ἐννοεῖν
1847 3259 1932 3336 δτι
1964 3259 2006 3325 C

2042 1944 2461 2016 impingerent,
2494 1945 2569 2000 ad
2600 1962 2736 2001 eum
2767 1947 3017 2018 Cyrillus
3056 1949 3123 2003 in
3146 1947 3303 2004 hanc
3331 1950 3691 2005 sententiam

2041 2034 2278 2105 scripsit
2296 2049 2308 2088 :
2324 2037 2642 2106 Postquam
2664 2035 2808 2091 mihi
2821 2037 3108 2108 ,piissime
3128 2038 3694 2110 imperator,renun-

2041 2124 2253 2180 tiatum
2308 2131 2416 2194 est,
2464 2127 2754 2198 quosdam
2813 2128 3081 2201 garrulas
3138 2127 3326 2186 instar
3373 2145 3690 2202 vesparum

2040 2211 2302 2268 ferarum
2353 2215 2615 2269 susurris
2667 2216 2790 2271 suis
2834 2230 3009 2271 aures
3062 2222 3193 2272 tuas
3242 2233 3587 2290 personare,
3638 2221 3697 2273 et

2043 2301 2356 2357 maledicta
2412 2300 2474 2357 in
2505 2318 2600 2359 me
2627 2307 2920 2373 eructare,
2952 2312 3243 2378 nugantes
3293 2321 3387 2363 me
3425 2322 3692 2362 asserere

2042 2390 2257 2445 Christi
2289 2390 2552 2445 divinum
2601 2407 2815 2463 corpus
2862 2392 3009 2449 cmlo
3065 2393 3329 2449 delatum
3378 2401 3437 2449 et
3467 2410 3587 2450 non
3618 2395 3692 2450 de

2044 2484 2250 2534 sancta
2282 2479 2516 2547 Virgine
2543 2485 2936 2552 assumptum,
2956 2483 3216 2553 itemque
3249 2483 3397 2538 duos
3412 2483 3591 2539 Filios
3616 2484 3691 2539 de

2042 2568 2337 2624 sententia
2367 2569 2617 2622 Nestorii
2648 2568 2942 2637 confiteri,
2975 2569 3304 2626 existimavi
3343 2569 3562 2627 debere
3594 2589 3689 2629 me

2043 2657 2198 2712 σου
2248 2656 2529 2712 adversus
2590 2658 2750 2728 ipsos
2806 2672 2995 2729 pauca
3024 2658 3087 2713 in
3129 2661 3280 2715 hanc
3329 2662 3691 2718 sententiam

2045 2746 2261 2801 dicere.
2315 2747 2359 2801 Ο
2412 2746 2557 2801 fatui
2604 2750 2663 2801 et
2719 2746 2940 2803 nullius
2997 2748 3083 2803 rei
3123 2749 3238 2804 nisi
3279 2748 3689 2807 calumniandi

2043 2834 2235 2908 gnari,
2280 2834 2581 2906 quomodo
2640 2835 2702 2890 in
2752 2834 2905 2891 hanc
2962 2836 3282 2893 devenistis
3332 2843 3692 2897 sententiam

2045 2928 2396 2997 tantumque
2452 2926 2701 2982 insanias
2759 2926 3175 2999 concepistis?
3230 2929 3487 2987 Omnino
3533 2932 3696 2988 enim

2045 3014 2358 3087 oportebat
2385 3015 2499 3071 hoc
2550 3031 2653 3071 vos
2694 3016 3008 3088 perspicue
3054 3020 3298 3089 sentire,
3327 3025 3509 3075 totam
3544 3017 3700 3078 hanc

2043 3112 2309 3162 nostram
2342 3105 2413 3161 de
2446 3106 2560 3161 ﬁde
2617 3104 3080 3178 disputationem
3126 3108 3263 3164 inde
3315 3115 3506 3165 ortem
3537 3107 3697 3182 quod

2048 3208 2157 3250 nos
2180 3194 2421 3249 Mariam
2443 3195 2757 3267 Deiparam
2780 3212 2910 3251 esse
2939 3195 3377 3252 contendimus.
3413 3200 3589 3269 Atqui
3625 3200 3694 3271 si,

2044 3288 2112 3340 ut
2135 3283 2221 3338 illi
2252 3284 2477 3349 dicunt,
2510 3299 2619 3339 nos
2646 3298 2860 3356 corpus
2909 3284 3126 3340 Christi
3167 3284 3433 3342 divinum
3464 3286 3697 3345 caelitus

2042 3373 2296 3441 venisse,
2331 3389 2449 3427 non
2490 3385 2558 3427 ex
2594 3371 2722 3444 ipsa
2744 3378 2950 3428 natum
2982 3371 3259 3444 dicimus,
3284 3375 3384 3447 qui
3417 3391 3486 3432 ea
3505 3374 3697 3448 possit

2044 3462 2288 3533 deipara
2318 3461 2484 3516 dici?
2505 3463 2689 3527 Quem
2721 3463 2879 3517 enim
2928 3463 3169 3519 tandem
3213 3466 3465 3537 peperit,
3498 3466 3548 3520 si
3581 3465 3695 3523 hoc

2044 3567 2244 3606 verum
2263 3567 2382 3605 non
2415 3556 2525 3617 est,
2558 3551 2714 3621 quod
2747 3552 3074 3607 secundum
3116 3569 3357 3609 carnem
3388 3554 3691 3627 pepererit

2040 3638 2541 3695 Emmanuelum?
2561 3639 2887 3695 Rideantur
2916 3657 3052 3712 ergo
3076 3643 3177 3712 qui
3200 3642 3327 3698 haec
3358 3648 3416 3697 et
3447 3644 3586 3699 talia
3611 3644 3683 3699 de

2041 3742 2136 3783 me
2157 3727 2471 3782 blaterant.
2505 3728 2632 3782 Non
2681 3728 2839 3783 enim
2870 3729 3157 3784 mentitur
3198 3731 3399 3799 Isaias,
3440 3748 3574 3788 cum
3604 3733 3687 3789 ita

2044 3818 2395 3873 vaticinatur
2417 3832 2430 3871 :
2452 3817 2596 3872 Ecce
2623 3817 2789 3889 Virgo
2817 3817 3130 3889 concipiet,
3155 3824 3213 3873 et
3238 3821 3428 3892 pariet
3445 3820 3685 3891 Filium,

2043 3913 2103 3964 et
2162 3906 2215 3961 ei
2268 3921 2488 3961 nomen
2546 3904 2764 3961 facient
2812 3907 3272 3962 Emmanuelow
3317 3921 3332 3976 ;
3386 3908 3543 3979 quod
3573 3914 3685 3980 est,

2043 3995 2362 4052 Nobiscum
2386 3996 2555 4051 Deus.
2580 3996 2650 4049 Et
2668 3993 2824 4050 haud
2852 3993 3028 4051 dubie
3053 4011 3255 4052 verum
3276 3993 3422 4052 dixit
3443 3994 3689 4055 Gabrie-

2044 4086 2157 4151 lus,
2184 4084 2528 4157 angelorum
2553 4083 3105 4155 princeps,Mariam
3123 4084 3205 4140 ita
3233 4083 3574 4156 alloquens:
3607 4085 3687 4143 Ne

2044 4179 2273 4231 metuas
2307 4172 2432 4243 tibi,
2464 4170 2810 4228 Mariamam
2840 4174 3090 4246 gratiam
3123 4171 3279 4249 apud
3308 4176 3493 4230 Deum
3524 4176 3691 4233 inve-

2044 4265 2204 4321 nisti.
2235 4265 2382 4318 Ecce
2433 4261 2670 4335 gravida
2728 4261 2866 4327 eris,
2900 4269 2960 4318 et
3017 4264 3214 4336 paries
3240 4262 3476 4331 Filium,
3510 4264 3686 4338 eique

2042 4369 2262 4410 nomen
2309 4353 2448 4407 Jesu
2502 4352 2795 4423 imponas,
2841 4351 2979 4425 quia
3035 4351 3321 4425 populum
3370 4354 3482 4410 iste
3513 4368 3687 4411 suum

2042 4439 2300 4515 peccatis
2332 4440 2517 4497 solvet
2542 4441 2606 4495 η.
2640 4441 2785 4496 Cum
2816 4446 3013 4497 autem
3068 4440 3383 4499 Dominum
3414 4450 3687 4502 nostrum

2041 4531 2237 4587 Jesum
2268 4529 2567 4586 Christum
2592 4528 2843 4585 dicimus
2875 4530 3131 4603 desuper
3152 4530 3223 4588 de
3254 4531 3400 4589 ccelo
3433 4534 3687 4605 venisse,

299 4619 413 4676 ἰδοῦ
446 4619 705 4695 συλλήψῃ
734 4620 785 4675 tv
813 4620 1027 4696 γαστρὶ,
1058 4616 1147 4675 καί
1178 4620 1302 4693 τὲξῃ
1356 4619 1498 4689 Υίὸν,
1553 4619 1641 4673 καὶ
1689 4616 1936 4679 καλέσεις

2046 4636 2166 4676 non
2194 4635 2262 4675 eo
2284 4635 2462 4675 sensu
2492 4616 2551 4675 id
2583 4618 2838 4675 dicimus
2867 4621 3034 4692 quasi
3076 4626 3354 4694 putemus
3385 4637 3520 4679 eum
3554 4637 3689 4680 san-

298 4712 357 4767 τὸ
384 4708 561 4783 ὄνομα
592 4712 760 4765 αὐτοῦ
800 4711 1029 4780 Ἰησοῦν·
1088 4708 1248 4770 αὐτὸς
1290 4708 1394 4783 γὰρ
1453 4708 1612 4762 σώσει
1660 4708 1753 4762 τὸν
1808 4706 1938 4762 λαὸν

299 4802 459 4856 αὐτοῦ
490 4801 595 4855 ἀπὸ
623 4804 732 4855 τῶν
772 4800 1055 4874 ἁμαρτιῶν
1102 4798 1300 4854 αὐτῶν.
1358 4800 1523 4855 ’Ὁταν
1576 4793 1634 4851 δὲ
1690 4794 1942 4874 λέγωμεν

301 4891 496 4954 ἄνωθεν
534 4887 585 4962 ἐξ
619 4886 851 4963 ούρανοῦ
880 4887 972 4942 τὸν
1006 4886 1206 4961 Κύριον
1236 4888 1396 4959 ἡμῶν
1431 4888 1642 4955 Ἰησοῦν
1674 4886 1941 4959 Χριστὸν,

304 4979 406 5055 οὐχ
462 4980 537 5041 ὡς
618 4979 816 5034 ἃνωθεν
909 4977 958 5047 ἐξ
1044 4977 1273 5051 ούρανοῦ
1353 4976 1762 5050 κατενεχθεῖσης
1845 4979 1947 5046 τῆς

302 5069 452 5147 ἁγίας
483 5067 648 5124 αὑτοῦ
678 5068 876 5140 σαρκὸς
914 5068 1082 5121 ταῦτά
1143 5086 1340 5146 φαμεν,
1388 5063 1515 5120 ἀλλ’
1559 5065 1634 5126 ὡς
1688 5065 1941 5139 ἑπόμενοι

300 5163 375 5230 τῷ
398 5160 530 5231 ἰερῷ
553 5156 756 5229 Παύλῳ
786 5156 1066 5211 ιιὀάσκοντι.
1098 5156 1159 5212 Ὁ
1190 5157 1403 5229 πρῶτος
1435 5152 1721 5226 ἄνθρωπος
1754 5153 1813 5208 ἐκ
1840 5158 1943 5230 γῆς

303 5248 582 5324 χοῖκὸς,ὁ
641 5245 887 5322 δεύτερος
945 5247 973 5300 6
1032 5245 1231 5318 Κύριος
1284 5244 1333 5318 ἐξ
1389 5246 1645 5319 ούρανοῦ.
1709 5245 1943 5317 Μεμνή-

306 5340 433 5410 μεθα
464 5334 522 5391 δὲ
551 5337 642 5392 καὶ
677 5335 842 5391 αὐτοῦ
870 5338 968 5390 τοῦ
999 5335 1198 5410 Κυρίου
1246 5332 1522 5408 λέγοντος·
1576 5330 1769 5394 Οὐδεὶς
1817 5334 1947 5387 ἀνα-

302 5420 523 5497 ϐέϐηκεν
584 5426 662 5488 είς
719 5426 812 5480 τὸν
861 5424 1110 5496 οὐρανὸν,
1169 5422 1220 5478 εἲ
1266 5423 1341 5495 μή
1391 5424 1419 5477 6
1468 5422 1525 5477 ἒκ
1564 5427 1660 5477 τοῦ
1712 5421 1946 5497 ούρανοῦ

300 5510 554 5583 καταϐὰς,
600 5513 629 5566 6
685 5512 811 5573 Υἱὸς
867 5508 966 5565 τοῦ
1022 5511 1328 5584 ἀνθρώπου.
1387 5509 1578 5565 Καίτοι
1633 5508 1946 5585 γεγέννηται

2053 4716 2205 4766 ctam
2221 4724 2388 4764 suam
2405 4724 2641 4764 carnem
2668 4707 2740 4764 de
2761 4710 2907 4765 ccelo
2929 4710 3240 4767 detulisse:
3259 4708 3363 4767 sed
3386 4710 3692 4783 sequimus

2053 4800 2108 4854 S.
2143 4798 2410 4867 Paulum,
2434 4798 2533 4869 qui
2566 4797 2648 4854 ita
2676 4799 2758 4853 ait
2787 4816 2799 4853 :
2828 4799 3061 4854 Primus
3092 4798 3268 4855 homo
3294 4817 3362 4856 ex
3385 4805 3544 4855 terra
3564 4796 3696 4871 pul-

2052 4902 2279 4957 vereus,
2312 4888 2629 4955 secundus,
2663 4889 2947 4944 Dominus
2979 4906 3009 4943 e
3040 4890 3186 4944 cmlo
3211 4889 3695 4944 ".Becordamur

2056 4978 2231 5033 etiam
2256 4977 2446 5049 ipsum
2469 4976 2782 5032 Dominum
2806 4972 3024 5031 dixisse
3050 4992 3063 5030 :
3107 4977 3286 5031 Nemo
3318 4976 3587 5032 ascendit
3629 4975 3691 5032 in

2054 5066 2413 5131 cmlum,nisi
2439 5065 2539 5136 qui
2558 5063 2866 5120 descendit
2881 5063 3232 5131 inde,Filius
3250 5064 3510 5119 hominis
3527 5065 3588 5118 ¹³.
3624 5066 3698 5120 At

2052 5170 2187 5210 vero
2240 5155 2401 5225 quod
2459 5155 2532 5209 ad
2589 5169 2828 5209 carnem
2887 5154 3119 5220 attinet,
3169 5158 3344 5208 natus
3401 5158 3509 5221 est,
3545 5153 3698 5210 sicut

2056 5244 2335 5315 diximus,
2366 5259 2438 5298 ex
2496 5242 2644 5297 061
2707 5240 2880 5296 beata
2932 5241 3186 5313 Virgine.
3247 5240 3356 5296 Sed
3414 5243 3696 5313 quoniam

2054 5332 2311 5387 Verbum
2353 5331 2455 5385 Dei
2499 5331 2645 5386 coelo
2694 5330 3038 5403 degressum
3059 5344 3122 5384 se
3152 5328 3348 5401 ipsum
3379 5327 3701 5388 exinanivit

2054 5420 2304 5475 formam
2333 5421 2482 5474 servi
2514 5419 3175 5489 assumendoﬁliusque
3208 5419 3466 5477 hominis
3494 5418 3696 5496 appel-

2056 5510 2212 5565 latus
2234 5512 2343 5575 est,
2375 5524 2512 5565 cum
2544 5510 2783 5580 quidem
2808 5508 2963 5565 idem
2989 5515 3364 5582 permaneret
3393 5510 3493 5583 qui
3525 5517 3701 5571 antea

372 5685 419 5722 ¹⁰
448 5685 557 5740 lsa.
590 5699 688 5751 vn,
723 5683 809 5737 ﬂ.
886 5678 930 5719 ¹ι
963 5680 1100 5736 Luc.
1134 5692 1175 5750 ι,
1208 5678 1296 5750 30,
1330 5680 1418 5735 31.
1497 5680 1544 5718 η
1574 5678 1598 5734 ι
1626 5681 1754 5736 Cor.
1792 5693 1879 5749 xv,
1911 5682 1936 5736 4

2079 5678 2126 5718 ⁸⁸
2151 5679 2320 5734 Joan.
2353 5691 2437 5736 ιιι.
