4170 6204
398 301 523 362 727

1762 289 2087 352 GEORGII
2130 287 2481 349 CEDRENI

3686 288 3833 348 728

398 437 599 493 fuerat
625 438 739 507 (est
765 433 925 490 enim
980 428 1368 486 immutabilis
1417 432 1476 482 et
1504 427 1656 482 nulli
1705 424 2043 482 alterationi

2170 420 2299 475 κατὰ
2346 421 2537 496 σάρκα,
2596 421 2672 482 ὡς
2730 419 2968 498 εἴρηται,
3024 419 3088 476 ἐκ
3139 427 3242 492 τῆς
3292 420 3453 497 ἁγίας
3512 422 3827 493 Παρθένου.

402 526 671 582 obnoxia}
695 525 964 590 naturae),
992 535 1125 574 cum
1137 519 1265 589 jam
1288 534 1441 572 unus
1462 516 1899 589 intelligeretur
1918 530 2049 570 esse

403 628 538 668 cum
572 608 810 681 pr0pria
867 622 1066 669 carne,
1100 604 1319 659 dicitur
1377 603 1448 659 de
1506 603 1652 658 caelo
1700 602 1949 657 venisse.
1979 602 2050 655 Et

400 699 742 756 nominatur
791 694 969 750 etiam
1020 694 1198 748 homo
1250 692 1324 747 de
1373 692 1518 748 ccelo
1563 690 1881 763 profectus,
1915 704 2050 744 cum

401 788 478 843 sit
506 786 802 857 perfectus
826 785 977 839 Deus
1001 783 1280 853 idemque
1312 782 1611 853 perfectus
1642 781 1842 843 homo,
1874 778 2054 834 intel-

397 875 717 946 ligiturque
749 889 865 927 una
899 887 1028 927 esse
1061 886 1333 942 persona.
1368 871 1526 925 Unus
1559 869 1717 923 enim
1742 874 1831 923 est
1853 868 2054 923 Domi-

400 981 516 1019 nus
536 965 706 1019 Jesus
728 962 1020 1025 Christus,
1052 961 1290 1017 tametsi
1342 967 1689 1015 naturarum
1733 957 2054 1014 discrimen

402 1069 525 1108 non
547 1042 952 1125 ignoretur,ex
981 1050 1198 1121 quibus
1222 1048 1588 1104 ineffabilem
1618 1047 1784 1102 illam
1806 1046 2054 1101 dicimus

397 1142 617 1198 factam
647 1141 1005 1197 unitionem.

2156 506 2384 579 Ἐπειδὴ
2419 506 2477 565 δὲ
2507 511 2535 565 6
2566 508 2768 565 ἄνωθεν
2820 510 2873 581 ἐξ
2933 509 3166 586 ούρανοῦ
3222 512 3625 590 κατοφθιτήσας
3680 510 3831 570 Θεὸς

2159 596 2333 673 Λόγος
2362 597 2646 653 κενένωκεν
2676 598 2861 654 ἑαυτὸν
2924 601 3140 678 μορφὴν
3192 596 3396 655 δούλου
3456 593 3667 667 λαϐὼν,
3719 597 3831 653 καὶ

2158 687 2563 761 κεχρημάτικεν
2595 689 2882 763 ἀνθρώπου
2939 689 3055 750 υἱὸς
3117 688 3250 761 μετᾶ
3294 692 3392 745 τοῦ
3451 694 3631 763 μεῖναι
3663 688 3695 743 ὅ
3722 689 3829 756 ἧν,

2157 779 2401 832 τουτέστι
2433 777 2564 838 Θεὸς
2617 777 2902 853 (ἄτρεπτος
2947 779 3054 853 γὰρ
3107 778 3199 832 καὶ
3252 776 3629 840 ἀναλλοίωτος
3675 775 3837 832 κατὰ

2162 866 2322 944 φύσιν
2355 867 2541 940 ἔστὶν),
2573 868 2646 930 ὡς
2679 868 2757 931 εἶς
2817 866 2927 939 ἤδη
2976 868 3278 942 νοούμενος
3330 870 3465 942 μετὰ
3514 876 3617 937 τῆς
3670 864 3833 930 ἰδίας

2162 956 2358 1032 σαρκὸς
2394 955 2443 1026 ἐξ
2477 957 2706 1031 ούρανοῦ
2762 956 2977 1032 λέγεται
3020 956 3327 1014 κατελθεῖν.
3377 958 3704 1030 Ὠνόμασται
3758 954 3837 1011 δὲ

2161 1044 2252 1099 καὶ
2282 1042 2566 1121 ἄνθρωπος
2598 1045 2650 1117 ἐξ
2682 1046 2938 1121 ούρανοῦ,
2962 1045 3174 1111 τέλειος
3229 1041 3304 1101 ὤν
3354 1045 3408 1102 ἐν
3457 1048 3676 1115 θεότητι
3723 1045 3833 1100 καὶ

2162 1132 2372 1197 τέλειος
2403 1136 2432 1189 ὁ
2458 1135 2619 1197 αὐτὸς
2650 1134 2705 1191 ἐν
2735 1135 3142 1211 ἀνθρωπότητι,
3175 1137 3263 1190 καὶ
3305 1136 3380 1198 ὡς
3418 1135 3470 1190 ἐν
3502 1134 3581 1190 δνῖ
3637 1155 3829 1211 προσ·

396 1230 535 1302 ώπῳ
569 1228 883 1300 νοούμενος.
938 1229 1033 1288 Εἷς
1090 1226 1192 1303 γὰρ
1255 1223 1454 1298 Κύριος
1513 1226 1724 1295 Ἰησοῦς
1778 1223 2044 1298 Χριστός,
2100 1219 2194 1277 κέν
2253 1228 2360 1279 τῶν
2416 1223 2626 1303 φύσεων
2680 1221 2914 1305 διαφορᾶ
2966 1227 3042 1298 μὴ
3106 1225 3383 1301 ἀγνοῆται,
3445 1223 3498 1296 ἐξ
3567 1225 3641 1280 ὧν
3699 1225 3815 1292 τήν

399 1314 714 1393 απόρῥητόν
742 1312 935 1369 ἕνωσίν
969 1334 1145 1393 φαμεν
1179 1315 1513 1387 πεπόἆχθαι.

471 1408 755 1462 Fatentur
784 1405 985 1477 itaque
1020 1403 1293 1472 Verbum,
1317 1404 1421 1459 Dei
1454 1401 1688 1470 Filium,
1712 1402 1897 1457 Deum
1929 1417 2059 1457 esse

404 1496 820 1567 perfectum,et
841 1493 1167 1565 perfectum
1189 1491 1493 1547 hominem
1516 1508 1762 1562 corpore
1779 1496 1839 1546 et
1858 1491 2059 1546 anima

401 1585 633 1640 ratione
664 1581 912 1654 praedita
967 1585 1387 1646 constantem;
1439 1579 1597 1650 quod
1646 1579 1722 1634 ad
1770 1579 2054 1634 deitatem

404 1674 636 1738 attinet,
669 1671 934 1743 genitum
969 1686 1005 1725 a
1052 1671 1226 1725 Patre
1259 1674 1394 1724 ante
1426 1668 1663 1735 saacula,
1698 1667 1926 1723 ultimis
1955 1684 2055 1722 au-

404 1768 525 1818 tem
556 1760 924 1831 temporibus
967 1758 1243 1814 eumdem
1293 1762 1565 1813 nostrum
1598 1762 1656 1813 et
1706 1756 1915 1811 salutis
1948 1773 2053 1811 no-

406 1856 542 1906 strm
573 1864 752 1906 causa
782 1854 987 1904 natum
1020 1864 1091 1903 ex
1139 1847 1319 1903 Maria
1358 1847 1613 1919 Virgine,
1652 1845 1810 1916 quod
1843 1846 1915 1900 ad
1946 1846 2050 1900 hu-

2239 1402 2543 1476 Τοιγαροῦν
2599 1399 2984 1476 ὁμολογοῦμεν
3038 1401 3129 1457 τὸν
3198 1407 3473 1477 μονογενῆ
3541 1401 3661 1455 mw
3718 1403 3832 1455 τοῦ

2166 1494 2300 1544 Θεοῦ
2332 1490 2510 1566 Λόγον
2539 1490 2670 1545 Θεὸν
2707 1488 2919 1546 τέλειον
2976 1490 3068 1544 καὶ
3125 1491 3411 1563 ἄνθρωπον
3466 1487 3699 1559 τέλειον,
3758 1488 3834 1545 ἐκ

2164 1581 2350 1653 ψυχῆς
2383 1577 2618 1654 λογικῆς
2648 1579 2740 1633 καὶ
2771 1579 3050 1652 σώματος,
3080 1579 3188 1652 πρὸ
3219 1578 3435 1633 αἶ’ώνων
3471 1581 3564 1652 μὲν
3610 1578 3671 1633 ἐκ
3716 1583 3828 1633 τοῦ

2163 1668 2373 1742 Πατρὸς
2404 1670 2725 1744 γεννηθέντα
2772 1668 2909 1723 κατὰ
2964 1669 3065 1737 τήν
3128 1666 3377 1739 θεότητα,
3434 1666 3512 1723 ἐπ’
3565 1666 3829 1742 ἐσχάτων

2163 1753 2218 1812 δὲ
2246 1761 2354 1811 τῶν
2386 1759 2611 1833 ἡμερῶν
2640 1758 2734 1812 τὸν
2766 1757 2928 1812 αὐτὸν
2956 1753 3029 1811 δι’
3058 1759 3207 1830 ἡμᾶς
3236 1757 3331 1812 καὶ
3385 1754 3474 1812 διὰ
3523 1758 3623 1826 τὴν
3672 1759 3833 1828 ἡμε-

2155 1847 2311 1920 τέραν
2354 1845 2625 1920 σωτηρίαν
2682 1844 2743 1900 έκ
2795 1846 3010 1922 Μαρίας
3065 1852 3166 1915 τῆς
3222 1845 3490 1922 παρθένου
3528 1847 3662 1901 κατᾶ
3712 1847 3825 1914 τήν

406 1955 641 1995 manam
664 1944 892 2010 spectat
918 1943 1192 1993 naturam
1218 1954 1231 2004 ;
1265 1935 1660 2007 eumdemque
1698 1941 1756 1991 et
1787 1930 2059 1990 essentia

2170 1933 2583 2008 ἀνθρωπότητα,
2616 1933 2909 2008 ὁμοούσιον
2958 1938 3037 2006 τῷ
3098 1935 3265 2011 Πατρὶ
3322 1934 3414 1990 τὸν
3473 1933 3632 1989 αὐτὸν
3680 1932 3828 1988 κατᾶ

407 2046 542 2085 cum
572 2033 765 2084 Patre-
800 2027 1066 2098 ejusdem
1115 2026 1343 2080 ratione
1396 2024 1653 2089 deitatis,
1689 2030 1745 2079 et
1791 2024 2061 2095 ejusdem

408 2118 721 2174 nobiscum
752 2116 1024 2171 essentia)
1080 2115 1307 2170 ratione
1341 2114 1766 2185 humanitatis.
1801 2114 2062 2169 Duarum

411 2210 576 2271 enim.
629 2213 976 2263 naturarum
1037 2205 1193 2261 facta
1250 2209 1341 2260 est
1397 2204 1556 2259 unio.
1595 2203 1734 2258 Inde
1789 2202 2065 2273 estquod

408 2315 596 2355 unum
644 2297 963 2364 Christum,
996 2312 1184 2351 unum
1239 2294 1481 2359 Filium,
1515 2309 1699 2348 unum
1744 2294 2070 2349 Dominum

408 2388 786 2444 conﬁtemur.
819 2392 1011 2456 Atque
1062 2385 1242 2456 hujus
1274 2382 2064 2453 iuconl‘usmjunioniscon-

409 2476 767 2534 sideratione
798 2475 1063 2530 fatemur
1096 2474 1275 2528 etiam
1309 2477 1574 2527 sanctam
1608 2472 1906 2543 Virginem
1932 2488 2065 2527 vere

405 2566 590 2622 fuisse
624 2565 961 2636 Deiparam,
986 2562 1118 2619 ideo
1153 2561 1311 2632 quod
1344 2563 1498 2616 Deus
1528 2559 1789 2616 Verbum
1825 2576 2065 2616 carnem

418 2655 614 2710 induit
643 2658 702 2708 et
729 2654 907 2707 homo
940 2652 1128 2706 factus
1160 2656 1270 2716 est,
1307 2651 1487 2720 inque
1519 2650 1648 2720 ipsa
1677 2650 2065 2721 conceptione

418 2743 530 2798 sibi
560 2741 751 2797 univit
798 2740 1115 2811 templum,
1151 2738 1309 2809 quod
1342 2755 1412 2792 ex
1454 2738 1585 2808 ipsa
1613 2737 1972 2793 assumehat.
2009 2738 2065 2792 Si

420 2831 612 2903 placet
633 2828 891 2899 exempli
924 2827 1052 2882 loco
1093 2843 1466 2882 assumamus
1496 2831 1768 2881 nostrum
1800 2827 2067 2898 ipsorum

417 2917 935 2989 compositionem,
983 2921 1276 2987 quatenus
1332 2915 1604 2970 homines
1661 2930 1885 2971 sumus.
1923 2918 2069 2971 Con-

418 3012 645 3063 stamus
676 3005 961 3060 nimirum
1010 3005 1208 3061 anima
1252 3009 1311 3060 et
1339 3005 1493 3061 668
1535 3021 1807 3076 corpore.
1845 3007 1926 3060 Ac
1977 3005 2066 3060 vi-

417 3096 626 3152 demus
657 3095 802 3151 duas
834 3100 1097 3163 naturas,
1120 3095 1300 3151 aliam
1332 3095 1804 3166 corporis,a|iam
1827 3095 2065 3164 animm,

416 3185 723 3242 hominem
755 3201 989 3251 vero,ex
1017 3185 1330 3256 utriusque
1362 3184 1629 3238 unitione
1658 3185 1829 3243 facta.
1857 3200 2062 3238 unum.

418 3276 620 3346 Neque
638 3274 985 3345 compositio
1018 3290 1089 3328 ex
1121 3272 1351 3329 duabus
1391 3274 1618 3328 naturis
1651 3272 1835 3327 efﬁcit
1864 3279 1931 3327 ut
1959 3290 2064 3343 pro

422 3382 542 3419 uno
593 3364 834 3419 homine
866 3362 1014 3417 duos
1055 3362 1380 3434 cogitemus
1408 3377 1421 3415 :
1457 3360 1560 3415 sed
1592 3377 1777 3415 unum
1809 3361 1893 3431 (ut
1922 3361 2065 3431 dixi)

422 3452 812 3524 intelligimus
842 3452 1169 3517 hominem,
1203 3467 1275 3506 ex
1306 3450 1506 3505 anima
1543 3456 1602 3505 et
1630 3466 1875 3521 corpore
1906 3466 2066 3506 com-

422 3543 705 3615 positum.
762 3541 820 3595 Si
878 3541 1038 3595 enim
1097 3540 1209 3595 hoc
1266 3540 1565 3608 tollamus,
1617 3555 1687 3594 ex
1742 3537 1971 3594 duabus
2011 3544 2069 3595 et

424 3630 839 3687 differentibus
852 3629 1078 3685 naturis
1099 3645 1289 3685 unum
1308 3636 1366 3684 et
1387 3628 1745 3684 indivulsum
1769 3629 2067 3683 Christum

425 3719 497 3776 ab
528 3720 800 3777 unitione
858 3719 1173 3782 exstitisse,
1206 3718 1408 3774 dicent
1464 3717 1821 3773 adversarii:
1860 3717 1918 3771 Si
1951 3734 2069 3773 una

422 3814 635 3867 natura
658 3808 837 3864 totius
859 3808 1074 3863 Christi
1099 3807 1513 3879 est,quomodo
1534 3806 1727 3879 potuit
1744 3807 2068 3862 humanam

426 3904 701 3953 naturam
723 3895 994 3961 induere,
1021 3901 1123 3950 aut
1144 3912 1322 3966 quam
1353 3911 1597 3950 carnem
1628 3894 1737 3950 sibi
1768 3894 2066 3966 propriam

425 3985 716 4041 asciscere
737 3984 765 4039 ‘I
792 3986 906 4039 Eos
944 3988 1141 4041 autem
1184 3984 1284 4053 qui
1315 3982 1521 4039 dicunt
1570 3983 2065 4055 contemperatio-

424 4072 1003 4139 nem,conl‘usionem
1025 4071 1483 4127 autmistionem
1516 4077 1861 4127 naturarum
1897 4070 2066 4125 Verbi

422 4164 526 4219 Dei
557 4179 691 4219 cum
722 4177 897 4218 carne
927 4162 1165 4228 factam,
1198 4160 1392 4232 palam
1425 4160 1498 4216 iis
1527 4178 1633 4216 ora
1661 4161 1936 4217 obturare
1970 4167 2070 4217 tua

423 4252 614 4322 pietas
646 4250 943 4316 dignetur.
971 4251 1110 4305 Post
1141 4249 1267 4304 haac
1313 4249 1527 4321 Cyrillo
1559 4256 1812 4320 mortuo,
1843 4251 2071 4306 exstitit

422 4338 754 4393 monachus
810 4337 1051 4408 quidam
1110 4342 1168 4392 et
1214 4337 1455 4394 claustri
1513 4338 1815 4411 princeps,
1848 4355 2067 4395 nomen

423 4425 737 4496 Eutyches.
772 4425 875 4479 Hic
928 4442 1044 4480 non
1107 4426 1379 4496 exiguam
1434 4426 1639 4499 p0puli
1692 4432 1923 4498 partem
1954 4426 2066 4482 sibi

423 4513 715 4585 adjunxit.
765 4515 1018 4569 Nestorii
1078 4516 1389 4586 opiniones
1448 4516 1707 4588 probans
1739 4516 2066 4587 dicensque

425 4620 667 4663 carnem
724 4603 939 4660 Christi
996 4621 1117 4660 non
1170 4606 1439 4678 ejusdem
1497 4623 1632 4662 cum
1682 4612 1885 4661 nostra
1932 4622 2061 4661 esse

421 4701 670 4752 naturaa.
704 4697 775 4750 Et
798 4695 1038 4767 quidem
1083 4712 1289 4751 rursus
1329 4712 1447 4750 non
1480 4697 1666 4751 multo
1698 4701 1831 4768 post
1855 4696 2063 4751 diabo-

421 4788 539 4844 lica
558 4804 738 4843 manu
771 4787 1123 4859 praevalente
1172 4787 1335 4842 aliud
1374 4788 1588 4859 Ephesi
1635 4787 1953 4843 concilium
1985 4788 2065 4843 la-

420 4882 683 4945 tronum,
714 4892 1093 4947 nequaquam
1141 4882 1435 4943 sanctum,
1484 4877 1731 4949 cogitur,
1776 4877 1959 4931 misso
1990 4876 2064 4932 ad

419 4965 482 5021 id
508 4966 686 5021 etiam
744 4964 1018 5021 Flaviano
1065 4965 1717 5036 ConstantinOpolitano
1764 4965 2062 5037 episcopo,

421 5071 556 5111 cum
587 5070 771 5126 penes
792 5053 1138 5109 Dioscorum
1161 5053 1522 5108 Alexandrina
1543 5054 1887 5127 episcopum
1909 5071 2067 5110 sum-

421 5159 520 5198 ma
549 5159 748 5199 rerum
780 5142 861 5197 ibi
894 5149 1069 5198 esset.
1109 5142 1421 5198 Flavianus
1449 5143 1754 5199 veritatem
1786 5149 1958 5199 tuens
2002 5143 2064 5199 in

422 5245 492 5284 eo
549 5231 801 5286 concilio
859 5231 1167 5297 occiditur,
1203 5237 1262 5286 et
1315 5231 1497 5303 priori
1530 5232 1757 5303 synodo
1796 5233 2063 5304 Ephesim

424 5318 745 5373 auctoritas
800 5318 1136 5391 abrogatur,
1195 5318 1704 5376 subscribentibus
1749 5323 2063 5394 posteriori

423 5404 562 5459 huic
576 5406 929 5475 quibusdam
946 5408 1239 5479 episcopis
1252 5407 1303 5461 vi
1318 5408 1615 5465 latronum
1634 5427 1702 5467 eo
1716 5412 2062 5483 compulsis,

424 5491 579 5546 inter
609 5509 757 5563 quos
782 5492 894 5547 fuit
922 5496 1101 5549 etiam
1132 5496 1388 5552 Basilius
1418 5497 1701 5554 Seleucim
1728 5501 2060 5573 episcopus.

421 5579 564 5636 Inde
596 5597 732 5636 cum
762 5580 997 5652 publice
1027 5582 1382 5638 docerentur
1412 5587 1682 5656 Nestorii,
1716 5588 1980 5646 Dioscori
2005 5594 2066 5643 et

2169 2024 2269 2091 τήν
2304 2021 2535 2093 θεότητα
2564 2022 2656 2079 καῖ
2691 2024 2986 2097 ὁμοούσιον
3017 2026 3153 2096 ἡμῖν
3202 2023 3340 2078 κατᾶ
3383 2025 3484 2092 τήν
3533 2023 3826 2097 ἅνθρωπός»

2170 2132 2330 2181 τητα.
2384 2112 2486 2165 Δύο
2544 2111 2647 2185 γὰρ
2707 2110 2918 2188 φύσεων
2982 2107 3178 2175 ἕνωσις
3255 2109 3488 2187 γέγονεν·
3544 2111 3662 2165 ὅθεν
3730 2107 3833 2164 ἕνα

2172 2201 2426 2276 Χριστὸν,
2457 2198 2551 2256 ἕνα
2604 2199 2751 2272 Υἱὸν,
2810 2198 2901 2257 ἕνα
2961 2203 3155 2270 Κύριον
3207 2199 3616 2276 ὁμολογοῦμεν.
3676 2198 3837 2257 Κατὰ

2171 2290 2372 2361 ταύτην
2435 2290 2526 2345 οὗν
2584 2291 2686 2359 τὴν
2742 2297 2842 2359 τῆς
2928 2289 3239 2365 ἂσυγχύτου
3322 2288 3563 2352 ἰνώσεως
3623 2283 3835 2344 ἔννοιαν

2174 2378 2561 2455 ὁμολογοῦμεν
2591 2380 2682 2434 καὶ
2711 2382 2811 2448 τήν
2840 2380 2990 2456 ἁγίαν
3050 2379 3315 2454 Παρθένον
3358 2378 3583 2449 ἀληθῶς
3630 2378 3838 2434 Θεοτό-

2173 2488 2293 2538 κον,
2329 2465 2418 2522 διὰ
2442 2469 2504 2523 τὸ
2551 2469 2642 2523 τὸν
2702 2469 2829 2524 Θεὸν
2890 2469 3068 2545 Λόγον
3126 2475 3477 2543 σαρκωθῆναι
3530 2468 3622 2523 καὶ
3677 2466 3841 2525 ἐναν-

2176 2560 2459 2632 θρωπῆσαι
2499 2559 2589 2613 καὶ
2618 2558 2669 2629 ἐξ
2702 2558 2873 2629 αὐτῆς
2900 2557 3229 2633 συλλήψεως
3288 2557 3487 2613 ἒνῶσαι
3543 2558 3693 2630 αύτῷ
3741 2557 3839 2613 τὸν

2174 2644 2225 2715 ἐξ
2259 2645 2425 2716 αὐτῆς
2458 2644 2734 2716 ληφθέντα
2774 2649 2855 2720 [Ρ.
2889 2649 3016 2720 381]
3046 2646 3194 2704 ναόν.
3228 2647 3329 2703 Καὶ
3361 2645 3407 2701 εί
3439 2642 3610 2712 δοκεῖ,
3664 2642 3832 2718 δεξώ-

2179 2736 2316 2810 μεθα
2373 2734 2448 2797 εἰς
2503 2732 2850 2811 παράδειγμα
2903 2738 3004 2805 τὴν
3059 2736 3178 2791 καθ’
3237 2739 3386 2809 ἡμᾶς
3436 2734 3640 2797 αύτοὺς
3700 2735 3833 2789 σύν-

2173 2827 2339 2894 θεσιν,
2399 2825 2515 2888 καθ’
2570 2821 2636 2892 ἤν
2693 2823 2851 2898 ἐσμεν
2914 2824 3212 2900 ἅνθρωποι.
3270 2824 3667 2897 Συντεθείμεθα
3721 2824 3828 2898 γὰρ

2172 2910 2234 2967 ἐκ
2288 2914 2475 2990 ψυχῆς
2530 2913 2621 2967 καὶ
2681 2913 2955 2985 σώματος,
3012 2914 3101 2968 καὶ
3177 2914 3391 2986 ὁρῶμεν
3458 2912 3644 2986 φύσεις
3702 2909 3826 2982 δύο,

2174 3001 2357 3074 ἑτέραν
2388 3001 2483 3075 μὲν
2511 3005 2608 3056 τοῦ
2639 3004 2916 3076 σώματος,
2945 3003 3125 3078 ἑτέραν
3155 3000 3213 3057 δὲ
3240 3010 3341 3071 τῆς
3400 3006 3606 3076 ψυχῆς.
3658 2999 3827 3056 Ἀλλ’

2176 3092 2257 3154 εἷς
2286 3090 2336 3162 ἐξ
2368 3091 2569 3170 ἀμφοῖν
2599 3093 2716 3156 καθ’
2747 3088 2939 3147 ἕνωσιν
2971 3089 3286 3166 ἅνθρωπος,
3317 3092 3409 3148 καὶ
3459 3090 3590 3165 οὐχὶ
3647 3091 3711 3144 τὸ
3768 3090 3829 3145 ἐκ

2176 3177 2271 3234 δύο
2331 3179 2541 3256 φύσεων
2595 3182 2960 3244 συντεθεῖσθαι
3044 3178 3141 3237 δύο
3201 3181 3524 3256 ἀνθρώπους
3580 3180 3675 3234 τὸν
3732 3175 3830 3233 ἕνα

2093 3294 2135 3360 C
2174 3272 2413 3331 νοεῖσθαι
2446 3271 2859 3344 παρασκευάζει,
2901 3266 3028 3324 ἀλλ’
3080 3265 3174 3324 ἕνα
3216 3269 3309 3325 τὸν
3358 3267 3644 3344 ἄνθρωπον
3693 3269 3833 3322 κατὰ

2174 3357 2436 3422 σύνθεσιν,
2470 3359 2543 3420 ὡς
2576 3356 2730 3435 ἔφην,
2763 3361 2863 3430 τὴν
2895 3358 2955 3414 ἐκ
2992 3362 3176 3435 ψυχῆς
3225 3358 3316 3414 καὶ
3374 3359 3647 3434 σώματος.
3703 3358 3828 3414 Ἐὰν

2174 3446 2278 3524 γὰρ
2308 3445 2588 3520 ἀνέλωμεν
2609 3448 2672 3503 τὸ
2703 3449 2785 3503 ὅτι
2835 3449 2896 3504 ἐκ
2942 3445 3038 3503 δύο
3081 3448 3173 3503 καὶ
3227 3445 3504 3523 διαφόρων
3552 3446 3766 3527 φύσεων
3798 3447 3828 3501 6

2174 3539 2252 3601 εἷς
2279 3535 2365 3592 καὶ
2429 3536 2594 3609 μόνος
2651 3537 2761 3593 ἐστὶ
2826 3537 3080 3610 Χριστὸς,
3138 3535 3502 3600 ἀδιάσπαντος
3555 3532 3630 3591 ὥν
3691 3538 3830 3610 μετᾶ

2171 3627 2272 3694 τήν
2298 3622 2515 3695 ἕνωσιν,
2547 3624 2758 3699 ἐροῦσιν
2788 3627 2841 3681 οἱ
2872 3622 2943 3680 δι’
2994 3624 3259 3689 ἐναντίας’
3308 3624 3375 3682 Εἴ
3433 3626 3531 3699 μία
3561 3631 3719 3703 φύσις
3758 3625 3826 3681 τὸ

2174 3713 2325 3787 ὅλον,
2383 3719 2499 3778 πῶς
2554 3713 2993 3791 ἐνηνθρώπησεν,
3027 3713 3063 3784 ἢ
3105 3715 3266 3770 ποίαν
3327 3711 3464 3770 ἰδίαν
3522 3713 3824 3783 ἐποιήσατο

2173 3802 2380 3878 σάρκα;
2414 3804 2558 3865 Τοὺς
2598 3804 2656 3859 δὲ
2714 3801 2971 3878 λέγοντας
3021 3804 3109 3860 ὅτι
3151 3808 3362 3876 κρᾶσις,
3393 3804 3429 3874 ἢ
3462 3803 3751 3879 σύγχυσις,
3786 3802 3823 3872 ἢ

2172 3893 2386 3971 φυρμὸς
2425 3890 2632 3967 ἐγένετο
2687 3896 2785 3947 τοῦ
2843 3897 2977 3949 Θεοῦ
3036 3892 3223 3970 Λόγου
3279 3893 3414 3965 πρὸς
3471 3894 3571 3961 τήν
3625 3893 3824 3967 σάρκα,

2169 3983 2557 4055 καταξιωσάτω
2616 4003 2717 4036 σου
2770 3984 2804 4050 ἡ
2847 3977 3124 4046 θεοσεϐεια
3179 3979 3478 4056 προδήλως
3535 3979 3829 4055 ἐπιστομί-

2172 4077 2298 4142 ζειν.
2333 4073 2488 4129 Μετᾶ
2544 4068 2601 4127 δὲ
2653 4075 2823 4127 ταῦτα
2878 4070 3161 4147 ΚυρίλΛου
3216 4069 3645 4142 τελευτήσαντος
3703 4069 3827 4125 ἐπι-

2170 4161 2358 4238 φύεται
2416 4162 2657 4240 μοναχός
2708 4181 2792 4223 τις
2867 4164 2961 4216 καὶ
3044 4158 3484 4237 ἀρχιμανδρίτης
3568 4162 3827 4236 Εὐτυχής

2170 4253 2597 4324 ὀνομαζόμενος,
2628 4251 2719 4305 καὶ
2749 4251 2967 4321 ἀποσπᾷ
3009 4250 3236 4306 κατόπιν
3283 4249 3447 4305 αὐτοῦ
3507 4250 3671 4326 μέρος
3718 4251 3825 4306 οὐκ

2170 4339 2361 4416 ὀλίγον
2388 4343 2485 4395 τοῦ
2515 4338 2678 4407 λαοῦ,
2711 4344 2889 4414 κυρῶν
2925 4338 2993 4394 τὰ
3050 4339 3350 4414 Νεπορίου
3401 4339 3492 4394 καὶ
3534 4341 3599 4394 τὸ
3651 4341 3823 4396 αὐτοῦ

2166 4429 2403 4505 πονηρὸν
2435 4425 2637 4505 δόγμα,
2671 4427 2887 4507 φάσκων
2917 4428 2993 4499 μή
3035 4429 3175 4483 εἶναι
3204 4429 3307 4497 τὴν
3355 4429 3528 4504 σάρκα
3563 4433 3659 4484 τοῦ
3712 4433 3822 4486 Κυ-

2168 4516 2288 4594 ρίου
2316 4520 2455 4591 ἡμῖν
2487 4516 2805 4590 ὁμοούσιον.
2840 4517 2938 4574 Καὶ
2974 4514 3041 4585 δὴ
3086 4516 3253 4573 πάλιν
3284 4518 3400 4590 μετ’
3455 4515 3643 4594 ὀλίγον
3698 4515 3817 4572 δια-

2170 4602 2403 4675 ϐολικῆς
2432 4605 2731 4681 ἷσχυυάσης
2771 4605 2959 4680 χειρὸς
3018 4604 3171 4679 ἑτέρα
3227 4602 3450 4667 σύνοδος
3506 4605 3558 4660 ἐν
3606 4605 3818 4684 Ἐφέσῳ

2172 4696 2436 4770 λῃστρικὴ
2496 4693 2586 4749 καὶ
2645 4694 2753 4769 οὐχ
2819 4693 2940 4748 ὁσία
3021 4695 3247 4768 γίνεται.
3327 4693 3820 4773 παραπεμφθέντος

2173 4783 2345 4839 ἐκεῖσε
2407 4783 2499 4838 καὶ
2565 4777 2880 4838 Φλαϐιανοῦ
2982 4782 3630 4852 Κωνσταντινουπόλεως,
3714 4784 3815 4851 τήν

2171 4877 2345 4927 πᾶσαι
2405 4870 2645 4942 ἐξουσίαν
2730 4869 3027 4946 Διοσκόρου
3110 4869 3518 4946 Ἀλεξανδρείας
3567 4871 3815 4947 ἔχοντος·

2172 4963 2261 5018 καὶ
2293 4959 2567 5040 φονεύεται
2603 4961 2695 5033 μὲν
2729 4954 3041 5022 Φλαϐιανὸς
3070 4960 3099 5014 ὁ
3129 4961 3296 5029 θεῖος,
3357 4961 3693 5036 ὑπερμαχῶν
3719 4968 3818 5029 τῆς

2173 5048 2471 5126 ὀρθοδόξου
2526 5048 2781 5117 πίστεως,
2869 5046 3229 5126 ἀνατρέπεται
3288 5046 3347 5104 δὲ
3402 5051 3438 5119 ἡ
3496 5048 3550 5105 ἐν
3610 5049 3820 5126 Ἐφέσῳ

2171 5138 2362 5214 πρώτη
2426 5136 2674 5203 σύνοδος,
2754 5138 3182 5213 ὗπογραψάντων
3246 5143 3446 5216 φονικῇ
3511 5140 3602 5215 βίᾳ
3656 5144 3819 5194 τινῶν

2173 5225 2508 5297 ἐπισκόπωδ,
2570 5226 2621 5298 ἐξ
2677 5228 2751 5282 ὦν
2813 5227 3031 5302 ὑπῆρχε
3091 5225 3376 5290 Βασίλειος
3417 5229 3446 5283 ὁ
3480 5226 3818 5291 Σελευκείας.

2172 5316 2463 5375 Κάντεῦθεν
2511 5319 2619 5371 τῶν
2678 5320 2775 5371 τοῦ
2828 5314 3154 5390 Νεστορίου,
3210 5316 3300 5370 καὶ
3359 5316 3678 5391 Διοσκόρου,
3731 5318 3820 5372 καὶ

2170 5403 2459 5479 Εὐτυχλῦς
2500 5401 2977 5477 δημοσιευομένων
3036 5405 3292 5479 πονηρῶν
3358 5403 3667 5482 δογμάτων,
3725 5406 3816 5461 καὶ

2170 5493 2394 5562 πολλῆς
2422 5495 2669 5568 ταραχῆς
2697 5493 2990 5566 γινομένης
3023 5493 3260 5566 μάλιστα
3285 5492 3337 5547 ἐν
3396 5497 3467 5568 τῇ
3518 5493 3813 5564 Ἀνατολῆ,

2171 5580 2448 5664 φονεύεται
2536 5586 2827 5656 Προτέριος
2883 5581 2913 5636 6
2973 5581 3141 5659 μέγας
3223 5581 3398 5658 ἱερεὺς
3480 5583 3571 5638 καὶ
3636 5580 3814 5659 ἕτεροι
