4170 6204
303 349 425 410 729

1435 343 1800 408 HISTORIA
1813 343 1992 406 RUM
2035 341 2589 407 COMPENDIUM.

3593 347 3743 410 730‘

303 482 577 539 πλεῖστοι.
644 477 866 536 Τούτων
950 478 1044 536 οὖν
1132 479 1309 542 οὕτως
1365 477 1607 558 ἐχόντων
1678 476 1957 532 ἀνίσταται

2070 477 2351 550 Eutychis
2404 479 2751 551 perniciosa:
2809 480 3143 552 opiniones,
3191 480 3509 553 magnique
3552 482 3708 539 009

308 571 490 635 θεόθεν
545 569 856 644 Μαρκιανὸς
927 569 955 623 ὸ
1032 566 1308 644 βασιλεὺς,
1393 567 1482 623 καὶ
1540 565 1855 642 συναγαγὼν
1908 563 1962 620 ἐν

315 656 631 730 Χαλκηδόνι
661 660 761 727 τήν
794 663 903 714 τῶν
949 656 1043 733 χλ’
1096 658 1346 732 Πατερων
1399 652 1647 725 σύνοδον,
1677 654 1962 729 παρόντων

315 747 612 823 Διοσκόρου
661 747 752 802 καὶ
814 746 1117 822 Εὖτυχοῦς,
1174 747 1294 821 μεθ’
1347 747 1425 801 ὦν
1463 744 1553 801 καὶ
1582 743 1743 808 αὐτὸς
1769 763 1963 818 πορευ·

316 838 451 905 θεῖς,
507 833 956 908 καταδικάζονται
1017 837 1113 910 μὲν
1167 836 1483 910 Διόσκορος,
1539 834 1630 891 καὶ
1690 832 1965 907 Εὖτυχὴς,

310 928 402 983 καὶ
446 924 765 1000 Νεστόριος,
820 925 910 979 καὶ
968 922 1136 980 πάλιν
1191 924 1685 996 ἀναθεματίζονται,
1752 919 1969 977 Θεοδώ-

313 1036 483 1093 ρητον
543 1013 621 1085 δὲ,
679 1014 770 1070 καὶ
820 1010 988 1086 Ἰϐαν,
1045 1013 1137 1070 καί
1190 1012 1468 1069 Βασίλειον
1503 1010 1821 1075 Σελευκείας
1846 1009 1968 1066 ’ἐδέ-

312 1106 470 1175 ξαντο
537 1103 1076 1180 καθυπογράψαντας.
1137 1102 1241 1159 Καὶ
1309 1109 1411 1172 τῆς
1477 1099 1778 1177 λῃστρικῆς
1842 1107 1966 1154 σύν-

311 1190 444 1249 όδου
512 1193 907 1269 ἀνατραπείσης
963 1191 1055 1247 καὶ
1107 1191 1644 1264 ἀναθεματισθείσης,
1698 1189 1773 1253 εἷς
1839 1188 1962 1262 μίαν

311 1283 632 1356 συμφωνίαν
665 1281 875 1359 ἤγαγον
906 1282 1109 1343 πάντας
1167 1282 1219 1336 οἱ
1276 1283 1410 1335 θεῖοι
1464 1280 1716 1354 Πατὲρες.
1747 1276 1963 1333 Τούτων

309 1368 369 1426 δὲ
396 1375 505 1425 τῶν
538 1372 813 1444 τεσσάρων
862 1366 1100 1425 συνόδων
1147 1365 1292 1425 οὕτω
1321 1369 1624 1444 γενομὲνων
1655 1366 1745 1420 καὶ
1777 1360 1965 1422 ἐπιϐε-

305 1454 650 1515 ϐαιωθεισῶν
679 1459 771 1515 καὶ
803 1464 1115 1535 κρατουσῶν
1175 1457 1228 1513 ἐν
1286 1462 1357 1532 τῇ
1413 1456 1509 1512 τοῦ
1559 1459 1695 1511 Θεοῦ
1726 1457 1964 1524 Ἐκκλη-

312 1548 430 1620 σία,
472 1549 525 1604 ot
579 1548 647 1604 τὰ
702 1547 999 1623 Νεστορίου
1055 1552 1375 1625 φρονοῦντες
1430 1542 1762 1601 ἐσπούδασαν
1812 1541 1965 1608 αὖθις

313 1642 418 1709 τὴν
479 1637 689 1715 α’ίρεσιν
746 1640 925 1695 αὐτῶν
981 1642 1304 1714 κρατῦναι...
1362 1643 1461 1706 τῆς
1522 1633 1813 1711 Θεοδώρου
1867 1639 1965 1690 τοῦ

318 1729 703 1803 Μοψουεστίας
770 1731 1051 1803 ἄφορμῆς,
1117 1725 1318 1800 πολλῷ
1402 1725 1628 1801 χείρονα
1694 1727 1788 1779 τοῦ
1858 1745 1965 1798 μα-

315 1822 485 1889 θητοῦ
546 1819 711 1873 αὐτοῦ
776 1816 1073 1910 Νεπορίου
1158 1818 1246 1890 [Ρ.
1305 1818 1478 1910 38-2,"
1524 1812 1958 1891 βλασφημήσαν-
1993 1846 2036 1910 Β

300 1927 421 1969 τος.
492 1907 652 1970 ’Όθεν
720 1905 901 1961 τοίνυν
967 1904 1057 1960 καὶ
1124 1907 1290 1979 ἡμεῖς
1354 1903 1778 1967 ἀκολουθοῦντες
1841 1906 1958 1963 τοῖς

298 1995 597 2070 ἡμετὲροις
662 1994 922 2066 πατράσι,
1025 1995 1110 2049 καὶ
1224 1993 1557 2069 βουλόμενοι
1622 1991 1720 2059 τήν
1791 1991 1958 2065 ὀρθὴν

301 2085 485 2140 πίστιν
544 2080 836 2155 ἀλώϐητον
899 2080 1378 2163 διαφυλάττεσθαι,
1435 2079 1813 2157 προτρέπομεν
1868 2079 1959 2134 καὶ

303 2174 510 2230 τούτου
567 2174 664 2235 τὰς
726 2170 1085 2250 βλασφημίας
1146 2168 1546 2244 διεξετάσαντες
1598 2170 1717 2224 κατ’
1789 2166 1960 2223 αὐτοῦ

301 2262 395 2318 καὶ
450 2267 560 2318 τῶν
616 2261 936 2339 όμοφρόνων
997 2260 1164 2317 αὐτοῦ
1221 2260 1622 2340 ἀποφήνασθαι.
1676 2257 1815 2333 Πρὸς
1855 2257 1961 2334 γὰρ

302 2357 424 2419 ταῖς
505 2347 704 2412 ἄλλαις
775 2350 1167 2423 ἀναριθμήτοις
1250 2348 1416 2404 αὐτοῦ
1483 2345 1815 2425 δυσφημίαις
1882 2345 1959 2408 εἰς

308 2440 550 2514 Χριστὸν
582 2440 675 2494 τὸν
708 2439 837 2496 Θεὸν
894 2441 1058 2510 ἡμῶν
1111 2436 1451 2514 γενομέναις,
1499 2433 1671 2492 ἄλλον
1703 2435 1836 2491 εἶναι
1866 2434 1956 2490 τὸν

307 2531 438 2585 Θεὸν
495 2530 671 2607 Λόγον
725 2529 817 2584 καὶ
874 2527 1045 2584 ἄλλον
1104 2530 1199 2585 τὸν
1256 2528 1515 2603 Χριστὸν,
1572 2525 1677 2581 ὑπὸ
1719 2530 1829 2581 τῶν
1858 2531 1959 2592 τῆς

309 2619 498 2692 eum;
539 2623 724 2683 παθῶν
776 2618 869 2674 καὶ
923 2625 1032 2675 τῶν
1090 2624 1191 2688 τῆς
1231 2617 1427 2692 σαρκὸς
1483 2616 1785 2688 ἐπιθυμιῶν
1843 2612 1962 2668 ἐνο-

312 2705 645 2782 χλούμενον,
701 2707 791 2762 καὶ
847 2710 955 2762 τῶν
996 2706 1263 2782 χειρόνων
1319 2705 1458 2761 κατὰ
1517 2704 1709 2780 μικρὸν
1741 2702 1961 2781 ἀφιστά-

312 2816 474 2868 μενον
527 2796 661 2868 πρὸς
720 2796 784 2851 τὰ
839 2795 1124 2868 κρείττονα
1178 2798 1248 2869 τῇ
1306 2796 1561 2869 προκοπῇ
1619 2795 1758 2866 τῶνξ,
1780 2790 1957 2867 ἱργων

304 2883 657 2955 ἐληλυθέναι,
687 2884 777 2940 καὶ
828 2888 897 2959 τῇ
948 2883 1139 2959 ἀρίστη
1194 2881 1447 2955 πολιτείᾳ
1481 2881 1773 2959 γενόμενον
1802 2877 1955 2953 ἄμωο

309 2994 436 3047 μον,
495 2973 583 3029 καὶ
642 2977 717 3035 ὼς
778 2972 940 3048 ψιλὸν
1001 2974 1284 3048 ἄνθρωπον
1340 2970 1393 3027 ἐν
1448 2971 1679 3046 ὀνόματι
1730 2968 1957 3045 Ματρὸς,

303 3062 392 3117 καὶ
456 3063 604 3127 Υἱοῦ,
664 3062 755 3118 καὶ
820 3062 973 3139 ἁγίου
1049 3063 1361 3136 Πνεύματος
1424 3060 1809 3136 βαπτισθῆναι,
1870 3056 1959 3113 καὶ

305 3150 398 3208 διὰ
431 3158 529 3209 τοῦ
585 3155 961 3229 βαπτίσματος
991 3155 1093 3223 τήν
1136 3153 1300 3233 χάριν
1332 3157 1431 3209 τοῦ
1461 3152 1618 3228 ἁγίου
1648 3148 1957 3225 Πνεύματος

299 3241 605 3320 εἰληφέναι,
662 3244 750 3299 καὶ
811 3243 1078 3305 υἱοθεσίας
1134 3244 1422 3314 ἠξιῶσθαι,
1465 3242 1557 3296 καὶ
1604 3242 1726 3307 καθ,
1759 3238 1960 3311 ὁμοίω-

306 3355 390 3389 σιν
428 3334 720 3410 βασιλικῆς
752 3334 960 3397 εἰκόνος
1019 3333 1096 3396 εἷς
1154 3334 1445 3408 πρόσωπον
1485 3337 1584 3388 τοῦ
1613 3336 1749 3388 Θεοῦ
1782 3332 1960 3406 Λόγου

305 3426 400 3479 τὸν
434 3425 666 3499 Χριστὸν
697 3426 1136 3499 προσκυνεῖσθαι,
1193 3424 1281 3478 καὶ
1345 3423 1480 3496 μετᾶ
1534 3429 1634 3491 τήν
1674 3420 1959 3476 ἀνάστασιν

308 3512 578 3585 ἄτρεπτον
637 3518 757 3574 ταῖς
825 3513 1052 3575 ἐννοίαις
1112 3513 1201 3568 καὶ
1277 3511 1657 3586 ἀναμάρτητον
1736 3515 1960 3585 γεγενῆ-

313 3605 457 3659 σθαι.
519 3603 616 3658 Καὶ
672 3604 809 3679 πρὸς
863 3602 1079 3665 τούτοις
1157 3604 1272 3659 εἶπε
1325 3602 1582 3672 τοιαύτην
1639 3602 1963 3676 γεγενῆσθαι

308 3695 412 3763 τὴν
441 3689 634 3748 ’ἐνωσιν
659 3698 759 3749 τοῦ
790 3697 924 3748 Θεοῦ
982 3692 1167 3767 Λόγου
1215 3692 1352 3765 πρὸς
1390 3691 1481 3746 τὸν
1508 3689 1737 3767 Χριστὸν
1771 3687 1962 3744 ὁποίαν

310 3783 340 3837 ὁ
376 3781 715 3843 ’Λπόστολος
745 3779 845 3859 ἔφη
879 3781 1004 3853 περὶ
1056 3785 1155 3836 τοῦ
1185 3776 1377 3854 ἀνδρὸς
1432 3779 1523 3835 καὶ
1552 3785 1653 3848 τῆς
1681 3777 1958 3852 γυναικός·

306 3876 567 3930 Ἔσονται
598 3873 651 3927 οἱ
682 3869 779 3927 δύο
810 3871 889 3935 είς
932 3871 1102 3945 σάρκα
1161 3870 1311 3944 μίαν.
1341 3873 1460 3929 Ἒτι
1493 3868 1550 3926 δὲ
1579 3869 1961 3946 προτρέπομαι

311 3961 455 4034 ὑμᾶς
510 3959 747 4032 ἔξετάσαι
803 3963 893 4016 καὶ
949 3962 1018 4016 τὰ
1062 3965 1247 4025 κακῶς
1298 3961 1575 4039 γραφαντα
1630 3958 1775 4033 παρὰ
1832 3965 1960 4013 Θεοο

310 4049 568 4124 δωρήτου
635 4050 724 4105 καὶ
792 4045 912 4108 Ἶϐα
974 4052 1114 4106 κατά
1168 4057 1270 4120 τῆς
1337 4049 1390 4104 ἐν
1461 4050 1669 4126 Ἐφέσῳ
1733 4048 1958 4122 πρώτης

308 4140 469 4215 ἁγίας
526 4135 774 4208 συνόδου,
829 4139 918 4194 καὶ
978 4138 1187 4213 ὁμοίως
1244 4138 1310 4193 τὰ
1348 4138 1466 4193 κατ’
1524 4137 1690 4193 αὐτοῦ
1744 4137 1959 4213 ἀποφή-

305 4230 516 4284 νασθαι.

384 4315 487 4371 Καὶ
542 4319 715 4372 ταῦτα
770 4314 936 4371 πάλιν
994 4315 1254 4377 ὡσαύτως
1313 4314 1366 4369 οἱ
1425 4318 1563 4378 θεῖοι
1596 4313 1825 4388 ηατὲρες
1854 4332 1954 4368 πο·

308 4401 856 4478 λυπραγμονήσαντες
915 4404 1302 4476 ἀπεκρίθησαν.
1350 4405 1410 4459 Ἡ
1463 4403 1556 4474 μὲν
1615 4401 1670 4457 ἐν
1726 4401 1951 4472 Χαλκηη

308 4489 427 4547 δόνι
457 4493 573 4547 θεία
603 4490 827 4556 σύνοδος
860 4490 1217 4569 Θεοδωρήτου
1269 4492 1361 4547 καὶ
1416 4487 1538 4550 ’Ἰϐα
1576 4492 1762 4547 πολλᾶ
1790 4512 1951 4546 καταο

2069 568 2401 639 prmsertim
2432 569 2493 623 in
2525 570 2760 626 Oriente
2791 570 3148 625 exsisterent
3184 570 3498 639 tumultus,
3529 571 3711 627 occisi

2070 661 2210 711 sunt
2235 656 2534 711 Proterius
2560 658 2871 728 episcopus
2901 663 2960 713 et
2987 657 3090 712 alii
3122 657 3384 728 plurimi.
3407 660 3488 713 Eo
3509 675 3711 714 rerum

2069 750 2225 799 statu
2257 743 2453 801 divina
2482 745 2853 816 providentia
2898 745 3258 801 Marcianum
3292 746 3713 818 imperatorem

2068 838 2250 889 creat.
2307 834 2362 889 Is
2419 833 2690 890 interfuit
2743 850 2778 890 a
2834 850 2897 889 se
2945 840 3149 890 coacto
3195 834 3566 891 Chalcedone
3606 836 3712 889 630

2068 924 2310 977 Patrum
2367 923 2644 988 concilio.
2674 924 3065 994 praesentibus
3116 924 3296 979 etiam
3346 923 3623 979 Dioscoro
3653 928 3713 978 et

2067 1012 2411 1084 Eutychete.
2440 1011 2525 1067 lbi
2578 1029 2782 1069 rursus
2829 1012 3191 1068 damnantur
3220 1014 3555 1080 Dioscorus,
3595 1014 3710 1067 Eu-

2070 1103 2273 1174 tyches
2302 1110 2361 1158 et
2390 1102 3123 1174 Nestorius,approbantur
3142 1102 3551 1167 Theodoritus,
3576 1102 3710 1158 lbas

2069 1199 2128 1249 et
2156 1192 2407 1249 Basilius
2431 1191 2711 1248 Seleuciae
2744 1193 3223 1264 episcopus,cum
3254 1192 3493 1248 tandem
3524 1192 3710 1264 priori

2069 1281 2320 1337 concilio
2374 1281 2884 1353 subscripsissent.
2917 1283 3004 1337 Ita
3057 1281 3294 1336 abolitis
3341 1280 3709 1353 prasdatoria)

2069 1372 2278 1444 synodi
2309 1372 2455 1428 actis
2502 1378 2562 1427 et
2589 1372 2908 1438 damnatis,
2936 1371 3256 1429 concordia
3283 1387 3321 1427 a
3350 1371 3571 1427 sanctis
3600 1373 3710 1427 Pa-

2067 1461 2260 1517 tribus
2306 1462 2465 1517 inter
2518 1477 2727 1516 omnes
2778 1460 3120 1517 concilliata
3168 1466 3277 1516 est.
3312 1460 3415 1516 His
3453 1465 3712 1531 quatuor

2066 1553 2339 1611 conciliis
2368 1554 2452 1609 sic
2482 1554 2627 1609 actis
2650 1559 2710 1610 et
2736 1554 3085 1610 auctoritate
3110 1553 3425 1624 roboratis,
3458 1568 3708 1624 eamque

2068 1645 2130 1700 in
2152 1644 2414 1700 Ecclesia
2444 1644 2545 1699 Dei
2576 1643 3003 1710 obtinentibus,
3026 1644 3359 1700 Nestoriani
3389 1643 3586 1699 denuo
3608 1659 3707 1699 co-

2068 1734 2191 1789 nati
2213 1739 2527 1788 suntsuam
2544 1733 2819 1789 haaresim
2843 1733 3195 1789 confirmare
3216 1749 3396 1805 opera
3416 1732 3706 1789 Theodori

2067 1822 2438 1893 Mepsuestiaa
2469 1822 2752 1894 episcopi,
2786 1822 2888 1893 qui
2928 1823 3273 1894 magistrum
3298 1838 3472 1878 suum
3502 1824 3708 1878 Nesto-

2064 1909 2221 1964 rium
2251 1910 2432 1981 impie
2462 1910 2532 1965 de
2584 1910 2760 1966 rebus
2809 1911 2994 1966 sacris
3038 1911 3339 1982 loquendo
3371 1909 3707 1982 superabat.

2064 1998 2321 2053 Proinde
2352 2016 2459 2054 nos
2510 2000 2772 2073 vestigiis
2826 2001 3119 2071 majorum
3178 2004 3521 2057 nostrorum
3563 1999 3709 2055 insi-

2066 2092 2291 2143 stentes
2324 2089 2752 2159 cupientesque
2796 2104 2993 2145 veram
3044 2088 3223 2145 ﬁdem
3252 2089 3541 2162 integram
3573 2105 3710 2144 con-

2066 2192 2321 2243 servare,
2353 2177 2661 2233 hortamur
2706 2195 2807 2234 vos
2831 2184 2899 2234 ut
2944 2178 3122 2250 hujus
3153 2193 3387 2250 quoque
3419 2177 3709 2234 scelerata

2067 2265 2377 2323 mendacia
2405 2267 2812 2323 examinantes
2832 2267 2905 2323 de
2937 2283 3005 2322 eo
3028 2273 3085 2323 et
3108 2267 3498 2324 sectatoribus
3519 2267 3706 2339 ipsius

2066 2353 2355 2410 statuatis.
2392 2357 2533 2410 Nam
2567 2361 2783 2428 praater
2809 2356 3126 2413 innumera
3153 2357 3271 2413 alia
3289 2373 3420 2427 quae
3442 2356 3621 2427 impie
3645 2356 3707 2411 in

2066 2442 2364 2498 Christum
2423 2444 2609 2499 Deum
2664 2451 2933 2500 nostrum
2993 2444 3308 2501 maledicta
3336 2445 3613 2510 evomuit,
3645 2443 3707 2499 id

2066 2548 2303 2602 quoque
2334 2532 2597 2603 protulit,
2630 2532 2816 2589 alium
2842 2549 2971 2588 esse
2994 2534 3179 2589 Deum
3208 2532 3486 2599 Verbum,
3518 2531 3705 2588 alium

2066 2618 2388 2683 Christum,
2448 2620 2549 2691 qui
2598 2621 2797 2676 animi
2825 2621 3372 2691 perturbationibus
3422 2626 3482 2676 et
3509 2621 3706 2676 carnis

2066 2708 2491 2780 cupiditatibus
2504 2708 2839 2765 molestiam
2851 2710 2963 2780 ipsi
2978 2709 3392 2765 exhibentibus
3414 2708 3703 2780 paulatim

2066 2797 2504 2854 adeterioribus
2516 2798 2811 2855 desistens
2829 2800 3121 2855 factorum
3132 2798 3398 2871 profectu
3410 2798 3472 2853 in
3488 2798 3704 2854 melius

2066 2887 2338 2957 evaserit,
2369 2888 2789 2960 inculpataque
2845 2889 3083 2961 optimas
3131 2888 3263 2944 vitae
3290 2887 3519 2944 ratione
3550 2888 3706 2945 670

2066 2993 2210 3032 usus
2241 2977 2353 3043 sit;
2402 2978 2525 3048 qui,
2558 2984 2623 3033 ut
2670 2977 2865 3033 nudus
2913 2978 3114 3043 homo,
3151 2978 3213 3033 in
3243 2977 3485 3034 nomine
3515 2976 3707 3033 Patris

2068 3070 2127 3121 et
2156 3065 2285 3121 Filii
2338 3070 2397 3121 et
2450 3066 2700 3138 Spiritus
2756 3067 2945 3122 sancti
2992 3066 3341 3138 baptizatus,
3383 3084 3489 3138 per
3519 3065 3708 3138 bapti-

2067 3170 2262 3209 smum
2273 3155 2519 3227 gratiam
2535 3155 2789 3226 Spiritus
2801 3155 2991 3211 sancti
3012 3154 3709 3226 consecutus,adoptione

2069 3243 2147 3298 sit
2176 3243 2487 3316 dignatus;
2521 3250 2581 3299 et
2607 3244 2681 3300 ad
2729 3244 3181 3300 similitudinem
3230 3245 3405 3317 regias
3436 3243 3710 3317 imaginis

2066 3331 2335 3387 Christus
2394 3332 2455 3387 in
2515 3349 2770 3403 persona
2816 3332 2994 3388 Verbi
3052 3332 3157 3388 Dei
3214 3332 3516 3398 adoratus,
3578 3336 3713 3405 post

2065 3422 2566 3477 resurrectionem
2627 3422 2825 3477 animo
2883 3422 3178 3478 constanti
3234 3427 3295 3479 et
3332 3426 3708 3494 peccatorum

2065 3526 2246 3567 vacuo
2294 3510 2493 3566 fuerit.
2552 3513 2847 3567 Prasterea
2896 3511 3298 3583 pronuntiavit
3354 3527 3484 3567 eam
3523 3510 3707 3568 fuisse

2068 3599 2242 3655 Verbi
2274 3616 2409 3655 cum
2432 3600 2663 3656 Christo
2694 3601 3187 3673 unitionem,quaa
3218 3605 3308 3656 est
3331 3600 3405 3657 ab
3426 3601 3708 3674 Apostolo

2068 3687 2227 3743 dicta
2276 3688 2382 3743 viri
2430 3704 2565 3743 cum
2620 3689 2920 3745 muliere:
2966 3691 3035 3745 Et
3082 3695 3257 3746 erunt
3309 3688 3426 3745 duo
3478 3690 3541 3744 in
3589 3706 3711 3746 una

2068 3792 2264 3832 carne.
2298 3776 2385 3831 Ad
2443 3776 2567 3832 haac
2626 3794 2726 3832 vos
2770 3778 2979 3833 hortor
3024 3783 3092 3832 ut
3133 3779 3311 3833 etiam
3360 3779 3710 3836 examinatis

2067 3884 2199 3938 quae
2231 3884 2265 3923 a
2291 3868 2644 3924 Theodorito
2675 3874 2734 3923 et
2762 3868 2863 3923 lba
2902 3869 3053 3924 male
3084 3869 3305 3938 scripta
3336 3874 3473 3924 sunt
3504 3874 3711 3924 contra

2064 3958 2231 4029 prius
2280 3959 2639 4030 Ephesinum
2687 3963 2955 4013 sanctum
2998 3957 3340 4027 concilium,
3386 3962 3709 4028 contraque

2066 4064 2167 4103 eos
2197 4046 2403 4102 eodem
2436 4046 2610 4102 modo
2640 4047 2999 4103 sententiam
3030 4046 3253 4102 feratis.

2133 4318 2337 4373 Patres
2360 4317 2452 4373 his
2474 4334 2711 4373 rursum
2738 4323 3011 4374 accurate
3041 4317 3433 4374 consideratis
3456 4333 3703 4389 respon~

2061 4405 2296 4461 derunt:
2313 4405 2796 4463 Chalcedonense
2808 4423 3041 4463 sacrum
3061 4405 3381 4463 concilium
3393 4405 3707 4461 Theodori-

2060 4499 2187 4549 tum
2210 4495 2437 4550 etlbam
2459 4496 2713 4567 graviter
2728 4496 2921 4553 verbis
2938 4497 3291 4553 insectatum
3304 4512 3423 4551 non
3441 4495 3559 4551 alia
3570 4512 3707 4551 con-

309 4575 559 4651 ϐοήσασα
588 4581 688 4636 οῦκ
724 4579 913 4643 ἄλλως
971 4581 1167 4646 αὐτοὺς
1223 4578 1459 4651 ἐδέξατο,
1492 4580 1540 4637 εἲ
1572 4582 1648 4655 μή
1695 4579 1956 4656 πρότερον

2066 4583 2288 4640 ditione
2302 4585 2361 4639 in
2374 4585 2623 4657 gratiam
2636 4586 3065 4657 recepit,quam
3082 4591 3148 4641 ut
3160 4585 3323 4657 prius
3336 4601 3444 4641 sua
3464 4583 3708 4641 damna-

308 4666 694 4741 ἀνεθεμάτισαν
757 4668 821 4723 τα
890 4665 1006 4723 ἴδια
1081 4669 1296 4744 πονηρᾶ
1375 4670 1798 4747 συγγράμματα,
1862 4672 1953 4727 καὶ

305 4754 607 4832 Θεόδωρον,
663 4758 749 4813 καὶ
811 4757 1127 4832 Νεστόριον.
1185 4759 1376 4832 ἹΙμεῖς
1444 4755 1501 4813 δὶ
1563 4758 1951 4835 κατακρίνομεν

302 4844 394 4901 καὶ
454 4845 923 4919 ἀναφεματίζομεν
969 4845 1107 4920 πρὸς
1161 4852 1279 4909 τοῖς
1333 4844 1529 4909 ἄλλοις
1582 4847 1777 4903 ἅπασιν
1814 4849 1955 4923 αἱρε-

298 4940 497 5001 τικοῒς,
554 4940 669 4998 τοῖς
726 4937 1093 5008 κατακριθεῖτι
1147 4936 1236 4991 καὶ
1291 4936 1792 5009 ἀναθεματισθιῖσιν
1849 4938 1952 4993 ὑπὸ

300 5028 412 5079 τῶν
463 5023 767 5099 εἰρημένων
805 5023 973 5100 ἁγίων
1013 5024 1286 5098 τεσσάρων
1354 5021 1618 5094 συνόδων,
1666 5027 1758 5081 καὶ
1817 5027 1948 5082 Θεό-

305 5109 482 5189 δωρον
559 5113 844 5191 γενόμενον
912 5112 1202 5168 ἐπίσκοπον
1288 5116 1668 5189 Μοψουεστίας
1733 5116 1820 5171 καὶ
1885 5118 1954 5173 τὰ

305 5196 539 5270 δυσσεϐῆ
607 5202 1009 5276 συγγράμματα
1070 5201 1260 5268 αὐτοῦ,
1325 5204 1415 5258 καὶ
1485 5203 1669 5278 μέντοι
1732 5206 1820 5261 καὶ
1884 5207 1952 5261 τὰ

301 5295 486 5355 κακῶς
533 5292 681 5365 παρᾶ
728 5287 1083 5363 Θεοδωρητου
1136 5293 1511 5368 συγγραφέντα
1557 5294 1693 5349 κατὰ
1743 5314 1802 5348 τε
1850 5302 1951 5364 τῆς

292 5378 461 5453 ὀρθῆς
514 5379 747 5441 πίστεως
811 5381 902 5434 καὶ
962 5384 1073 5434 τῶν
1131 5376 1342 5435 δώδεκα
1396 5379 1709 5459 κεφαλαίων
1760 5387 1858 5438 τοῦ
1897 5383 1949 5439 ἐν

296 5468 473 5542 ἁγίοις
532 5465 816 5543 Κυρίλλοὺ
873 5467 964 5522 καὶ
1021 5474 1125 5536 τῆς
1184 5467 1236 5523 ἐν
1294 5470 1505 5548 Ἐφέσῳ
1546 5473 1772 5542 πρώτης
1800 5473 1947 5546 ἱερᾶς

299 5551 550 5624 συνόδου,
611 5557 699 5611 καὶ
754 5558 854 5611 ὅσα
910 5556 1041 5631 ὑπὲρ
1099 5558 1424 5631 συνηγορίας
1490 5557 1774 5633 Θεοδώρου
1857 5562 1946 5616 καὶ

295 5643 594 5718 Νεστορίου
658 5644 808 5716 αὐτῷ
880 5642 1201 5721 γέγραπται.
1262 5645 1402 5720 Ηρὸς
1477 5647 1693 5709 τούτοις
1759 5649 1949 5714 ἀναθε-

2063 4671 2365 4726 rcntmala
2398 4673 2618 4743 scripta
2647 4679 2706 4727 et
2732 4673 3103 4729 Theodorum
3129 4674 3563 4729 acNestorium.
3588 4675 3703 4728 Nos

2063 4765 2261 4814 autem
2273 4765 2488 4832 praeter
2501 4761 2764 4833 reliquos
2777 4779 2986 4819 omnes
2998 4762 3308 4818 hazreticos
3325 4760 3546 4817 adictis
3559 4776 3704 4830 qua-

2064 4854 2199 4905 tuor
2209 4850 2430 4906 sanctis
2441 4852 2712 4906 conciliis
2722 4851 3035 4908 damnatos
3050 4857 3225 4922 atque
3238 4850 3499 4906 Ecclesia
3510 4848 3707 4903 exclu-

2064 4939 2543 4999 sos.damnamus
2564 4941 2742 4997 etiam
2783 4947 2962 5012 atque
2995 4940 3420 5013 proscribimus
3443 4936 3705 4993 Theodo-

2060 5044 2193 5083 rum
2216 5029 2315 5100 qui
2338 5029 2449 5084 fuit
2469 5031 2835 5102 Mopsuestia:
2872 5030 3203 5102 episcopus,
3227 5026 3700 5098 ejusqueimpios

2060 5116 2263 5186 libros,
2298 5134 2532 5174 necnon
2582 5136 2651 5174 ea
2680 5136 2811 5190 quae
2859 5118 3249 5175 Theodoritus
3279 5117 3435 5172 male
3467 5116 3703 5186 scripsit

2061 5214 2267 5262 contra
2312 5224 2507 5263 veram
2558 5208 2736 5264 ﬁdem
2786 5213 2845 5263 et
2891 5207 3202 5263 duodecim
3252 5206 3440 5262 sancti
3494 5204 3697 5278 Cyrilli

2060 5297 2253 5368 capita
2282 5313 2350 5352 ac
2381 5297 2633 5369 primam
2684 5302 2949 5353 sanctam
2993 5296 3349 5368 Ephesinam
3382 5295 3701 5369 synodum,

2060 5391 2119 5440 et
2150 5402 2254 5456 pro
2279 5386 2627 5443 defensione
2684 5386 2973 5442 Theodori
3005 5402 3074 5441 ac
3101 5385 3375 5441 Nestorii.
3411 5387 3704 5442 Prmterea

2059 5472 2413 5530 damnamus
2443 5476 2622 5531 etiam
2681 5475 2926 5547 impiam
2976 5474 3291 5546 epistolam
3342 5491 3521 5546 quam
3551 5475 3690 5532 671

2057 5563 2159 5619 Iba
2188 5565 2377 5620 fertur
2403 5567 2712 5638 scripsisse
2742 5566 2816 5622 ad
2848 5566 3032 5621 Marin
3064 5567 3330 5633 Persam,
3361 5581 3494 5637 qua;
3524 5571 3701 5639 negat

2057 5653 2311 5709 Verbum
2345 5655 2449 5710 Dei
2480 5671 2549 5711 ex
2579 5660 2787 5712 sancta
2831 5655 3068 5728 Virgine
3112 5653 3357 5726 Deipara
3383 5655 3563 5712 Maria
3590 5655 3692 5710 in-
