4170 6204
411 323 525 392 ’131

1767 318 2087 386 GEORGII
2133 320 2469 389 CEDBENI

3696 324 3822 390 732

413 468 720 521 carnatum
753 461 1056 517 hominem
1105 472 1236 515 esse
1274 459 1517 525 factum,
1552 462 1610 513 et
1645 457 1845 513 divum
1876 457 2058 530 Cyril-

2190 458 2471 534 ιατίζομεν
2519 460 2609 516 καί
2666 460 2767 533 τήν
2821 455 2989 533 ἄσεϐἥ
3048 457 3347 530 ἐπιστολὴν
3376 460 3475 530 τήν
3504 456 3820 539 λεγομὲνην

415 555 541 610 lum
571 570 676 625 pro
735 551 1010 606 hmretico
1064 548 1354 613 traducit;
1414 563 1483 603 ac
1526 546 1777 618 primam
1811 547 2055 619 quidem

413 643 773 715 Ephesinam
806 653 1033 694 sacram
1066 637 1357 709 synodum
1390 636 1875 708 reprehendit,ut
1904 652 2054 708 qum,

416 733 715 806 incognita
744 729 1289 795 causa,Nestorium
1320 728 1709 796 damnaverit,
1741 725 2056 784 duodecim

417 829 610 879 autem
636 819 896 891 capitula
935 818 1123 873 sancti
1147 817 1347 889 Cyrilli
1373 817 1668 888 conspuit,
1704 817 1969 872 Nestor-io
1999 819 2060 873 et

415 909 720 968 Theodoro
738 922 1065 980 eorumque
1086 907 1289 979 impiis
1318 905 1555 977 scriptis
1585 910 1645 961 et
1673 904 2059 978 opinionibus

415 999 838 1075 patrocinatur.
906 996 1276 1069 Quapropter
1332 995 1583 1050 eil'renes
1648 994 2059 1051 haereticorum

417 1091 667 1145 istorum
694 1087 927 1158 linguas
975 1084 1448 1156 impiissimaque
1499 1084 1739 1154 scripta,
1782 1083 2061 1154 ipsosque

417 1178 492 1236 ad
524 1182 856 1232 extremum
891 1172 954 1228 in
978 1174 1147 1229 falsis
1186 1172 1310 1228 suis
1331 1172 1714 1244 opinionibus
1747 1188 1814 1228 ac
1836 1172 2064 1228 malitia

419 1268 890 1339 perseverantes,
948 1261 1172 1333 optimo
1221 1260 1356 1332 jure
1412 1260 1564 1331 patri
1615 1260 2062 1316 mendaciorum

421 1354 656 1411 diabolo
689 1355 1154 1408 annumeranies
1177 1349 1481 1405 dicemus:
1516 1349 1719 1405 Vadite
1754 1349 1813 1405 in
1837 1350 2063 1407 lumine

420 1444 574 1517 ignis
604 1442 803 1505 vestri,
838 1447 898 1496 et
928 1441 989 1496 in
1023 1440 1263 1495 flamma
1293 1454 1473 1510 quam
1504 1439 1883 1511 concepistis.

2169 548 2312 623 παρὰ
2367 545 2484 607 Ἴδα
2533 549 2829 630 γεγράφθαι
2885 550 3023 627 πρὸς
3079 551 3256 626 Μάριν
3311 549 3405 606 τὸν
3448 548 3819 623 Πίρσην,τὴν

2166 636 2505 712 ἀρνουμίνην
2534 638 2623 694 τὸν
2658 639 2786 695 Θεὸν
2844 638 3021 715 Λόγον
3079 637 3140 695 ἐκ
3187 644 3290 708 τῆς
3348 638 3499 715 ἁγίας
3532 637 3823 713 Παρθένου

2167 730 2269 793 τῆς
2322 729 2593 785 Θεοτόκου
2653 728 2863 805 Μαρίας
2925 728 3266 801 ωρκωθέντα
3322 724 3608 803 ἄνθρωπον
3654 746 3821 805 γεγεο

2167 818 2384 887 νῆσθαι,
2436 818 2530 872 καὶ
2585 817 2681 873 τὸν
2739 816 3017 882 θεσπέσιον
3080 815 3361 892 Κύριλλον
3412 816 3491 879 ὡς
3545 815 3825 892 αἱρετικὸν

2170 900 2600 976 διαϐάλλουσαν,
2655 907 2746 962 καὶ
2812 905 3169 988 μεμφομένην
3235 905 3331 979 μὶν
3387 907 3488 976 τὴν
3528 904 3828 984 ὄνἘφὲσφ

2169 995 2393 1069 πρώτην
2441 994 2596 1073 ἁγίαν
2647 992 2867 1051 σύνοδον
2927 996 3005 1059 ὡς
3060 994 3242 1071 ’χωρίς
3269 996 3499 1073 κρίσεως
3529 994 3618 1051 καὶ
3651 995 3833 1066 ζητη-

2171 1102 2308 1147 σεως
2349 1083 2439 1140 τὸν
2497 1084 2791 1158 Νεστόριον
2850 1083 3206 1152 καθελοῦσαν,
3236 1084 3327 1141 καὶ
3356 1085 3425 1141 τὰ
3457 1084 3530 1161 ιβ’
3555 1080 3835 1163 κεφάλαια

2168 1175 2266 1228 τοῦ
2323 1174 2592 1251 μακαρίου
2649 1172 2932 1249 Κυρίλλου
2982 1171 3365 1244 διαπτύουσαν,
3413 1169 3735 1230 ἲκδικοῦσαν
3768 1170 3835 1228 εδ

2171 1262 2468 1339 Νεστόριον
2527 1262 2615 1319 καὶ
2671 1259 2954 1339 Θεόδωρον
3030 1262 3122 1318 καί
3176 1262 3244 1319 τὰ
3321 1263 3586 1338 θεοστυγῆ
3647 1262 3829 1318 αὐτῶν

2173 1350 2573 1428 συγγράμματά
2636 1370 2694 1408 τε
2759 1352 2850 1407 καὶ
2917 1348 3182 1428 δόγματα.
3259 1352 3352 1407 Διὸ
3427 1349 3512 1425 [Ρ.
3554 1351 3677 1424 3‘73]
3758 1348 3835 1421 δὴ

2170 1438 2353 1495 τοίνυν
2410 1441 2507 1504 τὰς
2567 1441 2666 1517 μὲν
2720 1445 2828 1497 τῶν
2886 1441 3172 1516 αἱρετικῶν
3229 1440 3438 1496 τοῦτων
3487 1438 3577 1495 καί
3609 1438 3834 1495 πάντων

422 1530 831 1606 ἀθυροστόμους
879 1527 1133 1603 γλώσσας
1190 1527 1280 1582 καὶ
1335 1527 1431 1590 τὰς
1485 1524 1692 1583 τούτων
1749 1520 2104 1591 ἀσεϐεστάτας
2158 1530 2497 1609 συγγραφὰς,
2556 1530 2751 1594 αὐτούς
2800 1528 2860 1586 τέ
2920 1530 3054 1593 τοὺς
3111 1526 3421 1605 αἱρετικοὺς
3473 1529 3598 1591 τοὺς
3656 1527 3832 1602 μέχρι

420 1620 613 1682 τέλους
643 1618 1004 1694 ἐμμείναντας
1032 1620 1101 1691 τῇ
1134 1617 1306 1688 οἰκείᾳ
1336 1614 1625 1689 κακοδοξίᾳ
1645 1617 1736 1673 καὶ
1767 1616 2024 1692 πονηρίᾳ,
2056 1621 2192 1691 μετᾶ
2214 1619 2415 1695 πατρὸς
2437 1624 2536 1676 τοῦ
2555 1617 2788 1695 ψεύδους
2819 1619 3043 1681 εἰκότως
3065 1614 3330 1674 διαϐόλου
3356 1618 3833 1695 συναριθμοῦντες,

421 1710 673 1786 ἐροῦμεν·
708 1707 1006 1783 Πορεύεσθε
1033 1712 1113 1780 τῷ
1142 1711 1282 1784 φωτί
1311 1712 1409 1762 τοῦ
1436 1708 1608 1775 πυρὸς
1639 1707 1793 1779 ίιμῶν
1827 1706 1914 1762 καί
1945 1708 2014 1781 τῇ
2045 1707 2207 1783 φλογὶ
2240 1710 2280 1781 ᾗ
2310 1708 2644 1780 ἰξεκαΰσατε.

496 1803 577 1858 Ea
589 1806 939 1873 tempestate
956 1799 1468 1870 ConstantinOpoli
1493 1799 1654 1854 dives
1675 1797 1920 1870 quidam
1935 1813 2069 1854 cum
2103 1803 2149 1867 Β

425 1894 737 1963 aegrotaret
767 1894 827 1944 et
865 1893 1113 1943 mortem
1147 1887 1408 1953 timoret,
1440 1888 1509 1940 30
1539 1886 1719 1941 libras
1750 1887 1979 1957 argenti
2009 1886 2072 1941 in

425 1992 719 2052 pauperes
749 1977 1028 2049 erogavit.
1066 1977 1390 2031 Restitutus
1433 1982 1632 2031 autem
1666 1981 1881 2047 printer
1909 1990 2075 2048 spem

428 2084 596 2125 suam
630 2068 800 2123 bona:
857 2064 1203 2129 valetudini,
1232 2065 1439 2120 fraude
1492 2064 1710 2121 diaboli
1762 2080 1831 2121 eo
1871 2069 1962 2121 est
1988 2065 2076 2120 in-

428 2159 640 2214 ductus
697 2160 761 2211 ut
816 2154 955 2212 facti
1014 2155 1144 2226 ejus
1203 2152 1395 2224 ipsum
1456 2154 1790 2225 pwniteret,
1845 2154 2075 2225 hocque

427 2246 664 2303 cuidam
700 2242 861 2299 ﬁdeli
892 2257 959 2298 ac
990 2242 1159 2298 diviti
1192 2258 1299 2297 suo
1348 2242 1538 2298 amico
1570 2242 1847 2314 aperiret.
1880 2244 2079 2298 Monet

426 2337 541 2391 iste
559 2331 859 2389 hominem
887 2347 960 2387 ne
976 2331 1113 2386 huic
1132 2332 1302 2386 malas
1328 2332 1692 2387 assentiatur
1712 2331 2073 2404 cogitationi,

430 2425 736 2494 Deumque
769 2421 980 2488 irritet,
1013 2421 1115 2491 qui
1167 2436 1303 2475 eum
1334 2426 1577 2492 propter
1606 2421 1778 2476 istam
1812 2420 2079 2493 largitio-

431 2529 569 2569 nem
599 2512 916 2567 miseratus
944 2510 1198 2565 sanitate
1231 2508 1574 2565 donaverit:
1609 2510 1831 2582 alioqui
1862 2511 1989 2567 fore
2012 2513 2081 2566 nt

433 2603 629 2659 subita
642 2606 831 2656 morte
853 2599 1118 2655 nondum
1139 2604 1365 2654 mutato
1390 2598 1542 2654 facto
1563 2600 1933 2670 pereat.Cum
1956 2616 2079 2657 non

435 2697 771 2747 moveretur
800 2689 923 2755 ille,
957 2689 1061 2744 sed
1116 2689 1302 2761 magis
1334 2689 1636 2760 magisque
1670 2689 2079 2760 quiritaretur,

433 2783 699 2838 amicus:
749 2779 1018 2845 Quando,
1050 2779 1268 2850 inquit,
1317 2780 1575 2835 salutare
1608 2778 1925 2836 consilium
1956 2794 2079 2835 non

434 2870 694 2938 admitis,
728 2867 890 2924 aliud
937 2866 1041 2923 tibi
1075 2867 1407 2936 subjiciam.
1442 2869 1709 2924 Poscenti
1757 2868 1888 2936 hoc,
1923 2869 2077 2927 012

433 2974 569 3014 vere
590 2957 929 3013 misericors
951 2956 1052 3012 ille
1079 2972 1092 3011 :
1125 2956 1411 3030 Agedum,
1436 2957 1539 3025 ait,
1564 2957 1625 3012 in
1648 2956 1937 3031 templum
1959 2957 2078 3027 abi,

436 3054 494 3106 et
519 3064 638 3103 non
668 3052 744 3115 te,
776 3062 978 3102 verum
1013 3060 1106 3101 me
1138 3046 1312 3101 istam
1352 3047 1415 3102 in
1445 3062 1735 3118 pauperes
1767 3046 2078 3119 elargitum

434 3140 616 3197 fuisse
668 3138 984 3211 pecuniam
1034 3136 1235 3192 dicito.
1265 3138 1397 3208 Ipse
1445 3136 1553 3191 tibi
1603 3137 1801 3192 statim
1846 3136 2079 3193 30.illas

436 3230 616 3285 libras
636 3227 1301 3283 reddam.Consentiens
1325 3225 1529 3280 infelix
1551 3224 1649 3280 ille
1683 3225 1757 3281 ad
1789 3224 2077 3297 templum

434 3317 599 3378 abiit.
652 3330 917 3386 auroque
974 3320 1215 3384 accepto
1272 3314 1355 3368 ita
1405 3313 1492 3367 uti
1536 3312 1689 3368 alter
1716 3318 2079 3385 praeceperat

433 3406 668 3462 locutus
683 3408 800 3469 est;
816 3402 954 3457 inde
976 3401 1284 3474 egrediens
1309 3401 1383 3456 ad
1408 3402 1598 3473 ipsam
1624 3400 1825 3474 templi
1850 3408 2079 3474 portam

437 3500 709 3553 mortuus
755 3492 1033 3549 concidit.
1066 3492 1310 3547 Clericis
1363 3491 1437 3547 ad
1468 3492 1551 3546 rei
1605 3492 1927 3548 novitatem
1958 3498 2082 3547 stu-

440 3584 717 3659 pentibus
747 3583 1144 3653 omnibusque
1194 3582 1326 3637 aliis
1349 3582 1449 3653 qui
1481 3588 1602 3638 tum
1632 3582 1781 3637 forte
1812 3580 2080 3653 aderant,

428 3674 782 3750 jubentibus
811 3674 1064 3730 alterum
1098 3672 1411 3745 pecuniam
1456 3673 1721 3745 recipere
1756 3688 1945 3736 suam,
1978 3672 2082 3729 ille

438 3780 559 3823 non
591 3760 1146 3835 obtemperavit,sed
1171 3778 1409 3817 omnem
1434 3762 1590 3817 inter
1619 3777 1834 3834 egenos
1864 3762 2081 3833 divisit,

439 3853 597 3928 quod
654 3853 877 3910 diceret
936 3854 1120 3908 Deum
1180 3866 1301 3906 non
1358 3851 1479 3922 pati
1512 3866 1751 3906 sannas.
1786 3851 2085 3907 Promissa

443 3946 604 4002 enim
636 3945 752 4000 Deo
786 3960 905 3999 non
935 3948 1166 3998 tantum
1197 3941 1531 4014 pecuniam,
1563 3940 1667 3997 sed
1700 3940 1876 3996 verba
1904 3940 2084 3996 etiam

439 4035 924 4105 voluntatemque
973 4031 1239 4101 obligant
1280 4047 1295 4098 ;
1327 4036 1387 4086 et
1436 4029 1723 4102 quidquid
1757 4030 1935 4085 homo
1965 4030 2084 4083 Deo

442 4124 747 4197 pollicitus
803 4122 1001 4187 fuerit,
1044 4121 1105 4175 id
1161 4126 1443 4192 praestare
1497 4136 1644 4192 opus
1694 4118 1894 4185 habet,
1925 4117 2085 4190 virgo

443 4214 864 4287 virginitatem,
897 4210 1212 4265 continens
1252 4209 1702 4266 continentiam.
1736 4208 1835 4279 qui
1867 4206 1929 4262 in
1962 4221 2086 4261 ma~

444 4302 723 4357 trimonio
754 4301 974 4367 vivunt,
1004 4299 1351 4371 pudicitiam
1402 4303 1795 4369 mutuumque
1823 4312 2088 4352 amorem

447 4397 504 4447 et
534 4391 845 4455 honorem,
877 4388 1134 4459 denique
1166 4402 1373 4442 omnes
1404 4386 1585 4443 ﬁdem
1616 4386 1734 4441 Deo
1767 4390 1827 4440 et
1853 4384 2087 4457 religio-

444 4496 585 4535 nem
617 4484 677 4534 et
696 4479 993 4550 justitiam
1024 4481 1084 4532 et
1111 4476 1544 4532 fortitudinem.

2250 1798 2340 1857 Ἐν
2397 1797 2617 1860 τούτοις
2671 1800 2791 1861 τοῖς
2843 1794 2981 1854 ἔτεσι
3035 1795 3305 1861 πλούσιός
3330 1794 3495 1859 τιςέν
3540 1802 3831 1853 Κωνσταν-

2182 1906 2332 1942 τινου
2385 1885 2546 1942 πόλει
2614 1889 2847 1959 νοσήσας
2926 1886 3014 1942 καί
3104 1885 3198 1942 τὸν
3264 1886 3491 1950 θάνατον
3554 1882 3838 1948 δειλιάσας

2185 1970 2356 2032 ἔδωκε
2410 1980 2531 2038 τοῖς
2587 1976 2783 2048 πένησι
2840 1975 3072 2054 χρυσίου
3133 1974 3321 2051 λίτρας
3379 1974 3686 2050 τριάκοντα.
3732 1974 3843 2031 Καὶ

2185 2066 2332 2141 παρὰ
2360 2062 2690 2141 προσδοκίαν
2751 2066 2967 2142 ὑγιάνας
3021 2065 3111 2120 καὶ
3170 2061 3577 2138 μεταμεληθεὶς
3629 2060 3848 2119 ἰκδια-

2187 2149 2421 2222 ϐολικῆς
2480 2153 2690 2225 ἀπάτης
2750 2151 2935 2229 θαῤῥεί
2985 2158 3147 2209 τοῦτο
3195 2151 3408 2228 γνησίῳ
3443 2153 3535 2208 καί
3582 2151 3845 2226 πλουσίῳ

2186 2242 2335 2321 φίλῳ
2364 2242 2549 2302 αὐτοῦ.
2582 2242 2643 2300 '0
2673 2242 2732 2299 δὲ
2762 2240 2907 2318 λίγει
2947 2243 3118 2316 αὐτῷ’
3152 2240 3455 2317 Μηδαμῶς,
3488 2240 3534 2297 ὦ
3565 2240 3839 2317 ἄνθρωπε,

2186 2329 2457 2409 παραδέξῃ
2507 2332 2600 2388 τὸν
2659 2332 2904 2404 πονηρὸν
2956 2334 3149 2387 τοῦτον
3207 2328 3504 2407 λογισμὸν,
3528 2330 3620 2387 καί
3650 2329 3841 2402 λυπή-

2187 2442 2297 2485 σεις
2355 2423 2483 2478 Θεὸν
2545 2422 2637 2477 τὸν
2707 2418 3007 2492 ἐλεήσαντά
3070 2438 3128 2476 σε
3190 2420 3280 2476 καὶ
3346 2418 3719 2490 ἀναστήσαντα
3748 2418 3840 2476 διὰ

2184 2514 2283 2582 τήν
2314 2510 2681 2586 ἐλεημοσύνην
2722 2530 2840 2583 σου,
2895 2512 2985 2567 καί
3044 2509 3224 2582 ἰπάξει
3281 2530 3366 2567 σοι
3405 2512 3627 2567 θάνατον
3657 2510 3845 2589 αίφνί-

2190 2600 2328 2669 διον,
2385 2600 2477 2657 καὶ
2532 2598 2775 2677 ἀπέλθῃς
2833 2598 3220 2675 ἀμετανόητος.
3271 2602 3379 2657 Τοῦ
3429 2597 3486 2654 δὶ
3537 2600 3613 2674 μή
3648 2611 3843 2663 πειθο-

2193 2688 2379 2766 μένου,
2408 2688 2552 2746 ἀλλὰ
2579 2690 2672 2745 καὶ
2735 2685 2949 2764 μᾶλλον
3006 2686 3524 2755 ἀποδυσπετοῦντος,
3565 2682 3667 2768 ἔφη
3699 2688 3841 2763 πρὸς

2189 2778 2352 2835 αὑτὸν
2409 2780 2438 2835 ὁ
2495 2776 2678 2858 φίλος.
2735 2778 2886 2835 Ἐπεί
2942 2773 3419 2852 συμϐουλεύοντα
3468 2776 3670 2849 μουτᾶ
3698 2776 3841 2850 πρὸς

2190 2867 2465 2944 σωτηρίαν
2497 2866 2560 2924 οὐ
2590 2863 2891 2942 καταδὲχῂ,
2952 2865 3089 2922 εἶ’πω
3146 2884 3231 2921 σοι
3289 2864 3472 2941 ἑτέραν
3505 2862 3737 2942 βουλήν.
3772 2864 3839 2923 Ὀ

2191 2955 2250 3013 δέ
2306 2976 2460 3036 φησι,
2520 2956 2688 3015 Ποίαν
2741 2956 2987 3027 ταύτηνς
3066 2952 3165 3010 Καὶ
3219 2955 3248 3010 ό
3302 2953 3519 3026 ἀληθὴς
3579 2952 3841 3026 ἐλεήμων

2189 3046 2537 3122 ἀπεκρίνατοο
2568 3048 2734 3121 Δεῦρο
2786 3042 2865 3108 είς
2921 3044 3025 3118 τήρ
3086 3042 3402 3114 ικκλησίαν,
3433 3044 3521 3099 καὶ
3555 3038 3692 3098 είπέ·
3724 3040 3847 3098 Οὐκ

2190 3134 2303 3210 είμὶ
2336 3133 2462 3205 ὲδὼ,
2512 3135 2697 3208 Κύριε,
2755 3134 2785 3190 ὁ
2837 3135 3073 3203 ποιήσας
3127 3134 3227 3201 τὴν
3283 3130 3664 3207 ἑλεημοσΰνην
3688 3129 3844 3186 ἐκει-

2186 3246 2305 3296 νην,
2337 3222 2466 3280 ἀλλ’
2497 3222 2654 3286 οὗτός
2713 3221 2846 3291 ἐστι,
2900 3223 2990 3278 καὶ
3047 3219 3262 3298 παρέξω
3304 3242 3387 3276 σοι
3417 3221 3516 3283 τὰς
3546 3223 3844 3296 τριάκοντα

2187 3314 2377 3386 λίτρας
2409 3312 2627 3376 εὐθέως.
2683 3312 2746 3369 Ὀ
2803 3307 2861 3366 δὶ
2912 3308 3265 3386 ταλαίπωρος
3314 3309 3519 3372 ἐκεῖνος
3552 3308 3847 3385 ἅνθρωπος

2190 3401 2508 3475 συνθέμενος
2553 3402 2716 3456 τοῦτο
2763 3400 2856 3455 καί
2903 3400 3042 3470 πρὸς
3089 3398 3191 3467 τήν
3242 3397 3539 3469 ἐκκλησίαν
3567 3397 3850 3469 ἀπελθὼν,

2186 3492 2252 3548 τὸ
2282 3489 2512 3567 χρυσίον
2543 3488 2597 3544 ἐν
2625 3488 2783 3567 χερσὶ
2830 3483 3014 3545 λαϐὼν
3072 3487 3162 3543 καὶ
3216 3487 3310 3543 τόν
3366 3487 3535 3562 λόγον
3566 3486 3756 3555 είπὼν,
3790 3486 3846 3542 ἐν

2188 3585 2268 3654 τῷ
2320 3580 2632 3656 ἑξίρχεσθαι
2688 3576 2850 3633 αὑτὸν
2911 3577 3089 3632 πεσὼν
3145 3576 3292 3653 παρὰ
3345 3578 3446 3646 τήν
3502 3574 3686 3647 πύλην
3738 3582 3847 3646 τῆς

2192 3667 2485 3740 ἐκκλησίας
2517 3668 2768 3723 ἀπέθανεο
2825 3669 2943 3721 Nov
3000 3665 3287 3739 κληρικῶν
3343 3661 3403 3721 δὶ
3449 3663 3861 3743 ἐκπλαγέντων

2189 3760 2282 3815 καὶ
2338 3758 2554 3813 πάντῶν
2610 3760 2719 3811 τῶν
2778 3751 3123 3831 εὑρεθέντων,
3180 3754 3581 3829 προετρὲποντο
3618 3755 3711 3810 τὸν
3736 3755 3842 3809 κῦ-

2195 3866 2307 3923 ριον
2337 3849 2447 3900 τῶν
2489 3843 2845 3916 νομισμάτων
2900 3835 3088 3897 λαϐεῖν
3135 3839 3289 3897 αὐτά.
3337 3841 3401 3898 ’0
3449 3836 3507 3895 δὲ
3554 3841 3662 3896 οὐκ
3690 3841 3845 3897 ἐπεί-

2194 3947 2319 4005 σθη,
2351 3933 2496 3990 ἀλλὰ
2549 3937 2667 3994 τοῖς
2714 3934 2969 4006 πτωχοῖς
3019 3933 3188 3985 ταῦτα
3235 3925 3501 4003 διένειμεν
3551 3929 3741 3984 εἰπών’
3773 3931 3845 3987 '0

2195 4026 2324 4087 Θεὸς
2383 4024 2449 4078 οὗ
2506 4019 2914 4096 μυκτηρίζεται.
3007 4019 3076 4076 Ἠ
3162 4017 3268 4097 γὰρ
3347 4019 3487 4093 πρὸς
3560 4020 3653 4075 τὸν
3712 4019 3850 4075 Θεὸν

2196 4111 2495 4190 ἐπαγγελία
2520 4110 2583 4166 οὗ
2635 4110 2803 4184 μόνον
2861 4105 2997 4184 ἄχρι
3045 4108 3354 4185 χρημάτων
3384 4107 3643 4164 ἀλλὰκαὶ
3673 4107 3849 4185 μέχρι

2196 4203 2369 4280 λόγου
2400 4201 2583 4280 φθάνει
2622 4198 2710 4255 καὶ
2768 4198 3155 4275 προαιρέσεως.
3211 4196 3446 4274 Ἀνάγκη
3476 4197 3655 4253 τοίνυν
3708 4198 3853 4253 ἀπο-

2197 4290 2405 4348 διδόναι
2436 4290 2639 4350 πάντας
2692 4287 2762 4343 τὰ
2810 4281 3186 4363 ὶπηγγελμένα
3242 4287 3379 4360 πρὸς
3432 4286 3583 4355 Θεὸν,
3618 4288 3719 4356 τήν
3750 4288 3850 4361 μὲν

2197 4379 2460 4455 παρθένον
2520 4379 2624 4448 τήν
2706 4376 3016 4451 παρθενίαν,
3092 4377 3193 4445 τήν
3285 4372 3341 4430 δὶ
3438 4377 3680 4451 ἓγκρατῆ
3742 4378 3848 4447 τήν

2122 4456 2167 4521 D
2199 4467 2529 4544 ἐγκράτειαν,
2571 4465 2704 4529 τοὺς
2763 4465 2817 4521 ιν
2873 4465 3038 4541 γάμῳ
3090 4465 3192 4534 τήν
3246 4465 3600 4542 σωφροσύνην
3628 4463 3718 4520 καὶ
3746 4466 3854 4534 τὴν

445 4568 581 4642 πρὸς
612 4547 896 4638 ἀλλήλους
926 4565 1093 4639 τιμὴν
1124 4563 1215 4620 καί
1246 4565 1487 4641 ἀγάπην,
1518 4563 1608 4618 καί
1638 4560 1797 4626 τέλος
1826 4562 2029 4623 πάντας
2075 4561 2175 4629 τήν
2232 4557 2313 4622 εἲς
2368 4556 2498 4611 Θεὸν
2548 4555 2748 4622 πίστιν,
2779 4552 2869 4608 καί
2900 4547 3208 4623 εὐλάϐειαν,
3241 4552 3331 4608 καί
3363 4550 3729 4625 δικαιοσύνην,
3756 4553 3854 4609 καί

443 4654 684 4732 ἀνδρίαν.

512 4746 886 4805 Alexandrina
900 4762 1075 4819 porro
1090 4744 1226 4800 talis
1248 4758 1344 4800 res
1366 4742 1935 4813 accidit.Episcopus
1953 4738 2089 4810 qni-

445 4838 579 4894 dam
621 4834 940 4893 admodum
980 4834 1294 4905 religiosus
1322 4831 1583 4887 vicinum
1607 4829 1862 4886 habebat
1891 4842 2092 4900 quem-

443 4930 577 4986 dam
612 4926 1054 5000 philosophum,
1084 4922 1395 4995 Evagrium
1438 4921 1704 4988 nomine,
1737 4921 1952 4975 Graecas
1983 4933 2090 4973 su-

440 5011 1303 5093 perstitioniaddictum,quiin
1338 5010 1539 5066 schola
1569 5008 1791 5066 sodalis
1813 5009 2090 5080 episcopo

442 5110 655 5164 fuerat.
692 5107 858 5162 Hunc
915 5103 1230 5175 episcopus
1287 5115 1321 5154 a
1374 5114 1593 5155 vesano
1649 5098 1935 5154 falsorum
1987 5110 2094 5151 nu-

447 5199 678 5253 minum
710 5195 873 5251 cultu
905 5192 977 5249 ad
1008 5192 1187 5247 ﬁdem
1228 5188 1621 5245 Christianam
1658 5186 1967 5242 traducere
1996 5200 2094 5241 cu-

444 5288 615 5357 piens
634 5283 957 5339 identidem
978 5279 1616 5354 provocabat.cumque
1638 5292 1706 5333 eo
1728 5274 2090 5347 disputabat.

446 5374 557 5429 Sed
590 5372 979 5444 philosophus
1026 5386 1222 5441 neque
1273 5367 1636 5425 concedebat
1662 5371 1721 5422 et
1750 5366 1939 5439 magis
1971 5380 2093 5420 ma-

445 5459 652 5532 gisque
682 5474 835 5513 verm
884 5458 1157 5531 religioni
1210 5456 1477 5512 infensus
1526 5454 1903 5512 reddebatur.
1933 5453 2093 5518 Quo-

451 5548 587 5604 dam
605 5547 699 5603 die
730 5546 918 5602 fertur
946 5546 1293 5618 episcopum
1325 5545 1385 5600 in
1414 5545 1542 5601 haec
1561 5543 1738 5599 verba
1757 5542 2090 5598 allocutus:

448 5638 602 5695 078
636 5632 927 5701 Profecto,
958 5633 1257 5705 episcopo,
1285 5638 1503 5705 praeter
1549 5633 1668 5689 alia
1717 5636 1775 5686 et
1802 5630 1914 5686 hoc
1943 5629 2093 5685 mihi

2270 4733 2372 4791 Kal
2406 4733 2457 4789 ιν
2486 4726 2864 4808 Ἀλεξανδρείᾳ
2911 4727 2969 4787 δὲ
3020 4728 3227 4807 ἐγένετό
3285 4748 3337 4786 τι
3387 4734 3660 4788 τοιοῦτον.
3694 4731 3854 4789 Ἐπί-

2203 4820 2405 4885 σκοπός
2434 4840 2518 4883 τις
2544 4814 2783 4888 εὐλαϐὴς
2809 4820 2946 4874 πάνυ
2976 4814 3220 4888 πλησίου
3278 4810 3423 4893 ἔχων
3454 4818 3576 4874 τινὰ
3606 4815 3849 4897 φιλόσο-

2202 4931 2300 4990 φον
2361 4910 2627 4985 Eoi-{910v
2683 4904 3044 4978 καλούμενον,
3099 4905 3313 4980 ἑταῖρον
3373 4906 3468 4980 μὶν
3500 4906 3667 4962 αὐτοῦ
3694 4906 3855 4982 γενό-

2206 5019 2362 5072 μενον
2423 4996 2477 5054 ιν
2531 5001 2649 5059 τοῖς
2708 4990 3131 5070 παιδευτηρίοις,
3179 4991 3433 5065 Ἕλληνα
3490 4992 3547 5049 δὶ
3583 4996 3683 5063 τήν
3725 4997 3859 5067 θρη-

2203 5092 2410 5156 σκείαν,
2467 5086 2525 5144 εν
2581 5088 2610 5143 ὁ
2663 5084 2959 5147 ἐπίσκοπος
3022 5085 3330 5156 μεταθεῖναι
3401 5080 3740 5160 βουλόμενος
3794 5083 3858 5139 ἐκ

2200 5186 2301 5250 τῆς
2331 5175 2726 5253 είὸωλομανίας
2780 5172 2919 5249 πρὸς
2971 5174 3072 5243 τὴν
3106 5176 3206 5227 τοῦ
3252 5174 3490 5247 Χριστοῦ
3518 5171 3698 5229 πίστιν
3727 5192 3858 5228 συν-

2205 5272 2352 5343 εχῶς
2407 5263 2801 5341 προσεκαλεῖτο
2854 5262 2946 5316 καί
3000 5257 3301 5336 διελέγετο.
3359 5262 3473 5317 Τοῦ
3530 5261 3590 5316 δὶ
3621 5262 3698 5334 μή
3730 5280 3854 5316 πει.

2204 5359 2460 5429 θομένου,
2511 5351 2660 5409 ἀλλὰ
2712 5350 2802 5406 καὶ
2862 5346 3115 5428 σφοδρῶς
3171 5345 3653 5424 δυσχεραίνοντος,
3686 5349 3860 5406 εἰπεῖν

2203 5443 2416 5520 λέγεται
2466 5442 2519 5498 ἄν
2581 5445 2677 5515 μιᾷ
2731 5440 2871 5516 πρὸς
2927 5439 3020 5494 τὸν
3078 5435 3394 5493 ἒπίσκοπον⁸
3450 5439 3678 5511 Ὄντως,
3711 5458 3863 5515 mp...

2203 5531 2483 5600 ἒπίσκοπε,
2528 5529 2615 5603 [Ρ.
2649 5529 2777 5603 384]
2823 5527 2911 5582 καί
2968 5529 3130 5581 τοῦτο
3191 5524 3325 5599 μετᾶ
3374 5526 3590 5582 πάντων
3658 5527 3863 5603 ἄπαρτι

2203 5636 2318 5679 σκει
2378 5638 2494 5696 μοι,
2526 5619 2557 5674 θ
2587 5616 2776 5696 λιγετε
2830 5616 2887 5671 οἱ
2940 5612 3285 5691 Χριστιανοὶ,
3334 5615 3420 5670 ὃτι
3450 5614 3731 5672 συντίλεια
3756 5616 3859 5673 τοῦ
