4134 6212
330 343 455 403 733

1453 335 1996 401 HISTORIARUM
2044 332 2593 400 GOMPENDIUM.

3635 343 3755 405 7H

332 475 553 547 κόσμου
612 473 846 549 γίνεται,
906 471 994 526 καὶ
1047 476 1153 526 τῶν
1215 470 1481 545 σωμάτων
1541 469 1846 541 ἀνάστασις,
1898 466 1991 523 καὶ

2106 469 2496 540 improbatur,
2529 471 2687 543 quod
2716 473 2918 529 mundi
2951 475 3130 533 finem
3160 478 3285 534 fore
3306 495 3407 534 vos
3438 478 3754 536 Christiani

338 558 698 622 ἀνταπόδοσις
727 566 837 615 τῶν
900 556 1275 635 βεϐιωμένων,
1332 560 1421 615 καὶ
1475 558 1558 614 ὅτι
1592 558 1810 614 ὁέλεῶν
1862 577 2008 610 πτω.

347 654 451 728 χὸν
484 655 605 723 Οεῷ
639 650 868 721 δανείζει
920 650 1009 706 καὶ
1070 648 1603 706 ἑκατονταπλασίονα
1662 649 1797 721 μετά
1856 653 2003 716 ζωῆς

337 739 964 815 αἰωνίουνάπολήψεται.
1022 740 1122 794 Καὶ
1180 743 1276 793 τοῦ
1314 737 1612 794 ἱπισκόπου
1661 731 1999 792 διαϐεϐαιου-

348 831 513 904 μένου
550 828 717 903 μηδὲν
749 826 944 904 ψεῦδος
974 828 1009 898 ἢ
1041 829 1249 904 χλεύην
1310 828 1362 882 ἐν
1419 832 1535 891 τοῖς
1587 832 1694 882 τῶν
1742 832 2000 902 Χριστια-

343 925 453 973 νῶν
511 918 647 973 εἶναι
701 915 997 993 δόγμασιν,
1055 917 1403 992 ἀνεχώρησεν
1472 916 1740 991 Εὐάγριος
1780 913 1999 984 πολλὴν

344 1005 490 1082 ἔλων
546 1009 843 1077 συζήτησιν
914 1006 964 1062 ἐν
1031 1006 1220 1078 ἑαυτῷ.
1280 1005 1431 1063 Μετά
1483 1002 1541 1060 6‘s
1594 1025 1715 1061 τινα
1775 1005 1995 1080 χρόνον,

348 1101 482 1152 Θεοῦ
539 1101 918 1171 συνεργοῦντος
977 1100 1045 1170 τῇ
1128 1100 1225 1152 τοῦ
1295 1095 1590 1151 ἐπισκόπου
1651 1092 1995 1166 διδασκαλίᾳ,

347 1186 638 1248 πιστεύσας
670 1187 699 1240 6
739 1185 1041 1264 φιλόσοφος
1097 1180 1418 1254 ἐϐαπτίσθη·
1472 1185 1531 1248 ὅς
1579 1183 1769 1240 αὐτίκα
1818 1203 1996 1256 παρα·

345 1274 499 1354 σχὼν
536 1280 616 1346 τῷ
673 1274 953 1346 ἐπισκόπῳ
1014 1275 1245 1349 χρυσίου
1302 1274 1489 1349 λίτρας
1539 1272 1854 1349 τριακοσίας
1907 1273 1995 1347 (ἦν

339 1366 443 1441 γὰρ
475 1362 740 1425 πλούσιος
772 1361 1001 1443 σφόδρα)
1035 1363 1203 1440 λέγει·
1240 1364 1389 1433 Δέξαι
1420 1367 1607 1423 ταῦτα.
1641 1364 1685 1417 ὦ
1709 1362 1993 1428 ὶπίσκοπε,

337 1456 431 1509 καί
492 1450 717 1514 διαδοὺς
808 1458 1058 1528 πτωχοῖς
1110 1452 1341 1521 ποίησόν
1404 1474 1499 1527 μοι
1553 1450 1852 1528 ἷδιὸχειρον
1909 1452 1992 1506 ὅτι

347 1542 605 1615 λήψομαι
638 1542 771 1596 αὐτά
817 1543 962 1616 παρά
1016 1546 1113 1597 τοῦ
1154 1546 1307 1599 Θεοῦ.
1358 1545 1468 1599 Τοῦ
1521 1540 1579 1597 δὲ
1633 1546 1797 1597 ταῦτα
1851 1539 1997 1613 δεξα’

345 1632 513 1707 μένου
543 1632 849 1707 προθύμως
890 1633 978 1685 καὶ
1008 1633 1071 1688 τὸ
1100 1634 1334 1708 γράμμα
1361 1635 1718 1703 ποιησαντος,
1770 1630 1988 1704 διεδόθη

343 1723 469 1797 παρ’
496 1721 660 1776 αὐτοῦ
689 1727 805 1784 τοῖς
856 1722 1046 1792 πένησι
1113 1722 1304 1779 πάντα.
1367 1724 1654 1796 Ἐριζήσας
1707 1722 1800 1776 οὗν
1857 1723 1992 1797 χρό·

330 1833 470 1875 ,νους
500 1811 649 1873 τινας
680 1813 709 1866 ὁ
740 1809 1041 1890 φιλόσοφος
1087 1810 1139 1867 ἒν
1198 1806 1439 1883 εὐσεϐείᾳ
1493 1812 1583 1867 καὶ
1642 1812 1852 1886 ἀρεταῖς
1905 1833 1995 1885 με·
2025 1840 2070 1904 Β

341 1898 563 1975 γάλαις,
622 1898 968 1976 παρήγγειλε
1017 1906 1132 1962 τοῖς
1189 1901 1381 1955 ἑαυτοῦ
1463 1900 1669 1963 τέκνοις
1726 1899 1993 1955 τελευτῶν

342 1989 573 2053 ἐνθεῖναι
630 1989 722 2044 τὸν
774 1991 985 2065 χάρτην
1038 1988 1089 2044 ἐν
1142 1992 1211 2061 τῇ
1272 1987 1418 2063 χειρὶ
1485 1988 1648 2044 αὐτοῦ
1699 1990 1788 2044 καὶ
1845 1988 1993 2044 οὕτω

343 2085 600 2155 ταφῆναι.
648 2078 750 2135 Καὶ
808 2078 1002 2133 τούτου
1054 2077 1369 2155 γενομένου,
1431 2078 1564 2151 μετὰ
1618 2077 1810 2153 τρίτην
1842 2077 1992 2151 ἡμέο

345 2188 440 2242 ραν
478 2165 815 2245 ἐπιφαίνεται
846 2173 962 2223 κατ’
1008 2165 1137 2241 ὄναρ
1171 2169 1199 2223 6
1229 2167 1529 2245 φιλόσοφος
1585 2171 1665 2239 τῷ
1714 2168 1993 2241 ἇπισκόπῳ

346 2256 540 2330 Λέγων·
577 2256 735 2312 Ἐλθὶ
768 2256 843 2318 εἷς
889 2259 984 2312 τὸν
1041 2258 1208 2333 τάφον
1271 2278 1402 2329 μου,
1462 2258 1507 2311 ὧ
1564 2255 1844 2327 ἐπίσκοπε,
1903 2257 1993 2312 καὶ

343 2342 481 2400 λάϐε
508 2346 571 2398 τὸ
604 2342 903 2419 ἷδιόχειρόν
937 2364 1052 2399 σου’
1086 2339 1361 2400 ἀπέλαϐον
1394 2345 1498 2421 γὰρ
1551 2346 1611 2399 τὸ
1658 2345 1822 2420 χρέος
1870 2346 1989 2400 ὲκα·

333 2431 751 2503 τονταπλάσιον,
782 2435 873 2488 καὶ
906 2432 1099 2489 οὐδένα
1149 2432 1265 2509 ἔχω
1316 2433 1485 2509 λόγον
1537 2435 1673 2511 πρὸς
1720 2436 1799 2504 σε,
1848 2431 1993 2489 ἀλλὰ

346 2523 480 2597 πρὸς
521 2521 733 2579 τελείαν
790 2522 1176 2601 πληροφορίαν
1236 2545 1333 2578 σου
1388 2521 1701 2599 ἰδιοχείρως
1752 2525 1803 2579 ἐν
1844 2521 1993 2596 αὐτῷ

351 2612 760 2689 καθυπέγραψα.
808 2616 918 2668 Τοῦ
971 2610 1028 2667 δὲ
1082 2611 1379 2669 ἐπισκόπου
1435 2612 1584 2688 πρωΐ
1644 2610 1991 2686 μεταστειλα-

354 2702 517 2773 μένου
546 2700 673 2756 τοὺς
705 2700 854 2763 υἱοὺς
885 2702 981 2757 τοῦ
1025 2700 1353 2779 φιλοσόφου,
1400 2702 1492 2756 καὶ
1553 2702 1815 2774 μαθόντος
1865 2702 1993 2777 παρ’

351 2790 528 2845 αὐτῶν
561 2791 635 2852 ὡς
667 2791 931 2870 συνετάφη
992 2792 1139 2864 αὐτῷ
1193 2793 1256 2847 τὸ
1312 2789 1638 2868 ἲόιόχειρου,
1695 2791 1991 2866 ἀπέρχεται

354 2881 620 2953 μετὰτῶν
650 2878 932 2955 κληρικῶν
960 2887 1061 2951 τῆς
1119 2880 1357 2953 πόλεως,
1417 2883 1507 2936 καὶ
1557 2880 1856 2952 ἀνοίξαντες
1895 2881 1990 2936 τὸν

342 2970 513 3049 τάφον
548 2970 853 3044 εὑρίσκουσι
902 2972 992 3026 τὸν
1044 2970 1343 3050 φιλόσοφον
1400 2973 1701 3045 καθήμενον
1761 2973 1850 3027 καὶ
1891 2974 1992 3040 τήν

345 3064 505 3134 χεῖρα
565 3060 699 3131 μετὰ
751 3064 853 3114 τοῦ
910 3062 1237 3135 γράμματος
1316 3062 1691 3137 προτείνοντα.
1748 3064 1870 3118 Τῶν
1934 3059 1992 3116 δὲ

341 3146 621 3221 κληρικῶν
693 3149 1051 3223 πειρωμένων
1138 3145 1324 3205 λαϐεῖν
1400 3150 1492 3205 τὸν
1546 3151 1755 3225 χάρτην
1814 3148 1988 3206 οὐδενί

2107 559 2323 625 dicitis,
2348 578 2597 633 corpora
2628 570 3034 620 resurrectura
3056 567 3126 622 de
3148 570 3398 623 mortuis
3418 576 3477 623 et
3497 586 3602 640 pro
3624 574 3756 625 acta

2104 650 2221 706 vita
2250 652 2464 721 cuique
2498 653 2831 708 mercedem
2862 655 3160 710 redditum
3195 656 3286 714 iri.
3311 658 3459 712 Tum
3488 660 3587 728 qui
3613 675 3755 730 pau-

2105 740 2231 810 peri
2263 740 2672 798 misericordia
2703 750 2896 799 motus
2927 744 3233 817 largiatur,
3267 764 3401 801 eum
3435 763 3542 802 sua
3595 748 3754 818 apud

2104 829 2285 882 Deum
2311 829 2369 882 in
2392 829 2584 884 favore
2616 849 2856 902 ponere,
2887 842 3383 906 recepturumque
3407 836 3753 906 centuplum

2103 934 2237 972 cum
2268 918 2384 973 vita
2414 924 2651 975 interna.
2683 921 2972 992 Episc0po
2996 923 3145 977 nihil
3168 924 3445 979 vanitatis
3472 929 3575 979 aut
3599 924 3752 978 ludi-

2100 1002 2214 1058 brii
2246 1005 2439 1060 inesse
2473 1005 2822 1062 Christiana}
2854 1009 3140 1063 doctrinas
3173 1027 3550 1081 summopere
3582 1011 3749 1065 afﬁr-

2101 1099 2324 1158 mante,
2357 1094 2439 1147 ita
2469 1095 2741 1149 discessit
2769 1098 3047 1168 Evagrius
3078 1103 3143 1152 ut
3198 1099 3298 1168 qui
3348 1100 3529 1154 animi
3581 1099 3749 1155 valde

2100 1181 2315 1236 dubius
2346 1188 2517 1237 esset.
2549 1183 2860 1254 Aliquanto
2878 1192 3012 1255 post
3038 1192 3327 1257 tempore,
3350 1188 3467 1242 Deo
3486 1188 3750 1259 episcopi

2101 1270 2431 1326 doctrinam
2455 1272 2793 1343 adjuvante,
2827 1274 3081 1329 credidit
3138 1282 3197 1329 et
3243 1275 3572 1346 baptizatus
3620 1283 3751 1342 est;

2099 1365 2283 1431 utque
2315 1367 2441 1415 erat
2470 1362 2777 1432 praedives,
2810 1363 3008 1417 attulit
3031 1363 3103 1417 ad
3128 1364 3469 1435 episcopum
3496 1366 3600 1419 300
3619 1366 3750 1420 auri

2100 1447 2300 1516 libras,
2337 1465 2483 1521 quas
2513 1450 2611 1506 ille
2644 1452 3006 1522 pauperibus
3038 1452 3441 1520 distribueret,
3472 1453 3611 1509 data
3637 1454 3749 1509 sibi

2101 1540 2372 1593 cautione
2402 1556 2587 1596 manu
2616 1541 2856 1611 propria
2887 1542 3103 1613 scripta
3136 1543 3318 1598 Deum
3350 1543 3462 1598 ista
3490 1543 3752 1597 redditu-

2100 1644 2251 1684 rum.
2286 1628 2609 1700 Episcopus
2640 1630 2953 1699 pecuniam
3012 1631 3259 1702 accepit,
3314 1646 3564 1702 eamque
3613 1631 3749 1687 data

2099 1718 2433 1791 syngrapha
2462 1720 2618 1775 inter
2648 1735 2861 1792 egenos
2892 1720 3106 1776 divisit.
3133 1721 3526 1793 Philosophus
3549 1726 3748 1776 autem

2101 1806 2328 1878 aliquot
2357 1808 2547 1864 adhuc
2579 1824 2768 1865 annos
2797 1826 2931 1865 cum
2986 1812 3080 1882 pie
3124 1811 3366 1865 vixisset
3417 1826 3748 1883 magnaque

2101 1896 2385 1952 virtutum
2416 1913 2595 1969 opera
2652 1899 2954 1964 edidisset,
3007 1900 3329 1955 moriturus
3375 1900 3497 1954 suis
3546 1899 3751 1954 liberis

2102 1989 2387 2060 prmcepit
2417 1995 2481 2044 ut
2498 1990 2611 2045 sibi
2644 1991 2706 2045 in
2738 2006 2982 2046 manum
3004 1993 3337 2047 insererent
3357 1992 3752 2062 syngrapham

2104 2078 2277 2134 istam
2309 2085 2483 2149 atque
2539 2080 2623 2134 sic
2659 2081 2999 2151 sepelirent.
3051 2081 3151 2136 His
3216 2081 3298 2136 ita
3349 2080 3519 2135 factis
3579 2081 3752 2136 tertio

2105 2173 2238 2238 post
2267 2166 2362 2222 die
2393 2168 2668 2240 episcopo
2728 2170 2788 2225 in
2839 2170 3065 2226 somnis
3111 2170 3269 2225 visus
3320 2176 3411 2225 est
3452 2170 3752 2240 Evagrius,

2102 2257 2186 2310 ita
2214 2256 2559 2327 alloquens:
2599 2258 2826 2314 Accede
2858 2258 2934 2314 ad
2967 2258 3308 2330 sepulcrum
3353 2275 3574 2327 meum,
3623 2258 3749 2329 epi-

2103 2363 2277 2417 scope
2311 2353 2369 2401 et
2398 2348 2592 2417 recipe
2622 2350 3021 2420 syngrapham
3062 2354 3247 2403 tuam.
3292 2349 3608 2404 Redditum
3663 2352 3752 2403 est

2106 2434 2265 2490 enim
2301 2435 2444 2489 mihi
2478 2435 2661 2491 debiti
2690 2437 3054 2507 centuplum.
3108 2453 3302 2507 neque
3355 2436 3545 2491 habeo
3595 2435 3753 2506 quod

2105 2538 2140 2578 a
2171 2528 2225 2577 te
2258 2524 2506 2594 exigam.
2542 2524 2653 2578 Sed
2693 2530 2752 2579 et
2803 2541 2919 2595 quo
2982 2525 3216 2595 plenius
3270 2524 3372 2578 tibi
3423 2530 3753 2588 navaretur,

2102 2626 2283 2667 manu
2316 2627 2448 2667 mea
2479 2612 2821 2683 subscripsi.
2856 2612 3128 2667 Diluculo
3160 2612 3471 2683 episcopus
3493 2611 3753 2683 philoso-

2103 2700 2203 2774 phi
2238 2701 2393 2756 ﬁlios
2422 2700 2496 2756 ad
2524 2718 2586 2756 se
2618 2701 2861 2768 vocavit,
2911 2715 3165 2772 cumque
3197 2717 3267 2756 ex
3297 2701 3372 2755 iis
3414 2700 3752 2757 rescivisset

2102 2791 2562 2863 chirographum
2593 2807 2728 2847 cum
2759 2790 2999 2863 Evagrio
3034 2790 3212 2847 fuisse
3258 2789 3579 2861 sepultum,
3612 2806 3749 2845 cum

2102 2882 2261 2939 clero
2280 2881 2443 2936 urbis
2463 2881 2538 2936 ad
2560 2881 2713 2937 074
2736 2881 3074 2951 sepulcrum
3094 2880 3363 2936 accessit.
3394 2880 3520 2944 Quo
3546 2884 3750 2950 aperto

2104 2969 2886 3041 inveneruntpbilosophum
2901 2969 3599 3039 sedentem.manumque
3615 2984 3751 3022 cum

2102 3060 2307 3115 charta
2332 3059 2803 3130 protendentem.
2856 3060 3042 3124 Quam
3097 3074 3231 3113 cum
3280 3050 3499 3112 vellént
3548 3057 3748 3112 clerici

2105 3147 2381 3215 eximere,
2415 3149 2643 3203 nemini
2671 3164 2874 3203 eorum
2897 3148 3192 3203 concessit
3216 3164 3228 3202 :
3254 3147 3531 3218 episcopo
3552 3153 3752 3202 autem

437 3203 463 3221 Π
790 3203 799 3223 Ι
876 3203 933 3222 ΙῨ
1226 3203 1229 3204 ν
1310 3203 1314 3205 Ἴ
1415 3203 1455 3205 7V
1549 3203 1743 3225 ΝῨΊ-Ῠίν
1824 3203 1984 3206 7"‘77

336 3241 530 3293 τοῦτον
559 3232 753 3296 ἔδωκε.
780 3242 884 3293 Τοῦ
916 3235 973 3293 δὲ
1014 3236 1311 3294 ἐπισκόπου
1361 3241 1460 3309 τὴν
1491 3246 1653 3315 χεῖρα
1705 3239 1992 3295 ἀπΛώσαν-

2106 3256 2349 3296 manum
2372 3239 2705 3311 explicante
2723 3255 2851 3294 eam
2876 3238 3075 3294 statim
3107 3238 3436 3304 dimisit,ac
3460 3237 3749 3294 recubuit.

335 3347 429 3387 τος
459 3335 803 3402 παραχρῆμα
833 3329 927 3383 τὸν
980 3328 1190 3407 χάρτην
1252 3326 1476 3391 ἐπιδοὺς
1534 3328 1753 3384 ἀνέπεσε
1803 3327 1989 3384 πάλιν·

337 3412 495 3489 ὅνπερ
526 3417 744 3487 ἀνυίξας
775 3417 863 3472 ἐπὶ
907 3418 1142 3486 πάντων,
1201 3418 1322 3493 εὗρε
1382 3419 1576 3473 νεωστὶ
1640 3420 1991 3495 ὑπογεγραμο

342 3505 502 3579 μένον
532 3510 602 3580 τῇ
634 3507 784 3581 χειρῖ
814 3510 913 3562 τοῦ
944 3506 1253 3584 φιλοσόφου
1286 3507 1485 3569 οὕτως’
1528 3508 1674 3585 Ἐγὼ
1723 3508 1993 3586 Εὐάγριος

345 3596 645 3675 φιλόσοφός
697 3620 781 3653 σοι
837 3605 919 3671 τῷ
975 3600 1259 3672 ὁσιωτάτῳ
1316 3600 1596 3673 ἐπισκόπῳ
1650 3601 1823 3676 κυρίῳ
1886 3620 1995 3674 μου

344 3686 581 3759 Συνεσίῳ
612 3688 846 3765 χαίρειν.
904 3690 1065 3757 Ἵσθι,
1116 3689 1309 3763 Πάτερ,
1350 3690 1425 3751 ὡς
1474 3684 1670 3744 ἔλαϐον
1721 3690 1785 3745 τὸ
1831 3690 1997 3763 χρέος

347 3777 859 3847 ἑκατονταπλάσιον,
919 3778 1006 3832 καὶ
1066 3775 1261 3832 οὐδένα
1317 3779 1453 3851 πρὸς
1530 3779 1586 3833 σὲ
1652 3776 1821 3856 λόγον
1878 3777 1993 3853 ἔχω

346 3866 470 3939 περί
502 3866 719 3923 τούτου.
754 3866 973 3921 Πάντων
1005 3866 1093 3921 οὐν
1152 3871 1260 3922 τῶν
1315 3867 1655 3923 ἀκουσάντων
1715 3868 1994 3926 καταπλα-

344 3953 545 4027 γέντων
579 3950 804 4032 σφόδρα,
838 3954 929 4008 καὶ
988 3952 1076 4008 ἐπὶ
1132 3953 1277 4009 πολὺ
1329 3956 1637 4030 κραζόντων
1686 3959 1769 4025 τὸ,
1829 3957 1995 4031 Κύριε

347 4040 577 4111 ἑλέησον
622 4045 753 4115 (43).
811 4041 1087 4098 ἐκέλευσεν
1117 4045 1145 4098 6
1175 4042 1469 4106 ἐπίσκοπος
1521 4046 1583 4099 τὸ
1628 4050 1725 4099 τοῖ’)
1773 4045 1995 4119 φιλοσό-

349 4151 452 4205 φου
485 4128 783 4207 ἰδιόχειρον
814 4134 1092 4202 τηρεῖσθαι
1133 4131 1183 4187 ἐν
1215 4133 1295 4205 τῷ
1326 4131 1761 4208 σκευοφυλακίῳ·

421 4223 509 4290 Τῷ
540 4224 618 4289 κζ’
677 4218 805 4290 ἔτει,
851 4220 980 4293 μηνὶ
1036 4220 1335 4295 Αὐγούστῳ
1396 4223 1472 4291 ts‘,
1524 4221 1713 4297 γέγονε,
1770 4223 1991 4298 σεισμὸς

354 4309 542 4383 μέγας,
576 4309 649 4370 ὡς
681 4315 860 4364 πεσεῖν
885 4308 1131 4370 πολλοὺς
1167 4309 1353 4371 οἷ’κους
1412 4311 1501 4366 καὶ
1557 4311 1850 4382 ἐκκλησίας
1903 4312 1993 4369 καί

349 4394 548 4469 λοετρά
577 4398 666 4452 καὶ
698 4398 763 4452 τά
817 4398 979 4476 τείχη
1043 4397 1279 4472 μάλιστα
1334 4406 1435 4468 τῆς
1489 4401 1703 4474 Χρυσῆς
1758 4400 1989 4477 πόρτης’

342 4485 433 4539 καὶ
465 4484 669 4541 πολλοὶ
701 4486 987 4551 ἀπέθανον.
1048 4486 1221 4549 Οὗτος
1281 4487 1308 4542 6
1368 4492 1590 4563 σεισμὸς
1647 4493 1993 4569 παγκόσμιος

2103 3331 2395 3402 Epicopus
2441 3330 2647 3385 charta
2703 3329 2765 3383 in
2818 3333 3135 3399 conspectu
3194 3327 3465 3382 omnium
3523 3332 3748 3397 aperta,

2103 3420 2326 3476 invenit
2353 3435 2563 3474 recens
2594 3433 2775 3474 manu
2825 3417 3165 3488 philosophi
3198 3417 3595 3488 subscriptum
3628 3416 3749 3471 ita:

2102 3510 2380 3582 Evagrius
2427 3508 2819 3580 philosophus
2869 3508 3247 3563 sanctissimo
3295 3506 3572 3577 episcopo
3646 3505 3751 3560 deo

2104 3600 2266 3654 mino
2323 3614 2455 3653 meo
2513 3597 2756 3669 Synesio
2815 3597 3088 3652 salutem.
3167 3596 3346 3661 Scias,
3408 3595 3597 3662 Pater,
3654 3610 3751 3650 me

2104 3688 2447 3759 centuplum
2478 3688 2663 3742 debiti
2694 3688 3011 3758 recepisse,
3044 3703 3237 3756 neque
3270 3703 3337 3741 eo
3370 3687 3614 3740 nomine
3647 3685 3754 3740 ha-

2104 3778 2242 3833 bere
2274 3777 2433 3848 quod
2457 3776 2564 3831 abs
2595 3783 2650 3832 te
2681 3776 2931 3847 exigam.
2966 3777 3084 3830 Hoc
3114 3776 3337 3838 audito,
3378 3791 3512 3829 cum
3544 3790 3753 3829 omnes

2104 3868 2487 3922 vehementer
2515 3866 2748 3920 attoniti
2781 3864 3129 3934 aliquandiu
3162 3863 3465 3917 vociferati
3515 3867 3748 3917 essent:

2103 3957 2399 4022 Miserere,
2459 3955 2726 4022 Domine,
2778 3953 2961 4025 jussit
3019 3953 3350 4023 episcopus,
3411 3950 3749 4021 philosophi

2101 4062 2284 4102 manu
2315 4044 2594 4116 scriptam
2625 4043 2904 4098 schedam
2937 4041 2997 4096 in
3030 4040 3286 4097 armario
3317 4038 3625 4095 asservari.

2173 4231 2345 4282 Anno
2391 4226 2670 4281 vicesimo
2729 4224 3006 4295 septimo,
3066 4220 3290 4276 mensis
3341 4216 3589 4290 Augusti
3649 4214 3748 4272 die

2101 4316 2332 4373 decimo
2365 4315 2593 4387 quinto,
2622 4329 2870 4384 magnus
2900 4312 3013 4366 fuit
3037 4317 3207 4365 terras
3230 4315 3447 4374 motus,
3470 4305 3571 4378 qui
3602 4303 3750 4359 mul-

2101 4414 2189 4463 tas
2221 4406 2452 4469 domos,
2486 4405 2674 4458 multa
2704 4401 2925 4473 templa
2957 4406 3014 4455 et
3042 4399 3257 4454 balnea
3281 4396 3518 4468 d-‘ijecit,
3553 4401 3610 4449 et
3631 4410 3753 4448 ma-

2100 4494 2259 4551 xime
2288 4510 2491 4549 muros
2522 4492 2593 4548 ad
2622 4494 2874 4546 Auream
2907 4494 3162 4562 portam,
3218 4485 3555 4557 multosque
3590 4499 3755 4539 mor-

352 4573 591 4651 γέγονεν,
627 4575 766 4631 ὥστε
797 4580 967 4631 πᾶσαν
1006 4577 1103 4646 τήν
1158 4576 1483 4650 οἰκουμένην
1537 4576 1732 4654 σχεδὸν
1782 4590 1993 4653 πτιυθῆ-

2108 4587 2255 4642 tales
2286 4584 2561 4658 perdidit.
2593 4584 2705 4638 Per
2732 4588 2920 4638 totum
2951 4579 3243 4636 mundum
3274 4579 3389 4634 ista
3437 4574 3747 4632 concussio

344 4685 453 4732 ναι,
504 4665 595 4719 καὶ
624 4666 723 4733 τὴν
783 4664 1051 4721 θάλασσαν
1106 4666 1463 4742 ἀναῤῥιχᾶναι
1523 4667 1686 4741 μίλια
1742 4667 1859 4739 δύο,
1900 4673 1991 4727 καὶ

350 4751 538 4807 πολλά
564 4753 734 4808 πλοῖα
761 4753 1064 4818 ἀπολέσθαι
1121 4757 1206 4829 [Ρ.
1268 4756 1394 4829 385]
1446 4757 1500 4811 ἐν
1548 4762 1617 4832 τῇ
1665 4763 1762 4813 τοῦ
1805 4757 1998 4826 ὕδατος

347 4840 705 4918 ἀναχαιτίσει.
745 4846 842 4899 Καὶ
872 4845 922 4899 ἐν
956 4844 1051 4916 μὲν
1090 4847 1158 4918 τῇ
1204 4840 1455 4918 Ἃραόίᾳ,
1496 4847 1585 4900 καὶ
1642 4847 1995 4928 Παλαιστίνῃ,

341 4929 429 4984 καὶ
513 4932 930 5007 Μεσεποταμέᾳ,
1015 4933 1103 4988 καὶ
1183 4934 1498 5009 Ἀντιοχείᾳ
1567 4941 1990 5012 κατεπτώθησαν

342 5019 534 5082 πόλεις
594 5020 798 5077 πολλαῖ
858 5022 946 5077 καὶ
1007 5028 1210 5095 κῶμαι,
1269 5023 1358 5078 καὶ
1428 5024 1842 5103 συνελήφθησαν
1904 5030 1992 5085 ἀνι

345 5109 580 5181 θρώπων
612 5108 796 5178 πλήθη
855 5110 945 5164 καὶ
1005 5109 1246 5188 ἀλόγων,
1318 5110 1571 5167 πέπτωκε
1628 5110 1687 5167 δὲ
1745 5115 1834 5168 καὶ
1890 5123 1990 5186 τῆς

345 5195 713 5270 Νικομηδείας
751 5197 915 5273 μέρος
941 5197 1108 5269 πολὺ,
1167 5199 1258 5254 καὶ
1313 5198 1673 5276 ἐπεκράτησεν
1708 5203 1735 5257 ὀ
1769 5206 1992 5278 σεισμὸς

344 5285 553 5360 ἡμέρας
591 5288 661 5361 μ’·
696 5288 903 5343 Γίνεται
961 5287 1018 5344 δὲ
1047 5291 1081 5359 ἡ
1117 5290 1309 5363 μνήμη
1369 5295 1463 5346 τοῦ
1512 5297 1738 5366 σεισμοῦ
1792 5294 1987 5351 τούτου

338 5379 455 5431 κατ’
480 5375 597 5439 ἔτος
630 5376 681 5433 ἐν
701 5382 780 5449 τῷ
812 5377 1031 5452 Κάμπῳ
1063 5380 1443 5443 λιτανεύοντας
1472 5386 1570 5437 τοῦ
1602 5380 1759 5438 λαοῦ.

2102 4677 2321 4732 damna
2348 4675 2533 4739 dedit,
2557 4680 2615 4728 et
2639 4688 2797 4727 mare
2822 4672 2896 4727 ad
2921 4671 3034 4725 duo
3061 4669 3340 4725 milliaria
3357 4673 3534 4722 aestus
3557 4681 3750 4719 resor-

2108 4767 2246 4838 psit,
2282 4766 2459 4836 inque
2508 4780 2576 4818 eo
2626 4762 2828 4817 multm
2878 4766 3017 4815 sunt
3071 4774 3247 4813 naves
3295 4755 3631 4811 confracta.
3684 4754 3749 4807 In

2106 4836 2340 4922 Arabia,
2375 4852 2711 4918 Palaestina,
2742 4849 3280 4921 Mesopotamiaque
3335 4849 3393 4898 et
3439 4838 3754 4896 Antiochia

2104 4945 2283 5000 urbes
2340 4943 2541 4998 multa)
2590 4942 2842 5013 pagique
2889 4945 3028 4994 sunt
3074 4934 3372 5008 prostrati,
3420 4932 3750 5000 obrutaque

2103 5034 2413 5088 hominum
2444 5038 2502 5086 et
2537 5030 2850 5085 brutorum
2890 5024 3231 5083 multitudo.
3287 5021 3520 5077 Corruit
3568 5020 3747 5074 etiam

2099 5122 2454 5179 Nicomedia:
2485 5136 2698 5193 magna
2729 5135 2883 5191 pars.
2920 5116 3187 5174 Obtinuit
3216 5118 3412 5169 motus
3456 5112 3567 5165 iste
3616 5110 3744 5164 dies

2100 5212 2506 5284 quadraginta.
2532 5209 2856 5275 Quotannis
2889 5207 3017 5278 ejus
3048 5203 3338 5260 memoria
3389 5199 3747 5269 celebratur,

2095 5302 2315 5373 populo
2348 5305 2409 5355 in
2440 5302 2657 5370 Campo
2688 5296 3083 5368 supplicante.

1540 5508 1900 5567 XYLANDRI
1940 5510 2027 5566 ET
2070 5511 2287 5567 GOARI
2326 5512 2548 5566 NOT/E.

409 5600 523 5672 (43)
560 5603 680 5682 Yor
707 5618 742 5656 a
773 5604 989 5682 Qrmcis
1018 5620 1137 5659 non
1169 5604 1319 5660 adeo
1351 5605 1777 5663 misericordias
1823 5609 2202 5682 exquirendae
2233 5626 2413 5681 quam
2459 5608 2683 5664 insoliti
2731 5622 2904 5663 casus
2954 5604 3288 5663 admirandi
3340 5604 3530 5679 gratia
3578 5601 3749 5672 vulgo

342 5673 744 5743 pronuntiata.
780 5676 954 5731 Gesn.
