4134 6212
282 327 406 387 737

1434 323 1797 386 HISTORIA
1810 321 1980 386 RUM
2023 320 2575 385 COMPENDIUM.

3590 330 3713 390 738

283 465 462 515 πᾶσαν
499 460 597 530 τήν
630 457 794 514 πόλιν
821 457 911 512 καὶ
939 457 1007 512 τὰ
1061 451 1253 532 πὸῤῥω
1308 453 1531 527 ταύτης.
1568 458 1656 529 [Ρ.
1690 458 1815 529 386]
1849 456 1936 512 Ἑν

2070 460 2308 529 ιιτοεοιη
2355 456 2418 512 in
2468 459 2615 515 urbe
2667 466 2725 516 et
2773 460 3017 516 remotis
3064 459 3244 515 etiam
3297 460 3444 517 locis
3497 460 3704 518 edidit.

288 546 360 619 δὴ
393 547 708 624 Ἀντιοχείᾳ
735 546 902 602 πάλιν
936 545 1126 621 γέγονε
1182 546 1403 619 σεισμὸς
1465 541 1653 622 μέγας.
1704 546 1854 603 Μετᾶ
1885 542 1943 600 δὲ

290 638 496 714 χρόνον
551 638 671 693 τινὰ
728 636 944 715 γέγονεν
1014 637 1251 711 ἀστέρων
1307 632 1512 710 δρόμος
1571 636 1662 715 ἀφ’
1717 634 1941 709 ἑσπέρας

284 724 394 790 ’ἐως
455 729 623 802 πρωῒ,
678 725 817 781 ὥστε
872 726 1074 787 πάντας
1135 722 1666 800 ὑπερεκπλήττεσθαι
1720 723 1810 778 καὶ
1852 723 1945 779 λέ-

286 838 405 893 γειν
439 818 525 872 ὅτι
553 816 842 871 πίπτουσιν
897 816 949 869 οἱ
1005 813 1245 890 ἆστὲρες.
1301 813 1556 889 Γεγόνασι
1588 810 1646 868 δὲ
1682 813 1943 887 κοσμικαῖ

288 903 658 982 δημοκρατίαι
688 909 799 976 (47)
838 905 928 959 καὶ
976 899 1129 982 φόνοι
1178 901 1384 958 πολλοὶ
1432 902 1520 957 καὶ
1559 901 1821 977 πόλεμοι,
1852 903 1943 958 καὶ

285 996 463 1062 νόσοι,
495 997 585 1051 καὶ
618 996 833 1059 θάνατοι
886 998 1002 1055 τοῖς
1059 992 1366 1054 ἀνθρώποις
1401 990 1499 1046 οὐκ
1545 989 1822 1048 ἐπέλιπον.
1856 994 1944 1049 Ἐν

292 1082 352 1139 δὲ
383 1082 700 1159 ’Δντιοχείᾳ
761 1082 899 1157 μετᾶ
940 1082 1003 1136 τὸ
1061 1079 1304 1155 γενέσθαι
1356 1082 1449 1137 τὸν
1497 1082 1717 1155 σεισμὸν
1758 1076 1946 1155 γέγονε

290 1173 538 1249 βρυγμὸς
570 1172 630 1227 ἑκ
658 1175 756 1227 τοῦ
805 1167 1033 1245 οὖρανοῦ
1091 1164 1495 1248 φοϐερώτατος,
1526 1171 1617 1224 καὶ
1646 1167 1853 1224 πολλοὶ
1887 1168 1947 1223 ἐκ

284 1266 387 1318 τοῦ
413 1258 587 1342 φόϐου
619 1260 908 1325 ἀπέθανον.

360 1353 456 1424 Τῷ
487 1347 545 1405 δὲ
574 1348 663 1426 λβ¹
705 1346 809 1405 ἔτει
869 1355 967 1418 τῆς
1032 1346 1306 1425 βασιλείας
1363 1349 1750 1403 ἰουστινιανοῦ
1782 1345 1946 1424 φιλο-

288 1439 634 1514 καλουμὲνου
666 1444 773 1495 τῶν
831 1436 1070 1514 τροῦλου
1103 1440 1215 1512 (48)
1244 1444 1343 1506 τῆς
1399 1438 1661 1512 Μεγάλης
1714 1433 1948 1502 Ἐκκλη-

296 1528 418 1593 σίας
474 1531 560 1602 (ἦν
618 1528 722 1604 γὰρ
782 1524 1169 1603 διερῥηγμένος
1252 1524 1313 1580 ἐκ
1390 1530 1497 1580 τῶν
1542 1523 1944 1599 ἐπιγενομένων

291 1614 749 1687 ἄλλεπαλλήλων
782 1618 1062 1689 σεισμῶν),
1113 1611 1269 1669 ἔπεσε
1314 1614 1377 1668 τὸ
1422 1613 1745 1670 ἀνατολικὸν
1783 1611 1944 1687 μέρος

294 1714 398 1777 τῆς
451 1703 874 1780 προϋποστολῆς
925 1708 1022 1759 τοῖν
1080 1703 1235 1778 ἁγίου
1269 1702 1675 1775 θυσιαστηρίου,
1708 1702 1797 1756 καὶ
1830 1723 1946 1756 συν-

293 1796 479 1870 έτριψε
532 1796 596 1850 τὸ
652 1790 914 1869 κιϐώριον
975 1796 1087 1866 (49)
1144 1792 1234 1846 καὶ
1298 1794 1397 1861 τήν
1456 1790 1607 1864 ἁγίαν
1673 1790 1942 1866 τράπεζαν

289 1884 384 1939 καὶ
413 1884 504 1938 τὸν
545 1878 796 1956 ἄμϐωνα.
863 1879 1100 1936 Συνιδὼν
1158 1879 1249 1935 οὖν
1318 1881 1346 1935 ὁ
1415 1878 1669 1955 βασιλεὺς
1727 1876 1944 1954 ἤγειρεν

294 1974 503 2035 ἄλλους
535 1973 756 2034 πιντοὺς
787 1973 878 2027 καὶ
927 1968 1139 2044 ἐδέξατο
1196 1971 1288 2025 τὸν
1352 1970 1610 2046 τροῦλον,
1642 1970 1731 2025 καὶ
1771 1969 1945 2032 οὕτως

296 2061 514 2132 ἐκτίσθη
575 2061 806 2135 ὑψωθεὶς
858 2059 1023 2115 πλέον
1080 2058 1248 2114 εἲκοσε
1314 2055 1497 2114 ποδῶν
1554 2059 1629 2122 εἰς
1687 2059 1821 2132 ὕψος
1850 2063 1948 2114 τοῦ

297 2170 523 2226 πρωτοο
572 2151 890 2222 κτίσματος.
954 2146 1211 2218 Ἐποίησε
1268 2144 1327 2202 δὲ
1384 2149 1474 2202 καὶ
1529 2147 1655 2211 τοὺς
1696 2146 1796 2219 ἔξω
1850 2151 1947 2203 τοῦ

294 2242 423 2293 ναοῦ
471 2240 584 2310 (50)
635 2237 913 2292 κατέναντι
968 2240 1076 2290 τῶν
1133 2233 1239 2289 ἔσω
1292 2239 1498 2289 πίνσῶν
1550 2237 1663 2309 (51)
1690 2235 1948 2310 τέσσαρας

291 2328 532 2407 κοχλίας
564 2332 695 2402 (52),
726 2326 817 2389 οὕς
850 2326 954 2382 ἀπὸ
985 2333 1089 2400 γῆς
1121 2326 1383 2406 φυτεύσας
1429 2328 1596 2404 μέχρι
1639 2330 1736 2380 τοῦ
1784 2325 1945 2400 τρου-

295 2416 399 2474 λου
450 2411 791 2489 ἂνεὸίϐασεν,
848 2409 1074 2490 ἔρεισμα
1128 2415 1357 2476 τούτους
1413 2418 1522 2468 τῶν
1580 2411 1786 2488 ἁψιδων
1840 2418 1950 2486 (53)

297 2506 791 2582 κατεργασάμενος.
851 2504 990 2562 Τότε
1046 2509 1194 2559 ποιεῖ
1249 2503 1340 2559 καὶ
1395 2505 1494 2573 τὴν
1553 2503 1704 2578 ἁγίαν
1759 2502 1952 2578 τράπε-

299 2602 417 2668 ζαν,
449 2591 606 2673 ἔργον
637 2595 942 2669 ἀμίμητον
975 2594 1081 2649 ἀπό
1129 2599 1188 2649 τὲ
1234 2596 1334 2669 γαρ
1378 2597 1607 2669 χρυσοῦ,
1641 2594 1730 2648 καὶ
1785 2593 1950 2668 ἀργύ-

301 2706 419 2762 ρου,
452 2685 541 2739 καὶ
576 2683 730 2740 λίθου
761 2684 1037 2753 παντοίου,
1067 2684 1159 2738 καὶ
1192 2681 1378 2753 ξύλου,
1408 2683 1500 2738 καὶ
1535 2682 1833 2755 μετάλλου,
1865 2683 1953 2737 καὶ

295 2773 475 2837 εἴδους
505 2772 702 2843 ἄλλου,
735 2773 834 2829 ’ὀσα
861 2794 921 2828 τε
951 2775 1025 2848 γῆ
1083 2773 1233 2851 φέρει
1288 2772 1377 2826 καὶ
1431 2771 1695 2841 θάλασσα,
1727 2771 1818 2826 καὶ
1851 2777 1955 2834 πᾶς

301 2865 330 2918 ὁ
360 2862 588 2937 κόσμος,
625 2861 686 2917 ἐκ
714 2862 930 2917 πάντων
990 2863 1216 2935 συνάξας
1275 2862 1342 2915 τὰ
1401 2860 1495 2933 μὲν
1554 2859 1837 2933 κρείττονα
1864 2860 1956 2915 καὶ

300 2973 604 3027 τιμιωτερα
659 2950 907 3019 πλείονα,
976 2950 1042 3006 τὰ
1113 2948 1171 3005 δὲ
1247 2948 1457 3005 ἐλάττω
1515 2948 1840 3023 ἐνδεέστεροί,
1894 2951 1959 3006 τα

304 3042 479 3113 τηκτὰ
504 3042 667 3112 τήξας
723 3042 790 3096 τα
845 3040 984 3113 ξηρᾶ
1040 3033 1295 3110 ἐπέϐαλε,
1348 3037 1439 3093 καὶ
1483 3039 1655 3099 οὕτως
1684 3038 1760 3100 είς
1791 3039 1959 3094 τύπον

304 3131 530 3206 ἐπιγέας
568 3129 953 3205 ἀνεπλήρωσεν
1013 3128 1202 3197 αὐτὴν,
1263 3130 1382 3185 ’ὀθεν
1440 3129 1530 3184 καὶ
1578 3128 1809 3201 ποικίλη
1843 3150 1962 3205 φαι-

2052 545 2365 600 Antiochia
2395 564 2634 603 rursum
2687 555 2857 604 terra}
2906 554 3069 603 motu
3120 554 3211 603 est
3238 566 3548 605 concussa.
3583 551 3705 605 Ali-

2052 640 2272 703 quanto
2303 641 2438 706 post
2466 637 2773 693 stellarum
2800 638 3103 693 discursus
3128 636 3241 691 fuit
3269 655 3304 693 a
3332 655 3575 709 vespera
3604 657 3703 695 us-

2053 740 2165 793 que
2197 724 2271 779 ad
2301 741 2599 794 auroram,
2633 728 2714 783 ita
2742 732 2807 783 ut
2844 744 3052 781 omnes
3083 728 3381 798 perterriti
3434 728 3704 784 dicerent

2054 815 2258 871 stellas
2289 816 2583 873 decidere.
2619 820 2876 874 Fuerunt
2908 820 3085 874 etiam
3116 819 3340 890 passim
3374 820 3434 873 in
3477 821 3702 875 mundo

2053 904 2255 976 populi
2279 906 2621 976 seditiones,
2644 906 2856 975 caedes,
2878 907 3053 975 bella,
3078 907 3389 977 morbique
3408 914 3467 963 et
3485 914 3704 963 mortes

2054 993 2326 1049 homines
2377 1011 2498 1049 non
2556 994 2854 1051 faciebant
2898 995 3134 1050 missos.
3191 997 3518 1052 Antiochia:
3574 1003 3711 1069 post

2056 1086 2226 1136 terrae
2259 1088 2487 1137 motum
2510 1082 2728 1138 stridor
2747 1083 2879 1139 cmli
2903 1083 3235 1139 horrendus
3257 1103 3436 1155 supra
3462 1086 3704 1142 modum

2056 1171 2299 1239 exstitit,
2334 1170 2503 1242 cujus
2535 1177 2699 1227 metu
2732 1172 2901 1227 multi
2935 1173 3208 1227 exstincti
3242 1180 3400 1230 sunt.

2125 1353 2296 1406 Anno
2318 1351 2616 1407 tricesimo
2647 1351 2907 1407 secundo
2934 1352 3111 1407 trulla
3126 1354 3323 1425 magni
3346 1354 3549 1425 templi
3571 1372 3708 1411 con-

2056 1440 2385 1496 tinentibus
2418 1446 2589 1496 terras
2614 1441 2876 1496 motibus
2907 1446 3189 1513 perrupta
3218 1442 3713 1515 concidit,etpars

2055 1530 2362 1586 orientalis
2391 1531 2636 1586 fornicis
2668 1536 2885 1587 sanctas
2917 1548 3056 1600 aras,
3111 1533 3505 1603 contrivitque
3545 1534 3709 1589 cibo-

2054 1620 2208 1674 rium
2241 1626 2300 1675 et
2328 1636 2557 1675 sacram
2604 1636 2871 1675 mensam
2905 1626 2964 1676 et
3010 1627 3367 1693 suggestum.
3402 1622 3467 1677 Id
3505 1623 3712 1678 videns

2055 1710 2379 1780 imperator
2428 1708 2546 1764 alia
2593 1709 2916 1780 pinnacula
2964 1709 3167 1778 erexit,
3216 1709 3431 1780 quibus
3472 1711 3712 1766 trullam

1976 1827 2021 1891 B
2054 1797 2371 1867 exciperet.
2431 1798 2634 1867 Itaque
2701 1798 3033 1853 instaurata
3089 1803 3200 1866 est,
3258 1799 3463 1870 viginti
3530 1800 3711 1871 pedes

2061 1886 2234 1942 altior
2266 1887 2414 1941 617
2453 1903 2631 1958 quam
2663 1887 2856 1942 fuerat
2883 1893 3041 1942 ante.
3070 1887 3283 1943 Eduxit
3310 1888 3484 1943 etiam
3519 1906 3554 1944 a
3584 1890 3711 1944 solo

2060 1993 2247 2048 usqus
2276 1975 2351 2030 ad
2402 1975 2641 2031 trullam
2692 1982 2947 2047 quatuor
2995 1977 3271 2032 cochlens
3320 1977 3380 2032 in
3424 1979 3714 2033 exteriore

2062 2063 2269 2136 templi
2300 2068 2487 2135 parte,
2513 2080 2543 2118 e
2574 2065 2815 2137 regione
2838 2065 3211 2121 internarum
3230 2065 3713 2138 pinnaculorum,

2063 2170 2195 2224 quas
2226 2152 2481 2208 cochleas
2513 2152 2793 2208 fulcirent
2849 2154 3163 2210 fornicem.
3208 2156 3447 2210 Sacram
3478 2172 3716 2226 quoque

2063 2259 2332 2297 mensam
2347 2242 2799 2313 tumfecit,opus
2815 2243 3146 2298 imitatione
3160 2244 3325 2299 nulla
3337 2245 3718 2315 mquandum,

2065 2331 2389 2387 Constabat
2442 2348 2609 2397 auro,
2670 2338 2937 2403 argento,
2998 2334 3159 2388 omni
3212 2335 3449 2406 generis
3506 2334 3720 2405 lapidi-

2065 2421 2197 2487 bus,
2232 2421 2433 2493 lignis,
2458 2420 2735 2490 metallis,
2770 2421 3169 2492 omnibusque
3189 2423 3365 2477 rebus
3392 2439 3540 2493 quas
3564 2429 3722 2479 terra

2065 2510 2180 2565 fert
2210 2516 2267 2565 et
2297 2526 2458 2564 mare
2509 2515 2568 2564 et
2614 2513 2773 2565 totus
2821 2510 3101 2565 mundus.
3136 2512 3218 2564 Ex
3267 2511 3428 2565 omni
3472 2512 3723 2566 materia

2066 2598 2419 2669 pretiosiora
2476 2597 2664 2669 plura,
2741 2597 2949 2653 viliora
3017 2598 3299 2669 pauciora
3363 2598 3720 2670 collegerat;

2068 2686 2429 2758 liquatisque
2464 2686 2538 2740 iis
2588 2702 2718 2756 qua:
2767 2686 2980 2753 ﬂuunt,
3013 2686 3170 2742 sicca
3218 2686 3338 2741 illis
3370 2688 3721 2755 immiserat,
3788 2697 3792 2703 '

2070 2782 2247 2846 atque
2270 2774 2351 2828 ita
2377 2772 2629 2828 formam
2648 2790 2869 2829 mensae
2893 2774 3247 2830 absolverat.
3269 2776 3475 2845 Itaque
3495 2776 3725 2831 varium

2072 2862 2223 2918 illud
2276 2879 2424 2934 opus
2476 2862 2897 2917 contuentibus
2944 2870 3247 2935 stuporem
3292 2863 3621 2935 injiciebat.
3660 2865 3726 2919 In

2072 2956 2277 3011 orbem
2326 2954 2483 3009 hanc
2528 2953 2734 3009 habuit
2784 2954 3289 3027 inscriptionem:
3339 2957 3461 3010 Tua
3510 2954 3581 3010 de
3614 2956 3728 3011 tuis

2074 3042 2180 3098 tibi
2228 3041 2534 3097 offerimus
2582 3041 2732 3096 servi
2781 3042 2884 3110 tui,
2936 3043 3191 3110 Christe,
3239 3043 3609 3099 Justinianus
3669 3048 3729 3099 et

2071 3131 2378 3188 Theodora
2393 3147 2405 3185 :
2422 3147 2491 3185 ea
2504 3136 2562 3185 tu
2577 3131 2870 3202 propitius
2883 3132 3311 3203 accipere,Filii
3327 3133 3428 3188 Dei
3444 3132 3723 3201 Verbum,

305 3191 507 3294 vop'évr;
536 3215 747 3294 θάμϐος
787 3191 1030 3294 ⁵τωιρέιχει
1088 3223 1205 3281 τοῖς
1264 3217 1343 3281 εἰς
1399 3219 1567 3289 αὐτὴν
1602 3191 1955 3290 ἀτενίζουσιν,

2072 3221 2175 3293 qui
2206 3220 2394 3276 nostri
2427 3236 2607 3274 causa
2637 3236 2876 3274 carnem
2910 3221 3285 3293 assumpsisii
3316 3226 3375 3275 et
3403 3222 3563 3277 cruci
3594 3222 3723 3277 afﬂ-

301 3309 603 3387 ἐπιγρέψας
633 3308 879 3385 γύρωθεν
933 3312 1124 3365 ταῦτα·
1182 3308 1267 3365 Τὰ
1322 3306 1388 3362 ei
1442 3307 1503 3363 ἐκ
1556 3312 1665 3364 τῶν
1723 3313 1830 3364 σῶν
1865 3330 1951 3364 σοι

298 3398 673 3477 προσφέρομεν
729 3398 782 3452 οἱ
835 3394 1027 3453 δοῦλοί
1103 3419 1221 3467 σου,
1293 3398 1510 3474 Χριστὲ,
1578 3400 1950 3462 Ἰουστινιανὸς

2073 3328 2184 3366 xus
2216 3309 2424 3376 fuisti;
2457 3325 2525 3364 ac
2559 3325 2669 3363 nos
2700 3308 2761 3363 in
2810 3316 2974 3365 recta
3022 3311 3105 3365 tui
3155 3310 3268 3365 ﬁde
3318 3327 3638 3381 conserva;
3673 3318 3735 3368 et

2063 3416 2243 3473 quam
2302 3398 2479 3454 nobis
2536 3396 2887 3454 commisisti
2946 3399 3402 3472 rempublicam,
3465 3416 3596 3456 eam
3651 3401 3726 3456 ad

1514 3525 1878 3582 XYLANDRI
1916 3527 2003 3581 ET
2043 3525 2263 3581 GOARI
2300 3523 2524 3577 ΝΟΤᾹΞ.

371 3652 488 3723 (47)
518 3653 665 3706 Puto
698 3667 833 3706 eum
862 3667 1092 3719 vocare,
1123 3667 1258 3706 eum
1308 3650 1566 3722 populus
1598 3656 1805 3707 contra
1835 3669 1961 3708 ma-

307 3724 622 3797 gistratum
654 3724 1180 3797 insurgit._Notum
1213 3729 1304 3797 est
1324 3723 1547 3797 dictum
1575 3724 1705 3793 ejus
1736 3724 1835 3794 qui
1866 3723 1963 3797 de-

305 3793 655 3851 mocratiam
689 3793 964 3850 suadenti
996 3793 1323 3866 respondit.
1356 3794 1517 3849 domi
1550 3811 1670 3848 sum
1693 3793 1829 3848 eum
1856 3794 1961 3849 de-

307 3868 445 3923 bere
478 3883 609 3922 eam
642 3867 976 3934 instituere,
1012 3866 1061 3920 si
1106 3882 1238 3920 eam
1282 3866 1535 3920 formam
1566 3882 1698 3920 vere
1730 3866 1959 3936 probet.

306 3941 452 3995 XYL.
484 3967 553 3980 —~
588 3939 835 3994 Partium
894 3943 953 3992 et
1002 3940 1328 4006 factionum.
1385 3937 1456 3991 de
1514 3937 1729 4007 quibus
1760 3953 1961 4008 supra,

310 4026 439 4065 sese
463 4016 672 4066 mutuo
704 4010 1140 4065 incursantium
1164 4014 1223 4063 et
1248 4008 1740 4063 tumultuantium
1772 4008 1958 4065 caedes.

312 4084 484 4136 Goxn.

379 4153 488 4223 (48)
518 4153 711 4219 Forte,
745 4168 879 4207 eum
910 4151 1279 4206 Iustinianus
1310 4150 1373 4223 in
1426 4166 1494 4205 eo
1525 4155 1681 4205 esset
1708 4155 1775 4205 ut
1820 4149 1961 4205 trul-

310 4224 436 4278 lum
468 4222 757 4279 reficeret.
790 4224 925 4279 ΧΠ.
958 4253 1023 4263 -
1056 4224 1321 4277 Absoluta
1342 4222 1465 4291 jam
1497 4229 1665 4292 atque
1702 4224 1959 4291 picturis,

310 4296 583 4350 cxtaturis
612 4302 665 4349 et
690 4312 851 4366 opere
896 4295 1144 4349 tesselato
1180 4297 1421 4364 perfecte
1458 4300 1730 4366 exornata
1773 4294 1961 4366 trulla,

313 4383 442 4437 quae
474 4360 768 4437 interpres
799 4366 1020 4422 omisit.
1054 4367 1121 4419 In
1154 4360 1291 4421 vbce
1319 4362 1552 4434 τροῦλος
1586 4364 1683 4420 alii
1716 4360 1748 4417 λ
1781 4365 1961 4437 gemi-

314 4443 477 4491 nant.
512 4438 689 4491 Goxu.

314 4443 477 4492 nant.
512 4443 689 4491 (£01m.

2069 3650 2243 3720 stelazr
2278 3649 2508 3717 quadra
2565 3647 2913 3720 grandiores
2967 3656 3448 3707 concameratum
3511 3656 3728 3706 tectum

2072 3719 2502 3793 suffulcientes.
2544 3720 2721 3774 Casui
2772 3737 2891 3775 non
2944 3721 3204 3776 absimili
3256 3723 3635 3793 impediendo
3669 3723 3729 3776 in

2073 3794 2129 3846 S.
2163 3791 2339 3846 domo
2374 3790 2721 3863 Lauretana,
2758 3808 2947 3863 quam,
2967 3793 3301 3862 reparando
3332 3790 3418 3846 illi
3446 3793 3730 3863 quiCpoli

2072 3863 2303 3933 obtigit,
2333 3878 2536 3933 curam
2565 3861 2891 3933 adhibitam
2918 3861 3199 3917 desetibit
3219 3861 3562 3918 Turselinus
3586 3861 3732 3917 Lau-

2072 3932 2294 3989 retanaa
2321 3932 2584 3987 historias
2616 3932 2656 3988 l.
2715 3949 2788 3998 ιιι,
2833 3950 2882 3987 c.
2911 3934 2982 3986 7:
3018 3934 3275 3990 Basilij
3314 3935 3526 3989 testudo
3559 3934 3731 4003 (trul-

2072 4005 2188 4074 lus)
2215 4005 2396 4060 stabat
2422 4010 2544 4058 octo
2577 4004 2840 4059 latericiis
2890 4004 3091 4059 innixa
3118 4006 3269 4073 pilis.
3325 4008 3590 4059 Attamen
3620 4007 3734 4059 sive

2070 4081 2570 4147 superstructorum
2593 4078 2876 4147 parietum
2916 4076 3241 4132 altitudine.
3275 4078 3387 4132 sive
3418 4078 3593 4130 nimio
3626 4078 3735 4128 im-

2064 4146 2238 4220 positi
2265 4146 2478 4217 plumbi
2502 4148 2751 4215 pondere
2792 4146 3148 4215 degravanle,
3193 4148 3540 4203 succumbere
3568 4163 3734 4202 onere

2071 4219 2120 4275 et
2148 4221 2318 4274 rimas
2348 4233 2509 4288 agere
2538 4224 2760 4286 repente
2806 4220 2991 4288 coepit,
3025 4235 3166 4274 novo
3212 4219 3360 4273 cella
3408 4225 3732 4273 ornamento

2071 4290 2333 4359 cellaeque
2354 4291 2445 4343 cui
2466 4287 2787 4359 imminebat
2798 4290 3005 4356 fwdam
3022 4293 3243 4345 ruinam
3260 4291 3522 4345 minitans
3541 4291 3733 4358 (sacra

2070 4358 2360 4443 cella’sub
2399 4358 2602 4443 tholo,‘
2630 4360 2732 4414 ubi
2778 4360 2886 4443 CR.
2918 4361 3426 4443 ciboriumueigue
3457 4361 3730 4443 supposi-

2071 4439 2197 4488 tum
2228 4432 2417 4486 altare
2450 4436 2715 4486 erectum
2749 4436 2893 4496 erat,
2928 4432 3121 4489 locata
3150 4438 3282 4499 est).
3318 4433 3465 4487 Hinc
3491 4432 3730 4503 quibus-

380 4508 493 4580 (49)
523 4510 761 4565 Trullus
791 4514 1047 4579 quatuor
1073 4506 1372 4562 columnis
1395 4507 1469 4563 ad
1491 4507 1697 4580 altaris
1717 4507 1962 4580 angulos
1997 4516 2038 4580 ι)
2070 4505 2209 4580 dam
2255 4503 2630 4580 interiectis;
2679 4506 2966 4572 confestim
3014 4505 3103 4580 de
3134 4505 3734 4580 com_muni__sententia

315 4578 443 4633 sitis
475 4579 676 4649 fultus,
730 4578 995 4651 illudque
1053 4584 1258 4651 tegens
1315 4584 1372 4633 et
1423 4579 1714 4651 ambiens,
1756 4578 1962 4648 quales

311 4651 661 4722 plerumque
692 4650 923 4707 veteres
971 4650 1238 4705 ecclesiae
1294 4652 1573 4706 Romanae
1614 4650 1809 4722 adhuc
1840 4666 1961 4722 ser-

313 4721 470 4802 vant,
501 4721 930 4802 κιϐώριον-93ῐὲ
974 4723 1301 4802 Germanus
1348 4722 1412 4802 in
1458 4721 1963 4802 MystagogiaaCo.

316 4792 492 4849 diuus
522 4793 596 4850 de
628 4791 849 4866 templo
898 4793 986 4866 S._
1017 4791 1268 4866 sophia),
1304 4799 1388 4866 _et
1442 4791 1561 4866 nos
1580 4791 1766 4848 exeis
1796 4792 1967 4865 plura

317 4866 474 4921 circa
503 4862 836 4922 Graecarum
867 4862 1255 4919 ecclesiarum
1285 4863 1767 4935 descriptionem.
1788 4862 1963 4919 Gosn.

390 4937 498 5006 (50)
529 4938 779 5009 Reliqua
810 4936 987 5009 etiam
1009 4935 1248 5009 reliqui,
1271 4952 1347 4991 ne
1378 4934 1525 5009 mihi
1554 4941 1612 4989 et
1640 4934 1772 5009 aliis
1801 4935 1965 5009 nullo

304 5003 737 5093 .fruct‘uﬂessem
786 5006 1094 5093 molestus.
1144 5003 1380 5093 Πίνσους
1433 5006 1963 5093 pinnacula‘verti‘.

316 5079 487 5151 gpud
517 5080 760 5151 Snidam
792 5084 901 5144 est,
935 5076 1092 5137 πισὸς
1148 5077 1236 5131 καὶ
1275 5072 1508 5151 χπινσὸς,
1541 5076 1702 5136 πεσὸς
1737 5072 1794 5129 δὲ
1822 5076 1969 5149 παρᾶ

315 5149 631 5223 Ῑίροκοπίῳ.
686 5155 769 5207 Ex
797 5152 1021 5205 Zonara
1072 5165 1215 5205 sane
1274 5149 1482 5223 liquet,
1506 5165 1657 5223 cum
1687 5164 1967 5223 magnum

314 5219 605 5293 templum
635 5224 711 5279 ab
742 5223 1100 5293 imperatore
1132 5228 1289 5293 esset
1310 5219 1437 5293 jam
1467 5219 1801 5293 absolutum
1834 5220 1969 5289 (huc

315 5289 577 5369 resp-icit;
617 5312 726 5351 vox
782 5289 1329 5369 φῡςοκαλουμὲνου),’
1364 5309 1568 5349 casum
1630 5292 1788 5346 hunc
1837 5308 1966 5347 eve-

318 5366 503 5422 nisse.
537 5367 678 5423 ΧΠ..

390 5438 500 5507 (51)
554 5445 598 5492 Α
648 5439 791 5509 pisis
832 5441 909 5509 τοι
941 5434 1361 5509 leguminibus
1419 5434 1669 5509 ridicule
1714 5432 1969 5509 lectores

320 5506 487 5563 arcet
510 5506 821 5586 Meursius,
853 5507 961 5586 ubi
986 5523 1091 5577 pro
1124 5522 1262 5561 voce
1310 5506 1497 5586 πινσός
1532 5509 1762 5586 pinsum
1792 5510 1852 5586 et
1867 5507 1965 5586 pi:

315 5594 434 5654 sum
492 5582 746 5654 reponit.
802 5576 1045 5654 Insulse
1092 5593 1328 5654 quoque
1365 5577 1673 5654 pinnacula
1710 5576 1972 5654 reddidit

313 5648 636 5724 Xylander,
660 5670 791 5727 quas
823 5649 1227 5708 sustentacula
1257 5655 1415 5719 sunt,
1433 5648 1570 5722 pilae
1601 5648 1886 5704 nimirum
1912 5653 1972 5703 et

2072 4574 2407 4647 (Sangallus
2465 4573 2826 4629 architectus
2876 4591 3012 4631 cum
3062 4576 3331 4645 Nerucio)
3370 4576 3521 4646 pilas
3579 4583 3733 4631 tanto

2073 4645 2237 4702 oneri
2277 4645 2517 4716 impares
2572 4647 2865 4701 intentiore
2935 4664 3072 4701 cura
3124 4651 3341 4703 munire
3374 4645 3462 4702 iac
3511 4652 3734 4716 ﬁrmare

2074 4717 2421 4788 aggreditur.
2452 4717 2629 4785 Igitur
2658 4717 2863 4773 validis
2896 4720 3143 4774 trabibus
3191 4718 3514 4775 testudinem
3538 4720 3730 4787 proti-

2073 4787 2176 4845 nus
2220 4787 2408 4857 fulcit,
2460 4794 2512 4841 et
2569 4790 2771 4842 circum
2820 4788 3026 4857 effossis
3082 4797 3303 4845 strenue
3352 4790 3731 4857 fundamentis

2066 4861 2218 4933 pilas
2265 4858 2505 4933 impigre
2553 4862 2814 4933 convestit
2860 4863 3134 4933 quadrato
3182 4861 3386 4931 lapide,
3430 4864 3729 4933 ﬁrmatque

2075 4930 2318 5002 Quatuor
2348 4932 2492 4985 inter
2538 4931 2784 5002 alternas
2825 4932 2975 4999 pilas
3018 4930 3250 4986 arcubus
3296 4930 3727 5002 minoribusiex-

2074 5000 2317 5066 structis,
2366 5002 2465 5071 qui
2509 5000 2934 5072 superimposito
2982 5005 3155 5072 oneri
3182 5005 3365 5072 forent
3412 5003 3563 5072 satis.
3601 5000 3727 5072 Uno

2074 5074 2250 5147 verbo
2307 5067 2776 5147 au'ctornposter
2830 5067 3047 5147 ἤγειρεν
3108 5067 3313 5132 ἄλλους
3372 5068 3594 5131 πινσοὺς
3634 5069 3728 5124 καὶ

2076 5141 2290 5213 ἐδέξατο
2318 5143 2410 5196 τὸν
2436 5139 2695 5214 τροῦλον.
2734 5139 2910 5214 (ὶοΑιί.

2147 5212 2262 5285 (52)
2293 5212 2519 5270 Gradus
2551 5212 2791 5269 rotundi
2821 5231 2926 5285 per
2946 5230 3153 5285 gyrum
3178 5215 3239 5268 in
3269 5212 3456 5268 altum
3489 5212 3736 5268 tenden—

2079 5294 2188 5348 tes.
2208 5302 2463 5368 quorum
2482 5286 2739 5368 exterior
2755 5291 3051 5368 struetura
3071 5286 3220 5368 pilas
3240 5285 3555 5368 interiores
3577 5301 3731 5340 com-

2077 5356 2385 5413 muniebat
2415 5362 2472 5411 et
2504 5356 2749 5411 trullum
2782 5356 3198 5411 subfulciebat.
3236 5358 3408 5412 GAOR.

2150 5430 2261 5499 (53)
2292 5429 2557 5492 Quatuor
2585 5427 2872 5482 nimirum
2906 5444 3151 5482 arcuum
3182 5433 3438 5499 quatuor
3465 5427 3617 5500 pilas
3646 5428 3729 5500 si-

2077 5496 2203 5555 mul
2245 5496 2745 5553 'connectentium
2802 5504 2859 5553 et
2917 5496 3329 5555 concamerato
3389 5496 3549 5555 tholo
3610 5496 3730 5555 sive

2078 5570 2277 5639 trullo,
2311 5569 2387 5625 ad
2416 5585 2552 5625 eum
2582 5569 3025 5641 excipiendum,
3054 5572 3514 5645 suppositarum.
3552 5574 3731 5629 Goxa.
