4134 6212
247 349 364 409 7M

1375 342 1917 408 HISTORIABUM
1961 343 2503 410 OOMPENDIUM.

3553 352 3667 412 ’742

250 478 572 551 ἐτελεύτησε
601 476 692 534 διὰ
736 478 799 533 τὸ
846 475 1217 555 κεφαλαλγεῖν
1270 476 1361 533 καὶ
1424 475 1631 550 μηδένα
1659 481 1906 550 θεωρεῖν.
1943 540 1944 543 η

2062 484 2415 552 onspectum
2466 481 2671 552 populi
2718 496 2839 536 non
2886 482 3171 553 prodiret,
3221 483 3440 539 diditus
3491 489 3578 540 est
3608 486 3671 540 in

264 570 372 627 Καὶ
400 569 467 638 ἦν
499 569 720 647 ταραχή
752 566 841 623 καὶ
873 566 1109 643 ἁρπαγαί
1153 566 1230 629 εἴς
1280 586 1339 623 τε
1365 569 1461 629 τάς
1492 561 1776 640 προϐολὰς
1808 568 1923 640 (61)

262 661 356 716 καὶ
386 660 455 715 τὰ
509 666 831 734 μαγκιπεῖα.
885 660 987 715 Καὶ
1044 657 1167 733 περὶ
1227 658 1371 734 ὥραν
1425 659 1468 713 θ’
1518 655 1811 732 προσέταξε
1842 659 1924 727 τῷ

261 746 517 825 ἐπάρχῳ,
576 750 665 805 καὶ
725 749 901 823 ἀνῆψε
958 753 1112 824 φῶτα
1160 747 1238 810 είς
1294 745 1435 817 ὃλην
1487 749 1587 816 τὴν
1621 745 1809 814 πόλιν,
1841 743 1925 800 ὅτι

262 840 474 916 ύγίανεν
509 840 538 895 ὁ
575 837 854 914 βασιλεὺς,
906 839 996 894 καὶ
1063 835 1366 907 συνεστάλη
1401 837 1470 891 τὰ
1512 843 1615 906 τῆς
1644 841 1924 911 ταραχῆς.

265 930 359 1000 Τῷ
388 923 709 1002 Δεκεμϐρίῳ
766 928 901 1002 μηνὶ
958 932 1183 1003 γέγονεν
1233 926 1563 1000 ἐμπρησμὸς
1623 924 1793 999 μέγας
1820 922 1926 977 ἀπό

266 1038 326 1075 τε
382 1024 491 1073 τῶν
553 1023 771 1092 Σοφιῶν
829 1016 917 1072 καὶ
971 1014 1074 1079 ἕως
1130 1021 1239 1071 τῶν
1297 1009 1537 1089 Πρόϐου.
1594 1013 1792 1090 Γέγονε
1836 1008 1927 1066 καὶ

269 1111 594 1179 θανατήριον
656 1108 790 1182 μέγα
876 1105 928 1162 ἐν
1009 1103 1237 1177 Κιλικίᾳ
1289 1104 1379 1159 καὶ
1465 1096 1783 1176 ’Λναζάρὸῳ
1836 1101 1926 1156 καὶ

269 1197 584 1276 ’Λντιοχείᾳ
634 1201 703 1269 τῇ
767 1195 998 1272 μεγάλη,
1054 1195 1146 1251 καὶ
1204 1193 1445 1268 σεισμοί.
1494 1189 1839 1250 Συνέὅαλλον
1873 1189 1931 1247 δὲ

266 1288 385 1343 κατ’
416 1284 686 1356 ἀλλήλων
719 1285 773 1341 οἱ
804 1282 1092 1360 ὁρθόδοεοι
1140 1284 1233 1339 καὶ
1282 1277 1636 1357 Σεϐηριανοί,
1665 1282 1758 1337 καὶ
1787 1280 1932 1336 πολ-

269 1373 362 1430 λοὶ
390 1373 549 1449 φόνοι
596 1374 879 1452 γεγόνασι.
936 1374 1042 1429 Καὶ
1099 1371 1427 1434 ἀποστείλας
1457 1373 1486 1427 ὁ
1515 1369 1773 1447 βασιλεὺς
1802 1368 1929 1430 τοὺς

268 1465 536 1527 ἀτάκτους
566 1463 819 1522 ἐκόλασε.

340 1556 437 1625 Τῷ
467 1550 542 1610 λε’
573 1548 786 1628 γέγονεν
818 1550 1153 1626 ἐμπρησμὸς
1203 1550 1431 1626 ἐσπέρας
1487 1549 1707 1625 βαθείας
1734 1546 1787 1603 ἐν
1814 1552 1930 1609 τοῖς

269 1644 563 1716 Καισαρίου
619 1640 723 1705 ἕως
778 1649 878 1713 τῆς
936 1643 1299 1721 Ὀμφακερᾶς,
1359 1641 1451 1696 καὶ
1510 1640 1708 1709 ἐκαύθη
1755 1640 1931 1695 πάντα

268 1736 339 1789 τὰ
394 1733 726 1809 ἐργαστήρια
780 1732 871 1789 καὶ
928 1731 1208 1793 πυλεῶνες
1274 1734 1374 1786 τοῦ
1461 1730 1616 1791 Βοός.
1684 1730 1932 1785 Ἱππικοῦ

277 1820 338 1878 δέ
367 1824 633 1899 ἀγομένου
660 1821 872 1897 ζγέγονε
928 1818 1209 1893 δημοτικὴ
1266 1820 1509 1894 ταραχὴ,
1539 1818 1631 1873 καὶ
1689 1816 1929 1887 ἐπῆλθον

280 1913 333 1968 οἱ
369 1913 626 1988 ίΙράσινοι
680 1916 801 1973 τοῖς
867 1909 1135 1979 Βενέτοις,
1193 1908 1285 1963 καὶ
1337 1906 1586 1969 πολλοὺς
1609 1906 1805 1984 φόνους
1835 1925 1933 1960 τῖε-

277 2002 595 2072 ποιήκασιν’
629 2000 723 2062 οὕς
775 2000 1053 2074 κρατήσας
1110 1998 1139 2053 ὁ
1192 1993 1452 2060 ϐασιλεὺς
1484 1996 1721 2057 πολλαῖς
1762 1993 1935 2070 βασά-⁵

274 2111 392 2154 νοις
421 2088 668 2147 ἐκόλασε.

346 2184 438 2248 Τῷ
469 2178 549 2249 λζ’
580 2175 687 2235 ἔτει
738 2177 930 2253 γέγονε
972 2179 1142 2234 πάλιν
1203 2177 1387 2239 στάσις
1436 2174 1714 2249 δημοτική
1742 2173 1795 2229 ἐν
1820 2176 1937 2236 τοῖς

277 2270 611 2338 πιττακίοις,
641 2269 732 2324 καὶ
776 2267 1024 2330 πολλοὺς
1073 2268 1250 2324 αὐτῶν
1293 2270 1322 2324 ὁ
1375 2267 1628 2344 βασιλεὺς
1659 2267 1935 2343 ἐτιμωρή-

284 2380 439 2416 σατο.
500 2361 691 2434 Γέγονε
750 2355 808 2413 δί
862 2352 1102 2432 ἀϐροχία
1152 2357 1242 2413 καὶ
1300 2354 1479 2430 λεῖψις
1534 2352 1746 2420 ὕδατος.
1803 2353 1939 2412 Τότε

284 2448 522 2505 ἐπινίκια
550 2447 719 2522 ἦλθον
753 2448 860 2502 ἀπὸ
917 2447 1142 2519 Ῥώμης
1203 2446 1279 2507 ὡς
1340 2447 1562 2519 Ναρσῆς
1592 2445 1621 2499 ὁ
1651 2445 1940 2516 πατρίκιος

287 2536 385 2593 δύο
440 2535 630 2599 πόλεις
688 2536 896 2611 ὂχυράς
952 2540 1065 2590 τῶν
1128 2536 1337 2590 Γότθων
1394 2529 1702 2609 παράλαϐε,
1756 2534 1939 2609 Βιρίαν

288 2626 380 2681 καὶ
412 2627 643 2699 Βρίγκας
698 2630 831 2698 (62).
892 2620 1232 2688 Ἐπιϐουλῆς
1290 2622 1350 2678 δὲ
1407 2621 1801 2695 μελετηθείσης
1843 2623 1942 2677 ὑπ-

292 2711 506 2786 εϐλήθη
537 2712 750 2788 ψευδῶς
812 2714 959 2790 παρά
1011 2718 1120 2769 τῶν
1179 2711 1560 2788 κρατηθέντων
1588 2713 1680 2766 καὶ
1712 2711 1947 2768 Βελισά-

290 2824 431 2878 ριος,
490 2804 579 2859 καὶ
635 2802 840 2877 ὡρίσθη
914 2800 1227 2871 καθέζεσθαι
1302 2799 1360 2855 ἐν
1435 2805 1517 2872 τῷ
1586 2799 1721 2874 οἴκῳ
1776 2801 1943 2857 αὐτοῦ

292 2892 575 2967 ἀπρόῐτος.
633 2891 731 2946 Καὶ
777 2894 846 2965 τῇ
899 2892 963 2944 ιθ¹
1008 2894 1107 2945 τοῦ
1156 2888 1389 2945 Ἰουλίου
1418 2888 1596 2951 ἀθῶος
1626 2888 1809 2965 φανεὶς
1840 2890 1947 2945 πά-

290 2980 378 3038 λιν
407 2982 472 3037 τά
498 2980 854 3059 ἀφαιρεθέντα
876 2979 1042 3035 αὐτοῦ
1072 2975 1335 3035 ἀπέλαϐε.

356 3073 454 3143 Τῷ
507 3070 587 3139 λζ’
639 3063 748 3125 ἔτει
787 3068 1009 3146 γέγονεν
1063 3066 1414 3144 ἐμπρησμὸς,
1473 3067 1566 3122 καὶ
1625 3066 1824 3137 ἐκαύθη
1866 3086 1951 3123 τε-

286 3160 449 3223 λείως
478 3161 507 3215 ὁ
539 3160 701 3232 εενὼν
762 3164 870 3215 τῶν
929 3157 1178 3233 Σαμψὼν
1229 3157 1322 3212 καὶ
1377 3157 1446 3213 τά
1497 3156 1806 3234 ἔμπροσθεν
1842 3162 1940 3212 τοῦ

285 3252 517 3327 Ῥούφου
569 3250 848 3322 οἱκήματα
891 3248 981 3303 καὶ
1026 3249 1090 3303 τὸ
1141 3244 1435 3320 μεσαύλιον
1462 3249 1577 3320 (63)
1606 3254 1709 3317 τῆς
1754 3247 1937 3323 Μεγά-

289 3338 394 3411 λης
425 3337 716 3410 ἐκκλησίας
755 3338 818 3393 τὸ
868 3335 1165 3411 λεγόμενον
1216 3340 1677 3411 Γαρσονοστάσιον
1708 3339 1819 3411 (64)
1846 3336 1938 3391 καὶ

287 3431 354 3485 τὰ
385 3427 482 3484 δύο
510 3430 821 3502 ἀσκητήρια
850 3427 917 3483 τά
947 3425 1190 3497 πλησίον
1221 3428 1323 3496 τῆς
1354 3426 1546 3503 Ἀγίας
1580 3423 1940 3501 Εἶρήνης,καὶ

289 3519 352 3575 τὸ
384 3520 549 3593 μέρος
577 3522 674 3572 τοῦ
705 3516 974 3592 νάρθηκος
1000 3515 1133 3586 αὐτῆ
1145 3536 1193 3577 ς.

362 3609 515 3680 [388]
540 3610 628 3679 Τῷ
681 3605 769 3676 λη’
819 3603 929 3661 ἔτει
973 3602 1200 3674 τελευτᾷ
1246 3601 1571 3677 Βελισάριος
1597 3603 1629 3658 ὁ
1658 3602 1946 3679 πατρίκιος

290 3694 345 3751 ἐν
390 3696 691 3768 Βυζαντίῳ.
748 3694 939 3767 Τούτῳ
993 3698 1073 3766 τῷ
1130 3690 1237 3748 ἔτει
1292 3692 1566 3771 Εὐτυχιος
1593 3694 1945 3769 πατριάρχης

295 3785 932 3847 Κωνσταντινουπόλεως
1003 3782 1280 3858 καθῃρέθη
1366 3785 1457 3838 καὶ
1552 3781 1817 3857 ἐξωρίσθη
1896 3783 1948 3838 ἐν

292 3877 536 3952 ’Δμασίᾳ
583 3876 688 3931 ὕπὸ
744 3876 1152 3940 Ἰουστινιανοῦ,
1210 3871 1304 3927 καὶ
1361 3870 1583 3947 γέγονεν
1640 3872 1756 3927 ἀντ’
1782 3873 1949 3927 αὐτοῦ

297 3968 551 4037 Ἰωάννης
609 3965 718 4020 ἀπὸ
774 3962 1184 4039 σχολαπικῶν.
1247 3960 1341 4024 Είς
1398 3958 1456 4016 δὲ
1506 3961 1573 4016 τὰ
1617 3960 1754 4033 τέλη
1786 3963 1952 4017 αὐτοῦ

311 4055 668 4116 Ιουστινιανὸς
696 4054 759 4109 τὸ
816 4053 940 4127 περὶ
1004 4055 1243 4128 φθαρτοῦ
1282 4050 1373 4105 καὶ
1425 4050 1700 4128 ἀφθάρτοῦ
1730 4053 1956 4122 κινήσας

292 4143 497 4221 δόγμα,
532 4144 623 4200 καὶ
657 4140 863 4198 ἴδικτον
893 4145 1182 4220 πανταχοῦ
1239 4140 1621 4212 καταπέμψας,
1652 4139 1953 4216 ἀλλότριος

294 4242 398 4304 τῆς
459 4228 732 4294 εὐσεϐείας
789 4236 924 4287 Θεοῦ
977 4228 1317 4300 ἐτελεύτησε,
1351 4228 1681 4303 βασιλεύσας
1710 4224 1806 4298 ἐτη
1842 4227 1951 4299 λη“,

304 4330 479 4399 μῆθας
509 4324 572 4392 ζ’,
601 4323 811 4397 ἡμέρας
866 4322 950 4395 ιγ’.
1004 4319 1110 4376 Καὶ
1158 4318 1364 4394 γίνεται
1409 4318 1607 4374 τούτου
1632 4314 1894 4394 διάδοχος
1926 4320 1958 4374 ὁ

2029 570 2177 625 urbe
2230 586 2436 626 rumor
2488 570 2560 625 de
2590 576 2783 626 morte
2825 571 2975 641 ejus.
3008 573 3212 643 Itaque
3242 574 3671 629 tumultuatum

2031 666 2140 727 est,
2173 659 2539 732 direptmque
2572 658 2833 717 tabernm
2853 667 2911 717 et
2933 663 3245 734 mancipia.
3281 664 3447 719 Circa
3466 665 3672 720 horam

2032 762 2251 805 nonam
2275 752 2587 822 praefectus
2607 751 2889 807 mandato
2920 752 3296 823 imperatoris
3320 753 3549 809 lumina
3569 771 3676 825 per

2032 842 2215 894 totam
2228 840 2438 895 urbem
2450 841 3001 912 succendit,qnibus
3017 842 3432 913 imperatorem
3449 842 3674 898 salvum

2033 942 2163 983 esse
2190 928 2580 984 indicabatur.
2615 932 2695 984 Ea
2724 945 2819 984 res
2848 930 3170 985 tumultum
3200 931 3443 987 sedavit.
3478 934 3675 986 Mense

2032 1017 2341 1073 Decembri
2370 1033 2646 1089 magnum
2670 1018 2781 1073 fuit
2800 1019 3205 1083 incendium,a
3234 1021 3465 1091 Sophim
3486 1038 3676 1092 usque

2034 1105 2109 1160 ad
2141 1105 2335 1160 Probi.
2371 1106 2501 1161 Fuit
2548 1112 2605 1160 et
2652 1107 2805 1162 619
2836 1122 3051 1178 magna
3092 1109 3274 1179 pestis
3302 1108 3361 1163 in
3388 1108 3591 1165 Cilicia
3622 1116 3680 1165 et

2034 1198 2321 1253 Anazarbi
2381 1203 2439 1253 et
2488 1199 2815 1253 Antiochim
2876 1214 3123 1271 magum,
3158 1204 3213 1255 et
3256 1206 3426 1256 terrm
3459 1208 3674 1257 motus.

2036 1287 2529 1358 Depugnaverunt
2558 1287 2737 1343 etiam
2782 1288 2939 1343 inter
2967 1305 3028 1343 se
3078 1288 3388 1344 orthodoxi
3420 1296 3479 1344 et
3510 1291 3677 1345 Seve-

2033 1376 2276 1442 riani,et
2299 1374 2499 1431 multm
2529 1382 2669 1432 sunt
2697 1377 2888 1432 caedes
2909 1378 3096 1433 factm.
3129 1379 3458 1449 Imperator
3477 1385 3678 1435 autem

2035 1466 2329 1521 ministris
2358 1467 2559 1521 missis
2590 1467 2924 1522 turbatores
2956 1468 3170 1538 puniit.

2106 1556 2280 1610 Anno
2308 1558 2373 1609 35
2401 1570 2679 1628 magnum
2707 1555 2827 1611 alta
2857 1572 3103 1628 vespera
3119 1557 3231 1612 fuit
3251 1557 3596 1613 incendium
3623 1559 3685 1613 in

2036 1644 2311 1709 Cmsario,
2347 1645 2506 1715 quod
2536 1652 2866 1717 grassatum
2918 1651 3005 1701 est
3034 1662 3224 1718 usque
3256 1647 3329 1701 ad
3362 1648 3687 1720 Omphace-

2037 1748 2185 1787 ram.
2219 1733 2481 1789 Ofﬁcium
2526 1751 2735 1791 omnes
2790 1735 3253 1809 conﬂagrarunt,
3297 1741 3354 1792 et
3398 1737 3687 1793 vestibula

2040 1822 2229 1878 Bovis.
2262 1823 2596 1879 Certamine
2627 1841 2802 1896 porro
2825 1824 3083 1895 equestri
3106 1825 3426 1881 commisso
3448 1825 3680 1881 Prasini

2045 1912 2297 1967 Venetos
2319 1912 2509 1968 adorti
2536 1920 2674 1969 sunt
2704 1929 2808 1985 per
2836 1913 3156 1968 tumultum
3178 1913 3402 1985 populi,
3436 1914 3681 1969 multas-

2042 2016 2156 2071 que
2188 2001 2506 2057 ediderunt
2534 2003 2725 2058 cmdes
2751 2017 2764 2068 ;
2798 2018 3050 2073 quarum
3074 2008 3341 2058 auctores
3363 2003 3687 2075 imperator

2046 2090 2250 2146 multis
2281 2092 2591 2163 suppliciis
2621 2093 2837 2149 affecit.

2114 2182 2286 2236 Anno
2319 2183 2386 2236 36
2416 2196 2655 2237 rursum
2689 2182 2890 2253 populi
2923 2183 3136 2239 seditio
3166 2183 3279 2239 fuit
3308 2183 3370 2239 in
3401 2183 3687 2239 Pittaciis.

2045 2267 2186 2340 Ejus
2214 2285 2392 2325 causa
2451 2271 2671 2325 multos
2724 2272 3049 2342 imperator
3074 2273 3286 2343 puniit.
3316 2274 3461 2327 Cum
3492 2278 3690 2328 autem

2045 2356 2149 2412 diu
2176 2375 2296 2413 non
2350 2359 2619 2429 pluisset,
2648 2374 2817 2429 aqum
2865 2361 3113 2431 penuria
3145 2361 3383 2433 ingruit.
3420 2360 3690 2415 Victorim

2046 2450 2173 2500 tum
2222 2446 2469 2501 nuntius
2521 2448 2705 2501 Roma
2753 2448 2989 2511 allatus,
3025 2450 3327 2503 Narsetem
3374 2448 3692 2519 patricium

2046 2534 2195 2589 duas
2221 2536 2480 2590 munitas
2507 2535 2685 2590 urbes
2711 2534 2783 2589 de
2807 2536 3009 2591 Gothis
3030 2538 3347 2608 recepisse,
3384 2538 3602 2592 Viriam
3638 2541 3696 2591 et

2048 2627 2307 2680 Brincus.
2341 2626 2577 2680 Insidiis
2628 2632 2826 2681 autem
2858 2626 3046 2690 factis,
3080 2633 3139 2682 et
3183 2644 3383 2682 earum
3419 2643 3692 2699 compre-

2049 2715 2250 2769 hensis
2282 2714 2801 2782 auctoribus,fa_lso
2823 2714 2895 2771 ab
2928 2716 3002 2771 iis
3033 2716 3295 2771 delatum
3320 2722 3411 2771 est
3431 2715 3697 2771 Belisarii

2051 2820 2288 2875 quoque
2335 2818 2578 2870 nomen,
2612 2805 2783 2876 isque
2827 2806 3033 2877 jussus
3083 2805 3243 2860 domi
3274 2822 3335 2860 se
3368 2806 3693 2861 continere.

2049 2894 2159 2959 Qui
2188 2897 2252 2948 19
2282 2893 2420 2949 Julii
2468 2895 2811 2949 innocentia
2860 2910 2967 2950 sua
3010 2893 3261 2962 detecta,
3297 2893 3357 2949 in
3388 2893 3695 2965 publicum

2051 2983 2272 3055 prodiit
2298 2988 2358 3038 et
2387 2998 2493 3038 sua
2521 2983 2909 3055 recuperavit.

2122 3075 2293 3128 Anno
2325 3074 2392 3126 37
2424 3073 2699 3128 incendio
2731 3072 3115 3144 conﬂagravit
3142 3072 3457 3145 hospitalis
3490 3071 3703 3128 domus

2052 3162 2379 3228 Samsonia,
2414 3166 2473 3216 et
2522 3177 2654 3233 qum
2709 3169 2848 3217 sunt
2894 3168 3032 3218 ante
3083 3162 3297 3218 Rufum
3330 3160 3599 3227 aedificia,
3633 3177 3700 3216 ac

2053 3252 2251 3308 media
2306 3252 2444 3307 aula
2497 3252 2695 3324 magni
2755 3251 2981 3323 templi,
3008 3268 3139 3323 qum
3185 3251 3698 3308 Garsonostasium

2048 3341 2294 3408 dicitur,
2355 3341 2497 3395 item
2556 3340 2673 3395 duo
2730 3341 3019 3396 asceteria
3077 3339 3414 3412 propinqua
3471 3338 3695 3395 Sanctm

2048 3432 2205 3500 Paci,
2238 3446 2498 3503 parsque
2528 3431 2849 3488 marthecis
2883 3430 3033 3504 ejus.

2122 3613 2279 3669 080
2300 3616 2472 3668 Anno
2504 3614 2570 3668 38
2614 3613 2867 3668 moritur
2892 3610 3210 3668 Belisarius
3258 3611 3543 3684 patricius
3589 3610 3701 3684 By—

2055 3703 2252 3758 zantii.
2281 3701 2502 3757 Eodem
2534 3717 2691 3756 anno
2721 3701 3090 3757 Justinianus
3123 3702 3476 3772 Eutycbium
3527 3702 3709 3773 patri-

2057 3793 2297 3848 archam
2329 3788 2702 3862 Cpolitanum
2728 3792 2835 3845 sua
2866 3790 3186 3861 spoliatum
3218 3790 3504 3862 dignitate
3530 3793 3708 3845 Ama-

2058 3898 2222 3938 seam
2250 3881 2500 3954 relegat;
2517 3880 2689 3951 eique
2703 3879 2997 3935 sufﬁcitur
3014 3881 3268 3934 Joannes
3291 3878 3705 3934 scholasticus.

2059 3970 2147 4025 Ad
2178 3976 2511 4025 extremum
2554 3967 2988 4023 Justininianns
3029 3966 3373 4038 Opinionem
3400 3965 3472 4020 de
3504 3980 3708 4019 corru-

2061 4057 2254 4128 ptibili
2285 4061 2344 4110 et
2367 4054 2801 4126 incorruptibili
2832 4055 2893 4108 in
2924 4054 3186 4109 medium
3210 4051 3712 4124 protulitedicto—

2063 4161 2178 4216 que
2209 4160 2281 4200 ea
2301 4144 2372 4199 de
2396 4160 2459 4199 re
2491 4143 2900 4199 circummisso
2932 4142 3163 4198 alienus
3194 4157 3228 4197 a
3255 4157 3394 4197 vera
3421 4140 3706 4213 religione

2063 4235 2181 4289 vita
2208 4234 2480 4291 excessit.
2516 4248 2651 4287 cum
2683 4233 3034 4303 imperasset
3056 4245 3243 4285 annos
3292 4229 3534 4302 triginta
3555 4235 3711 4295 octo,
3742 4254 3755 4265 -

2066 4338 2302 4377 menses
2322 4322 2703 4393 septemdies
2729 4321 3033 4376 tredecim.
3053 4321 3350 4377 Successit
3370 4320 3422 4375 ei
3447 4318 3715 4375 Justinus

300 4413 515 4488 ἀνεψιὸς
586 4411 753 4467 αὐτοῦ
826 4411 1119 4471 ’1ουστῖνος
1185 4408 1215 4463 ὁ
1270 4404 1719 4481 κουροπαλάτης.
1778 4409 1848 4466 Ἡ
1900 4405 1944 4462 δί

2068 4411 2440 4483 curOpalates
2498 4426 2701 4466 sorore
2728 4410 3045 4466 Justiniani
3097 4413 3295 4480 natus,
3329 4413 3565 4465 mortua
3586 4409 3716 4481 jam

303 4503 582 4578 Αύγουστα
612 4496 868 4573 Θεοδώρα
896 4496 1385 4573 προετελεύτησεν.

1989 4485 2035 4547 υ
2064 4506 2202 4555 ante
2232 4500 2540 4555 Theodora
2571 4502 2852 4571 Augusta.

1506 4648 1867 4708 XYLANDRI
1905 4653 1991 4707 ET
2031 4652 2246 4710 GOARI
2288 4653 2507 4710 NOTxE.

376 4807 489 4882 (6i)
519 4804 810 4882 Fortassis
869 4803 1277 4882 scribendum_
1308 4799 1629 4882 προπωλάς.
1692 4803 1857 4882 ΧΨ..Δ
1886 4837 1958 4847 --

310 4874 623 4952 animum
654 4879 827 4952 longe
856 4893 989 4933 esse
1021 4894 1054 4932 a
1091 4874 1373 4952 mancipio
1418 4874 1811 4952 significando
1834 4877 1963 4952 jam

315 4948 586 5023 superius
616 4948 983 5023 insinuatum
1017 4954 1126 5004 est.
1158 4948 1650 5023 Pistrinumpnim
1701 4954 1810 5012 est,
1840 4948 1965 5004 sive

302 5016 471 5094 pahis
496 5038 706 5079 venum
736 5022 988 5094 expositi
1008 5022 1259 5090 ofﬁcina.
1287 5016 1549 5093 Ηροοολή
1581 5023 1968 5094 veroofﬁcina

310 5091 551 5166 quidem
584 5091 896 5166 est,sed‘ea
923 5109 1033 5163 qua
1053 5108 1250 5166 merces
1271 5091 1739 5166 exponunturmil
1766 5098 1967 5148 tamen

311 5160 373 5220 in
406 5181 477 5221 ea
506 5166 572 5237 fit
596 5160 1229 5237 ορειηίε.ᾲίῧρῖ(αστήριον
1256 5161 1498 5237 tandem
1531 5160 1827 5218 artiﬁcum
1854 5169 1964 5228 est,

314 5252 431 5309 qua
461 5232 760 5291 industria
815 5232 1078 5309 humana
1114 5232 1282 5309 opus
1342 5232 1740 5309 quodcunque
1771 5239 1969 5306 potest

316 5305 632 5365 elaborati.
680 5310 904 5363 Auctor
953 5306 1109 5361 intra
1154 5305 1375 5361 ultimo
1411 5305 1727 5362 Justiniani
1778 5305 1965 5363 anno.

322 5382 500 5437 Cosa.

389 5452 504 5520 (62)
536 5449 786 5505 Nomina
814 5449 1043 5504 vitiosa.
1090 5450 1160 5503 Et
1202 5447 1445 5503 difﬁcile
1493 5448 1769 5520 conjectu
1824 5448 1971 5520 quid

319 5522 397 5576 sit
427 5518 883 5577 restituendum.
920 5522 1030 5575 Res
1086 5524 1265 5591 gestm
1294 5518 1563 5591 Narsetis
1594 5518 1800 5575 contra
1831 5518 1965 5576 Got-

317 5596 461 5722 $1,195.
482 5600 622 5722 εὲηι
649 5593 809 5666 apud
839 5589 1198 5663 Procopium
1244 5589 1396 5646 libro
1425 5590 1637 5647 ultimo
1666 5591 1807 5648 Belli
1836 5592 1970 5650 Gal-

382 5683 479 5722 ιοι.
566 5681 653 5721 η.

317 5664 479 5723 thici.
512 5667 653 5722 ΧΠ..

2144 4803 2787 4877 (63A:_Allusionem,non
2806 4821 3047 4859 sensum
3066 4800 3541 4872 notathlander
3556 4799 3718 4877 circa

2077 4869 2393 4956 μεσαύλιον,
2428 4876 2587 4956 quod
2632 4891 2840 4940 aream,
2876 4877 3102 4956 atrium,
3149 4869 3446 4956 patentem
3482 4869 3588 4956 sub
3617 4869 3713 4921 dio

2075 4941 2271 5021 locum
2304 4941 2817 5021 mmnibustamen
2846 4948 3114 5001 clausum
3142 4941 3420 5021 indigitat
3444 4959 3459 5021 ί
3482 4941 3715 5021 dequo

2067 5020 2196 5091 jam
2225 5020 2518 5091 superius.
2552 5018 2656 5091 Hic
2686 5034 2820 5073 vero
2855 5024 3073 5091 tectum
3103 5013 3346 5091 aliquod
3374 5013 3713 5078 mdlﬂcium,

2077 5086 2136 5147 et
2152 5086 2351 5147 media
2378 5091 2439 5145 in
2466 5105 2605 5145 area
2625 5089 2886 5145 locatum
2917 5086 3269 5143 subindicat.
3307 5086 3483 5140 Gesn.

2148 5162 2260 5235 (64)
2283 5162 2369 5217 Ad
2399 5176 2623 5235 vo_cem_
2654 5158 3108 5235 1:1pa'pvos'czigtov
3146 5156 3626 5235 .adnolatum_es't
3656 5150 3717 5204 in

2076 5221 2343 5305 margine
2398 5249 2413 5287 :
2465 5227 2626 5305 Ἐμοὶ
2668 5221 2821 5284 δοκεῖ
2897 5225 3305 5305 παιδοστάσιου·
3366 5221 3718 5305 γαρτζούνιον

2075 5296 2352 5377 γὰρπαρὰ
2412 5296 2663 5361 Λατίνοις
2686 5302 2782 5377 τὸ
2836 5297 3083 5377 παιδίον.
3120 5296 3585 5377 ρωῐθινιιῐῂ⁷ὶξφο
3615 5309 3723 5349 vox

2080 5370 2295 5432 Latina
2313 5391 2435 5429 non
2467 5380 2578 5433 est.
2602 5373 2704 5428 sed
2726 5373 3007 5428 Francica
3030 5370 3322 5441 hodieque
3349 5374 3455 5425 est.
3483 5370 3720 5441 Xa.“—

2079 5446 2295 5503 Scribit
2322 5445 2481 5500 idem
2504 5445 2889 5515 Theophanes
2913 5459 2927 5512 ;
2951 5439 3311 5514 verbumque
3332 5448 3421 5496 est
3437 5439 3721 5515 exltalico

2080 5519 2400 5587 Graecoque
2423 5510 2835 5580 conﬂatum,et
2858 5510 2947 5571 est
2960 5510 3410 5585 pedisseqitorum
3439 5514 3631 5579 statio,
3664 5510 3721 5564 le

2078 5589 2273 5663 parvis
2302 5588 2408 5645 des
2432 5603 2682 5661 garcons
2710 5604 2787 5644 ou
2814 5587 3066 5659 laqueis.
3100 5588 3276 5643 Gom.
