4170 6204
499 345 620 405 7ιό

569 481 834 537 Justinus
891 478 1080 551 patria
1151 479 1330 541 Trax,
1384 473 1768 538 orthodoxus,
1828 470 2139 542 imperavit
2164 471 2221 538 Α

498 585 687 624 annos
716 566 1019 623 tredecim.
1052 564 1287 619 Statura
1316 563 1429 618 fuit
1449 562 1633 633 justa,
1666 559 1838 622 latus,
1873 558 2135 629 grandis,

497 655 841 722 subcmsius,
874 652 1197 719 subfulvus,
1230 667 1363 706 rara
1388 648 1590 716 barba,
1622 646 2031 713 meticulosus,
2062 646 2138 701 ad

495 744 642 798 iram
670 742 967 814 proclivis.
996 740 1176 796 Paulo
1198 745 1333 812 post
1374 740 1562 795 factus
1586 742 1675 792 est
1696 736 1908 792 elatior
1927 735 2135 803 animi,

494 830 765 899 stolidus,
798 830 1084 902 pleraque
1115 829 1281 884 nullo
1330 828 1583 884 concilio
1615 842 1816 899 agens,
1839 824 2135 880 condendi

493 921 815 985 studiosus,
847 919 1200 993 magniﬁcus
1257 920 1319 974 in
1350 918 1647 973 donando.
1681 918 1835 972 Uxor
1864 915 1994 987 ejus
2024 914 2136 969 fuit

492 1009 730 1082 Sophia.
762 1015 1088 1065 Coronatus
1146 1012 1237 1064 est
1265 1007 1337 1064 ab
1370 1009 1595 1063 Joanne
1654 1004 2007 1061 scholastico
2037 1019 2137 1074 pa-

492 1095 922 1152 triarcha.Cum
942 1101 1141 1151 autem
1163 1095 1298 1165 pius
1320 1091 1727 1164 esset,templa
1749 1108 1785 1146 a
1799 1089 2133 1145 Justiniano

492 1185 735 1241 condita
790 1184 1120 1250 exornavit,
1168 1187 1235 1237 ut
1280 1198 1561 1255 magnum
1608 1180 2048 1252 Apostolorum,
2077 1182 2134 1232 et

492 1279 742 1350 reliqua,
775 1278 1039 1334 donariis
1065 1283 1123 1333 et
1152 1276 1566 1332 instrumentis
1589 1289 1658 1330 ea
1689 1273 2001 1344 redituque
2033 1272 2133 1327 in-

494 1370 730 1423 struens
761 1366 943 1439 largo.
966 1366 1123 1421 Misit
1140 1366 1321 1422 etiam
1352 1365 1671 1420 Photinum
1698 1362 1992 1428 abbatem,
2018 1361 2133 1416 Be-

493 1456 681 1513 lisarii
724 1457 1078 1528 privignum,
1108 1472 1243 1510 cum
1292 1455 1470 1527 plena
1512 1457 1800 1526 potestate
1831 1467 2037 1523 pacem
2068 1450 2131 1505 in

494 1546 771 1602 Ecclesiis
798 1545 1025 1618 Egypti
1057 1550 1117 1600 et
1145 1544 1517 1600 Alexandriae
1549 1541 1933 1598 conciliandi.
1962 1540 2133 1596 Justi-

496 1652 611 1692 nus
634 1636 730 1690 hic
751 1651 878 1690 cum
917 1634 1122 1689 crebro
1154 1638 1467 1706 aegrotaret
1495 1649 1562 1688 ac
1592 1631 1878 1703 vertigine
1896 1644 2133 1685 vexare-

497 1730 593 1780 tur
621 1739 816 1794 neque
866 1724 928 1778 in
976 1722 1281 1795 publicum
1328 1722 1566 1795 prodire
1606 1726 1829 1792 posset,
1862 1724 2133 1790 potentes

1846 333 2173 396 GEORGII
2214 332 2522 399 CEDREN
2527 338 2555 396 Ι

3783 349 3911 408 '144

2322 469 2612 533 Ἰουστῖνος
2653 471 2682 525 ὁ
2740 470 3052 546 ὀρθόδοξος,
3102 475 3131 530 ὁ
3191 477 3351 551 Θρᾲξ,
3411 473 3759 537 ἐϐασίλευσεν
3810 481 3909 553 ἔτη

2242 557 2327 629 ιγ’.
2364 555 2540 619 Οὗτος
2570 558 2639 626 ἦν
2671 561 2739 632 τῇ
2784 555 2900 630 ίδὲᾳ
2942 559 3154 632 εύῆλιξ,
3204 561 3438 636 πλατὺς,
3472 563 3720 642 εὔογκος,
3763 569 3911 624 ὑπό-

2233 643 2495 721 γλαδκος,
2555 645 2876 718 ὑπόξανθος,
2937 650 3206 720 σπανίζων
3234 655 3337 723 τήν
3366 653 3638 732 γενειάδα,
3689 654 3905 729 δειλὸς,

2236 733 2524 807 ὀξύθυμος’
2546 738 2678 822 μετ’
2708 736 2900 814 ὀλίγον
2932 736 2991 795 δὶ
3050 738 3470 820 μεγαλόψυχος,
3522 746 3911 822 ἀπονενοημέ-

2235 819 2735 898 νος,ἁσύμϐουλος
2791 827 2860 883 τά
2912 829 3090 886 πλείω
3147 819 3527 908 φιλοκτίστης,
3568 819 3908 911 μεγαλόδω-

2238 931 2351 986 ρος.
2411 912 2617 968 Τούτου
2667 917 2802 990 γυνὴ
2861 917 3055 995 Σοφία.
3119 919 3382 998 Ἐστὲφθη
3416 919 3474 977 δὲ
3505 923 3607 979 ὑπὸ
3640 924 3904 982 Ἰωάννου

2236 1000 2583 1077 πατριάρχου
2636 1008 2735 1059 τοῦ
2788 1005 2897 1061 ἀπὸ
2954 1006 3354 1082 σχολαστικῶν.
3416 1009 3663 1081 Εὐσεϐὴς
3718 1011 3783 1068 δὲ
3823 1012 3902 1068 ὢν

2237 1088 2579 1163 ἐπεκόσμησε
2660 1093 2756 1155 τὰς
2849 1093 3142 1166 ἐκκλησίας
3232 1098 3329 1162 τάς
3415 1100 3721 1167 κτισθείσας
3794 1103 3903 1159 ὑπό

2234 1183 2643 1248 Ἰουστινιανυῦ,
2718 1183 2818 1251 τὴν
2890 1204 2951 1239 τε
3026 1184 3287 1262 Μεγάλην
3363 1187 3682 1260 ἐκκλησίαν,
3760 1191 3898 1255 τοὺς

2236 1265 2455 1340 Ἀγίους
2513 1269 2900 1343 Ἀποστόλους,
2950 1273 3040 1327 καὶ
3088 1275 3186 1339 τάς
3231 1273 3453 1345 λοιπὰς,
3511 1281 3896 1354 χαρισάμενος

2230 1355 2420 1444 αύταῖς
2481 1357 2752 1430 κειμήλια
2803 1361 2895 1416 καὶ
2950 1356 3157 1418 ἔπιπλα
3203 1367 3317 1439 (65)
3364 1367 3453 1421 καὶ
3516 1373 3686 1424 πᾶσαν
3711 1371 3894 1444 πρόσ-

2236 1442 2380 1503 οδον.
2415 1445 2727 1504 Ἀπέστειλε
2763 1446 2821 1504 δὲ
2868 1451 2962 1505 τὸν
3019 1446 3191 1507 ἀϐϐἆν
3241 1456 3515 1511 Φωτεινὸν
3545 1457 3639 1512 τὸν
3669 1442 3892 1534 πρόγο-

2234 1554 2323 1588 νον
2388 1535 2731 1611 Βελισαρίου,
2817 1535 2943 1601 δοὺς
3027 1539 3174 1612 αὐτῷ
3245 1548 3406 1598 πᾶσιν
3473 1543 3719 1615 ἐξουσίαν
3790 1551 3890 1602 τοῦ

2238 1623 2543 1699 εἰρηνεῦσαι
2601 1626 2697 1688 τὰς
2755 1627 3086 1697 Ἐκκλησίας
3139 1630 3415 1706 Αἰγύπτου
3483 1635 3572 1688 καὶ
3632 1633 3895 1705 ’Δλεξανο

2237 1711 2438 1787 δρείας.
2470 1714 2644 1778 Οὗτος
2698 1715 2728 1769 ὁ
2786 1717 3078 1780 Ἰουστῖνος
3138 1725 3383 1796 συνεχῶς
3440 1721 3891 1796 νοσηλευόμενος

495 1812 760 1883 quidam,
792 1813 931 1883 quia
977 1811 1051 1867 ad
1098 1812 1516 1883 imperatorem
1549 1809 1804 1881 querelas
1833 1810 1905 1864 de
1937 1808 2010 1863 iis
2042 1807 2126 1863 ai-

2237 1802 2329 1858 καὶ
2358 1801 2708 1860 σκοτοδινιῶν
2736 1805 2825 1860 καὶ
2886 1807 2961 1879 μὴ
3022 1804 3319 1880 δυνάμενος
3350 1809 3739 1887 προέρχεσθαι,
3774 1811 3895 1868 ἐπεί

494 1900 635 1955 ferri
666 1917 786 1956 non
815 1900 1312 1973 possent,nemini
1331 1905 1644 1971 parcentes
1669 1896 1940 1954 omnium
1960 1895 2136 1951 facul-

494 1994 646 2046 tates
695 1990 841 2046 881
876 1990 1272 2063 diripuerunt.
1305 1991 1451 2045 Cum
1505 2005 1639 2043 vero
1668 1988 1995 2059 imperator
2023 1985 2136 2042 ali-

495 2079 732 2151 quando
792 2096 854 2135 se
903 2078 1310 2151 recollegisset
1350 2084 1527 2148 atque
1571 2076 1646 2132 ad
1679 2076 1965 2147 templum
1998 2091 2138 2147 pro-

493 2168 768 2238 diisset,ii
799 2168 900 2240 qui
922 2169 1143 2240 injuria
1161 2167 1398 2223 fuerant
1415 2167 1632 2234 aﬂ‘ecti,
1664 2163 2135 2220 misericordiam

490 2258 680 2331 ipsius
702 2274 915 2332 magna
936 2275 1077 2314 voce
1094 2258 1578 2329 imploraverunt.
1605 2255 1893 2312 Omnibus
1906 2270 2041 2327 ergo
2072 2255 2134 2309 in

491 2347 717 2403 curiam
738 2348 1096 2415 convocatis,
1112 2347 1377 2403 Justinus
1407 2362 1420 2402 :
1445 2345 1891 2413 Existimabam,
1913 2343 2127 2414 inquit,

491 2453 593 2492 vos
625 2453 835 2493 omnes
890 2436 1174 2509 pietatem
1202 2435 1415 2506 colere,
1454 2433 1780 2506 vestrisque
1811 2436 2124 2489 contentos

489 2525 718 2581 nemini
745 2541 1066 2599 egenorum
1112 2524 1395 2597 injuriam
1420 2524 1661 2578 inferre.
1693 2525 1768 2578 At
1796 2539 1897 2578 vos
1926 2527 1985 2576 et
2019 2522 2131 2576 Deo

492 2618 551 2669 et
574 2613 825 2686 imperio
850 2619 1053 2670 nostro
1076 2614 1322 2669 adversa
1342 2612 1587 2685 patratis
1607 2611 1891 2667 facinora.
1922 2612 2136 2666 Hortor

491 2718 627 2775 ergo
650 2719 750 2758 vos
774 2707 840 2756 ut
858 2700 1217 2773 pauperibus
1238 2716 1346 2757 sua
1366 2700 1521 2755 ultro
1542 2697 1825 2767 reddatis,
1843 2716 1918 2755 ne
1940 2703 2135 2754 vestra

490 2791 759 2861 ipsorum
791 2789 948 2845 bona
993 2789 1300 2845 amittatis.
1332 2790 1610 2843 Potentes
1649 2787 1742 2842 his
1773 2788 2012 2853 auditis,
2047 2793 2133 2842 ta-

491 2896 629 2935 men
659 2879 1090 2935 consuetudine
1111 2877 1596 2948 ducti,deteriora
1626 2879 1804 2934 etiam
1835 2878 2134 2951 prioribus

495 2967 883 3039 adjecerunt:
917 2969 1069 3025 acris
1117 2968 1277 3024 enim
1327 2985 1424 3025 res
1457 2972 1546 3024 est
1576 2968 1965 3034 consuetudo,
1999 2984 2131 3039 quaa

494 3056 673 3112 etiam
689 3056 875 3114 altera
902 3062 1115 3114 natura
1130 3056 1452 3129 judicatur.
1484 3058 1688 3128 Itaque
1709 3074 1845 3113 cum
1875 3058 2133 3128 impera-

2238 1913 2377 1954 τινες
2428 1894 2566 1949 κατὰ
2620 1898 2729 1949 τῶν
2796 1891 3067 1951 δυναστῶν
3123 1896 3375 1975 ἐγκαλεῖν
3436 1900 3539 1955 οὐκ
3592 1901 3778 1976 εἶχον,
3840 1902 3893 1956 οἱ

2240 1979 2492 2038 δυνάσται
2540 1983 2687 2045 τινὸς
2734 1983 2812 2057 μὴ
2861 1982 3174 2062 φειδόμενοι
3204 1988 3272 2043 τὰ
3299 1990 3514 2044 πάντων
3556 1987 3890 2067 διήρπαζον.

2242 2070 2313 2129 Εἴ
2359 2092 2491 2128 ποτε
2544 2070 2736 2128 ἴσχυσε
2780 2071 3068 2147 προελθεῖν
3118 2076 3196 2138 εἷς
3226 2079 3324 2147 τὴν
3356 2076 3678 2148 ἐκκλησίαν,
3705 2081 3890 2153 τούτῳ

2237 2157 2478 2217 ἐπεϐόων
2520 2161 2573 2217 οἱ
2624 2158 2973 2236 ἀδικούμενοι
3005 2162 3193 2229 ἐλέους
3220 2171 3431 2241 τυχεῖν.
3467 2167 3677 2229 Πάντας
3706 2169 3888 2224 τοίνυν

2238 2250 2328 2305 ἐπὶ
2402 2249 2709 2326 συγκλήτου
2801 2250 3316 2327 προσκαλεσάμενος
3379 2249 3505 2335 ἔφη*
3580 2258 3720 2332 Ἐγὼ
3793 2258 3888 2332 μὶν

2239 2339 2400 2413 ᾧμην
2460 2340 2696 2402 ἅπαντας
2756 2340 2898 2413 ὑμᾶς
2952 2336 3189 2406 εὐσεϐεῖς
3262 2343 3400 2398 εἶναι
3456 2345 3546 2400 καὶ
3603 2345 3886 2419 ἀρκεῖσθαι

2238 2433 2356 2492 τοῖς
2386 2427 2573 2496 ἰδίοις,
2612 2428 2702 2484 καὶ
2763 2427 2971 2501 μηδένα
3021 2434 3133 2486 τῶν
3191 2437 3434 2508 πτωχῶν
3464 2431 3693 2490 ἀδικεῖν
3726 2436 3886 2508 ὑμεῖς

2239 2515 2297 2573 δὲ
2323 2517 2573 2574 τάναντία
2609 2522 2707 2573 τοῦ
2761 2523 2898 2575 Θεοῦ
2953 2521 3214 2594 πράττετε
3262 2523 3350 2577 καὶ
3399 2529 3499 2593 τῆς
3556 2522 3699 2597 ἐμῆς
3726 2526 3890 2599 βασι-

2238 2606 2409 2672 λείας.
2469 2605 2643 2665 Ἀλλά
2704 2610 3009 2683 παρακαλῶ
3057 2610 3220 2683 ὑμᾶς,
3253 2611 3319 2667 τὰ
3345 2617 3453 2668 τῶν
3486 2619 3728 2690 πτῶχῶν
3760 2615 3892 2671 ἀπὸ·

2239 2694 2361 2753 δοτε
2390 2696 2624 2767 ἑκόντες,
2681 2700 2879 2769 μήπως
2928 2700 3020 2754 καὶ
3073 2700 3141 2755 τὰ
3180 2699 3332 2774 ὑμῶν
3364 2699 3694 2773 ἀπολέσητε.
3729 2706 3800 2762 Οἱ
3832 2703 3887 2760 δὲ

2233 2791 2396 2843 τοῦτο
2426 2786 2748 2850 ἀκούσαντες
2778 2787 3007 2862 χείρονα
3038 2787 3256 2862 μᾶλλον
3314 2791 3352 2862 ἢ
3400 2790 3664 2868 πρότερον
3695 2790 3891 2866 ἔπρατ-

2233 2896 2350 2943 τον,
2406 2875 2509 2930 ὑπὸ
2566 2874 2845 2945 συνηθείας
2901 2875 3212 2950 ἓλκόμὲνοι·
3272 2876 3444 2934 δεινὸν
3500 2880 3602 2955 γὰρ
3660 2884 3697 2951 ἡ
3754 2903 3879 2936 συν-

2235 2967 2414 3035 ήθεια,
2444 2961 2586 3019 ὥστε
2642 2964 2729 3018 καὶ
2761 2960 2981 3039 δευτέρα
3034 2964 3193 3042 φύσις
3251 2964 3590 3042 λελόγισται.
3623 2970 3796 3034 Αὖθις
3826 2968 3884 3025 δὲ

2232 3057 2332 3109 τοῦ
2384 3051 2653 3129 βασιλέως
2710 3051 2797 3108 ἐπὶ
2850 3054 3146 3128 πρόκενσον
3177 3055 3466 3130 προϊόντος
3499 3056 3747 3121 πλείονες
3788 3058 3882 3115 ἐπ-

483 3150 580 3201 tor
602 3162 809 3202 rursus
834 3146 908 3202 ad
932 3163 1288 3219 procensum
1335 3146 1621 3219 prodiret,
1652 3146 1853 3217 plures
1875 3162 2011 3202 eum
2044 3146 2127 3200 iu-

2238 3139 2429 3200 εϐόων.
2449 3144 2522 3243 :0
2544 3140 2602 3199 δὲ
2630 3141 2832 3243 πάλιν..
2855 3143 2908 3199 ἐν
2961 3149 3031 3220 τῇ
3087 3144 3407 3221 προελεύσει
3436 3149 3537 3217 τὴν
3564 3148 3880 3226 σύγκλητον

483 3235 794 3292 vocabant.
844 3237 1066 3291 Rursus
1113 3235 1291 3309 igitur
1337 3235 1400 3291 in
1444 3250 1760 3307 progressu
1804 3240 2124 3290 convocato

479 3332 692 3384 senatu
713 3327 858 3383 dicit
882 3343 895 3381 :
920 3326 977 3381 Si
999 3342 1094 3381 me
1123 3342 1159 3381 a
1178 3327 1297 3381 Deo
1345 3325 1566 3397 putatis
1596 3324 2016 3396 imperatorem
2045 3325 2127 3380 fa-

2236 3231 2747 3310 προσκαλεσάμενος
2806 3229 2933 3311 ἔφη’
2994 3234 3056 3291 Εἰ
3116 3236 3211 3308 μὲν
3267 3235 3328 3292 ἐκ
3373 3242 3509 3294 Θεοῦ
3565 3260 3634 3312 με
3678 3240 3769 3295 καὶ
3829 3240 3880 3296 ἐν

2231 3329 2346 3396 Θεῷ
2399 3321 2681 3398 βασιλείαν
2727 3319 2875 3403 ἔχειν
2931 3324 3126 3396 θ’ἰεσθε,
3181 3327 3248 3381 τὰ
3304 3328 3433 3399 παρ’
3488 3329 3627 3402 ἐμοῦ
3655 3328 3882 3394 δικαίως

478 3422 662 3482 ctum,
694 3417 825 3489 ejus
877 3415 1098 3472 auxilio
1156 3415 1474 3487 imperare,
1512 3420 1716 3487 parete
1762 3414 1941 3487 justis
1972 3415 2124 3470 meis

2235 3411 2500 3487 λεγόμενα
2555 3412 2816 3488 πράττετε
2870 3413 2961 3468 καὶ
3013 3418 3110 3470 τοῦ
3160 3412 3365 3471 ἀδικεῖν
3423 3417 3550 3481 τοὺς
3612 3419 3880 3496 πτωχοὺς

476 3504 774 3561 mandatis
796 3509 856 3561 et
874 3504 1096 3576 injuria
1117 3504 1353 3559 afﬁcere
1385 3503 1957 3576 pauperes'desinite
1987 3520 2000 3557 :
2025 3519 2121 3559 so-

2235 3500 2518 3556 παύσασθε’
2584 3502 2776 3574 μόνοις
2832 3504 2934 3578 γὰρ
2981 3501 3171 3579 ΐχθύσι
3222 3509 3384 3561 τοῦτο
3441 3507 3783 3580 νενόμισται,
3812 3510 3877 3564 τὸ

474 3593 551 3650 lis
570 3608 831 3666 namque
862 3593 1127 3666 piscibus
1155 3593 1342 3649 moris
1368 3599 1459 3649 est
1488 3597 1555 3648 ut
1582 3591 1832 3649 validior
1851 3598 1910 3647 et
1931 3592 2124 3664 major

2235 3589 2317 3645 τὸν
2368 3586 2736 3664 δυνατώτερον
2791 3592 2882 3646 καὶ
2941 3591 3158 3664 μείζονα
3211 3594 3509 3650 κατεσθίειν
3564 3594 3656 3651 τόν
3713 3594 3880 3653 ἱλάσ-

471 3681 716 3751 ,ἀεγοτθι
736 3684 1049 3740 minorem.
1084 3682 1250 3748 Quod
1274 3683 1323 3738 si
1357 3683 1505 3739 meis
1526 3680 1837 3754 praaceptis
1862 3697 1982 3737 non
2010 3697 2117 3753 pa-

2235 3699 2378 3735 σονα.
2411 3678 2481 3735 Εἴ
2532 3676 2590 3734 δὲ
2618 3684 2759 3767 ,τοῖς
2818 3678 2975 3767 ἐμοῖς
3033 3684 3449 3760 προστάγμασιν
3484 3687 3566 3758 [Ρ.
3600 3688 3727 3760 389]
3763 3688 3877 3767 οὐχ

470 3788 626 3839 rere,
658 3773 761 3829 sed
784 3774 847 3827 in
885 3771 1169 3844 rapiendo
1209 3772 1407 3828 aliena
1426 3772 1636 3827 vestris
1666 3771 1912 3842 obsequi
1942 3770 2117 3826 vultis

2235 3769 2492 3837 ὓπείκετε,
2539 3766 2688 3823 ἀλλά
2742 3773 2862 3831 ταῖς
2917 3766 3081 3832 ἰδίαις
3137 3771 3448 3846 ἐπιθυμίαις
3516 3766 3873 3848 ἁλισκόμενοι

469 3861 916 3933 cupiditatibus,
949 3861 1134 3917 alium
1155 3861 1320 3917 vobis
1339 3866 1532 3916 vestro
1554 3860 1846 3916 arbitratu
1875 3859 2116 3932 deligite

2235 3855 2619 3925 πλεονεκτεῖτε,
2650 3857 3077 3932 προχειρίσασθε
3133 3857 3314 3934 ἕτερον
3371 3861 3427 3916 ὅν
3483 3863 3545 3918 ἅν
3599 3862 3877 3939 βούλησθε

468 3950 891 4022 imperatorem
917 3967 931 4004 :
956 3966 1061 4022 ego
1093 3951 1252 4006 enim
1284 3949 1753 4016 contumacibus,
1786 3949 2025 4019 injustis
2044 3965 2114 4004 ac

2235 3948 2353 4020 Βμῖν
2415 3943 2660 4021 βασιλέα·
2747 3945 2853 4021 ἐγὼ
2908 3948 3015 4023 γὰρ
3069 3948 3307 4005 ἀπειθῶν
3381 3952 3470 4005 καὶ
3524 3950 3727 4007 ἀδίκων
3783 3953 3873 4009 καὶ

468 4039 666 4096 aliena
686 4039 1088 4095 involantibus
1115 4039 1409 4111 imperare
1422 4039 1584 4094 nolo.
1618 4038 1703 4094 lbi
1726 4037 1968 4109 quidam
1990 4054 2116 4109 pro-

2235 4035 2555 4092 πλεονεκτῶν
2590 4033 2895 4111 βασιλεύειν
2947 4036 3010 4091 ού
3062 4034 3317 4111 δύναμαι.
3355 4041 3449 4102 Εἷς
3485 4037 3543 4095 δὲ
3569 4062 3653 4104 τις
3678 4046 3784 4097 τῶν
3818 4043 3872 4098 ἐν

465 4145 690 4196 cerum,
722 4128 997 4185 libertate
1022 4128 1257 4184 dicendi
1289 4133 1544 4200 sumpta,
1578 4128 1662 4182 ita
1690 4127 2111 4198 imperatorem

2235 4122 2361 4181 τὲλει
2402 4122 2910 4199 παῤῥησιασάμενός
2967 4147 3098 4203 φησι
3151 4130 3231 4199 τῷ
3291 4127 3529 4202 βασιλεῖ’
3578 4136 3874 4207 Προχειρι.

463 4217 826 4290 alloquitur:
871 4218 1179 4273 Constitue
1226 4233 1321 4273 me
1359 4233 1561 4273 coram
1592 4215 1869 4272 omnibus
1898 4216 2108 4287 praefe-

2235 4214 2364 4269 κάτω
2406 4233 2474 4285 με
2527 4214 2563 4282 ἡ
2626 4211 2877 4287 βασιλεία
2931 4234 3029 4269 σου
3088 4212 3320 4271 ἐνώπιον
3356 4216 3571 4273 πάντων
3604 4213 3870 4295 ἔπαρχον,

463 4309 623 4360 ctum
680 4305 869 4372 urbis,
902 4305 1237 4378 mandaque
1290 4322 1365 4362 ne
1422 4307 1775 4379 cujusquam
1815 4305 2107 4361 rationem

2235 4299 2305 4357 ιαί
2335 4298 2628 4375 διορισάτω
2679 4297 2913 4373 μηδενὸς
2966 4298 3239 4381 φείδεσθαι
3296 4309 3394 4359 τοῦ
3451 4303 3666 4362 δικαίου
3696 4306 3870 4384 ἕνεκα,

461 4394 754 4465 potiorem
779 4394 1017 4465 justitia
1042 4394 1315 4463 habeam,
1347 4400 1531 4466 utque
1559 4395 1707 4450 mihi
1741 4400 1796 4451 te
1826 4395 1898 4450 de
1928 4393 2106 4450 rebus

2235 4388 2567 4465 τυγχωρείτω
2597 4386 2654 4444 δὲ
2686 4409 2753 4461 με
2783 4388 3126 4469 είσέρχεσθαι
3174 4393 3312 4465 πρὸς
3356 4414 3413 4449 σε
3441 4393 3743 4460 ἀκωλύτως
3772 4403 3873 4454 τοῦ

464 4483 820 4538 necessariis
837 4485 1137 4540 monituro
1160 4501 1397 4557 semper
1411 4484 1606 4541 aditus
1627 4490 1824 4556 pateat
1844 4501 1858 4540 :
1882 4484 2103 4555 recipio

2235 4480 2283 4535 τὰ
2346 4478 2612 4550 ἀνήκοντα
2683 4477 3119 4553 ὑπομιμνήσκειν
3188 4481 3252 4537 τὸ
3320 4483 3517 4558 κράτος
3593 4506 3714 4541 σου·
3778 4488 3873 4543 καὶ

465 4571 531 4626 in
562 4587 656 4626 me
687 4573 1038 4628 effecturum
1060 4590 1154 4628 me
1176 4575 1334 4630 intra
1353 4590 1733 4640 mensem,ne
1760 4574 1885 4629 ulla
1914 4573 1992 4629 sit
2021 4572 2109 4628 vel

2235 4564 2427 4626 is6au‘b
2463 4565 2629 4646 μέχρι
2674 4568 2964 4641 τριάκοντα
3008 4571 3231 4645 ἡμερῶν
3282 4572 3360 4645 μή
3410 4572 3749 4649 εύρίσκεσθαι
3776 4578 3871 4633 τὸν

469 4659 622 4716 082
654 4658 824 4715 illata
878 4658 939 4715 in
995 4661 1143 4717 urbe
1190 4661 1279 4717 vel
1328 4667 1571 4734 accepta
1618 4662 1857 4732 injuria.
1890 4660 2110 4727 Quodsi

468 4748 602 4820 quis
624 4748 887 4821 proferet
904 4749 1139 4822 culpam
1159 4767 1337 4822 quam
1360 4767 1464 4824 ego
1488 4750 1633 4805 mihi
1654 4750 1975 4806 indicatam
1990 4767 2114 4807 non

466 4838 829 4909 puniverim,
861 4839 1051 4911 capite
1074 4855 1167 4895 me
1199 4839 1377 4912 plecti
1390 4839 1597 4911 jubeo.
1629 4841 1971 4911 Pergratum
2002 4839 2114 4895 hoc

467 4926 816 4999 imperatori
845 4927 976 4997 fuit,
1009 4940 1265 5000 eumque
1309 4928 1655 5000 prmfectum
1697 4927 1864 4984 urbis
1893 4928 2114 4984 consti-

466 5017 599 5072 tuit.
636 5018 691 5072 Is
723 5032 862 5090 ergo
916 5033 1052 5073 cum
1099 5033 1273 5073 mane
1301 5034 1408 5089 pro
1455 5017 1741 5073 tribunali
1769 5016 2024 5081 sederet,
2055 5020 2115 5071 et

469 5108 744 5180 quasdam
775 5108 951 5165 vidua
998 5114 1350 5181 quereretur
1378 5124 1442 5165 se
1473 5126 1509 5165 a
1543 5108 1824 5182 magistro
1855 5107 2113 5180 quodam

468 5200 747 5257 omnibus
801 5200 924 5258 suis
972 5202 1357 5259 facultatibus
1400 5201 1735 5274 spoliatam,
1768 5200 1953 5258 mittit
1982 5216 2113 5257 eam

468 5305 606 5345 cum
638 5290 832 5362 sigillo
862 5289 938 5347 ad
961 5291 1313 5366 magistrum
1342 5291 1536 5360 illum,
1552 5291 1841 5365 jubetque
1872 5307 2009 5347 eum
2039 5290 2113 5347 ad

2219 4656 2569 4727 ἀδικοῦνταῆ
2600 4654 2976 4731 ἀδικούμενον.
3027 4657 3089 4714 Εἰ
3149 4656 3207 4714 δὲ
3260 4681 3347 4722 τις
3406 4663 3713 4737 ὑπομνήσει
3744 4666 3869 4741 περὶ

2219 4768 2364 4811 τινος
2396 4747 2701 4811 ὑποθέσεως
2757 4748 2824 4815 ἧς
2882 4744 3111 4818 ἤκουσα,
3171 4746 3278 4823 ἐγὼ
3316 4749 3407 4806 καὶ
3438 4750 3538 4807 ούκ
3566 4751 3867 4828 ἐξεδίκησα,

2220 4830 2532 4913 κεφαλικῶς
2604 4836 3093 4910 τιμωρηθήσομαι.
3197 4839 3372 4894 Τοῦτο
3436 4844 3533 4895 τοῦ
3600 4841 3873 4917 βασιλέως

2219 4926 2469 5000 ἀσμένως
2512 4920 2939 4996 ἀποδεξαμῦου,
2988 4925 3381 5000 προεχειρίσθη
3428 4922 3693 5007 ἔπαρχος,
3725 4934 3867 4989 Ἕω.

2222 5018 2308 5071 θεν
2341 5012 2400 5071 δὲ
2429 5013 2518 5069 ἐπὶ
2562 5016 2644 5085 τῷ
2692 5011 2979 5086 ἐπαρχικῷ
3034 5013 3244 5086 βήματι
3300 5018 3747 5091 προκαθίσαντος,
3776 5021 3868 5075 καὶ

2217 5123 2365 5165 τινος
2394 5100 2546 5176 αύτῷ
2574 5100 2833 5177 γυναικὸς
2878 5102 3060 5180 χήρας
3113 5103 3527 5179 προσελθούσης
3568 5108 3660 5164 καὶ
3691 5111 3873 5187 φησά-

2222 5213 2322 5265 σης
2356 5192 2432 5255 ὡς
2465 5187 2759 5267 μάγιστρός
2812 5209 2895 5251 τις
2952 5191 3299 5265 καθήρπασεν
3351 5192 3520 5266 αὐτῆς
3548 5197 3648 5265 τήν
3680 5196 3869 5255 οὐσίαν

2222 5284 2454 5351 ἅπασαν,
2483 5277 2795 5335 ἀπέστειλεν
2842 5275 3008 5348 αὐτὴν
3064 5280 3197 5353 μετά
3252 5281 3550 5360 σφραγῖδος
3594 5285 3766 5342 εἰπεῖν
3792 5291 3875 5361 τῷ

1663 5462 2028 5519 XYLANDRI
2065 5461 2155 5518 ET
2195 5452 2413 5515 GOARI
2454 5449 2678 5506 NOTAE.

536 5580 648 5652 (65)
707 5581 980 5651 ἝπιπΑα,
1040 5587 1239 5657 aulaea,
1297 5587 1580 5656 stragulae,
1637 5586 1760 5643 vela
1814 5587 2053 5660 proprie
2105 5601 2131 5641 s

2235 5587 2249 5637 ι
2295 5576 2487 5652 ρεῃια,
2542 5589 2665 5630 non
2723 5574 3109 5644 instrumenta,
3138 5582 3207 5633 ut
3243 5586 3519 5653 corrupte
3558 5583 3871 5656 interpres.

468 5651 644 5711 Gem.
