4170 6204
301 318 438 402 ἠδ’

1406 341 1960 407 ΗῙΞΤΟΗΙΑΗΙΙΜ
2009 343 2551 406 COMPENDIUM.

3597 349 3724 414 ηε

306 472 596 549 μαγίστρῳ
651 451 1034 547 παραγενέσθαι
1119 468 1771 549 δικαιολογηθησόμενον.
1837 478 1952 539 Τῆς

2070 477 2382 532 dicendam
2417 493 2653 532 causam
2687 477 2908 532 venire.
2939 477 3084 532 Cum
3116 494 3247 533 eam
3289 477 3574 555 magister
3591 495 3726 540 wer—

303 557 360 614 δὶ
385 559 734 631 ἀπελθούσης
762 561 854 616 καὶ
907 560 1121 635 μᾶλλον
1169 561 1484 639 τυφθείσης,
1510 559 1603 618 ’ένα
1626 569 1734 619 τῶν
1790 564 1957 618 αὐτοῦ

308 649 648 725 κουρσώρων
707 651 736 704 6
767 646 1010 726 ἔπαρχος
1059 652 1196 726 πρὸς
1247 651 1338 706 τὸν
1399 653 1693 727 μάγιστρον
1726 650 1953 726 ἔπεμψε·

302 740 554 796 κάκεῖνον
638 739 1150 818 παραλογισάμενος
1254 744 1633 817 ἀπεπέμψατο.
1717 749 1823 799 Τοῦ
1901 740 1958 797 δὲ

300 828 549 906 έπάρχου
580 829 634 885 έν
664 835 743 903 τῷ
803 831 1012 904 ἱππικῷ
1052 833 1144 887 τὸν
1205 833 1504 908 μάγιστρον
1567 828 1956 907 ἐκδεχομένου,

301 918 475 974 αὑτοῦ
505 939 565 974 τε
595 924 693 975 τοῦ
730 918 1032 997 μαγίστρου
1063 918 1362 992 κληθέντος
1419 921 1496 983 εἷς
1525 923 1628 991 τήν
1667 921 1956 995 βασιλικὴν

303 1007 560 1077 ἑστίασιν,
591 1008 729 1078 ἦλθε
757 1009 848 1064 καὶ
881 1011 910 1064 6
941 1005 1182 1086 ἔπαρχος
1237 1011 1374 1086 πρὸς
1416 1011 1510 1066 τὸν
1562 1007 1810 1085 βασιλέα,
1868 1010 1960 1065 καί

304 1120 438 1175 φησι
468 1098 609 1175 πρὸς
640 1098 817 1153 αὑτόν·
881 1101 950 1155 Εἰ
1011 1100 1103 1172 μὲν
1157 1099 1189 1154 ἃ
1245 1100 1574 1176 προσέταξάς
1621 1121 1737 1173 μοι,
1771 1100 1815 1153 ὧ
1867 1101 1962 1173 βα-

301 1191 477 1257 σιλεῦ,
508 1186 824 1265 φυλάττεις,
855 1192 953 1242 τοῦ
989 1190 1066 1262 μὴ
1125 1187 1400 1266 φείδεσθαι
1466 1194 1576 1244 τῶν
1627 1189 1755 1251 τοὺς
1815 1209 1957 1243 πτωο

304 1277 441 1355 χοῦς
502 1274 859 1348 ἀδικούντων,
912 1279 1082 1352 γνῶθί
1145 1299 1212 1351 με
1289 1277 1606 1334 τελειοῦντα
1662 1280 1761 1346 τήν
1822 1275 1960 1346 ἐμὴν

301 1367 620 1442 ὑπόσχεσιν.
679 1366 743 1422 Εἰ
803 1363 862 1420 δὲ
934 1366 1374 1440 μεταμελόμενος
1465 1367 1659 1447 φίλους
1747 1364 1960 1440 μᾶλλον

303 1459 512 1527 σεαυτῷ
542 1460 719 1519 ποιεῖς
745 1456 834 1510 καὶ
897 1461 1190 1527 συνεστιᾷς,
1248 1462 1416 1532 γνῶθι
1464 1457 1606 1530 κάμὶ
1660 1456 1959 1531 παραιτούο

307 1565 489 1618 μενον.
523 1546 621 1598 Καὶ
678 1545 706 1600 6
766 1542 1043 1621 βασιλεύς·
1105 1545 1171 1602 Εἴ
1229 1545 1340 1619 ἐγώ
1389 1547 1504 1620 εἶμι
1554 1548 1582 1600 6
1614 1543 1844 1614 ἀδικῶν,
1875 1543 1957 1616 ἐξ..

306 1634 605 1704 ανάστησόν
637 1653 704 1705 με
732 1637 830 1689 τοῦ
889 1635 1111 1708 θρόνου.
1170 1635 1227 1690 '0
1285 1631 1343 1690 δὲ
1395 1635 1590 1690 αὐτίκα
1641 1636 1736 1690 τὸν
1797 1634 1958 1708 μάγι-

303 1743 460 1798 στρον
494 1721 686 1796 βιαίως
727 1721 860 1797 ἄρας
911 1724 965 1778 ἐν
1030 1725 1102 1795 τῇ
1159 1723 1432 1800 λεγομένῃ
1488 1723 1677 1798 Χαλκῃ
1736 1724 1959 1798 παρεγέ-

304 1833 448 1916 γετο,
507 1811 598 1866 καὶ
651 1808 1230 1890 ἀκριϐολογησάμενος
1313 1814 1379 1870 τά
1451 1815 1587 1916 παρί
1629 1814 1954 1892 ἀμφοτέρων
1988 1851 2032 1916 Β

302 1899 589 1975 λεγόμενα,
639 1901 731 1956 καὶ
784 1903 942 1976 γνοὺς
999 1903 1076 1964 ὼς
1133 1902 1200 1957 ού
1253 1908 1460 1978 μικρῶς
1517 1901 1760 1973 ἠδικήθη
1822 1902 1949 1976 παρ’

301 1992 472 2047 αὐτοῦ
503 1994 538 2062 ἡ
570 1993 732 2066 γυνὴ,
761 1994 933 2067 τύψας
966 1992 1150 2060 αὑτὸν,
1183 1995 1272 2048 καὶ
1310 1995 1410 2063 τήν
1467 1993 1708 2067 κεφαλὴν
1739 1993 1946 2068 κείρας,

299 2083 392 2137 καὶ
417 2084 622 2157 γυμνὸν
683 2081 792 2156 ὄνῳ
853 2083 1164 2146 ἐπικαθίσας
1222 2081 1311 2138 διὰ
1371 2084 1536 2158 μέσης
1591 2091 1693 2154 τῆς
1731 2083 1948 2146 πόλεως

299 2167 687 2245 ἐθριάμϐευσε,
720 2169 848 2233 δοὺς
879 2177 947 2246 τῇ
978 2174 1193 2248 γυναικὶ
1233 2178 1402 2227 πᾶσαν
1469 2175 1568 2242 τήν
1637 2173 1946 2247 περιουσίαν

296 2260 527 2317 ἐκείνου.
563 2261 661 2315 Καὶ
691 2259 751 2316 ἐκ
811 2261 1000 2316 τούτου
1057 2262 1253 2326 πάντες
1317 2262 1789 2337 ἐσωφρονίσθησαν
1853 2262 1946 2317 καὶ

295 2351 431 2423 πρὸς
458 2348 750 2420 ἀλλήλους
780 2351 1143 2425 πολυτρόπως
1178 2351 1507 2426 εἷρήνευσαν,
1568 2352 1643 2413 ὡς
1697 2349 1864 2430 μέχρι
1897 2350 1946 2405 λ’

293 2441 519 2514 ἡμερῶν
554 2440 629 2511 μή
669 2439 1001 2512 εὑρίσκεσθαι
1059 2438 1388 2515 ἐγκαλοῦντα
1425 2439 1461 2509 ἤ
1515 2439 1943 2517 ἐγκαλούμενον.

297 2527 400 2585 Καὶ
432 2529 460 2581 6
491 2525 732 2606 ἔπαρχος
763 2525 863 2607 ἔφη
897 2534 976 2601 τῷ
1010 2530 1246 2604 βασιλεῖ⁹
1307 2535 1438 2596 Νῦν,
1498 2527 1752 2599 δέσποτα,
1813 2528 1947 2605 ὅπερ

297 2616 622 2691 ὑπεσχόμην
646 2615 955 2674 ἔτελείωσα.
988 2620 1101 2674 Τοῦ
1131 2616 1189 2672 δὲ
1248 2616 1517 2694 βασιλέως
1565 2619 1946 2694 προελθόντος,

297 2705 372 2769 ὡς
405 2704 581 2766 οὐδεὶς
611 2707 678 2773 ἦν
709 2708 737 2760 6
796 2703 1058 2780 ἐγκαλῶν,
1123 2707 1460 2782 ὑποστρέψας
1519 2707 1802 2782 πατρίκιον
1855 2706 1949 2761 αύ-

297 2796 390 2850 τὸν
421 2794 646 2864 ἐποίησε
675 2795 763 2848 καὶ
795 2794 1041 2870 ὕπαρχον
1071 2795 1229 2850 αὑτὸν
1260 2797 1427 2872 μέχρι
1455 2794 1649 2860 τέλους
1675 2802 1775 2866 τῆς
1799 2802 1949 2865 ζωῆς

299 2905 484 2942 αυτου.

383 3062 506 3120 Ἐπὶ
561 3068 660 3132 τῆς
719 3060 993 3137 βασιλείας
1047 3066 1243 3121 τούτου
1301 3065 1593 3140 Ὀρμίσδας
1653 3063 1949 3126 έπίσιιοπος

293 3152 522 3224 Ῥώμης
605 3146 928 3207 καταλαϐὼν
987 3155 1087 3222 τήν
1176 3154 1769 3222 Κωνσταντινούπολιν,
1827 3153 1942 3228 ἅμα

2065 566 2307 622 beribus
2341 567 2492 622 male
2524 567 2834 622 multatam
2867 568 3219 635 remisisset,
3277 571 3462 626 mittit
3511 573 3721 644 prafe-

2065 662 2194 710 ctus
2225 656 2298 710 ad
2321 673 2456 710 eum
2489 655 2560 711 de
2593 657 2936 711 cursoribus
2967 657 3092 712 suis
3120 673 3345 713 unum:
3380 660 3540 717 hunc
3581 677 3722 733 quo-

2065 760 2179 814 que
2211 744 2260 799 is
2290 744 2482 800 verbis
2513 745 2786 800 delusum
2818 745 3063 803 dimisit.
3097 747 3342 803 Interim
3375 748 3516 804 dum
3566 768 3718 822 pra:-

2063 835 2255 892 fectus
2287 837 2347 891 in
2379 837 2546 891 Circo
2570 837 2736 892 sedet
2765 838 3231 910 magistrumque
3260 841 3590 912 opperitur,
3623 844 3719 898 hic

2065 925 2138 980 ad
2169 925 2499 980 convivium
2529 925 2604 980 ad
2644 927 3004 997 imperatore
3059 933 3319 984 vocatur.
3379 930 3598 986 Eodem
3655 947 3719 986 se

2064 1015 2381 1086 prmfectus
2413 1030 2650 1084 quoque
2672 1015 2920 1078 confert.
2950 1015 3148 1085 aitque
3182 1017 3524 1088 imperatori
3551 1020 3633 1074 :Si
3657 1021 3720 1076 in

2067 1117 2159 1167 eo,
2193 1101 2534 1171 imperator.
2568 1101 2858 1171 persistis,
2903 1102 3061 1172 quod
3094 1104 3241 1158 mihi
3294 1106 3612 1174 mandasti,
3644 1123 3720 1163 ne

2066 1189 2160 1244 cui
2193 1205 2397 1244 eorum
2426 1189 2527 1259 qui
2561 1205 2851 1260 pauperes
2879 1191 3231 1245 concutiunt
3279 1209 3538 1262 parcam,
3573 1197 3720 1252 scito

2065 1294 2160 1331 me
2191 1277 2502 1346 promissis
2532 1278 2681 1331 meis
2712 1277 3180 1336 satisfacturum.
3215 1280 3317 1335 Sln
3348 1297 3448 1336 eos
3490 1288 3552 1336 tu
3599 1300 3724 1354 pm-

2065 1356 2319 1420 nitentia
2347 1364 2561 1419 ductus
2587 1365 2812 1420 amicos
2841 1365 3038 1436 potius
3086 1365 3270 1422 habes
3321 1371 3382 1422 et
3435 1369 3720 1426 conviviis

2064 1455 2332 1522 adhibes,
2356 1456 2508 1510 scias
2525 1472 2621 1511 me
2652 1472 2888 1527 quoque
2918 1455 3249 1511 detrectare
3281 1474 3349 1512 ea
3378 1474 3510 1528 quas
3540 1459 3600 1514 in
3623 1461 3720 1516 me

2065 1545 2283 1616 recepi.
2318 1545 2682 1615 lmperatore
2713 1544 3113 1615 respondente
3139 1546 3222 1598 uti
3237 1546 3498 1616 seipsum
3522 1548 3718 1618 potius

2066 1632 2212 1688 solio
2239 1634 2600 1700 detraheret,
2642 1633 2692 1688 si
2740 1639 2973 1688 sontem
3033 1633 3168 1689 talis
3229 1634 3497 1691 criminis
3519 1637 3720 1707 sciret,

2063 1722 2379 1792 praefectus
2410 1722 2572 1777 illico
2605 1722 2953 1793 magistrum
2969 1723 3020 1776 vi
3054 1722 3474 1794 abripuit,etin
3489 1726 3716 1783 curiam

2062 1827 2194 1881 qum
2225 1813 2391 1866 Erea
2445 1811 2663 1865 dicitur
2718 1827 2853 1864 cum
2909 1827 2978 1865 eo
3033 1811 3199 1868 abiit.
3264 1811 3348 1866 lbi
3403 1812 3720 1885 diligenter

2063 1901 2376 1970 utriusque
2409 1915 2684 1954 sermone
2717 1899 3115 1967 considerato,
3150 1917 3284 1956 cum
3317 1901 3474 1956 haud
3496 1901 3718 1960 levibus

2059 1989 2300 2058 injuriis
2341 1988 2414 2043 ab
2477 2005 2545 2042 eo
2604 1989 2878 2043 atTectam
2937 1989 3251 2044 mulierem
3308 1992 3715 2062 comperisset,

2059 2079 2402 2133 verberibus
2434 2079 2732 2149 impositis
2763 2079 2991 2134 homini
3025 2086 3204 2152 caput
3228 2081 3392 2148 rasit,
3425 2083 3714 2154 asinoque

2057 2169 2284 2222 nudum
2315 2167 2660 2239 impositum
2690 2185 2798 2239 per
2837 2169 3098 2224 mediam
3155 2170 3364 2227 urbem
3412 2171 3590 2227 veluti
3650 2172 3712 2228 in

2059 2258 2360 2328 triumpho
2391 2258 2579 2324 duxit,
2615 2264 2673 2312 et
2703 2275 2916 2313 omnes
2945 2259 3079 2329 ejus
3136 2276 3278 2331 opes
3334 2260 3572 2316 mulieri
3604 2261 3709 2318 ad-

2056 2346 2225 2402 dixit.
2262 2348 2380 2401 Hoc
2409 2347 2746 2416 exemplum
2779 2347 3044 2418 reliquos
3083 2350 3164 2402 ita
3192 2349 3252 2402 in
3287 2350 3439 2404 viam
3461 2351 3708 2423 redegit,

2057 2440 2122 2490 ut
2142 2435 2361 2504 ubique
2393 2435 2546 2490 688
2580 2452 2815 2489 summa
2845 2436 2906 2489 in
2967 2452 3111 2506 pace
3161 2437 3472 2505 viveretur,
3530 2442 3711 2509 atque

2058 2524 2216 2578 intra
2245 2526 2312 2577 30
2343 2523 2502 2578 diem
2535 2540 2728 2594 neque
2758 2529 2924 2578 actor
2969 2524 3128 2578 ullus
3160 2531 3317 2579 esset
3344 2541 3537 2595 neque
3568 2542 3706 2581 reus

2057 2613 2595 2685 injuriarum.Tum
2621 2611 2934 2682 praefectus
2963 2613 3309 2683 imperatori
3329 2613 3626 2684 significat
3646 2630 3709 2669 se

2057 2702 2351 2774 promissa
2382 2701 2720 2772 implevisse
2765 2718 2778 2768 ;
2837 2707 2895 2756 et
2953 2702 3281 2772 imperator
3309 2702 3371 2756 in
3402 2702 3708 2773 publicum

2059 2807 2428 2862 progressus,
2469 2806 2606 2845 cum
2637 2790 2803 2844 nulla
2824 2789 3069 2861 querela
3097 2791 3422 2860 audiretur,
3437 2808 3707 2850 reversus

2060 2879 2309 2951 patricia
2335 2876 2622 2950 dignitate
2642 2895 2777 2933 eum
2806 2883 2978 2934 ornat
3007 2883 3066 2934 et
3112 2896 3221 2950 per
3248 2897 3490 2936 omnem
3526 2881 3703 2938 vitam

2060 2969 2407 3040 prml‘ectum
2433 2968 2596 3024 urbis
2628 2984 2756 3022 esse
2779 2967 2970 3039 jubet.

2131 3058 2360 3113 Justino
2393 3058 2744 3128 imperante,
2771 3056 3114 3112 Hormisdas
3144 3060 3346 3113 Roma
3393 3059 3706 3132 episcopus

2061 3147 2268 3218 Cpolin
2301 3163 2434 3201 cum
2466 3145 2737 3216 plurimis
2768 3147 3060 3218 episcopis
3103 3147 3402 3218 profectus
3432 3149 3710 3206 adversa-

296 3218 575 3301 πλείστοις
606 3237 946 3312 ἐπισκόποις,
975 3218 1103 3303 τοῦς
1133 3242 1552 3317 ἀνθισταμένους
1608 3249 1678 3318 τῇ
1731 3218 1940 3314 συνόδῳ

2070 3238 2172 3292 .‘ios
2202 3235 2697 3291 Chalcedonensis
2727 3235 2964 3289 concilii
2995 3235 3257 3299 damnat,
3291 3238 3567 3293 Severum
3599 3239 3708 3296 An-

295 3326 646 3399 Χαλκηδόνος
700 3335 936 3405 καθῆρεν
996 3325 1240 3406 Σεϐῆρον
1310 3333 1401 3386 τὸν
1462 3332 1794 3407 Ἀντιοχείας
1851 3333 1941 3404 [Ρ.

296 3422 420 3495 390]
451 3421 539 3475 καὶ
603 3420 918 3494 Φιλόξενον,
971 3417 1364 3498 βεϐαιώσαντες
1438 3425 1539 3494 τὴν
1595 3424 1765 3491 αὐτὴν
1824 3421 1945 3476 σύν-

297 3509 447 3579 οδον,
476 3509 565 3564 καὶ
597 3509 720 3587 περὶ
749 3515 856 3565 τῶν
917 3509 1014 3565 δύο
1057 3511 1266 3590 φύσεων
1319 3517 1418 3568 τοῦ
1469 3516 1707 3587 Χριστοῦ
1737 3511 1804 3568 τά
1833 3518 1942 3568 Ku-

298 3596 499 3672 ρίλλου
531 3596 938 3673 Ἀλεξανδρείας
996 3597 1311 3675 προσθέντες
1352 3600 1592 3678 ῥήματα.
1651 3603 1712 3655 Ὀ
1743 3603 1942 3676 στατήρ

297 3687 327 3741 6
385 3686 605 3757 νοητὸς,
669 3689 733 3742 τὸ
787 3689 1033 3762 νόμισμα
1082 3690 1146 3745 τὸ
1199 3688 1504 3766 βασιλικὸν,
1539 3691 1568 3744 6
1627 3691 1679 3745 ἐν
1732 3690 1947 3759 ἐνότητι

301 3778 512 3840 ἁπλοῦς
547 3781 831 3854 χαρακτήρ
861 3783 1090 3855 Χριστὸς
1121 3782 1311 3837 ἑαυτὸν
1343 3783 1474 3857 ὑπὲρ
1531 3782 1748 3836 πάντων
1776 3801 1946 3856 προσ-

299 3867 589 3938 κεκόμικεν
649 3867 724 3930 εἷς
783 3869 1026 3924 ἁπάντων
1083 3875 1228 3940 ζωῆς
1315 3870 1658 3946 ἀντίλυτρον.
1733 3869 1840 3924 Δύο
1891 3867 1949 3924 δὶ

304 3955 488 4032 φύσεις
521 3953 770 4031 λέγοντες
828 3959 928 4026 τὴν
979 3956 1242 4036 διαφορὰν
1297 3960 1638 4032 σημαίνομεν
1660 3966 1760 4028 τῆς
1815 3978 1947 4032 σαρ-

301 4046 398 4108 κὸς
429 4046 519 4101 καὶ
545 4050 641 4101 τοῦ
674 4047 852 4123 Λόγου
885 4045 974 4103 διὰ
1002 4049 1065 4104 τὸ
1095 4050 1422 4126 ἀσύγχυτον.
1452 4051 1514 4106 Ἥ
1570 4049 1675 4125 γὰρ
1715 4048 1951 4124 σύγκρα-

303 4154 387 4194 σις
418 4134 722 4212 ἀφανισμὸν
769 4141 876 4190 τῶν
929 4133 1025 4191 δύο
1084 4138 1294 4215 φύσεως
1344 4138 1718 4214 ἀπεργάζεται.
1781 4138 1842 4194 Ἦ
1893 4135 1952 4192 δὶ

303 4221 544 4299 ἀῤῥητος
575 4221 768 4285 ἓνωσις
826 4223 1254 4301 ὁμολογουμένη
1313 4229 1400 4282 καὶ
1461 4225 1802 4303 ἀσυγχύτους
1849 4249 1954 4307 φυ-

304 4313 613 4378 λάττειτάς
645 4314 851 4391 φύσεις,
880 4315 970 4370 καὶ
1025 4315 1121 4371 ’ὲνα
1175 4317 1432 4373 ἀποτελεῖ
1481 4318 1532 4390 ἐξ
1589 4317 1793 4396 ἀμφοῖν
1851 4316 1951 4393 όφ-

305 4401 460 4457 θέντα
491 4404 742 4479 Χριστὸν,
772 4405 900 4460 Θεὸν
933 4405 1075 4479 ὁμοῦ
1103 4427 1162 4461 τε
1207 4406 1298 4461 καὶ
1348 4407 1630 4481 ἄνθρωπον
1663 4407 1955 4483 γενόμενον

305 4494 398 4548 τὸν
427 4493 613 4549 αὐτόν.

2053 3327 2419 3380 tiochensem
2444 3329 2502 3378 et
2527 3323 2911 3378 Philoxeuum
2939 3341 2953 3389 ;
2985 3329 3300 3396 ratumque
3332 3342 3462 3382 esse
3488 3325 3709 3397 jubent

2053 3415 2203 3471 illud
2234 3413 2575 3479 concilium,
2607 3428 2675 3465 ac
2705 3411 2776 3466 de
2822 3411 3051 3468 duabus
3079 3413 3142 3468 in
3189 3414 3422 3470 Christo
3474 3415 3706 3474 naturis

2054 3508 2181 3561 haec
2210 3503 2412 3574 Cyrilli
2461 3499 2842 3556 Alexandrea)
2901 3502 3163 3575 episcopi
3213 3503 3443 3559 addunt
3479 3504 3703 3563 verba:

2055 3597 2248 3650 Stater
2285 3593 2383 3662 qui
2419 3597 2614 3646 mente
2677 3590 3048 3662 intelligitur,
3106 3594 3405 3649 nomisma
3453 3594 3707 3666 regium,

2057 3682 2309 3754 simplex
2339 3681 2400 3733 in
2462 3680 2692 3732 unitate
2750 3679 3077 3748 character,
3136 3681 3403 3736 Christus
3445 3683 3709 3754 seipsum

2058 3790 2164 3843 pro
2196 3769 2476 3826 omnibus
2507 3767 2743 3833 obtulit,
2767 3773 2835 3821 ut
2855 3767 3030 3824 vitam
3060 3771 3332 3825 omnium
3364 3771 3712 3829 redimeret.

2058 3863 2202 3918 Cum
2238 3866 2437 3915 autem
2487 3858 2633 3912 duas
2691 3862 2933 3912 naturas
2990 3858 3267 3926 dicimus,
3312 3859 3715 3916 diﬂ‘erentiam

2057 3951 2457 4024 signiﬁcamus
2488 3945 2684 4001 carnis
2715 3951 2773 4000 et
2804 3947 2904 4000 Dei
2941 3947 3130 4014 Verbi,
3165 3948 3304 4018 quia
3330 3947 3436 4003 illa
3466 3948 3712 4006 confusa

2059 4059 2178 4096 non
2227 4043 2383 4094 sunt.
2445 4034 2677 4090 Etenim
2728 4035 3060 4091 commistio
3111 4037 3422 4108 utriusque
3482 4042 3712 4094 natura

2059 4129 2442 4187 abolitionem
2469 4141 2671 4179 secum
2729 4125 3008 4178 traheret.
3060 4125 3172 4179 Sed
3226 4125 3548 4182 inel‘l‘abilis
3606 4125 3712 4183 illa

2061 4235 2239 4292 quam
2271 4219 2626 4272 conlitemur
2655 4212 2866 4278 unitio,
2886 4229 3080 4283 neque
3101 4220 3342 4270 naturas
3372 4215 3708 4283 confundit,

2063 4315 2121 4364 et
2151 4325 2221 4363 ex
2253 4304 2484 4362 duabus
2514 4316 2700 4355 unum
2731 4300 3027 4354 Christum
3072 4303 3335 4370 conﬁcit,
3369 4304 3472 4374 qui
3527 4320 3589 4358 se
3620 4319 3718 4360 ex-

2063 4395 2258 4451 hibuit
2290 4409 2305 4460 ;
2335 4392 2614 4460 idemque
2645 4393 2703 4443 et
2732 4388 2886 4444 Deus
2908 4395 2998 4443 est
3031 4393 3090 4444 et
3118 4390 3319 4446 homo.

378 4586 467 4653 Τῷ
576 4579 682 4637 ἔτει
713 4583 966 4660 Δίθέριος
991 4583 1083 4640 καὶ
1141 4582 1343 4650 Λύδιος
1386 4586 1478 4641 καὶ
1524 4587 1575 4642 οἱ
1627 4587 1720 4640 σὺν
1770 4586 1955 4649 αὐτοῖς

2135 4578 2306 4630 Anno
2337 4573 2596 4629 secundo
2626 4571 2918 4630 Etherius
2962 4574 3022 4624 et
3077 4568 3326 4638 Audius,
3383 4568 3720 4641 medicique

314 4670 490 4744 ἰατροὶ
559 4666 956 4728 ἐπεϐούλευσαν
1009 4678 1094 4746 τῷ
1172 4674 1410 4749 βασιλεῖ,
1492 4675 1582 4729 καὶ
1636 4676 1960 4750 γνωσθέντες

311 4759 571 4815 ἀπέθανον
593 4761 753 4841 ξίφει.
773 4769 780 4776 ’

383 4853 470 4920 Τῷ
546 4851 594 4925 γ’
649 4849 755 4906 ἔτει
809 4849 1278 4926 μεταστειλαμένη
1363 4853 1537 4930 Σοφία
1587 4855 1622 4922 ἡ
1681 4852 1965 4928 Λύγοῦστα

312 4937 513 4999 πάντας
543 4940 671 5000 τοὺς
727 4945 1139 5020 χρεωστοῦντας
1194 4939 1441 4997 ἀπέδωκε
1468 4948 1586 5003 τοῖς
1615 4962 1963 5018 κεχρεωστη-

317 5025 504 5098 μένοις
560 5030 732 5085 πάντα
784 5031 850 5086 τὰ
908 5030 1264 5109 ὀφειλόμενα,
1320 5031 1782 5108 ἇντιστραφέντων
1857 5036 1966 5088 τῶν

316 5115 590 5191 ἐνεχύρων
631 5124 748 5182 τοῖς
786 5118 945 5182 ἰδίοις
979 5121 1281 5185 αύθένταις.

387 5210 480 5278 Τῷ
509 5203 551 5259 δ¹
583 5205 687 5262 ἔτει
727 5207 897 5278 κτίζει
951 5211 1015 5265 τὸ
1072 5210 1342 5267 παλάτιον
1391 5214 1500 5265 τῶν
1558 5215 1838 5287 Σοφιανῶν
1895 5211 1970 5274 εἷς

318 5290 496 5367 ὄνομα
524 5303 625 5364 τῆς
646 5299 902 5371 γυναικὸς
931 5298 1098 5354 αὐτοῦ
1129 5300 1350 5380 Σοφίας.

388 5387 481 5455 Τῷ
512 5385 548 5436 ε’
577 5378 683 5440 ἔτει
713 5387 880 5456 κτίζει
910 5389 1011 5456 τὴν
1048 5378 1230 5461 μονήν⁷
1277 5397 1379 5459 τῆς
1439 5389 1776 5464 Πρίγκηπος,
1836 5410 1969 5466 προ·

320 5467 445 5521 άστε
457 5487 532 5521 ιον
564 5466 730 5538 αὺτὴν
755 5472 936 5530 οὖσαν.

2071 4665 2170 4736 qui
2201 4663 2322 4718 illis
2346 4661 2613 4730 aderant,
2665 4659 2927 4717 insidiati
2969 4662 3112 4713 sunt
3137 4657 3514 4728 imperatoris
3563 4657 3721 4726 vitae,

2072 4760 2132 4809 et
2159 4771 2222 4807 re
2255 4752 2489 4807 detecta
2522 4751 2714 4822 gladio
2747 4747 3112 4819 interempti.

2142 4841 2338 4896 Tertio
2369 4856 2525 4895 anno
2587 4838 2802 4909 Sophia
2863 4841 3149 4905 Augusta,
3209 4833 3414 4889 accitis
3447 4831 3728 4888 omnibus

2075 4931 2175 5002 qui
2203 4947 2318 4984 sere
2359 4929 2554 4983 alieno
2585 4925 2851 4982 obstricti
2883 4923 3040 4980 684
3071 4928 3260 4990 erant,
3294 4920 3492 4976 debita
3524 4934 3730 4975 eorum

2075 5018 2472 5074 creditoribus
2531 5015 2814 5087 persolvit
2872 5018 2929 5068 et
2991 5011 3238 5083 pignora
3293 5009 3419 5066 suis
3471 5007 3732 5065 dominis

2077 5109 2358 5165 reddidit.

2148 5203 2365 5267 Quarto
2390 5215 2548 5254 anno
2579 5196 2845 5251 Justinus
2895 5192 3096 5248 condit
3147 5191 3431 5264 palatium
3480 5190 3729 5264 Sophia-

2076 5307 2313 5352 norum,
2345 5289 2419 5343 de
2450 5286 2693 5342 nomine
2725 5282 2960 5354 Sophim
2993 5282 3266 5355 conjugis
3297 5299 3440 5338 sum.

2147 5380 2363 5444 Quinto
2420 5392 2576 5432 anno
2638 5373 2897 5428 mdiﬂcat
2978 5371 3349 5426 mansionem
3434 5369 3731 5442 Principis

2078 5470 2316 5525 feminas
2345 5466 2405 5520 in
2438 5463 2742 5519 suburbio.

2153 5558 2326 5612 Sexto
2363 5570 2520 5610 anno
2551 5553 2763 5605 Narses
2790 5548 3178 5606 cbarissimus
3235 5549 3580 5621 imperatori
3629 5548 3739 5604 do-

2082 5663 2244 5704 mum
2272 5642 2535 5698 Narsetis
2549 5639 2911 5695 exstruxitet
2939 5637 3326 5696 Catharorum
3339 5641 3738 5698 mansionem.

390 5560 479 5628 Τῷ
510 5557 555 5620 ς’
585 5553 690 5613 ἔτει
724 5562 942 5637 Ναρσῆς
975 5564 1004 5618 6
1057 5562 1339 5639 ἀγαπητὸς
1400 5567 1498 5618 τοῦ
1559 5562 1828 5638 βασιλέως
1884 5559 1971 5616 ἔκ-

316 5666 432 5702 τισε
460 5647 562 5716 τήν
593 5647 766 5704 οἰκίαν
794 5652 1012 5726 Ναρσοῦ
1067 5653 1157 5708 καὶ
1205 5655 1306 5722 τήν
1369 5655 1541 5726 μονήν
1573 5659 1684 5709 τῶν
1705 5653 1970 5726 καθαρῶν.

565 5783 829 5846 ΡΑι-ιιοι..
876 5786 987 5847 Gn.
1033 5786 1240 5851 CXXI.

3418 5771 3499 5828 24
