4170 6204
439 304 559 368 747

1751 299 2063 364 GEORGII
2111 299 2426 362 OEDREN
2435 301 2460 361 Ι

3729 297 3850 360 ’148

436 438 506 493 Et
531 438 796 494 Justinus
823 435 1135 494 inaudiens
1190 437 1521 506 Augustum
1562 450 1734 490 suum
1769 433 2064 489 sobrinum

2193 429 2458 491 Ἀκούσας
2489 426 2545 484 δὲ
2571 429 2862 494 ἰουστῖνος
2887 427 2970 484 ὅτι
3006 428 3034 484 6
3066 425 3283 502 ἅνεψιός
3305 427 3470 485 αὐτοῦ
3499 422 3847 504 Α’ύγουστος,

438 526 651 583 ducem
682 526 1064 582 Alexandreae
1083 525 1194 580 sibi
1224 525 1472 580 insidias
1496 524 1716 592 moliri,
1751 523 1949 578 missis
1971 522 2084 577 mi-

437 617 662 682 nistris,
691 616 882 687 capite
915 615 1227 670 truncavit.

507 705 766 776 Septimo
819 719 977 758 anno
1030 704 1298 758 Justinus
1358 703 1533 774 erepit
1589 703 1844 756 condere
1897 700 2084 755 aedem

435 793 851 866 Apostolorum
873 793 1031 847 Petri
1061 799 1119 846 et
1148 792 1337 860 Pauli,
1372 793 1432 846 in
1471 792 1601 846 loco
1635 792 1736 862 qui
1777 807 1811 845 a
1841 789 2085 860 pupillis

433 881 758 938 educandis
799 881 1393 952 Orphanotropheum
1451 881 1687 935 dicitur.
1738 879 1979 934 Addidit
2029 883 2085 932 et

431 970 652 1042 templo
686 970 843 1042 quod
877 976 966 1024 est
997 970 1057 1023 in
1087 969 1426 1024 Blachernis
1457 969 1604 1023 duos
1634 968 1916 1034 fornices,
1950 968 2086 1021 eli'e-

429 1059 626 1130 citque
658 1064 725 1113 ut
769 1059 961 1114 crucis
1017 1059 1270 1113 formam
1319 1057 1585 1112 referret.
1651 1057 1866 1111 Eodem
1928 1071 2083 1111 anno

427 1163 626 1220 pugna
657 1147 813 1200 inter
867 1148 1082 1200 Persas
1142 1151 1202 1199 et
1253 1147 1548 1199 Romanos
1605 1145 1676 1198 ad
1734 1144 2083 1215 Sargatlium

429 1237 770 1305 commissa,
803 1235 1048 1290 victoria
1077 1235 1189 1290 fuit
1219 1251 1402 1306 penes
1433 1237 1751 1290 Romanos.

500 1327 666 1381 Nono
697 1341 854 1382 anno
886 1326 1104 1380 Avares
1149 1323 1224 1379 ad
1279 1323 1612 1379 Danubium
1671 1327 1962 1377 venerunt
2016 1338 2082 1376 ac

427 1417 698 1473 vicerunt
726 1420 1043 1473 Romanos.
1085 1417 1150 1470 Et
1177 1416 1513 1471 Artabanus
1545 1418 1743 1482 Persa,
1771 1415 1834 1469 in
1869 1417 2082 1469 Roma-

427 1523 641 1564 norum
672 1507 961 1562 ditionem
994 1505 1148 1561 facta
1179 1505 1543 1571 incursione,
1569 1504 1790 1559 multos
1821 1504 2080 1575 captivos

426 1597 699 1663 abduxit,
734 1603 1023 1668 captoque
1057 1596 1234 1650 etiam
1259 1597 1440 1650 Daras
1471 1601 1664 1650 castro
1713 1594 1955 1648 domum
1986 1610 2076 1647 re-

425 1685 554 1742 diit.
586 1687 854 1741 Justinus
884 1685 1094 1740 nuntio
1149 1690 1327 1738 tanta:
1386 1683 1574 1738 cladis
1606 1689 1846 1754 accepto
1877 1683 2078 1738 animo

424 1774 792 1832 abalienatus
824 1780 931 1840 est,
966 1775 1254 1846 petiitque
1286 1773 1358 1828 ab
1392 1772 1704 1828 llormisda
1728 1773 1814 1826 uti
1863 1788 2069 1842 pacem

422 1869 822 1937 componeret,
858 1881 989 1936 qua:
1023 1864 1165 1918 etin
1197 1879 1422 1919 annum
1453 1868 1624 1934 pacta
1641 1867 1750 1917 est.
1780 1863 2072 1917 Constitu-

419 1957 548 2010 tum
580 1954 727 2012 685
765 1953 874 2009 sub
908 1971 976 2008 eo
1007 1957 1184 2009 estut
1228 1951 1492 2022 psalmus
1553 1954 1678 2006 Tua:
1723 1968 1883 2007 caena
1926 1968 2072 2021 mys-

422 2041 544 2098 ticae
574 2060 786 2116 magna
823 2042 972 2096 feria
1001 2042 1209 2112 quinta
1239 2046 1571 2100 caneretur.
1605 2039 1796 2095 Allata
1834 2057 2070 2110 quoque

419 2135 563 2188 tunc
593 2137 684 2186 est
733 2132 926 2202 imago
984 2130 1151 2185 nulla
1202 2146 1383 2184 manu
1432 2131 1641 2185 effecta
1710 2129 2070 2185 Camulianis

419 2237 569 2294 pago
600 2220 1005 2292 Cappadocia),
1029 2225 1088 2274 et
1118 2218 1454 2274 veneranda
1499 2219 1657 2291 ligna
1705 2219 1777 2274 ab
1807 2221 2071 2291 Apamea

418 2311 566 2366 urbe
595 2311 777 2383 Syria)
808 2309 1108 2365 secundm.
1141 2309 1488 2364 Institutum
1521 2309 1700 2364 etiam
1732 2314 1822 2364 est
1849 2315 1914 2364 ut
1959 2310 2066 2380 hy-

417 2416 594 2456 mnus
621 2399 989 2457 Cherubicus
1018 2403 1376 2454 cantaretur.

483 2582 655 2635 Anno
689 2583 753 2633 10
783 2579 1053 2634 Justinus
1103 2578 1404 2632 Tiberium
1449 2578 1729 2632 comitem
1761 2577 2062 2632 excubito-

414 2687 548 2727 rum
579 2670 878 2741 adoptavit
933 2686 1000 2724 ac
1062 2669 1353 2722 Caesarem
1414 2668 1652 2734 creavit,
1712 2667 2066 2738 imperiique

417 2760 706 2831 collegam
742 2758 968 2813 ascivit.
1005 2755 1334 2811 Laborabat
1363 2756 1630 2810 Justinus
1661 2756 2066 2811 obstructione

415 2847 658 2920 pedum,
694 2863 763 2902 ac
793 2846 1150 2917 plerumque
1181 2844 1592 2900 decumbebat.

489 3025 810 3082 Undecimo
841 3041 996 3081 anno
1028 3024 1351 3094 imperator
1407 3023 1696 3076 exstruxit
1751 3022 1898 3077 duos
1943 3039 2066 3078 ma~

415 3132 562 3190 gnos
592 3113 998 3187 aquaeductus,
1023 3112 1274 3168 alterum
1309 3109 1592 3180 Valentis,
1607 3110 1857 3164 alterum
1887 3110 2064 3165 Adra-

414 3222 554 3261 nem
587 3205 856 3270 nomine,
886 3209 1064 3274 atque
1095 3201 1226 3256 istis
1257 3198 1536 3270 operibus
1566 3215 1840 3269 magnam
1898 3215 2066 3269 aqua;

415 3295 649 3365 copiam
679 3292 814 3348 urbi
847 3289 1263 3362 suppeditavit.
1298 3286 1622 3342 Aidiﬁcavit
1643 3287 1820 3342 etiam
1852 3287 2072 3358 palatia

417 3383 480 3436 in
511 3387 685 3452 portu
742 3380 980 3450 Juliani,
1040 3379 1355 3450 ipsumque
1407 3381 1644 3447 portum
1691 3377 2068 3448 repurgavit;

419 3470 688 3541 duasque
725 3469 787 3524 in
818 3468 1015 3524 medio
1047 3467 1178 3539 ejus
1207 3465 1516 3522 collocavit
1547 3469 1790 3532 statuas,
1823 3465 2069 3521 alteram

419 3575 609 3626 suam,
671 3557 923 3614 alteram
975 3556 1178 3612 uxoris
1235 3554 1487 3626 Sophim.
1533 3556 1776 3609 Portum
1834 3571 2070 3625 quoque

417 3649 614 3720 ipsum
648 3647 930 3719 Sophiam
959 3644 1385 3701 denominavit.
1415 3643 1635 3698 Eodem
1672 3645 1853 3699 etiam
1885 3644 2064 3700 aediﬁ-

417 3740 571 3795 cavit
603 3738 889 3810 templum
911 3735 1200 3808 principis
1232 3735 1472 3796 ducum,
1505 3733 1599 3788 cui
1631 3733 1702 3788 ab
1737 3734 1899 3789 Adda
1930 3752 2071 3806 quo-

420 3828 561 3884 dam
594 3827 674 3882 ibi
709 3832 940 3882 morato
973 3842 1193 3881 nomen
1227 3829 1336 3880 est.

487 3920 662 3972 Anno
717 3921 784 3970 l2
842 3916 991 3971 obiit
1043 3915 1299 3970 Joannes
1341 3914 1653 3984 episcopus
1703 3912 2066 3983 Cpolitanus.

411 4009 560 4063 Eum
611 4007 1018 4078 episcopatum
1076 4020 1232 4059 anno
1285 4005 1347 4056 13
1453 4001 1677 4072 recepit
1752 4003 2067 4074 Eutyches.

2192 519 2249 580 ὅς
2280 519 2346 588 ἦν
2383 515 2509 589 δοὺξ
2539 515 2966 592 Ἀλεξανδρείας,
3000 520 3262 588 συσκευὴν
3316 518 3519 591 μελετᾷ
3576 520 3710 574 κατᾶ
3746 522 3848 573 τοῦ

2193 606 2486 683 βασιλέως,
2519 609 2739 682 πέμψας
2773 608 2932 664 αὐτὸν
2961 607 3350 682 ἀπεκεφάλισε.

2259 701 2354 770 Τῷ
2385 700 2424 768 ζ’
2475 697 2577 753 ἔτει
2608 701 2811 772 ἤρξατο
2862 701 3153 762 Ἰουστῖνος
3211 699 3410 768 κτίζειν
3451 699 3541 754 τὸν
3583 699 3710 753 ναὸν
3739 704 3852 753 τῶν

2189 787 2386 861 ’Δγίων
2409 785 2764 844 λΑποσ-τόλων
2792 790 2995 862 Πέτρου
3021 789 3110 843 καὶ
3136 787 3354 842 Παύλου
3382 787 3434 842 έν
3464 793 3545 860 τῷ
3573 789 3844 867 Ὀρφανο-

2186 874 2886 953 τροφείῳ.11ροσέοηκεδε
2929 879 3018 932 καὶ
3077 876 3152 940 εἷς
3205 879 3296 933 τὸν
3354 878 3480 932 ναὸν
3537 882 3646 932 τῶν
3703 875 3851 933 Βλα-

2184 970 2392 1042 χερνῶν
2419 967 2516 1028 τὰς
2559 963 2655 1020 δύο
2713 965 2930 1041 ἁψῖδας,
2998 967 3087 1022 καὶ
3149 967 3398 1038 ἐποίησεν
3454 969 3623 1037 αὐτὴν
3681 989 3848 1020 σταυ-

2183 1056 2386 1128 ρωτήν.
2447 1059 2543 1127 Τᾦ
2590 1054 2737 1128 αὐτῷ
2813 1053 2920 1111 ἔτει
2988 1055 3183 1132 γέγονε
3268 1053 3516 1129 πόλεμος
3596 1055 3721 1130 περὶ
3780 1057 3848 1112 τὸ

2184 1145 2464 1220 Σάργαθον
2502 1145 2638 1217 μετὰ
2671 1150 2886 1220 Περσῶν
2916 1145 3006 1200 καὶ
3037 1144 3355 1219 Ῥωμαίων,
3387 1145 3480 1200 καὶ
3505 1144 3756 1216 ἐνίκησαν
3792 1146 3848 1200 οἱ

2189 1239 2436 1307 Ρωμαῖοι
2449 1280 2460 1291 .

2251 1325 2346 1395 Τῷ
2388 1324 2436 1377 θ’
2466 1318 2572 1378 ἔτει
2620 1322 2790 1392 ἦλθον
2820 1324 2873 1379 o't
2905 1319 3140 1397 ’Ἃϐκρες
3199 1327 3309 1399 (66)
3359 1324 3435 1386 είς
3491 1325 3583 1380 τὸν
3640 1325 3842 1380 Advoc-

2187 1405 2292 1481 ϐιν,
2349 1412 2438 1467 καὶ
2491 1411 2740 1482 ἐνίκησαν
2799 1412 2926 1475 τοὺς
2983 1413 3317 1486 Ῥωμαίους.
3377 1413 3482 1469 Καὶ
3541 1413 3569 1467 6
3627 1411 3845 1488 Πέρσης

2185 1496 2452 1576 Ἀρταϐὰν
2509 1504 2622 1574 (67)
2681 1500 2909 1574 ἐξήλασε
2965 1502 3102 1558 κατὰ
3167 1507 3276 1557 τῶν
3347 1501 3660 1576 Ῥωμαίων,
3746 1502 3842 1556 καὶ

2181 1588 2400 1659 πολλὴν
2460 1588 2851 1664 αἰχμαλωσίαν
2936 1586 3124 1645 λαϐὼν
3193 1589 3519 1666 ὑπέστρεψεν
3613 1593 3691 1652 εἷς
3736 1592 3843 1660 τήν

2183 1677 2320 1734 ἰδίαν
2353 1675 2930 1755 χώραν,παραλα6ὼν
2987 1680 3079 1734 καὶ
3135 1680 3196 1735 τὸ
3245 1681 3439 1757 Δάρας.
3473 1680 3656 1737 Τοῦτο
3727 1701 3840 1753 μα-

2183 1768 2289 1831 θὼν
2319 1769 2615 1831 Ἰουστῖνος
2646 1773 2726 1842 τῷ
2769 1770 2979 1845 μεγέθει
3009 1776 3112 1838 τῆς
3156 1773 3438 1848 συμφορᾶς
3468 1770 3614 1840 νόσῳ
3663 1789 3848 1842 παρα-

2179 1857 2333 1935 φόρῳ
2389 1853 2780 1932 περιϐάλλεται
2845 1859 2932 1912 καὶ
3015 1855 3246 1920 σπονδὰς
3319 1865 3550 1929 ποιῆσαι
3606 1857 3846 1912 αἰτεῖται

2179 1945 2270 1999 τὸν
2301 1943 2598 2020 Ὁρμίσδαν
2641 1948 2780 2021 (68),
2813 1944 2960 2009 ὅστις
3017 1947 3106 2002 καὶ
3165 1946 3494 2008 ἐνιαυσιαίας
3559 1945 3840 2018 ἐποίησεν.

2181 2034 2305 2092 Ἐπί
2334 2034 2529 2090 τούτου
2570 2036 2820 2108 ἐτυπώθη
2854 2034 3159 2110 ψάλλεσθαι
3219 2041 3289 2110 τῇ
3350 2037 3563 2113 μεγάλῃ
3598 2043 3636 2091 ε’
3695 2040 3838 2111 (69)’

2179 2127 2289 2181 Τοῦ
2321 2121 2536 2180 δείπνου
2597 2129 2693 2180 σοῦ
2745 2129 2842 2181 τοῦ
2895 2124 3161 2200 μυστικού
3223 2129 3358 2202 (70).
3429 2124 3601 2182 Ἦλθε
3654 2123 3713 2180 δὲ
3741 2128 3837 2181 καὶ

2178 2216 2214 2284 ἡ
2247 2215 2670 2291 ἆχειροποίητος
2697 2217 2811 2290 (Ἡ)
2843 2215 2950 2270 ἀπὸ
2989 2221 3098 2271 τῶν
3158 2214 3574 2289 Καμουλιανῶν,
3633 2217 3836 2289 κώμης

2175 2307 2276 2369 τῆς
2330 2300 2734 2378 Καππαδοκίας,
2791 2305 2882 2358 καὶ
2931 2307 2998 2360 τὰ
3043 2305 3203 2378 τίμια
3259 2304 3394 2376 ξύλα
3451 2305 3555 2359 ἀπὸ
3613 2303 3838 2367 πόλεως

2179 2397 2486 2470 Ἀπαμείας
2543 2399 2642 2465 τῆς
2703 2395 2954 2471 δευτέρας
3008 2397 3223 2472 Συρίας.
3284 2399 3569 2468 Ἐτυπώοη
3603 2394 3662 2451 δὲ
3689 2395 3842 2470 ψάλ-

2179 2484 2363 2542 λεσθαι
2393 2487 2483 2542 καὶ
2513 2488 2542 2541 ὁ
2572 2483 2902 2562 Χερουϐικὸς
2933 2485 3100 2560 ὕμνος
3131 2491 3262 2561 (72).

2247 2578 2340 2649 Τῷ
2371 2577 2398 2630 ι’
2430 2574 2535 2632 ἔτει
2567 2577 2857 2639 Ἰουστῖνος
2916 2579 2944 2631 6
3014 2577 3270 2651 βασιλεὺς
3309 2573 3557 2650 Τιϐέριον
3615 2578 3706 2634 τὸν
3739 2578 3840 2632 κό-

2180 2686 2326 2737 μητα
2355 2669 2465 2720 τῶν
2501 2661 2893 2741 ἐξκουϐιτὸρων
2923 2667 3009 2740 [Ρ.
3046 2671 3172 2739 391]
3207 2667 3672 2740 υἱοποιησάμενος
3720 2670 3840 2740 (73)

2182 2755 2422 2828 Καίσαρα
2465 2755 2798 2830 ἀνηγόρευσε
2852 2757 2942 2810 καὶ
2997 2753 3362 2830 συγκάϐεδρον
3415 2755 3580 2810 αὐτοῦ
3639 2755 3839 2825 ἐποίη-

2177 2864 2283 2902 σεν.
2327 2846 2424 2900 Ἦν
2455 2841 2511 2899 δὲ
2561 2847 2588 2900 6
2652 2842 2909 2918 βασιλεὺς
2966 2844 3303 2924 στυφόμενος
3366 2844 3493 2907 τοὺς
3522 2841 3694 2908 πόδας
3717 2846 3836 2918 (74)

2176 2933 2267 2988 καὶ
2296 2935 2359 2989 τὸ
2390 2933 2584 2990 πλείον
2605 2935 3008 3008 κατακείμενος.

2246 3025 2334 3095 Τῷ
2369 3030 2432 3077 ια’
2461 3020 2565 3078 ἔτει
2595 3019 2796 3080 ἔκτισεν
2849 3026 2876 3080 6
2942 3023 3206 3100 βασιλεὺς
3263 3027 3354 3080 τὸν
3418 3024 3581 3101 μέγαν
3611 3024 3832 3100 ἀγωγὸν

2179 3117 2274 3167 τοῦ
2303 3111 2607 3168 Οὐάλεντος
2641 3113 2728 3168 καὶ
2761 3115 2850 3169 τὸν
2882 3111 3062 3189 ἕτερον
3110 3115 3322 3190 ἀγωγὸν
3379 3115 3470 3169 τὸν
3527 3113 3834 3188 λεγόμενον

2180 3196 2470 3271 Ἀδράνην,
2499 3200 2588 3255 καὶ
2621 3201 2935 3278 ἐχορήγησε
2961 3207 3030 3277 τῇ
3083 3201 3244 3258 πόλει
3299 3201 3582 3278 δαψίλειαν
3611 3199 3831 3267 ὕδατος.

2179 3289 2358 3358 Κτίζει
2392 3289 2484 3345 οὗν
2507 3289 2597 3344 καὶ
2627 3291 2694 3344 τὰ
2716 3290 2954 3346 παλάτια
2981 3291 3048 3346 τὰ
3073 3291 3126 3346 έν
3171 3293 3250 3363 τῷ
3283 3289 3588 3347 Ἰουλιανοῦ
3621 3289 3832 3364 λιμένι.

2181 3377 2562 3454 Ἀποκαθαίρει
2597 3376 2653 3434 δὲ
2707 3378 2796 3434 καὶ
2856 3379 3015 3434 αὐτὸν
3071 3382 3165 3436 τὸν
3225 3379 3422 3454 λιμένα
3480 3382 3569 3436 καὶ
3623 3379 3833 3450 στήλας

2180 3462 2274 3520 δύο
2303 3467 2357 3521 ἐν
2394 3466 2544 3540 μέσῳ
2593 3467 2756 3523 αὐτοῦ
2807 3468 3018 3540 ’ίστησι,
3063 3471 3164 3540 τήν
3217 3490 3277 3524 τε
3343 3469 3534 3525 ἑαυτοῦ
3587 3469 3679 3523 καὶ
3732 3473 3837 3535 τῆς

2179 3557 2430 3632 γυναικὸς
2489 3555 2654 3612 αὐτοῦ
2705 3558 2928 3635 Σοφίας,
2963 3559 3337 3633 μετονομάσας
3394 3559 3605 3614 καὶτὸν
3636 3556 3842 3632 λιμένα

2175 3644 2398 3724 Σοφίας.
2434 3644 2824 3720 Ἐποικοδομεῖ
2858 3645 2916 3702 δὲ
2941 3648 3032 3703 καὶ
3079 3650 3170 3705 τὸν
3198 3651 3329 3704 ναὸν
3360 3653 3456 3704 τοῦ
3490 3648 3828 3725 αρχιστρατ-

2179 3736 2321 3809 ήγου
2371 3739 2508 3808 (75),
2567 3735 2627 3798 ’ὸς
2685 3732 2745 3790 ἔκ
2789 3757 2936 3799 τινος
2989 3734 3166 3792 Ἀδδα
3221 3736 3392 3792 ἐκεῖσε
3419 3742 3835 3806 κατοικοῦντος,

2179 3823 2644 3900 προσηγορεύετο.

2251 3914 2344 3985 Τῷ
2411 3914 2479 3985 ιβ’
2531 3907 2636 3966 ἔτει
2689 3913 3037 3984 ἐτελεύτησεν
3099 3915 3360 3986 Ἰωάννης
3422 3917 3450 3970 6
3532 3915 3832 3978 ἐπίσκοπος

2181 4001 2832 4065 Κωνσταντινουπόλεως.
2884 4005 2978 4076 Τῷ
3067 4007 3129 4082 ιγ’
3213 4001 3321 4061 ἔτει
3404 4004 3662 4080 Εὐτυχὴς
3721 4009 3824 4078 (76

1603 4099 1965 4155 XYLANDRI
2004 4101 2090 4154 ET
2127 4101 2340 4156 GOARI
2382 4103 2604 4157 NOTIE.

480 4203 598 4293 (66)
622 4203 941 4293 Simocatta
971 4217 1008 4269 1,
1065 4203 1096 4290 Si
1122 4215 1135 4253 :
1169 4197 1360 4293 Οὗννρι
1420 4194 1478 4251 δὶ
1507 4196 1656 4286 ονξται
1695 4201 2053 4293 προσρικοῦν-

403 4264 497 4336 τες
524 4264 605 4344 τῷ
636 4273 852 4346 Ἴστρῳ,
886 4264 1241 4325 ἀπιστότατον
1273 4264 1424 4332 ἔθνος
1470 4268 1560 4322 καὶ
1615 4264 2048 4338 ἀπλήστότατον.

409 4349 584 4400 Gesn.

457 4362 584 4400 OAR.

2165 4200 2414 4255 sostomi
2444 4199 2760 4272 liturgiam.
2794 4205 2971 4259 Gosa.

2234 4272 2347 4343 (73)
2376 4272 2462 4346 Ad
2513 4272 2670 4346 fores
2711 4275 2915 4346 palatii
2973 4276 3324 4346 excubabant
3353 4275 3439 4330 illi
3477 4280 3562 4346 _et
3595 4274 3826 4330 aditum

2161 4340 2573 4418 observabant.
2601 4340 2822 4418 Glossaap
2849 4346 3236 4418 Basilicorum
3267 4364 3279 4400 :
3310 4340 3699 4418 ἐξκουϐίτωρες
3715 4349 3829 4399 τῶν

479 4415 784 4494 (67)_llunc
822 4415 1079 4494 Zonaras
1137 4413 1500 4494 Aildamanem
1559 4412 1847 4481 nominat,
1909 4413 2046 4467 Eva-

2186 4412 2468 4494 ταρεξόὸων
2494 4417 2591 4494 τοξ
2622 4415 2906 4494 παλατίου-
2933 4417 3270 4494 ὑπάρχοντες
3327 4412 3584 4494 (ρύλακες.
3612 4412 3818 4494 Simo-

404 4486 712 4560 griiusltv,
746 4486 1170 4560 Adaarmanenz.
1195 4486 1332 4539 XYL.

478 4557 590 4630 (68)
621 4559 764 4630 Rege
787 4559 1075 4630 Persarum
1103 4556 1344 4630 Zonaras
1377 4571 1391 4610 :
1423 4570 1560 4609 nam
1591 4555 1865 4626 Evagrius
1889 4555 2046 4610 hunc

403 4627 639 4700 quoque
672 4629 974 4700 Chosroen
1003 4627 1163 4700 facit.
1196 4628 1333 4700 er.

473 4695 585 4774 (69)
617 4700 710 4755 Sic
740 4703 910 4757 vocat
936 4699 1144 4774 feriam
1175 4699 1465 4774 quintam,
1526 4713 1630 4774 seu
1689 4695 1842 4774 diem
1879 4698 2050 4774 _Jo_vis

399 4767 596 4840 malis,
631 4789 764 4844 qum
783 4769 1053 4842 proxime
1084 4775 1174 4824 est
1194 4767 1341 4825 ante
1397 4768 1640 4844 Pascha2
1673 4767 1925 4844 celebris
1957 4771 2048 4823 in-

399 4839 706 4901 stitutione
739 4839 1130 4898 sacrosanctae
1163 4858 1363 4906 omnia,
1389 4842 1484 4894 der
1515 4839 1654 4892 hoch
1683 4839 1814 4893 oder
1835 4845 2050 4908 grz‘inen

397 4919 760 4984 Donnerstag.
795 4914 886 4968 Sic
919 4919 977 4967 et
1006 4914 1260 4967 Zonaras
1308 4913 1366 4965 in
1426 4911 1752 4981 posteriore
1802 4911 2049 4983 imperio

397 4986 768 5044 Constantini
812 4985 1022 5040 Leonis
1055 4984 1182 5039 filii.
1217 4985 1354 5038 XVL.

468 5060 582 5132 (70)
612 5057 878 5113 Modulus
908 5062 998 5132 est
1029 5055 1322 5132 in_Basilii
1374 5053 1576 5118 missa,
1609 5053 2048 5109 communionis

400 5127 667 5202 tempore
701 5127 1051 5202 cantandus.
1086 5128 1260 5202 chi.

466 5195 784 5274 (7'1)Qua_m
847 5198 1166 5274 imaginem
1225 5195 1850 5274 dicattignorohnisi
1913 5198 2045 5267 quis

394 5265 574 5340 putet’
600 5274 669 5326 de
705 5272 888 5325 linteo
920 5265 1210 5340 impressa
1241 5287 1276 5323 a
1305 5265 1618 5340 Christoiet
1645 5265 2044 5340 ad_Abgarum

393 5336 755 5413 Edessenum
783 5342 966 5395 missa
997 5336 1086 5394 sui
1117 5341 1374 5413 imagine
1431 5336 1864 5413 accipiendme
1901 5343 2040 5413 XYL.

467 5412 578 5482 (72)
605 5413 959 5468 Decantatur
989 5408 1264 5480 quotidie
1302 5412 1456 5465 inter
1509 5426 1706 5482 sacros
1740 5408 2042 5478 liturgicos

399 5479 672 5554 hymnos.
709 5500 841 5538 cum
865 5500 899 5538 a
923 5479 1128 5537 mensa
1158 5481 1581 5554 propositionis
1636 5479 1793 5554 dicta
1850 5484 1920 5536 ad
1955 5484 2043 5538 al—

393 5551 542 5618 tare,
572 5554 823 5608 solemni
857 5551 1172 5622 processu,
1195 5551 1361 5607 sacra
1405 5553 1576 5618 dona,
1637 5551 1696 5622 id
1730 5557 1837 5618 est,
1873 5555 2041 5622 panis

390 5629 450 5681 et
471 5626 696 5693 vinum,
729 5621 1094 5693 deferuntur.
1119 5625 1407 5677 Arcudius
1425 5639 1600 5693 opere
1623 5621 1695 5675 de
1717 5621 2041 5679 Concordia

387 5691 699 5767 utriusque
731 5691 1026 5761 Ecclesiw,
1063 5691 1482 5764 Euchologiuui
1507 5694 1566 5747 in
1590 5693 1746 5746 notis
1769 5693 1841 5747 ad
1863 5695 2038 5767 Chry-

2159 4486 2513 4567 gattxaquasi
2537 4486 3176 4567 _Cedren_i_s_cholias't'es_
3225 4486 3464 4567 futurus.
3507 4506 3584 4556 ιιι,
3621 4493 3706 4567 ll,
3732 4488 3817 4567 de

2156 4555 2387 4634 Tiberio
2419 4562 2622 4634 nostro
2674 4560 2880 4634 scribit
2911 4560 3267 4634 :A'Iouoﬁvoc
3327 4555 3582 4634 Τιϐέριον
3634 4559 3822 4634 υἱοθε-

2159 4624 2248 4698 σίᾳ
2272 4630 2579 4704 κοσμήσας,
2622 4631 2724 4682 -καὶ
2778 4631 2879 4704 τῆς
2942 4630 3222 4704 βασιλείας
3279 4624 3540 4704 κοινῳνὸν
3578 4630 3814 4704 ποιησά-

2164 4718 2326 4778 ιέενος
2385 4699 3016 4778 ἀνταόρευσε-Καίσαρα.
3103 4702 3353 4778 Ἱίγεμὼν
3403 4699 3460 4757 δὲ
3517 4700 3818 4778 έτύγχανεν

2161 4767 2857 4847 ὧνῌτῶνητοῧςβασιλέῳς
2912 4767 3396 4847 σωματοφυλάκων
3455 4775 3546 4827 καί
3579 4767 3816 4828 iii-taum-

2160 4845 2357 4921 gft-IWL
2381 4839 2438 4894 ὅν
2491 4839 3168 4921 κόμηταιέξκουϐιτώρων
3221 4849 3290 4919 τῇ
3378 4847 3596 4914 συνήθει
3655 4847 3813 4921 φωνῇ

2157 4911 2278 4973 ἔθος
2305 4911 2856 4985 Ῥωμαίοιςκαλεῗν.
2891 4911 3069 4988 Ιειιιιεέ
3093 4919 3250 4973 idem
3267 4911 3505 4972 'forsan'
3522 4923 3611 4971 est
3631 4911 3810 4986 (fuerit

2157 4990 2290 5057 post
2317 4995 2675 5043 memoratos
2706 4989 3047 5046 excubitores
3070 4990 3532 5044 domesticorum
3555 4991 3811 5044 comitem

2157 5058 2526 5180 pacubitorem
2587 5059 2828 5115 nomine
2882 5067 3152 5117 recenset
3211 5060 3588 5115 Marcellinus
3623 5059 3662 5113 Ι.
3710 5077 3808 5113 xx.

2178 5145 2330 5180 ιΟΑη.

2177 5145 2330 5184 10A“.

2227 5201 2339 5275 (74)
2371 5201 2623 5275 Zonaras
2653 5219 2787 5257 eum
2821 5220 2890 5257 ex
2923 5205 3171 5275 pedibus
3203 5204 3502 5258 laborasse
3535 5201 3638 5257 ait.
3671 5202 3810 5275 ΧΠ..

2225 5273 2338 5344 (ῖὸ)
2365 5274 2601 5338 Ignorat
2631 5272 2941 5344 Xylandef
2989 5277 3215 5331 caelestis
3261 5276 3477 5330 militiae
3519 5272 3814 5344 principis

2153 5343 2452 5418 Michaelis
2483 5343 2724 5418 nomen,
2786 5352 2843 5401 et
2899 5347 3208 5418 pueriliter
3251 5343 3567 5418 principem
3609 5345 3810 5400 ducum

2154 5413 2416 5484 appeHat
2475 5417 2648 5470 ϐολῇ.

2225 5485 2339 5554 (76)
2389 5487 2694 5562 Eumenius
2752 5489 3072 5562 legendum
3131 5507 3200 5544 ex
3239 5490 3482 5562 Zonara
3527 5487 3809 5562 et_Nice-

2153 5556 2337 5681 patro
2371 5573 2502 5621 xvn,
2536 5560 2602 5612 36
2637 5573 2650 5624 ;
2684 5565 2744 5614 et
2769 5556 2903 5630 post
2934 5561 3109 5631 paulo
3143 5559 3443 5616 Cedrenus
3471 5561 3552 5614 ita
3606 5559 3804 5614 habet.

2153 5643 2288 5682 λγι.
