  <div class='ocr_page' id='page_1' title='image "/cluster/home/n/w/nwhite01/storage/ocr_20150623/121/hvd.32044073502478/380.png"; bbox 0 0 4170 6204; ppageno 0'>
   <div class='ocr_carea' id='block_1_1' title="bbox 336 352 460 416">
    <p class='ocr_par' dir='ltr' id='par_1_1' title="bbox 336 352 460 416">
     <span class='ocr_line' id='line_1_1' title="bbox 336 352 460 416; baseline 0.048 -6"><span class='ocrx_word' id='word_1_1' title='bbox 336 352 460 416; x_wconf 71' lang='grc'>’749</span> 
     </span>
    </p>
   </div>
   <div class='ocr_carea' id='block_1_2' title="bbox 343 482 1708 561">
    <p class='ocr_par' dir='ltr' id='par_1_2' title="bbox 343 482 1708 561">
     <span class='ocr_line' id='line_1_2' title="bbox 343 482 1708 561; baseline 0.004 -20"><span class='ocrx_word' id='word_1_2' title='bbox 343 482 588 542; x_wconf 75' lang='grc' dir='ltr'>ἀπέλαϐε</span> <span class='ocrx_word' id='word_1_3' title='bbox 656 487 750 542; x_wconf 87' lang='grc' dir='ltr'>τὸν</span> <span class='ocrx_word' id='word_1_4' title='bbox 806 487 994 561; x_wconf 81' lang='grc' dir='ltr'>θρόνον</span> <span class='ocrx_word' id='word_1_5' title='bbox 1072 488 1708 552; x_wconf 79' lang='grc' dir='ltr'>Κωνσταντινουπόλεως.</span> 
     </span>
    </p>
   </div>
   <div class='ocr_carea' id='block_1_3' title="bbox 337 575 2002 653">
    <p class='ocr_par' dir='ltr' id='par_1_3' title="bbox 337 575 2002 653">
     <span class='ocr_line' id='line_1_3' title="bbox 337 575 2002 653; baseline 0.001 -23"><span class='ocrx_word' id='word_1_6' title='bbox 337 575 598 650; x_wconf 74' lang='grc' dir='ltr'>βασιλεὺς</span> <span class='ocrx_word' id='word_1_7' title='bbox 631 577 932 646; x_wconf 72' lang='grc' dir='ltr'>ἀσθενήσας</span> <span class='ocrx_word' id='word_1_8' title='bbox 973 577 1065 632; x_wconf 85' lang='grc' dir='ltr'>καὶ</span> <span class='ocrx_word' id='word_1_9' title='bbox 1148 578 1342 652; x_wconf 84' lang='grc' dir='ltr'>μικρὸν</span> <span class='ocrx_word' id='word_1_10' title='bbox 1397 577 1604 643; x_wconf 79' lang='grc' dir='ltr'>ἀνεθεὶς</span> <span class='ocrx_word' id='word_1_11' title='bbox 1662 575 2002 653; x_wconf 85' lang='grc' dir='ltr'>προσεκαλέ-</span> 
     </span>
    </p>
   </div>
   <div class='ocr_carea' id='block_1_4' title="bbox 333 665 2002 741">
    <p class='ocr_par' dir='ltr' id='par_1_4' title="bbox 333 665 2002 741">
     <span class='ocr_line' id='line_1_4' title="bbox 333 665 2002 741; baseline 0.001 -22"><span class='ocrx_word' id='word_1_12' title='bbox 333 686 464 720; x_wconf 90' lang='grc' dir='ltr'>σατο</span> <span class='ocrx_word' id='word_1_13' title='bbox 495 666 592 720; x_wconf 89' lang='grc' dir='ltr'>τόν</span> <span class='ocrx_word' id='word_1_14' title='bbox 624 686 684 720; x_wconf 92' lang='grc' dir='ltr'>τε</span> <span class='ocrx_word' id='word_1_15' title='bbox 743 665 1006 740; x_wconf 79' lang='grc' dir='ltr'>ἀρχιερέα</span> <span class='ocrx_word' id='word_1_16' title='bbox 1051 666 1141 720; x_wconf 82' lang='grc' dir='ltr'>καὶ</span> <span class='ocrx_word' id='word_1_17' title='bbox 1194 667 1292 736; x_wconf 72' lang='grc' dir='ltr'>τὴν</span> <span class='ocrx_word' id='word_1_18' title='bbox 1349 667 1654 741; x_wconf 79' lang='grc' dir='ltr'>σύγκλητον</span> <span class='ocrx_word' id='word_1_19' title='bbox 1719 669 1804 723; x_wconf 85' lang='grc' dir='ltr'>καὶ</span> <span class='ocrx_word' id='word_1_20' title='bbox 1868 667 2002 721; x_wconf 83' lang='grc' dir='ltr'>πάν-</span> 
     </span>
    </p>
   </div>
   <div class='ocr_carea' id='block_1_5' title="bbox 332 751 2005 844">
    <p class='ocr_par' dir='ltr' id='par_1_5' title="bbox 332 751 2005 844">
     <span class='ocr_line' id='line_1_5' title="bbox 332 751 2005 844; baseline 0.001 -36"><span class='ocrx_word' id='word_1_21' title='bbox 332 775 449 824; x_wconf 90' lang='grc' dir='ltr'>τας,</span> <span class='ocrx_word' id='word_1_22' title='bbox 520 755 612 809; x_wconf 86' lang='grc' dir='ltr'>καὶ</span> <span class='ocrx_word' id='word_1_23' title='bbox 670 753 892 829; x_wconf 87' lang='grc' dir='ltr'>ἀγαγὼν</span> <span class='ocrx_word' id='word_1_24' title='bbox 945 756 1036 810; x_wconf 87' lang='grc' dir='ltr'>τὸν</span> <span class='ocrx_word' id='word_1_25' title='bbox 1097 757 1337 828; x_wconf 83' lang='grc' dir='ltr'>Καίσαρα</span> <span class='ocrx_word' id='word_1_26' title='bbox 1395 751 1648 833; x_wconf 83' lang='grc' dir='ltr'>Τιϐέριον</span> <span class='ocrx_word' id='word_1_27' title='bbox 1736 755 2005 844; x_wconf 72' lang='grc' dir='ltr'>’παρουσίᾳ</span> 
     </span>
    </p>
   </div>
   <div class='ocr_carea' id='block_1_6' title="bbox 338 839 1996 921">
    <p class='ocr_par' dir='ltr' id='par_1_6' title="bbox 338 839 1996 921">
     <span class='ocr_line' id='line_1_6' title="bbox 338 839 1996 921; baseline 0.001 -22"><span class='ocrx_word' id='word_1_28' title='bbox 338 847 552 899; x_wconf 77' lang='grc' dir='ltr'>πάντων</span> <span class='ocrx_word' id='word_1_29' title='bbox 589 839 930 918; x_wconf 88' lang='grc' dir='ltr'>προεϐάλετο</span> <span class='ocrx_word' id='word_1_30' title='bbox 989 844 1153 900; x_wconf 83' lang='grc' dir='ltr'>αὐτὸν</span> <span class='ocrx_word' id='word_1_31' title='bbox 1216 845 1462 921; x_wconf 85' lang='grc' dir='ltr'>βασιλέα,</span> <span class='ocrx_word' id='word_1_32' title='bbox 1525 846 1712 901; x_wconf 74' lang='grc' dir='ltr'>εἰπών’</span> <span class='ocrx_word' id='word_1_33' title='bbox 1748 847 1809 902; x_wconf 77' lang='grc' dir='ltr'><strong>Ὀ</strong></span> <span class='ocrx_word' id='word_1_34' title='bbox 1867 839 1996 910; x_wconf 76' lang='grc' dir='ltr'>Θεὸς</span> 
     </span>
    </p>
   </div>
   <div class='ocr_carea' id='block_1_7' title="bbox 345 931 2001 1013">
    <p class='ocr_par' dir='ltr' id='par_1_7' title="bbox 345 931 2001 1013">
     <span class='ocr_line' id='line_1_7' title="bbox 345 931 2001 1013; baseline 0.002 -25"><span class='ocrx_word' id='word_1_35' title='bbox 345 932 546 1009; x_wconf 81' lang='grc' dir='ltr'>ἀγαθόν</span> <span class='ocrx_word' id='word_1_36' title='bbox 579 954 638 987; x_wconf 87' lang='grc' dir='ltr'>σε</span> <span class='ocrx_word' id='word_1_37' title='bbox 690 934 930 1004; x_wconf 80' lang='grc' dir='ltr'>ποιήσας</span> <span class='ocrx_word' id='word_1_38' title='bbox 984 931 1168 1005; x_wconf 73' lang='grc' dir='ltr'>αὒτὸς,</span> <span class='ocrx_word' id='word_1_39' title='bbox 1230 935 1331 990; x_wconf 82' lang='grc' dir='ltr'>οὐκ</span> <span class='ocrx_word' id='word_1_40' title='bbox 1381 933 1506 1010; x_wconf 85' lang='grc' dir='ltr'>ἐγὼ,</span> <span class='ocrx_word' id='word_1_41' title='bbox 1566 936 1630 990; x_wconf 89' lang='grc' dir='ltr'>τὸ</span> <span class='ocrx_word' id='word_1_42' title='bbox 1676 941 1872 1013; x_wconf 79' lang='grc' dir='ltr'>σχῆμα</span> <span class='ocrx_word' id='word_1_43' title='bbox 1902 942 2001 1006; x_wconf 81' lang='grc' dir='ltr'>τῆς</span> 
     </span>
    </p>
   </div>
   <div class='ocr_carea' id='block_1_8' title="bbox 347 1021 2002 1101">
    <p class='ocr_par' dir='ltr' id='par_1_8' title="bbox 347 1021 2002 1101">
     <span class='ocr_line' id='line_1_8' title="bbox 347 1021 2002 1101; baseline 0.001 -23"><span class='ocrx_word' id='word_1_44' title='bbox 347 1021 632 1098; x_wconf 77' lang='grc' dir='ltr'>βασιλείας</span> <span class='ocrx_word' id='word_1_45' title='bbox 685 1044 769 1078; x_wconf 90' lang='grc' dir='ltr'>σοι</span> <span class='ocrx_word' id='word_1_46' title='bbox 829 1021 1045 1083; x_wconf 83' lang='grc' dir='ltr'>δίδωσι.</span> <span class='ocrx_word' id='word_1_47' title='bbox 1106 1027 1356 1098; x_wconf 88' lang='grc' dir='ltr'>Τιμησον</span> <span class='ocrx_word' id='word_1_48' title='bbox 1397 1025 1552 1095; x_wconf 81' lang='grc' dir='ltr'>αὐτὸ,</span> <span class='ocrx_word' id='word_1_49' title='bbox 1618 1025 1708 1081; x_wconf 82' lang='grc' dir='ltr'>ἳνα</span> <span class='ocrx_word' id='word_1_50' title='bbox 1761 1029 2002 1101; x_wconf 77' lang='grc' dir='ltr'>τιμηθῇς</span> 
     </span>
    </p>
   </div>
   <div class='ocr_carea' id='block_1_9' title="bbox 344 1111 2001 1194">
    <p class='ocr_par' dir='ltr' id='par_1_9' title="bbox 344 1111 2001 1194">
     <span class='ocr_line' id='line_1_9' title="bbox 344 1111 2001 1194; baseline 0.002 -27"><span class='ocrx_word' id='word_1_51' title='bbox 344 1113 435 1167; x_wconf 82' lang='grc' dir='ltr'>ὑπ’</span> <span class='ocrx_word' id='word_1_52' title='bbox 469 1113 663 1172; x_wconf 80' lang='grc' dir='ltr'>αὐτοῦ.</span> <span class='ocrx_word' id='word_1_53' title='bbox 703 1113 794 1182; x_wconf 63' lang='lat' dir='ltr'>Mi]</span> <span class='ocrx_word' id='word_1_54' title='bbox 827 1111 1127 1188; x_wconf 81' lang='grc' dir='ltr'>ἐπιχαίρῃς</span> <span class='ocrx_word' id='word_1_55' title='bbox 1159 1113 1372 1188; x_wconf 71' lang='grc' dir='ltr'>αἵμασι,</span> <span class='ocrx_word' id='word_1_56' title='bbox 1409 1117 1486 1189; x_wconf 76' lang='grc' dir='ltr'>μή</span> <span class='ocrx_word' id='word_1_57' title='bbox 1520 1117 1772 1170; x_wconf 85' lang='grc' dir='ltr'>κοινώνει</span> <span class='ocrx_word' id='word_1_58' title='bbox 1795 1116 2001 1194; x_wconf 79' lang='grc' dir='ltr'>φόνοις.</span> 
     </span>
    </p>
   </div>
   <div class='ocr_carea' id='block_1_10' title="bbox 340 1202 2003 1280">
    <p class='ocr_par' dir='ltr' id='par_1_10' title="bbox 340 1202 2003 1280">
     <span class='ocr_line' id='line_1_10' title="bbox 340 1202 2003 1280; baseline 0.001 -22"><span class='ocrx_word' id='word_1_59' title='bbox 340 1203 432 1271; x_wconf 76' lang='grc' dir='ltr'>Μὴ</span> <span class='ocrx_word' id='word_1_60' title='bbox 492 1203 654 1258; x_wconf 80' lang='grc' dir='ltr'>κακὸν</span> <span class='ocrx_word' id='word_1_61' title='bbox 713 1202 830 1258; x_wconf 82' lang='grc' dir='ltr'>ἀντὶ</span> <span class='ocrx_word' id='word_1_62' title='bbox 891 1207 1064 1258; x_wconf 79' lang='grc' dir='ltr'>κακοῦ</span> <span class='ocrx_word' id='word_1_63' title='bbox 1120 1202 1439 1280; x_wconf 82' lang='grc' dir='ltr'>ἀποδώσῃς.</span> <span class='ocrx_word' id='word_1_64' title='bbox 1497 1207 1592 1276; x_wconf 82' lang='grc' dir='ltr'>Μή</span> <span class='ocrx_word' id='word_1_65' title='bbox 1630 1209 1832 1280; x_wconf 82' lang='grc' dir='ltr'>μηνιῇς</span> <span class='ocrx_word' id='word_1_66' title='bbox 1871 1205 2003 1278; x_wconf 82' lang='grc' dir='ltr'>τινί,</span> 
     </span>
    </p>
   </div>
   <div class='ocr_carea' id='block_1_11' title="bbox 342 1289 2003 1374">
    <p class='ocr_par' dir='ltr' id='par_1_11' title="bbox 342 1289 2003 1374">
     <span class='ocr_line' id='line_1_11' title="bbox 342 1289 2003 1374; baseline 0.002 -29"><span class='ocrx_word' id='word_1_67' title='bbox 342 1292 420 1354; x_wconf 84' lang='grc' dir='ltr'>ὡς</span> <span class='ocrx_word' id='word_1_68' title='bbox 467 1292 641 1368; x_wconf 85' lang='grc' dir='ltr'>κάγώ·</span> <span class='ocrx_word' id='word_1_69' title='bbox 703 1292 858 1371; x_wconf 81' lang='grc' dir='ltr'>κάγὼ</span> <span class='ocrx_word' id='word_1_70' title='bbox 925 1292 1032 1370; x_wconf 80' lang='grc' dir='ltr'>γὰρ</span> <span class='ocrx_word' id='word_1_71' title='bbox 1092 1299 1303 1366; x_wconf 85' lang='grc' dir='ltr'>μηνιῶν</span> <span class='ocrx_word' id='word_1_72' title='bbox 1338 1289 1585 1367; x_wconf 78' lang='grc' dir='ltr'>ἕπταισα,</span> <span class='ocrx_word' id='word_1_73' title='bbox 1643 1294 1732 1350; x_wconf 83' lang='grc' dir='ltr'>καὶ</span> <span class='ocrx_word' id='word_1_74' title='bbox 1778 1294 2003 1374; x_wconf 75' lang='grc' dir='ltr'>σφαλεὶς</span> 
     </span>
    </p>
   </div>
   <div class='ocr_carea' id='block_1_12' title="bbox 341 1378 2002 1460">
    <p class='ocr_par' dir='ltr' id='par_1_12' title="bbox 341 1378 2002 1460">
     <span class='ocr_line' id='line_1_12' title="bbox 341 1378 2002 1460; baseline 0.002 -24"><span class='ocrx_word' id='word_1_75' title='bbox 341 1378 621 1438; x_wconf 83' lang='grc' dir='ltr'>ἀπέλαϐον</span> <span class='ocrx_word' id='word_1_76' title='bbox 649 1383 787 1438; x_wconf 84' lang='grc' dir='ltr'>κατᾶ</span> <span class='ocrx_word' id='word_1_77' title='bbox 814 1382 909 1445; x_wconf 81' lang='grc' dir='ltr'>τὰς</span> <span class='ocrx_word' id='word_1_78' title='bbox 942 1383 1175 1457; x_wconf 82' lang='grc' dir='ltr'>ἀνομίας</span> <span class='ocrx_word' id='word_1_79' title='bbox 1221 1402 1348 1458; x_wconf 85' lang='grc' dir='ltr'>μου⁶</span> <span class='ocrx_word' id='word_1_80' title='bbox 1410 1385 1556 1441; x_wconf 66' lang='grc' dir='ltr'>ἀλλὰ</span> <span class='ocrx_word' id='word_1_81' title='bbox 1616 1383 1910 1460; x_wconf 81' lang='grc' dir='ltr'>δικάσομαι</span> <span class='ocrx_word' id='word_1_82' title='bbox 1950 1383 2002 1440; x_wconf 85' lang='grc' dir='ltr'>ἐν</span> 
     </span>
    </p>
   </div>
   <div class='ocr_carea' id='block_1_13' title="bbox 339 1467 2006 1549">
    <p class='ocr_par' dir='ltr' id='par_1_13' title="bbox 339 1467 2006 1549">
     <span class='ocr_line' id='line_1_13' title="bbox 339 1467 2006 1549; baseline 0.006 -23"><span class='ocrx_word' id='word_1_83' title='bbox 339 1475 423 1543; x_wconf 82' lang='grc' dir='ltr'>τῷ</span> <span class='ocrx_word' id='word_1_84' title='bbox 453 1476 571 1544; x_wconf 83' lang='grc' dir='ltr'>Θεῷ</span> <span class='ocrx_word' id='word_1_85' title='bbox 600 1477 718 1533; x_wconf 86' lang='grc' dir='ltr'>τοῖς</span> <span class='ocrx_word' id='word_1_86' title='bbox 776 1467 1157 1528; x_wconf 80' lang='grc' dir='ltr'>ὒποϐἀλλουσί</span> <span class='ocrx_word' id='word_1_87' title='bbox 1221 1495 1315 1547; x_wconf 90' lang='grc' dir='ltr'>μοι</span> <span class='ocrx_word' id='word_1_88' title='bbox 1367 1481 1556 1534; x_wconf 77' lang='grc' dir='ltr'>ταῦτα.</span> <span class='ocrx_word' id='word_1_89' title='bbox 1615 1477 1709 1546; x_wconf 55' lang='lat' dir='ltr'>Mi,</span> <span class='ocrx_word' id='word_1_90' title='bbox 1766 1475 2006 1549; x_wconf 80' lang='grc' dir='ltr'>ἐπαρθῇς</span> 
     </span>
    </p>
   </div>
   <div class='ocr_carea' id='block_1_14' title="bbox 339 1559 2004 1643">
    <p class='ocr_par' dir='ltr' id='par_1_14' title="bbox 339 1559 2004 1643">
     <span class='ocr_line' id='line_1_14' title="bbox 339 1559 2004 1643; baseline 0.002 -28"><span class='ocrx_word' id='word_1_91' title='bbox 339 1559 429 1615; x_wconf 73' lang='grc' dir='ltr'>ἐπὶ</span> <span class='ocrx_word' id='word_1_92' title='bbox 457 1565 592 1635; x_wconf 79' lang='grc' dir='ltr'>τιμῇ</span> <span class='ocrx_word' id='word_1_93' title='bbox 614 1568 681 1630; x_wconf 79' lang='grc' dir='ltr'>τῆ</span> <span class='ocrx_word' id='word_1_94' title='bbox 707 1585 731 1626; x_wconf 88' lang='grc' dir='ltr'>ς</span> <span class='ocrx_word' id='word_1_95' title='bbox 774 1560 1052 1636; x_wconf 79' lang='grc' dir='ltr'>βασιλείας</span> <span class='ocrx_word' id='word_1_96' title='bbox 1087 1585 1202 1620; x_wconf 88' lang='grc' dir='ltr'>σου.</span> <span class='ocrx_word' id='word_1_97' title='bbox 1249 1565 1439 1626; x_wconf 80' lang='grc' dir='ltr'>Οὖτως</span> <span class='ocrx_word' id='word_1_98' title='bbox 1493 1563 1590 1643; x_wconf 79' lang='grc' dir='ltr'>ἔχε</span> <span class='ocrx_word' id='word_1_99' title='bbox 1645 1564 1770 1627; x_wconf 85' lang='grc' dir='ltr'>τοὺς</span> <span class='ocrx_word' id='word_1_100' title='bbox 1801 1565 2004 1626; x_wconf 85' lang='grc' dir='ltr'>πάντας</span> 
     </span>
    </p>
   </div>
   <div class='ocr_carea' id='block_1_15' title="bbox 341 1650 2002 1728">
    <p class='ocr_par' dir='ltr' id='par_1_15' title="bbox 341 1650 2002 1728">
     <span class='ocr_line' id='line_1_15' title="bbox 341 1650 2002 1728; baseline 0.002 -24"><span class='ocrx_word' id='word_1_101' title='bbox 341 1651 417 1712; x_wconf 85' lang='grc' dir='ltr'>ὡς</span> <span class='ocrx_word' id='word_1_102' title='bbox 448 1650 654 1707; x_wconf 72' lang='grc' dir='ltr'>ἑαυτόν.</span> <span class='ocrx_word' id='word_1_103' title='bbox 683 1655 854 1706; x_wconf 80' lang='grc' dir='ltr'>Γνῶθι</span> <span class='ocrx_word' id='word_1_104' title='bbox 882 1652 967 1714; x_wconf 88' lang='grc' dir='ltr'>τίς</span> <span class='ocrx_word' id='word_1_105' title='bbox 1007 1655 1076 1721; x_wconf 74' lang='grc' dir='ltr'>ἧς</span> <span class='ocrx_word' id='word_1_106' title='bbox 1115 1651 1206 1708; x_wconf 80' lang='grc' dir='ltr'>καὶ</span> <span class='ocrx_word' id='word_1_107' title='bbox 1262 1653 1346 1717; x_wconf 92' lang='grc' dir='ltr'>τίς</span> <span class='ocrx_word' id='word_1_108' title='bbox 1406 1654 1458 1710; x_wconf 81' lang='grc' dir='ltr'>εἶ</span> <span class='ocrx_word' id='word_1_109' title='bbox 1512 1659 1626 1711; x_wconf 79' lang='grc' dir='ltr'>νῦν.</span> <span class='ocrx_word' id='word_1_110' title='bbox 1664 1655 1763 1722; x_wconf 77' lang='grc' dir='ltr'><strong>Μὴ</strong></span> <span class='ocrx_word' id='word_1_111' title='bbox 1803 1655 2002 1728; x_wconf 75' lang='grc' dir='ltr'>ὓπερη-</span> 
     </span>
    </p>
   </div>
   <div class='ocr_carea' id='block_1_16' title="bbox 346 1740 2004 1818">
    <p class='ocr_par' dir='ltr' id='par_1_16' title="bbox 346 1740 2004 1818">
     <span class='ocr_line' id='line_1_16' title="bbox 346 1740 2004 1818; baseline 0.001 -25"><span class='ocrx_word' id='word_1_112' title='bbox 346 1760 514 1818; x_wconf 70' lang='grc' dir='ltr'>φανος</span> <span class='ocrx_word' id='word_1_113' title='bbox 545 1741 608 1811; x_wconf 77' lang='grc' dir='ltr'>ᾗς</span> <span class='ocrx_word' id='word_1_114' title='bbox 637 1745 755 1802; x_wconf 83' lang='grc' dir='ltr'>τοῖς</span> <span class='ocrx_word' id='word_1_115' title='bbox 789 1741 1126 1818; x_wconf 78' lang='grc' dir='ltr'>ὁμοφύλοις,</span> <span class='ocrx_word' id='word_1_116' title='bbox 1157 1743 1246 1796; x_wconf 85' lang='grc' dir='ltr'>καὶ</span> <span class='ocrx_word' id='word_1_117' title='bbox 1280 1742 1388 1818; x_wconf 81' lang='grc' dir='ltr'>οὐχ</span> <span class='ocrx_word' id='word_1_118' title='bbox 1418 1743 1690 1817; x_wconf 75' lang='grc' dir='ltr'>ἁμάρτῃς.</span> <span class='ocrx_word' id='word_1_119' title='bbox 1724 1740 1890 1804; x_wconf 81' lang='grc' dir='ltr'>Οἶδας</span> <span class='ocrx_word' id='word_1_120' title='bbox 1921 1742 2004 1802; x_wconf 88' lang='grc' dir='ltr'>τίς</span> 
     </span>
    </p>
   </div>
   <div class='ocr_carea' id='block_1_17' title="bbox 342 1825 2080 1930">
    <p class='ocr_par' dir='ltr' id='par_1_17' title="bbox 342 1825 2080 1930">
     <span class='ocr_line' id='line_1_17' title="bbox 342 1825 2080 1930; baseline 0.002 -49"><span class='ocrx_word' id='word_1_121' title='bbox 342 1825 496 1900; x_wconf 77' lang='grc' dir='ltr'>ἥμην</span> <span class='ocrx_word' id='word_1_122' title='bbox 527 1828 618 1882; x_wconf 86' lang='grc' dir='ltr'>καὶ</span> <span class='ocrx_word' id='word_1_123' title='bbox 667 1829 746 1892; x_wconf 88' lang='grc' dir='ltr'>τίς</span> <span class='ocrx_word' id='word_1_124' title='bbox 793 1827 906 1901; x_wconf 83' lang='grc' dir='ltr'>εἶμι</span> <span class='ocrx_word' id='word_1_125' title='bbox 964 1835 1074 1898; x_wconf 81' lang='grc' dir='ltr'>νῦν,</span> <span class='ocrx_word' id='word_1_126' title='bbox 1133 1831 1225 1886; x_wconf 87' lang='grc' dir='ltr'>τὸν</span> <span class='ocrx_word' id='word_1_127' title='bbox 1283 1833 1510 1896; x_wconf 87' lang='grc' dir='ltr'>θάνατον</span> <span class='ocrx_word' id='word_1_128' title='bbox 1573 1831 1626 1886; x_wconf 77' lang='grc' dir='ltr'>ἐν</span> <span class='ocrx_word' id='word_1_129' title='bbox 1687 1831 2000 1904; x_wconf 73' lang='grc' dir='ltr'>ὀφθαλμοῖς</span> <span class='ocrx_word' id='word_1_130' title='bbox 2033 1865 2080 1930; x_wconf 81' lang='grc' dir='ltr'><strong>Β</strong></span> 
     </span>
    </p>
   </div>
   <div class='ocr_carea' id='block_1_18' title="bbox 343 1917 2002 1994">
    <p class='ocr_par' dir='ltr' id='par_1_18' title="bbox 343 1917 2002 1994">
     <span class='ocr_line' id='line_1_18' title="bbox 343 1917 2002 1994; baseline 0.001 -23"><span class='ocrx_word' id='word_1_131' title='bbox 343 1918 510 1992; x_wconf 82' lang='grc' dir='ltr'>ὁρῶν.</span> <span class='ocrx_word' id='word_1_132' title='bbox 557 1918 755 1978; x_wconf 83' lang='grc' dir='ltr'>Πάντες</span> <span class='ocrx_word' id='word_1_133' title='bbox 788 1917 940 1974; x_wconf 77' lang='grc' dir='ltr'>οὗτοι</span> <span class='ocrx_word' id='word_1_134' title='bbox 990 1919 1042 1973; x_wconf 76' lang='grc' dir='ltr'>οἱ</span> <span class='ocrx_word' id='word_1_135' title='bbox 1105 1921 1502 1994; x_wconf 83' lang='grc' dir='ltr'>παριστάμενοι</span> <span class='ocrx_word' id='word_1_136' title='bbox 1558 1917 1749 1976; x_wconf 81' lang='grc' dir='ltr'>δοῦλοί</span> <span class='ocrx_word' id='word_1_137' title='bbox 1779 1919 1880 1975; x_wconf 80' lang='grc' dir='ltr'>εἶσι</span> <span class='ocrx_word' id='word_1_138' title='bbox 1911 1919 2002 1974; x_wconf 84' lang='grc' dir='ltr'>καὶ</span> 
     </span>
    </p>
   </div>
   <div class='ocr_carea' id='block_1_19' title="bbox 340 2005 2003 2084">
    <p class='ocr_par' dir='ltr' id='par_1_19' title="bbox 340 2005 2003 2084">
     <span class='ocr_line' id='line_1_19' title="bbox 340 2005 2003 2084; baseline 0.001 -24"><span class='ocrx_word' id='word_1_139' title='bbox 340 2005 503 2061; x_wconf 80' lang='grc' dir='ltr'>τέκνα</span> <span class='ocrx_word' id='word_1_140' title='bbox 561 2028 677 2063; x_wconf 88' lang='grc' dir='ltr'>σου.</span> <span class='ocrx_word' id='word_1_141' title='bbox 748 2010 840 2079; x_wconf 83' lang='grc' dir='ltr'>Τῷ</span> <span class='ocrx_word' id='word_1_142' title='bbox 895 2012 1108 2083; x_wconf 84' lang='grc' dir='ltr'>στρατῷ</span> <span class='ocrx_word' id='word_1_143' title='bbox 1166 2010 1428 2083; x_wconf 85' lang='grc' dir='ltr'>πρόσεχε.</span> <span class='ocrx_word' id='word_1_144' title='bbox 1517 2006 1846 2084; x_wconf 85' lang='grc' dir='ltr'>Ἀνάνδρους</span> <span class='ocrx_word' id='word_1_145' title='bbox 1911 2005 2003 2063; x_wconf 84' lang='grc' dir='ltr'>καὶ</span> 
     </span>
    </p>
   </div>
   <div class='ocr_carea' id='block_1_20' title="bbox 344 2095 2001 2172">
    <p class='ocr_par' dir='ltr' id='par_1_20' title="bbox 344 2095 2001 2172">
     <span class='ocr_line' id='line_1_20' title="bbox 344 2095 2001 2172; baseline 0 -22"><span class='ocrx_word' id='word_1_146' title='bbox 344 2095 632 2158; x_wconf 71' lang='grc' dir='ltr'>ἀσυνέτους</span> <span class='ocrx_word' id='word_1_147' title='bbox 693 2097 770 2170; x_wconf 82' lang='grc' dir='ltr'>μή</span> <span class='ocrx_word' id='word_1_148' title='bbox 833 2097 1211 2172; x_wconf 82' lang='grc' dir='ltr'>προχειρίζου.</span> <span class='ocrx_word' id='word_1_149' title='bbox 1266 2099 1359 2168; x_wconf 79' lang='grc' dir='ltr'>Μή</span> <span class='ocrx_word' id='word_1_150' title='bbox 1413 2119 1470 2152; x_wconf 91' lang='grc' dir='ltr'>σε</span> <span class='ocrx_word' id='word_1_151' title='bbox 1523 2098 1860 2152; x_wconf 87' lang='grc' dir='ltr'>πεισάτωσαν</span> <span class='ocrx_word' id='word_1_152' title='bbox 1917 2097 2001 2153; x_wconf 77' lang='grc' dir='ltr'>ὅτι</span> 
     </span>
    </p>
   </div>
   <div class='ocr_carea' id='block_1_21' title="bbox 343 2184 2002 2264">
    <p class='ocr_par' dir='ltr' id='par_1_21' title="bbox 343 2184 2002 2264">
     <span class='ocr_line' id='line_1_21' title="bbox 343 2184 2002 2264; baseline 0.001 -24"><span class='ocrx_word' id='word_1_153' title='bbox 343 2185 434 2240; x_wconf 82' lang='grc' dir='ltr'>καὶ</span> <span class='ocrx_word' id='word_1_154' title='bbox 468 2186 520 2239; x_wconf 77' lang='grc' dir='ltr'>οἱ</span> <span class='ocrx_word' id='word_1_155' title='bbox 551 2187 658 2260; x_wconf 83' lang='grc' dir='ltr'>πρὸ</span> <span class='ocrx_word' id='word_1_156' title='bbox 704 2190 802 2243; x_wconf 81' lang='grc' dir='ltr'>σοῦ</span> <span class='ocrx_word' id='word_1_157' title='bbox 860 2187 1036 2250; x_wconf 76' lang='grc' dir='ltr'>οὕτως</span> <span class='ocrx_word' id='word_1_158' title='bbox 1095 2184 1418 2262; x_wconf 83' lang='grc' dir='ltr'>διεγένοντο.</span> <span class='ocrx_word' id='word_1_159' title='bbox 1475 2191 1656 2244; x_wconf 78' lang='grc' dir='ltr'>Ταῦτα</span> <span class='ocrx_word' id='word_1_160' title='bbox 1711 2189 2002 2264; x_wconf 88' lang='grc' dir='ltr'>παρεγγυῶ</span> 
     </span>
    </p>
   </div>
   <div class='ocr_carea' id='block_1_22' title="bbox 346 2268 1999 2352">
    <p class='ocr_par' dir='ltr' id='par_1_22' title="bbox 346 2268 1999 2352">
     <span class='ocr_line' id='line_1_22' title="bbox 346 2268 1999 2352; baseline 0.001 -26"><span class='ocrx_word' id='word_1_161' title='bbox 346 2293 430 2326; x_wconf 94' lang='grc' dir='ltr'>σοι</span> <span class='ocrx_word' id='word_1_162' title='bbox 463 2273 553 2328; x_wconf 85' lang='grc' dir='ltr'>καὶ</span> <span class='ocrx_word' id='word_1_163' title='bbox 584 2278 829 2349; x_wconf 78' lang='grc' dir='ltr'>παραινῶ</span> <span class='ocrx_word' id='word_1_164' title='bbox 861 2275 948 2352; x_wconf 78' lang='grc' dir='ltr'>ἀφ’</span> <span class='ocrx_word' id='word_1_165' title='bbox 1012 2275 1086 2329; x_wconf 82' lang='grc' dir='ltr'>ὧν</span> <span class='ocrx_word' id='word_1_166' title='bbox 1117 2268 1332 2338; x_wconf 76' lang='grc' dir='ltr'>ἔπαθον.</span> <span class='ocrx_word' id='word_1_167' title='bbox 1397 2275 1714 2350; x_wconf 81' lang='grc' dir='ltr'>Περιουσίας</span> <span class='ocrx_word' id='word_1_168' title='bbox 1757 2277 1810 2330; x_wconf 77' lang='grc' dir='ltr'>οἱ</span> <span class='ocrx_word' id='word_1_169' title='bbox 1841 2272 1999 2351; x_wconf 79' lang='grc' dir='ltr'>ἔχονο</span> 
     </span>
    </p>
   </div>
   <div class='ocr_carea' id='block_1_23' title="bbox 341 2358 2001 2440">
    <p class='ocr_par' dir='ltr' id='par_1_23' title="bbox 341 2358 2001 2440">
     <span class='ocr_line' id='line_1_23' title="bbox 341 2358 2001 2440; baseline 0.001 -24"><span class='ocrx_word' id='word_1_170' title='bbox 341 2383 431 2425; x_wconf 86' lang='grc' dir='ltr'>τες</span> <span class='ocrx_word' id='word_1_171' title='bbox 463 2361 884 2418; x_wconf 70' lang='grc' dir='ltr'>ἀπολαυέτωσαν</span> <span class='ocrx_word' id='word_1_172' title='bbox 940 2362 1120 2419; x_wconf 87' lang='grc' dir='ltr'>αύτῶν</span> <span class='ocrx_word' id='word_1_173' title='bbox 1179 2363 1494 2440; x_wconf 80' lang='grc' dir='ltr'>χρησίμως.</span> <span class='ocrx_word' id='word_1_174' title='bbox 1545 2370 1670 2427; x_wconf 87' lang='grc' dir='ltr'>Τοῖς</span> <span class='ocrx_word' id='word_1_175' title='bbox 1706 2365 1782 2438; x_wconf 81' lang='grc' dir='ltr'>μή</span> <span class='ocrx_word' id='word_1_176' title='bbox 1812 2358 2001 2440; x_wconf 79' lang='grc' dir='ltr'>ἔχουσί</span> 
     </span>
    </p>
   </div>
   <div class='ocr_carea' id='block_1_24' title="bbox 346 2448 2000 2528">
    <p class='ocr_par' dir='ltr' id='par_1_24' title="bbox 346 2448 2000 2528">
     <span class='ocr_line' id='line_1_24' title="bbox 346 2448 2000 2528; baseline -0.001 -22"><span class='ocrx_word' id='word_1_177' title='bbox 346 2471 404 2506; x_wconf 75' lang='grc' dir='ltr'>σε</span> <span class='ocrx_word' id='word_1_178' title='bbox 460 2451 824 2528; x_wconf 86' lang='grc' dir='ltr'>προετίμησα.</span> <span class='ocrx_word' id='word_1_179' title='bbox 910 2453 1025 2522; x_wconf 70' lang='grc' dir='ltr'>Τὴν</span> <span class='ocrx_word' id='word_1_180' title='bbox 1093 2453 1300 2528; x_wconf 86' lang='grc' dir='ltr'>μητέρα</span> <span class='ocrx_word' id='word_1_181' title='bbox 1376 2474 1494 2524; x_wconf 88' lang='grc' dir='ltr'>σου,</span> <span class='ocrx_word' id='word_1_182' title='bbox 1563 2455 1662 2524; x_wconf 77' lang='grc' dir='ltr'>τήν</span> <span class='ocrx_word' id='word_1_183' title='bbox 1720 2448 1852 2507; x_wconf 80' lang='grc' dir='ltr'>ποτέ</span> <span class='ocrx_word' id='word_1_184' title='bbox 1904 2473 2000 2506; x_wconf 85' lang='grc' dir='ltr'>σου</span> 
     </span>
    </p>
   </div>
   <div class='ocr_carea' id='block_1_25' title="bbox 349 2538 1997 2619">
    <p class='ocr_par' dir='ltr' id='par_1_25' title="bbox 349 2538 1997 2619">
     <span class='ocr_line' id='line_1_25' title="bbox 349 2538 1997 2619; baseline 0 -24"><span class='ocrx_word' id='word_1_185' title='bbox 349 2538 634 2596; x_wconf 71' lang='grc' dir='ltr'>δέσποιναν</span> <span class='ocrx_word' id='word_1_186' title='bbox 694 2541 1016 2619; x_wconf 79' lang='grc' dir='ltr'>γενομένην,</span> <span class='ocrx_word' id='word_1_187' title='bbox 1073 2538 1233 2598; x_wconf 78' lang='grc' dir='ltr'>σέϐου</span> <span class='ocrx_word' id='word_1_188' title='bbox 1289 2542 1378 2598; x_wconf 82' lang='grc' dir='ltr'>καὶ</span> <span class='ocrx_word' id='word_1_189' title='bbox 1435 2542 1590 2617; x_wconf 86' lang='grc' dir='ltr'>τίμα·</span> <span class='ocrx_word' id='word_1_190' title='bbox 1648 2541 1847 2607; x_wconf 78' lang='grc' dir='ltr'>δοῦλος</span> <span class='ocrx_word' id='word_1_191' title='bbox 1897 2542 1997 2617; x_wconf 80' lang='grc' dir='ltr'>γὰρ</span> 
     </span>
    </p>
   </div>
   <div class='ocr_carea' id='block_1_26' title="bbox 349 2629 2002 2707">
    <p class='ocr_par' dir='ltr' id='par_1_26' title="bbox 349 2629 2002 2707">
     <span class='ocr_line' id='line_1_26' title="bbox 349 2629 2002 2707; baseline 0 -22"><span class='ocrx_word' id='word_1_192' title='bbox 349 2629 494 2697; x_wconf 70' lang='grc' dir='ltr'>ἦσθα</span> <span class='ocrx_word' id='word_1_193' title='bbox 515 2633 801 2707; x_wconf 89' lang='grc' dir='ltr'>πρότερον,</span> <span class='ocrx_word' id='word_1_194' title='bbox 833 2637 925 2686; x_wconf 77' lang='grc' dir='ltr'>νῦν</span> <span class='ocrx_word' id='word_1_195' title='bbox 960 2629 1016 2687; x_wconf 79' lang='grc' dir='ltr'>δὲ</span> <span class='ocrx_word' id='word_1_196' title='bbox 1044 2636 1206 2705; x_wconf 79' lang='grc' dir='ltr'>γενοῦ</span> <span class='ocrx_word' id='word_1_197' title='bbox 1264 2633 1380 2694; x_wconf 83' lang='grc' dir='ltr'>υἱὸς</span> <span class='ocrx_word' id='word_1_198' title='bbox 1439 2633 1628 2703; x_wconf 79' lang='grc' dir='ltr'>αὐτῆς.</span> <span class='ocrx_word' id='word_1_199' title='bbox 1689 2635 1870 2690; x_wconf 82' lang='grc' dir='ltr'>Ταῦτα</span> <span class='ocrx_word' id='word_1_200' title='bbox 1929 2630 2002 2686; x_wconf 81' lang='grc' dir='ltr'>εἰ·</span> 
     </span>
    </p>
   </div>
   <div class='ocr_carea' id='block_1_27' title="bbox 345 2720 2002 2797">
    <p class='ocr_par' dir='ltr' id='par_1_27' title="bbox 345 2720 2002 2797">
     <span class='ocr_line' id='line_1_27' title="bbox 345 2720 2002 2797; baseline 0.001 -22"><span class='ocrx_word' id='word_1_201' title='bbox 345 2721 547 2776; x_wconf 74' lang='grc' dir='ltr'>πόντος</span> <span class='ocrx_word' id='word_1_202' title='bbox 575 2725 670 2776; x_wconf 79' lang='grc' dir='ltr'>τοῦ</span> <span class='ocrx_word' id='word_1_203' title='bbox 714 2720 1008 2797; x_wconf 84' lang='grc' dir='ltr'>βασιλέως,</span> <span class='ocrx_word' id='word_1_204' title='bbox 1047 2723 1137 2778; x_wconf 81' lang='grc' dir='ltr'>καὶ</span> <span class='ocrx_word' id='word_1_205' title='bbox 1185 2727 1282 2777; x_wconf 75' lang='grc' dir='ltr'>τοῦ</span> <span class='ocrx_word' id='word_1_206' title='bbox 1340 2721 1613 2797; x_wconf 84' lang='grc' dir='ltr'>Καίσαρος</span> <span class='ocrx_word' id='word_1_207' title='bbox 1647 2722 1697 2777; x_wconf 80' lang='grc' dir='ltr'>ἐν</span> <span class='ocrx_word' id='word_1_208' title='bbox 1748 2728 1865 2784; x_wconf 86' lang='grc' dir='ltr'>τοῖς</span> <span class='ocrx_word' id='word_1_209' title='bbox 1897 2742 2002 2776; x_wconf 86' lang='grc' dir='ltr'>πο-</span> 
     </span>
    </p>
   </div>
   <div class='ocr_carea' id='block_1_28' title="bbox 347 2808 1998 2887">
    <p class='ocr_par' dir='ltr' id='par_1_28' title="bbox 347 2808 1998 2887">
     <span class='ocr_line' id='line_1_28' title="bbox 347 2808 1998 2887; baseline 0.001 -23"><span class='ocrx_word' id='word_1_210' title='bbox 347 2809 430 2864; x_wconf 83' lang='grc' dir='ltr'>σὶν</span> <span class='ocrx_word' id='word_1_211' title='bbox 462 2811 628 2866; x_wconf 76' lang='grc' dir='ltr'>αὐτοῦ</span> <span class='ocrx_word' id='word_1_212' title='bbox 659 2811 917 2874; x_wconf 87' lang='grc' dir='ltr'>πεσόντος</span> <span class='ocrx_word' id='word_1_213' title='bbox 951 2813 1088 2886; x_wconf 66' lang='lat'>(‘7),</span> <span class='ocrx_word' id='word_1_214' title='bbox 1133 2808 1236 2887; x_wconf 79' lang='grc' dir='ltr'>ἔφη</span> <span class='ocrx_word' id='word_1_215' title='bbox 1298 2813 1326 2866; x_wconf 98' lang='lat'>6</span> <span class='ocrx_word' id='word_1_216' title='bbox 1387 2811 1665 2887; x_wconf 86' lang='grc' dir='ltr'>βασιλεύς·</span> <span class='ocrx_word' id='word_1_217' title='bbox 1691 2811 1760 2868; x_wconf 79' lang='grc' dir='ltr'>Εἰ·</span> <span class='ocrx_word' id='word_1_218' title='bbox 1799 2811 1998 2884; x_wconf 75' lang='grc' dir='ltr'>θέλεις,</span> 
     </span>
    </p>
   </div>
   <div class='ocr_carea' id='block_1_29' title="bbox 344 2899 1998 2977">
    <p class='ocr_par' dir='ltr' id='par_1_29' title="bbox 344 2899 1998 2977">
     <span class='ocr_line' id='line_1_29' title="bbox 344 2899 1998 2977; baseline 0.001 -23"><span class='ocrx_word' id='word_1_219' title='bbox 344 2899 486 2972; x_wconf 75' lang='grc' dir='ltr'>εἰμὶ,</span> <span class='ocrx_word' id='word_1_220' title='bbox 519 2899 564 2954; x_wconf 76' lang='grc' dir='ltr'>εὶ</span> <span class='ocrx_word' id='word_1_221' title='bbox 597 2900 658 2955; x_wconf 85' lang='grc' dir='ltr'>ού</span> <span class='ocrx_word' id='word_1_222' title='bbox 693 2899 892 2973; x_wconf 73' lang='grc' dir='ltr'>θέλεις,</span> <span class='ocrx_word' id='word_1_223' title='bbox 925 2900 986 2956; x_wconf 81' lang='grc' dir='ltr'>οὐ</span> <span class='ocrx_word' id='word_1_224' title='bbox 1023 2906 1117 2970; x_wconf 86' lang='grc' dir='ltr'>ζῶ.</span> <span class='ocrx_word' id='word_1_225' title='bbox 1151 2902 1212 2959; x_wconf 75' lang='grc' dir='ltr'><strong>Ὀ</strong></span> <span class='ocrx_word' id='word_1_226' title='bbox 1259 2903 1387 2964; x_wconf 79' lang='grc' dir='ltr'>Θεὸς</span> <span class='ocrx_word' id='word_1_227' title='bbox 1420 2903 1448 2957; x_wconf 87' lang='lat'>6</span> <span class='ocrx_word' id='word_1_228' title='bbox 1505 2903 1596 2958; x_wconf 85' lang='grc' dir='ltr'>τὸν</span> <span class='ocrx_word' id='word_1_229' title='bbox 1625 2899 1850 2977; x_wconf 81' lang='grc' dir='ltr'>οὒρανὸν</span> <span class='ocrx_word' id='word_1_230' title='bbox 1909 2902 1998 2958; x_wconf 84' lang='grc' dir='ltr'>καὶ</span> 
     </span>
    </p>
   </div>
   <div class='ocr_carea' id='block_1_30' title="bbox 342 2987 1998 3070">
    <p class='ocr_par' dir='ltr' id='par_1_30' title="bbox 342 2987 1998 3070">
     <span class='ocr_line' id='line_1_30' title="bbox 342 2987 1998 3070; baseline 0.002 -26"><span class='ocrx_word' id='word_1_231' title='bbox 342 2990 444 3059; x_wconf 78' lang='grc' dir='ltr'>τήν</span> <span class='ocrx_word' id='word_1_232' title='bbox 476 2997 576 3066; x_wconf 85' lang='grc' dir='ltr'>γῆν</span> <span class='ocrx_word' id='word_1_233' title='bbox 610 2993 867 3062; x_wconf 72' lang='grc' dir='ltr'>ποιήσας,</span> <span class='ocrx_word' id='word_1_234' title='bbox 910 2987 1126 3066; x_wconf 77' lang='grc' dir='ltr'>ἐμϐάλῃ</span> <span class='ocrx_word' id='word_1_235' title='bbox 1184 2991 1260 3055; x_wconf 86' lang='grc' dir='ltr'>εἷς</span> <span class='ocrx_word' id='word_1_236' title='bbox 1317 2995 1416 3063; x_wconf 73' lang='grc' dir='ltr'>τὴν</span> <span class='ocrx_word' id='word_1_237' title='bbox 1475 2991 1699 3070; x_wconf 81' lang='grc' dir='ltr'>καρδίαν</span> <span class='ocrx_word' id='word_1_238' title='bbox 1756 3015 1852 3049; x_wconf 89' lang='grc' dir='ltr'>σου</span> <span class='ocrx_word' id='word_1_239' title='bbox 1908 2995 1998 3048; x_wconf 82' lang='grc' dir='ltr'>καὶ</span> 
     </span>
    </p>
   </div>
   <div class='ocr_carea' id='block_1_31' title="bbox 345 3077 2000 3156">
    <p class='ocr_par' dir='ltr' id='par_1_31' title="bbox 345 3077 2000 3156">
     <span class='ocr_line' id='line_1_31' title="bbox 345 3077 2000 3156; baseline 0.003 -23"><span class='ocrx_word' id='word_1_240' title='bbox 345 3077 514 3147; x_wconf 80' lang='grc' dir='ltr'>ἄλλα,</span> <span class='ocrx_word' id='word_1_241' title='bbox 547 3077 582 3133; x_wconf 79' lang='grc' dir='ltr'><em>ἄ</em></span> <span class='ocrx_word' id='word_1_242' title='bbox 610 3077 960 3154; x_wconf 78' lang='grc' dir='ltr'>ἐπελαθόμην</span> <span class='ocrx_word' id='word_1_243' title='bbox 1018 3081 1189 3138; x_wconf 85' lang='grc' dir='ltr'>εἰπεῖν</span> <span class='ocrx_word' id='word_1_244' title='bbox 1248 3103 1355 3142; x_wconf 90' lang='grc' dir='ltr'>σοι.</span> <span class='ocrx_word' id='word_1_245' title='bbox 1415 3085 1532 3153; x_wconf 86' lang='grc' dir='ltr'>Της</span> <span class='ocrx_word' id='word_1_246' title='bbox 1587 3083 1750 3138; x_wconf 90' lang='grc' dir='ltr'>νόσου</span> <span class='ocrx_word' id='word_1_247' title='bbox 1808 3081 1864 3137; x_wconf 76' lang='grc' dir='ltr'>δὲ</span> <span class='ocrx_word' id='word_1_248' title='bbox 1919 3105 2000 3156; x_wconf 88' lang='grc' dir='ltr'>τῳ</span> 
     </span>
    </p>
   </div>
   <div class='ocr_carea' id='block_1_32' title="bbox 349 3166 1991 3246">
    <p class='ocr_par' dir='ltr' id='par_1_32' title="bbox 349 3166 1991 3246">
     <span class='ocr_line' id='line_1_32' title="bbox 349 3166 1991 3246; baseline 0.004 -26"><span class='ocrx_word' id='word_1_249' title='bbox 349 3166 566 3242; x_wconf 81' lang='grc' dir='ltr'>βασιλεῖ</span> <span class='ocrx_word' id='word_1_250' title='bbox 598 3168 807 3243; x_wconf 83' lang='grc' dir='ltr'>βαρέως</span> <span class='ocrx_word' id='word_1_251' title='bbox 840 3169 1190 3246; x_wconf 80' lang='grc' dir='ltr'>ἐπικειμένης</span> <span class='ocrx_word' id='word_1_252' title='bbox 1227 3173 1342 3244; x_wconf 89' lang='grc' dir='ltr'>μετ’</span> <span class='ocrx_word' id='word_1_253' title='bbox 1373 3170 1436 3226; x_wconf 80' lang='grc' dir='ltr'>ού</span> <span class='ocrx_word' id='word_1_254' title='bbox 1475 3169 1621 3228; x_wconf 78' lang='grc' dir='ltr'>πολὺ</span> <span class='ocrx_word' id='word_1_255' title='bbox 1653 3169 1991 3243; x_wconf 73' lang='grc' dir='ltr'>ἐτελεύτησε.</span> 
     </span>
    </p>
   </div>
   <div class='ocr_carea' id='block_1_33' title="bbox 345 3241 2070 3334">
    <p class='ocr_par' dir='ltr' id='par_1_33' title="bbox 345 3241 2070 3334">
     <span class='ocr_line' id='line_1_33' title="bbox 345 3241 2070 3334; baseline 0.002 -22"><span class='ocrx_word' id='word_1_256' title='bbox 345 3241 450 3312; x_wconf 80' lang='grc' dir='ltr'>Καὶ</span> <span class='ocrx_word' id='word_1_257' title='bbox 481 3241 632 3327; x_wconf 82' lang='grc' dir='ltr'>ἐτέθη</span> <span class='ocrx_word' id='word_1_258' title='bbox 656 3241 720 3312; x_wconf 82' lang='grc' dir='ltr'>τὸ</span> <span class='ocrx_word' id='word_1_259' title='bbox 757 3262 913 3331; x_wconf 88' lang='grc' dir='ltr'>σῶμα</span> <span class='ocrx_word' id='word_1_260' title='bbox 943 3241 1106 3314; x_wconf 77' lang='grc' dir='ltr'>αὐτοῦ</span> <span class='ocrx_word' id='word_1_261' title='bbox 1155 3241 1320 3332; x_wconf 77' lang='grc' dir='ltr'>ἐντῷ</span> <span class='ocrx_word' id='word_1_262' title='bbox 1377 3261 1548 3334; x_wconf 82' lang='grc' dir='ltr'>ἡρῴῳ</span> <span class='ocrx_word' id='word_1_263' title='bbox 1585 3241 1992 3330; x_wconf 80' lang='grc' dir='ltr'>Ἰουστινιανοῦ,</span> <span class='ocrx_word' id='word_1_264' title='bbox 2026 3241 2070 3308; x_wconf 75' lang='lat' dir='ltr'><strong>C</strong></span> 
     </span>
    </p>
   </div>
   <div class='ocr_carea' id='block_1_34' title="bbox 345 3345 1998 3451">
    <p class='ocr_par' dir='ltr' id='par_1_34' title="bbox 345 3345 1998 3451">
     <span class='ocr_line' id='line_1_34' title="bbox 345 3345 1998 3451; baseline 0.003 -52"><span class='ocrx_word' id='word_1_265' title='bbox 345 3345 405 3451; x_wconf 58' lang='grc' dir='ltr'>ἐν</span> <span class='ocrx_word' id='word_1_266' title='bbox 433 3345 658 3446; x_wconf 65' lang='grc' dir='ltr'>λάρνακι</span> <span class='ocrx_word' id='word_1_267' title='bbox 692 3347 1098 3422; x_wconf 85' lang='grc' dir='ltr'>Προικοννησίῳ</span> <span class='ocrx_word' id='word_1_268' title='bbox 1119 3351 1232 3422; x_wconf 85' lang='lat'>(&#39;78)</span> <span class='ocrx_word' id='word_1_269' title='bbox 1251 3349 1386 3422; x_wconf 86' lang='grc' dir='ltr'>μετά</span> <span class='ocrx_word' id='word_1_270' title='bbox 1412 3349 1726 3426; x_wconf 82' lang='grc' dir='ltr'>Σοφίαςτῆς</span> <span class='ocrx_word' id='word_1_271' title='bbox 1743 3351 1998 3425; x_wconf 87' lang='grc' dir='ltr'>γυναικὸς</span> 
     </span>
    </p>
   </div>
   <div class='ocr_carea' id='block_1_35' title="bbox 344 3454 533 3494">
    <p class='ocr_par' dir='ltr' id='par_1_35' title="bbox 344 3454 533 3494">
     <span class='ocr_line' id='line_1_35' title="bbox 344 3454 533 3494; baseline 0.005 -7"><span class='ocrx_word' id='word_1_272' title='bbox 344 3454 533 3494; x_wconf 87' lang='grc' dir='ltr'>αυτου,</span> 
     </span>
    </p>
   </div>
   <div class='ocr_carea' id='block_1_36' title="bbox 417 3611 2001 3688">
    <p class='ocr_par' dir='ltr' id='par_1_36' title="bbox 417 3611 2001 3688">
     <span class='ocr_line' id='line_1_36' title="bbox 417 3611 2001 3688; baseline 0.001 -17"><span class='ocrx_word' id='word_1_273' title='bbox 417 3614 542 3671; x_wconf 80' lang='grc' dir='ltr'>Ἐπὶ</span> <span class='ocrx_word' id='word_1_274' title='bbox 595 3617 682 3688; x_wconf 90' lang='grc' dir='ltr'>[Ρ.</span> <span class='ocrx_word' id='word_1_275' title='bbox 744 3617 870 3688; x_wconf 83' lang='grc'>392]</span> <span class='ocrx_word' id='word_1_276' title='bbox 926 3614 1124 3671; x_wconf 87' lang='grc' dir='ltr'>τούτου</span> <span class='ocrx_word' id='word_1_277' title='bbox 1175 3619 1272 3671; x_wconf 78' lang='grc' dir='ltr'>τοῦ</span> <span class='ocrx_word' id='word_1_278' title='bbox 1332 3611 1714 3673; x_wconf 83' lang='grc' dir='ltr'>εὐσεϐεστάτου</span> <span class='ocrx_word' id='word_1_279' title='bbox 1779 3617 2001 3676; x_wconf 87' lang='grc' dir='ltr'>Ἰουστί-</span> 
     </span>
    </p>
   </div>
   <div class='ocr_carea' id='block_1_37' title="bbox 346 3701 2001 3780">
    <p class='ocr_par' dir='ltr' id='par_1_37' title="bbox 346 3701 2001 3780">
     <span class='ocr_line' id='line_1_37' title="bbox 346 3701 2001 3780; baseline 0.002 -22"><span class='ocrx_word' id='word_1_280' title='bbox 346 3724 446 3758; x_wconf 88' lang='grc' dir='ltr'>νου</span> <span class='ocrx_word' id='word_1_281' title='bbox 477 3701 740 3766; x_wconf 79' lang='grc' dir='ltr'>Ἰουδαῖός</span> <span class='ocrx_word' id='word_1_282' title='bbox 770 3725 855 3767; x_wconf 91' lang='grc' dir='ltr'>τις</span> <span class='ocrx_word' id='word_1_283' title='bbox 913 3703 965 3759; x_wconf 81' lang='grc' dir='ltr'>ἐν</span> <span class='ocrx_word' id='word_1_284' title='bbox 1020 3707 1090 3777; x_wconf 82' lang='grc' dir='ltr'>τῇ</span> <span class='ocrx_word' id='word_1_285' title='bbox 1138 3705 1299 3760; x_wconf 85' lang='grc' dir='ltr'>πόλει</span> <span class='ocrx_word' id='word_1_286' title='bbox 1353 3705 1586 3780; x_wconf 81' lang='grc' dir='ltr'>ὑελοψὸς</span> <span class='ocrx_word' id='word_1_287' title='bbox 1643 3705 1860 3762; x_wconf 82' lang='grc' dir='ltr'>παιδίον</span> <span class='ocrx_word' id='word_1_288' title='bbox 1917 3707 2001 3762; x_wconf 75' lang='grc' dir='ltr'>ἐκέ</span> 
     </span>
    </p>
   </div>
   <div class='ocr_carea' id='block_1_38' title="bbox 347 3792 2003 3872">
    <p class='ocr_par' dir='ltr' id='par_1_38' title="bbox 347 3792 2003 3872">
     <span class='ocr_line' id='line_1_38' title="bbox 347 3792 2003 3872; baseline 0.004 -26"><span class='ocrx_word' id='word_1_289' title='bbox 347 3813 521 3864; x_wconf 83' lang='grc' dir='ltr'>κτητο</span> <span class='ocrx_word' id='word_1_290' title='bbox 575 3793 880 3868; x_wconf 74' lang='grc' dir='ltr'>μονογενὲς,</span> <span class='ocrx_word' id='word_1_291' title='bbox 934 3794 964 3849; x_wconf 88' lang='grc' dir='ltr'>’ὀ</span> <span class='ocrx_word' id='word_1_292' title='bbox 1021 3792 1304 3869; x_wconf 86' lang='grc' dir='ltr'>παρέδωκε</span> <span class='ocrx_word' id='word_1_293' title='bbox 1365 3796 1644 3868; x_wconf 79' lang='grc' dir='ltr'>μανθάνειν</span> <span class='ocrx_word' id='word_1_294' title='bbox 1703 3801 2003 3872; x_wconf 81' lang='grc' dir='ltr'>γράμματα</span> 
     </span>
    </p>
   </div>
   <div class='ocr_carea' id='block_1_39' title="bbox 350 3881 2000 3962">
    <p class='ocr_par' dir='ltr' id='par_1_39' title="bbox 350 3881 2000 3962">
     <span class='ocr_line' id='line_1_39' title="bbox 350 3881 2000 3962; baseline 0.003 -25"><span class='ocrx_word' id='word_1_295' title='bbox 350 3881 592 3952; x_wconf 75' lang='grc' dir='ltr'>πλησίον</span> <span class='ocrx_word' id='word_1_296' title='bbox 624 3889 724 3952; x_wconf 78' lang='grc' dir='ltr'>τῆς</span> <span class='ocrx_word' id='word_1_297' title='bbox 757 3881 1016 3957; x_wconf 76' lang='grc' dir='ltr'>Μεγάλης</span> <span class='ocrx_word' id='word_1_298' title='bbox 1050 3883 1402 3953; x_wconf 70' lang='grc' dir='ltr'>Ἐκγλησίας,</span> <span class='ocrx_word' id='word_1_299' title='bbox 1461 3885 1528 3954; x_wconf 82' lang='grc' dir='ltr'>ἧς</span> <span class='ocrx_word' id='word_1_300' title='bbox 1583 3886 1611 3939; x_wconf 91' lang='lat'>6</span> <span class='ocrx_word' id='word_1_301' title='bbox 1665 3886 2000 3962; x_wconf 80' lang='grc' dir='ltr'>σκευοφύλαξ</span> 
     </span>
    </p>
   </div>
   <div class='ocr_carea' id='block_1_40' title="bbox 353 3963 2004 4048">
    <p class='ocr_par' dir='ltr' id='par_1_40' title="bbox 353 3963 2004 4048">
     <span class='ocr_line' id='line_1_40' title="bbox 353 3963 2004 4048; baseline 0.004 -24"><span class='ocrx_word' id='word_1_302' title='bbox 353 3963 502 4048; x_wconf 76' lang='grc' dir='ltr'>ἔχων</span> <span class='ocrx_word' id='word_1_303' title='bbox 553 3969 780 4045; x_wconf 82' lang='grc' dir='ltr'>λείψανα</span> <span class='ocrx_word' id='word_1_304' title='bbox 833 3971 1020 4028; x_wconf 75' lang='grc' dir='ltr'>πολλὰ</span> <span class='ocrx_word' id='word_1_305' title='bbox 1076 3979 1176 4042; x_wconf 81' lang='grc' dir='ltr'>τῆς</span> <span class='ocrx_word' id='word_1_306' title='bbox 1262 3971 1418 4047; x_wconf 82' lang='grc' dir='ltr'>ἁγίας</span> <span class='ocrx_word' id='word_1_307' title='bbox 1471 3971 1746 4047; x_wconf 77' lang='grc' dir='ltr'>τραπέζης</span> <span class='ocrx_word' id='word_1_308' title='bbox 1801 3972 2004 4030; x_wconf 82' lang='grc' dir='ltr'>δέδωκε</span> 
     </span>
    </p>
   </div>
   <div class='ocr_carea' id='block_1_41' title="bbox 348 4057 1995 4134">
    <p class='ocr_par' dir='ltr' id='par_1_41' title="bbox 348 4057 1995 4134">
     <span class='ocr_line' id='line_1_41' title="bbox 348 4057 1995 4134; baseline 0.005 -22"><span class='ocrx_word' id='word_1_309' title='bbox 348 4063 470 4119; x_wconf 87' lang='grc' dir='ltr'>τοῖς</span> <span class='ocrx_word' id='word_1_310' title='bbox 504 4059 661 4112; x_wconf 87' lang='grc' dir='ltr'>παισὶ</span> <span class='ocrx_word' id='word_1_311' title='bbox 690 4059 830 4134; x_wconf 85' lang='grc' dir='ltr'>πρὸς</span> <span class='ocrx_word' id='word_1_312' title='bbox 871 4059 934 4116; x_wconf 77' lang='grc' dir='ltr'>τὰ</span> <span class='ocrx_word' id='word_1_313' title='bbox 977 4057 1284 4130; x_wconf 85' lang='grc' dir='ltr'>δαπανῆσαι</span> <span class='ocrx_word' id='word_1_314' title='bbox 1341 4058 1493 4115; x_wconf 77' lang='grc' dir='ltr'>αὐτὰ.</span> <span class='ocrx_word' id='word_1_315' title='bbox 1555 4063 1687 4118; x_wconf 76' lang='grc' dir='ltr'>Μεθ’</span> <span class='ocrx_word' id='word_1_316' title='bbox 1746 4063 1818 4116; x_wconf 81' lang='grc' dir='ltr'>ὧν</span> <span class='ocrx_word' id='word_1_317' title='bbox 1875 4085 1995 4119; x_wconf 82' lang='grc' dir='ltr'>συν·</span> 
     </span>
    </p>
   </div>
   <div class='ocr_carea' id='block_1_42' title="bbox 347 4145 2002 4223">
    <p class='ocr_par' dir='ltr' id='par_1_42' title="bbox 347 4145 2002 4223">
     <span class='ocr_line' id='line_1_42' title="bbox 347 4145 2002 4223; baseline 0.004 -21"><span class='ocrx_word' id='word_1_318' title='bbox 347 4145 490 4218; x_wconf 79' lang='grc' dir='ltr'>ἦλθε</span> <span class='ocrx_word' id='word_1_319' title='bbox 537 4147 629 4202; x_wconf 68' lang='grc' dir='ltr'>καὶ</span> <span class='ocrx_word' id='word_1_320' title='bbox 712 4149 775 4203; x_wconf 86' lang='grc' dir='ltr'>τὸ</span> <span class='ocrx_word' id='word_1_321' title='bbox 850 4146 1148 4206; x_wconf 81' lang='grc' dir='ltr'>Ἰουδαϊκὸν</span> <span class='ocrx_word' id='word_1_322' title='bbox 1205 4147 1447 4204; x_wconf 85' lang='grc' dir='ltr'>παιδίον·</span> <span class='ocrx_word' id='word_1_323' title='bbox 1510 4149 1642 4223; x_wconf 80' lang='grc' dir='ltr'>ὅπερ</span> <span class='ocrx_word' id='word_1_324' title='bbox 1711 4151 2002 4221; x_wconf 77' lang='grc' dir='ltr'>ἆπολυθὶν,</span> 
     </span>
    </p>
   </div>
   <div class='ocr_carea' id='block_1_43' title="bbox 346 4236 2002 4319">
    <p class='ocr_par' dir='ltr' id='par_1_43' title="bbox 346 4236 2002 4319">
     <span class='ocr_line' id='line_1_43' title="bbox 346 4236 2002 4319; baseline 0.003 -27"><span class='ocrx_word' id='word_1_325' title='bbox 346 4238 487 4312; x_wconf 90' lang='grc' dir='ltr'>πρὸς</span> <span class='ocrx_word' id='word_1_326' title='bbox 518 4236 649 4302; x_wconf 75' lang='grc' dir='ltr'>τοὺς</span> <span class='ocrx_word' id='word_1_327' title='bbox 674 4243 853 4314; x_wconf 85' lang='grc' dir='ltr'>γονεῖς</span> <span class='ocrx_word' id='word_1_328' title='bbox 901 4237 1066 4295; x_wconf 79' lang='grc' dir='ltr'>αὐτοῦ</span> <span class='ocrx_word' id='word_1_329' title='bbox 1107 4237 1340 4307; x_wconf 81' lang='grc' dir='ltr'>ἀπῆλθε.</span> <span class='ocrx_word' id='word_1_330' title='bbox 1398 4238 1502 4294; x_wconf 87' lang='grc' dir='ltr'>Καί</span> <span class='ocrx_word' id='word_1_331' title='bbox 1555 4261 1718 4319; x_wconf 67' lang='grc' dir='ltr'>φησιν</span> <span class='ocrx_word' id='word_1_332' title='bbox 1771 4242 2002 4318; x_wconf 82' lang='grc' dir='ltr'>ὁπατήρ</span> 
     </span>
    </p>
   </div>
   <div class='ocr_carea' id='block_1_44' title="bbox 345 4321 2005 4402">
    <p class='ocr_par' dir='ltr' id='par_1_44' title="bbox 345 4321 2005 4402">
     <span class='ocr_line' id='line_1_44' title="bbox 345 4321 2005 4402; baseline 0.004 -22"><span class='ocrx_word' id='word_1_333' title='bbox 345 4325 679 4384; x_wconf 76' lang='grc' dir='ltr'>αὐτοῦ.⁴Ἱνα</span> <span class='ocrx_word' id='word_1_334' title='bbox 716 4326 770 4381; x_wconf 86' lang='grc' dir='ltr'>τί</span> <span class='ocrx_word' id='word_1_335' title='bbox 829 4321 1148 4402; x_wconf 68' lang='grc' dir='ltr'>ἐϐράδυνας,</span> <span class='ocrx_word' id='word_1_336' title='bbox 1203 4329 1433 4398; x_wconf 87' lang='grc' dir='ltr'>τέκνον;</span> <span class='ocrx_word' id='word_1_337' title='bbox 1493 4329 1551 4382; x_wconf 79' lang='grc' dir='ltr'>Ὀ</span> <span class='ocrx_word' id='word_1_338' title='bbox 1607 4326 1666 4383; x_wconf 77' lang='grc' dir='ltr'>δὲ</span> <span class='ocrx_word' id='word_1_339' title='bbox 1719 4336 1848 4393; x_wconf 80' lang='grc' dir='ltr'>παῖς</span> <span class='ocrx_word' id='word_1_340' title='bbox 1899 4331 2005 4387; x_wconf 83' lang='grc' dir='ltr'>ἀπ-</span> 
     </span>
    </p>
   </div>
   <div class='ocr_carea' id='block_1_45' title="bbox 347 4415 2004 4496">
    <p class='ocr_par' dir='ltr' id='par_1_45' title="bbox 347 4415 2004 4496">
     <span class='ocr_line' id='line_1_45' title="bbox 347 4415 2004 4496; baseline 0.002 -24"><span class='ocrx_word' id='word_1_341' title='bbox 347 4415 563 4488; x_wconf 83' lang='grc' dir='ltr'>εκρίθη’</span> <span class='ocrx_word' id='word_1_342' title='bbox 595 4418 743 4474; x_wconf 75' lang='grc' dir='ltr'>Μετὰ</span> <span class='ocrx_word' id='word_1_343' title='bbox 769 4422 876 4472; x_wconf 89' lang='grc' dir='ltr'>τῶν</span> <span class='ocrx_word' id='word_1_344' title='bbox 905 4422 1255 4492; x_wconf 82' lang='grc' dir='ltr'>Χριστιανῶν</span> <span class='ocrx_word' id='word_1_345' title='bbox 1307 4415 1542 4472; x_wconf 89' lang='grc' dir='ltr'>παιδίων</span> <span class='ocrx_word' id='word_1_346' title='bbox 1578 4417 1657 4481; x_wconf 72' lang='grc' dir='ltr'>εἷς</span> <span class='ocrx_word' id='word_1_347' title='bbox 1676 4420 1776 4488; x_wconf 70' lang='grc' dir='ltr'>τὴν</span> <span class='ocrx_word' id='word_1_348' title='bbox 1825 4423 2004 4496; x_wconf 85' lang='grc' dir='ltr'>Μεγά-</span> 
     </span>
    </p>
   </div>
   <div class='ocr_carea' id='block_1_46' title="bbox 346 4503 2004 4588">
    <p class='ocr_par' dir='ltr' id='par_1_46' title="bbox 346 4503 2004 4588">
     <span class='ocr_line' id='line_1_46' title="bbox 346 4503 2004 4588; baseline 0.003 -28"><span class='ocrx_word' id='word_1_349' title='bbox 346 4503 453 4576; x_wconf 85' lang='grc' dir='ltr'>λην</span> <span class='ocrx_word' id='word_1_350' title='bbox 485 4506 816 4578; x_wconf 79' lang='grc' dir='ltr'>Ἐκκλησίαν</span> <span class='ocrx_word' id='word_1_351' title='bbox 852 4506 1054 4588; x_wconf 78' lang='grc' dir='ltr'>ἔφαγον</span> <span class='ocrx_word' id='word_1_352' title='bbox 1113 4506 1290 4583; x_wconf 86' lang='grc' dir='ltr'>κάγὼ,</span> <span class='ocrx_word' id='word_1_353' title='bbox 1349 4508 1541 4583; x_wconf 86' lang='grc' dir='ltr'>πάτερ.</span> <span class='ocrx_word' id='word_1_354' title='bbox 1602 4509 1665 4566; x_wconf 79' lang='grc' dir='ltr'>Ὀ</span> <span class='ocrx_word' id='word_1_355' title='bbox 1719 4505 1776 4564; x_wconf 70' lang='grc' dir='ltr'>δὲ</span> <span class='ocrx_word' id='word_1_356' title='bbox 1817 4507 2004 4572; x_wconf 85' lang='grc' dir='ltr'>δόλιος</span> 
     </span>
    </p>
   </div>
   <div class='ocr_carea' id='block_1_47' title="bbox 1471 353 2621 421">
    <p class='ocr_par' dir='ltr' id='par_1_47' title="bbox 1471 353 2621 421">
     <span class='ocr_line' id='line_1_47' title="bbox 1471 353 2621 421; baseline 0.001 -5"><span class='ocrx_word' id='word_1_357' title='bbox 1471 353 2019 418; x_wconf 78' lang='lat' dir='ltr'>HISTOltlARUM</span> <span class='ocrx_word' id='word_1_358' title='bbox 2064 356 2621 421; x_wconf 76' lang='lat' dir='ltr'>COMPENDIUM.</span> 
     </span>
    </p>
   </div>
   <div class='ocr_carea' id='block_1_48' title="bbox 3637 358 3765 420">
    <p class='ocr_par' dir='ltr' id='par_1_48' title="bbox 3637 358 3765 420">
     <span class='ocr_line' id='line_1_48' title="bbox 3637 358 3765 420; baseline 0.008 -1"><span class='ocrx_word' id='word_1_359' title='bbox 3637 358 3765 420; x_wconf 76' lang='lat'>750</span> 
     </span>
    </p>
   </div>
   <div class='ocr_carea' id='block_1_49' title="bbox 1791 486 3768 565">
    <p class='ocr_par' dir='ltr' id='par_1_49' title="bbox 1791 486 3768 565">
     <span class='ocr_line' id='line_1_49' title="bbox 1791 486 3768 565; baseline 0.001 -18"><span class='ocrx_word' id='word_1_360' title='bbox 1791 491 1853 547; x_wconf 91' lang='grc' dir='ltr'>Ὁ</span> <span class='ocrx_word' id='word_1_361' title='bbox 1940 486 1998 544; x_wconf 70' lang='grc' dir='ltr'>δὲ</span> <span class='ocrx_word' id='word_1_362' title='bbox 2031 493 2084 558; x_wconf 74' lang='grc' dir='ltr'><strong>Α</strong></span> <span class='ocrx_word' id='word_1_363' title='bbox 2116 493 2445 564; x_wconf 82' lang='lat' dir='ltr'>Imperator</span> <span class='ocrx_word' id='word_1_364' title='bbox 2473 499 2670 549; x_wconf 89' lang='lat' dir='ltr'>autem</span> <span class='ocrx_word' id='word_1_365' title='bbox 2701 509 2836 548; x_wconf 91' lang='lat' dir='ltr'>cum</span> <span class='ocrx_word' id='word_1_366' title='bbox 2859 492 3080 548; x_wconf 86' lang='lat' dir='ltr'>afﬂicta</span> <span class='ocrx_word' id='word_1_367' title='bbox 3107 492 3441 548; x_wconf 82' lang='lat' dir='ltr'>valetudine</span> <span class='ocrx_word' id='word_1_368' title='bbox 3463 498 3768 565; x_wconf 83' lang='lat' dir='ltr'>utcunque</span> 
     </span>
    </p>
   </div>
   <div class='ocr_carea' id='block_1_50' title="bbox 2111 582 3765 655">
    <p class='ocr_par' dir='ltr' id='par_1_50' title="bbox 2111 582 3765 655">
     <span class='ocr_line' id='line_1_50' title="bbox 2111 582 3765 655; baseline 0.001 -19"><span class='ocrx_word' id='word_1_369' title='bbox 2111 598 2173 636; x_wconf 89' lang='lat' dir='ltr'>se</span> <span class='ocrx_word' id='word_1_370' title='bbox 2208 583 2563 655; x_wconf 79' lang='lat' dir='ltr'>collegisset,</span> <span class='ocrx_word' id='word_1_371' title='bbox 2597 583 2995 654; x_wconf 87' lang='lat' dir='ltr'>patriarcham</span> <span class='ocrx_word' id='word_1_372' title='bbox 3047 590 3316 637; x_wconf 88' lang='lat' dir='ltr'>senatum</span> <span class='ocrx_word' id='word_1_373' title='bbox 3377 588 3435 637; x_wconf 90' lang='lat' dir='ltr'>et</span> <span class='ocrx_word' id='word_1_374' title='bbox 3477 582 3765 654; x_wconf 88' lang='lat' dir='ltr'>populum</span> 
     </span>
    </p>
   </div>
   <div class='ocr_carea' id='block_1_51' title="bbox 2111 672 3765 744">
    <p class='ocr_par' dir='ltr' id='par_1_51' title="bbox 2111 672 3765 744">
     <span class='ocr_line' id='line_1_51' title="bbox 2111 672 3765 744; baseline 0.001 -18"><span class='ocrx_word' id='word_1_375' title='bbox 2111 673 2453 728; x_wconf 77' lang='lat' dir='ltr'>convocavit</span> <span class='ocrx_word' id='word_1_376' title='bbox 2486 689 2498 736; x_wconf 94' lang='lat'>;</span> <span class='ocrx_word' id='word_1_377' title='bbox 2533 673 2937 744; x_wconf 89' lang='lat' dir='ltr'>productoque</span> <span class='ocrx_word' id='word_1_378' title='bbox 2969 672 3031 726; x_wconf 89' lang='lat' dir='ltr'>in</span> <span class='ocrx_word' id='word_1_379' title='bbox 3076 677 3460 743; x_wconf 89' lang='lat' dir='ltr'>conspectum</span> <span class='ocrx_word' id='word_1_380' title='bbox 3492 673 3765 728; x_wconf 89' lang='lat' dir='ltr'>omnium</span> 
     </span>
    </p>
   </div>
   <div class='ocr_carea' id='block_1_52' title="bbox 2109 760 3764 834">
    <p class='ocr_par' dir='ltr' id='par_1_52' title="bbox 2109 760 3764 834">
     <span class='ocr_line' id='line_1_52' title="bbox 2109 760 3764 834; baseline 0.001 -20"><span class='ocrx_word' id='word_1_381' title='bbox 2109 760 2340 817; x_wconf 83' lang='lat' dir='ltr'>Tiberio</span> <span class='ocrx_word' id='word_1_382' title='bbox 2372 763 2601 818; x_wconf 66' lang='lat' dir='ltr'>Caesare</span> <span class='ocrx_word' id='word_1_383' title='bbox 2633 761 2950 834; x_wconf 90' lang='lat' dir='ltr'>imperium</span> <span class='ocrx_word' id='word_1_384' title='bbox 2981 761 3034 816; x_wconf 92' lang='lat' dir='ltr'>ei</span> <span class='ocrx_word' id='word_1_385' title='bbox 3066 761 3386 828; x_wconf 86' lang='lat' dir='ltr'>commisit,</span> <span class='ocrx_word' id='word_1_386' title='bbox 3416 760 3764 832; x_wconf 88' lang='lat' dir='ltr'>hujusmodi</span> 
     </span>
    </p>
   </div>
   <div class='ocr_carea' id='block_1_53' title="bbox 2109 849 3765 921">
    <p class='ocr_par' dir='ltr' id='par_1_53' title="bbox 2109 849 3765 921">
     <span class='ocr_line' id='line_1_53' title="bbox 2109 849 3765 921; baseline -0.001 -16"><span class='ocrx_word' id='word_1_387' title='bbox 2109 851 2376 906; x_wconf 87' lang='lat' dir='ltr'>oratione</span> <span class='ocrx_word' id='word_1_388' title='bbox 2409 852 2610 906; x_wconf 89' lang='lat' dir='ltr'>habita</span> <span class='ocrx_word' id='word_1_389' title='bbox 2643 868 2656 905; x_wconf 92' lang='lat'><strong>:</strong></span> <span class='ocrx_word' id='word_1_390' title='bbox 2690 852 2864 918; x_wconf 89' lang='lat' dir='ltr'>Deus,</span> <span class='ocrx_word' id='word_1_391' title='bbox 2898 851 2999 921; x_wconf 92' lang='lat' dir='ltr'><strong>qui</strong></span> <span class='ocrx_word' id='word_1_392' title='bbox 3026 855 3085 905; x_wconf 90' lang='lat' dir='ltr'>te</span> <span class='ocrx_word' id='word_1_393' title='bbox 3114 849 3338 905; x_wconf 88' lang='lat' dir='ltr'>bonum</span> <span class='ocrx_word' id='word_1_394' title='bbox 3368 849 3530 916; x_wconf 83' lang='lat' dir='ltr'>fecit,</span> <span class='ocrx_word' id='word_1_395' title='bbox 3564 849 3765 918; x_wconf 88' lang='lat' dir='ltr'>is,non</span> 
     </span>
    </p>
   </div>
   <div class='ocr_carea' id='block_1_54' title="bbox 2111 940 3768 1014">
    <p class='ocr_par' dir='ltr' id='par_1_54' title="bbox 2111 940 3768 1014">
     <span class='ocr_line' id='line_1_54' title="bbox 2111 940 3768 1014; baseline -0.002 -18"><span class='ocrx_word' id='word_1_396' title='bbox 2111 957 2238 1014; x_wconf 88' lang='lat' dir='ltr'>ego,</span> <span class='ocrx_word' id='word_1_397' title='bbox 2273 942 2382 996; x_wconf 88' lang='lat' dir='ltr'>hoc</span> <span class='ocrx_word' id='word_1_398' title='bbox 2407 949 2460 996; x_wconf 90' lang='lat' dir='ltr'>te</span> <span class='ocrx_word' id='word_1_399' title='bbox 2493 947 2667 997; x_wconf 89' lang='lat' dir='ltr'>ornat</span> <span class='ocrx_word' id='word_1_400' title='bbox 2697 941 2921 996; x_wconf 85' lang='lat' dir='ltr'>habitu.</span> <span class='ocrx_word' id='word_1_401' title='bbox 2944 941 3109 995; x_wconf 87' lang='lat' dir='ltr'>Hunc</span> <span class='ocrx_word' id='word_1_402' title='bbox 3137 940 3404 995; x_wconf 90' lang='lat' dir='ltr'>habitum</span> <span class='ocrx_word' id='word_1_403' title='bbox 3428 941 3768 994; x_wconf 78' lang='lat' dir='ltr'>reverenter</span> 
     </span>
    </p>
   </div>
   <div class='ocr_carea' id='block_1_55' title="bbox 2110 1026 3766 1101">
    <p class='ocr_par' dir='ltr' id='par_1_55' title="bbox 2110 1026 3766 1101">
     <span class='ocr_line' id='line_1_55' title="bbox 2110 1026 3766 1101; baseline -0.002 -17"><span class='ocrx_word' id='word_1_404' title='bbox 2110 1029 2282 1100; x_wconf 84' lang='lat' dir='ltr'>habe,</span> <span class='ocrx_word' id='word_1_405' title='bbox 2334 1037 2399 1084; x_wconf 88' lang='lat' dir='ltr'>ut</span> <span class='ocrx_word' id='word_1_406' title='bbox 2445 1031 2516 1086; x_wconf 92' lang='lat' dir='ltr'>ab</span> <span class='ocrx_word' id='word_1_407' title='bbox 2567 1030 2695 1101; x_wconf 92' lang='lat' dir='ltr'>ipso</span> <span class='ocrx_word' id='word_1_408' title='bbox 2749 1029 2903 1084; x_wconf 85' lang='lat'>686</span> <span class='ocrx_word' id='word_1_409' title='bbox 2956 1029 3182 1084; x_wconf 88' lang='lat' dir='ltr'>honore</span> <span class='ocrx_word' id='word_1_410' title='bbox 3269 1029 3573 1085; x_wconf 80' lang='lat' dir='ltr'>afﬁciaris.</span> <span class='ocrx_word' id='word_1_411' title='bbox 3633 1026 3766 1084; x_wconf 85' lang='lat' dir='ltr'>Noli</span> 
     </span>
    </p>
   </div>
   <div class='ocr_carea' id='block_1_56' title="bbox 2110 1117 3765 1192">
    <p class='ocr_par' dir='ltr' id='par_1_56' title="bbox 2110 1117 3765 1192">
     <span class='ocr_line' id='line_1_56' title="bbox 2110 1117 3765 1192; baseline -0.002 -18"><span class='ocrx_word' id='word_1_412' title='bbox 2110 1119 2365 1189; x_wconf 87' lang='lat' dir='ltr'>gaudere</span> <span class='ocrx_word' id='word_1_413' title='bbox 2397 1119 2524 1174; x_wconf 86' lang='lat' dir='ltr'>fuso</span> <span class='ocrx_word' id='word_1_414' title='bbox 2558 1119 2867 1192; x_wconf 88' lang='lat' dir='ltr'>sanguine,</span> <span class='ocrx_word' id='word_1_415' title='bbox 2910 1134 3104 1188; x_wconf 91' lang='lat' dir='ltr'>neque</span> <span class='ocrx_word' id='word_1_416' title='bbox 3134 1117 3595 1173; x_wconf 91' lang='lat' dir='ltr'>homicidiorum</span> <span class='ocrx_word' id='word_1_417' title='bbox 3625 1133 3765 1188; x_wconf 87' lang='lat' dir='ltr'>par-</span> 
     </span>
    </p>
   </div>
   <div class='ocr_carea' id='block_1_57' title="bbox 2112 1206 3767 1279">
    <p class='ocr_par' dir='ltr' id='par_1_57' title="bbox 2112 1206 3767 1279">
     <span class='ocr_line' id='line_1_57' title="bbox 2112 1206 3767 1279; baseline -0.002 -17"><span class='ocrx_word' id='word_1_418' title='bbox 2112 1209 2298 1279; x_wconf 90' lang='lat' dir='ltr'>ticeps</span> <span class='ocrx_word' id='word_1_419' title='bbox 2320 1213 2467 1264; x_wconf 88' lang='lat' dir='ltr'>esto.</span> <span class='ocrx_word' id='word_1_420' title='bbox 2502 1207 2716 1262; x_wconf 85' lang='lat' dir='ltr'>Malum</span> <span class='ocrx_word' id='word_1_421' title='bbox 2777 1206 2932 1262; x_wconf 87' lang='lat' dir='ltr'>malo</span> <span class='ocrx_word' id='word_1_422' title='bbox 2991 1206 3320 1277; x_wconf 84' lang='lat' dir='ltr'>rependere</span> <span class='ocrx_word' id='word_1_423' title='bbox 3378 1206 3522 1276; x_wconf 90' lang='lat' dir='ltr'>noli,</span> <span class='ocrx_word' id='word_1_424' title='bbox 3571 1219 3767 1275; x_wconf 89' lang='lat' dir='ltr'>neque</span> 
     </span>
    </p>
   </div>
   <div class='ocr_carea' id='block_1_58' title="bbox 2111 1294 3767 1369">
    <p class='ocr_par' dir='ltr' id='par_1_58' title="bbox 2111 1294 3767 1369">
     <span class='ocr_line' id='line_1_58' title="bbox 2111 1294 3767 1369; baseline -0.002 -17"><span class='ocrx_word' id='word_1_425' title='bbox 2111 1298 2342 1369; x_wconf 83' lang='lat' dir='ltr'>gravius</span> <span class='ocrx_word' id='word_1_426' title='bbox 2373 1298 2648 1368; x_wconf 82' lang='lat' dir='ltr'>cuiquam</span> <span class='ocrx_word' id='word_1_427' title='bbox 2681 1312 3082 1363; x_wconf 89' lang='lat' dir='ltr'>succensere;</span> <span class='ocrx_word' id='word_1_428' title='bbox 3136 1295 3195 1350; x_wconf 93' lang='lat' dir='ltr'>id</span> <span class='ocrx_word' id='word_1_429' title='bbox 3254 1294 3414 1365; x_wconf 92' lang='lat' dir='ltr'>quod</span> <span class='ocrx_word' id='word_1_430' title='bbox 3473 1310 3578 1366; x_wconf 93' lang='lat' dir='ltr'>ego</span> <span class='ocrx_word' id='word_1_431' title='bbox 3629 1308 3767 1348; x_wconf 89' lang='lat' dir='ltr'>cum</span> 
     </span>
    </p>
   </div>
   <div class='ocr_carea' id='block_1_59' title="bbox 2111 1381 3764 1456">
    <p class='ocr_par' dir='ltr' id='par_1_59' title="bbox 2111 1381 3764 1456">
     <span class='ocr_line' id='line_1_59' title="bbox 2111 1381 3764 1456; baseline -0.004 -15"><span class='ocrx_word' id='word_1_432' title='bbox 2111 1386 2410 1452; x_wconf 78' lang='lat' dir='ltr'>fecissem,</span> <span class='ocrx_word' id='word_1_433' title='bbox 2443 1386 2628 1443; x_wconf 87' lang='lat' dir='ltr'>erravi</span> <span class='ocrx_word' id='word_1_434' title='bbox 2674 1402 2742 1441; x_wconf 88' lang='lat' dir='ltr'>ac</span> <span class='ocrx_word' id='word_1_435' title='bbox 2799 1389 3176 1456; x_wconf 85' lang='lat' dir='ltr'>peccatorum</span> <span class='ocrx_word' id='word_1_436' title='bbox 3233 1399 3505 1439; x_wconf 89' lang='lat' dir='ltr'>meorum</span> <span class='ocrx_word' id='word_1_437' title='bbox 3565 1381 3764 1452; x_wconf 89' lang='lat' dir='ltr'>accepi</span> 
     </span>
    </p>
   </div>
   <div class='ocr_carea' id='block_1_60' title="bbox 2111 1471 3771 1547">
    <p class='ocr_par' dir='ltr' id='par_1_60' title="bbox 2111 1471 3771 1547">
     <span class='ocr_line' id='line_1_60' title="bbox 2111 1471 3771 1547; baseline -0.004 -15"><span class='ocrx_word' id='word_1_438' title='bbox 2111 1477 2469 1542; x_wconf 89' lang='lat' dir='ltr'>mercedem,</span> <span class='ocrx_word' id='word_1_439' title='bbox 2505 1492 2846 1547; x_wconf 88' lang='lat' dir='ltr'>quanquam</span> <span class='ocrx_word' id='word_1_440' title='bbox 2875 1475 3028 1529; x_wconf 89' lang='lat' dir='ltr'>Deus</span> <span class='ocrx_word' id='word_1_441' title='bbox 3061 1473 3176 1528; x_wconf 92' lang='lat' dir='ltr'>mei</span> <span class='ocrx_word' id='word_1_442' title='bbox 3238 1488 3418 1528; x_wconf 88' lang='lat' dir='ltr'>causa</span> <span class='ocrx_word' id='word_1_443' title='bbox 3448 1471 3771 1526; x_wconf 88' lang='lat' dir='ltr'>ulciscetur</span> 
     </span>
    </p>
   </div>
   <div class='ocr_carea' id='block_1_61' title="bbox 2111 1559 3765 1637">
    <p class='ocr_par' dir='ltr' id='par_1_61' title="bbox 2111 1559 3765 1637">
     <span class='ocr_line' id='line_1_61' title="bbox 2111 1559 3765 1637; baseline -0.005 -15"><span class='ocrx_word' id='word_1_444' title='bbox 2111 1584 2212 1622; x_wconf 88' lang='lat' dir='ltr'>eos</span> <span class='ocrx_word' id='word_1_445' title='bbox 2263 1568 2362 1637; x_wconf 86' lang='lat' dir='ltr'><strong>qui</strong></span> <span class='ocrx_word' id='word_1_446' title='bbox 2419 1568 2534 1622; x_wconf 89' lang='lat' dir='ltr'>ista</span> <span class='ocrx_word' id='word_1_447' title='bbox 2588 1566 2732 1621; x_wconf 91' lang='lat' dir='ltr'>mihi</span> <span class='ocrx_word' id='word_1_448' title='bbox 2797 1569 3134 1621; x_wconf 91' lang='lat' dir='ltr'>suaserunt.</span> <span class='ocrx_word' id='word_1_449' title='bbox 3187 1565 3267 1618; x_wconf 84' lang='lat' dir='ltr'>Ne</span> <span class='ocrx_word' id='word_1_450' title='bbox 3325 1561 3634 1633; x_wconf 88' lang='lat' dir='ltr'>superbias</span> <span class='ocrx_word' id='word_1_451' title='bbox 3693 1559 3765 1615; x_wconf 91' lang='lat' dir='ltr'>ob</span> 
     </span>
    </p>
   </div>
   <div class='ocr_carea' id='block_1_62' title="bbox 2112 1650 3764 1728">
    <p class='ocr_par' dir='ltr' id='par_1_62' title="bbox 2112 1650 3764 1728">
     <span class='ocr_line' id='line_1_62' title="bbox 2112 1650 3764 1728; baseline -0.004 -18"><span class='ocrx_word' id='word_1_452' title='bbox 2112 1656 2344 1728; x_wconf 91' lang='lat' dir='ltr'>imperii</span> <span class='ocrx_word' id='word_1_453' title='bbox 2382 1657 2464 1711; x_wconf 92' lang='lat' dir='ltr'>tui</span> <span class='ocrx_word' id='word_1_454' title='bbox 2496 1657 2892 1727; x_wconf 89' lang='lat' dir='ltr'>majestatem.</span> <span class='ocrx_word' id='word_1_455' title='bbox 2915 1655 3133 1710; x_wconf 90' lang='lat' dir='ltr'>Omnes</span> <span class='ocrx_word' id='word_1_456' title='bbox 3167 1652 3375 1708; x_wconf 88' lang='lat' dir='ltr'>eodem</span> <span class='ocrx_word' id='word_1_457' title='bbox 3403 1667 3519 1722; x_wconf 91' lang='lat' dir='ltr'>quo</span> <span class='ocrx_word' id='word_1_458' title='bbox 3544 1657 3600 1706; x_wconf 89' lang='lat' dir='ltr'>te</span> <span class='ocrx_word' id='word_1_459' title='bbox 3634 1650 3764 1704; x_wconf 94' lang='lat' dir='ltr'>loco</span> 
     </span>
    </p>
   </div>
   <div class='ocr_carea' id='block_1_63' title="bbox 2112 1738 3765 1819">
    <p class='ocr_par' dir='ltr' id='par_1_63' title="bbox 2112 1738 3765 1819">
     <span class='ocr_line' id='line_1_63' title="bbox 2112 1738 3765 1819; baseline -0.004 -19"><span class='ocrx_word' id='word_1_460' title='bbox 2112 1746 2285 1802; x_wconf 86' lang='lat' dir='ltr'>habe.</span> <span class='ocrx_word' id='word_1_461' title='bbox 2319 1747 2519 1819; x_wconf 88' lang='lat' dir='ltr'>Cogita</span> <span class='ocrx_word' id='word_1_462' title='bbox 2551 1746 2684 1817; x_wconf 88' lang='lat' dir='ltr'>quis</span> <span class='ocrx_word' id='word_1_463' title='bbox 2741 1745 2924 1800; x_wconf 84' lang='lat' dir='ltr'>fueris</span> <span class='ocrx_word' id='word_1_464' title='bbox 2979 1749 3037 1797; x_wconf 90' lang='lat' dir='ltr'>et</span> <span class='ocrx_word' id='word_1_465' title='bbox 3089 1742 3223 1813; x_wconf 89' lang='lat' dir='ltr'>quis</span> <span class='ocrx_word' id='word_1_466' title='bbox 3281 1757 3441 1797; x_wconf 90' lang='lat' dir='ltr'>nunc</span> <span class='ocrx_word' id='word_1_467' title='bbox 3474 1739 3575 1795; x_wconf 90' lang='lat' dir='ltr'>sis.</span> <span class='ocrx_word' id='word_1_468' title='bbox 3633 1738 3765 1794; x_wconf 90' lang='lat' dir='ltr'>Noli</span> 
     </span>
    </p>
   </div>
   <div class='ocr_carea' id='block_1_64' title="bbox 2113 1831 3760 1907">
    <p class='ocr_par' dir='ltr' id='par_1_64' title="bbox 2113 1831 3760 1907">
     <span class='ocr_line' id='line_1_64' title="bbox 2113 1831 3760 1907; baseline -0.005 -16"><span class='ocrx_word' id='word_1_469' title='bbox 2113 1835 2364 1907; x_wconf 87' lang='lat' dir='ltr'>superbe</span> <span class='ocrx_word' id='word_1_470' title='bbox 2397 1842 2602 1890; x_wconf 89' lang='lat' dir='ltr'>contra</span> <span class='ocrx_word' id='word_1_471' title='bbox 2632 1834 2885 1907; x_wconf 80' lang='lat' dir='ltr'>gentiles</span> <span class='ocrx_word' id='word_1_472' title='bbox 2935 1839 3066 1887; x_wconf 91' lang='lat' dir='ltr'>tuos</span> <span class='ocrx_word' id='word_1_473' title='bbox 3120 1831 3339 1899; x_wconf 68' lang='lat' dir='ltr'>efferri,</span> <span class='ocrx_word' id='word_1_474' title='bbox 3399 1847 3473 1886; x_wconf 89' lang='lat' dir='ltr'>ne</span> <span class='ocrx_word' id='word_1_475' title='bbox 3531 1845 3760 1902; x_wconf 89' lang='lat' dir='ltr'>pecces.</span> 
     </span>
    </p>
   </div>
   <div class='ocr_carea' id='block_1_65' title="bbox 2113 1920 3763 1996">
    <p class='ocr_par' dir='ltr' id='par_1_65' title="bbox 2113 1920 3763 1996">
     <span class='ocr_line' id='line_1_65' title="bbox 2113 1920 3763 1996; baseline -0.005 -16"><span class='ocrx_word' id='word_1_476' title='bbox 2113 1925 2235 1980; x_wconf 91' lang='lat' dir='ltr'>Scis</span> <span class='ocrx_word' id='word_1_477' title='bbox 2267 1926 2368 1996; x_wconf 86' lang='lat' dir='ltr'><strong>qui</strong></span> <span class='ocrx_word' id='word_1_478' title='bbox 2401 1925 2612 1980; x_wconf 88' lang='lat' dir='ltr'>fuerim</span> <span class='ocrx_word' id='word_1_479' title='bbox 2641 1930 2701 1978; x_wconf 92' lang='lat' dir='ltr'>et</span> <span class='ocrx_word' id='word_1_480' title='bbox 2759 1924 2891 1994; x_wconf 90' lang='lat' dir='ltr'>quis</span> <span class='ocrx_word' id='word_1_481' title='bbox 2935 1938 3097 1976; x_wconf 91' lang='lat' dir='ltr'>nunc</span> <span class='ocrx_word' id='word_1_482' title='bbox 3128 1920 3264 1985; x_wconf 91' lang='lat' dir='ltr'>sim,</span> <span class='ocrx_word' id='word_1_483' title='bbox 3297 1924 3551 1975; x_wconf 90' lang='lat' dir='ltr'>mortem</span> <span class='ocrx_word' id='word_1_484' title='bbox 3626 1923 3763 1972; x_wconf 87' lang='lat' dir='ltr'>ante</span> 
     </span>
    </p>
   </div>
   <div class='ocr_carea' id='block_1_66' title="bbox 2112 2006 3764 2082">
    <p class='ocr_par' dir='ltr' id='par_1_66' title="bbox 2112 2006 3764 2082">
     <span class='ocr_line' id='line_1_66' title="bbox 2112 2006 3764 2082; baseline -0.004 -14"><span class='ocrx_word' id='word_1_485' title='bbox 2112 2015 2315 2069; x_wconf 91' lang='lat' dir='ltr'>oculos</span> <span class='ocrx_word' id='word_1_486' title='bbox 2347 2014 2592 2069; x_wconf 85' lang='lat' dir='ltr'>habens.</span> <span class='ocrx_word' id='word_1_487' title='bbox 2626 2014 2844 2068; x_wconf 90' lang='lat' dir='ltr'>Omnes</span> <span class='ocrx_word' id='word_1_488' title='bbox 2875 2012 2935 2066; x_wconf 90' lang='lat' dir='ltr'>hi</span> <span class='ocrx_word' id='word_1_489' title='bbox 2995 2011 3096 2082; x_wconf 89' lang='lat' dir='ltr'>qui</span> <span class='ocrx_word' id='word_1_490' title='bbox 3152 2009 3559 2076; x_wconf 88' lang='lat' dir='ltr'>circumstant,</span> <span class='ocrx_word' id='word_1_491' title='bbox 3611 2006 3764 2063; x_wconf 90' lang='lat' dir='ltr'>servi</span> 
     </span>
    </p>
   </div>
   <div class='ocr_carea' id='block_1_67' title="bbox 2111 2097 3768 2172">
    <p class='ocr_par' dir='ltr' id='par_1_67' title="bbox 2111 2097 3768 2172">
     <span class='ocr_line' id='line_1_67' title="bbox 2111 2097 3768 2172; baseline -0.004 -14"><span class='ocrx_word' id='word_1_492' title='bbox 2111 2105 2196 2158; x_wconf 92' lang='lat' dir='ltr'>tui</span> <span class='ocrx_word' id='word_1_493' title='bbox 2231 2108 2368 2159; x_wconf 90' lang='lat' dir='ltr'>sunt</span> <span class='ocrx_word' id='word_1_494' title='bbox 2399 2109 2456 2158; x_wconf 93' lang='lat' dir='ltr'>et</span> <span class='ocrx_word' id='word_1_495' title='bbox 2486 2104 2568 2158; x_wconf 91' lang='lat' dir='ltr'>tui</span> <span class='ocrx_word' id='word_1_496' title='bbox 2604 2103 2733 2158; x_wconf 86' lang='lat' dir='ltr'>ﬁlii.</span> <span class='ocrx_word' id='word_1_497' title='bbox 2765 2102 3070 2157; x_wconf 84' lang='lat' dir='ltr'>Exercitus</span> <span class='ocrx_word' id='word_1_498' title='bbox 3107 2117 3311 2156; x_wconf 88' lang='lat' dir='ltr'>curam</span> <span class='ocrx_word' id='word_1_499' title='bbox 3369 2117 3528 2172; x_wconf 87' lang='lat' dir='ltr'>gere.</span> <span class='ocrx_word' id='word_1_500' title='bbox 3563 2097 3768 2153; x_wconf 81' lang='lat' dir='ltr'>Molles</span> 
     </span>
    </p>
   </div>
   <div class='ocr_carea' id='block_1_68' title="bbox 2113 2191 3780 2268">
    <p class='ocr_par' dir='ltr' id='par_1_68' title="bbox 2113 2191 3780 2268">
     <span class='ocr_line' id='line_1_68' title="bbox 2113 2191 3780 2268; baseline -0.002 -18"><span class='ocrx_word' id='word_1_501' title='bbox 2113 2202 2170 2250; x_wconf 91' lang='lat' dir='ltr'>et</span> <span class='ocrx_word' id='word_1_502' title='bbox 2199 2195 2608 2268; x_wconf 88' lang='lat' dir='ltr'>imprudentes</span> <span class='ocrx_word' id='word_1_503' title='bbox 2639 2212 2714 2251; x_wconf 88' lang='lat' dir='ltr'>ne</span> <span class='ocrx_word' id='word_1_504' title='bbox 2747 2195 3062 2267; x_wconf 69' lang='lat' dir='ltr'>praaﬁcias.</span> <span class='ocrx_word' id='word_1_505' title='bbox 3116 2195 3318 2266; x_wconf 91' lang='lat' dir='ltr'>Neque</span> <span class='ocrx_word' id='word_1_506' title='bbox 3379 2209 3447 2248; x_wconf 92' lang='lat' dir='ltr'>eo</span> <span class='ocrx_word' id='word_1_507' title='bbox 3496 2191 3602 2247; x_wconf 87' lang='lat' dir='ltr'>tibi</span> <span class='ocrx_word' id='word_1_508' title='bbox 3633 2207 3780 2263; x_wconf 46' lang='lat' dir='ltr'>per;</span> 
     </span>
    </p>
   </div>
   <div class='ocr_carea' id='block_1_69' title="bbox 2113 2281 3766 2356">
    <p class='ocr_par' dir='ltr' id='par_1_69' title="bbox 2113 2281 3766 2356">
     <span class='ocr_line' id='line_1_69' title="bbox 2113 2281 3766 2356; baseline -0.004 -16"><span class='ocrx_word' id='word_1_509' title='bbox 2113 2285 2424 2350; x_wconf 85' lang='lat' dir='ltr'>suadeant,</span> <span class='ocrx_word' id='word_1_510' title='bbox 2455 2285 2613 2355; x_wconf 93' lang='lat' dir='ltr'>quod</span> <span class='ocrx_word' id='word_1_511' title='bbox 2644 2285 2874 2356; x_wconf 90' lang='lat' dir='ltr'>priores</span> <span class='ocrx_word' id='word_1_512' title='bbox 2905 2289 2961 2338; x_wconf 90' lang='lat' dir='ltr'>te</span> <span class='ocrx_word' id='word_1_513' title='bbox 2993 2284 3386 2356; x_wconf 87' lang='lat' dir='ltr'>imperatores</span> <span class='ocrx_word' id='word_1_514' title='bbox 3419 2281 3566 2336; x_wconf 89' lang='lat' dir='ltr'>tales</span> <span class='ocrx_word' id='word_1_515' title='bbox 3586 2281 3766 2336; x_wconf 84' lang='lat' dir='ltr'>fuisse</span> 
     </span>
    </p>
   </div>
   <div class='ocr_carea' id='block_1_70' title="bbox 2111 2368 3766 2444">
    <p class='ocr_par' dir='ltr' id='par_1_70' title="bbox 2111 2368 3766 2444">
     <span class='ocr_line' id='line_1_70' title="bbox 2111 2368 3766 2444; baseline -0.004 -16"><span class='ocrx_word' id='word_1_516' title='bbox 2111 2375 2332 2430; x_wconf 90' lang='lat' dir='ltr'>dicent.</span> <span class='ocrx_word' id='word_1_517' title='bbox 2362 2375 2495 2428; x_wconf 68' lang='lat' dir='ltr'>Haec</span> <span class='ocrx_word' id='word_1_518' title='bbox 2516 2374 2622 2428; x_wconf 87' lang='lat' dir='ltr'>tibi</span> <span class='ocrx_word' id='word_1_519' title='bbox 2671 2373 2974 2444; x_wconf 66' lang='lat' dir='ltr'>praecipio,</span> <span class='ocrx_word' id='word_1_520' title='bbox 3033 2388 3283 2442; x_wconf 89' lang='lat' dir='ltr'>meoque</span> <span class='ocrx_word' id='word_1_521' title='bbox 3332 2370 3577 2424; x_wconf 91' lang='lat' dir='ltr'>edoctus</span> <span class='ocrx_word' id='word_1_522' title='bbox 3609 2368 3766 2424; x_wconf 88' lang='lat' dir='ltr'>malo</span> 
     </span>
    </p>
   </div>
   <div class='ocr_carea' id='block_1_71' title="bbox 2110 2455 3765 2530">
    <p class='ocr_par' dir='ltr' id='par_1_71' title="bbox 2110 2455 3765 2530">
     <span class='ocr_line' id='line_1_71' title="bbox 2110 2455 3765 2530; baseline -0.005 -13"><span class='ocrx_word' id='word_1_523' title='bbox 2110 2464 2316 2518; x_wconf 89' lang='lat' dir='ltr'>hortor</span> <span class='ocrx_word' id='word_1_524' title='bbox 2355 2467 2421 2516; x_wconf 91' lang='lat' dir='ltr'>ut</span> <span class='ocrx_word' id='word_1_525' title='bbox 2486 2462 2558 2516; x_wconf 90' lang='lat' dir='ltr'>iis</span> <span class='ocrx_word' id='word_1_526' title='bbox 2608 2467 2748 2516; x_wconf 88' lang='lat' dir='ltr'>stes.</span> <span class='ocrx_word' id='word_1_527' title='bbox 2799 2461 2906 2525; x_wconf 85' lang='lat' dir='ltr'>Qui</span> <span class='ocrx_word' id='word_1_528' title='bbox 2957 2459 3287 2530; x_wconf 90' lang='lat' dir='ltr'>locupletes</span> <span class='ocrx_word' id='word_1_529' title='bbox 3335 2462 3493 2525; x_wconf 89' lang='lat' dir='ltr'>sunt,</span> <span class='ocrx_word' id='word_1_530' title='bbox 3553 2455 3765 2526; x_wconf 86' lang='lat' dir='ltr'>opibus</span> 
     </span>
    </p>
   </div>
   <div class='ocr_carea' id='block_1_72' title="bbox 2109 2542 3760 2615">
    <p class='ocr_par' dir='ltr' id='par_1_72' title="bbox 2109 2542 3760 2615">
     <span class='ocr_line' id='line_1_72' title="bbox 2109 2542 3760 2615; baseline -0.005 -9"><span class='ocrx_word' id='word_1_531' title='bbox 2109 2551 2338 2607; x_wconf 90' lang='lat' dir='ltr'>utiliter</span> <span class='ocrx_word' id='word_1_532' title='bbox 2365 2549 2657 2604; x_wconf 83' lang='lat' dir='ltr'>fruantur.</span> <span class='ocrx_word' id='word_1_533' title='bbox 2682 2547 2924 2602; x_wconf 67' lang='lat' dir='ltr'>Prmtuli</span> <span class='ocrx_word' id='word_1_534' title='bbox 2984 2551 3040 2601; x_wconf 81' lang='lat' dir='ltr'>te</span> <span class='ocrx_word' id='word_1_535' title='bbox 3097 2546 3170 2600; x_wconf 90' lang='lat' dir='ltr'>iis</span> <span class='ocrx_word' id='word_1_536' title='bbox 3223 2544 3323 2615; x_wconf 90' lang='lat' dir='ltr'>qui</span> <span class='ocrx_word' id='word_1_537' title='bbox 3357 2561 3478 2598; x_wconf 89' lang='lat' dir='ltr'>non</span> <span class='ocrx_word' id='word_1_538' title='bbox 3517 2542 3760 2598; x_wconf 85' lang='lat' dir='ltr'>habent.</span> 
     </span>
    </p>
   </div>
   <div class='ocr_carea' id='block_1_73' title="bbox 2109 2630 3759 2709">
    <p class='ocr_par' dir='ltr' id='par_1_73' title="bbox 2109 2630 3759 2709">
     <span class='ocr_line' id='line_1_73' title="bbox 2109 2630 3759 2709; baseline -0.007 -14"><span class='ocrx_word' id='word_1_539' title='bbox 2109 2643 2351 2696; x_wconf 85' lang='lat' dir='ltr'>Matrem</span> <span class='ocrx_word' id='word_1_540' title='bbox 2385 2645 2724 2709; x_wconf 75' lang='lat' dir='ltr'>tuam,quaa</span> <span class='ocrx_word' id='word_1_541' title='bbox 2783 2635 3028 2691; x_wconf 90' lang='lat' dir='ltr'>domina</span> <span class='ocrx_word' id='word_1_542' title='bbox 3085 2632 3410 2704; x_wconf 88' lang='lat' dir='ltr'>aliquando</span> <span class='ocrx_word' id='word_1_543' title='bbox 3471 2636 3571 2686; x_wconf 89' lang='lat' dir='ltr'>tua</span> <span class='ocrx_word' id='word_1_544' title='bbox 3629 2630 3759 2701; x_wconf 82' lang='lat' dir='ltr'>fuit,</span> 
     </span>
    </p>
   </div>
   <div class='ocr_carea' id='block_1_74' title="bbox 2109 2719 3760 2788">
    <p class='ocr_par' dir='ltr' id='par_1_74' title="bbox 2109 2719 3760 2788">
     <span class='ocr_line' id='line_1_74' title="bbox 2109 2719 3760 2788; baseline -0.008 -2"><span class='ocrx_word' id='word_1_545' title='bbox 2109 2730 2236 2786; x_wconf 92' lang='lat' dir='ltr'>cole</span> <span class='ocrx_word' id='word_1_546' title='bbox 2261 2745 2327 2784; x_wconf 89' lang='lat' dir='ltr'>ac</span> <span class='ocrx_word' id='word_1_547' title='bbox 2359 2743 2628 2782; x_wconf 89' lang='lat' dir='ltr'>reverere</span> <span class='ocrx_word' id='word_1_548' title='bbox 2663 2743 2676 2780; x_wconf 90' lang='lat'><strong>:</strong></span> <span class='ocrx_word' id='word_1_549' title='bbox 2709 2742 2912 2780; x_wconf 91' lang='lat' dir='ltr'>servus</span> <span class='ocrx_word' id='word_1_550' title='bbox 2973 2723 3134 2779; x_wconf 90' lang='lat' dir='ltr'>enim</span> <span class='ocrx_word' id='word_1_551' title='bbox 3193 2727 3354 2788; x_wconf 88' lang='lat' dir='ltr'>ante,</span> <span class='ocrx_word' id='word_1_552' title='bbox 3406 2737 3567 2776; x_wconf 90' lang='lat' dir='ltr'>nunc</span> <span class='ocrx_word' id='word_1_553' title='bbox 3599 2719 3760 2775; x_wconf 81' lang='lat' dir='ltr'>filius</span> 
     </span>
    </p>
   </div>
   <div class='ocr_carea' id='block_1_75' title="bbox 2109 2807 3762 2891">
    <p class='ocr_par' dir='ltr' id='par_1_75' title="bbox 2109 2807 3762 2891">
     <span class='ocr_line' id='line_1_75' title="bbox 2109 2807 3762 2891; baseline -0.007 -17"><span class='ocrx_word' id='word_1_554' title='bbox 2109 2820 2239 2891; x_wconf 90' lang='lat' dir='ltr'>ejus</span> <span class='ocrx_word' id='word_1_555' title='bbox 2270 2818 2459 2873; x_wconf 86' lang='lat' dir='ltr'>factus</span> <span class='ocrx_word' id='word_1_556' title='bbox 2507 2833 2590 2872; x_wconf 90' lang='lat' dir='ltr'>es.</span> <span class='ocrx_word' id='word_1_557' title='bbox 2642 2816 2775 2870; x_wconf 68' lang='lat' dir='ltr'>Haec</span> <span class='ocrx_word' id='word_1_558' title='bbox 2824 2813 3056 2869; x_wconf 88' lang='lat' dir='ltr'>locutus</span> <span class='ocrx_word' id='word_1_559' title='bbox 3115 2813 3461 2884; x_wconf 87' lang='lat' dir='ltr'>imperator,</span> <span class='ocrx_word' id='word_1_560' title='bbox 3520 2825 3655 2865; x_wconf 90' lang='lat' dir='ltr'>cum</span> <span class='ocrx_word' id='word_1_561' title='bbox 3687 2807 3762 2863; x_wconf 88' lang='lat' dir='ltr'>ad</span> 
     </span>
    </p>
   </div>
   <div class='ocr_carea' id='block_1_76' title="bbox 2108 2899 3760 2982">
    <p class='ocr_par' dir='ltr' id='par_1_76' title="bbox 2108 2899 3760 2982">
     <span class='ocr_line' id='line_1_76' title="bbox 2108 2899 3760 2982; baseline -0.007 -17"><span class='ocrx_word' id='word_1_562' title='bbox 2108 2909 2290 2981; x_wconf 90' lang='lat' dir='ltr'>pedes</span> <span class='ocrx_word' id='word_1_563' title='bbox 2323 2909 2451 2982; x_wconf 87' lang='lat' dir='ltr'>ejus</span> <span class='ocrx_word' id='word_1_564' title='bbox 2483 2924 2545 2963; x_wconf 90' lang='lat' dir='ltr'>se</span> <span class='ocrx_word' id='word_1_565' title='bbox 2577 2905 2995 2980; x_wconf 81' lang='lat' dir='ltr'>prostravisset</span> <span class='ocrx_word' id='word_1_566' title='bbox 3023 2905 3237 2970; x_wconf 76' lang='lat' dir='ltr'>Cmsar,</span> <span class='ocrx_word' id='word_1_567' title='bbox 3270 2900 3502 2958; x_wconf 90' lang='lat' dir='ltr'>addidit</span> <span class='ocrx_word' id='word_1_568' title='bbox 3529 2917 3541 2954; x_wconf 90' lang='lat'>:</span> <span class='ocrx_word' id='word_1_569' title='bbox 3577 2899 3633 2954; x_wconf 89' lang='lat' dir='ltr'>Si</span> <span class='ocrx_word' id='word_1_570' title='bbox 3652 2899 3760 2966; x_wconf 87' lang='lat' dir='ltr'>vis,</span> 
     </span>
    </p>
   </div>
   <div class='ocr_carea' id='block_1_77' title="bbox 2109 2989 3767 3064">
    <p class='ocr_par' dir='ltr' id='par_1_77' title="bbox 2109 2989 3767 3064">
     <span class='ocr_line' id='line_1_77' title="bbox 2109 2989 3767 3064; baseline -0.008 -9"><span class='ocrx_word' id='word_1_571' title='bbox 2109 3015 2280 3055; x_wconf 91' lang='lat' dir='ltr'>sum:</span> <span class='ocrx_word' id='word_1_572' title='bbox 2314 2998 2370 3053; x_wconf 90' lang='lat' dir='ltr'>Si</span> <span class='ocrx_word' id='word_1_573' title='bbox 2398 3014 2517 3052; x_wconf 91' lang='lat' dir='ltr'>non</span> <span class='ocrx_word' id='word_1_574' title='bbox 2544 2997 2650 3064; x_wconf 90' lang='lat' dir='ltr'>vis,</span> <span class='ocrx_word' id='word_1_575' title='bbox 2682 3013 2803 3051; x_wconf 90' lang='lat' dir='ltr'>non</span> <span class='ocrx_word' id='word_1_576' title='bbox 2847 2995 3056 3049; x_wconf 90' lang='lat' dir='ltr'>vivam.</span> <span class='ocrx_word' id='word_1_577' title='bbox 3103 2995 3258 3048; x_wconf 89' lang='lat' dir='ltr'>Deus</span> <span class='ocrx_word' id='word_1_578' title='bbox 3316 2990 3417 3062; x_wconf 92' lang='lat' dir='ltr'>qui</span> <span class='ocrx_word' id='word_1_579' title='bbox 3461 2989 3674 3044; x_wconf 67' lang='lat' dir='ltr'>caelum</span> <span class='ocrx_word' id='word_1_580' title='bbox 3707 2993 3767 3043; x_wconf 89' lang='lat' dir='ltr'>et</span> 
     </span>
    </p>
   </div>
   <div class='ocr_carea' id='block_1_78' title="bbox 2109 3078 3764 3154">
    <p class='ocr_par' dir='ltr' id='par_1_78' title="bbox 2109 3078 3764 3154">
     <span class='ocr_line' id='line_1_78' title="bbox 2109 3078 3764 3154; baseline -0.007 -10"><span class='ocrx_word' id='word_1_581' title='bbox 2109 3094 2328 3144; x_wconf 90' lang='lat' dir='ltr'>terram</span> <span class='ocrx_word' id='word_1_582' title='bbox 2360 3086 2649 3154; x_wconf 90' lang='lat' dir='ltr'>condidit,</span> <span class='ocrx_word' id='word_1_583' title='bbox 2672 3085 2734 3140; x_wconf 91' lang='lat' dir='ltr'>in</span> <span class='ocrx_word' id='word_1_584' title='bbox 2768 3101 2869 3139; x_wconf 91' lang='lat' dir='ltr'>cor</span> <span class='ocrx_word' id='word_1_585' title='bbox 2885 3088 3053 3138; x_wconf 90' lang='lat' dir='ltr'>tuum</span> <span class='ocrx_word' id='word_1_586' title='bbox 3085 3081 3252 3136; x_wconf 91' lang='lat' dir='ltr'>indat</span> <span class='ocrx_word' id='word_1_587' title='bbox 3276 3079 3395 3135; x_wconf 88' lang='lat' dir='ltr'>alia</span> <span class='ocrx_word' id='word_1_588' title='bbox 3425 3078 3764 3148; x_wconf 70' lang='lat' dir='ltr'>etiam,qua3</span> 
     </span>
    </p>
   </div>
   <div class='ocr_carea' id='block_1_79' title="bbox 2111 3167 3767 3242">
    <p class='ocr_par' dir='ltr' id='par_1_79' title="bbox 2111 3167 3767 3242">
     <span class='ocr_line' id='line_1_79' title="bbox 2111 3167 3767 3242; baseline -0.007 -8"><span class='ocrx_word' id='word_1_589' title='bbox 2111 3179 2216 3235; x_wconf 86' lang='lat' dir='ltr'>tibi</span> <span class='ocrx_word' id='word_1_590' title='bbox 2250 3177 2444 3233; x_wconf 91' lang='lat' dir='ltr'>dicere</span> <span class='ocrx_word' id='word_1_591' title='bbox 2476 3176 2697 3231; x_wconf 87' lang='lat' dir='ltr'>oblitus</span> <span class='ocrx_word' id='word_1_592' title='bbox 2720 3191 2872 3230; x_wconf 90' lang='lat' dir='ltr'>sum.</span> <span class='ocrx_word' id='word_1_593' title='bbox 2905 3175 3195 3228; x_wconf 64' lang='lat' dir='ltr'>Caeterum</span> <span class='ocrx_word' id='word_1_594' title='bbox 3215 3171 3540 3242; x_wconf 81' lang='lat' dir='ltr'>imperator</span> <span class='ocrx_word' id='word_1_595' title='bbox 3561 3167 3767 3224; x_wconf 91' lang='lat' dir='ltr'>morbo</span> 
     </span>
    </p>
   </div>
   <div class='ocr_carea' id='block_1_80' title="bbox 2106 3257 3763 3341">
    <p class='ocr_par' dir='ltr' id='par_1_80' title="bbox 2106 3257 3763 3341">
     <span class='ocr_line' id='line_1_80' title="bbox 2106 3257 3763 3341; baseline -0.007 -18"><span class='ocrx_word' id='word_1_596' title='bbox 2106 3269 2550 3341; x_wconf 86' lang='lat' dir='ltr'>ingravescente</span> <span class='ocrx_word' id='word_1_597' title='bbox 2595 3265 2754 3321; x_wconf 89' lang='lat' dir='ltr'>haud</span> <span class='ocrx_word' id='word_1_598' title='bbox 2811 3263 2998 3320; x_wconf 88' lang='lat' dir='ltr'>multo</span> <span class='ocrx_word' id='word_1_599' title='bbox 3058 3265 3192 3334; x_wconf 91' lang='lat' dir='ltr'>post</span> <span class='ocrx_word' id='word_1_600' title='bbox 3220 3260 3400 3315; x_wconf 88' lang='lat' dir='ltr'>vitam</span> <span class='ocrx_word' id='word_1_601' title='bbox 3449 3257 3763 3314; x_wconf 89' lang='lat' dir='ltr'>conclusit.</span> 
     </span>
    </p>
   </div>
   <div class='ocr_carea' id='block_1_81' title="bbox 2104 3347 3763 3430">
    <p class='ocr_par' dir='ltr' id='par_1_81' title="bbox 2104 3347 3763 3430">
     <span class='ocr_line' id='line_1_81' title="bbox 2104 3347 3763 3430; baseline -0.008 -16"><span class='ocrx_word' id='word_1_602' title='bbox 2104 3360 2328 3430; x_wconf 88' lang='lat' dir='ltr'>Corpus</span> <span class='ocrx_word' id='word_1_603' title='bbox 2354 3357 2484 3428; x_wconf 83' lang='lat' dir='ltr'>ejus</span> <span class='ocrx_word' id='word_1_604' title='bbox 2514 3355 2577 3410; x_wconf 90' lang='lat' dir='ltr'>in</span> <span class='ocrx_word' id='word_1_605' title='bbox 2635 3355 2819 3410; x_wconf 91' lang='lat' dir='ltr'>heroo</span> <span class='ocrx_word' id='word_1_606' title='bbox 2874 3349 3196 3408; x_wconf 86' lang='lat' dir='ltr'>Justiniani</span> <span class='ocrx_word' id='word_1_607' title='bbox 3255 3347 3595 3420; x_wconf 89' lang='lat' dir='ltr'>depositum</span> <span class='ocrx_word' id='word_1_608' title='bbox 3652 3351 3763 3416; x_wconf 89' lang='lat' dir='ltr'>est,</span> 
     </span>
    </p>
   </div>
   <div class='ocr_carea' id='block_1_82' title="bbox 2105 3436 3765 3514">
    <p class='ocr_par' dir='ltr' id='par_1_82' title="bbox 2105 3436 3765 3514">
     <span class='ocr_line' id='line_1_82' title="bbox 2105 3436 3765 3514; baseline -0.008 -11"><span class='ocrx_word' id='word_1_609' title='bbox 2105 3449 2166 3503; x_wconf 91' lang='lat' dir='ltr'>in</span> <span class='ocrx_word' id='word_1_610' title='bbox 2223 3463 2361 3503; x_wconf 89' lang='lat' dir='ltr'>arca</span> <span class='ocrx_word' id='word_1_611' title='bbox 2417 3444 2864 3511; x_wconf 86' lang='lat' dir='ltr'>Proconnesia;</span> <span class='ocrx_word' id='word_1_612' title='bbox 2909 3442 3202 3514; x_wconf 80' lang='lat' dir='ltr'>juxtaque</span> <span class='ocrx_word' id='word_1_613' title='bbox 3288 3436 3527 3510; x_wconf 88' lang='lat' dir='ltr'>Sophia,</span> <span class='ocrx_word' id='word_1_614' title='bbox 3614 3451 3765 3492; x_wconf 88' lang='lat' dir='ltr'>uxor</span> 
     </span>
    </p>
   </div>
   <div class='ocr_carea' id='block_1_83' title="bbox 2105 3538 2254 3610">
    <p class='ocr_par' dir='ltr' id='par_1_83' title="bbox 2105 3538 2254 3610">
     <span class='ocr_line' id='line_1_83' title="bbox 2105 3538 2254 3610; baseline 0 -18"><span class='ocrx_word' id='word_1_615' title='bbox 2105 3538 2254 3610; x_wconf 89' lang='lat' dir='ltr'>ejus.</span> 
     </span>
    </p>
   </div>
   <div class='ocr_carea' id='block_1_84' title="bbox 2178 3614 3760 3694">
    <p class='ocr_par' dir='ltr' id='par_1_84' title="bbox 2178 3614 3760 3694">
     <span class='ocr_line' id='line_1_84' title="bbox 2178 3614 3760 3694; baseline -0.006 -15"><span class='ocrx_word' id='word_1_616' title='bbox 2178 3626 2296 3679; x_wconf 82' lang='lat' dir='ltr'>Hoc</span> <span class='ocrx_word' id='word_1_617' title='bbox 2326 3625 2554 3678; x_wconf 85' lang='lat' dir='ltr'>Justino</span> <span class='ocrx_word' id='word_1_618' title='bbox 2585 3622 2917 3694; x_wconf 84' lang='lat' dir='ltr'>imperante</span> <span class='ocrx_word' id='word_1_619' title='bbox 2947 3618 3188 3691; x_wconf 91' lang='lat' dir='ltr'>quidam</span> <span class='ocrx_word' id='word_1_620' title='bbox 3217 3617 3279 3672; x_wconf 91' lang='lat' dir='ltr'>in</span> <span class='ocrx_word' id='word_1_621' title='bbox 3309 3614 3455 3671; x_wconf 90' lang='lat' dir='ltr'>urbe</span> <span class='ocrx_word' id='word_1_622' title='bbox 3475 3615 3760 3670; x_wconf 87' lang='lat' dir='ltr'>vitrorum</span> 
     </span>
    </p>
   </div>
   <div class='ocr_carea' id='block_1_85' title="bbox 2108 3702 3756 3772">
    <p class='ocr_par' dir='ltr' id='par_1_85' title="bbox 2108 3702 3756 3772">
     <span class='ocr_line' id='line_1_85' title="bbox 2108 3702 3756 3772; baseline -0.008 -3"><span class='ocrx_word' id='word_1_623' title='bbox 2108 3713 2399 3769; x_wconf 86' lang='lat' dir='ltr'>contlator</span> <span class='ocrx_word' id='word_1_624' title='bbox 2427 3712 2664 3767; x_wconf 68' lang='lat' dir='ltr'>Iudaeus</span> <span class='ocrx_word' id='word_1_625' title='bbox 2723 3709 2870 3764; x_wconf 80' lang='grc'>687</span> <span class='ocrx_word' id='word_1_626' title='bbox 2933 3708 3175 3763; x_wconf 90' lang='lat' dir='ltr'>unicum</span> <span class='ocrx_word' id='word_1_627' title='bbox 3224 3705 3432 3760; x_wconf 87' lang='lat' dir='ltr'>habuit</span> <span class='ocrx_word' id='word_1_628' title='bbox 3479 3702 3756 3772; x_wconf 77' lang='lat' dir='ltr'>filiolum,</span> 
     </span>
    </p>
   </div>
   <div class='ocr_carea' id='block_1_86' title="bbox 2107 3793 3762 3874">
    <p class='ocr_par' dir='ltr' id='par_1_86' title="bbox 2107 3793 3762 3874">
     <span class='ocr_line' id='line_1_86' title="bbox 2107 3793 3762 3874; baseline -0.008 -16"><span class='ocrx_word' id='word_1_629' title='bbox 2107 3802 2361 3874; x_wconf 89' lang='lat' dir='ltr'>quemin</span> <span class='ocrx_word' id='word_1_630' title='bbox 2391 3801 2654 3856; x_wconf 83' lang='lat' dir='ltr'>scholam</span> <span class='ocrx_word' id='word_1_631' title='bbox 2680 3815 2891 3870; x_wconf 88' lang='lat' dir='ltr'>magno</span> <span class='ocrx_word' id='word_1_632' title='bbox 2911 3795 3132 3868; x_wconf 89' lang='lat' dir='ltr'>templo</span> <span class='ocrx_word' id='word_1_633' title='bbox 3150 3795 3405 3849; x_wconf 89' lang='lat' dir='ltr'>vicinam</span> <span class='ocrx_word' id='word_1_634' title='bbox 3427 3793 3762 3846; x_wconf 89' lang='lat' dir='ltr'>litterarum</span> 
     </span>
    </p>
   </div>
   <div class='ocr_carea' id='block_1_87' title="bbox 2108 3877 3768 3952">
    <p class='ocr_par' dir='ltr' id='par_1_87' title="bbox 2108 3877 3768 3952">
     <span class='ocr_line' id='line_1_87' title="bbox 2108 3877 3768 3952; baseline -0.009 -5"><span class='ocrx_word' id='word_1_635' title='bbox 2108 3891 2529 3948; x_wconf 88' lang='lat' dir='ltr'>discendarum</span> <span class='ocrx_word' id='word_1_636' title='bbox 2561 3904 2738 3945; x_wconf 86' lang='lat' dir='ltr'>causa</span> <span class='ocrx_word' id='word_1_637' title='bbox 2758 3888 2992 3942; x_wconf 83' lang='lat' dir='ltr'>mittere</span> <span class='ocrx_word' id='word_1_638' title='bbox 3048 3883 3299 3940; x_wconf 89' lang='lat' dir='ltr'>solebat.</span> <span class='ocrx_word' id='word_1_639' title='bbox 3361 3881 3502 3952; x_wconf 88' lang='lat' dir='ltr'>Ejus</span> <span class='ocrx_word' id='word_1_640' title='bbox 3559 3877 3768 3950; x_wconf 79' lang='lat' dir='ltr'>templi</span> 
     </span>
    </p>
   </div>
   <div class='ocr_carea' id='block_1_88' title="bbox 2110 3966 3767 4040">
    <p class='ocr_par' dir='ltr' id='par_1_88' title="bbox 2110 3966 3767 4040">
     <span class='ocr_line' id='line_1_88' title="bbox 2110 3966 3767 4040; baseline -0.01 -4"><span class='ocrx_word' id='word_1_641' title='bbox 2110 3981 2368 4036; x_wconf 70' lang='lat' dir='ltr'>tedituus</span> <span class='ocrx_word' id='word_1_642' title='bbox 2398 3996 2532 4035; x_wconf 89' lang='lat' dir='ltr'>cum</span> <span class='ocrx_word' id='word_1_643' title='bbox 2567 3973 3240 4032; x_wconf 69' lang='lat' dir='ltr'>haberetmultassacraa</span> <span class='ocrx_word' id='word_1_644' title='bbox 3263 3966 3767 4040; x_wconf 68' lang='lat' dir='ltr'>caenaireliquias,</span> 
     </span>
    </p>
   </div>
   <div class='ocr_carea' id='block_1_89' title="bbox 2110 4057 3768 4142">
    <p class='ocr_par' dir='ltr' id='par_1_89' title="bbox 2110 4057 3768 4142">
     <span class='ocr_line' id='line_1_89' title="bbox 2110 4057 3768 4142; baseline -0.011 -15"><span class='ocrx_word' id='word_1_645' title='bbox 2110 4070 2312 4142; x_wconf 90' lang='lat' dir='ltr'>pueris</span> <span class='ocrx_word' id='word_1_646' title='bbox 2362 4068 2495 4123; x_wconf 90' lang='lat' dir='ltr'>illas</span> <span class='ocrx_word' id='word_1_647' title='bbox 2552 4063 2992 4121; x_wconf 89' lang='lat' dir='ltr'>consumendas</span> <span class='ocrx_word' id='word_1_648' title='bbox 3051 4060 3247 4117; x_wconf 88' lang='lat' dir='ltr'>dabat.</span> <span class='ocrx_word' id='word_1_649' title='bbox 3302 4059 3381 4114; x_wconf 89' lang='lat' dir='ltr'>lis</span> <span class='ocrx_word' id='word_1_650' title='bbox 3437 4057 3587 4113; x_wconf 85' lang='lat' dir='ltr'>forte</span> <span class='ocrx_word' id='word_1_651' title='bbox 3640 4061 3768 4110; x_wconf 87' lang='lat' dir='ltr'>tum</span> 
     </span>
    </p>
   </div>
   <div class='ocr_carea' id='block_1_90' title="bbox 2111 4144 3766 4226">
    <p class='ocr_par' dir='ltr' id='par_1_90' title="bbox 2111 4144 3766 4226">
     <span class='ocr_line' id='line_1_90' title="bbox 2111 4144 3766 4226; baseline -0.01 -12"><span class='ocrx_word' id='word_1_652' title='bbox 2111 4158 2300 4214; x_wconf 81' lang='lat' dir='ltr'>adfuit</span> <span class='ocrx_word' id='word_1_653' title='bbox 2325 4157 2586 4220; x_wconf 72' lang='lat' dir='ltr'>Judaeus,</span> <span class='ocrx_word' id='word_1_654' title='bbox 2619 4171 2797 4226; x_wconf 90' lang='lat' dir='ltr'>quem</span> <span class='ocrx_word' id='word_1_655' title='bbox 2827 4153 2970 4218; x_wconf 84' lang='lat' dir='ltr'>dixi,</span> <span class='ocrx_word' id='word_1_656' title='bbox 3003 4149 3309 4223; x_wconf 91' lang='lat' dir='ltr'>puerulus.</span> <span class='ocrx_word' id='word_1_657' title='bbox 3347 4146 3452 4202; x_wconf 83' lang='lat' dir='ltr'>Hic</span> <span class='ocrx_word' id='word_1_658' title='bbox 3483 4144 3766 4201; x_wconf 86' lang='lat' dir='ltr'>dimissus</span> 
     </span>
    </p>
   </div>
   <div class='ocr_carea' id='block_1_91' title="bbox 2111 4231 3769 4312">
    <p class='ocr_par' dir='ltr' id='par_1_91' title="bbox 2111 4231 3769 4312">
     <span class='ocr_line' id='line_1_91' title="bbox 2111 4231 3769 4312; baseline -0.01 -9"><span class='ocrx_word' id='word_1_659' title='bbox 2111 4264 2244 4303; x_wconf 89' lang='lat' dir='ltr'>cum</span> <span class='ocrx_word' id='word_1_660' title='bbox 2278 4241 2521 4301; x_wconf 82' lang='lat' dir='ltr'>demum</span> <span class='ocrx_word' id='word_1_661' title='bbox 2562 4244 2858 4309; x_wconf 88' lang='lat' dir='ltr'>rediisset,</span> <span class='ocrx_word' id='word_1_662' title='bbox 2893 4258 2928 4297; x_wconf 92' lang='lat' dir='ltr'>a</span> <span class='ocrx_word' id='word_1_663' title='bbox 2983 4245 3149 4312; x_wconf 88' lang='lat' dir='ltr'>patre</span> <span class='ocrx_word' id='word_1_664' title='bbox 3207 4253 3449 4294; x_wconf 87' lang='lat' dir='ltr'>causam</span> <span class='ocrx_word' id='word_1_665' title='bbox 3487 4231 3769 4289; x_wconf 89' lang='lat' dir='ltr'>tardioris</span> 
     </span>
    </p>
   </div>
   <div class='ocr_carea' id='block_1_92' title="bbox 2111 4325 3768 4403">
    <p class='ocr_par' dir='ltr' id='par_1_92' title="bbox 2111 4325 3768 4403">
     <span class='ocr_line' id='line_1_92' title="bbox 2111 4325 3768 4403; baseline -0.01 -10"><span class='ocrx_word' id='word_1_666' title='bbox 2111 4337 2352 4393; x_wconf 91' lang='lat' dir='ltr'>domum</span> <span class='ocrx_word' id='word_1_667' title='bbox 2403 4333 2715 4390; x_wconf 89' lang='lat' dir='ltr'>reditionis</span> <span class='ocrx_word' id='word_1_668' title='bbox 2763 4331 3094 4403; x_wconf 88' lang='lat' dir='ltr'>postulatus</span> <span class='ocrx_word' id='word_1_669' title='bbox 3148 4325 3457 4398; x_wconf 87' lang='lat' dir='ltr'>respondit</span> <span class='ocrx_word' id='word_1_670' title='bbox 3512 4340 3574 4379; x_wconf 90' lang='lat' dir='ltr'>se</span> <span class='ocrx_word' id='word_1_671' title='bbox 3631 4337 3768 4378; x_wconf 89' lang='lat' dir='ltr'>cum</span> 
     </span>
    </p>
   </div>
   <div class='ocr_carea' id='block_1_93' title="bbox 2111 4411 3770 4493">
    <p class='ocr_par' dir='ltr' id='par_1_93' title="bbox 2111 4411 3770 4493">
     <span class='ocr_line' id='line_1_93' title="bbox 2111 4411 3770 4493; baseline -0.008 -12"><span class='ocrx_word' id='word_1_672' title='bbox 2111 4425 2584 4482; x_wconf 89' lang='lat' dir='ltr'>Christianorum</span> <span class='ocrx_word' id='word_1_673' title='bbox 2642 4421 2842 4493; x_wconf 89' lang='lat' dir='ltr'>pueris</span> <span class='ocrx_word' id='word_1_674' title='bbox 2891 4420 2951 4474; x_wconf 91' lang='lat' dir='ltr'>in</span> <span class='ocrx_word' id='word_1_675' title='bbox 3007 4434 3222 4490; x_wconf 88' lang='lat' dir='ltr'>magno</span> <span class='ocrx_word' id='word_1_676' title='bbox 3292 4413 3518 4485; x_wconf 89' lang='lat' dir='ltr'>templo</span> <span class='ocrx_word' id='word_1_677' title='bbox 3571 4411 3770 4469; x_wconf 89' lang='lat' dir='ltr'>cibum</span> 
     </span>
    </p>
   </div>
   <div class='ocr_carea' id='block_1_94' title="bbox 2115 4501 3768 4586">
    <p class='ocr_par' dir='ltr' id='par_1_94' title="bbox 2115 4501 3768 4586">
     <span class='ocr_line' id='line_1_94' title="bbox 2115 4501 3768 4586; baseline -0.008 -16"><span class='ocrx_word' id='word_1_678' title='bbox 2115 4514 2462 4586; x_wconf 90' lang='lat' dir='ltr'>sumpsisse.</span> <span class='ocrx_word' id='word_1_679' title='bbox 2495 4516 2568 4567; x_wconf 85' lang='lat' dir='ltr'>At</span> <span class='ocrx_word' id='word_1_680' title='bbox 2595 4511 2832 4566; x_wconf 73' lang='lat' dir='ltr'>Iudaeus</span> <span class='ocrx_word' id='word_1_681' title='bbox 2891 4514 3079 4581; x_wconf 86' lang='lat' dir='ltr'>pater,</span> <span class='ocrx_word' id='word_1_682' title='bbox 3129 4505 3338 4561; x_wconf 88' lang='lat' dir='ltr'>dolosa</span> <span class='ocrx_word' id='word_1_683' title='bbox 3393 4503 3500 4559; x_wconf 86' lang='lat' dir='ltr'>illa</span> <span class='ocrx_word' id='word_1_684' title='bbox 3555 4501 3768 4567; x_wconf 84' lang='lat' dir='ltr'>bestia,</span> 
     </span>
    </p>
   </div>
   <div class='ocr_carea' id='block_1_95' title="bbox 347 4590 2004 4677">
    <p class='ocr_par' dir='ltr' id='par_1_95' title="bbox 347 4594 2004 4675">
     <span class='ocr_line' id='line_1_95' title="bbox 347 4594 2004 4675; baseline 0.002 -25"><span class='ocrx_word' id='word_1_685' title='bbox 347 4594 552 4658; x_wconf 77' lang='grc' dir='ltr'>ἐκεῖνος</span> <span class='ocrx_word' id='word_1_686' title='bbox 585 4597 690 4671; x_wconf 73' lang='grc' dir='ltr'>θὴρ</span> <span class='ocrx_word' id='word_1_687' title='bbox 721 4595 929 4675; x_wconf 74' lang='grc' dir='ltr'>σφόδρα</span> <span class='ocrx_word' id='word_1_688' title='bbox 981 4597 1190 4670; x_wconf 78' lang='grc' dir='ltr'>μανεὶς,</span> <span class='ocrx_word' id='word_1_689' title='bbox 1253 4596 1388 4670; x_wconf 87' lang='grc' dir='ltr'>μετᾶ</span> <span class='ocrx_word' id='word_1_690' title='bbox 1441 4596 1504 4651; x_wconf 83' lang='grc' dir='ltr'>τὸ</span> <span class='ocrx_word' id='word_1_691' title='bbox 1556 4596 1841 4672; x_wconf 80' lang='grc' dir='ltr'>ἀριστῆσαι</span> <span class='ocrx_word' id='word_1_692' title='bbox 1903 4599 2004 4655; x_wconf 91' lang='grc' dir='ltr'>λα-</span> 
     </span>
    </p>
   </div>
   <div class='ocr_carea' id='block_1_96' title="bbox 2114 4590 3770 4677">
    <p class='ocr_par' dir='ltr' id='par_1_96' title="bbox 2114 4590 3770 4677">
     <span class='ocr_line' id='line_1_96' title="bbox 2114 4590 3770 4677; baseline -0.009 -18"><span class='ocrx_word' id='word_1_693' title='bbox 2114 4603 2337 4677; x_wconf 87' lang='lat' dir='ltr'>ingenti</span> <span class='ocrx_word' id='word_1_694' title='bbox 2369 4602 2566 4657; x_wconf 80' lang='lat' dir='ltr'>furore</span> <span class='ocrx_word' id='word_1_695' title='bbox 2593 4600 2873 4671; x_wconf 91' lang='lat' dir='ltr'>percitus,</span> <span class='ocrx_word' id='word_1_696' title='bbox 2897 4615 2932 4653; x_wconf 87' lang='lat' dir='ltr'>a</span> <span class='ocrx_word' id='word_1_697' title='bbox 2965 4595 3214 4669; x_wconf 89' lang='lat' dir='ltr'>prandio</span> <span class='ocrx_word' id='word_1_698' title='bbox 3259 4609 3509 4666; x_wconf 89' lang='lat' dir='ltr'>puerum</span> <span class='ocrx_word' id='word_1_699' title='bbox 3541 4591 3601 4646; x_wconf 90' lang='lat' dir='ltr'>in</span> <span class='ocrx_word' id='word_1_700' title='bbox 3630 4590 3770 4646; x_wconf 81' lang='lat' dir='ltr'>ofﬁ-</span> 
     </span>
    </p>
   </div>
   <div class='ocr_carea' id='block_1_97' title="bbox 349 4681 2004 4762">
    <p class='ocr_par' dir='ltr' id='par_1_97' title="bbox 349 4681 2004 4762">
     <span class='ocr_line' id='line_1_97' title="bbox 349 4681 2004 4762; baseline 0.002 -22"><span class='ocrx_word' id='word_1_701' title='bbox 349 4681 460 4740; x_wconf 85' lang='grc' dir='ltr'>ϐὼν</span> <span class='ocrx_word' id='word_1_702' title='bbox 495 4687 557 4741; x_wconf 86' lang='grc' dir='ltr'>τὸ</span> <span class='ocrx_word' id='word_1_703' title='bbox 590 4684 804 4742; x_wconf 82' lang='grc' dir='ltr'>παιδίον</span> <span class='ocrx_word' id='word_1_704' title='bbox 838 4687 929 4742; x_wconf 85' lang='grc' dir='ltr'>καὶ</span> <span class='ocrx_word' id='word_1_705' title='bbox 960 4684 1217 4750; x_wconf 80' lang='grc' dir='ltr'>ἀπελθὼν</span> <span class='ocrx_word' id='word_1_706' title='bbox 1249 4685 1324 4748; x_wconf 85' lang='grc' dir='ltr'>εἰς</span> <span class='ocrx_word' id='word_1_707' title='bbox 1376 4685 1439 4740; x_wconf 88' lang='grc' dir='ltr'>τὸ</span> <span class='ocrx_word' id='word_1_708' title='bbox 1482 4683 1844 4762; x_wconf 71' lang='grc' dir='ltr'>ἔργαστήριον</span> <span class='ocrx_word' id='word_1_709' title='bbox 1903 4690 2004 4745; x_wconf 81' lang='grc' dir='ltr'>αύ-</span> 
     </span>
    </p>
   </div>
   <div class='ocr_carea' id='block_1_98' title="bbox 349 4768 2004 4850">
    <p class='ocr_par' dir='ltr' id='par_1_98' title="bbox 349 4768 2004 4850">
     <span class='ocr_line' id='line_1_98' title="bbox 349 4768 2004 4850; baseline 0.002 -20"><span class='ocrx_word' id='word_1_710' title='bbox 349 4778 448 4830; x_wconf 84' lang='grc' dir='ltr'>τοῦ</span> <span class='ocrx_word' id='word_1_711' title='bbox 470 4768 686 4850; x_wconf 77' lang='grc' dir='ltr'>ἔρῥιψεν</span> <span class='ocrx_word' id='word_1_712' title='bbox 716 4775 846 4830; x_wconf 79' lang='grc' dir='ltr'>αὐτὸ</span> <span class='ocrx_word' id='word_1_713' title='bbox 909 4774 987 4837; x_wconf 88' lang='grc' dir='ltr'>εἰς</span> <span class='ocrx_word' id='word_1_714' title='bbox 1051 4776 1152 4844; x_wconf 82' lang='grc' dir='ltr'>τήν</span> <span class='ocrx_word' id='word_1_715' title='bbox 1203 4777 1430 4848; x_wconf 72' lang='grc' dir='ltr'>κάμινον</span> <span class='ocrx_word' id='word_1_716' title='bbox 1491 4774 1580 4829; x_wconf 85' lang='grc' dir='ltr'>καὶ</span> <span class='ocrx_word' id='word_1_717' title='bbox 1628 4774 1848 4838; x_wconf 85' lang='grc' dir='ltr'>κλείσας</span> <span class='ocrx_word' id='word_1_718' title='bbox 1905 4781 2004 4848; x_wconf 78' lang='grc' dir='ltr'>τὴν</span> 
     </span>
    </p>
   </div>
   <div class='ocr_carea' id='block_1_99' title="bbox 351 4863 2007 4940">
    <p class='ocr_par' dir='ltr' id='par_1_99' title="bbox 351 4863 2007 4940">
     <span class='ocr_line' id='line_1_99' title="bbox 351 4863 2007 4940; baseline 0.003 -23"><span class='ocrx_word' id='word_1_719' title='bbox 351 4864 516 4938; x_wconf 80' lang='grc' dir='ltr'>θύραν</span> <span class='ocrx_word' id='word_1_720' title='bbox 549 4863 920 4940; x_wconf 82' lang='grc' dir='ltr'>ἀνεχώρησεν.</span> <span class='ocrx_word' id='word_1_721' title='bbox 970 4865 1033 4921; x_wconf 85' lang='grc' dir='ltr'>Ἡ</span> <span class='ocrx_word' id='word_1_722' title='bbox 1086 4863 1142 4918; x_wconf 69' lang='grc' dir='ltr'>δὲ</span> <span class='ocrx_word' id='word_1_723' title='bbox 1197 4863 1332 4938; x_wconf 87' lang='grc' dir='ltr'>γυνή</span> <span class='ocrx_word' id='word_1_724' title='bbox 1393 4863 1563 4918; x_wconf 81' lang='grc' dir='ltr'>αὐτοῦ</span> <span class='ocrx_word' id='word_1_725' title='bbox 1618 4867 1716 4934; x_wconf 75' lang='grc' dir='ltr'>τήν</span> <span class='ocrx_word' id='word_1_726' title='bbox 1747 4868 1881 4921; x_wconf 84' lang='grc' dir='ltr'>κατὰ</span> <span class='ocrx_word' id='word_1_727' title='bbox 1910 4872 2007 4922; x_wconf 77' lang='grc' dir='ltr'>τοῦ</span> 
     </span>
    </p>
   </div>
   <div class='ocr_carea' id='block_1_100' title="bbox 348 4949 2008 5027">
    <p class='ocr_par' dir='ltr' id='par_1_100' title="bbox 348 4949 2008 5027">
     <span class='ocr_line' id='line_1_100' title="bbox 348 4949 2008 5027; baseline 0.004 -21"><span class='ocrx_word' id='word_1_728' title='bbox 348 4949 545 5015; x_wconf 84' lang='grc' dir='ltr'>παιδὸς</span> <span class='ocrx_word' id='word_1_729' title='bbox 582 4953 773 5026; x_wconf 83' lang='grc' dir='ltr'>μανίαν</span> <span class='ocrx_word' id='word_1_730' title='bbox 804 4957 900 5008; x_wconf 74' lang='grc' dir='ltr'>τοῦ</span> <span class='ocrx_word' id='word_1_731' title='bbox 953 4950 1166 5027; x_wconf 81' lang='grc' dir='ltr'>ἀνδρὸς,</span> <span class='ocrx_word' id='word_1_732' title='bbox 1226 4953 1398 5021; x_wconf 81' lang='grc' dir='ltr'>αὐτῆς</span> <span class='ocrx_word' id='word_1_733' title='bbox 1448 4950 1640 5026; x_wconf 81' lang='grc' dir='ltr'>εἰδυῖα,</span> <span class='ocrx_word' id='word_1_734' title='bbox 1700 4955 2008 5012; x_wconf 77' lang='grc' dir='ltr'>ἀπελθοῦσα</span> 
     </span>
    </p>
   </div>
   <div class='ocr_carea' id='block_1_101' title="bbox 350 5040 2009 5120">
    <p class='ocr_par' dir='ltr' id='par_1_101' title="bbox 350 5040 2009 5120">
     <span class='ocr_line' id='line_1_101' title="bbox 350 5040 2009 5120; baseline 0.004 -25"><span class='ocrx_word' id='word_1_735' title='bbox 350 5040 405 5096; x_wconf 75' lang='grc' dir='ltr'>ἒν</span> <span class='ocrx_word' id='word_1_736' title='bbox 463 5043 544 5114; x_wconf 80' lang='grc' dir='ltr'>τῷ</span> <span class='ocrx_word' id='word_1_737' title='bbox 613 5041 953 5119; x_wconf 85' lang='grc' dir='ltr'>ἐργαστηρίῳ</span> <span class='ocrx_word' id='word_1_738' title='bbox 1001 5043 1092 5097; x_wconf 86' lang='grc' dir='ltr'>καὶ</span> <span class='ocrx_word' id='word_1_739' title='bbox 1148 5040 1236 5096; x_wconf 83' lang='grc' dir='ltr'>διὰ</span> <span class='ocrx_word' id='word_1_740' title='bbox 1290 5049 1391 5110; x_wconf 80' lang='grc' dir='ltr'>τῆς</span> <span class='ocrx_word' id='word_1_741' title='bbox 1447 5041 1590 5107; x_wconf 79' lang='grc' dir='ltr'>ὀπῆς</span> <span class='ocrx_word' id='word_1_742' title='bbox 1645 5045 2009 5120; x_wconf 78' lang='grc' dir='ltr'>παρακύψασα</span> 
     </span>
    </p>
   </div>
   <div class='ocr_carea' id='block_1_102' title="bbox 348 5127 2008 5211">
    <p class='ocr_par' dir='ltr' id='par_1_102' title="bbox 348 5127 2008 5211">
     <span class='ocr_line' id='line_1_102' title="bbox 348 5127 2008 5211; baseline 0.005 -28"><span class='ocrx_word' id='word_1_743' title='bbox 348 5128 552 5198; x_wconf 77' lang='grc' dir='ltr'>ἤκουσε</span> <span class='ocrx_word' id='word_1_744' title='bbox 576 5131 674 5200; x_wconf 80' lang='grc' dir='ltr'>τῆς</span> <span class='ocrx_word' id='word_1_745' title='bbox 718 5134 906 5210; x_wconf 74' lang='grc' dir='ltr'>φωνῆς</span> <span class='ocrx_word' id='word_1_746' title='bbox 957 5135 1055 5187; x_wconf 82' lang='grc' dir='ltr'>τοῦ</span> <span class='ocrx_word' id='word_1_747' title='bbox 1108 5127 1303 5192; x_wconf 89' lang='grc' dir='ltr'>παιδὸς</span> <span class='ocrx_word' id='word_1_748' title='bbox 1362 5131 1453 5184; x_wconf 84' lang='grc' dir='ltr'>καὶ</span> <span class='ocrx_word' id='word_1_749' title='bbox 1506 5130 1825 5196; x_wconf 72' lang='grc' dir='ltr'>εἰσελθοῦσα</span> <span class='ocrx_word' id='word_1_750' title='bbox 1884 5137 2008 5211; x_wconf 84' lang='grc' dir='ltr'>εὗρε</span> 
     </span>
    </p>
   </div>
   <div class='ocr_carea' id='block_1_103' title="bbox 2117 4678 3771 4760">
    <p class='ocr_par' dir='ltr' id='par_1_103' title="bbox 2117 4678 3771 4760">
     <span class='ocr_line' id='line_1_103' title="bbox 2117 4678 3771 4760; baseline -0.01 -12"><span class='ocrx_word' id='word_1_751' title='bbox 2117 4692 2311 4748; x_wconf 88' lang='lat' dir='ltr'>cinam</span> <span class='ocrx_word' id='word_1_752' title='bbox 2343 4690 2586 4747; x_wconf 91' lang='lat' dir='ltr'>abducit</span> <span class='ocrx_word' id='word_1_753' title='bbox 2615 4690 2797 4760; x_wconf 88' lang='lat' dir='ltr'>inque</span> <span class='ocrx_word' id='word_1_754' title='bbox 2831 4687 3132 4743; x_wconf 86' lang='lat' dir='ltr'>caminum</span> <span class='ocrx_word' id='word_1_755' title='bbox 3161 4683 3391 4756; x_wconf 87' lang='lat' dir='ltr'>abjicit,</span> <span class='ocrx_word' id='word_1_756' title='bbox 3450 4697 3519 4737; x_wconf 88' lang='lat' dir='ltr'>ac</span> <span class='ocrx_word' id='word_1_757' title='bbox 3548 4678 3771 4752; x_wconf 84' lang='lat' dir='ltr'>Opertis</span> 
     </span>
    </p>
   </div>
   <div class='ocr_carea' id='block_1_104' title="bbox 2116 4767 3770 4846">
    <p class='ocr_par' dir='ltr' id='par_1_104' title="bbox 2116 4767 3770 4846">
     <span class='ocr_line' id='line_1_104' title="bbox 2116 4767 3770 4846; baseline -0.01 -10"><span class='ocrx_word' id='word_1_758' title='bbox 2116 4781 2341 4836; x_wconf 86' lang='lat' dir='ltr'>foribus</span> <span class='ocrx_word' id='word_1_759' title='bbox 2371 4779 2616 4835; x_wconf 89' lang='lat' dir='ltr'>recedit.</span> <span class='ocrx_word' id='word_1_760' title='bbox 2638 4779 2793 4833; x_wconf 83' lang='lat' dir='ltr'>Uxor</span> <span class='ocrx_word' id='word_1_761' title='bbox 2824 4783 3181 4846; x_wconf 69' lang='lat' dir='ltr'>autem,quaa</span> <span class='ocrx_word' id='word_1_762' title='bbox 3212 4771 3412 4828; x_wconf 91' lang='lat' dir='ltr'>mariti</span> <span class='ocrx_word' id='word_1_763' title='bbox 3444 4770 3504 4824; x_wconf 92' lang='lat' dir='ltr'>in</span> <span class='ocrx_word' id='word_1_764' title='bbox 3520 4767 3770 4823; x_wconf 80' lang='lat' dir='ltr'>ﬁliolum</span> 
     </span>
    </p>
   </div>
   <div class='ocr_carea' id='block_1_105' title="bbox 2116 4864 3770 4942">
    <p class='ocr_par' dir='ltr' id='par_1_105' title="bbox 2116 4864 3770 4942">
     <span class='ocr_line' id='line_1_105' title="bbox 2116 4864 3770 4942; baseline -0.01 -16"><span class='ocrx_word' id='word_1_765' title='bbox 2116 4872 2378 4926; x_wconf 82' lang='lat' dir='ltr'>furorem</span> <span class='ocrx_word' id='word_1_766' title='bbox 2402 4870 2704 4942; x_wconf 88' lang='lat' dir='ltr'>cognitum</span> <span class='ocrx_word' id='word_1_767' title='bbox 2719 4868 2986 4936; x_wconf 89' lang='lat' dir='ltr'>haberet,</span> <span class='ocrx_word' id='word_1_768' title='bbox 3006 4865 3079 4921; x_wconf 90' lang='lat' dir='ltr'>ad</span> <span class='ocrx_word' id='word_1_769' title='bbox 3109 4864 3410 4920; x_wconf 78' lang='lat' dir='ltr'>officinam</span> <span class='ocrx_word' id='word_1_770' title='bbox 3422 4874 3555 4915; x_wconf 91' lang='lat' dir='ltr'>cum</span> <span class='ocrx_word' id='word_1_771' title='bbox 3571 4871 3770 4912; x_wconf 89' lang='lat' dir='ltr'>acces—</span> 
     </span>
    </p>
   </div>
   <div class='ocr_carea' id='block_1_106' title="bbox 2119 4951 3775 5032">
    <p class='ocr_par' dir='ltr' id='par_1_106' title="bbox 2119 4951 3775 5032">
     <span class='ocr_line' id='line_1_106' title="bbox 2119 4951 3775 5032; baseline -0.01 -17"><span class='ocrx_word' id='word_1_772' title='bbox 2119 4961 2310 5026; x_wconf 87' lang='lat' dir='ltr'>sisset,</span> <span class='ocrx_word' id='word_1_773' title='bbox 2343 4977 2450 5032; x_wconf 87' lang='lat' dir='ltr'>per</span> <span class='ocrx_word' id='word_1_774' title='bbox 2479 4960 2688 5014; x_wconf 89' lang='lat' dir='ltr'>rimam</span> <span class='ocrx_word' id='word_1_775' title='bbox 2725 4955 3145 5028; x_wconf 88' lang='lat' dir='ltr'>introspiciens</span> <span class='ocrx_word' id='word_1_776' title='bbox 3173 4951 3341 5024; x_wconf 89' lang='lat' dir='ltr'>pueri</span> <span class='ocrx_word' id='word_1_777' title='bbox 3366 4963 3567 5004; x_wconf 90' lang='lat' dir='ltr'>vocem</span> <span class='ocrx_word' id='word_1_778' title='bbox 3597 4960 3775 5001; x_wconf 86' lang='lat' dir='ltr'>exau-</span> 
     </span>
    </p>
   </div>
   <div class='ocr_carea' id='block_1_107' title="bbox 2118 5037 3770 5122">
    <p class='ocr_par' dir='ltr' id='par_1_107' title="bbox 2118 5037 3770 5122">
     <span class='ocr_line' id='line_1_107' title="bbox 2118 5037 3770 5122; baseline -0.01 -18"><span class='ocrx_word' id='word_1_779' title='bbox 2118 5051 2280 5105; x_wconf 90' lang='lat' dir='ltr'>divit.</span> <span class='ocrx_word' id='word_1_780' title='bbox 2315 5052 2386 5104; x_wconf 86' lang='lat' dir='ltr'>Et</span> <span class='ocrx_word' id='word_1_781' title='bbox 2417 5049 2684 5122; x_wconf 89' lang='lat' dir='ltr'>ingressa</span> <span class='ocrx_word' id='word_1_782' title='bbox 2715 5045 2940 5101; x_wconf 90' lang='lat' dir='ltr'>invenit</span> <span class='ocrx_word' id='word_1_783' title='bbox 2996 5061 3131 5099; x_wconf 90' lang='lat' dir='ltr'>eum</span> <span class='ocrx_word' id='word_1_784' title='bbox 3165 5043 3226 5096; x_wconf 91' lang='lat' dir='ltr'>in</span> <span class='ocrx_word' id='word_1_785' title='bbox 3275 5041 3448 5095; x_wconf 86' lang='lat' dir='ltr'>furno</span> <span class='ocrx_word' id='word_1_786' title='bbox 3475 5037 3770 5108; x_wconf 88' lang='lat' dir='ltr'>integrum</span> 
     </span>
    </p>
   </div>
   <div class='ocr_carea' id='block_1_108' title="bbox 2119 5125 3771 5209">
    <p class='ocr_par' dir='ltr' id='par_1_108' title="bbox 2119 5125 3771 5209">
     <span class='ocr_line' id='line_1_108' title="bbox 2119 5125 3771 5209; baseline -0.01 -15"><span class='ocrx_word' id='word_1_787' title='bbox 2119 5139 2271 5194; x_wconf 90' lang='lat' dir='ltr'>nihil</span> <span class='ocrx_word' id='word_1_788' title='bbox 2303 5139 2375 5194; x_wconf 89' lang='lat' dir='ltr'>ab</span> <span class='ocrx_word' id='word_1_789' title='bbox 2407 5139 2542 5209; x_wconf 86' lang='lat' dir='ltr'>igne</span> <span class='ocrx_word' id='word_1_790' title='bbox 2573 5152 2835 5208; x_wconf 88' lang='lat' dir='ltr'>passum.</span> <span class='ocrx_word' id='word_1_791' title='bbox 2867 5133 2975 5199; x_wconf 86' lang='lat' dir='ltr'>Qui</span> <span class='ocrx_word' id='word_1_792' title='bbox 3029 5149 3065 5188; x_wconf 91' lang='lat' dir='ltr'>a</span> <span class='ocrx_word' id='word_1_793' title='bbox 3114 5135 3301 5186; x_wconf 88' lang='lat' dir='ltr'>matre</span> <span class='ocrx_word' id='word_1_794' title='bbox 3333 5125 3603 5192; x_wconf 89' lang='lat' dir='ltr'>eductus,</span> <span class='ocrx_word' id='word_1_795' title='bbox 3635 5139 3771 5180; x_wconf 90' lang='lat' dir='ltr'>cum</span> 
     </span>
    </p>
   </div>
   <div class='ocr_carea' id='block_1_109' title="bbox 1550 5239 2555 5304">
    <p class='ocr_par' dir='ltr' id='par_1_109' title="bbox 1550 5239 2555 5304">
     <span class='ocr_line' id='line_1_109' title="bbox 1550 5239 2555 5304; baseline 0.004 -8"><span class='ocrx_word' id='word_1_796' title='bbox 1550 5239 1910 5300; x_wconf 81' lang='lat' dir='ltr'>XYLANDRI</span> <span class='ocrx_word' id='word_1_797' title='bbox 1953 5248 2037 5301; x_wconf 92' lang='lat' dir='ltr'><strong>ET</strong></span> <span class='ocrx_word' id='word_1_798' title='bbox 2076 5248 2294 5304; x_wconf 83' lang='lat' dir='ltr'>GOARI</span> <span class='ocrx_word' id='word_1_799' title='bbox 2333 5247 2555 5301; x_wconf 66' lang='lat' dir='ltr'>NOTAE.</span> 
     </span>
    </p>
   </div>
   <div class='ocr_carea' id='block_1_110' title="bbox 426 5363 2013 5446">
    <p class='ocr_par' dir='ltr' id='par_1_110' title="bbox 426 5363 2013 5446">
     <span class='ocr_line' id='line_1_110' title="bbox 426 5363 2013 5446; baseline 0.006 -30"><span class='ocrx_word' id='word_1_800' title='bbox 426 5363 538 5446; x_wconf 67' lang='lat'>(77)</span> <span class='ocrx_word' id='word_1_801' title='bbox 566 5364 888 5446; x_wconf 42' lang='lat' dir='ltr'>adoptatus</span> <span class='ocrx_word' id='word_1_802' title='bbox 918 5363 991 5446; x_wconf 75' lang='lat' dir='ltr'>ad</span> <span class='ocrx_word' id='word_1_803' title='bbox 1022 5364 1654 5446; x_wconf 73' lang='lat' dir='ltr'>pedes_adoptantiu_m</span> <span class='ocrx_word' id='word_1_804' title='bbox 1692 5370 2013 5446; x_wconf 60' lang='lat' dir='ltr'>procidere</span> 
     </span>
    </p>
   </div>
   <div class='ocr_carea' id='block_1_111' title="bbox 355 5434 2014 5516">
    <p class='ocr_par' dir='ltr' id='par_1_111' title="bbox 355 5434 2014 5516">
     <span class='ocr_line' id='line_1_111' title="bbox 355 5434 2014 5516; baseline 0.005 -28"><span class='ocrx_word' id='word_1_805' title='bbox 355 5434 530 5516; x_wconf 75' lang='lat' dir='ltr'>docet</span> <span class='ocrx_word' id='word_1_806' title='bbox 554 5434 712 5516; x_wconf 75' lang='lat' dir='ltr'>ritus</span> <span class='ocrx_word' id='word_1_807' title='bbox 731 5434 1166 5516; x_wconf 71' lang='lat' dir='ltr'>euchologicus.</span> <span class='ocrx_word' id='word_1_808' title='bbox 1193 5434 1444 5492; x_wconf 66' lang='lat' dir='ltr'>Praestat</span> <span class='ocrx_word' id='word_1_809' title='bbox 1490 5436 1549 5490; x_wconf 92' lang='lat' dir='ltr'>id</span> <span class='ocrx_word' id='word_1_810' title='bbox 1579 5434 1820 5516; x_wconf 71' lang='lat' dir='ltr'>Iustino</span> <span class='ocrx_word' id='word_1_811' title='bbox 1839 5443 2014 5516; x_wconf 88' lang='lat' dir='ltr'>_Tibe—</span> 
     </span>
    </p>
   </div>
   <div class='ocr_carea' id='block_1_112' title="bbox 353 5507 2014 5590">
    <p class='ocr_par' dir='ltr' id='par_1_112' title="bbox 353 5507 2014 5590">
     <span class='ocr_line' id='line_1_112' title="bbox 353 5507 2014 5590; baseline 0.004 -31"><span class='ocrx_word' id='word_1_812' title='bbox 353 5507 587 5590; x_wconf 38' lang='lat' dir='ltr'>rius,.et</span> <span class='ocrx_word' id='word_1_813' title='bbox 617 5507 895 5590; x_wconf 78' lang='lat' dir='ltr'>Sophiam</span> <span class='ocrx_word' id='word_1_814' title='bbox 925 5507 1137 5590; x_wconf 73' lang='lat' dir='ltr'>Justini</span> <span class='ocrx_word' id='word_1_815' title='bbox 1189 5524 1432 5590; x_wconf 64' lang='lat' dir='ltr'>uxorein</span> <span class='ocrx_word' id='word_1_816' title='bbox 1461 5524 1604 5589; x_wconf 42' lang='lat' dir='ltr'>.non</span> <span class='ocrx_word' id='word_1_817' title='bbox 1636 5509 1763 5580; x_wconf 87' lang='lat' dir='ltr'>jam</span> <span class='ocrx_word' id='word_1_818' title='bbox 1795 5507 2014 5566; x_wconf 86' lang='grc' dir='ltr'>δέσποι-</span> 
     </span>
    </p>
   </div>
   <div class='ocr_carea' id='block_1_113' title="bbox 351 5578 2011 5646">
    <p class='ocr_par' dir='ltr' id='par_1_113' title="bbox 351 5578 2011 5646">
     <span class='ocr_line' id='line_1_113' title="bbox 351 5578 2011 5646; baseline 0.007 -17"><span class='ocrx_word' id='word_1_819' title='bbox 351 5595 471 5641; x_wconf 85' lang='grc' dir='ltr'>ναν,</span> <span class='ocrx_word' id='word_1_820' title='bbox 503 5580 927 5646; x_wconf 72' lang='lat' dir='ltr'>imperatricem.</span> <span class='ocrx_word' id='word_1_821' title='bbox 953 5579 1057 5634; x_wconf 89' lang='lat' dir='ltr'>sed</span> <span class='ocrx_word' id='word_1_822' title='bbox 1101 5586 1332 5634; x_wconf 81' lang='lat' dir='ltr'>matrem</span> <span class='ocrx_word' id='word_1_823' title='bbox 1363 5578 1475 5634; x_wconf 88' lang='lat' dir='ltr'>sibi</span> <span class='ocrx_word' id='word_1_824' title='bbox 1535 5578 2011 5640; x_wconf 82' lang='lat' dir='ltr'>commendatam</span> 
     </span>
    </p>
   </div>
   <div class='ocr_carea' id='block_1_114' title="bbox 356 5649 2012 5726">
    <p class='ocr_par' dir='ltr' id='par_1_114' title="bbox 356 5649 2012 5726">
     <span class='ocr_line' id='line_1_114' title="bbox 356 5649 2012 5726; baseline 0.005 -23"><span class='ocrx_word' id='word_1_825' title='bbox 356 5649 641 5723; x_wconf 82' lang='lat' dir='ltr'>agnoscit.</span> <span class='ocrx_word' id='word_1_826' title='bbox 661 5649 1026 5706; x_wconf 78' lang='lat' dir='ltr'>Refertidem</span> <span class='ocrx_word' id='word_1_827' title='bbox 1051 5651 1372 5706; x_wconf 90' lang='lat' dir='ltr'>Simocatta</span> <span class='ocrx_word' id='word_1_828' title='bbox 1401 5649 1528 5706; x_wconf 91' lang='lat' dir='ltr'>loco</span> <span class='ocrx_word' id='word_1_829' title='bbox 1559 5652 1737 5707; x_wconf 84' lang='lat' dir='ltr'>citato</span> <span class='ocrx_word' id='word_1_830' title='bbox 1759 5669 1772 5719; x_wconf 92' lang='lat'>;</span> <span class='ocrx_word' id='word_1_831' title='bbox 1793 5655 2012 5726; x_wconf 89' lang='lat' dir='ltr'>ipsum-</span> 
     </span>
    </p>
   </div>
   <div class='ocr_carea' id='block_1_115' title="bbox 2125 5351 3774 5442">
    <p class='ocr_par' dir='ltr' id='par_1_115' title="bbox 2125 5351 3774 5442">
     <span class='ocr_line' id='line_1_115' title="bbox 2125 5351 3774 5442; baseline -0.011 -17"><span class='ocrx_word' id='word_1_832' title='bbox 2125 5388 2238 5442; x_wconf 90' lang='lat' dir='ltr'>que</span> <span class='ocrx_word' id='word_1_833' title='bbox 2267 5369 2678 5442; x_wconf 84' lang='lat' dir='ltr'>patriarcham_</span> <span class='ocrx_word' id='word_1_834' title='bbox 2715 5362 3051 5442; x_wconf 87' lang='lat' dir='ltr'>adoptionis</span> <span class='ocrx_word' id='word_1_835' title='bbox 3101 5366 3234 5442; x_wconf 75' lang='lat' dir='ltr'>vota</span> <span class='ocrx_word' id='word_1_836' title='bbox 3285 5376 3358 5415; x_wconf 80' lang='lat' dir='ltr'>ex</span> <span class='ocrx_word' id='word_1_837' title='bbox 3413 5351 3774 5442; x_wconf 63' lang='lat' dir='ltr'>Euohologio</span> 
     </span>
    </p>
   </div>
   <div class='ocr_carea' id='block_1_116' title="bbox 2124 5424 3775 5515">
    <p class='ocr_par' dir='ltr' id='par_1_116' title="bbox 2124 5424 3775 5515">
     <span class='ocr_line' id='line_1_116' title="bbox 2124 5424 3775 5515; baseline -0.012 -17"><span class='ocrx_word' id='word_1_838' title='bbox 2124 5424 2334 5515; x_wconf 70' lang='lat' dir='ltr'>legisse</span> <span class='ocrx_word' id='word_1_839' title='bbox 2363 5445 2588 5515; x_wconf 81' lang='lat' dir='ltr'>narrat,</span> <span class='ocrx_word' id='word_1_840' title='bbox 2610 5439 2683 5515; x_wconf 80' lang='lat' dir='ltr'>ad</span> <span class='ocrx_word' id='word_1_841' title='bbox 2715 5424 2884 5510; x_wconf 77' lang='lat' dir='ltr'>cujus</span> <span class='ocrx_word' id='word_1_842' title='bbox 2901 5450 3108 5506; x_wconf 88' lang='lat' dir='ltr'>preces</span> <span class='ocrx_word' id='word_1_843' title='bbox 3139 5433 3318 5488; x_wconf 90' lang='lat' dir='ltr'>etiam</span> <span class='ocrx_word' id='word_1_844' title='bbox 3348 5424 3775 5485; x_wconf 88' lang='lat' dir='ltr'>astantesbene</span> 
     </span>
    </p>
   </div>
   <div class='ocr_carea' id='block_1_117' title="bbox 2124 5513 3654 5584">
    <p class='ocr_par' dir='ltr' id='par_1_117' title="bbox 2124 5513 3654 5584">
     <span class='ocr_line' id='line_1_117' title="bbox 2124 5513 3654 5584; baseline 0.012 -18"><span class='ocrx_word' id='word_1_845' title='bbox 2124 5513 2244 5567; x_wconf 86' lang='lat' dir='ltr'>sint</span> <span class='ocrx_word' id='word_1_846' title='bbox 2271 5513 2594 5584; x_wconf 83' lang='lat' dir='ltr'>apprecati.</span> <span class='ocrx_word' id='word_1_847' title='bbox 2629 5513 2801 5584; x_wconf 56' lang='lat' dir='ltr'>(ipsa,</span> <span class='ocrx_word' id='word_1_848' title='bbox 2846 5579 2897 5584; x_wconf 83' lang='lat'>__</span> <span class='ocrx_word' id='word_1_849' title='bbox 2976 5576 2992 5584; x_wconf 91' lang='lat'><em>_</em></span> <span class='ocrx_word' id='word_1_850' title='bbox 3191 5575 3205 5584; x_wconf 88' lang='lat'><em>_</em></span> <span class='ocrx_word' id='word_1_851' title='bbox 3432 5573 3448 5584; x_wconf 86' lang='lat'>.</span> <span class='ocrx_word' id='word_1_852' title='bbox 3554 5568 3570 5584; x_wconf 69' lang='grc' dir='ltr'>ς</span> <span class='ocrx_word' id='word_1_853' title='bbox 3618 5567 3654 5584; x_wconf 68' lang='grc' dir='ltr'>,υ</span> 
     </span>
    </p>
   </div>
   <div class='ocr_carea' id='block_1_118' title="bbox 2193 5568 3772 5656">
    <p class='ocr_par' dir='ltr' id='par_1_118' title="bbox 2193 5568 3772 5656">
     <span class='ocr_line' id='line_1_118' title="bbox 2193 5568 3772 5656; baseline -0.012 -17"><span class='ocrx_word' id='word_1_854' title='bbox 2193 5568 2323 5656; x_wconf 63' lang='lat'>(78)&#39;</span> <span class='ocrx_word' id='word_1_855' title='bbox 2345 5568 2578 5654; x_wconf 75' lang='lat' dir='ltr'>Lapidis</span> <span class='ocrx_word' id='word_1_856' title='bbox 2609 5582 2727 5637; x_wconf 87' lang='lat' dir='ltr'>albi</span> <span class='ocrx_word' id='word_1_857' title='bbox 2753 5568 3131 5656; x_wconf 57' lang='lat' dir='ltr'>a’strapong</span> <span class='ocrx_word' id='word_1_858' title='bbox 3191 5575 3229 5630; x_wconf 94' lang='lat' dir='ltr'>l.</span> <span class='ocrx_word' id='word_1_859' title='bbox 3281 5568 3680 5656; x_wconf 42' lang='lat' dir='ltr'>xuinlaudati,</span> <span class='ocrx_word' id='word_1_860' title='bbox 3741 5582 3772 5620; x_wconf 77' lang='grc' dir='ltr'>θ</span> 
     </span>
    </p>
   </div>
   <div class='ocr_carea' id='block_1_119' title="bbox 2121 5648 3583 5725">
    <p class='ocr_par' dir='ltr' id='par_1_119' title="bbox 2121 5648 3583 5725">
     <span class='ocr_line' id='line_1_119' title="bbox 2121 5648 3583 5725; baseline -0.01 -13"><span class='ocrx_word' id='word_1_861' title='bbox 2121 5648 2514 5712; x_wconf 65' lang='lat' dir='ltr'>Prmconnéso</span> <span class='ocrx_word' id='word_1_862' title='bbox 2545 5651 2940 5725; x_wconf 90' lang='lat' dir='ltr'>Propontidos</span> <span class='ocrx_word' id='word_1_863' title='bbox 2973 5648 3170 5705; x_wconf 88' lang='lat' dir='ltr'>insula</span> <span class='ocrx_word' id='word_1_864' title='bbox 3201 5648 3374 5704; x_wconf 84' lang='lat' dir='ltr'>eruti.</span> <span class='ocrx_word' id='word_1_865' title='bbox 3409 5648 3583 5702; x_wconf 69' lang='lat' dir='ltr'>Gosa.</span> 
     </span>
    </p>
   </div>
  </div>
