4170 6204
308 364 427 424 753
445 407 447 409 ι

1433 361 1982 429 HISTORIARUM
2031 360 2570 424 COMPENDIUM.

3608 369 3726 431 ’154

313 503 520 578 φορεῖν.
556 499 799 574 ’Λγαγὼν
835 498 892 555 δὲ
936 500 1289 558 ’Δναστασίαν
1342 504 1442 570 τήν
1496 505 1723 575 γυναῖκα
1779 497 1940 551 αὐτοῦ

2080 494 2363 548 Produxit
2394 497 2570 550 etiam
2619 499 2990 553 Anastasiam
3019 516 3262 556 uxorem
3284 518 3474 570 suam,
3507 519 3578 557 ex
3609 520 3728 574 qua

311 582 546 662 ἔχουσαν
608 585 660 659 ἐξ
719 587 885 657 αὐτῆς
943 591 1032 644 καὶ
1093 592 1385 666 θυγατέρας
1445 587 1544 644 δύο
1601 588 1820 662 Χαριτὼ
1876 586 1966 639 καὶ

308 683 748 746 Κωνσταντῖνανν
814 681 1035 753 ἒ(ι’ττεψεν
1097 680 1269 748 αύτήν
1327 679 1668 753 Δύγοῦσταν,
1731 674 1819 730 καὶ
1878 669 1962 750 ἕρο

305 769 457 844 ῥιψεν
531 768 788 824 ὑπατείαν
842 773 958 841 (84)
1039 767 1276 840 πολλήν.
1347 768 1536 840 Τούτῳ
1595 771 1674 838 τῷ
1750 762 1967 842 βασιλεῖ

303 859 493 934 γέγονε
549 857 666 913 θεία
715 857 892 934 ὀμφὴ,
952 857 1189 934 ἀγγέλου
1221 859 1333 912 κατ’
1367 853 1496 932 ὄναρ
1531 855 1796 917 εἲπὸντος·
1827 851 1964 910 Τάδε

298 965 384 1000 σοι
419 943 567 1021 λέγει
600 946 662 1000 τὸ
705 945 1027 1021 Τρισάγιου,
1079 945 1166 1001 Ὀἱ
1219 943 1468 1019 λύραννοι
1525 946 1624 1007 τῆς
1686 938 1963 1018 βασιλείας

307 1031 396 1088 ἐπὶ
426 1037 532 1087 σῶν
563 1032 626 1088 οὐ
658 1054 978 1110 φοιτησουσι
1015 1033 1236 1108 χρόνον.

366 1125 466 1195 Τῷ
602 1119 709 1178 ἔτει
754 1121 1038 1178 ἀπέστειλε
1089 1117 1340 1197 πρέσϐεις
1403 1122 1538 1197 πρὸς
1595 1121 1687 1175 τὸν
1733 1117 1960 1195 βασιλέα

297 1217 520 1288 Περσῶν
589 1213 724 1267 κατὰ
789 1213 852 1267 τὸ
931 1210 1075 1280 ἔθος,
1163 1210 1385 1286 μηνύων
1445 1211 1543 1280 τήν
1610 1208 1956 1286 ἀναγόρευσιν

299 1300 487 1356 αὐτοῦ’
547 1301 638 1356 καὶ
697 1301 758 1356 οὗ
815 1303 1133 1374 προσήκατο
1191 1302 1294 1370 τὴν
1354 1299 1568 1375 εἰρήνην
1603 1300 1769 1354 ὁτῶν
1811 1303 1956 1372 Περ-

299 1394 406 1444 σῶν
443 1388 719 1465 βασιλεύς.
769 1391 832 1447 Ὀ
873 1387 930 1445 δὲ
982 1385 1230 1466 Τιϐέριος
1290 1387 1602 1463 διασπείρας
1640 1387 1768 1450 τοὺς
1799 1389 1956 1462 βασι-

295 1476 490 1541 λικοὺς
548 1478 856 1553 θησαυροὺς
915 1477 1104 1534 πολλά
1161 1475 1501 1554 στρατόπεδα
1554 1477 1798 1548 ἐποίησε,
1833 1497 1953 1552 χει-

295 1570 596 1644 ροτονήσας
655 1571 1037 1625 Ἰουστινιανὸν
1098 1590 1216 1624 τινα
1274 1567 1573 1643 στρατηγὸν
1630 1567 1954 1638 Ἀνατολῆς,

301 1658 360 1722 ὅς
392 1653 677 1714 ἀναλαϐὼν
705 1659 803 1721 τὰς
856 1657 1112 1732 δυνάμεις
1169 1658 1258 1714 ἐπὶ
1313 1659 1376 1713 τὸ
1435 1658 1610 1731 Δαρᾶς
1643 1658 1754 1730 (85)
1780 1676 1956 1731 παρα-

291 1749 524 1824 γίνεται.
582 1749 685 1805 Καὶ
713 1751 815 1819 τῆς
847 1751 1193 1822 παρατάξεως
1251 1746 1552 1823 γενομένης
1590 1752 1698 1802 τῶν
1737 1749 1955 1822 Περσῶν

2076 583 2225 638 duas
2253 584 2509 640 habebat
2533 586 2708 655 filias,
2740 588 3119 644 Charitonem
3139 607 3221 645 ac
3251 591 3724 663 Constantinam,

2077 687 2325 744 eamque
2376 676 2671 748 augustali
2724 694 2942 732 corona
2991 680 3311 745 exornavit,
3348 681 3723 754 multumque

2073 761 2370 818 nomisma
2431 764 2492 818 in
2546 765 2833 837 populum
2893 767 3128 838 sparsit.
3190 769 3335 824 Huic
3393 770 3453 824 in
3494 771 3720 826 somnis

2073 850 2318 922 angelus
2344 853 2621 923 praedixit
2649 855 2891 910 nomine
2940 861 3158 911 sanctas
3189 857 3488 912 Trinitatis
3519 863 3723 930 tyran-

2072 956 2181 995 nos
2215 940 2340 1013 ipso
2371 941 2701 1013 imperante
2731 943 3048 1015 imperium
3079 962 3198 1000 non
3231 947 3558 1003 invasuros.

2140 1116 2313 1170 Anno
2347 1115 2579 1186 imperii
2633 1117 2723 1171 sui
2774 1118 3034 1173 secundo
3084 1119 3351 1176 Tiberius
3388 1122 3612 1194 legatos
3640 1123 3714 1179 de

2067 1221 2234 1259 more
2266 1205 2338 1260 ad
2368 1207 2684 1261 Persarum
2723 1223 2921 1280 regem
2967 1207 3148 1278 misit,
3182 1211 3465 1267 nuntians
3494 1229 3556 1267 se
3585 1229 3715 1268 esse

2067 1295 2488 1366 imperatorem
2561 1302 2854 1352 creatum.
2909 1298 3200 1353 Caeterum
3267 1301 3444 1356 Persa
3507 1318 3715 1372 pacem

2066 1383 2416 1456 repudiavit.
2471 1385 2739 1440 Tiberius
2791 1402 2929 1458 ergo
2979 1387 3380 1458 imperatoriis
3419 1391 3748 1446 thesauris

2067 1473 2288 1530 multos
2320 1474 2605 1530 conduxit
2660 1475 2952 1532 exercitus
2985 1482 3044 1532 et
3077 1477 3479 1535 Justinianum
3512 1496 3715 1551 quem-

2066 1566 2201 1622 dam
2236 1567 2460 1622 Orienti
2491 1567 2798 1639 praafecit;
2831 1569 2930 1640 qui
2965 1587 3098 1624 cum
3132 1571 3396 1626 exercitu
3425 1571 3500 1627 ad
3528 1573 3709 1627 Daras

2063 1656 2363 1726 profectus
2412 1662 2518 1711 est.
2543 1657 2646 1712 Ubi
2673 1674 2806 1712 cum
2831 1658 3090 1714 adversm
3112 1660 3240 1732 jam
3272 1661 3428 1716 acies
3461 1663 3710 1731 coirent,

2063 1747 2430 1819 colloquium
2461 1749 2533 1804 de
2565 1766 2710 1822 pace
2741 1750 3274 1824 intervenit,eaque
3305 1754 3364 1808 in
3397 1753 3710 1825 quadrien-

290 1835 383 1889 καὶ
414 1835 730 1908 Ῥωμαίων,
764 1835 840 1898 εἲς
901 1834 1104 1912 λόγους
1131 1835 1302 1905 ἦλθον
1353 1833 1443 1889 καὶ
1496 1833 1632 1909 πρὸς
1667 1832 1940 1904 ἀλλήλους

2062 1837 2231 1893 nium
2262 1843 2436 1910 pacta
2464 1839 2600 1896 fuit.

294 1922 614 1980 σπένδονται
647 1927 848 2000 χρόνον
875 1934 1156 2001 τετραετῆ.

365 2013 458 2087 Τῷ
488 2015 537 2091 γ’
565 2009 693 2084 ἔτει,
746 2019 844 2070 τοῦ
891 2019 998 2070 τῶν
1057 2018 1276 2089 Περσῶν
1337 2016 1608 2092 βασιλέως
1643 2013 1949 2090 μέλλοντος

296 2101 391 2157 τὸν
458 2101 706 2176 πόλεμον
795 2103 1136 2181 αὐτουργεῖν,
1197 2105 1224 2159 ὁ
1283 2104 1565 2179 Ῥωμαίων
1649 2103 1946 2179 στρατηγὸς

295 2191 433 2264 πρὸς
491 2191 618 2251 τοὺς
685 2193 889 2266 Πέρσας
957 2197 1150 2267 χωρεῖ.
1222 2194 1325 2249 Καὶ
1393 2201 1492 2263 τῆς
1539 2189 1944 2262 κατασυστάδην

299 2281 490 2354 μάχης
545 2279 861 2354 γενομένης,
923 2281 1140 2356 βαθείας
1191 2289 1294 2352 τῆς
1344 2287 1453 2337 τῶν
1511 2280 1798 2354 Ῥωμαίων
1843 2281 1946 2348 φά-

293 2364 502 2445 λαγγος
535 2367 702 2440 οὔσης
759 2373 794 2439 ἡ
851 2375 958 2425 τῶν
1013 2376 1228 2446 Περσῶν
1279 2373 1369 2426 καὶ
1405 2367 1774 2428 Βαϐυλωνίων
1822 2370 1943 2442 τρέ-

290 2479 448 2514 πεται
482 2457 718 2528 πληθὺς,
766 2459 858 2514 καὶ
917 2461 1259 2536 ἀναιροῦνται
1316 2463 1505 2532 πλήθη
1545 2458 1751 2516 πολλά.
1788 2467 1941 2531 Λαμ-

292 2541 522 2602 6άνουσι
564 2545 620 2602 δὲ
669 2550 719 2602 οἱ
779 2550 1066 2621 Ῥωμαῖοι,
1101 2550 1190 2604 καὶ
1243 2551 1305 2604 τὸ
1359 2555 1466 2605 τῶν
1523 2553 1738 2623 Περσῶν
1771 2547 1941 2604 τοῦλ-

290 2633 382 2690 δον
418 2640 555 2710 (86),
613 2639 702 2691 καὶ
758 2639 821 2693 τὸ
883 2638 1167 2714 βασιλικὸν
1216 2641 1614 2713 σκηνοπήγιον,
1645 2638 1938 2693 καὶπᾶσαν

287 2723 385 2792 τήν
442 2725 750 2794 ἀποσκευὴν
803 2723 1048 2798 ἐπίδοξον
1099 2723 1284 2808 οὖσαν,
1334 2727 1422 2780 καὶ
1461 2725 1590 2788 τοὺς
1624 2725 1940 2801 ἐλέφαντας,

287 2813 340 2884 ἐξ
373 2815 446 2868 ὧν
477 2816 544 2868 τὰ
598 2813 845 2889 ἐπίσημα
883 2817 1018 2890 πρὸς
1076 2817 1170 2871 τὸν
1233 2816 1462 2891 βασιλέα
1491 2816 1788 2888 πέμπουσι.
1824 2819 1938 2886 Τὴν

287 2903 554 2980 αἰσχύνην
586 2907 767 2958 τοίνυν
825 2907 853 2960 ὁ
908 2910 1017 2960 τῶν
1084 2911 1300 2980 Περσῶν
1365 2904 1621 2981 βασιλεὺς
1657 2907 1732 2978 μὴ
1761 2907 1938 2981 φέρων

287 2996 575 3065 νομοθετεῖ
605 2996 802 3067 μηκέτι
855 2994 1080 3070 βασιλέα
1132 2999 1348 3070 Περσῶν
1399 2995 1476 3056 εἲς
1517 2993 1760 3067 πόλεμον
1796 2993 1941 3070 ἐξέρ-

289 3097 503 3163 χεσθαι.
563 3086 626 3142 Ὁ
693 3083 749 3139 δὲ
813 3085 1120 3157 Ῥωμαϊκὸς
1186 3086 1416 3160 στρατὸς
1481 3083 1758 3148 ἐπετίθετο
1824 3091 1940 3146 ταῖς

288 3178 578 3248 Περσικαῖς
637 3177 964 3250 συμφοραῖς,
1031 3173 1120 3228 καὶ
1186 3175 1322 3248 πρὸς
1384 3174 1452 3228 τὰ
1517 3171 1772 3229 ένδότατα
1835 3181 1936 3242 τῆς

2131 2016 2324 2070 Tertio
2383 2032 2562 2082 anno,
2615 2035 2749 2072 cum
2803 2034 2905 2072 rex
2961 2020 3274 2075 Persarum
3326 2021 3451 2091 ipse
3481 2021 3707 2076 bellum

2059 2109 2332 2176 gesturus
2366 2110 2542 2175 esset,
2575 2105 2693 2160 dux
2743 2108 3141 2163 Romanarum
3175 2109 3478 2180 copiarum
3511 2110 3708 2165 Persis

2061 2193 2290 2249 obviam
2341 2195 2671 2251 contendit.
2703 2198 3029 2253 Commissa
3067 2203 3266 2254 autem
3299 2200 3568 2254 cominus
3595 2217 3706 2272 pu-

2057 2299 2191 2351 gna,
2227 2287 2627 2339 Romanorum
2680 2285 2920 2356 plalanx
2970 2286 3284 2342 ordinibus
3328 2289 3543 2360 stipata
3571 2291 3704 2344 Per-

2058 2388 2257 2427 sarum
2285 2379 2342 2428 et
2366 2373 2821 2444 Babyloniorum
2844 2376 3031 2430 aciem
3051 2377 3705 2449 pepulitmagnamque

2057 2477 2261 2516 eorum
2317 2467 2572 2535 stragem
2629 2463 2832 2517 edidit.
2863 2465 3158 2534 Ceperunt
3217 2466 3466 2520 Romani
3512 2467 3695 2521 etiam

2053 2551 2368 2604 Persarum
2427 2551 2656 2605 tuldum
2719 2557 2776 2605 et
2833 2552 2988 2623 regis
3028 2553 3348 2606 tentorium
3380 2554 3699 2625 omniaque

2055 2639 2481 2710 impedimenta
2512 2656 2723 2712 magno
2754 2641 3046 2694 aestimata
3076 2641 3700 2713 elephantosque.Qua

2054 2728 2126 2783 de
2159 2727 2356 2798 praeda
2388 2745 2456 2782 ea
2489 2745 2618 2799 quas
2651 2734 2822 2783 erant
2849 2730 3102 2785 maxime
3135 2731 3391 2803 insignia
3414 2732 3488 2786 ad
3509 2732 3698 2803 impe-

2050 2823 2308 2873 ratorem
2337 2818 2646 2874 miserunt.
2704 2819 2818 2874 Sed
2876 2821 3190 2874 Persarum
3233 2837 3336 2874 rex
3391 2821 3700 2877 dedecoris

2050 2909 2390 2980 impatiens.
2417 2909 2571 2964 690
2603 2909 2790 2982 legem
2815 2909 2929 2962 fert
2955 2927 3028 2963 ne
3059 2927 3161 2964 rex
3190 2913 3505 2966 Persarum
3538 2911 3699 2966 ullus

2049 2998 2293 3068 posthac
2355 2998 2416 3051 in
2472 2997 2695 3051 bellum
2756 2997 3186 3068 proficiscatur.
3231 2998 3524 3054 Romanus
3555 3016 3690 3054 vero

2051 3087 2340 3141 exercitus
2399 3085 2574 3140 rebus
2633 3089 2945 3141 Persarum
3002 3085 3234 3141 afflictis
3294 3087 3588 3142 insultans
3632 3089 3693 3142 in

2049 3176 2321 3230 intimam
2353 3191 2541 3244 usque
2572 3174 2876 3230 Persidem
2925 3175 3212 3246 pervenit,
3245 3175 3585 3247 multosque
3615 3177 3696 3230 ibi

286 3260 551 3337 Περσίδος
616 3239 891 3342 έχώρήσε,
959 3263 1048 3317 καὶ
1107 3261 1327 3332 πολλὴν
1391 3261 1778 3342 αἶχμαλωσίαν
1847 3262 1936 3317 καί

2059 3263 2356 3330 mortales,
2389 3239 2579 3318 multa
2610 3263 2828 3335 oppida
2857 3239 3304 3335 idpotestatem
3328 3239 3505 3320 suam
3524 3266 3696 3320 rede-

286 3351 492 3407 ἅλωσιν
534 3351 584 3406 έν
643 3349 858 3426 Περσίδι
915 3350 1204 3422 πεποίηκε,
1259 3353 1464 3428 φθάσας
1507 3353 1597 3406 καὶ
1641 3353 1802 3426 μέσον
1833 3359 1934 3421 τῆς

284 3442 601 3516 Ὑρκανικῆς
668 3439 960 3512 Θαλάσσης.
1029 3443 1320 3514 Χειμῶνος
1386 3439 1442 3496 δὲ
1507 3442 1834 3517 γενομένου,
1884 3441 1936 3496 ἐν

287 3528 511 3604 Περσίδι
543 3530 935 3609 παρεχείμασε.
1661 3577 1668 3583 .

354 3624 444 3690 Τῷ
474 3617 515 3673 6‘
542 3620 715 3676 αὐτοῦ
774 3616 877 3673 ἔτει
933 3619 1102 3689 κτίζει
1155 3615 1403 3694 Τιϐέριος
1435 3621 1497 3675 τὸ
1530 3617 1795 3693 δημόσιον
1823 3625 1932 3675 τῶν

285 3707 618 3782 Βλαχερνῶν
650 3707 904 3782 λουτρὸν,
959 3709 1170 3762 ἀνανεοῖ
1222 3705 1278 3762 δί
1337 3709 1426 3762 καὶ
1475 3707 1768 3778 ἐκκλησίας
1801 3717 1936 3764 πολ-

284 3796 386 3859 λὰς
445 3797 534 3852 καὶ
590 3799 818 3866 ξενῶνας
876 3796 964 3850 καὶ
1016 3803 1394 3870 γηρωκομεῖα,
1455 3803 1822 3872 γατακροσμεῖ
1878 3794 1935 3852 δὲ

283 3886 494 3942 καὶτὸν
524 3884 976 3962 χρυσοτρίκλινον
1036 3891 1134 3940 τοῦ
1189 3886 1476 3942 παλατίου.
1513 3890 1593 3960 [Ρ.
1630 3891 1754 3958 394]
1798 3885 1934 3942 Τότε

283 3974 495 4031 κελεύει
555 3976 848 4052 γράφεσθαι
907 3976 1067 4030 αὐτὸν
1124 3973 1176 4029 ἐν
1231 3981 1348 4037 τοῖς
1404 3971 1767 4048 συμϐολαίοις
1822 3977 1932 4048 (87)

281 4061 536 4138 Τιϐέριον
605 4070 1024 4120 Κωνσταντῖνον.
1091 4068 1180 4136 Τῷ
1265 4062 1312 4118 δ’
1370 4061 1472 4121 ἔτει
1538 4063 1763 4136 τελευτᾷ
1832 4065 1935 4120 Εὐ-

280 4151 534 4226 τύχιοςὸ
566 4151 936 4228 πατριάρχης,
991 4152 1080 4205 καὶ
1132 4151 1267 4225 μετὰ
1319 4149 1370 4222 ἓξ
1430 4151 1639 4226 ἡμέρας
1672 4171 1932 4227 χειροτο-

277 4248 451 4298 νεῖται
481 4243 747 4311 Ἰωάννης
793 4238 1039 4302 διάκονος
1085 4249 1184 4311 τῆς
1234 4242 1499 4316 Μεγάλης
1548 4241 1874 4312 Ἐκκλησίας
1905 4243 1933 4296 ὁ

278 4332 616 4402 Νηστευτής.
674 4332 735 4388 Ὁ
784 4327 843 4385 δὲ
901 4329 1157 4402 βασιλεὺς
1213 4331 1484 4406 ἀγοράσας
1519 4331 1746 4404 σώματα
1791 4329 1934 4384 ἐθνι-

277 4425 389 4476 κῶν
425 4420 720 4490 κατέστησε
777 4419 1082 4491 στράτευμα
1140 4417 1215 4480 εἷς
1275 4418 1448 4492 ὄνομα
1505 4416 1668 4487 ἴδιον,
1727 4418 1934 4496 ἀμφιά-

279 4531 376 4574 σας
420 4511 509 4564 καὶ
565 4507 899 4569 καθοπλίσας
956 4506 1153 4569 αὐτοὺς
1213 4504 1474 4582 χιλιάδας
1539 4509 1617 4576 ιε’,
1679 4504 1934 4570 δεδωκὼς

2045 3354 2146 3422 git,
2179 3359 2236 3407 et
2266 3369 2455 3422 usque
2487 3351 2559 3406 ad
2593 3352 2856 3407 medium
2901 3353 3081 3406 maris
3113 3353 3362 3424 Hyrcani
3394 3355 3694 3425 perrexit;

2045 3459 2112 3498 ac
2147 3443 2339 3499 hieme
2373 3443 2546 3508 facta,
2582 3442 2642 3495 in
2673 3441 2913 3497 Perside
2946 3441 3196 3496 hiberna
3226 3441 3452 3498 habuit.

2117 3625 2334 3688 Quarto
2386 3638 2544 3676 anno
2595 3621 2861 3675 Tiberius
2905 3621 3209 3692 publicum
3245 3622 3306 3677 in
3351 3623 3689 3680 Blachernis

2045 3711 2322 3766 balneum
2357 3710 2630 3776 aedificat,
2665 3710 3073 3780 instauratque
3105 3711 3295 3766 multa
3326 3713 3690 3784 templa,do-

2044 3817 2174 3854 mos
2207 3798 2531 3869 hospitales
2555 3803 2612 3852 et
2634 3797 2876 3851 senibus
2906 3797 3173 3852 fovendis
3199 3799 3404 3854 factas.
3433 3801 3694 3857 Exornat

2046 3889 2224 3943 etiam
2257 3903 2502 3942 aureum
2532 3887 2734 3957 palatii
2761 3885 3108 3942 triclinium.
3136 3887 3295 3941 Tuuc
3326 3888 3505 3942 etiam
3537 3906 3597 3943 se
3632 3890 3693 3944 in

2045 3982 2458 4032 contractuum
2489 3974 2762 4029 formulis
2795 3973 2971 4028 scribi
2997 3973 3180 4043 jussit
3207 3974 3506 4030 Tiberium
3537 3977 3685 4031 Con-

2047 4066 2395 4122 stantinum.
2431 4064 2650 4118 Eodem
2683 4080 2839 4118 anno
2881 4063 3132 4117 moritur
3161 4063 3482 4135 Eutychius
3514 4066 3693 4136 patri-

2046 4155 2321 4220 archa,ac
2355 4160 2486 4225 post
2518 4171 2617 4208 sex
2649 4152 2775 4207 dies
2810 4152 2868 4206 in
2900 4151 3097 4206 locum
3131 4152 3259 4223 ejus
3290 4153 3572 4209 suffectus
3607 4159 3696 4209 est

2043 4246 2300 4298 Joannes
2332 4247 2723 4314 cognomento
2754 4241 3079 4312 Jejunator,
3114 4241 3308 4313 magni
3343 4243 3548 4314 templi
3579 4243 3697 4300 dia-

2045 4350 2251 4388 conus.
2286 4334 2468 4387 Porro
2525 4329 2792 4386 Tiberius
2851 4330 2996 4384 emit
3048 4329 3359 4386 barbarica
3397 4333 3696 4404 mancipia

2047 4421 2122 4476 ad
2179 4421 2369 4475 millia
2421 4417 2784 4490 quindecim,
2819 4435 3005 4488 exque
3061 4419 3134 4474 iis
3192 4421 3416 4475 vestitis
3467 4437 3502 4476 a
3532 4439 3594 4478 se
3637 4427 3693 4477 et

2046 4510 2291 4565 armatis
2350 4507 2676 4564 exercitum
2737 4508 3098 4578 composuit,
3157 4507 3231 4562 de
3288 4526 3392 4564 suo
3449 4512 3695 4568 nomine

275 4599 462 4662 αὺτοῖς
518 4598 604 4653 καὶ
667 4598 973 4671 στρατηγὸν
1035 4598 1334 4671 Μαυρικιον
1389 4597 1482 4650 τὸν
1545 4597 1765 4669 κόμητα
1823 4603 1933 4651 τῶν

2059 4599 2417 4654 [‘iberianum
2450 4597 2801 4669 appellans;
2833 4597 3164 4669 ducemque
3197 4598 3268 4654 iis
3302 4599 3466 4655 dedit
3486 4603 3699 4658 Mauri-

1486 4734 1845 4788 XYLANDRI
1885 4735 1974 4788 ET
2009 4735 2226 4790 GOABI
2256 4735 2478 4788 ΝΟΤᾸΞ.

278 4871 396 4922 ριον
444 4852 662 4907 dicitur
718 4850 875 4922 apud
912 4849 1370 4922 Theophanem,
1404 4866 1470 4904 ac
1501 4849 1923 4922 imperatorem

275 4917 673 4994 Philippicum
705 4917 780 4980 εἷς
810 4920 872 4972 τὸ
903 4917 1254 4994 ὀρνατούριον
1289 4924 1396 4973 τῶν
1439 4917 1714 4994 Πρασίνων
1748 4921 1928 4994 refert

277 4992 595 5052 adduxisse
618 4994 854 5049 Rullum
876 4992 1192 5062 quemdam
1211 5009 1226 5058 ;
1242 5009 1418 5062 quem
1436 4993 1633 5047 locum
1652 4993 1927 5047 eumdem

275 5069 620 5123 amatorium
653 5066 1030 5127 Prasinorum,
1057 5063 1158 5117 ubi
1192 5063 1477 5118 nimirum
1508 5066 1619 5120 oris
1652 5070 1710 5118 et
1751 5065 1928 5118 limbis

274 5139 535 5194 vestibus
566 5135 804 5191 attextis
826 5151 954 5189 sese
977 5134 1367 5202 adornabant,
1395 5134 1540 5190 dicit
1565 5135 1781 5191 Paulus
1803 5135 1928 5190 dia-

272 5227 458 5266 conus
493 5225 506 5273 ;
541 5225 720 5278 quem
752 5205 1027 5278 eumdem
1081 5204 1428 5278 ἀρματώριον
1461 5207 1794 5262 Cedrenum
1827 5224 1927 5260 vo-

271 5298 437 5338 casse
470 5277 1029 5349 contemplabimur.
1074 5279 1249 5333 Gesn.

342 5355 452 5424 (84)
483 5351 759 5424 Intelligo
785 5354 1084 5404 monetam
1116 5349 1488 5424 consularem
1518 5367 1530 5402 :
1564 5365 1705 5424 nam
1737 5349 1925 5424 impe-

267 5421 497 5481 ratores
556 5421 933 5477 consulatum
979 5437 1212 5491 quoque
1273 5421 1527 5492 gessisse
1559 5425 1618 5476 et
1647 5421 1708 5475 in
1741 5421 1928 5474 titulis

269 5496 396 5552 suis
428 5507 925 5550 commemorasse
981 5498 1187 5547 notum
1247 5497 1356 5546 est.
1411 5492 1569 5547 Infra
1599 5507 1834 5562 quoque
1865 5492 1928 5545 in

270 5569 473 5624 Phoca
512 5562 708 5618 ὑπάτια
737 5579 843 5634 pro
877 5563 1050 5618 donis
1092 5561 1432 5636 missilibus
1463 5568 1522 5618 et
1552 5561 1926 5636 in’populum

273 5633 789 5713 sparsisponitur,
823 5652 957 5713 cum
987 5634 1164 5713 verbo
1206 5633 1606 5713 p'tiitsw._xv1..

345 5712 461 5783 (85)
483 5705 917 5783 Mesopotamia;
940 5705 1148 5783 urbem
1171 5705 1245 5762 ab
1269 5707 1581 5763 Anastasio
1602 5706 1924 5764 conditam:

279 5778 361 5842 de'
382 5778 503 5856 qua
529 5780 594 5840 in
619 5778 956 5839 Anastasio.
987 5779 1162 5836 ϐου.

2103 4849 2216 4920 (86)
2251 4848 2432 4920 Sicret
2464 4846 2636 4920 infra,
2670 4845 2862 4920 Credo
2888 4844 3096 4920 fuisse_
3111 4845 3345 4920 signum
3386 4851 3488 4902 aut
3514 4848 3696 4903 vexil-

2037 4916 2160 4974 lum
2194 4916 2740 4990 praecipuum,sicut
2772 4916 2929 4970 infra
2958 4916 3020 4990 in
3055 4917 3324 4990 Heraclio
3353 4935 3460 4988 pro
3489 4923 3686 4977 turma

2038 4987 2302 5062 ponitur,
2335 4987 2435 5062 ein,
2472 4993 2660 5058 fanen.
2694 4989 2843 5062 Χην-
2872 5017 2937 5027 -—
2971 4987 3240 5062 Somniat
3268 4987 3371 5062 hic
3393 4989 3554 5062 circa
3582 4993 3693 5046 tul-

2039 5057 2171 5117 ilum
2214 5057 2529 5133 Xylander,
2564 5065 2624 5114 et
2672 5057 2938 5133 vemilfum
2993 5057 3214 5133 referre
3266 5059 3453 5133 fingit,
3486 5079 3520 5117 a
3571 5080 3689 5133 quo

2040 5128 2332 5190 semotum
2350 5137 2475 5187 erat
2497 5147 2673 5185 omne
2699 5128 2978 5203 vexillum
3001 5145 3014 5193 ;
3050 5128 3124 5183 ad
3147 5128 3488 5203 conflictum
3513 5128 3693 5203 siqui-

2039 5206 2174 5260 dem
2206 5204 2583 5259 deferebatur
2609 5200 3058 5272 vexillum,cum
3087 5200 3691 5272 sarcinis,jumen_tis,

2039 5274 2876 5348 impedimentis,pueris,quas
2888 5267 3696 5348 ro§l80vsigniﬁcat,nullum

2039 5339 2562 5436 aut'superﬂuumﬁ.
2623 5339 2852 5436 Suidaso
2883 5359 2896 5396 :
2944 5339 3247 5436 Σαγμάρῖα
3293 5342 3365 5436 τὸ,
3399 5345 3526 5436 παρ’
3559 5346 3694 5436 ἧμιν

2039 5412 2338 5491 λεγόμενον
2385 5412 2640 5491 τοξλδον,
2698 5412 2764 5491 τὰ
2823 5412 3178 5491 βαςτᾴζοντα,
3226 5412 3556 5488 ἀποσκευὴν,
3585 5412 3694 5472 καὶ

2038 5479 2136 5558 τὴν
2175 5479 2550 5560 μετακομιδήν
2579 5479 3074 5560 τῶνῗεπιτηδείών.
3107 5479 3283 5560 Con.

2109 5556 2218 5634 (87)
2253 5556 2572 5631 Diplbmatis
2603 5556 2898 5634 alitteris
2921 5558 3246 5614 correctius
3277 5559 3375 5616 hic
3408 5561 3696 5634 interpre-

2039 5627 2241 5688 tabere
2277 5627 2454 5703 quam
2509 5647 2645 5687 cum
2673 5627 3384 5701 Xylandro,contractuum
3410 5627 3694 5702 formulis.

2038 5705 2212 5762 (ἴση.
