  <div class='ocr_page' id='page_1' title='image "/cluster/home/n/w/nwhite01/storage/ocr_20150623/121/hvd.32044073502478/384.png"; bbox 0 0 4170 6204; ppageno 0'>
   <div class='ocr_carea' id='block_1_1' title="bbox 341 413 3758 479">
    <p class='ocr_par' dir='ltr' id='par_1_1' title="bbox 341 413 3758 479">
     <span class='ocr_line' id='line_1_1' title="bbox 341 413 3758 479; baseline -0.001 -2"><span class='ocrx_word' id='word_1_1' title='bbox 341 418 460 477; x_wconf 79' lang='grc'><strong>757</strong></span> <span class='ocrx_word' id='word_1_2' title='bbox 1472 413 2009 479; x_wconf 74' lang='lat' dir='ltr'>lllS&#39;I‘HltlAllUM</span> <span class='ocrx_word' id='word_1_3' title='bbox 2057 413 2613 475; x_wconf 76' lang='lat' dir='ltr'>COMPENDIUM.</span> <span class='ocrx_word' id='word_1_4' title='bbox 3638 414 3758 472; x_wconf 80' lang='lat'>758</span> 
     </span>
    </p>
   </div>
   <div class='ocr_carea' id='block_1_2' title="bbox 342 549 1970 632">
    <p class='ocr_par' dir='ltr' id='par_1_2' title="bbox 342 551 1962 632">
     <span class='ocr_line' id='line_1_2' title="bbox 342 551 1962 632; baseline -0.002 -22"><span class='ocrx_word' id='word_1_5' title='bbox 342 551 596 632; x_wconf 89' lang='grc' dir='ltr'>γαμϐρὸν</span> <span class='ocrx_word' id='word_1_6' title='bbox 637 553 712 616; x_wconf 80' lang='grc' dir='ltr'>είς</span> <span class='ocrx_word' id='word_1_7' title='bbox 745 551 973 628; x_wconf 87' lang='grc' dir='ltr'>Γορδίαν</span> <span class='ocrx_word' id='word_1_8' title='bbox 1001 555 1098 624; x_wconf 81' lang='grc' dir='ltr'>τήν</span> <span class='ocrx_word' id='word_1_9' title='bbox 1132 553 1270 610; x_wconf 76' lang='grc' dir='ltr'>ἰδίαν</span> <span class='ocrx_word' id='word_1_10' title='bbox 1306 553 1570 632; x_wconf 74' lang='grc' dir='ltr'>ἀδελφήν.</span> <span class='ocrx_word' id='word_1_11' title='bbox 1618 558 1662 609; x_wconf 86' lang='grc'>0</span> <span class='ocrx_word' id='word_1_12' title='bbox 1695 552 1752 608; x_wconf 75' lang='grc' dir='ltr'>δὲ</span> <span class='ocrx_word' id='word_1_13' title='bbox 1785 551 1962 609; x_wconf 84' lang='grc' dir='ltr'>Φιλιπ</span> 
     </span>
    </p>
   </div>
   <div class='ocr_carea' id='block_1_3' title="bbox 2083 549 3757 632">
    <p class='ocr_par' dir='ltr' id='par_1_3' title="bbox 2109 549 3757 623">
     <span class='ocr_line' id='line_1_3' title="bbox 2109 549 3757 623; baseline 0 -17"><span class='ocrx_word' id='word_1_14' title='bbox 2109 568 2242 606; x_wconf 91' lang='lat' dir='ltr'>eum</span> <span class='ocrx_word' id='word_1_15' title='bbox 2277 552 2547 623; x_wconf 63' lang='lat' dir='ltr'>praeﬁcit.</span> <span class='ocrx_word' id='word_1_16' title='bbox 2583 551 2689 616; x_wconf 87' lang='lat' dir='ltr'>Qui</span> <span class='ocrx_word' id='word_1_17' title='bbox 2723 551 2919 605; x_wconf 90' lang='lat' dir='ltr'>subito</span> <span class='ocrx_word' id='word_1_18' title='bbox 2952 553 3159 606; x_wconf 83' lang='lat' dir='ltr'>Persas</span> <span class='ocrx_word' id='word_1_19' title='bbox 3189 566 3402 622; x_wconf 86' lang='lat' dir='ltr'>magna</span> <span class='ocrx_word' id='word_1_20' title='bbox 3430 551 3482 604; x_wconf 92' lang='lat' dir='ltr'>vi</span> <span class='ocrx_word' id='word_1_21' title='bbox 3513 549 3757 606; x_wconf 87' lang='lat' dir='ltr'>adortus</span> 
     </span>
    </p>
   </div>
   <div class='ocr_carea' id='block_1_4' title="bbox 342 642 1992 721">
    <p class='ocr_par' dir='ltr' id='par_1_4' title="bbox 342 642 1992 721">
     <span class='ocr_line' id='line_1_4' title="bbox 342 642 1992 721; baseline -0.004 -20"><span class='ocrx_word' id='word_1_22' title='bbox 342 647 502 708; x_wconf 87' lang='grc' dir='ltr'>πικὸς</span> <span class='ocrx_word' id='word_1_23' title='bbox 533 651 650 708; x_wconf 88' lang='grc' dir='ltr'>τοῖς</span> <span class='ocrx_word' id='word_1_24' title='bbox 685 651 968 720; x_wconf 73' lang='grc' dir='ltr'>Περσικοῖς</span> <span class='ocrx_word' id='word_1_25' title='bbox 998 645 1213 721; x_wconf 81' lang='grc' dir='ltr'>ἀθρόως</span> <span class='ocrx_word' id='word_1_26' title='bbox 1251 646 1583 702; x_wconf 77' lang='grc' dir='ltr'>ἐπεισπεσὼν</span> <span class='ocrx_word' id='word_1_27' title='bbox 1636 645 1724 700; x_wconf 82' lang='grc' dir='ltr'>καὶ</span> <span class='ocrx_word' id='word_1_28' title='bbox 1774 642 1992 711; x_wconf 83' lang='grc' dir='ltr'>πολλὴν</span> 
     </span>
    </p>
   </div>
   <div class='ocr_carea' id='block_1_5' title="bbox 341 730 1991 813">
    <p class='ocr_par' dir='ltr' id='par_1_5' title="bbox 341 730 1991 813">
     <span class='ocr_line' id='line_1_5' title="bbox 341 730 1991 813; baseline -0.015 -4"><span class='ocrx_word' id='word_1_29' title='bbox 341 733 730 809; x_wconf 66' lang='grc' dir='ltr'>αἰχμαλωσίαν</span> <span class='ocrx_word' id='word_1_30' title='bbox 766 730 948 789; x_wconf 59' lang='grc' dir='ltr'>λαϐὼν</span> <span class='ocrx_word' id='word_1_31' title='bbox 978 734 1054 797; x_wconf 81' lang='grc' dir='ltr'>εἷς</span> <span class='ocrx_word' id='word_1_32' title='bbox 1083 736 1184 804; x_wconf 77' lang='grc' dir='ltr'>τὴν</span> <span class='ocrx_word' id='word_1_33' title='bbox 1218 739 1326 791; x_wconf 88' lang='grc' dir='ltr'>τῶν</span> <span class='ocrx_word' id='word_1_34' title='bbox 1357 731 1558 805; x_wconf 76' lang='grc' dir='ltr'>Μήδων</span> <span class='ocrx_word' id='word_1_35' title='bbox 1592 735 1781 813; x_wconf 82' lang='grc' dir='ltr'>χώραν</span> <span class='ocrx_word' id='word_1_36' title='bbox 1819 751 1991 806; x_wconf 87' lang='grc' dir='ltr'>παρα-</span> 
     </span>
    </p>
   </div>
   <div class='ocr_carea' id='block_1_6' title="bbox 341 820 1991 902">
    <p class='ocr_par' dir='ltr' id='par_1_6' title="bbox 341 820 1991 902">
     <span class='ocr_line' id='line_1_6' title="bbox 341 820 1991 902; baseline -0.002 -24"><span class='ocrx_word' id='word_1_37' title='bbox 341 820 561 890; x_wconf 72' lang='grc' dir='ltr'>ϐάλλει,</span> <span class='ocrx_word' id='word_1_38' title='bbox 619 823 708 878; x_wconf 76' lang='grc' dir='ltr'>καὶ</span> <span class='ocrx_word' id='word_1_39' title='bbox 767 821 952 878; x_wconf 85' lang='grc' dir='ltr'>πολλᾶ</span> <span class='ocrx_word' id='word_1_40' title='bbox 1020 823 1200 902; x_wconf 84' lang='grc' dir='ltr'>χωρία</span> <span class='ocrx_word' id='word_1_41' title='bbox 1257 821 1570 902; x_wconf 76' lang='grc' dir='ltr'>διαφθείρας</span> <span class='ocrx_word' id='word_1_42' title='bbox 1638 822 1715 884; x_wconf 82' lang='grc' dir='ltr'>εἰς</span> <span class='ocrx_word' id='word_1_43' title='bbox 1773 823 1991 892; x_wconf 74' lang='grc' dir='ltr'>Ῥωμαο</span> 
     </span>
    </p>
   </div>
   <div class='ocr_carea' id='block_1_7' title="bbox 339 909 1990 988">
    <p class='ocr_par' dir='ltr' id='par_1_7' title="bbox 339 909 1990 988">
     <span class='ocr_line' id='line_1_7' title="bbox 339 909 1990 988; baseline -0.002 -22"><span class='ocrx_word' id='word_1_44' title='bbox 339 912 456 967; x_wconf 86' lang='grc' dir='ltr'>νίαν</span> <span class='ocrx_word' id='word_1_45' title='bbox 489 914 604 986; x_wconf 87' lang='grc'>(90)</span> <span class='ocrx_word' id='word_1_46' title='bbox 636 911 786 976; x_wconf 84' lang='grc' dir='ltr'>αῦθις</span> <span class='ocrx_word' id='word_1_47' title='bbox 821 912 1134 988; x_wconf 80' lang='grc' dir='ltr'>ὑπέστρεψε.</span> <span class='ocrx_word' id='word_1_48' title='bbox 1187 915 1299 970; x_wconf 88' lang='grc' dir='ltr'>Τοῦ</span> <span class='ocrx_word' id='word_1_49' title='bbox 1359 910 1415 967; x_wconf 82' lang='grc' dir='ltr'>δὶ</span> <span class='ocrx_word' id='word_1_50' title='bbox 1463 912 1714 988; x_wconf 79' lang='grc' dir='ltr'>Χαγάνου</span> <span class='ocrx_word' id='word_1_51' title='bbox 1760 912 1860 980; x_wconf 76' lang='grc' dir='ltr'>τήν</span> <span class='ocrx_word' id='word_1_52' title='bbox 1912 909 1990 964; x_wconf 77' lang='grc' dir='ltr'>εί-</span> 
     </span>
    </p>
   </div>
   <div class='ocr_carea' id='block_1_8' title="bbox 341 997 1989 1075">
    <p class='ocr_par' dir='ltr' id='par_1_8' title="bbox 341 997 1989 1075">
     <span class='ocr_line' id='line_1_8' title="bbox 341 997 1989 1075; baseline -0.001 -22"><span class='ocrx_word' id='word_1_53' title='bbox 341 1003 512 1075; x_wconf 76' lang='grc' dir='ltr'>ρήνην</span> <span class='ocrx_word' id='word_1_54' title='bbox 542 1001 904 1071; x_wconf 72' lang='grc' dir='ltr'>ἀθετήσαντος</span> <span class='ocrx_word' id='word_1_55' title='bbox 934 1001 1022 1055; x_wconf 80' lang='grc' dir='ltr'>καὶ</span> <span class='ocrx_word' id='word_1_56' title='bbox 1053 1005 1132 1072; x_wconf 79' lang='grc' dir='ltr'>τῶ</span> <span class='ocrx_word' id='word_1_57' title='bbox 1164 1001 1372 1074; x_wconf 85' lang='grc' dir='ltr'>Μακρῷ</span> <span class='ocrx_word' id='word_1_58' title='bbox 1402 999 1579 1074; x_wconf 88' lang='grc' dir='ltr'>τείχει</span> <span class='ocrx_word' id='word_1_59' title='bbox 1635 997 1989 1072; x_wconf 79' lang='grc' dir='ltr'>ληϊζομένου,</span> 
     </span>
    </p>
   </div>
   <div class='ocr_carea' id='block_1_9' title="bbox 341 1091 1991 1167">
    <p class='ocr_par' dir='ltr' id='par_1_9' title="bbox 341 1091 1991 1167">
     <span class='ocr_line' id='line_1_9' title="bbox 341 1091 1991 1167; baseline -0.001 -22"><span class='ocrx_word' id='word_1_60' title='bbox 341 1092 416 1152; x_wconf 83' lang='grc' dir='ltr'>ὡς</span> <span class='ocrx_word' id='word_1_61' title='bbox 448 1091 848 1166; x_wconf 82' lang='grc' dir='ltr'>προσεπέλασεν</span> <span class='ocrx_word' id='word_1_62' title='bbox 889 1091 916 1145; x_wconf 89' lang='grc' dir='ltr'>ὁ</span> <span class='ocrx_word' id='word_1_63' title='bbox 975 1091 1279 1167; x_wconf 86' lang='grc' dir='ltr'>στρατηγὸς</span> <span class='ocrx_word' id='word_1_64' title='bbox 1327 1095 1434 1145; x_wconf 88' lang='grc' dir='ltr'>τῶν</span> <span class='ocrx_word' id='word_1_65' title='bbox 1486 1091 1778 1163; x_wconf 86' lang='grc' dir='ltr'>Ῥωμαίων</span> <span class='ocrx_word' id='word_1_66' title='bbox 1831 1095 1991 1160; x_wconf 87' lang='grc' dir='ltr'>Κομ-</span> 
     </span>
    </p>
   </div>
   <div class='ocr_carea' id='block_1_10' title="bbox 344 1177 1986 1254">
    <p class='ocr_par' dir='ltr' id='par_1_10' title="bbox 344 1177 1986 1254">
     <span class='ocr_line' id='line_1_10' title="bbox 344 1177 1986 1254; baseline -0.003 -19"><span class='ocrx_word' id='word_1_67' title='bbox 344 1179 654 1254; x_wconf 76' lang='grc' dir='ltr'>μεντίολος,</span> <span class='ocrx_word' id='word_1_68' title='bbox 683 1179 901 1242; x_wconf 72' lang='grc' dir='ltr'>τούτοις</span> <span class='ocrx_word' id='word_1_69' title='bbox 934 1179 1144 1254; x_wconf 87' lang='grc' dir='ltr'>ἀθρόως</span> <span class='ocrx_word' id='word_1_70' title='bbox 1177 1179 1507 1235; x_wconf 70' lang='grc' dir='ltr'>ἐπεισπεσὼν</span> <span class='ocrx_word' id='word_1_71' title='bbox 1566 1177 1751 1234; x_wconf 82' lang='grc' dir='ltr'>πολλᾶ</span> <span class='ocrx_word' id='word_1_72' title='bbox 1799 1177 1986 1248; x_wconf 84' lang='grc' dir='ltr'>πλήθη</span> 
     </span>
    </p>
   </div>
   <div class='ocr_carea' id='block_1_11' title="bbox 339 1262 1991 1339">
    <p class='ocr_par' dir='ltr' id='par_1_11' title="bbox 339 1262 1991 1339">
     <span class='ocr_line' id='line_1_11' title="bbox 339 1262 1991 1339; baseline -0.004 -15"><span class='ocrx_word' id='word_1_73' title='bbox 339 1268 524 1324; x_wconf 86' lang='grc' dir='ltr'>ἀνεῖλε</span> <span class='ocrx_word' id='word_1_74' title='bbox 553 1269 642 1322; x_wconf 76' lang='grc' dir='ltr'>καὶ</span> <span class='ocrx_word' id='word_1_75' title='bbox 674 1267 901 1331; x_wconf 79' lang='grc' dir='ltr'>τούτους</span> <span class='ocrx_word' id='word_1_76' title='bbox 959 1267 1256 1338; x_wconf 72' lang='grc' dir='ltr'>ἀπήλασεν.</span> <span class='ocrx_word' id='word_1_77' title='bbox 1307 1266 1516 1324; x_wconf 81' lang='grc' dir='ltr'>Ἐλθὼν</span> <span class='ocrx_word' id='word_1_78' title='bbox 1571 1264 1626 1321; x_wconf 81' lang='grc' dir='ltr'>δὲ</span> <span class='ocrx_word' id='word_1_79' title='bbox 1665 1268 1717 1320; x_wconf 81' lang='grc' dir='ltr'>ἐν</span> <span class='ocrx_word' id='word_1_80' title='bbox 1768 1262 1991 1339; x_wconf 85' lang='grc' dir='ltr'>Ἀδρια-</span> 
     </span>
    </p>
   </div>
   <div class='ocr_carea' id='block_1_12' title="bbox 337 1350 1987 1434">
    <p class='ocr_par' dir='ltr' id='par_1_12' title="bbox 337 1350 1987 1434">
     <span class='ocr_line' id='line_1_12' title="bbox 337 1350 1987 1434; baseline -0.004 -20"><span class='ocrx_word' id='word_1_81' title='bbox 337 1359 599 1415; x_wconf 90' lang='grc' dir='ltr'>νουπόλει</span> <span class='ocrx_word' id='word_1_82' title='bbox 654 1357 1036 1434; x_wconf 78' lang='grc' dir='ltr'>Ἀνδραγάστῳ</span> <span class='ocrx_word' id='word_1_83' title='bbox 1120 1359 1433 1433; x_wconf 73' lang='grc' dir='ltr'>περιπίπτει</span> <span class='ocrx_word' id='word_1_84' title='bbox 1515 1362 1594 1429; x_wconf 81' lang='grc' dir='ltr'>τῷ</span> <span class='ocrx_word' id='word_1_85' title='bbox 1672 1350 1987 1411; x_wconf 80' lang='grc' dir='ltr'>Σθλαϐίνων</span> 
     </span>
    </p>
   </div>
   <div class='ocr_carea' id='block_1_13' title="bbox 336 1446 1985 1528">
    <p class='ocr_par' dir='ltr' id='par_1_13' title="bbox 336 1446 1985 1528">
     <span class='ocr_line' id='line_1_13' title="bbox 336 1446 1985 1528; baseline -0.003 -23"><span class='ocrx_word' id='word_1_86' title='bbox 336 1455 625 1526; x_wconf 85' lang='grc' dir='ltr'>στρατηγῷ</span> <span class='ocrx_word' id='word_1_87' title='bbox 656 1448 1046 1528; x_wconf 74' lang='grc' dir='ltr'>αἰχμαλωσίαν</span> <span class='ocrx_word' id='word_1_88' title='bbox 1084 1449 1482 1528; x_wconf 67' lang='grc' dir='ltr'>ἐπιφερομένῳ·</span> <span class='ocrx_word' id='word_1_89' title='bbox 1538 1449 1628 1503; x_wconf 84' lang='grc' dir='ltr'>καὶ</span> <span class='ocrx_word' id='word_1_90' title='bbox 1677 1448 1856 1520; x_wconf 74' lang='grc' dir='ltr'>τούτῳ</span> <span class='ocrx_word' id='word_1_91' title='bbox 1888 1446 1985 1501; x_wconf 73' lang='grc' dir='ltr'>έπο</span> 
     </span>
    </p>
   </div>
   <div class='ocr_carea' id='block_1_14' title="bbox 335 1535 1984 1618">
    <p class='ocr_par' dir='ltr' id='par_1_14' title="bbox 335 1535 1984 1618">
     <span class='ocr_line' id='line_1_14' title="bbox 335 1535 1984 1618; baseline -0.004 -23"><span class='ocrx_word' id='word_1_92' title='bbox 335 1541 594 1595; x_wconf 86' lang='grc' dir='ltr'>εισπεσὼν</span> <span class='ocrx_word' id='word_1_93' title='bbox 619 1539 716 1608; x_wconf 81' lang='grc' dir='ltr'>όήν</span> <span class='ocrx_word' id='word_1_94' title='bbox 751 1538 1140 1618; x_wconf 79' lang='grc' dir='ltr'>αἰχμαλωσίαν</span> <span class='ocrx_word' id='word_1_95' title='bbox 1175 1536 1400 1593; x_wconf 87' lang='grc' dir='ltr'>διέσωσε</span> <span class='ocrx_word' id='word_1_96' title='bbox 1429 1537 1518 1593; x_wconf 79' lang='grc' dir='ltr'>καὶ</span> <span class='ocrx_word' id='word_1_97' title='bbox 1550 1537 1704 1607; x_wconf 87' lang='grc' dir='ltr'>νίκην</span> <span class='ocrx_word' id='word_1_98' title='bbox 1741 1535 1984 1611; x_wconf 77' lang='grc' dir='ltr'>μεγάλην</span> 
     </span>
    </p>
   </div>
   <div class='ocr_carea' id='block_1_15' title="bbox 334 1625 1984 1704">
    <p class='ocr_par' dir='ltr' id='par_1_15' title="bbox 334 1625 1984 1704">
     <span class='ocr_line' id='line_1_15' title="bbox 334 1625 1984 1704; baseline -0.004 -20"><span class='ocrx_word' id='word_1_99' title='bbox 334 1625 713 1704; x_wconf 83' lang='grc' dir='ltr'>περιεϐάλετο.</span> <span class='ocrx_word' id='word_1_100' title='bbox 745 1629 883 1684; x_wconf 83' lang='grc' dir='ltr'>Τότε</span> <span class='ocrx_word' id='word_1_101' title='bbox 912 1627 1001 1682; x_wconf 85' lang='grc' dir='ltr'>καί</span> <span class='ocrx_word' id='word_1_102' title='bbox 1038 1649 1179 1690; x_wconf 86' lang='grc' dir='ltr'>τινες</span> <span class='ocrx_word' id='word_1_103' title='bbox 1237 1626 1505 1698; x_wconf 82' lang='grc' dir='ltr'>’Έλληνες</span> <span class='ocrx_word' id='word_1_104' title='bbox 1551 1625 1603 1682; x_wconf 70' lang='grc' dir='ltr'>ἂν</span> <span class='ocrx_word' id='word_1_105' title='bbox 1651 1625 1787 1697; x_wconf 75' lang='grc' dir='ltr'>οἴκῳ</span> <span class='ocrx_word' id='word_1_106' title='bbox 1837 1625 1984 1687; x_wconf 86' lang='grc' dir='ltr'>τινὸς</span> 
     </span>
    </p>
   </div>
   <div class='ocr_carea' id='block_1_16' title="bbox 333 1713 1986 1795">
    <p class='ocr_par' dir='ltr' id='par_1_16' title="bbox 333 1713 1986 1795">
     <span class='ocr_line' id='line_1_16' title="bbox 333 1713 1986 1795; baseline -0.003 -21"><span class='ocrx_word' id='word_1_107' title='bbox 333 1720 658 1795; x_wconf 79' lang='grc' dir='ltr'>ἀριστῶντες</span> <span class='ocrx_word' id='word_1_108' title='bbox 689 1717 764 1780; x_wconf 86' lang='grc' dir='ltr'>εἰς</span> <span class='ocrx_word' id='word_1_109' title='bbox 797 1713 978 1790; x_wconf 74' lang='grc' dir='ltr'>ὕϐρεις</span> <span class='ocrx_word' id='word_1_110' title='bbox 1037 1717 1127 1772; x_wconf 84' lang='grc' dir='ltr'>καὶ</span> <span class='ocrx_word' id='word_1_111' title='bbox 1174 1716 1647 1790; x_wconf 79' lang='grc' dir='ltr'>ἀναθεματισμοὺς</span> <span class='ocrx_word' id='word_1_112' title='bbox 1695 1721 1794 1785; x_wconf 83' lang='grc' dir='ltr'>τῆς</span> <span class='ocrx_word' id='word_1_113' title='bbox 1830 1716 1986 1790; x_wconf 90' lang='grc' dir='ltr'>ὑπερ-</span> 
     </span>
    </p>
   </div>
   <div class='ocr_carea' id='block_1_17' title="bbox 334 1804 1981 1886">
    <p class='ocr_par' dir='ltr' id='par_1_17' title="bbox 334 1804 1981 1886">
     <span class='ocr_line' id='line_1_17' title="bbox 334 1804 1981 1886; baseline -0.003 -22"><span class='ocrx_word' id='word_1_114' title='bbox 334 1808 490 1886; x_wconf 89' lang='grc' dir='ltr'>αγίας</span> <span class='ocrx_word' id='word_1_115' title='bbox 523 1807 788 1863; x_wconf 85' lang='grc' dir='ltr'>Θεοτόκου</span> <span class='ocrx_word' id='word_1_116' title='bbox 817 1809 1200 1882; x_wconf 82' lang='grc' dir='ltr'>προήχθησαν.</span> <span class='ocrx_word' id='word_1_117' title='bbox 1235 1807 1333 1861; x_wconf 82' lang='grc' dir='ltr'>Καὶ</span> <span class='ocrx_word' id='word_1_118' title='bbox 1384 1808 1435 1861; x_wconf 74' lang='grc' dir='ltr'>οἱ</span> <span class='ocrx_word' id='word_1_119' title='bbox 1492 1808 1586 1881; x_wconf 70' lang='grc' dir='ltr'>μὲν</span> <span class='ocrx_word' id='word_1_120' title='bbox 1629 1804 1796 1861; x_wconf 75' lang='grc' dir='ltr'>ἄλλοι</span> <span class='ocrx_word' id='word_1_121' title='bbox 1846 1824 1981 1878; x_wconf 88' lang='grc' dir='ltr'>παρ-</span> 
     </span>
    </p>
   </div>
   <div class='ocr_carea' id='block_1_18' title="bbox 2099 641 3754 715">
    <p class='ocr_par' dir='ltr' id='par_1_18' title="bbox 2099 641 3754 715">
     <span class='ocr_line' id='line_1_18' title="bbox 2099 641 3754 715; baseline 0 -17"><span class='ocrx_word' id='word_1_122' title='bbox 2099 660 2312 715; x_wconf 88' lang='lat' dir='ltr'>magna</span> <span class='ocrx_word' id='word_1_123' title='bbox 2337 643 2649 698; x_wconf 87' lang='lat' dir='ltr'>hominum</span> <span class='ocrx_word' id='word_1_124' title='bbox 2669 643 2874 713; x_wconf 73' lang='lat' dir='ltr'>praeda</span> <span class='ocrx_word' id='word_1_125' title='bbox 2894 648 3062 714; x_wconf 89' lang='lat' dir='ltr'>parta</span> <span class='ocrx_word' id='word_1_126' title='bbox 3090 642 3151 696; x_wconf 90' lang='lat' dir='ltr'>in</span> <span class='ocrx_word' id='word_1_127' title='bbox 3173 641 3421 696; x_wconf 82' lang='lat' dir='ltr'>Mediam</span> <span class='ocrx_word' id='word_1_128' title='bbox 3453 641 3754 714; x_wconf 84' lang='lat' dir='ltr'>irrumpit,</span> 
     </span>
    </p>
   </div>
   <div class='ocr_carea' id='block_1_19' title="bbox 2099 730 3754 802">
    <p class='ocr_par' dir='ltr' id='par_1_19' title="bbox 2099 730 3754 802">
     <span class='ocr_line' id='line_1_19' title="bbox 2099 730 3754 802; baseline 0.001 -16"><span class='ocrx_word' id='word_1_129' title='bbox 2099 732 2426 801; x_wconf 85' lang='lat' dir='ltr'>multisque</span> <span class='ocrx_word' id='word_1_130' title='bbox 2451 732 2531 786; x_wconf 87' lang='lat' dir='ltr'>ibi</span> <span class='ocrx_word' id='word_1_131' title='bbox 2565 730 2797 802; x_wconf 85' lang='lat' dir='ltr'>oppidis</span> <span class='ocrx_word' id='word_1_132' title='bbox 2828 730 3068 786; x_wconf 77' lang='lat' dir='ltr'>vastatis</span> <span class='ocrx_word' id='word_1_133' title='bbox 3099 730 3160 784; x_wconf 90' lang='lat' dir='ltr'>in</span> <span class='ocrx_word' id='word_1_134' title='bbox 3183 730 3530 785; x_wconf 82' lang='lat' dir='ltr'>Romaniam</span> <span class='ocrx_word' id='word_1_135' title='bbox 3553 748 3754 787; x_wconf 81' lang='lat' dir='ltr'>rever-</span> 
     </span>
    </p>
   </div>
   <div class='ocr_carea' id='block_1_20' title="bbox 2101 817 3749 891">
    <p class='ocr_par' dir='ltr' id='par_1_20' title="bbox 2101 817 3749 891">
     <span class='ocr_line' id='line_1_20' title="bbox 2101 817 3749 891; baseline 0.001 -17"><span class='ocrx_word' id='word_1_136' title='bbox 2101 820 2191 874; x_wconf 88' lang='lat' dir='ltr'>tit.</span> <span class='ocrx_word' id='word_1_137' title='bbox 2222 821 2364 874; x_wconf 87' lang='lat' dir='ltr'>Cum</span> <span class='ocrx_word' id='word_1_138' title='bbox 2391 825 2587 875; x_wconf 89' lang='lat' dir='ltr'>autem</span> <span class='ocrx_word' id='word_1_139' title='bbox 2611 820 2920 890; x_wconf 87' lang='lat' dir='ltr'>Chaganus</span> <span class='ocrx_word' id='word_1_140' title='bbox 2950 836 3093 890; x_wconf 86' lang='lat' dir='ltr'>pace</span> <span class='ocrx_word' id='word_1_141' title='bbox 3124 817 3340 874; x_wconf 89' lang='lat' dir='ltr'>violata</span> <span class='ocrx_word' id='word_1_142' title='bbox 3369 819 3444 874; x_wconf 90' lang='lat' dir='ltr'>ad</span> <span class='ocrx_word' id='word_1_143' title='bbox 3487 820 3749 891; x_wconf 85' lang='lat' dir='ltr'>Longum</span> 
     </span>
    </p>
   </div>
   <div class='ocr_carea' id='block_1_21' title="bbox 2099 906 3749 978">
    <p class='ocr_par' dir='ltr' id='par_1_21' title="bbox 2099 906 3749 978">
     <span class='ocr_line' id='line_1_21' title="bbox 2099 906 3749 978; baseline 0.001 -16"><span class='ocrx_word' id='word_1_144' title='bbox 2099 924 2335 963; x_wconf 90' lang='lat' dir='ltr'>murum</span> <span class='ocrx_word' id='word_1_145' title='bbox 2365 907 2685 978; x_wconf 70' lang='lat' dir='ltr'>przedando</span> <span class='ocrx_word' id='word_1_146' title='bbox 2719 913 3082 964; x_wconf 88' lang='lat' dir='ltr'>excurreret.</span> <span class='ocrx_word' id='word_1_147' title='bbox 3130 906 3599 963; x_wconf 89' lang='lat' dir='ltr'>Commentiolus</span> <span class='ocrx_word' id='word_1_148' title='bbox 3631 909 3749 964; x_wconf 89' lang='lat' dir='ltr'>dux</span> 
     </span>
    </p>
   </div>
   <div class='ocr_carea' id='block_1_22' title="bbox 2098 996 3750 1069">
    <p class='ocr_par' dir='ltr' id='par_1_22' title="bbox 2098 996 3750 1069">
     <span class='ocr_line' id='line_1_22' title="bbox 2098 996 3750 1069; baseline 0 -17"><span class='ocrx_word' id='word_1_149' title='bbox 2098 997 2346 1052; x_wconf 81' lang='lat' dir='ltr'>Romani</span> <span class='ocrx_word' id='word_1_150' title='bbox 2381 996 2674 1051; x_wconf 86' lang='lat' dir='ltr'>exercitus</span> <span class='ocrx_word' id='word_1_151' title='bbox 2706 996 2776 1050; x_wconf 92' lang='lat' dir='ltr'>de</span> <span class='ocrx_word' id='word_1_152' title='bbox 2810 997 3127 1069; x_wconf 87' lang='lat' dir='ltr'>improviso</span> <span class='ocrx_word' id='word_1_153' title='bbox 3171 997 3457 1052; x_wconf 83' lang='lat' dir='ltr'>Barbaros</span> <span class='ocrx_word' id='word_1_154' title='bbox 3507 997 3750 1052; x_wconf 90' lang='lat' dir='ltr'>adortus</span> 
     </span>
    </p>
   </div>
   <div class='ocr_carea' id='block_1_23' title="bbox 2098 1085 3749 1157">
    <p class='ocr_par' dir='ltr' id='par_1_23' title="bbox 2098 1085 3749 1157">
     <span class='ocr_line' id='line_1_23' title="bbox 2098 1085 3749 1157; baseline 0.001 -17"><span class='ocrx_word' id='word_1_155' title='bbox 2098 1101 2310 1157; x_wconf 87' lang='lat' dir='ltr'>magna</span> <span class='ocrx_word' id='word_1_156' title='bbox 2339 1085 2723 1139; x_wconf 75' lang='lat' dir='ltr'>multitudine</span> <span class='ocrx_word' id='word_1_157' title='bbox 2751 1102 2903 1140; x_wconf 63' lang='lat' dir='ltr'>cassa</span> <span class='ocrx_word' id='word_1_158' title='bbox 2933 1103 3034 1140; x_wconf 90' lang='lat' dir='ltr'>eos</span> <span class='ocrx_word' id='word_1_159' title='bbox 3058 1085 3273 1155; x_wconf 78' lang='lat' dir='ltr'>abegit.</span> <span class='ocrx_word' id='word_1_160' title='bbox 3309 1085 3450 1140; x_wconf 85' lang='lat' dir='ltr'>Inde</span> <span class='ocrx_word' id='word_1_161' title='bbox 3481 1103 3616 1141; x_wconf 91' lang='lat' dir='ltr'>cum</span> <span class='ocrx_word' id='word_1_162' title='bbox 3673 1086 3749 1141; x_wconf 92' lang='lat' dir='ltr'>ad</span> 
     </span>
    </p>
   </div>
   <div class='ocr_carea' id='block_1_24' title="bbox 2097 1173 3749 1246">
    <p class='ocr_par' dir='ltr' id='par_1_24' title="bbox 2097 1173 3749 1246">
     <span class='ocr_line' id='line_1_24' title="bbox 2097 1173 3749 1246; baseline 0.001 -19"><span class='ocrx_word' id='word_1_163' title='bbox 2097 1173 2549 1244; x_wconf 84' lang='lat' dir='ltr'>Adrianopolim</span> <span class='ocrx_word' id='word_1_164' title='bbox 2581 1173 2856 1242; x_wconf 80' lang='lat' dir='ltr'>venisset,</span> <span class='ocrx_word' id='word_1_165' title='bbox 2917 1175 2978 1228; x_wconf 89' lang='lat' dir='ltr'>in</span> <span class='ocrx_word' id='word_1_166' title='bbox 3033 1174 3464 1246; x_wconf 82' lang='lat' dir='ltr'>Andragastum</span> <span class='ocrx_word' id='word_1_167' title='bbox 3520 1175 3749 1242; x_wconf 81' lang='lat' dir='ltr'>incidit,</span> 
     </span>
    </p>
   </div>
   <div class='ocr_carea' id='block_1_25' title="bbox 2096 1261 3753 1334">
    <p class='ocr_par' dir='ltr' id='par_1_25' title="bbox 2096 1261 3753 1334">
     <span class='ocr_line' id='line_1_25' title="bbox 2096 1261 3753 1334; baseline 0.001 -18"><span class='ocrx_word' id='word_1_168' title='bbox 2096 1262 2472 1317; x_wconf 89' lang='lat' dir='ltr'>SIavinorum</span> <span class='ocrx_word' id='word_1_169' title='bbox 2511 1261 2754 1327; x_wconf 88' lang='lat' dir='ltr'>ducem,</span> <span class='ocrx_word' id='word_1_170' title='bbox 2797 1263 2894 1332; x_wconf 89' lang='lat' dir='ltr'>qui</span> <span class='ocrx_word' id='word_1_171' title='bbox 2927 1262 3190 1334; x_wconf 58' lang='lat' dir='ltr'>praedam</span> <span class='ocrx_word' id='word_1_172' title='bbox 3221 1263 3449 1334; x_wconf 83' lang='lat' dir='ltr'>agebat.</span> <span class='ocrx_word' id='word_1_173' title='bbox 3484 1264 3548 1317; x_wconf 91' lang='lat' dir='ltr'>In</span> <span class='ocrx_word' id='word_1_174' title='bbox 3593 1263 3753 1318; x_wconf 90' lang='lat' dir='ltr'>hunc</span> 
     </span>
    </p>
   </div>
   <div class='ocr_carea' id='block_1_26' title="bbox 2093 1351 3754 1423">
    <p class='ocr_par' dir='ltr' id='par_1_26' title="bbox 2093 1351 3754 1423">
     <span class='ocr_line' id='line_1_26' title="bbox 2093 1351 3754 1423; baseline 0.001 -18"><span class='ocrx_word' id='word_1_175' title='bbox 2093 1351 2247 1407; x_wconf 86' lang='lat' dir='ltr'>facto</span> <span class='ocrx_word' id='word_1_176' title='bbox 2278 1352 2506 1423; x_wconf 87' lang='lat' dir='ltr'>impetu</span> <span class='ocrx_word' id='word_1_177' title='bbox 2531 1351 2798 1422; x_wconf 67' lang='lat' dir='ltr'>prmdam</span> <span class='ocrx_word' id='word_1_178' title='bbox 2826 1353 3068 1422; x_wconf 88' lang='lat' dir='ltr'>recepit,</span> <span class='ocrx_word' id='word_1_179' title='bbox 3091 1352 3311 1423; x_wconf 75' lang='lat' dir='ltr'>insigni</span> <span class='ocrx_word' id='word_1_180' title='bbox 3333 1352 3555 1422; x_wconf 89' lang='lat' dir='ltr'>potitus</span> <span class='ocrx_word' id='word_1_181' title='bbox 3575 1353 3754 1407; x_wconf 90' lang='lat' dir='ltr'>victo-</span> 
     </span>
    </p>
   </div>
   <div class='ocr_carea' id='block_1_27' title="bbox 2094 1441 3748 1512">
    <p class='ocr_par' dir='ltr' id='par_1_27' title="bbox 2094 1441 3748 1512">
     <span class='ocr_line' id='line_1_27' title="bbox 2094 1441 3748 1512; baseline -0.001 -16"><span class='ocrx_word' id='word_1_182' title='bbox 2094 1442 2200 1496; x_wconf 88' lang='lat' dir='ltr'>ria.</span> <span class='ocrx_word' id='word_1_183' title='bbox 2236 1443 2315 1496; x_wconf 89' lang='lat' dir='ltr'>Eo</span> <span class='ocrx_word' id='word_1_184' title='bbox 2351 1447 2616 1512; x_wconf 89' lang='lat' dir='ltr'>tempore</span> <span class='ocrx_word' id='word_1_185' title='bbox 2649 1441 2830 1496; x_wconf 71' lang='lat' dir='ltr'>Graeci</span> <span class='ocrx_word' id='word_1_186' title='bbox 2868 1441 3109 1511; x_wconf 89' lang='lat' dir='ltr'>quidam</span> <span class='ocrx_word' id='word_1_187' title='bbox 3143 1442 3204 1496; x_wconf 93' lang='lat' dir='ltr'>in</span> <span class='ocrx_word' id='word_1_188' title='bbox 3236 1441 3412 1496; x_wconf 88' lang='lat' dir='ltr'>domo</span> <span class='ocrx_word' id='word_1_189' title='bbox 3439 1441 3748 1512; x_wconf 82' lang='lat' dir='ltr'>cujusdam</span> 
     </span>
    </p>
   </div>
   <div class='ocr_carea' id='block_1_28' title="bbox 2093 1531 3746 1605">
    <p class='ocr_par' dir='ltr' id='par_1_28' title="bbox 2093 1531 3746 1605">
     <span class='ocr_line' id='line_1_28' title="bbox 2093 1531 3746 1605; baseline 0 -19"><span class='ocrx_word' id='word_1_190' title='bbox 2093 1532 2451 1605; x_wconf 88' lang='lat' dir='ltr'>prandentes</span> <span class='ocrx_word' id='word_1_191' title='bbox 2504 1549 2572 1587; x_wconf 91' lang='lat' dir='ltr'>eo</span> <span class='ocrx_word' id='word_1_192' title='bbox 2620 1531 2883 1603; x_wconf 86' lang='lat' dir='ltr'>prolapsi</span> <span class='ocrx_word' id='word_1_193' title='bbox 2937 1537 3074 1586; x_wconf 90' lang='lat' dir='ltr'>sunt</span> <span class='ocrx_word' id='word_1_194' title='bbox 3104 1533 3165 1586; x_wconf 91' lang='lat' dir='ltr'>in</span> <span class='ocrx_word' id='word_1_195' title='bbox 3195 1531 3498 1603; x_wconf 82' lang='lat' dir='ltr'>Virginem</span> <span class='ocrx_word' id='word_1_196' title='bbox 3531 1531 3746 1603; x_wconf 90' lang='lat' dir='ltr'>Deipa-</span> 
     </span>
    </p>
   </div>
   <div class='ocr_carea' id='block_1_29' title="bbox 2091 1621 3743 1692">
    <p class='ocr_par' dir='ltr' id='par_1_29' title="bbox 2091 1621 3743 1692">
     <span class='ocr_line' id='line_1_29' title="bbox 2091 1621 3743 1692; baseline 0 -17"><span class='ocrx_word' id='word_1_197' title='bbox 2091 1639 2216 1677; x_wconf 91' lang='lat' dir='ltr'>ram</span> <span class='ocrx_word' id='word_1_198' title='bbox 2252 1622 2516 1677; x_wconf 87' lang='lat' dir='ltr'>convicia</span> <span class='ocrx_word' id='word_1_199' title='bbox 2548 1626 2724 1691; x_wconf 89' lang='lat' dir='ltr'>atque</span> <span class='ocrx_word' id='word_1_200' title='bbox 2755 1622 3191 1677; x_wconf 83' lang='lat' dir='ltr'>exsecrationes</span> <span class='ocrx_word' id='word_1_201' title='bbox 3205 1621 3493 1692; x_wconf 90' lang='lat' dir='ltr'>jacerent.</span> <span class='ocrx_word' id='word_1_202' title='bbox 3524 1622 3743 1675; x_wconf 84' lang='lat' dir='ltr'>Horum</span> 
     </span>
    </p>
   </div>
   <div class='ocr_carea' id='block_1_30' title="bbox 2089 1708 3748 1780">
    <p class='ocr_par' dir='ltr' id='par_1_30' title="bbox 2089 1708 3748 1780">
     <span class='ocr_line' id='line_1_30' title="bbox 2089 1708 3748 1780; baseline 0 -17"><span class='ocrx_word' id='word_1_203' title='bbox 2089 1709 2306 1780; x_wconf 88' lang='lat' dir='ltr'>reliqui</span> <span class='ocrx_word' id='word_1_204' title='bbox 2338 1709 2498 1764; x_wconf 92' lang='lat' dir='ltr'>illico</span> <span class='ocrx_word' id='word_1_205' title='bbox 2525 1726 2560 1765; x_wconf 93' lang='lat' dir='ltr'>a</span> <span class='ocrx_word' id='word_1_206' title='bbox 2589 1709 2763 1764; x_wconf 89' lang='lat' dir='ltr'>malis</span> <span class='ocrx_word' id='word_1_207' title='bbox 2793 1710 3043 1780; x_wconf 90' lang='lat' dir='ltr'>correpti</span> <span class='ocrx_word' id='word_1_208' title='bbox 3078 1709 3384 1780; x_wconf 88' lang='lat' dir='ltr'>spiritibus</span> <span class='ocrx_word' id='word_1_209' title='bbox 3406 1725 3608 1780; x_wconf 69' lang='lat' dir='ltr'>pmuas</span> <span class='ocrx_word' id='word_1_210' title='bbox 3638 1708 3748 1763; x_wconf 80' lang='lat' dir='ltr'>de-</span> 
     </span>
    </p>
   </div>
   <div class='ocr_carea' id='block_1_31' title="bbox 2091 1797 3743 1870">
    <p class='ocr_par' dir='ltr' id='par_1_31' title="bbox 2091 1797 3743 1870">
     <span class='ocr_line' id='line_1_31' title="bbox 2091 1797 3743 1870; baseline 0 -17"><span class='ocrx_word' id='word_1_211' title='bbox 2091 1798 2328 1854; x_wconf 88' lang='lat' dir='ltr'>derunt.</span> <span class='ocrx_word' id='word_1_212' title='bbox 2363 1799 2648 1854; x_wconf 89' lang='lat' dir='ltr'>Dominus</span> <span class='ocrx_word' id='word_1_213' title='bbox 2680 1803 2878 1854; x_wconf 90' lang='lat' dir='ltr'>autem</span> <span class='ocrx_word' id='word_1_214' title='bbox 2905 1797 3117 1853; x_wconf 89' lang='lat' dir='ltr'>domus</span> <span class='ocrx_word' id='word_1_215' title='bbox 3143 1797 3313 1852; x_wconf 86' lang='lat' dir='ltr'>istius</span> <span class='ocrx_word' id='word_1_216' title='bbox 3369 1813 3474 1870; x_wconf 92' lang='lat' dir='ltr'>per</span> <span class='ocrx_word' id='word_1_217' title='bbox 3513 1798 3743 1853; x_wconf 87' lang='lat' dir='ltr'>insom-</span> 
     </span>
    </p>
   </div>
   <div class='ocr_carea' id='block_1_32' title="bbox 333 1885 1970 1978">
    <p class='ocr_par' dir='ltr' id='par_1_32' title="bbox 333 1893 1970 1972">
     <span class='ocr_line' id='line_1_32' title="bbox 333 1893 1970 1972; baseline -0.004 -19"><span class='ocrx_word' id='word_1_218' title='bbox 333 1899 471 1953; x_wconf 81' lang='grc' dir='ltr'>αυτά</span> <span class='ocrx_word' id='word_1_219' title='bbox 536 1902 796 1972; x_wconf 75' lang='grc' dir='ltr'>πονηροῖς</span> <span class='ocrx_word' id='word_1_220' title='bbox 855 1896 1124 1968; x_wconf 67' lang='grc' dir='ltr'>πνεύμασι</span> <span class='ocrx_word' id='word_1_221' title='bbox 1185 1895 1479 1972; x_wconf 70' lang='grc' dir='ltr'>ληφθέντες</span> <span class='ocrx_word' id='word_1_222' title='bbox 1556 1893 1706 1957; x_wconf 84' lang='grc' dir='ltr'>δίκας</span> <span class='ocrx_word' id='word_1_223' title='bbox 1764 1894 1970 1948; x_wconf 80' lang='grc' dir='ltr'>ἀπετίν-</span> 
     </span>
    </p>
   </div>
   <div class='ocr_carea' id='block_1_33' title="bbox 2083 1885 3740 1978">
    <p class='ocr_par' dir='ltr' id='par_1_33' title="bbox 2091 1885 3740 1958">
     <span class='ocr_line' id='line_1_33' title="bbox 2091 1885 3740 1958; baseline -0.001 -16"><span class='ocrx_word' id='word_1_224' title='bbox 2091 1888 2258 1943; x_wconf 90' lang='lat' dir='ltr'>nium</span> <span class='ocrx_word' id='word_1_225' title='bbox 2279 1887 2423 1942; x_wconf 86' lang='lat' dir='ltr'>vidit</span> <span class='ocrx_word' id='word_1_226' title='bbox 2449 1888 2558 1943; x_wconf 90' lang='lat' dir='ltr'>sibi</span> <span class='ocrx_word' id='word_1_227' title='bbox 2593 1889 2746 1944; x_wconf 74' lang='lat'>098</span> <span class='ocrx_word' id='word_1_228' title='bbox 2775 1893 2969 1943; x_wconf 87' lang='lat' dir='ltr'>astare</span> <span class='ocrx_word' id='word_1_229' title='bbox 3002 1887 3485 1958; x_wconf 73' lang='lat' dir='ltr'>Deiparam,quaa</span> <span class='ocrx_word' id='word_1_230' title='bbox 3515 1885 3740 1957; x_wconf 87' lang='lat' dir='ltr'>alloqui</span> 
     </span>
    </p>
   </div>
   <div class='ocr_carea' id='block_1_34' title="bbox 332 1983 1983 2058">
    <p class='ocr_par' dir='ltr' id='par_1_34' title="bbox 332 1983 1983 2058">
     <span class='ocr_line' id='line_1_34' title="bbox 332 1983 1983 2058; baseline -0.004 -15"><span class='ocrx_word' id='word_1_231' title='bbox 332 2009 486 2057; x_wconf 86' lang='grc' dir='ltr'>νυον,</span> <span class='ocrx_word' id='word_1_232' title='bbox 517 1989 544 2042; x_wconf 85' lang='grc' dir='ltr'>ὁ</span> <span class='ocrx_word' id='word_1_233' title='bbox 586 1985 853 2057; x_wconf 82' lang='grc' dir='ltr'>δεσπότης</span> <span class='ocrx_word' id='word_1_234' title='bbox 883 1983 941 2040; x_wconf 77' lang='grc' dir='ltr'>δὲ</span> <span class='ocrx_word' id='word_1_235' title='bbox 983 1991 1083 2054; x_wconf 79' lang='grc' dir='ltr'>τῆς</span> <span class='ocrx_word' id='word_1_236' title='bbox 1144 1985 1318 2048; x_wconf 87' lang='grc' dir='ltr'>οίκίας</span> <span class='ocrx_word' id='word_1_237' title='bbox 1373 1983 1486 2041; x_wconf 77' lang='grc' dir='ltr'>εἶδε</span> <span class='ocrx_word' id='word_1_238' title='bbox 1531 1988 1649 2040; x_wconf 85' lang='grc' dir='ltr'>κατ’</span> <span class='ocrx_word' id='word_1_239' title='bbox 1696 1983 1822 2058; x_wconf 71' lang='grc' dir='ltr'>ὄναρ</span> <span class='ocrx_word' id='word_1_240' title='bbox 1871 1985 1983 2038; x_wconf 79' lang='grc' dir='ltr'>ἐπι-</span> 
     </span>
    </p>
   </div>
   <div class='ocr_carea' id='block_1_35' title="bbox 332 2073 1983 2150">
    <p class='ocr_par' dir='ltr' id='par_1_35' title="bbox 332 2073 1983 2150">
     <span class='ocr_line' id='line_1_35' title="bbox 332 2073 1983 2150; baseline -0.004 -18"><span class='ocrx_word' id='word_1_241' title='bbox 332 2083 526 2132; x_wconf 82' lang='grc' dir='ltr'>στᾶσαν</span> <span class='ocrx_word' id='word_1_242' title='bbox 552 2077 699 2148; x_wconf 55' lang='lat' dir='ltr'>aera;</span> <span class='ocrx_word' id='word_1_243' title='bbox 726 2077 822 2144; x_wconf 76' lang='grc' dir='ltr'>τὴν</span> <span class='ocrx_word' id='word_1_244' title='bbox 853 2075 1112 2130; x_wconf 88' lang='grc' dir='ltr'>Θεοτόκον</span> <span class='ocrx_word' id='word_1_245' title='bbox 1163 2073 1253 2129; x_wconf 77' lang='grc' dir='ltr'>καί</span> <span class='ocrx_word' id='word_1_246' title='bbox 1299 2075 1502 2150; x_wconf 88' lang='grc' dir='ltr'>βεργίῳ</span> <span class='ocrx_word' id='word_1_247' title='bbox 1550 2078 1657 2146; x_wconf 85' lang='grc'>(91)</span> <span class='ocrx_word' id='word_1_248' title='bbox 1706 2073 1772 2128; x_wconf 77' lang='grc' dir='ltr'>τὰ</span> <span class='ocrx_word' id='word_1_249' title='bbox 1819 2073 1983 2127; x_wconf 80' lang='grc' dir='ltr'>αὑτοῦ</span> 
     </span>
    </p>
   </div>
   <div class='ocr_carea' id='block_1_36' title="bbox 330 2162 1979 2242">
    <p class='ocr_par' dir='ltr' id='par_1_36' title="bbox 330 2162 1979 2242">
     <span class='ocr_line' id='line_1_36' title="bbox 330 2162 1979 2242; baseline -0.004 -21"><span class='ocrx_word' id='word_1_250' title='bbox 330 2166 533 2242; x_wconf 87' lang='grc' dir='ltr'>γόνατα</span> <span class='ocrx_word' id='word_1_251' title='bbox 561 2166 1001 2240; x_wconf 78' lang='grc' dir='ltr'>περιχαράξασαν</span> <span class='ocrx_word' id='word_1_252' title='bbox 1040 2163 1128 2218; x_wconf 75' lang='grc' dir='ltr'>καὶ</span> <span class='ocrx_word' id='word_1_253' title='bbox 1191 2162 1331 2237; x_wconf 72' lang='grc' dir='ltr'>μηδὲ</span> <span class='ocrx_word' id='word_1_254' title='bbox 1379 2163 1551 2238; x_wconf 82' lang='grc' dir='ltr'>λόγου</span> <span class='ocrx_word' id='word_1_255' title='bbox 1606 2162 1766 2218; x_wconf 81' lang='grc' dir='ltr'>αὑτὸν</span> <span class='ocrx_word' id='word_1_256' title='bbox 1815 2162 1979 2234; x_wconf 78' lang='grc' dir='ltr'>ἀξιώ-</span> 
     </span>
    </p>
   </div>
   <div class='ocr_carea' id='block_1_37' title="bbox 329 2249 1982 2329">
    <p class='ocr_par' dir='ltr' id='par_1_37' title="bbox 329 2249 1982 2329">
     <span class='ocr_line' id='line_1_37' title="bbox 329 2249 1982 2329; baseline -0.004 -19"><span class='ocrx_word' id='word_1_257' title='bbox 329 2276 514 2312; x_wconf 89' lang='grc' dir='ltr'>σασαν.</span> <span class='ocrx_word' id='word_1_258' title='bbox 549 2257 609 2312; x_wconf 88' lang='lat' dir='ltr'><strong>&#39;O</strong></span> <span class='ocrx_word' id='word_1_259' title='bbox 669 2253 726 2310; x_wconf 76' lang='grc' dir='ltr'>δὲ</span> <span class='ocrx_word' id='word_1_260' title='bbox 783 2253 938 2318; x_wconf 72' lang='grc' dir='ltr'>εὐθὺς</span> <span class='ocrx_word' id='word_1_261' title='bbox 993 2249 1216 2324; x_wconf 77' lang='grc' dir='ltr'>ἔξυπνος</span> <span class='ocrx_word' id='word_1_262' title='bbox 1273 2259 1394 2318; x_wconf 88' lang='grc' dir='ltr'>τοῖς</span> <span class='ocrx_word' id='word_1_263' title='bbox 1449 2252 1637 2315; x_wconf 86' lang='grc' dir='ltr'>πόνοις</span> <span class='ocrx_word' id='word_1_264' title='bbox 1692 2250 1982 2329; x_wconf 86' lang='grc' dir='ltr'>γενόμενος</span> 
     </span>
    </p>
   </div>
   <div class='ocr_carea' id='block_1_38' title="bbox 326 2339 1976 2420">
    <p class='ocr_par' dir='ltr' id='par_1_38' title="bbox 326 2339 1976 2420">
     <span class='ocr_line' id='line_1_38' title="bbox 326 2339 1976 2420; baseline -0.004 -20"><span class='ocrx_word' id='word_1_265' title='bbox 326 2343 445 2420; x_wconf 82' lang='grc' dir='ltr'>εὗρε</span> <span class='ocrx_word' id='word_1_266' title='bbox 473 2344 598 2406; x_wconf 77' lang='grc' dir='ltr'>τοὺς</span> <span class='ocrx_word' id='word_1_267' title='bbox 628 2341 798 2406; x_wconf 85' lang='grc' dir='ltr'>πόδας</span> <span class='ocrx_word' id='word_1_268' title='bbox 857 2343 1022 2398; x_wconf 79' lang='grc' dir='ltr'>αὑτοῦ</span> <span class='ocrx_word' id='word_1_269' title='bbox 1079 2343 1472 2416; x_wconf 82' lang='grc' dir='ltr'>κεκομμένους,</span> <span class='ocrx_word' id='word_1_270' title='bbox 1523 2343 1806 2404; x_wconf 81' lang='grc' dir='ltr'>κάντεῦθεν</span> <span class='ocrx_word' id='word_1_271' title='bbox 1855 2339 1976 2395; x_wconf 88' lang='grc' dir='ltr'>λοι-</span> 
     </span>
    </p>
   </div>
   <div class='ocr_carea' id='block_1_39' title="bbox 323 2430 1978 2510">
    <p class='ocr_par' dir='ltr' id='par_1_39' title="bbox 323 2430 1978 2510">
     <span class='ocr_line' id='line_1_39' title="bbox 323 2430 1978 2510; baseline -0.004 -20"><span class='ocrx_word' id='word_1_272' title='bbox 323 2435 426 2490; x_wconf 82' lang='grc' dir='ltr'>πὸν</span> <span class='ocrx_word' id='word_1_273' title='bbox 460 2432 703 2508; x_wconf 83' lang='grc' dir='ltr'>δημοσίᾳ</span> <span class='ocrx_word' id='word_1_274' title='bbox 734 2431 979 2510; x_wconf 78' lang='grc' dir='ltr'>φοράδην</span> <span class='ocrx_word' id='word_1_275' title='bbox 1011 2431 1280 2508; x_wconf 82' lang='grc' dir='ltr'>ἀγόμενος</span> <span class='ocrx_word' id='word_1_276' title='bbox 1319 2431 1407 2486; x_wconf 83' lang='grc' dir='ltr'>καὶ</span> <span class='ocrx_word' id='word_1_277' title='bbox 1464 2430 1821 2505; x_wconf 82' lang='grc' dir='ltr'>προκείμενος</span> <span class='ocrx_word' id='word_1_278' title='bbox 1876 2432 1978 2500; x_wconf 77' lang='grc' dir='ltr'>τήν</span> 
     </span>
    </p>
   </div>
   <div class='ocr_carea' id='block_1_40' title="bbox 328 2519 1976 2599">
    <p class='ocr_par' dir='ltr' id='par_1_40' title="bbox 328 2519 1976 2599">
     <span class='ocr_line' id='line_1_40' title="bbox 328 2519 1976 2599; baseline -0.004 -21"><span class='ocrx_word' id='word_1_279' title='bbox 328 2521 722 2599; x_wconf 85' lang='grc' dir='ltr'>δικαιοκρισίαν</span> <span class='ocrx_word' id='word_1_280' title='bbox 773 2520 1179 2596; x_wconf 79' lang='grc' dir='ltr'>ἐξωμολογεῖτο</span> <span class='ocrx_word' id='word_1_281' title='bbox 1235 2526 1335 2576; x_wconf 89' lang='grc' dir='ltr'>τοῦ</span> <span class='ocrx_word' id='word_1_282' title='bbox 1393 2524 1528 2575; x_wconf 86' lang='grc' dir='ltr'>Θεοῦ</span> <span class='ocrx_word' id='word_1_283' title='bbox 1580 2519 1671 2574; x_wconf 85' lang='grc' dir='ltr'>καὶ</span> <span class='ocrx_word' id='word_1_284' title='bbox 1718 2519 1818 2587; x_wconf 81' lang='grc' dir='ltr'>τήν</span> <span class='ocrx_word' id='word_1_285' title='bbox 1877 2525 1976 2588; x_wconf 84' lang='grc' dir='ltr'>τῆς</span> 
     </span>
    </p>
   </div>
   <div class='ocr_carea' id='block_1_41' title="bbox 327 2608 1725 2685">
    <p class='ocr_par' dir='ltr' id='par_1_41' title="bbox 327 2608 1725 2685">
     <span class='ocr_line' id='line_1_41' title="bbox 327 2608 1725 2685; baseline -0.001 -19"><span class='ocrx_word' id='word_1_286' title='bbox 327 2613 672 2685; x_wconf 88' lang='grc' dir='ltr'>παναμώμου</span> <span class='ocrx_word' id='word_1_287' title='bbox 702 2613 968 2667; x_wconf 88' lang='grc' dir='ltr'>Θεοτόκου</span> <span class='ocrx_word' id='word_1_288' title='bbox 997 2611 1116 2665; x_wconf 87' lang='grc' dir='ltr'>κατ’</span> <span class='ocrx_word' id='word_1_289' title='bbox 1147 2610 1318 2664; x_wconf 84' lang='grc' dir='ltr'>αὐτοῦ</span> <span class='ocrx_word' id='word_1_290' title='bbox 1339 2608 1725 2685; x_wconf 79' lang='grc' dir='ltr'>ἀγανάκτησιν.</span> 
     </span>
    </p>
   </div>
   <div class='ocr_carea' id='block_1_42' title="bbox 395 2697 1974 2777">
    <p class='ocr_par' dir='ltr' id='par_1_42' title="bbox 395 2697 1974 2777">
     <span class='ocr_line' id='line_1_42' title="bbox 395 2697 1974 2777; baseline -0.004 -18"><span class='ocrx_word' id='word_1_291' title='bbox 395 2704 488 2775; x_wconf 81' lang='grc' dir='ltr'>Τῷ</span> <span class='ocrx_word' id='word_1_292' title='bbox 517 2703 566 2777; x_wconf 86' lang='grc' dir='ltr'>γ’</span> <span class='ocrx_word' id='word_1_293' title='bbox 615 2700 720 2756; x_wconf 82' lang='grc' dir='ltr'>ἔτει</span> <span class='ocrx_word' id='word_1_294' title='bbox 783 2700 1120 2762; x_wconf 82' lang='grc' dir='ltr'>Φιλιππικὸς</span> <span class='ocrx_word' id='word_1_295' title='bbox 1161 2699 1249 2754; x_wconf 83' lang='grc' dir='ltr'>ἐπὶ</span> <span class='ocrx_word' id='word_1_296' title='bbox 1300 2701 1398 2770; x_wconf 69' lang='grc' dir='ltr'>τὴν</span> <span class='ocrx_word' id='word_1_297' title='bbox 1456 2699 1719 2773; x_wconf 78' lang='grc' dir='ltr'>Περσικήν</span> <span class='ocrx_word' id='word_1_298' title='bbox 1776 2697 1974 2770; x_wconf 83' lang='grc' dir='ltr'>ἐλθὼν,</span> 
     </span>
    </p>
   </div>
   <div class='ocr_carea' id='block_1_43' title="bbox 322 2785 1976 2864">
    <p class='ocr_par' dir='ltr' id='par_1_43' title="bbox 322 2785 1976 2864">
     <span class='ocr_line' id='line_1_43' title="bbox 322 2785 1976 2864; baseline -0.003 -19"><span class='ocrx_word' id='word_1_299' title='bbox 322 2785 648 2845; x_wconf 83' lang='grc' dir='ltr'>καταλαϐὼν</span> <span class='ocrx_word' id='word_1_300' title='bbox 682 2791 785 2859; x_wconf 78' lang='grc' dir='ltr'>τήν</span> <span class='ocrx_word' id='word_1_301' title='bbox 818 2791 873 2845; x_wconf 81' lang='grc' dir='ltr'><strong>Ἀ</strong></span> <span class='ocrx_word' id='word_1_302' title='bbox 889 2790 1083 2864; x_wconf 83' lang='grc' dir='ltr'>ρξάνην</span> <span class='ocrx_word' id='word_1_303' title='bbox 1119 2786 1362 2863; x_wconf 81' lang='grc' dir='ltr'>μεγάλην</span> <span class='ocrx_word' id='word_1_304' title='bbox 1393 2785 1780 2860; x_wconf 85' lang='grc' dir='ltr'>αἰχμαλωσίαν</span> <span class='ocrx_word' id='word_1_305' title='bbox 1816 2786 1976 2862; x_wconf 80' lang='grc' dir='ltr'>ἐκρά-</span> 
     </span>
    </p>
   </div>
   <div class='ocr_carea' id='block_1_44' title="bbox 321 2874 1970 2952">
    <p class='ocr_par' dir='ltr' id='par_1_44' title="bbox 321 2874 1970 2952">
     <span class='ocr_line' id='line_1_44' title="bbox 321 2874 1970 2952; baseline -0.002 -18"><span class='ocrx_word' id='word_1_306' title='bbox 321 2900 475 2950; x_wconf 87' lang='grc' dir='ltr'>τησε,</span> <span class='ocrx_word' id='word_1_307' title='bbox 524 2880 614 2934; x_wconf 84' lang='grc' dir='ltr'>καῖ</span> <span class='ocrx_word' id='word_1_308' title='bbox 673 2877 883 2934; x_wconf 80' lang='grc' dir='ltr'>δειλίαν</span> <span class='ocrx_word' id='word_1_309' title='bbox 941 2877 1160 2952; x_wconf 83' lang='grc' dir='ltr'>ἐμποιεῖ</span> <span class='ocrx_word' id='word_1_310' title='bbox 1207 2882 1321 2938; x_wconf 78' lang='grc' dir='ltr'>τοῖς</span> <span class='ocrx_word' id='word_1_311' title='bbox 1385 2881 1666 2951; x_wconf 86' lang='grc' dir='ltr'>Περσικοῖς</span> <span class='ocrx_word' id='word_1_312' title='bbox 1719 2874 1970 2951; x_wconf 81' lang='grc' dir='ltr'>στρατεὺ-</span> 
     </span>
    </p>
   </div>
   <div class='ocr_carea' id='block_1_45' title="bbox 327 2965 1972 3044">
    <p class='ocr_par' dir='ltr' id='par_1_45' title="bbox 327 2965 1972 3044">
     <span class='ocr_line' id='line_1_45' title="bbox 327 2965 1972 3044; baseline -0.002 -22"><span class='ocrx_word' id='word_1_313' title='bbox 327 2989 480 3041; x_wconf 89' lang='grc' dir='ltr'>μασι.</span> <span class='ocrx_word' id='word_1_314' title='bbox 515 2971 762 3039; x_wconf 75' lang='grc' dir='ltr'>Νοσήσας</span> <span class='ocrx_word' id='word_1_315' title='bbox 796 2965 852 3022; x_wconf 77' lang='grc' dir='ltr'>δὲ</span> <span class='ocrx_word' id='word_1_316' title='bbox 878 2967 969 3021; x_wconf 84' lang='grc' dir='ltr'>τὸν</span> <span class='ocrx_word' id='word_1_317' title='bbox 1002 2966 1218 3039; x_wconf 75' lang='grc' dir='ltr'>ἀνεψιὸν</span> <span class='ocrx_word' id='word_1_318' title='bbox 1267 2969 1572 3044; x_wconf 87' lang='grc' dir='ltr'>χειροτονεῖ</span> <span class='ocrx_word' id='word_1_319' title='bbox 1615 2969 1972 3040; x_wconf 84' lang='grc' dir='ltr'>καθηγεῖσθαι</span> 
     </span>
    </p>
   </div>
   <div class='ocr_carea' id='block_1_46' title="bbox 317 3053 1969 3128">
    <p class='ocr_par' dir='ltr' id='par_1_46' title="bbox 317 3053 1969 3128">
     <span class='ocr_line' id='line_1_46' title="bbox 317 3053 1969 3128; baseline -0.003 -15"><span class='ocrx_word' id='word_1_320' title='bbox 317 3061 414 3113; x_wconf 88' lang='grc' dir='ltr'>τοῦ</span> <span class='ocrx_word' id='word_1_321' title='bbox 441 3056 602 3126; x_wconf 82' lang='grc' dir='ltr'>λαοῦ,</span> <span class='ocrx_word' id='word_1_322' title='bbox 661 3057 751 3111; x_wconf 83' lang='grc' dir='ltr'>καὶ</span> <span class='ocrx_word' id='word_1_323' title='bbox 812 3057 888 3118; x_wconf 83' lang='grc' dir='ltr'>εἷς</span> <span class='ocrx_word' id='word_1_324' title='bbox 947 3053 1528 3113; x_wconf 76' lang='grc' dir='ltr'>Κωνσσαντινοῦπολιν</span> <span class='ocrx_word' id='word_1_325' title='bbox 1587 3059 1758 3108; x_wconf 89' lang='grc' dir='ltr'>νοσῶν</span> <span class='ocrx_word' id='word_1_326' title='bbox 1799 3073 1969 3128; x_wconf 63' lang='grc' dir='ltr'>παραυ</span> 
     </span>
    </p>
   </div>
   <div class='ocr_carea' id='block_1_47' title="bbox 317 3142 1970 3224">
    <p class='ocr_par' dir='ltr' id='par_1_47' title="bbox 317 3142 1970 3224">
     <span class='ocr_line' id='line_1_47' title="bbox 317 3142 1970 3224; baseline -0.002 -21"><span class='ocrx_word' id='word_1_327' title='bbox 317 3150 491 3223; x_wconf 87' lang='grc' dir='ltr'>γέγνε.</span> <span class='ocrx_word' id='word_1_328' title='bbox 527 3151 622 3220; x_wconf 85' lang='grc' dir='ltr'>Τῷ</span> <span class='ocrx_word' id='word_1_329' title='bbox 680 3145 726 3201; x_wconf 82' lang='grc' dir='ltr'>δ’</span> <span class='ocrx_word' id='word_1_330' title='bbox 785 3145 934 3219; x_wconf 77' lang='grc' dir='ltr'>αὑτῷ</span> <span class='ocrx_word' id='word_1_331' title='bbox 993 3142 1099 3202; x_wconf 80' lang='grc' dir='ltr'>ἔτει</span> <span class='ocrx_word' id='word_1_332' title='bbox 1157 3143 1354 3224; x_wconf 81' lang='grc' dir='ltr'>ἐτέχθη</span> <span class='ocrx_word' id='word_1_333' title='bbox 1417 3149 1495 3218; x_wconf 79' lang='grc' dir='ltr'>τῷ</span> <span class='ocrx_word' id='word_1_334' title='bbox 1556 3143 1774 3221; x_wconf 87' lang='grc' dir='ltr'>βασιλεῖ</span> <span class='ocrx_word' id='word_1_335' title='bbox 1830 3144 1970 3215; x_wconf 76' lang='grc' dir='ltr'>υἱὸς,</span> 
     </span>
    </p>
   </div>
   <div class='ocr_carea' id='block_1_48' title="bbox 319 3233 1257 3309">
    <p class='ocr_par' dir='ltr' id='par_1_48' title="bbox 319 3233 1257 3309">
     <span class='ocr_line' id='line_1_48' title="bbox 319 3233 1257 3309; baseline 0.001 -18"><span class='ocrx_word' id='word_1_336' title='bbox 319 3237 411 3292; x_wconf 84' lang='grc' dir='ltr'>καὶ</span> <span class='ocrx_word' id='word_1_337' title='bbox 441 3237 718 3309; x_wconf 82' lang='grc' dir='ltr'>ὠνόμασεν</span> <span class='ocrx_word' id='word_1_338' title='bbox 751 3237 915 3291; x_wconf 79' lang='grc' dir='ltr'>αὑτὸν</span> <span class='ocrx_word' id='word_1_339' title='bbox 944 3233 1257 3292; x_wconf 86' lang='grc' dir='ltr'>Θεοδόσιον.</span> 
     </span>
    </p>
   </div>
   <div class='ocr_carea' id='block_1_49' title="bbox 391 3321 1967 3398">
    <p class='ocr_par' dir='ltr' id='par_1_49' title="bbox 391 3321 1967 3398">
     <span class='ocr_line' id='line_1_49' title="bbox 391 3321 1967 3398; baseline -0.003 -16"><span class='ocrx_word' id='word_1_340' title='bbox 391 3329 480 3398; x_wconf 87' lang='grc' dir='ltr'>Τῷ</span> <span class='ocrx_word' id='word_1_341' title='bbox 529 3324 572 3380; x_wconf 88' lang='grc' dir='ltr'>δ’</span> <span class='ocrx_word' id='word_1_342' title='bbox 623 3322 727 3380; x_wconf 78' lang='grc' dir='ltr'>ἔτει</span> <span class='ocrx_word' id='word_1_343' title='bbox 789 3324 1128 3386; x_wconf 81' lang='grc' dir='ltr'>Φιλιππικὸς</span> <span class='ocrx_word' id='word_1_344' title='bbox 1195 3321 1536 3397; x_wconf 74' lang='grc' dir='ltr'>ἐξεληλυθὼς</span> <span class='ocrx_word' id='word_1_345' title='bbox 1594 3329 1694 3392; x_wconf 78' lang='grc' dir='ltr'>τῆς</span> <span class='ocrx_word' id='word_1_346' title='bbox 1752 3321 1967 3385; x_wconf 85' lang='grc' dir='ltr'>πόλεως</span> 
     </span>
    </p>
   </div>
   <div class='ocr_carea' id='block_1_50' title="bbox 315 3407 1967 3490">
    <p class='ocr_par' dir='ltr' id='par_1_50' title="bbox 315 3407 1967 3490">
     <span class='ocr_line' id='line_1_50' title="bbox 315 3407 1967 3490; baseline -0.002 -21"><span class='ocrx_word' id='word_1_347' title='bbox 315 3415 452 3490; x_wconf 84' lang='grc' dir='ltr'>πρὸς</span> <span class='ocrx_word' id='word_1_348' title='bbox 493 3416 700 3490; x_wconf 78' lang='grc' dir='ltr'>Πέρσας</span> <span class='ocrx_word' id='word_1_349' title='bbox 732 3414 1036 3484; x_wconf 81' lang='grc' dir='ltr'>όπλίζεται,</span> <span class='ocrx_word' id='word_1_350' title='bbox 1087 3413 1177 3468; x_wconf 87' lang='grc' dir='ltr'>καὶ</span> <span class='ocrx_word' id='word_1_351' title='bbox 1230 3413 1446 3474; x_wconf 73' lang='grc' dir='ltr'>τούτοις</span> <span class='ocrx_word' id='word_1_352' title='bbox 1497 3407 1793 3484; x_wconf 83' lang='grc' dir='ltr'>συμϐαλὼν</span> <span class='ocrx_word' id='word_1_353' title='bbox 1845 3415 1967 3482; x_wconf 84' lang='grc' dir='ltr'>νικᾷ</span> 
     </span>
    </p>
   </div>
   <div class='ocr_carea' id='block_1_51' title="bbox 316 3495 1966 3577">
    <p class='ocr_par' dir='ltr' id='par_1_51' title="bbox 316 3495 1966 3577">
     <span class='ocr_line' id='line_1_51' title="bbox 316 3495 1966 3577; baseline -0.003 -18"><span class='ocrx_word' id='word_1_354' title='bbox 316 3504 409 3559; x_wconf 82' lang='grc' dir='ltr'>τὸν</span> <span class='ocrx_word' id='word_1_355' title='bbox 441 3502 705 3577; x_wconf 87' lang='grc' dir='ltr'>πόλεμον.</span> <span class='ocrx_word' id='word_1_356' title='bbox 737 3505 821 3577; x_wconf 82' lang='grc' dir='ltr'>Τῇ</span> <span class='ocrx_word' id='word_1_357' title='bbox 857 3501 902 3556; x_wconf 88' lang='grc' dir='ltr'>δ’</span> <span class='ocrx_word' id='word_1_358' title='bbox 959 3501 1208 3576; x_wconf 76' lang='grc' dir='ltr'>ὑστεραίᾳ</span> <span class='ocrx_word' id='word_1_359' title='bbox 1267 3498 1432 3556; x_wconf 73' lang='grc' dir='ltr'>πάλιν</span> <span class='ocrx_word' id='word_1_360' title='bbox 1487 3495 1774 3556; x_wconf 86' lang='grc' dir='ltr'>ἀναλαϐὼν</span> <span class='ocrx_word' id='word_1_361' title='bbox 1819 3507 1966 3577; x_wconf 87' lang='grc' dir='ltr'>Καρ-</span> 
     </span>
    </p>
   </div>
   <div class='ocr_carea' id='block_1_52' title="bbox 315 3587 1966 3668">
    <p class='ocr_par' dir='ltr' id='par_1_52' title="bbox 315 3587 1966 3668">
     <span class='ocr_line' id='line_1_52' title="bbox 315 3587 1966 3668; baseline -0.001 -21"><span class='ocrx_word' id='word_1_362' title='bbox 315 3590 548 3668; x_wconf 87' lang='grc' dir='ltr'>δαρίχας</span> <span class='ocrx_word' id='word_1_363' title='bbox 579 3593 672 3655; x_wconf 78' lang='grc' dir='ltr'>τὰς</span> <span class='ocrx_word' id='word_1_364' title='bbox 699 3594 891 3647; x_wconf 71' lang='grc' dir='ltr'>ἑαυτοῦ</span> <span class='ocrx_word' id='word_1_365' title='bbox 949 3589 1198 3663; x_wconf 82' lang='grc' dir='ltr'>δυνάμεις</span> <span class='ocrx_word' id='word_1_366' title='bbox 1256 3591 1392 3664; x_wconf 89' lang='grc' dir='ltr'>πρὸς</span> <span class='ocrx_word' id='word_1_367' title='bbox 1450 3589 1694 3663; x_wconf 87' lang='grc' dir='ltr'>πόλεμον</span> <span class='ocrx_word' id='word_1_368' title='bbox 1743 3587 1966 3660; x_wconf 82' lang='grc' dir='ltr'>ὁπλίζε-</span> 
     </span>
    </p>
   </div>
   <div class='ocr_carea' id='block_1_53' title="bbox 313 3678 1965 3758">
    <p class='ocr_par' dir='ltr' id='par_1_53' title="bbox 313 3678 1965 3758">
     <span class='ocr_line' id='line_1_53' title="bbox 313 3678 1965 3758; baseline -0.002 -22"><span class='ocrx_word' id='word_1_369' title='bbox 313 3703 424 3752; x_wconf 84' lang='grc' dir='ltr'>ται,</span> <span class='ocrx_word' id='word_1_370' title='bbox 459 3681 546 3737; x_wconf 85' lang='grc' dir='ltr'>καὶ</span> <span class='ocrx_word' id='word_1_371' title='bbox 579 3679 828 3758; x_wconf 89' lang='grc' dir='ltr'>δευτέρου</span> <span class='ocrx_word' id='word_1_372' title='bbox 860 3681 1108 3753; x_wconf 79' lang='grc' dir='ltr'>πολέμου</span> <span class='ocrx_word' id='word_1_373' title='bbox 1141 3680 1504 3752; x_wconf 73' lang='grc' dir='ltr'>’κροτηθέντος</span> <span class='ocrx_word' id='word_1_374' title='bbox 1561 3680 1748 3734; x_wconf 85' lang='grc' dir='ltr'>νικῶσι</span> <span class='ocrx_word' id='word_1_375' title='bbox 1799 3678 1965 3734; x_wconf 83' lang='grc' dir='ltr'>πάλιν</span> 
     </span>
    </p>
   </div>
   <div class='ocr_carea' id='block_1_54' title="bbox 319 3768 1962 3845">
    <p class='ocr_par' dir='ltr' id='par_1_54' title="bbox 319 3768 1962 3845">
     <span class='ocr_line' id='line_1_54' title="bbox 319 3768 1962 3845; baseline -0.002 -19"><span class='ocrx_word' id='word_1_376' title='bbox 319 3773 370 3826; x_wconf 76' lang='grc' dir='ltr'>οἱ</span> <span class='ocrx_word' id='word_1_377' title='bbox 400 3773 663 3845; x_wconf 71' lang='grc' dir='ltr'>Ῥωμαῖοι</span> <span class='ocrx_word' id='word_1_378' title='bbox 691 3772 779 3826; x_wconf 82' lang='grc' dir='ltr'>καὶ</span> <span class='ocrx_word' id='word_1_379' title='bbox 809 3770 1150 3845; x_wconf 85' lang='grc' dir='ltr'>ἀναιροῦνται</span> <span class='ocrx_word' id='word_1_380' title='bbox 1197 3769 1393 3843; x_wconf 82' lang='grc' dir='ltr'>Πέρσαι</span> <span class='ocrx_word' id='word_1_381' title='bbox 1425 3768 1652 3839; x_wconf 80' lang='grc' dir='ltr'>πολλοὶ,</span> <span class='ocrx_word' id='word_1_382' title='bbox 1713 3772 1962 3843; x_wconf 71' lang='grc' dir='ltr'>χειροῦν-</span> 
     </span>
    </p>
   </div>
   <div class='ocr_carea' id='block_1_55' title="bbox 314 3857 1964 3938">
    <p class='ocr_par' dir='ltr' id='par_1_55' title="bbox 314 3857 1964 3938">
     <span class='ocr_line' id='line_1_55' title="bbox 314 3857 1964 3938; baseline -0.002 -23"><span class='ocrx_word' id='word_1_383' title='bbox 314 3882 403 3916; x_wconf 85' lang='grc' dir='ltr'>ται</span> <span class='ocrx_word' id='word_1_384' title='bbox 435 3859 491 3915; x_wconf 75' lang='grc' dir='ltr'>δὲ</span> <span class='ocrx_word' id='word_1_385' title='bbox 524 3860 610 3914; x_wconf 80' lang='grc' dir='ltr'>καὶ</span> <span class='ocrx_word' id='word_1_386' title='bbox 643 3865 834 3930; x_wconf 86' lang='grc' dir='ltr'>ζῶντες</span> <span class='ocrx_word' id='word_1_387' title='bbox 869 3857 1138 3938; x_wconf 82' lang='grc' dir='ltr'>δισχίλιοι</span> <span class='ocrx_word' id='word_1_388' title='bbox 1169 3858 1257 3912; x_wconf 81' lang='grc' dir='ltr'>καὶ</span> <span class='ocrx_word' id='word_1_389' title='bbox 1290 3857 1365 3919; x_wconf 78' lang='grc' dir='ltr'>εἷς</span> <span class='ocrx_word' id='word_1_390' title='bbox 1393 3858 1456 3911; x_wconf 89' lang='grc' dir='ltr'>τὸ</span> <span class='ocrx_word' id='word_1_391' title='bbox 1503 3857 1792 3926; x_wconf 76' lang='grc' dir='ltr'>Βυζάντιον</span> <span class='ocrx_word' id='word_1_392' title='bbox 1820 3858 1964 3931; x_wconf 83' lang='grc' dir='ltr'>πέμ-</span> 
     </span>
    </p>
   </div>
   <div class='ocr_carea' id='block_1_56' title="bbox 315 3950 1959 4029">
    <p class='ocr_par' dir='ltr' id='par_1_56' title="bbox 315 3950 1959 4029">
     <span class='ocr_line' id='line_1_56' title="bbox 315 3950 1959 4029; baseline -0.004 -19"><span class='ocrx_word' id='word_1_393' title='bbox 315 3975 530 4011; x_wconf 87' lang='grc' dir='ltr'>πονται.</span> <span class='ocrx_word' id='word_1_394' title='bbox 563 3954 624 4010; x_wconf 91' lang='grc' dir='ltr'>Ὁ</span> <span class='ocrx_word' id='word_1_395' title='bbox 655 3951 710 4008; x_wconf 76' lang='grc' dir='ltr'>δὲ</span> <span class='ocrx_word' id='word_1_396' title='bbox 740 3951 1086 4028; x_wconf 70' lang='grc' dir='ltr'>Καρδαρίγας</span> <span class='ocrx_word' id='word_1_397' title='bbox 1141 3951 1476 4029; x_wconf 70' lang='grc' dir='ltr'>προσέφυγεν</span> <span class='ocrx_word' id='word_1_398' title='bbox 1530 3950 1605 4012; x_wconf 82' lang='grc' dir='ltr'>εἷς</span> <span class='ocrx_word' id='word_1_399' title='bbox 1653 3951 1715 4005; x_wconf 83' lang='grc' dir='ltr'>τὸ</span> <span class='ocrx_word' id='word_1_400' title='bbox 1767 3951 1959 4025; x_wconf 76' lang='grc' dir='ltr'>Δαροὶς.</span> 
     </span>
    </p>
   </div>
   <div class='ocr_carea' id='block_1_57' title="bbox 315 4035 1959 4116">
    <p class='ocr_par' dir='ltr' id='par_1_57' title="bbox 315 4035 1959 4116">
     <span class='ocr_line' id='line_1_57' title="bbox 315 4035 1959 4116; baseline -0.003 -18"><span class='ocrx_word' id='word_1_401' title='bbox 315 4045 366 4098; x_wconf 77' lang='grc' dir='ltr'>οἱ</span> <span class='ocrx_word' id='word_1_402' title='bbox 399 4041 454 4098; x_wconf 76' lang='grc' dir='ltr'>δέ</span> <span class='ocrx_word' id='word_1_403' title='bbox 480 4047 577 4098; x_wconf 94' lang='grc' dir='ltr'>τοῦ</span> <span class='ocrx_word' id='word_1_404' title='bbox 608 4044 843 4116; x_wconf 77' lang='grc' dir='ltr'>κάστρου</span> <span class='ocrx_word' id='word_1_405' title='bbox 876 4043 1070 4116; x_wconf 85' lang='grc' dir='ltr'>Πέρσαι</span> <span class='ocrx_word' id='word_1_406' title='bbox 1125 4043 1242 4115; x_wconf 74' lang='grc' dir='ltr'>μεθ’</span> <span class='ocrx_word' id='word_1_407' title='bbox 1281 4035 1491 4116; x_wconf 82' lang='grc' dir='ltr'>ὓϐρεων</span> <span class='ocrx_word' id='word_1_408' title='bbox 1543 4042 1623 4114; x_wconf 82' lang='grc' dir='ltr'>[Ρ.</span> <span class='ocrx_word' id='word_1_409' title='bbox 1659 4042 1785 4112; x_wconf 82' lang='lat'>396]</span> <span class='ocrx_word' id='word_1_410' title='bbox 1833 4045 1959 4094; x_wconf 85' lang='grc' dir='ltr'>τοῦ-</span> 
     </span>
    </p>
   </div>
   <div class='ocr_carea' id='block_1_58' title="bbox 312 4128 1956 4207">
    <p class='ocr_par' dir='ltr' id='par_1_58' title="bbox 312 4128 1956 4207">
     <span class='ocr_line' id='line_1_58' title="bbox 312 4128 1956 4207; baseline -0.002 -19"><span class='ocrx_word' id='word_1_411' title='bbox 312 4155 404 4188; x_wconf 91' lang='grc' dir='ltr'>τον</span> <span class='ocrx_word' id='word_1_412' title='bbox 461 4133 870 4207; x_wconf 74' lang='grc' dir='ltr'>ἀπεπέμψαντο.</span> <span class='ocrx_word' id='word_1_413' title='bbox 939 4133 1000 4188; x_wconf 81' lang='grc' dir='ltr'><strong>Ὀ</strong></span> <span class='ocrx_word' id='word_1_414' title='bbox 1057 4128 1114 4185; x_wconf 78' lang='grc' dir='ltr'>δὲ</span> <span class='ocrx_word' id='word_1_415' title='bbox 1174 4129 1512 4190; x_wconf 85' lang='grc' dir='ltr'>Φιλιππικὸς</span> <span class='ocrx_word' id='word_1_416' title='bbox 1591 4129 1718 4190; x_wconf 83' lang='grc' dir='ltr'>τοὺς</span> <span class='ocrx_word' id='word_1_417' title='bbox 1799 4149 1956 4206; x_wconf 85' lang='grc' dir='ltr'>γενο-</span> 
     </span>
    </p>
   </div>
   <div class='ocr_carea' id='block_1_59' title="bbox 315 4216 1958 4296">
    <p class='ocr_par' dir='ltr' id='par_1_59' title="bbox 315 4216 1958 4296">
     <span class='ocr_line' id='line_1_59' title="bbox 315 4216 1958 4296; baseline -0.004 -18"><span class='ocrx_word' id='word_1_418' title='bbox 315 4222 506 4296; x_wconf 87' lang='grc' dir='ltr'>μένους</span> <span class='ocrx_word' id='word_1_419' title='bbox 570 4220 904 4296; x_wconf 86' lang='grc' dir='ltr'>τραυματίας</span> <span class='ocrx_word' id='word_1_420' title='bbox 990 4221 1065 4282; x_wconf 81' lang='grc' dir='ltr'>εἰς</span> <span class='ocrx_word' id='word_1_421' title='bbox 1149 4220 1244 4280; x_wconf 72' lang='grc' dir='ltr'>τὰς</span> <span class='ocrx_word' id='word_1_422' title='bbox 1331 4217 1524 4280; x_wconf 88' lang='grc' dir='ltr'>πόλεις</span> <span class='ocrx_word' id='word_1_423' title='bbox 1611 4216 1958 4292; x_wconf 72' lang='grc' dir='ltr'>παρέπεμψεν</span> 
     </span>
    </p>
   </div>
   <div class='ocr_carea' id='block_1_60' title="bbox 315 4305 1956 4387">
    <p class='ocr_par' dir='ltr' id='par_1_60' title="bbox 315 4305 1956 4387">
     <span class='ocr_line' id='line_1_60' title="bbox 315 4305 1956 4387; baseline -0.003 -22"><span class='ocrx_word' id='word_1_424' title='bbox 315 4310 671 4387; x_wconf 72' lang='grc' dir='ltr'>ἰατρεύεσθαι,</span> <span class='ocrx_word' id='word_1_425' title='bbox 697 4310 786 4365; x_wconf 83' lang='grc' dir='ltr'>καὶ</span> <span class='ocrx_word' id='word_1_426' title='bbox 826 4307 1149 4385; x_wconf 81' lang='grc' dir='ltr'>Ἡράκλειον</span> <span class='ocrx_word' id='word_1_427' title='bbox 1201 4308 1294 4363; x_wconf 84' lang='grc' dir='ltr'>τὸν</span> <span class='ocrx_word' id='word_1_428' title='bbox 1341 4311 1438 4363; x_wconf 88' lang='grc' dir='ltr'>τοῦ</span> <span class='ocrx_word' id='word_1_429' title='bbox 1488 4305 1815 4380; x_wconf 85' lang='grc' dir='ltr'>Ἡρακλείου</span> <span class='ocrx_word' id='word_1_430' title='bbox 1861 4311 1956 4361; x_wconf 92' lang='grc' dir='ltr'>τοῦ</span> 
     </span>
    </p>
   </div>
   <div class='ocr_carea' id='block_1_61' title="bbox 313 4390 1954 4475">
    <p class='ocr_par' dir='ltr' id='par_1_61' title="bbox 313 4390 1954 4475">
     <span class='ocr_line' id='line_1_61' title="bbox 313 4390 1954 4475; baseline -0.003 -20"><span class='ocrx_word' id='word_1_431' title='bbox 313 4400 713 4475; x_wconf 73' lang='grc' dir='ltr'>αὐτοκράτορος</span> <span class='ocrx_word' id='word_1_432' title='bbox 741 4398 964 4471; x_wconf 86' lang='grc' dir='ltr'>πατέρα,</span> <span class='ocrx_word' id='word_1_433' title='bbox 1001 4397 1408 4472; x_wconf 85' lang='grc' dir='ltr'>ὑποστράτηγον</span> <span class='ocrx_word' id='word_1_434' title='bbox 1443 4390 1595 4466; x_wconf 71' lang='grc' dir='ltr'>ὄντα,</span> <span class='ocrx_word' id='word_1_435' title='bbox 1653 4393 1741 4450; x_wconf 82' lang='grc' dir='ltr'>ἐπὶ</span> <span class='ocrx_word' id='word_1_436' title='bbox 1793 4416 1954 4450; x_wconf 71' lang='grc' dir='ltr'>καται</span> 
     </span>
    </p>
   </div>
   <div class='ocr_carea' id='block_1_62' title="bbox 314 4481 1952 4562">
    <p class='ocr_par' dir='ltr' id='par_1_62' title="bbox 314 4481 1952 4562">
     <span class='ocr_line' id='line_1_62' title="bbox 314 4481 1952 4562; baseline -0.004 -18"><span class='ocrx_word' id='word_1_437' title='bbox 314 4491 524 4560; x_wconf 70' lang='grc' dir='ltr'>σκοπήν</span> <span class='ocrx_word' id='word_1_438' title='bbox 549 4495 658 4543; x_wconf 88' lang='grc' dir='ltr'>τῶν</span> <span class='ocrx_word' id='word_1_439' title='bbox 718 4482 1006 4562; x_wconf 75' lang='grc' dir='ltr'>Βαρϐάρων</span> <span class='ocrx_word' id='word_1_440' title='bbox 1041 4485 1352 4560; x_wconf 83' lang='grc' dir='ltr'>ἐξέπεμψεν.</span> <span class='ocrx_word' id='word_1_441' title='bbox 1403 4485 1579 4547; x_wconf 78' lang='grc' dir='ltr'>Αὐτὸς</span> <span class='ocrx_word' id='word_1_442' title='bbox 1627 4481 1684 4538; x_wconf 78' lang='grc' dir='ltr'>δὲ</span> <span class='ocrx_word' id='word_1_443' title='bbox 1733 4485 1807 4546; x_wconf 86' lang='grc' dir='ltr'>εἰς</span> <span class='ocrx_word' id='word_1_444' title='bbox 1854 4485 1952 4553; x_wconf 81' lang='grc' dir='ltr'>τὴν</span> 
     </span>
    </p>
   </div>
   <div class='ocr_carea' id='block_1_63' title="bbox 313 4572 1954 4652">
    <p class='ocr_par' dir='ltr' id='par_1_63' title="bbox 313 4572 1954 4652">
     <span class='ocr_line' id='line_1_63' title="bbox 313 4572 1954 4652; baseline -0.002 -20"><span class='ocrx_word' id='word_1_445' title='bbox 313 4575 607 4633; x_wconf 86' lang='grc' dir='ltr'>Βαϐυλῶνα</span> <span class='ocrx_word' id='word_1_446' title='bbox 637 4574 940 4644; x_wconf 72' lang='grc' dir='ltr'>εἰσϐάλλει,</span> <span class='ocrx_word' id='word_1_447' title='bbox 971 4576 1060 4630; x_wconf 81' lang='grc' dir='ltr'>καὶ</span> <span class='ocrx_word' id='word_1_448' title='bbox 1088 4576 1150 4630; x_wconf 76' lang='grc' dir='ltr'>τὸ</span> <span class='ocrx_word' id='word_1_449' title='bbox 1208 4572 1500 4648; x_wconf 85' lang='grc' dir='ltr'>Χλόμαρον</span> <span class='ocrx_word' id='word_1_450' title='bbox 1544 4573 1803 4652; x_wconf 73' lang='grc' dir='ltr'>φρούριον</span> <span class='ocrx_word' id='word_1_451' title='bbox 1852 4595 1954 4628; x_wconf 88' lang='grc' dir='ltr'>πα-</span> 
     </span>
    </p>
   </div>
   <div class='ocr_carea' id='block_1_64' title="bbox 2089 1975 3744 2048">
    <p class='ocr_par' dir='ltr' id='par_1_64' title="bbox 2089 1975 3744 2048">
     <span class='ocr_line' id='line_1_64' title="bbox 2089 1975 3744 2048; baseline 0.001 -19"><span class='ocrx_word' id='word_1_452' title='bbox 2089 1976 2287 2047; x_wconf 88' lang='lat' dir='ltr'>ipsum</span> <span class='ocrx_word' id='word_1_453' title='bbox 2321 1993 2440 2032; x_wconf 92' lang='lat' dir='ltr'>non</span> <span class='ocrx_word' id='word_1_454' title='bbox 2470 1977 2709 2048; x_wconf 88' lang='lat' dir='ltr'>dignata</span> <span class='ocrx_word' id='word_1_455' title='bbox 2735 1977 2916 2048; x_wconf 89' lang='lat' dir='ltr'>pedes</span> <span class='ocrx_word' id='word_1_456' title='bbox 2949 1976 3078 2048; x_wconf 87' lang='lat' dir='ltr'>ejus</span> <span class='ocrx_word' id='word_1_457' title='bbox 3110 1975 3336 2046; x_wconf 87' lang='lat' dir='ltr'>virgula</span> <span class='ocrx_word' id='word_1_458' title='bbox 3365 1975 3542 2030; x_wconf 86' lang='lat' dir='ltr'>veluti</span> <span class='ocrx_word' id='word_1_459' title='bbox 3583 1976 3744 2031; x_wconf 82' lang='lat' dir='ltr'>notis</span> 
     </span>
    </p>
   </div>
   <div class='ocr_carea' id='block_1_65' title="bbox 2087 2064 3745 2137">
    <p class='ocr_par' dir='ltr' id='par_1_65' title="bbox 2087 2064 3745 2137">
     <span class='ocr_line' id='line_1_65' title="bbox 2087 2064 3745 2137; baseline 0.002 -19"><span class='ocrx_word' id='word_1_460' title='bbox 2087 2065 2395 2136; x_wconf 91' lang='lat' dir='ltr'>impressis</span> <span class='ocrx_word' id='word_1_461' title='bbox 2408 2065 3004 2137; x_wconf 88' lang='lat' dir='ltr'>circumscripsit.llle</span> <span class='ocrx_word' id='word_1_462' title='bbox 3024 2070 3223 2120; x_wconf 91' lang='lat' dir='ltr'>autem</span> <span class='ocrx_word' id='word_1_463' title='bbox 3249 2083 3368 2136; x_wconf 64' lang='lat' dir='ltr'>pra;</span> <span class='ocrx_word' id='word_1_464' title='bbox 3391 2064 3593 2120; x_wconf 92' lang='lat' dir='ltr'>dolore</span> <span class='ocrx_word' id='word_1_465' title='bbox 3621 2069 3745 2121; x_wconf 85' lang='lat' dir='ltr'>sta-</span> 
     </span>
    </p>
   </div>
   <div class='ocr_carea' id='block_1_66' title="bbox 2085 2153 3742 2227">
    <p class='ocr_par' dir='ltr' id='par_1_66' title="bbox 2085 2153 3742 2227">
     <span class='ocr_line' id='line_1_66' title="bbox 2085 2153 3742 2227; baseline 0.001 -19"><span class='ocrx_word' id='word_1_466' title='bbox 2085 2154 2191 2208; x_wconf 92' lang='lat' dir='ltr'>tim</span> <span class='ocrx_word' id='word_1_467' title='bbox 2224 2155 2505 2227; x_wconf 89' lang='lat' dir='ltr'>evigilans</span> <span class='ocrx_word' id='word_1_468' title='bbox 2535 2154 2716 2226; x_wconf 89' lang='lat' dir='ltr'>pedes</span> <span class='ocrx_word' id='word_1_469' title='bbox 2749 2171 2886 2209; x_wconf 90' lang='lat' dir='ltr'>suos</span> <span class='ocrx_word' id='word_1_470' title='bbox 2919 2155 3142 2209; x_wconf 94' lang='lat' dir='ltr'>incisos</span> <span class='ocrx_word' id='word_1_471' title='bbox 3176 2153 3422 2209; x_wconf 85' lang='lat' dir='ltr'>invenit.</span> <span class='ocrx_word' id='word_1_472' title='bbox 3471 2155 3742 2210; x_wconf 86' lang='lat' dir='ltr'>Gestatus</span> 
     </span>
    </p>
   </div>
   <div class='ocr_carea' id='block_1_67' title="bbox 2085 2243 3744 2315">
    <p class='ocr_par' dir='ltr' id='par_1_67' title="bbox 2085 2243 3744 2315">
     <span class='ocr_line' id='line_1_67' title="bbox 2085 2243 3744 2315; baseline 0.001 -18"><span class='ocrx_word' id='word_1_473' title='bbox 2085 2243 2147 2298; x_wconf 93' lang='lat' dir='ltr'>in</span> <span class='ocrx_word' id='word_1_474' title='bbox 2181 2243 2485 2315; x_wconf 90' lang='lat' dir='ltr'>publicum</span> <span class='ocrx_word' id='word_1_475' title='bbox 2518 2244 2718 2315; x_wconf 90' lang='lat' dir='ltr'>ibique</span> <span class='ocrx_word' id='word_1_476' title='bbox 2755 2244 3054 2315; x_wconf 84' lang='lat' dir='ltr'>expositus</span> <span class='ocrx_word' id='word_1_477' title='bbox 3072 2243 3302 2315; x_wconf 90' lang='lat' dir='ltr'>justum</span> <span class='ocrx_word' id='word_1_478' title='bbox 3326 2243 3426 2298; x_wconf 90' lang='lat' dir='ltr'>Dei</span> <span class='ocrx_word' id='word_1_479' title='bbox 3446 2243 3744 2315; x_wconf 85' lang='lat' dir='ltr'>judicium</span> 
     </span>
    </p>
   </div>
   <div class='ocr_carea' id='block_1_68' title="bbox 2084 2332 3741 2405">
    <p class='ocr_par' dir='ltr' id='par_1_68' title="bbox 2084 2332 3741 2405">
     <span class='ocr_line' id='line_1_68' title="bbox 2084 2332 3741 2405; baseline 0.001 -18"><span class='ocrx_word' id='word_1_480' title='bbox 2084 2338 2140 2387; x_wconf 92' lang='lat' dir='ltr'>et</span> <span class='ocrx_word' id='word_1_481' title='bbox 2171 2333 2508 2404; x_wconf 78' lang='lat' dir='ltr'>inculpatae.</span> <span class='ocrx_word' id='word_1_482' title='bbox 2545 2334 2798 2405; x_wconf 84' lang='lat' dir='ltr'>Virginis</span> <span class='ocrx_word' id='word_1_483' title='bbox 2829 2332 3099 2405; x_wconf 68' lang='lat' dir='ltr'>Deiparaa</span> <span class='ocrx_word' id='word_1_484' title='bbox 3129 2338 3334 2389; x_wconf 86' lang='lat' dir='ltr'>contra</span> <span class='ocrx_word' id='word_1_485' title='bbox 3367 2349 3430 2388; x_wconf 91' lang='lat' dir='ltr'>se</span> <span class='ocrx_word' id='word_1_486' title='bbox 3463 2332 3741 2402; x_wconf 78' lang='lat' dir='ltr'>indigna-</span> 
     </span>
    </p>
   </div>
   <div class='ocr_carea' id='block_1_69' title="bbox 2083 2422 2786 2492">
    <p class='ocr_par' dir='ltr' id='par_1_69' title="bbox 2083 2422 2786 2492">
     <span class='ocr_line' id='line_1_69' title="bbox 2083 2422 2786 2492; baseline 0.006 -18"><span class='ocrx_word' id='word_1_487' title='bbox 2083 2423 2304 2476; x_wconf 90' lang='lat' dir='ltr'>tionem</span> <span class='ocrx_word' id='word_1_488' title='bbox 2338 2422 2644 2492; x_wconf 89' lang='lat' dir='ltr'>professus</span> <span class='ocrx_word' id='word_1_489' title='bbox 2677 2425 2786 2478; x_wconf 90' lang='lat' dir='ltr'>est.</span> 
     </span>
    </p>
   </div>
   <div class='ocr_carea' id='block_1_70' title="bbox 2151 2704 3730 2778">
    <p class='ocr_par' dir='ltr' id='par_1_70' title="bbox 2151 2704 3730 2778">
     <span class='ocr_line' id='line_1_70' title="bbox 2151 2704 3730 2778; baseline -0.002 -15"><span class='ocrx_word' id='word_1_490' title='bbox 2151 2711 2313 2763; x_wconf 86' lang='lat' dir='ltr'>Anno</span> <span class='ocrx_word' id='word_1_491' title='bbox 2346 2707 2518 2762; x_wconf 87' lang='lat' dir='ltr'>tertio</span> <span class='ocrx_word' id='word_1_492' title='bbox 2550 2707 2914 2778; x_wconf 89' lang='lat' dir='ltr'>Philippicus</span> <span class='ocrx_word' id='word_1_493' title='bbox 2949 2706 3009 2761; x_wconf 93' lang='lat' dir='ltr'>in</span> <span class='ocrx_word' id='word_1_494' title='bbox 3040 2706 3303 2762; x_wconf 89' lang='lat' dir='ltr'>Persiam</span> <span class='ocrx_word' id='word_1_495' title='bbox 3355 2704 3730 2776; x_wconf 83' lang='lat' dir='ltr'>expeditione</span> 
     </span>
    </p>
   </div>
   <div class='ocr_carea' id='block_1_71' title="bbox 2076 2795 3737 2868">
    <p class='ocr_par' dir='ltr' id='par_1_71' title="bbox 2076 2795 3737 2868">
     <span class='ocr_line' id='line_1_71' title="bbox 2076 2795 3737 2868; baseline -0.001 -16"><span class='ocrx_word' id='word_1_496' title='bbox 2076 2797 2232 2852; x_wconf 84' lang='lat' dir='ltr'>facta</span> <span class='ocrx_word' id='word_1_497' title='bbox 2264 2799 2559 2852; x_wconf 83' lang='lat' dir='ltr'>Arxanam</span> <span class='ocrx_word' id='word_1_498' title='bbox 2592 2796 2770 2868; x_wconf 88' lang='lat' dir='ltr'>capit,</span> <span class='ocrx_word' id='word_1_499' title='bbox 2805 2811 3139 2868; x_wconf 89' lang='lat' dir='ltr'>magnaque</span> <span class='ocrx_word' id='word_1_500' title='bbox 3170 2795 3394 2866; x_wconf 88' lang='lat' dir='ltr'>potitur</span> <span class='ocrx_word' id='word_1_501' title='bbox 3423 2795 3642 2866; x_wconf 63' lang='lat' dir='ltr'>praeda,</span> <span class='ocrx_word' id='word_1_502' title='bbox 3675 2799 3737 2851; x_wconf 87' lang='lat' dir='ltr'>et</span> 
     </span>
    </p>
   </div>
   <div class='ocr_carea' id='block_1_72' title="bbox 2077 2883 3736 2956">
    <p class='ocr_par' dir='ltr' id='par_1_72' title="bbox 2077 2883 3736 2956">
     <span class='ocr_line' id='line_1_72' title="bbox 2077 2883 3736 2956; baseline -0.002 -14"><span class='ocrx_word' id='word_1_503' title='bbox 2077 2892 2366 2942; x_wconf 86' lang='lat' dir='ltr'>terrorem</span> <span class='ocrx_word' id='word_1_504' title='bbox 2399 2886 2654 2941; x_wconf 86' lang='lat' dir='ltr'>Persicis</span> <span class='ocrx_word' id='word_1_505' title='bbox 2689 2885 2878 2956; x_wconf 87' lang='lat' dir='ltr'>copiis</span> <span class='ocrx_word' id='word_1_506' title='bbox 2906 2884 3138 2939; x_wconf 87' lang='lat' dir='ltr'>incutit.</span> <span class='ocrx_word' id='word_1_507' title='bbox 3174 2883 3371 2939; x_wconf 82' lang='lat' dir='ltr'>Morbo</span> <span class='ocrx_word' id='word_1_508' title='bbox 3404 2884 3542 2938; x_wconf 89' lang='lat' dir='ltr'>inde</span> <span class='ocrx_word' id='word_1_509' title='bbox 3599 2901 3736 2939; x_wconf 90' lang='lat' dir='ltr'>cor-</span> 
     </span>
    </p>
   </div>
   <div class='ocr_carea' id='block_1_73' title="bbox 2077 2972 3736 3048">
    <p class='ocr_par' dir='ltr' id='par_1_73' title="bbox 2077 2972 3736 3048">
     <span class='ocr_line' id='line_1_73' title="bbox 2077 2972 3736 3048; baseline -0.001 -18"><span class='ocrx_word' id='word_1_510' title='bbox 2077 2980 2281 3048; x_wconf 87' lang='lat' dir='ltr'>reptus</span> <span class='ocrx_word' id='word_1_511' title='bbox 2313 2975 2742 3031; x_wconf 89' lang='lat' dir='ltr'>consobrinum</span> <span class='ocrx_word' id='word_1_512' title='bbox 2775 2991 2946 3028; x_wconf 90' lang='lat' dir='ltr'>suum</span> <span class='ocrx_word' id='word_1_513' title='bbox 2979 2973 3260 3028; x_wconf 85' lang='lat' dir='ltr'>exercitui</span> <span class='ocrx_word' id='word_1_514' title='bbox 3286 2972 3532 3044; x_wconf 70' lang='lat' dir='ltr'>prwﬁcit</span> <span class='ocrx_word' id='word_1_515' title='bbox 3557 2978 3736 3043; x_wconf 88' lang='lat' dir='ltr'>atque</span> 
     </span>
    </p>
   </div>
   <div class='ocr_carea' id='block_1_74' title="bbox 2075 3061 3737 3137">
    <p class='ocr_par' dir='ltr' id='par_1_74' title="bbox 2075 3061 3737 3137">
     <span class='ocr_line' id='line_1_74' title="bbox 2075 3061 3737 3137; baseline -0.001 -18"><span class='ocrx_word' id='word_1_516' title='bbox 2075 3065 2200 3137; x_wconf 89' lang='lat' dir='ltr'>ipse</span> <span class='ocrx_word' id='word_1_517' title='bbox 2260 3064 2467 3136; x_wconf 88' lang='lat' dir='ltr'>Cpolin</span> <span class='ocrx_word' id='word_1_518' title='bbox 2531 3067 2786 3136; x_wconf 70' lang='lat' dir='ltr'>aagrotus</span> <span class='ocrx_word' id='word_1_519' title='bbox 2870 3062 3208 3117; x_wconf 89' lang='lat' dir='ltr'>revertitur.</span> <span class='ocrx_word' id='word_1_520' title='bbox 3285 3061 3505 3116; x_wconf 88' lang='lat' dir='ltr'>Eodem</span> <span class='ocrx_word' id='word_1_521' title='bbox 3579 3077 3737 3117; x_wconf 91' lang='lat' dir='ltr'>anno</span> 
     </span>
    </p>
   </div>
   <div class='ocr_carea' id='block_1_75' title="bbox 2075 3151 3739 3227">
    <p class='ocr_par' dir='ltr' id='par_1_75' title="bbox 2075 3151 3739 3227">
     <span class='ocr_line' id='line_1_75' title="bbox 2075 3151 3739 3227; baseline -0.002 -17"><span class='ocrx_word' id='word_1_522' title='bbox 2075 3154 2422 3227; x_wconf 66' lang='lat' dir='ltr'>imperatori</span> <span class='ocrx_word' id='word_1_523' title='bbox 2457 3153 2617 3208; x_wconf 82' lang='lat' dir='ltr'>ﬁlius</span> <span class='ocrx_word' id='word_1_524' title='bbox 2649 3159 2738 3208; x_wconf 92' lang='lat' dir='ltr'>est</span> <span class='ocrx_word' id='word_1_525' title='bbox 2770 3156 2944 3207; x_wconf 90' lang='lat' dir='ltr'>natus</span> <span class='ocrx_word' id='word_1_526' title='bbox 3003 3168 3072 3207; x_wconf 93' lang='lat' dir='ltr'>ac</span> <span class='ocrx_word' id='word_1_527' title='bbox 3127 3151 3494 3207; x_wconf 86' lang='lat' dir='ltr'>Theodosius</span> <span class='ocrx_word' id='word_1_528' title='bbox 3541 3151 3739 3206; x_wconf 90' lang='lat' dir='ltr'>nomi-</span> 
     </span>
    </p>
   </div>
   <div class='ocr_carea' id='block_1_76' title="bbox 2083 3250 2291 3300">
    <p class='ocr_par' dir='ltr' id='par_1_76' title="bbox 2083 3250 2291 3300">
     <span class='ocr_line' id='line_1_76' title="bbox 2083 3250 2291 3300; baseline -0.01 -2"><span class='ocrx_word' id='word_1_529' title='bbox 2083 3261 2122 3298; x_wconf 90' lang='lat' dir='ltr'>n</span> <span class='ocrx_word' id='word_1_530' title='bbox 2138 3250 2291 3300; x_wconf 88' lang='lat' dir='ltr'>atus.</span> 
     </span>
    </p>
   </div>
   <div class='ocr_carea' id='block_1_77' title="bbox 2157 3331 3738 3403">
    <p class='ocr_par' dir='ltr' id='par_1_77' title="bbox 2157 3331 3738 3403">
     <span class='ocr_line' id='line_1_77' title="bbox 2157 3331 3738 3403; baseline 0 -16"><span class='ocrx_word' id='word_1_531' title='bbox 2157 3334 2376 3398; x_wconf 88' lang='lat' dir='ltr'>Quarto</span> <span class='ocrx_word' id='word_1_532' title='bbox 2410 3349 2569 3387; x_wconf 92' lang='lat' dir='ltr'>anno</span> <span class='ocrx_word' id='word_1_533' title='bbox 2593 3331 2958 3402; x_wconf 89' lang='lat' dir='ltr'>Philippicus</span> <span class='ocrx_word' id='word_1_534' title='bbox 2981 3332 3125 3386; x_wconf 91' lang='lat' dir='ltr'>urbe</span> <span class='ocrx_word' id='word_1_535' title='bbox 3150 3346 3419 3403; x_wconf 89' lang='lat' dir='ltr'>egressus</span> <span class='ocrx_word' id='word_1_536' title='bbox 3441 3335 3738 3387; x_wconf 89' lang='lat' dir='ltr'>armatum</span> 
     </span>
    </p>
   </div>
   <div class='ocr_carea' id='block_1_78' title="bbox 2080 3420 3736 3492">
    <p class='ocr_par' dir='ltr' id='par_1_78' title="bbox 2080 3420 3736 3492">
     <span class='ocr_line' id='line_1_78' title="bbox 2080 3420 3736 3492; baseline 0 -15"><span class='ocrx_word' id='word_1_537' title='bbox 2080 3422 2414 3478; x_wconf 85' lang='lat' dir='ltr'>exercitum</span> <span class='ocrx_word' id='word_1_538' title='bbox 2447 3421 2507 3475; x_wconf 92' lang='lat' dir='ltr'>in</span> <span class='ocrx_word' id='word_1_539' title='bbox 2533 3423 2740 3476; x_wconf 84' lang='lat' dir='ltr'>Persas</span> <span class='ocrx_word' id='word_1_540' title='bbox 2767 3420 2954 3488; x_wconf 88' lang='lat' dir='ltr'>duxit,</span> <span class='ocrx_word' id='word_1_541' title='bbox 2987 3421 3230 3491; x_wconf 89' lang='lat' dir='ltr'>acieque</span> <span class='ocrx_word' id='word_1_542' title='bbox 3252 3436 3603 3492; x_wconf 87' lang='lat' dir='ltr'>congressus</span> <span class='ocrx_word' id='word_1_543' title='bbox 3635 3437 3736 3477; x_wconf 92' lang='lat' dir='ltr'>eos</span> 
     </span>
    </p>
   </div>
   <div class='ocr_carea' id='block_1_79' title="bbox 2075 3510 3726 3568">
    <p class='ocr_par' dir='ltr' id='par_1_79' title="bbox 2075 3510 3726 3568">
     <span class='ocr_line' id='line_1_79' title="bbox 2075 3510 3726 3568; baseline 0 -2"><span class='ocrx_word' id='word_1_544' title='bbox 2075 3513 2230 3568; x_wconf 87' lang='lat' dir='ltr'>vicit.</span> <span class='ocrx_word' id='word_1_545' title='bbox 2269 3511 2562 3567; x_wconf 89' lang='lat' dir='ltr'>Postridie</span> <span class='ocrx_word' id='word_1_546' title='bbox 2593 3510 2978 3566; x_wconf 88' lang='lat' dir='ltr'>Cardaricbas</span> <span class='ocrx_word' id='word_1_547' title='bbox 3007 3511 3200 3566; x_wconf 91' lang='lat' dir='ltr'>denuo</span> <span class='ocrx_word' id='word_1_548' title='bbox 3235 3511 3523 3566; x_wconf 89' lang='lat' dir='ltr'>instructo</span> <span class='ocrx_word' id='word_1_549' title='bbox 3556 3527 3726 3567; x_wconf 86' lang='lat' dir='ltr'>exer-</span> 
     </span>
    </p>
   </div>
   <div class='ocr_carea' id='block_1_80' title="bbox 2074 3599 3722 3672">
    <p class='ocr_par' dir='ltr' id='par_1_80' title="bbox 2074 3599 3722 3672">
     <span class='ocr_line' id='line_1_80' title="bbox 2074 3599 3722 3672; baseline 0.002 -18"><span class='ocrx_word' id='word_1_550' title='bbox 2074 3600 2196 3655; x_wconf 91' lang='lat' dir='ltr'>citu</span> <span class='ocrx_word' id='word_1_551' title='bbox 2227 3599 2474 3655; x_wconf 88' lang='lat' dir='ltr'>alteram</span> <span class='ocrx_word' id='word_1_552' title='bbox 2518 3615 2772 3670; x_wconf 84' lang='lat' dir='ltr'>pugnam</span> <span class='ocrx_word' id='word_1_553' title='bbox 2806 3599 3126 3664; x_wconf 88' lang='lat' dir='ltr'>commisit,</span> <span class='ocrx_word' id='word_1_554' title='bbox 3157 3616 3482 3670; x_wconf 89' lang='lat' dir='ltr'>rursusque</span> <span class='ocrx_word' id='word_1_555' title='bbox 3537 3616 3722 3672; x_wconf 84' lang='lat' dir='ltr'>penes</span> 
     </span>
    </p>
   </div>
   <div class='ocr_carea' id='block_1_81' title="bbox 2075 3687 3719 3761">
    <p class='ocr_par' dir='ltr' id='par_1_81' title="bbox 2075 3687 3719 3761">
     <span class='ocr_line' id='line_1_81' title="bbox 2075 3687 3719 3761; baseline 0.001 -19"><span class='ocrx_word' id='word_1_556' title='bbox 2075 3687 2373 3743; x_wconf 81' lang='lat' dir='ltr'>Romanos</span> <span class='ocrx_word' id='word_1_557' title='bbox 2422 3688 2667 3742; x_wconf 87' lang='lat' dir='ltr'>victoria</span> <span class='ocrx_word' id='word_1_558' title='bbox 2713 3687 2870 3756; x_wconf 89' lang='lat' dir='ltr'>fuit;</span> <span class='ocrx_word' id='word_1_559' title='bbox 2926 3692 2986 3742; x_wconf 92' lang='lat' dir='ltr'>et</span> <span class='ocrx_word' id='word_1_560' title='bbox 3040 3687 3210 3742; x_wconf 89' lang='lat' dir='ltr'>multi</span> <span class='ocrx_word' id='word_1_561' title='bbox 3268 3690 3460 3742; x_wconf 70' lang='lat' dir='ltr'>Persea</span> <span class='ocrx_word' id='word_1_562' title='bbox 3517 3689 3719 3761; x_wconf 88' lang='lat' dir='ltr'>occisi,</span> 
     </span>
    </p>
   </div>
   <div class='ocr_carea' id='block_1_82' title="bbox 2073 3775 3720 3847">
    <p class='ocr_par' dir='ltr' id='par_1_82' title="bbox 2073 3775 3720 3847">
     <span class='ocr_line' id='line_1_82' title="bbox 2073 3775 3720 3847; baseline 0.001 -16"><span class='ocrx_word' id='word_1_563' title='bbox 2073 3775 2228 3847; x_wconf 88' lang='lat' dir='ltr'>capti</span> <span class='ocrx_word' id='word_1_564' title='bbox 2261 3776 2349 3830; x_wconf 91' lang='lat' dir='ltr'>bis</span> <span class='ocrx_word' id='word_1_565' title='bbox 2381 3775 2565 3841; x_wconf 87' lang='lat' dir='ltr'>mille,</span> <span class='ocrx_word' id='word_1_566' title='bbox 2599 3781 2657 3829; x_wconf 91' lang='lat' dir='ltr'>et</span> <span class='ocrx_word' id='word_1_567' title='bbox 2704 3775 3048 3846; x_wconf 85' lang='lat' dir='ltr'>Bysantium</span> <span class='ocrx_word' id='word_1_568' title='bbox 3097 3776 3284 3831; x_wconf 91' lang='lat' dir='ltr'>missi.</span> <span class='ocrx_word' id='word_1_569' title='bbox 3333 3776 3720 3833; x_wconf 87' lang='lat' dir='ltr'>Cardarichas</span> 
     </span>
    </p>
   </div>
   <div class='ocr_carea' id='block_1_83' title="bbox 2071 3865 3721 3936">
    <p class='ocr_par' dir='ltr' id='par_1_83' title="bbox 2071 3865 3721 3936">
     <span class='ocr_line' id='line_1_83' title="bbox 2071 3865 3721 3936; baseline 0.001 -15"><span class='ocrx_word' id='word_1_570' title='bbox 2071 3865 2146 3921; x_wconf 87' lang='lat' dir='ltr'>ad</span> <span class='ocrx_word' id='word_1_571' title='bbox 2181 3867 2360 3920; x_wconf 88' lang='lat' dir='ltr'>Daras</span> <span class='ocrx_word' id='word_1_572' title='bbox 2390 3865 2675 3936; x_wconf 87' lang='lat' dir='ltr'>confugit,</span> <span class='ocrx_word' id='word_1_573' title='bbox 2707 3869 2766 3919; x_wconf 90' lang='lat' dir='ltr'>et</span> <span class='ocrx_word' id='word_1_574' title='bbox 2795 3881 2828 3919; x_wconf 89' lang='lat' dir='ltr'>a</span> <span class='ocrx_word' id='word_1_575' title='bbox 2859 3865 3064 3918; x_wconf 88' lang='lat' dir='ltr'>castris</span> <span class='ocrx_word' id='word_1_576' title='bbox 3096 3881 3203 3934; x_wconf 88' lang='lat' dir='ltr'>per</span> <span class='ocrx_word' id='word_1_577' title='bbox 3232 3881 3332 3920; x_wconf 90' lang='lat' dir='ltr'>eos</span> <span class='ocrx_word' id='word_1_578' title='bbox 3363 3865 3463 3935; x_wconf 91' lang='lat' dir='ltr'>qui</span> <span class='ocrx_word' id='word_1_579' title='bbox 3513 3868 3721 3936; x_wconf 80' lang='lat' dir='ltr'>praesi-</span> 
     </span>
    </p>
   </div>
   <div class='ocr_carea' id='block_1_84' title="bbox 2072 3952 3722 4024">
    <p class='ocr_par' dir='ltr' id='par_1_84' title="bbox 2072 3952 3722 4024">
     <span class='ocr_line' id='line_1_84' title="bbox 2072 3952 3722 4024; baseline 0.001 -16"><span class='ocrx_word' id='word_1_580' title='bbox 2072 3953 2153 4008; x_wconf 92' lang='lat' dir='ltr'>dii</span> <span class='ocrx_word' id='word_1_581' title='bbox 2185 3953 2314 4008; x_wconf 91' lang='lat' dir='ltr'>loco</span> <span class='ocrx_word' id='word_1_582' title='bbox 2341 3953 2401 4007; x_wconf 87' lang='lat' dir='ltr'>id</span> <span class='ocrx_word' id='word_1_583' title='bbox 2433 3959 2689 4008; x_wconf 87' lang='lat' dir='ltr'>castrum</span> <span class='ocrx_word' id='word_1_584' title='bbox 2735 3953 3036 4020; x_wconf 89' lang='lat' dir='ltr'>tenebant,</span> <span class='ocrx_word' id='word_1_585' title='bbox 3098 3970 3204 4024; x_wconf 91' lang='lat' dir='ltr'>per</span> <span class='ocrx_word' id='word_1_586' title='bbox 3259 3952 3581 4008; x_wconf 89' lang='lat' dir='ltr'>ludibrium</span> <span class='ocrx_word' id='word_1_587' title='bbox 3631 3960 3722 4010; x_wconf 82' lang='lat' dir='ltr'>est</span> 
     </span>
    </p>
   </div>
   <div class='ocr_carea' id='block_1_85' title="bbox 2069 4043 3722 4116">
    <p class='ocr_par' dir='ltr' id='par_1_85' title="bbox 2069 4043 3722 4116">
     <span class='ocr_line' id='line_1_85' title="bbox 2069 4043 3722 4116; baseline 0 -18"><span class='ocrx_word' id='word_1_588' title='bbox 2069 4044 2363 4116; x_wconf 89' lang='lat' dir='ltr'>repulsus.</span> <span class='ocrx_word' id='word_1_589' title='bbox 2399 4043 2765 4114; x_wconf 85' lang='lat' dir='ltr'>Philippicus</span> <span class='ocrx_word' id='word_1_590' title='bbox 2801 4043 3032 4097; x_wconf 87' lang='lat' dir='ltr'>saucios</span> <span class='ocrx_word' id='word_1_591' title='bbox 3064 4059 3170 4114; x_wconf 92' lang='lat' dir='ltr'>per</span> <span class='ocrx_word' id='word_1_592' title='bbox 3225 4043 3404 4097; x_wconf 86' lang='lat' dir='ltr'>urbes</span> <span class='ocrx_word' id='word_1_593' title='bbox 3453 4043 3722 4116; x_wconf 81' lang='lat' dir='ltr'>dimittit,</span> 
     </span>
    </p>
   </div>
   <div class='ocr_carea' id='block_1_86' title="bbox 2068 4130 3721 4203">
    <p class='ocr_par' dir='ltr' id='par_1_86' title="bbox 2068 4130 3721 4203">
     <span class='ocr_line' id='line_1_86' title="bbox 2068 4130 3721 4203; baseline -0.001 -14"><span class='ocrx_word' id='word_1_594' title='bbox 2068 4139 2134 4188; x_wconf 89' lang='lat' dir='ltr'>ut</span> <span class='ocrx_word' id='word_1_595' title='bbox 2163 4149 2412 4203; x_wconf 90' lang='lat' dir='ltr'>corpora</span> <span class='ocrx_word' id='word_1_596' title='bbox 2441 4136 2760 4198; x_wconf 87' lang='lat' dir='ltr'>curarent;</span> <span class='ocrx_word' id='word_1_597' title='bbox 2795 4131 3171 4203; x_wconf 85' lang='lat' dir='ltr'>legatumque</span> <span class='ocrx_word' id='word_1_598' title='bbox 3233 4130 3588 4198; x_wconf 81' lang='lat' dir='ltr'>Heraclium,</span> <span class='ocrx_word' id='word_1_599' title='bbox 3619 4148 3721 4188; x_wconf 87' lang='lat' dir='ltr'>cu-</span> 
     </span>
    </p>
   </div>
   <div class='ocr_carea' id='block_1_87' title="bbox 2058 4219 3724 4295">
    <p class='ocr_par' dir='ltr' id='par_1_87' title="bbox 2058 4219 3724 4295">
     <span class='ocr_line' id='line_1_87' title="bbox 2058 4219 3724 4295; baseline 0.001 -18"><span class='ocrx_word' id='word_1_600' title='bbox 2058 4222 2162 4295; x_wconf 89' lang='lat' dir='ltr'>jus</span> <span class='ocrx_word' id='word_1_601' title='bbox 2221 4221 2382 4276; x_wconf 84' lang='lat' dir='ltr'>ﬁlius</span> <span class='ocrx_word' id='word_1_602' title='bbox 2439 4221 2744 4275; x_wconf 83' lang='lat' dir='ltr'>Heraclius</span> <span class='ocrx_word' id='word_1_603' title='bbox 2804 4225 3011 4291; x_wconf 86' lang='lat' dir='ltr'>postea</span> <span class='ocrx_word' id='word_1_604' title='bbox 3077 4219 3400 4290; x_wconf 88' lang='lat' dir='ltr'>imperator</span> <span class='ocrx_word' id='word_1_605' title='bbox 3455 4219 3590 4290; x_wconf 83' lang='lat' dir='ltr'>fuit,</span> <span class='ocrx_word' id='word_1_606' title='bbox 3646 4222 3724 4278; x_wconf 91' lang='lat' dir='ltr'>ad</span> 
     </span>
    </p>
   </div>
   <div class='ocr_carea' id='block_1_88' title="bbox 2067 4308 3724 4382">
    <p class='ocr_par' dir='ltr' id='par_1_88' title="bbox 2067 4308 3724 4382">
     <span class='ocr_line' id='line_1_88' title="bbox 2067 4308 3724 4382; baseline 0.001 -17"><span class='ocrx_word' id='word_1_607' title='bbox 2067 4310 2464 4382; x_wconf 88' lang='lat' dir='ltr'>explorandas</span> <span class='ocrx_word' id='word_1_608' title='bbox 2495 4326 2590 4364; x_wconf 89' lang='lat' dir='ltr'>res</span> <span class='ocrx_word' id='word_1_609' title='bbox 2623 4308 3021 4364; x_wconf 87' lang='lat' dir='ltr'>Barbarorum</span> <span class='ocrx_word' id='word_1_610' title='bbox 3053 4308 3290 4364; x_wconf 89' lang='lat' dir='ltr'>emittit.</span> <span class='ocrx_word' id='word_1_611' title='bbox 3326 4310 3457 4380; x_wconf 90' lang='lat' dir='ltr'>Ipse</span> <span class='ocrx_word' id='word_1_612' title='bbox 3507 4310 3569 4365; x_wconf 94' lang='lat' dir='ltr'>in</span> <span class='ocrx_word' id='word_1_613' title='bbox 3610 4312 3724 4367; x_wconf 85' lang='lat' dir='ltr'>Ba-</span> 
     </span>
    </p>
   </div>
   <div class='ocr_carea' id='block_1_89' title="bbox 2066 4397 3720 4472">
    <p class='ocr_par' dir='ltr' id='par_1_89' title="bbox 2066 4397 3720 4472">
     <span class='ocr_line' id='line_1_89' title="bbox 2066 4397 3720 4472; baseline 0.001 -17"><span class='ocrx_word' id='word_1_614' title='bbox 2066 4400 2368 4472; x_wconf 83' lang='lat' dir='ltr'>byloniam</span> <span class='ocrx_word' id='word_1_615' title='bbox 2401 4398 2794 4470; x_wconf 90' lang='lat' dir='ltr'>impressione</span> <span class='ocrx_word' id='word_1_616' title='bbox 2817 4398 2971 4453; x_wconf 90' lang='lat' dir='ltr'>facta</span> <span class='ocrx_word' id='word_1_617' title='bbox 3001 4397 3379 4453; x_wconf 88' lang='lat' dir='ltr'>Chlomarum</span> <span class='ocrx_word' id='word_1_618' title='bbox 3408 4400 3720 4458; x_wconf 90' lang='lat' dir='ltr'>castellum</span> 
     </span>
    </p>
   </div>
   <div class='ocr_carea' id='block_1_90' title="bbox 2067 4487 3719 4548">
    <p class='ocr_par' dir='ltr' id='par_1_90' title="bbox 2067 4487 3719 4548">
     <span class='ocr_line' id='line_1_90' title="bbox 2067 4487 3719 4548; baseline 0.002 -4"><span class='ocrx_word' id='word_1_619' title='bbox 2067 4489 2316 4545; x_wconf 90' lang='lat' dir='ltr'>obsidet.</span> <span class='ocrx_word' id='word_1_620' title='bbox 2351 4489 2507 4544; x_wconf 74' lang='lat'><strong>694</strong></span> <span class='ocrx_word' id='word_1_621' title='bbox 2538 4487 2919 4543; x_wconf 87' lang='lat' dir='ltr'>Cardarichas</span> <span class='ocrx_word' id='word_1_622' title='bbox 2949 4493 3148 4543; x_wconf 90' lang='lat' dir='ltr'>autem</span> <span class='ocrx_word' id='word_1_623' title='bbox 3179 4487 3425 4545; x_wconf 84' lang='lat' dir='ltr'>collecta</span> <span class='ocrx_word' id='word_1_624' title='bbox 3455 4491 3719 4548; x_wconf 88' lang='lat' dir='ltr'>tironum</span> 
     </span>
    </p>
   </div>
   <div class='ocr_carea' id='block_1_91' title="bbox 2069 4575 3724 4653">
    <p class='ocr_par' dir='ltr' id='par_1_91' title="bbox 2069 4575 3724 4653">
     <span class='ocr_line' id='line_1_91' title="bbox 2069 4575 3724 4653; baseline 0.002 -21"><span class='ocrx_word' id='word_1_625' title='bbox 2069 4593 2250 4632; x_wconf 89' lang='lat' dir='ltr'>manu</span> <span class='ocrx_word' id='word_1_626' title='bbox 2281 4581 2338 4632; x_wconf 86' lang='lat' dir='ltr'>et</span> <span class='ocrx_word' id='word_1_627' title='bbox 2386 4576 2698 4648; x_wconf 90' lang='lat' dir='ltr'>jumentis,</span> <span class='ocrx_word' id='word_1_628' title='bbox 2741 4579 2919 4630; x_wconf 86' lang='lat' dir='ltr'>noctu</span> <span class='ocrx_word' id='word_1_629' title='bbox 2965 4592 3101 4630; x_wconf 90' lang='lat' dir='ltr'>cum</span> <span class='ocrx_word' id='word_1_630' title='bbox 3152 4575 3294 4632; x_wconf 89' lang='lat' dir='ltr'>luna</span> <span class='ocrx_word' id='word_1_631' title='bbox 3343 4577 3564 4645; x_wconf 87' lang='lat' dir='ltr'>sileret,</span> <span class='ocrx_word' id='word_1_632' title='bbox 3614 4597 3724 4653; x_wconf 91' lang='lat' dir='ltr'>per</span> 
     </span>
    </p>
   </div>
   <div class='ocr_carea' id='block_1_92' title="bbox 311 4647 1970 4742">
    <p class='ocr_par' dir='ltr' id='par_1_92' title="bbox 311 4647 1957 4742">
     <span class='ocr_line' id='line_1_92' title="bbox 311 4647 1957 4742; baseline -0.004 -20"><span class='ocrx_word' id='word_1_633' title='bbox 311 4667 676 4742; x_wconf 80' lang='grc' dir='ltr'>ρακαθέζεται.</span> <span class='ocrx_word' id='word_1_634' title='bbox 705 4667 768 4723; x_wconf 89' lang='grc' dir='ltr'>Ὁ</span> <span class='ocrx_word' id='word_1_635' title='bbox 817 4663 872 4720; x_wconf 76' lang='grc' dir='ltr'>δὲ</span> <span class='ocrx_word' id='word_1_636' title='bbox 932 4661 1275 4739; x_wconf 85' lang='grc' dir='ltr'>Καρδαρίχας</span> <span class='ocrx_word' id='word_1_637' title='bbox 1331 4647 1690 4739; x_wconf 81' lang='grc' dir='ltr'>στρατολογεῖ</span> <span class='ocrx_word' id='word_1_638' title='bbox 1736 4661 1957 4722; x_wconf 83' lang='grc' dir='ltr'>ἰδιώτας</span> 
     </span>
    </p>
   </div>
   <div class='ocr_carea' id='block_1_93' title="bbox 2083 4647 3719 4742">
    <p class='ocr_par' dir='ltr' id='par_1_93' title="bbox 2083 4666 3719 4740">
     <span class='ocr_line' id='line_1_93' title="bbox 2083 4666 3719 4740; baseline 0.002 -18"><span class='ocrx_word' id='word_1_639' title='bbox 2083 4683 2199 4722; x_wconf 86' lang='lat' dir='ltr'>.oca</span> <span class='ocrx_word' id='word_1_640' title='bbox 2227 4672 2441 4722; x_wconf 86' lang='lat' dir='ltr'>natura</span> <span class='ocrx_word' id='word_1_641' title='bbox 2462 4666 2691 4722; x_wconf 86' lang='lat' dir='ltr'>munita</span> <span class='ocrx_word' id='word_1_642' title='bbox 2707 4683 2776 4721; x_wconf 89' lang='lat' dir='ltr'>eo</span> <span class='ocrx_word' id='word_1_643' title='bbox 2805 4666 3072 4737; x_wconf 87' lang='lat' dir='ltr'>pervenit</span> <span class='ocrx_word' id='word_1_644' title='bbox 3092 4671 3209 4722; x_wconf 90' lang='lat' dir='ltr'>uta</span> <span class='ocrx_word' id='word_1_645' title='bbox 3233 4673 3391 4740; x_wconf 85' lang='lat' dir='ltr'>tergo</span> <span class='ocrx_word' id='word_1_646' title='bbox 3411 4675 3566 4724; x_wconf 90' lang='lat' dir='ltr'>esset</span> <span class='ocrx_word' id='word_1_647' title='bbox 3594 4672 3719 4726; x_wconf 86' lang='lat' dir='ltr'>Ro-</span> 
     </span>
    </p>
   </div>
   <div class='ocr_carea' id='block_1_94' title="bbox 313 4749 1960 4832">
    <p class='ocr_par' dir='ltr' id='par_1_94' title="bbox 313 4749 1960 4832">
     <span class='ocr_line' id='line_1_94' title="bbox 313 4749 1960 4832; baseline -0.005 -20"><span class='ocrx_word' id='word_1_648' title='bbox 313 4758 431 4830; x_wconf 84' lang='grc' dir='ltr'>μεθ’</span> <span class='ocrx_word' id='word_1_649' title='bbox 465 4753 796 4832; x_wconf 77' lang='grc' dir='ltr'>ὑποζυγίων,</span> <span class='ocrx_word' id='word_1_650' title='bbox 839 4753 929 4809; x_wconf 83' lang='grc' dir='ltr'>καὶ</span> <span class='ocrx_word' id='word_1_651' title='bbox 982 4751 1050 4807; x_wconf 88' lang='grc' dir='ltr'>δι’</span> <span class='ocrx_word' id='word_1_652' title='bbox 1100 4751 1318 4827; x_wconf 80' lang='grc' dir='ltr'>ὀχυρῶν</span> <span class='ocrx_word' id='word_1_653' title='bbox 1373 4752 1555 4806; x_wconf 85' lang='grc' dir='ltr'>τόπων</span> <span class='ocrx_word' id='word_1_654' title='bbox 1612 4749 1662 4806; x_wconf 80' lang='grc' dir='ltr'>ἐν</span> <span class='ocrx_word' id='word_1_655' title='bbox 1708 4750 1960 4823; x_wconf 79' lang='grc' dir='ltr'>ἀσελήνῳ</span> 
     </span>
    </p>
   </div>
   <div class='ocr_carea' id='block_1_95' title="bbox 309 4837 1961 4917">
    <p class='ocr_par' dir='ltr' id='par_1_95' title="bbox 309 4837 1961 4917">
     <span class='ocr_line' id='line_1_95' title="bbox 309 4837 1961 4917; baseline -0.003 -19"><span class='ocrx_word' id='word_1_656' title='bbox 309 4846 460 4901; x_wconf 84' lang='grc' dir='ltr'>νυκτὶ</span> <span class='ocrx_word' id='word_1_657' title='bbox 491 4845 579 4902; x_wconf 76' lang='grc' dir='ltr'>ἐπὶ</span> <span class='ocrx_word' id='word_1_658' title='bbox 609 4845 676 4900; x_wconf 81' lang='grc' dir='ltr'>τὰ</span> <span class='ocrx_word' id='word_1_659' title='bbox 704 4849 850 4898; x_wconf 87' lang='grc' dir='ltr'>νῶτα</span> <span class='ocrx_word' id='word_1_660' title='bbox 897 4842 1100 4917; x_wconf 86' lang='grc' dir='ltr'>γίνεται</span> <span class='ocrx_word' id='word_1_661' title='bbox 1155 4847 1264 4896; x_wconf 90' lang='grc' dir='ltr'>τῶν</span> <span class='ocrx_word' id='word_1_662' title='bbox 1323 4841 1624 4912; x_wconf 77' lang='grc' dir='ltr'>Ῥωμαίων,</span> <span class='ocrx_word' id='word_1_663' title='bbox 1689 4837 1961 4914; x_wconf 79' lang='grc' dir='ltr'>μηδαμῶς</span> 
     </span>
    </p>
   </div>
   <div class='ocr_carea' id='block_1_96' title="bbox 310 4925 1958 5010">
    <p class='ocr_par' dir='ltr' id='par_1_96' title="bbox 310 4925 1958 5010">
     <span class='ocr_line' id='line_1_96' title="bbox 310 4925 1958 5010; baseline -0.004 -21"><span class='ocrx_word' id='word_1_664' title='bbox 310 4933 520 5010; x_wconf 68' lang='grc' dir='ltr'>θαρρῶν</span> <span class='ocrx_word' id='word_1_665' title='bbox 553 4939 746 5010; x_wconf 88' lang='grc' dir='ltr'>χεῖρας</span> <span class='ocrx_word' id='word_1_666' title='bbox 783 4932 968 4992; x_wconf 82' lang='grc' dir='ltr'>αὐτοῖς</span> <span class='ocrx_word' id='word_1_667' title='bbox 1001 4925 1282 5005; x_wconf 78' lang='grc' dir='ltr'>ἐμϐαλεῖν.</span> <span class='ocrx_word' id='word_1_668' title='bbox 1315 4931 1585 5002; x_wconf 76' lang='grc' dir='ltr'>Ῥωμαῖοι</span> <span class='ocrx_word' id='word_1_669' title='bbox 1617 4927 1673 4984; x_wconf 81' lang='grc' dir='ltr'>δὲ</span> <span class='ocrx_word' id='word_1_670' title='bbox 1694 4933 1773 5002; x_wconf 77' lang='grc' dir='ltr'>τῷ</span> <span class='ocrx_word' id='word_1_671' title='bbox 1803 4927 1958 4984; x_wconf 86' lang='grc' dir='ltr'>ἀκαί-</span> 
     </span>
    </p>
   </div>
   <div class='ocr_carea' id='block_1_97' title="bbox 311 5015 1955 5102">
    <p class='ocr_par' dir='ltr' id='par_1_97' title="bbox 311 5015 1955 5102">
     <span class='ocr_line' id='line_1_97' title="bbox 311 5015 1955 5102; baseline -0.005 -22"><span class='ocrx_word' id='word_1_672' title='bbox 311 5044 390 5099; x_wconf 82' lang='grc' dir='ltr'>ρῳ</span> <span class='ocrx_word' id='word_1_673' title='bbox 420 5020 577 5102; x_wconf 86' lang='grc' dir='ltr'>φόϐῳ</span> <span class='ocrx_word' id='word_1_674' title='bbox 625 5019 1086 5084; x_wconf 86' lang='grc' dir='ltr'>διασκεδασθέντες</span> <span class='ocrx_word' id='word_1_675' title='bbox 1140 5018 1230 5073; x_wconf 79' lang='grc' dir='ltr'>διὰ</span> <span class='ocrx_word' id='word_1_676' title='bbox 1277 5015 1722 5088; x_wconf 72' lang='grc' dir='ltr'>δυσδιεξοδεὺτων</span> <span class='ocrx_word' id='word_1_677' title='bbox 1773 5020 1955 5073; x_wconf 89' lang='grc' dir='ltr'>τόπων</span> 
     </span>
    </p>
   </div>
   <div class='ocr_carea' id='block_1_98' title="bbox 314 5104 1956 5190">
    <p class='ocr_par' dir='ltr' id='par_1_98' title="bbox 314 5104 1956 5190">
     <span class='ocr_line' id='line_1_98' title="bbox 314 5104 1956 5190; baseline -0.005 -22"><span class='ocrx_word' id='word_1_678' title='bbox 314 5113 574 5190; x_wconf 80' lang='grc' dir='ltr'>μεγάλοις</span> <span class='ocrx_word' id='word_1_679' title='bbox 597 5110 870 5174; x_wconf 72' lang='grc' dir='ltr'>κινδύνοις</span> <span class='ocrx_word' id='word_1_680' title='bbox 899 5110 1235 5183; x_wconf 82' lang='grc' dir='ltr'>περιέπεσον.</span> <span class='ocrx_word' id='word_1_681' title='bbox 1269 5113 1486 5183; x_wconf 83' lang='grc' dir='ltr'>Πρωϊας</span> <span class='ocrx_word' id='word_1_682' title='bbox 1520 5104 1576 5160; x_wconf 76' lang='grc' dir='ltr'>δὲ</span> <span class='ocrx_word' id='word_1_683' title='bbox 1634 5106 1956 5180; x_wconf 84' lang='grc' dir='ltr'>γενομένης,</span> 
     </span>
    </p>
   </div>
   <div class='ocr_carea' id='block_1_99' title="bbox 310 5195 1958 5280">
    <p class='ocr_par' dir='ltr' id='par_1_99' title="bbox 310 5195 1958 5280">
     <span class='ocr_line' id='line_1_99' title="bbox 310 5195 1958 5280; baseline -0.005 -22"><span class='ocrx_word' id='word_1_684' title='bbox 310 5209 413 5272; x_wconf 85' lang='grc' dir='ltr'>τῆς</span> <span class='ocrx_word' id='word_1_685' title='bbox 445 5207 728 5280; x_wconf 81' lang='grc' dir='ltr'>συμφορᾶς</span> <span class='ocrx_word' id='word_1_686' title='bbox 758 5197 1202 5269; x_wconf 76' lang='grc' dir='ltr'>ἀπηλλάττοντο,</span> <span class='ocrx_word' id='word_1_687' title='bbox 1233 5195 1323 5251; x_wconf 83' lang='grc' dir='ltr'><strong>καί</strong></span> <span class='ocrx_word' id='word_1_688' title='bbox 1369 5196 1460 5249; x_wconf 88' lang='grc' dir='ltr'>τὸν</span> <span class='ocrx_word' id='word_1_689' title='bbox 1513 5198 1813 5270; x_wconf 84' lang='grc' dir='ltr'>στρατηγὸν</span> <span class='ocrx_word' id='word_1_690' title='bbox 1861 5217 1958 5251; x_wconf 87' lang='grc' dir='ltr'>κα-</span> 
     </span>
    </p>
   </div>
   <div class='ocr_carea' id='block_1_100' title="bbox 305 5281 1957 5366">
    <p class='ocr_par' dir='ltr' id='par_1_100' title="bbox 305 5281 1957 5366">
     <span class='ocr_line' id='line_1_100' title="bbox 305 5281 1957 5366; baseline -0.004 -20"><span class='ocrx_word' id='word_1_691' title='bbox 305 5289 640 5352; x_wconf 84' lang='grc' dir='ltr'>ταλαϐόντες</span> <span class='ocrx_word' id='word_1_692' title='bbox 666 5286 881 5365; x_wconf 81' lang='grc' dir='ltr'>ὕϐρεσιν</span> <span class='ocrx_word' id='word_1_693' title='bbox 911 5287 1223 5366; x_wconf 70' lang='grc' dir='ltr'>αἰσχίσταις</span> <span class='ocrx_word' id='word_1_694' title='bbox 1270 5289 1463 5340; x_wconf 89' lang='grc' dir='ltr'>τοῦτον</span> <span class='ocrx_word' id='word_1_695' title='bbox 1519 5281 1733 5342; x_wconf 81' lang='grc' dir='ltr'>ἔϐαλεν.</span> <span class='ocrx_word' id='word_1_696' title='bbox 1784 5287 1850 5342; x_wconf 78' lang='grc' dir='ltr'>Οἱ</span> <span class='ocrx_word' id='word_1_697' title='bbox 1901 5283 1957 5340; x_wconf 76' lang='grc' dir='ltr'>δὲ</span> 
     </span>
    </p>
   </div>
   <div class='ocr_carea' id='block_1_101' title="bbox 309 5371 1955 5456">
    <p class='ocr_par' dir='ltr' id='par_1_101' title="bbox 309 5371 1955 5456">
     <span class='ocr_line' id='line_1_101' title="bbox 309 5371 1955 5456; baseline -0.003 -21"><span class='ocrx_word' id='word_1_698' title='bbox 309 5380 510 5456; x_wconf 86' lang='grc' dir='ltr'>Πέρσαι</span> <span class='ocrx_word' id='word_1_699' title='bbox 540 5380 872 5435; x_wconf 80' lang='grc' dir='ltr'>ἐπίπλαστον</span> <span class='ocrx_word' id='word_1_700' title='bbox 905 5378 1219 5450; x_wconf 87' lang='grc' dir='ltr'>νομίσαντες</span> <span class='ocrx_word' id='word_1_701' title='bbox 1270 5376 1406 5429; x_wconf 76' lang='grc' dir='ltr'>εἶναι</span> <span class='ocrx_word' id='word_1_702' title='bbox 1446 5375 1546 5443; x_wconf 79' lang='grc' dir='ltr'>τήν</span> <span class='ocrx_word' id='word_1_703' title='bbox 1596 5375 1773 5453; x_wconf 70' lang='grc' dir='ltr'>φυγήν</span> <span class='ocrx_word' id='word_1_704' title='bbox 1826 5371 1955 5430; x_wconf 82' lang='grc' dir='ltr'>διῶ-</span> 
     </span>
    </p>
   </div>
   <div class='ocr_carea' id='block_1_102' title="bbox 2070 4759 3720 4832">
    <p class='ocr_par' dir='ltr' id='par_1_102' title="bbox 2070 4759 3720 4832">
     <span class='ocr_line' id='line_1_102' title="bbox 2070 4759 3720 4832; baseline 0.002 -18"><span class='ocrx_word' id='word_1_705' title='bbox 2070 4776 2384 4815; x_wconf 90' lang='lat' dir='ltr'>manorum</span> <span class='ocrx_word' id='word_1_706' title='bbox 2397 4759 2767 4830; x_wconf 85' lang='lat' dir='ltr'>,quibuscuru</span> <span class='ocrx_word' id='word_1_707' title='bbox 2786 4775 3102 4813; x_wconf 88' lang='lat' dir='ltr'>conserere</span> <span class='ocrx_word' id='word_1_708' title='bbox 3114 4776 3346 4815; x_wconf 89' lang='lat' dir='ltr'>manum</span> <span class='ocrx_word' id='word_1_709' title='bbox 3363 4777 3720 4832; x_wconf 76' lang='lat' dir='ltr'>nequaquam</span> 
     </span>
    </p>
   </div>
   <div class='ocr_carea' id='block_1_103' title="bbox 2071 4846 3718 4918">
    <p class='ocr_par' dir='ltr' id='par_1_103' title="bbox 2071 4846 3718 4918">
     <span class='ocr_line' id='line_1_103' title="bbox 2071 4846 3718 4918; baseline 0 -14"><span class='ocrx_word' id='word_1_710' title='bbox 2071 4849 2348 4905; x_wconf 83' lang='lat' dir='ltr'>audebat.</span> <span class='ocrx_word' id='word_1_711' title='bbox 2382 4847 2631 4903; x_wconf 84' lang='lat' dir='ltr'>Romani</span> <span class='ocrx_word' id='word_1_712' title='bbox 2663 4847 2929 4901; x_wconf 90' lang='lat' dir='ltr'>locorum</span> <span class='ocrx_word' id='word_1_713' title='bbox 2962 4846 3379 4917; x_wconf 87' lang='lat' dir='ltr'>imperviorum</span> <span class='ocrx_word' id='word_1_714' title='bbox 3402 4848 3718 4918; x_wconf 89' lang='lat' dir='ltr'>iniquitate</span> 
     </span>
    </p>
   </div>
   <div class='ocr_carea' id='block_1_104' title="bbox 2072 4935 3717 5008">
    <p class='ocr_par' dir='ltr' id='par_1_104' title="bbox 2072 4935 3717 5008">
     <span class='ocr_line' id='line_1_104' title="bbox 2072 4935 3717 5008; baseline -0.001 -15"><span class='ocrx_word' id='word_1_715' title='bbox 2072 4942 2130 4993; x_wconf 91' lang='lat' dir='ltr'>et</span> <span class='ocrx_word' id='word_1_716' title='bbox 2163 4936 2578 5008; x_wconf 89' lang='lat' dir='ltr'>intempestivo</span> <span class='ocrx_word' id='word_1_717' title='bbox 2633 4940 2857 4990; x_wconf 88' lang='lat' dir='ltr'>terrore</span> <span class='ocrx_word' id='word_1_718' title='bbox 2917 4935 2976 4988; x_wconf 92' lang='lat' dir='ltr'>in</span> <span class='ocrx_word' id='word_1_719' title='bbox 3032 4951 3332 4990; x_wconf 88' lang='lat' dir='ltr'>summum</span> <span class='ocrx_word' id='word_1_720' title='bbox 3387 4935 3717 5007; x_wconf 89' lang='lat' dir='ltr'>periculum</span> 
     </span>
    </p>
   </div>
   <div class='ocr_carea' id='block_1_105' title="bbox 2070 5022 3718 5095">
    <p class='ocr_par' dir='ltr' id='par_1_105' title="bbox 2070 5022 3718 5095">
     <span class='ocr_line' id='line_1_105' title="bbox 2070 5022 3718 5095; baseline -0.001 -14"><span class='ocrx_word' id='word_1_721' title='bbox 2070 5025 2454 5082; x_wconf 90' lang='lat' dir='ltr'>devenerunt.</span> <span class='ocrx_word' id='word_1_722' title='bbox 2486 5027 2530 5079; x_wconf 88' lang='lat' dir='ltr'><strong>E</strong></span> <span class='ocrx_word' id='word_1_723' title='bbox 2560 5041 2675 5095; x_wconf 89' lang='lat' dir='ltr'>quo</span> <span class='ocrx_word' id='word_1_724' title='bbox 2707 5029 2907 5078; x_wconf 88' lang='lat' dir='ltr'>tamen</span> <span class='ocrx_word' id='word_1_725' title='bbox 2940 5022 3067 5078; x_wconf 89' lang='lat' dir='ltr'>luce</span> <span class='ocrx_word' id='word_1_726' title='bbox 3097 5023 3253 5078; x_wconf 85' lang='lat' dir='ltr'>facta</span> <span class='ocrx_word' id='word_1_727' title='bbox 3297 5023 3465 5080; x_wconf 79' lang='lat' dir='ltr'>facile</span> <span class='ocrx_word' id='word_1_728' title='bbox 3516 5041 3718 5080; x_wconf 89' lang='lat' dir='ltr'>evase-</span> 
     </span>
    </p>
   </div>
   <div class='ocr_carea' id='block_1_106' title="bbox 2069 5113 3718 5188">
    <p class='ocr_par' dir='ltr' id='par_1_106' title="bbox 2069 5113 3718 5188">
     <span class='ocr_line' id='line_1_106' title="bbox 2069 5113 3718 5188; baseline -0.001 -16"><span class='ocrx_word' id='word_1_729' title='bbox 2069 5121 2227 5183; x_wconf 91' lang='lat' dir='ltr'>runt,</span> <span class='ocrx_word' id='word_1_730' title='bbox 2263 5121 2684 5188; x_wconf 89' lang='lat' dir='ltr'>arreptumque</span> <span class='ocrx_word' id='word_1_731' title='bbox 2716 5114 2928 5168; x_wconf 87' lang='lat' dir='ltr'>dncem</span> <span class='ocrx_word' id='word_1_732' title='bbox 2961 5113 3348 5168; x_wconf 87' lang='lat' dir='ltr'>atrocissimis</span> <span class='ocrx_word' id='word_1_733' title='bbox 3405 5118 3718 5171; x_wconf 89' lang='lat' dir='ltr'>contume-</span> 
     </span>
    </p>
   </div>
   <div class='ocr_carea' id='block_1_107' title="bbox 2069 5201 3719 5276">
    <p class='ocr_par' dir='ltr' id='par_1_107' title="bbox 2069 5201 3719 5276">
     <span class='ocr_line' id='line_1_107' title="bbox 2069 5201 3719 5276; baseline 0.002 -18"><span class='ocrx_word' id='word_1_734' title='bbox 2069 5205 2164 5260; x_wconf 92' lang='lat' dir='ltr'>liis</span> <span class='ocrx_word' id='word_1_735' title='bbox 2197 5205 2586 5276; x_wconf 81' lang='lat' dir='ltr'>exagitarunt.</span> <span class='ocrx_word' id='word_1_736' title='bbox 2622 5203 2811 5257; x_wconf 75' lang='lat' dir='ltr'>Persze</span> <span class='ocrx_word' id='word_1_737' title='bbox 2871 5206 3066 5256; x_wconf 88' lang='lat' dir='ltr'>autem</span> <span class='ocrx_word' id='word_1_738' title='bbox 3122 5201 3318 5274; x_wconf 82' lang='lat' dir='ltr'>fugam</span> <span class='ocrx_word' id='word_1_739' title='bbox 3357 5219 3488 5258; x_wconf 89' lang='lat' dir='ltr'>eam</span> <span class='ocrx_word' id='word_1_740' title='bbox 3537 5204 3719 5261; x_wconf 83' lang='lat' dir='ltr'>simu-</span> 
     </span>
    </p>
   </div>
   <div class='ocr_carea' id='block_1_108' title="bbox 2067 5291 3715 5365">
    <p class='ocr_par' dir='ltr' id='par_1_108' title="bbox 2067 5291 3715 5365">
     <span class='ocr_line' id='line_1_108' title="bbox 2067 5291 3715 5365; baseline 0.001 -17"><span class='ocrx_word' id='word_1_741' title='bbox 2067 5294 2178 5349; x_wconf 88' lang='lat' dir='ltr'>lari</span> <span class='ocrx_word' id='word_1_742' title='bbox 2209 5299 2487 5365; x_wconf 87' lang='lat' dir='ltr'>putantes</span> <span class='ocrx_word' id='word_1_743' title='bbox 2519 5309 2638 5348; x_wconf 91' lang='lat' dir='ltr'>non</span> <span class='ocrx_word' id='word_1_744' title='bbox 2671 5297 2811 5346; x_wconf 93' lang='lat' dir='ltr'>sunt</span> <span class='ocrx_word' id='word_1_745' title='bbox 2840 5291 2968 5346; x_wconf 89' lang='lat' dir='ltr'>ausi</span> <span class='ocrx_word' id='word_1_746' title='bbox 2999 5291 3254 5362; x_wconf 89' lang='lat' dir='ltr'>insequi.</span> <span class='ocrx_word' id='word_1_747' title='bbox 3286 5294 3362 5348; x_wconf 83' lang='lat' dir='ltr'>At</span> <span class='ocrx_word' id='word_1_748' title='bbox 3416 5293 3715 5350; x_wconf 87' lang='lat' dir='ltr'>Heraciius</span> 
     </span>
    </p>
   </div>
   <div class='ocr_carea' id='block_1_109' title="bbox 2068 5379 3719 5455">
    <p class='ocr_par' dir='ltr' id='par_1_109' title="bbox 2068 5379 3719 5455">
     <span class='ocr_line' id='line_1_109' title="bbox 2068 5379 3719 5455; baseline 0.002 -17"><span class='ocrx_word' id='word_1_749' title='bbox 2068 5383 2418 5438; x_wconf 88' lang='lat' dir='ltr'>transmisso</span> <span class='ocrx_word' id='word_1_750' title='bbox 2436 5383 2989 5455; x_wconf 76' lang='lat' dir='ltr'>Tigri,quaecunque</span> <span class='ocrx_word' id='word_1_751' title='bbox 3015 5379 3216 5437; x_wconf 67' lang='lat' dir='ltr'>Media:</span> <span class='ocrx_word' id='word_1_752' title='bbox 3241 5383 3719 5442; x_wconf 88' lang='lat' dir='ltr'>erantnobiliora</span> 
     </span>
    </p>
   </div>
   <div class='ocr_carea' id='block_1_110' title="bbox 1545 5492 2530 5555">
    <p class='ocr_par' dir='ltr' id='par_1_110' title="bbox 1545 5492 2530 5555">
     <span class='ocr_line' id='line_1_110' title="bbox 1545 5492 2530 5555; baseline 0.005 -7"><span class='ocrx_word' id='word_1_753' title='bbox 1545 5492 1910 5550; x_wconf 81' lang='lat' dir='ltr'>XYLANDRI</span> <span class='ocrx_word' id='word_1_754' title='bbox 1939 5497 2028 5551; x_wconf 90' lang='lat' dir='ltr'><strong>ET</strong></span> <span class='ocrx_word' id='word_1_755' title='bbox 2057 5499 2274 5555; x_wconf 86' lang='lat' dir='ltr'><strong>GOARI</strong></span> <span class='ocrx_word' id='word_1_756' title='bbox 2306 5499 2530 5555; x_wconf 68' lang='grc' dir='ltr'>ΝΟΤίΕ.</span> 
     </span>
    </p>
   </div>
   <div class='ocr_carea' id='block_1_111' title="bbox 383 5615 1955 5696">
    <p class='ocr_par' dir='ltr' id='par_1_111' title="bbox 383 5615 1955 5696">
     <span class='ocr_line' id='line_1_111' title="bbox 383 5615 1955 5696; baseline -0.005 -16"><span class='ocrx_word' id='word_1_757' title='bbox 383 5624 495 5696; x_wconf 85' lang='grc'>(90)</span> <span class='ocrx_word' id='word_1_758' title='bbox 527 5623 908 5696; x_wconf 18' lang='grc' dir='ltr'>Ιηίςίἰιὶοιιθηι</span> <span class='ocrx_word' id='word_1_759' title='bbox 965 5623 1388 5686; x_wconf 84' lang='lat' dir='ltr'>Romanorum,</span> <span class='ocrx_word' id='word_1_760' title='bbox 1438 5615 1516 5679; x_wconf 70' lang='grc' dir='ltr'>εἷς</span> <span class='ocrx_word' id='word_1_761' title='bbox 1560 5616 1626 5670; x_wconf 84' lang='grc' dir='ltr'>τὰ</span> <span class='ocrx_word' id='word_1_762' title='bbox 1683 5616 1955 5690; x_wconf 86' lang='grc' dir='ltr'>Ρωμαίων</span> 
     </span>
    </p>
   </div>
   <div class='ocr_carea' id='block_1_112' title="bbox 308 5695 1334 5754">
    <p class='ocr_par' dir='ltr' id='par_1_112' title="bbox 308 5695 1334 5754">
     <span class='ocr_line' id='line_1_112' title="bbox 308 5695 1334 5754; baseline -0.003 -4"><span class='ocrx_word' id='word_1_763' title='bbox 308 5695 567 5754; x_wconf 77' lang='lat' dir='ltr'>Zonarae.</span> <span class='ocrx_word' id='word_1_764' title='bbox 600 5695 733 5750; x_wconf 65' lang='grc' dir='ltr'>ΧΠ..</span> <span class='ocrx_word' id='word_1_765' title='bbox 1329 5727 1334 5732; x_wconf 66' lang='grc' dir='ltr'>ι</span> 
     </span>
    </p>
   </div>
   <div class='ocr_carea' id='block_1_113' title="bbox 380 5760 1954 5846">
    <p class='ocr_par' dir='ltr' id='par_1_113' title="bbox 380 5760 1954 5846">
     <span class='ocr_line' id='line_1_113' title="bbox 380 5760 1954 5846; baseline -0.006 -17"><span class='ocrx_word' id='word_1_766' title='bbox 380 5771 494 5846; x_wconf 79' lang='grc'><strong>(91)</strong></span> <span class='ocrx_word' id='word_1_767' title='bbox 525 5767 695 5842; x_wconf 80' lang='lat' dir='ltr'>Apud</span> <span class='ocrx_word' id='word_1_768' title='bbox 720 5765 848 5826; x_wconf 78' lang='lat' dir='ltr'>Nic.</span> <span class='ocrx_word' id='word_1_769' title='bbox 877 5779 1034 5838; x_wconf 83' lang='lat' dir='ltr'>xvm,</span> <span class='ocrx_word' id='word_1_770' title='bbox 1066 5764 1157 5838; x_wconf 80' lang='lat'>37,</span> <span class='ocrx_word' id='word_1_771' title='bbox 1188 5760 1403 5835; x_wconf 82' lang='lat' dir='ltr'>legitur</span> <span class='ocrx_word' id='word_1_772' title='bbox 1431 5761 1672 5820; x_wconf 88' lang='lat' dir='ltr'>vimine.</span> <span class='ocrx_word' id='word_1_773' title='bbox 1713 5762 1852 5822; x_wconf 69' lang='grc' dir='ltr'>ΧΠ..</span> <span class='ocrx_word' id='word_1_774' title='bbox 1882 5794 1954 5806; x_wconf 93' lang='grc'><strong>-</strong></span> 
     </span>
    </p>
   </div>
   <div class='ocr_carea' id='block_1_114' title="bbox 2074 5619 3708 5696">
    <p class='ocr_par' dir='ltr' id='par_1_114' title="bbox 2074 5619 3708 5696">
     <span class='ocr_line' id='line_1_114' title="bbox 2074 5619 3708 5696; baseline 0.005 -19"><span class='ocrx_word' id='word_1_775' title='bbox 2074 5625 2248 5696; x_wconf 69' lang='lat' dir='ltr'>Virgo</span> <span class='ocrx_word' id='word_1_776' title='bbox 2275 5619 2780 5696; x_wconf 63' lang='lat' dir='ltr'>vimineq,_).6-{w_a</span> <span class='ocrx_word' id='word_1_777' title='bbox 2810 5621 3103 5696; x_wconf 84' lang='lat' dir='ltr'>Theocriti</span> <span class='ocrx_word' id='word_1_778' title='bbox 3125 5623 3441 5682; x_wconf 84' lang='lat' dir='ltr'>scholiaste</span> <span class='ocrx_word' id='word_1_779' title='bbox 3471 5633 3708 5685; x_wconf 85' lang='lat' dir='ltr'>vocata:</span> 
     </span>
    </p>
   </div>
   <div class='ocr_carea' id='block_1_115' title="bbox 2064 5689 3110 5771">
    <p class='ocr_par' dir='ltr' id='par_1_115' title="bbox 2064 5689 3110 5771">
     <span class='ocr_line' id='line_1_115' title="bbox 2064 5689 3110 5771; baseline 0.001 -22"><span class='ocrx_word' id='word_1_780' title='bbox 2064 5689 2309 5771; x_wconf 79' lang='grc' dir='ltr'>Βεργίοις</span> <span class='ocrx_word' id='word_1_781' title='bbox 2337 5691 2463 5764; x_wconf 71' lang='grc' dir='ltr'>ἤτοι</span> <span class='ocrx_word' id='word_1_782' title='bbox 2496 5689 2690 5768; x_wconf 74' lang='grc' dir='ltr'>λόγοὶς</span> <span class='ocrx_word' id='word_1_783' title='bbox 2719 5689 2902 5763; x_wconf 85' lang='grc' dir='ltr'>δῆσαι.</span> <span class='ocrx_word' id='word_1_784' title='bbox 2935 5694 3110 5752; x_wconf 67' lang='lat' dir='ltr'>Gou.</span> 
     </span>
    </p>
   </div>
   <div class='ocr_carea' id='block_1_116' title="bbox 4125 5615 4138 5952">
    <p class='ocr_par' dir='ltr' id='par_1_116' title="bbox 4125 5615 4138 5952">
     <span class='ocr_line' id='line_1_116' title="bbox 4127 5615 4138 5688; baseline 0 0"><span class='ocrx_word' id='word_1_785' title='bbox 4127 5615 4138 5688; x_wconf 72' lang='grc' dir='ltr'>Ξ</span> 
     </span>
     <span class='ocr_line' id='line_1_117' title="bbox 4125 5711 4138 5800; baseline 0 0"><span class='ocrx_word' id='word_1_786' title='bbox 4125 5711 4138 5800; x_wconf 78' lang='grc' dir='ltr'>ἱ</span> 
     </span>
     <span class='ocr_line' id='line_1_118' title="bbox 4125 5801 4134 5890; baseline 0 0"><span class='ocrx_word' id='word_1_787' title='bbox 4125 5801 4134 5890; x_wconf 75' lang='grc' dir='ltr'>Ξ</span> 
     </span>
     <span class='ocr_line' id='line_1_119' title="bbox 4125 5921 4130 5952; baseline 0 0"><span class='ocrx_word' id='word_1_788' title='bbox 4125 5921 4130 5952; x_wconf 85' lang='lat' dir='ltr'>l</span> 
     </span>
    </p>
   </div>
  </div>
