4170 6204
396 349 516 408 759

1735 339 2047 399 GEOit'ull
2092 340 2436 400 CEDRENI

3690 330 3816 392 160

397 482 642 554 oppida,
674 498 744 537 ea
774 478 1058 544 incendit,
1091 483 1267 547 atque
1301 476 1381 531 ita
1409 476 1486 532 ad
1520 475 1912 547 Philippicum
1965 476 2052 528 est

2173 471 2250 540 ξαι
2300 471 2398 526 οὐκ
2435 471 2786 545 ἐτόλμησαν.
2842 471 3159 547 Ἡράκλειος
3219 470 3276 527 δὲ
3331 470 3656 545 διαπεράσας
3713 468 3810 523 τὸν

402 585 618 642 magna
649 585 782 624 cum
814 565 1015 638 prada
1045 581 1334 620 reversus.
1368 567 1624 620 Rursum
1647 565 1784 619 inde
1801 563 1876 619 ad
1909 565 2054 617 Mar-

399 657 716 729 terpolim
775 655 1090 710 commisso
1150 654 1306 709 inter
1362 656 1572 708 Persas
1629 670 1696 708 ac
1754 655 2050 708 Romanos

395 745 625 817 ιλιι-ωηο,
658 744 927 798 vicerunt
957 743 1226 799 Romani.
1261 742 1484 797 Cecidit
1517 759 1584 797 eo
1617 742 1676 797 in
1708 741 1912 813 prmlio
1945 742 2052 795 Ba-

395 849 572 903 ruyas
596 834 909 887 Persarum
931 831 1072 897 dux,
1105 836 1394 902 captaque
1428 837 1566 886 sunt
1599 831 1709 885 tria
1738 830 1950 894 millia,
1983 847 2049 886 ac

395 920 617 975 Persici
650 921 944 974 exercitus
977 920 1272 974 ductores.
1307 920 1462 975 Mille
1498 925 1725 975 tantum
1755 920 1827 974 de
1863 919 2052 974 l‘ersi-

395 1007 482 1064 cis
512 1009 710 1080 capiis
743 1008 1016 1063 homines
1047 1007 1215 1064 clade
1248 1009 1461 1063 evitata
1505 1025 1626 1064 non
1674 1008 1896 1078 absque
1949 1024 2053 1079 pe-

395 1097 602 1155 riculis
637 1097 698 1152 in
725 1096 1031 1153 Persidem
1062 1097 1389 1153 redierunt.
1415 1097 1662 1152 Romani
1685 1097 1759 1152 ad
1791 1097 2048 1168 impera-

393 1193 588 1244 torem
617 1186 879 1259 prmdam
911 1186 1159 1242 mittunt
1179 1186 1835 1256 Persicam,omnesque
1860 1185 2048 1252 capti-

392 1294 496 1332 vos
527 1293 646 1332 una
670 1293 807 1332 cum
837 1276 1074 1332 bandis.
1108 1277 1425 1332 Mauricius
1459 1293 1634 1348 porro
1679 1277 1929 1332 Cariana
1959 1293 2052 1329 ro-

393 1372 522 1422 atra
549 1366 612 1420 in
646 1365 986 1421 Blachernis
1017 1365 1238 1435 condit,
1274 1366 1453 1436 inque
1485 1383 1554 1420 eo
1587 1381 1826 1421 omnem
1879 1381 2049 1421 suam

391 1470 429 1509 a
459 1454 720 1526 pueritia
749 1470 938 1525 usque
969 1455 1043 1509 ad
1073 1454 1517 1526 imperatoriam
1548 1455 1895 1526 dignitatem
1917 1455 2048 1509 vitm

392 1542 703 1602 historiam
734 1543 1020 1615 depingit.
1073 1543 1340 1599 Absolvit
1393 1543 1571 1599 etiam
1617 1543 1920 1615 publicum
1965 1543 2047 1598 ibi

392 1631 697 1690 balneum.
731 1631 800 1685 Et
828 1631 1137 1687 constituit
1167 1637 1233 1686 ut
1262 1632 1497 1703 publica
1531 1632 1891 1704 deprecatio,
1927 1633 2046 1687 sive

397 1720 746 1778 intercessio
788 1719 1023 1787 dicitur,
1056 1721 1120 1776 in
1177 1722 1500 1777 Parasceva
1529 1739 1564 1777 a
1603 1722 1944 1777 Blachernis
1972 1721 2046 1776 ad

397 1811 810 1882 Ghalcopratia
839 1809 1178 1867 duceretur.

2163 561 2392 636 Τίγρην,
2426 559 2526 615 ὅσα
2553 568 2652 630 τῆς
2679 559 2936 632 Μηδικῆς
2976 561 3162 638 χώρας
3209 564 3342 630 ἦσαν
3391 559 3635 630 ἐπίσημα
3685 579 3814 636 χωο

2164 647 2254 723 ρία
2283 646 2576 723 παρεδίδου
2607 651 2759 723 πυρὶ,
2788 651 2876 704 καὶ
2933 651 3106 712 οὕτως
3159 650 3293 726 πρὸς
3340 647 3680 704 Φιλιππικὸν
3719 645 3820 699 ἀν-

2162 733 2382 812 έστρεψε
2443 740 2577 812 μετὰ
2635 737 2851 795 σκύλων
2907 738 3159 794 πολλῶν.
3220 737 3324 795 Καὶ
3376 736 3584 812 γίνεται
3642 732 3814 788 πάλιν

2159 827 2296 881 κατά
2323 828 2422 894 τὴν
2478 826 2935 902 Μαρτυροόπολιν
2987 831 3094 902 (92)
3155 826 3418 902 Περσικὸς
3477 825 3612 898 μετά
3666 824 3817 876 Ῥω-

2166 915 2338 988 μαίων
2368 913 2634 990 πόλεμος,
2665 916 2756 972 καὶ
2787 918 3044 992 κρατοῦσι
3083 918 3372 990 Ῥωμαῖοι,
3424 915 3515 969 καὶ
3570 914 3823 987 ἀναιρεῖ-

2157 1025 2246 1059 ται
2278 1005 2442 1060 ὁτῶν
2480 1010 2698 1081 Περσῶν
2756 1007 3059 1081 στρατηγὸς
3120 1009 3417 1077 Βαρουζᾶς,
3477 997 3818 1074 συλλαμϐά-

2158 1115 2339 1150 νονται
2371 1093 2428 1150 δὶ
2451 1095 2540 1150 καὶ
2573 1101 2768 1166 ζῶντες
2793 1095 3098 1170 τρισχίλιοι
3129 1097 3217 1151 καὶ
3263 1097 3316 1150 οἱ
3363 1099 3471 1150 τῶν
3525 1097 3812 1169 Περσικῶν

2157 1186 2454 1260 ταγμάτων
2482 1187 2790 1262 ταξίαρχοι.
2848 1184 3042 1243 Χίλιοι
3100 1183 3158 1241 δὲ
3211 1185 3366 1260 μόνοι
3422 1182 3516 1240 τὰν
3577 1183 3819 1257 ἀριθμὸν

2160 1273 2458 1346 ἐσώθησαν,
2493 1274 2546 1330 οἵ
2601 1275 2692 1330 καὶ
2755 1275 2889 1348 μετά
2944 1272 3208 1331 κινδύνων
3265 1274 3353 1329 ἐπὶ
3407 1275 3506 1342 τὴν
3566 1269 3814 1348 Περσίδα

2159 1362 2503 1437 ἀνέστρεψαν.
2533 1366 2601 1422 Οἱ
2633 1362 2691 1420 δὲ
2718 1365 2988 1440 Ῥωμαῖοι
3014 1363 3290 1436 πέμπουσι
3320 1363 3458 1437 πρὸς
3484 1360 3577 1416 τὸν
3641 1361 3815 1436 βασι-

2159 1450 2257 1508 λέα
2282 1455 2350 1508 τά
2373 1455 2608 1529 Περσικά
2639 1457 2851 1534 Λάφυρα
2892 1455 2980 1509 καὶ
3035 1452 3165 1518 τοὺς
3209 1452 3585 1530 ζωγρηθέντας
3631 1450 3816 1507 ἅπαν-

2155 1562 2249 1604 τας
2275 1540 2366 1596 σὺν
2394 1547 2511 1605 τοῖς
2570 1540 2789 1618 βάνδοις
2847 1546 2984 1616 (93).
3042 1543 3103 1600 Ὀ
3162 1540 3218 1597 δὲ
3276 1541 3579 1616 Μαυρίκιος
3633 1539 3818 1596 ἔκτισε

2155 1631 2246 1686 τὸν
2298 1633 2559 1706 Καριανὸν
2611 1627 2856 1705 ἔμϐολον
2925 1631 2976 1686 έν
3035 1630 3394 1706 Βλαχέρναις,
3477 1631 3690 1707 γράψας
3748 1630 3811 1685 ἐν

2156 1719 2302 1793 αὑτῷ
2333 1719 2422 1777 διὰ
2453 1723 2763 1798 ζωγραφίας
2790 1722 2886 1783 τὰς
2919 1723 3110 1776 ἑαυτοῦ
3139 1721 3357 1796 πράξεις
3410 1721 3504 1782 τὰς
3554 1719 3614 1774 ἐκ
3671 1741 3810 1774 παι-

2079 1781 2122 1844 Β
2157 1781 2308 1872 δὸθέν
2354 1781 2663 1884 μέχρι’τῆς
2723 1781 2889 1865 αὑτοὺ
2948 1781 3274 1881 βασιλείιιίς.⁷
3307 1781 3690 1882 ’Ᾰνεπλήρωσε
3747 1805 3813 1862 δὶ

391 1898 486 1954 καὶ
518 1898 581 1952 τὸ
611 1895 668 1953 ἐν
697 1896 847 1970 αὑτῷ
879 1895 1147 1971 δημόσιον
1203 1897 1454 1974 λουτρόν.
1512 1903 1689 1958 Τυποῖ
1745 1897 1801 1955 δὲ
1856 1900 1944 1954 καὶ
2003 1900 2103 1967 τήν
2164 1896 2321 1966 λιτὴν
2387 1897 2730 1974 καλουμένην
2788 1893 3073 1974 πρεσϐείαν
3133 1900 3246 1972 (94)
3303 1898 3438 1952 κατὰ
3494 1915 3810 1971 παρασκευ-

402 1987 471 2056 ὴν
501 1988 614 2058 (95)
644 1985 696 2040 ἐν
727 1985 1057 2061 Βλαχέρναις
1089 1987 1355 2042 τελεῖσθαι
1385 1989 1474 2042 καὶ
1506 1987 1558 2041 ἐν
1598 1994 1715 2051 τοῖς
1745 1987 2212 2061 Χαλκοπρατείοις
2244 1986 2608 2063 πληροῦσθαι.

472 2078 647 2132 Λιιηο
678 2082 866 2143 sexto,
891 2077 1254 2148 Longobardi
1281 2079 1504 2133 bellum
1527 2081 1810 2134 Romanis
1830 2079 2046 2134 intule-

400 2169 562 2230 runt,
586 2169 645 2218 et
682 2164 964 2219 Maurusii
990 2165 1052 2218 in
1083 2165 1232 2222 695
1270 2166 1466 2221 Africa
1493 2167 2049 2238 magnostumultus

397 2251 752 2308 excitarunt.
789 2253 854 2306 In
887 2252 1129 2308 Perside
1162 2253 1328 2308 locus
1385 2254 1669 2309 custodias
1717 2255 2050 2310 destinatus

402 2345 512 2408 est,
547 2357 768 2396 nomen
803 2342 997 2396 Lethes
1027 2341 1101 2397 ab
1135 2342 1426 2399 oblivione
1455 2345 1702 2414 habens,
1736 2346 1795 2400 in
1827 2363 1896 2401 eo
1916 2348 2052 2401 Per-

403 2445 603 2485 sarum
637 2446 738 2485 rex
776 2430 995 2485 multos
1020 2429 1092 2485 de
1123 2432 1297 2486 variis
1324 2433 1773 2505 populiscaptos
1800 2435 2054 2490 incluse-

402 2524 522 2588 rat,
549 2534 666 2573 una
697 2535 830 2573 cum
865 2519 938 2574 iis
969 2536 1116 2590 quos
1150 2521 1210 2575 in
1264 2522 1509 2576 castello
1559 2522 1740 2578 Daras
1793 2530 2050 2595 ceperat.

410 2608 478 2664 Hi
496 2607 567 2664 de
591 2607 782 2663 salute
805 2623 913 2662 sua
929 2608 1368 2681 desperabundi
1392 2611 1670 2667 custodes
1688 2612 1878 2667 adorti
1894 2621 2052 2680 sunt,

403 2697 598 2767 iisque
630 2696 800 2750 cassis
827 2697 1170 2766 Bysantium
1209 2707 1629 2769 pervenerunt,
1690 2708 1948 2772 suntque
1978 2701 2051 2756 ab

407 2785 766 2856 imperatore
799 2800 1010 2856 magno
1043 2802 1178 2840 cum
1205 2787 1418 2859 gaudio
1449 2790 1686 2859 recepti.
1717 2793 1797 2844 Ac
1819 2807 2055 2846 rursum

402 2871 870 2928 Commentiolus
901 2873 962 2926 in
993 2874 1293 2929 Persidem
1321 2875 1620 2948 ingressus
1652 2879 1836 2934 victor
1868 2880 2055 2936 multa

403 2959 592 3032 spolia
623 2961 964 3034 Byzantium
997 2963 1177 3020 misit.

2229 2078 2320 2148 Τῷ
2351 2078 2395 2141 ς’
2424 2072 2528 2133 ἔτει
2575 2079 2627 2132 oi
2693 2072 3070 2154 Λογγίϐαρδοι
3119 2074 3365 2149 πόλεμον
3414 2075 3618 2148 ἤραντο
3673 2074 3817 2129 κατᾶ

2162 2165 2474 2239 Ῥωμαίων,
2513 2166 2603 2221 καὶ
2652 2166 2718 2222 τὰ
2768 2172 2876 2221 τῶν
2921 2164 3282 2240 Μαυρουσίων
3341 2162 3464 2234 ἔθνη
3515 2163 3652 2218 κατᾶ
3707 2166 3814 2232 τήν

2162 2256 2428 2334 Ἀφρικὴν
2473 2254 2716 2331 μεγάλας
2775 2256 3019 2334 ταραχὰς
3077 2254 3424 2324 ἐποιήσαντο.
3484 2256 3569 2310 Ἐν
3630 2251 3687 2308 δὲ
3742 2259 3817 2328 τῇ

2160 2345 2381 2420 Περσίδι
2415 2346 2631 2418 φυλακή
2665 2346 2901 2422 ὑπάρχει
2941 2347 2976 2416 ἡ
3010 2343 3287 2422 λεγομένη
3312 2343 3493 2414 Λήθη,
3522 2342 3575 2398 ἐν
3670 2341 3822 2397 πολ-

2162 2434 2293 2497 λοὺς
2326 2437 2493 2492 ὁτῶν
2547 2438 2768 2509 Περσῶν
2831 2433 3086 2510 βασιλεὺς
3147 2434 3252 2488 ἀπὸ
3312 2430 3587 2512 διαφόρων
3646 2431 3818 2487 ἐθνῶν

2161 2525 2213 2580 ἐν
2249 2525 2417 2600 ταύτῃ
2466 2524 2778 2581 κατέκλεισε
2825 2525 2916 2579 σὺν
2962 2528 3079 2585 τοῖς
3127 2519 3516 2602 αἰχμαλώτοις
3564 2529 3664 2592 τῆς
3714 2523 3827 2577 πό-

2163 2613 2302 2676 λεως
2363 2615 2554 2691 Δαράς.
2615 2615 2782 2671 Οὗτοι
2841 2614 2933 2668 οὗν
2993 2611 3316 2686 ἀπογνόντες
3391 2613 3591 2666 ἑαυτῶν
3651 2610 3823 2665 ἐπαν-

2167 2705 2400 2758 ίστανται
2432 2704 2569 2759 κατὰ
2596 2708 2704 2758 τῶν
2733 2702 3116 2776 φυλασσόντων
3157 2700 3376 2762 αυτούς·
3435 2701 3526 2762 οὓς
3579 2701 3668 2755 καὶ
3722 2700 3824 2754 ἀν·-

2165 2790 2377 2855 ελόντες
2411 2793 2486 2857 εἷς
2511 2793 2575 2848 τὸ
2609 2793 2896 2863 Βυζάντιον
2927 2792 3111 2861 ἢκασι,
3144 2792 3233 2845 καὶ
3282 2787 3566 2860 ὑπεδέξατο
3617 2788 3818 2852 αὐτοὺς

2164 2883 2192 2936 ὁ
2227 2881 2480 2956 βασιλεὺς
2516 2881 2650 2956 μετὰ
2680 2887 2855 2958 χαρᾶς
2891 2878 3158 2956 μεγάλης.
3190 2879 3296 2936 Καὶ
3334 2877 3498 2934 πάλιν
3557 2885 3819 2952 Κομμεν-

2163 2970 2347 3033 τίολος
2376 2973 2453 3033 εἷς
2483 2972 2575 3026 τὸν
2607 2971 2742 3026 κατὰ
2767 2975 2876 3025 τῶν
2909 2973 3125 3045 Περσῶν
3185 2969 3430 3042 πόλεμον
3479 2973 3676 3044 χωρεῖ,
3721 2969 3817 3022 καὶ

2163 3064 2389 3132 νικήσας
2419 3060 2606 3118 πολλά
2635 3061 2850 3141 λάφυρα
2879 3062 2931 3118 έν
2966 3059 3244 3133 Βυζαντίῳ
3265 3061 3491 3134 πέμπει.

487 3139 656 3191 Anno
689 3137 962 3208 septimo,
1021 3138 1329 3207 Chosroes,
1390 3157 1526 3222 cum
1586 3141 1865 3198 adversus
1923 3159 2058 3198 eum

2237 3161 2323 3226 Τῷ
2357 3160 2399 3223 ζ’
2432 3150 2561 3225 ἔτει,
2606 3137 2801 3228 Βαράμ
2850 3156 2984 3208 κατὰ
3042 3153 3284 3228 Χοσρόου
3341 3150 3632 3226 γενόμενάς
3685 3155 3822 3205 τοῦ-

411 3228 695 3282 Baramus
725 3227 786 3280 in
800 3232 1086 3298 surgeret,
1111 3236 1349 3283 coactus
1371 3236 1462 3284 est
1490 3231 1564 3284 ad
1595 3233 1890 3287 Romanos
1917 3251 2062 3288 con-

407 3311 650 3389 fugere;
687 3319 748 3370 et
777 3315 1096 3386 impetrato
1128 3316 1200 3371 ab
1251 3318 1607 3389 imperatore
1637 3321 1856 3376 auxilio
1891 3323 2061 3378 Bara-

416 3420 589 3459 mum
622 3403 840 3458 occidit
868 3404 1289 3476 Persidemque
1321 3406 1599 3462 obtinuit.
1659 3411 1923 3465 Metuens
1971 3428 2067 3466 au-

411 3496 539 3547 tem
572 3490 683 3546 sibi
715 3489 787 3545 ab
822 3491 1074 3560 insidiis,
1107 3491 1271 3548 mille
1307 3496 1602 3550 Romanos
1644 3499 1901 3568 priesidii
1935 3500 2064 3555 loco

416 3580 548 3636 dari
581 3597 616 3635 a
647 3579 928 3636 Mauricio
971 3581 1082 3636 sibi
1138 3583 1326 3654 petiit.
1379 3586 1542 3650 Quod
1585 3587 1774 3658 ipsum
1831 3606 2065 3661 quoque

421 3672 749 3744 imperator
800 3673 1114 3739 concessit,
1159 3675 1358 3746 itaque
1410 3677 1696 3733 Chosroes
1738 3679 1928 3735 fassus
1978 3687 2068 3736 est

424 3778 674 3832 regnum
705 3762 902 3816 Persis
931 3761 1221 3819 beneﬁcio
1254 3767 1650 3822 Romanorum
1696 3785 2064 3827 concessum.

500 3858 671 3906 Anno
699 3857 920 3918 octavo,
955 3852 1015 3907 in
1047 3855 1329 3909 Paschale
1378 3855 1773 3912 Theodosium
1806 3861 2066 3916 Mauricii

425 3941 614 3997 ﬁlium
644 3944 900 3998 Joannes
924 3945 1260 4015 patriarcha
1291 3946 1634 4017 Cpolitanus
1668 3957 1932 4016 coronat,
1963 3968 2067 4007 an-

415 4043 530 4085 nos
562 4036 768 4087 natum
801 4035 834 4086 4
865 4053 908 4087 s.
948 4033 1164 4088 Eodem
1209 4051 1364 4090 anno
1411 4037 1725 4093 Mauricius
1770 4039 1956 4094 aedem
2000 4043 2069 4096 40

419 4122 770 4176 Sanctorum
803 4121 1066 4190 absolvit,
1097 4140 1130 4178 a
1159 4123 1389 4178 Tiberio
1421 4125 1777 4183 inchoatam.
1807 4128 2069 4199 Cumque

418 4210 482 4264 in
513 4211 753 4265 Oriente
785 4211 906 4268 alta
935 4218 1092 4267 esset
1121 4228 1253 4284 pax,
1301 4215 1594 4270 exercitus
1653 4216 1712 4270 in
1763 4218 2070 4274 Thraciam

421 4299 742 4353 transtulit.

494 4480 657 4533 Nono
681 4496 859 4550 anno,
879 4498 1014 4536 cum
1039 4483 1364 4554 imperator
1383 4486 1580 4556 copias
1605 4488 1664 4541 in
1689 4489 2067 4544 Occidentem
2105 4499 2146 4560 D

425 4567 725 4634 educeret,
759 4569 830 4623 ab
863 4571 1136 4625 omnibus
1195 4574 1405 4628 vetitus
1466 4582 1556 4629 est
1607 4575 1765 4630 bello
1826 4595 2067 4649 operam

422 4657 788 4728 impendere.
823 4659 1030 4713 Daonii
1064 4660 1584 4718 mulierinfantem
1609 4667 2068 4736 peperitoculis,

415 4747 1022 4820 palpebris,manibus
1037 4751 1403 4823 pedibusque
1423 4759 1758 4809 carentem:
1791 4756 1864 4811 ad
1892 4774 2070 4812 coxas

416 4841 616 4892 autem
649 4837 802 4892 696
834 4839 1023 4894 cauda
1052 4840 1232 4910 piscis
1267 4845 1417 4897 testa
1448 4842 1648 4897 intecti
1697 4851 1871 4900 enata
1924 4851 2067 4900 erat.

2171 3265 2263 3298 τον
2296 3250 2411 3305 τοῖς
2461 3243 2759 3317 Ῥωμαίοις
2814 3249 3152 3319 προσρυῆναι
3206 3242 3528 3318 ἠνάγκασεν·
3586 3241 3632 3313 ᾦ
3689 3238 3823 3301 δοὺς

2173 3333 2201 3387 ὁ
2233 3330 2488 3406 βασιλεὺς
2518 3331 2840 3406 συμμαχίαν
2897 3331 2992 3386 τόν
3029 3351 3087 3385 τε
3147 3329 3340 3406 Βαρὰμ
3393 3330 3669 3385 ἀπέκτεινε
3728 3331 3824 3382 καὶ

2170 3423 2270 3492 τὴν
2320 3419 2553 3496 Περσίδα
2609 3422 2889 3495 ἐκράτησε.
2953 3419 3219 3482 Δεδοικὼς
3283 3418 3340 3475 δὲ
3391 3422 3477 3492 [Ρ.
3538 3421 3664 3494 397]
3714 3422 3821 3488 τήν

2174 3507 2521 3584 δολοφονίαν,
2585 3515 2735 3580 ζητεῖ
2819 3509 3119 3580 Μαυρίκιον
3180 3511 3256 3574 εἰς
3331 3507 3576 3586 φυλακὴν
3643 3507 3824 3561 αὑτοῦ

2174 3600 2395 3676 χιλίους
2426 3602 2754 3672 Ῥωμαίους.
2789 3601 2850 3656 Ὀ
2881 3595 2938 3653 δὲ
2988 3597 3244 3673 βασιλεὺς
3291 3603 3440 3653 ποιεῖ
3485 3598 3576 3652 καὶ
3625 3600 3823 3664 τοῦτο,

2175 3690 2249 3752 ὡς
2282 3689 2460 3763 λέγειν
2502 3690 2592 3743 τὸν
2656 3688 2905 3761 Χοσρόην
2963 3688 3045 3742 ὅτι
3102 3689 3370 3761 Ῥωμαῖοι
3427 3686 3655 3759 Πέρσαις
3711 3685 3818 3752 τὴν

2178 3779 2456 3855 βασιλείαν
2484 3777 2824 3852 χαρίζονται.

2245 3872 2336 3940 Τῷ
2367 3871 2416 3938 η’
2446 3862 2574 3937 ἔτει,
2627 3867 2689 3920 τὸ
2747 3866 2936 3941 Πάσχα
2993 3863 3278 3928 Θεοδόσιος
3337 3866 3451 3927 υίὸς
3513 3862 3822 3938 Μαυρικίου

2174 3957 2419 4036 στέφεται
2484 3957 2586 4011 ὑπὸ
2637 3956 2892 4012 Ἰωάννου
2971 3955 3314 4030 πατριάρχου
3395 3961 3828 4008 Κωνσταντινου·

2172 4045 2412 4110 πόλεως,
2447 4044 2662 4119 χρόνων
2719 4044 2983 4117 ὑπάρχων
3049 4045 3324 4119 τεσσάρων
3382 4044 3577 4114 ἣμισυ.
3628 4044 3724 4112 Τῷ
3775 4039 3825 4096 δ’

2174 4134 2320 4206 αὑτῷ
2347 4131 2450 4189 ἔτει
2485 4132 2786 4206 Μαυρίκιος
2829 4133 2920 4187 τὸν
2957 4132 3078 4186 ναὸν
3128 4136 3234 4186 τῶν
3282 4132 3478 4208 Ἀγίων
3537 4131 3824 4204 Τεσσαεά-

2171 4245 2356 4293 κοντα,
2386 4222 2443 4277 ὅν
2493 4222 2769 4296 ἀπήρξατο
2827 4217 3098 4296 Τιϐέριος,
3148 4221 3524 4296 ἀνεπλήρωσε,
3583 4219 3672 4275 καὶ
3720 4228 3827 4290 τῆς

2177 4312 2480 4380 ’Λνατολῆς
2545 4311 2767 4383 εἱρήνην
2828 4311 3045 4384 βαθεῖαν
3117 4309 3355 4389 ἐχούσης
3419 4309 3515 4372 τὰς
3571 4306 3830 4382 δυνάμεις

2177 4408 2284 4459 τῶν
2320 4399 2735 4477 στρατευμάτων
2767 4400 2852 4455 ἐπὶ
2886 4401 2983 4468 τὴν
3017 4399 3229 4474 Θρᾴκην
3261 4395 3556 4456 διεϐίϐασε.

2249 4496 2342 4563 Τῷ
2367 4493 2409 4555 θ’
2439 4485 2568 4558 ἔτει,
2624 4494 2724 4545 τοῦ
2770 4488 3037 4565 βασιλέως
3088 4491 3221 4563 μετὰ
3257 4495 3365 4545 τῶν
3409 4490 3828 4564 στρατευμάτων

2172 4581 2258 4636 ἐπὶ
2291 4583 2392 4650 τήν
2435 4581 2592 4634 Δόσιν
2634 4580 3021 4655 ἐξερχομένου,
3087 4578 3356 4635 ἐκωλύετο
3411 4579 3555 4652 παρὰ
3604 4580 3828 4634 πάντων

2176 4671 2516 4744 ὑπουργῆσαι
2547 4673 2626 4739 τῷ
2670 4667 2916 4742 πολέμῳ.
2953 4671 3038 4725 Ἐν
3068 4669 3124 4724 δὲ
3159 4673 3238 4741 τῷ
3267 4667 3476 4741 Δαονίῳ
3520 4671 3629 4742 (96)
3679 4663 3832 4723 ἔτεκε

2172 4759 2307 4832 γυνή
2341 4753 2560 4811 παιδίον
2607 4758 2745 4828 μήτε
2802 4753 3120 4830 ὀφθαλμοὺς
3183 4759 3323 4828 μήτε
3383 4754 3628 4835 βλέφαρα
3687 4758 3832 4827 μήτε

2178 4852 2367 4921 χεῖρας
2401 4846 2541 4918 μήτε
2567 4843 2738 4906 πόδας
2769 4844 2938 4920 ἔχων,
2978 4846 3113 4920 πρὸς
3173 4843 3230 4899 δὲ
3279 4849 3360 4917 τῷ
3413 4841 3582 4918 ἰσχίῳ
3635 4843 3833 4918 ἰχθύος

421 4926 641 4981 Eodem
673 4926 768 4980 die
801 4927 964 4983 canis
997 4945 1233 5000 quoque
1285 4946 1384 4985 sex
1418 4933 1597 5002 pedes
1630 4933 1856 4990 habens
1890 4941 1946 4989 et
1976 4953 2060 4990 ca-

2179 4933 2315 5010 οὐρα
2362 4936 2656 5012 προσφυῶς
2718 4934 2965 5009 ὑπῆρχεν
3021 4933 3171 5005 αὑτῷ
3227 4930 3686 5008 ὀστρακόδερμος.
3745 4935 3831 5006 Τῇ

419 5019 526 5086 put
557 5014 859 5070 leoninum
894 5023 1068 5072 natus
1099 5035 1167 5073 ac
1209 5019 1376 5076 valde
1431 5037 1680 5093 magnus
1726 5023 1913 5078 factus
1963 5030 2071 5080 est.

2179 5023 2314 5096 αὖτῇ
2347 5022 2527 5097 ἡμέρᾳ
2559 5023 2650 5077 καὶ
2705 5023 2849 5078 κὺων
2911 5023 3162 5093 ἑξάπους,
3223 5020 3464 5100 κεφαλὴν
3508 5016 3656 5097 ἔχων
3707 5018 3834 5075 λεο-

1625 5118 1982 5176 XYLANDRI
2022 5124 2108 5176 ET
2147 5124 2364 5179 GOARI
2404 5123 2628 5178 NOTAE.

495 5212 608 5292 (92)
630 5214 1150 5292 Armenizn‘urbem
1175 5217 1564 5290 quadraginta
1581 5219 1834 5274 militum
1863 5227 2076 5292 marty-

429 5283 515 5335 rio
546 5283 862 5340 illustrem.
901 5289 1074 5341 Con.

496 5353 587 5418 93)
619 5355 1052 5432 Yexillis._puto
1086 5359 1461 5432 militaribus,
1496 5378 1626 5432 quas
1683 5364 1856 5418 nobis
1905 5364 2074 5418 baner

428 5421 1058 5505 dicuntur.‘S.uida.slin
1093 5427 1310 5505 Βάνδονσ
1345 5421 1776 5488 Οὖέωᾶαλοῦσγ
1803 5435 2068 5505 Ῥωμαῖοι

433 5497 672 5569 σημεῖον
695 5495 754 5569 τὸ
786 5495 836 5549 ἐν
862 5495 1112 5569 πολέμῳ.
1150 5502 1286 5555 Χγι..

2185 5223 2450 5280 litaniam
2485 5224 2835 5289 instituisse,
2869 5239 3000 5293 qum
3032 5223 3200 5278 ﬁeret
3223 5223 3432 5278 abuno
3452 5224 3588 5278 iano
3611 5222 3841 5277 adalte-

2183 5305 2573 5366 rum,caterva
2585 5294 2782 5366 populi
2802 5300 2861 5349 et
2882 5295 3230 5366 pontiﬁcum
3252 5295 3832 5366 procedente.Supra

2183 5363 2324 5434 λητή
2391 5363 2716 5438 legebatur,
2775 5363 2975 5420 minus
3029 5363 3418 5438 Γθοιᾳλιταί
3475 5372 3684 5421 notum
3725 5363 3841 5418 est

2181 5437 2528 5493 vocabulum
2561 5438 2649 5492 vel
2680 5453 2751 5491 ex
2782 5438 3054 5509 Homero,
3089 5437 3229 5509 quid
3261 5437 3523 5509 denotet.
3553 5439 3694 5509 Χγι..

2253 5510 2366 5580 (95)
2426 5512 2736 5565 Parascevis
2819 5508 3120 5579 singulis,
3171 5508 3340 5564 sextis
3422 5508 3598 5564 dictis
3649 5508 3829 5576 feriis.

427 5585 474 5648 ·⁶
505 5563 621 5648 (ρξι)
655 5565 880 5622 Litania
902 5563 1184 5648 nimirum
1207 5573 1308 5648 hic
1323 5571 1444 5648 λιτὴ
1478 5570 1736 5648 πρεσϐεία
1759 5578 1996 5643 dicitur,
2021 5589 2060 5632 e‘

2184 5563 2360 5636 Gem:

442 5631 635 5689 Suidsa
657 5653 894 5709 quoque
912 5635 1036 5708 λιτή
1061 5647 1153 5695 est
1171 5631 1535 5715 παράκλησιςί
1549 5648 1691 5703 Eam
1701 5631 2080 5721 eréovideiur

2259 5652 2369 5725 (96)
2397 5651 2658 5707 Thracias
2689 5651 2839 5708 loco.
2873 5651 3048 5707 Goan.
