4170 6204
343 387 454 446 761

1482 381 2032 448 ιιιεΤυιιιΑιιωι
2078 381 2646 446 COMI’ENDIUM.

3636 393 3755 453 762

343 515 517 590 τώδη,
576 519 856 594 γεννηθεὶς
942 520 1146 597 ἐγένετο
1207 521 1375 598 μέγας
1431 518 1657 600 σφόδρα.
1710 521 1796 594 Τῇ
1855 516 1966 574 αότῆ

2111 517 2323 574 Eodem
2352 517 2448 574 die
2480 534 2668 589 equus
2721 520 2899 575 etiam
2961 520 3356 593 imperatoris,
3414 523 3516 596 qui
3557 526 3755 582 aureis

343 610 527 683 ἡμέρᾳ
579 609 667 664 καὶ
725 609 752 664 ὁ
808 609 978 674 ἳππος
1034 614 1131 665 τοῦ
1199 610 1492 686 βασιλέως,
1524 611 1552 664 6
1597 609 1690 666 τὸν
1750 610 1985 684 χρυσοῦν

342 700 723 772 περικείμενος
778 700 1010 773 κόσμον,
1041 699 1258 776 ἀθρόως
1311 699 1573 778 διερῥάγη
1607 701 1806 755 πεσών.
1857 695 1995 754 Τού-

338 808 455 851 τοις
492 793 653 844 πᾶσιν
713 787 1104 862 οἰωνισάμενος
1161 791 1190 846 6
1251 789 1503 867 βασιλεύς
1557 789 1860 866 περίλυπος
1900 786 1989 855 ἦν.

340 878 547 932 Μαθὼν
579 875 637 933 δὲ
666 879 750 933 ὅτι
804 873 1058 954 πρέσϐεις
1090 879 1165 940 εἰς
1220 878 1284 935 τὰ
1344 880 1632 950 Βυζάντιον
1688 881 1906 953 Περσῶν
1935 895 1992 929 τε

336 967 429 1020 καὶ
460 967 732 1042 Φράγγων
761 967 1136 1044 παρεγένοντο,
1194 969 1519 1044 ὑπεστρεψεν
1574 967 1650 1031 εἰς
1705 967 1774 1023 τά
1833 963 1986 1042 βασί-

339 1055 478 1111 λεια.

411 1145 548 1202 Ἀπὸ
576 1149 683 1200 τῶν
751 1147 1057 1222 Ἱστορικῶν
1121 1152 1219 1204 τοῦ
1279 1148 1590 1221 Σιμοκάτου
1646 1150 1758 1218 (97)
1816 1141 1986 1220 λόγος

333 1236 584 1309 Χοσρὸου
617 1233 886 1309 βασιλέως
940 1240 1156 1310 Περσῶν
1209 1237 1348 1312 πρὸς
1403 1237 1654 1304 Ἰωάννην
1685 1229 1986 1308 στρατηγὸν

331 1323 645 1397 Ῥωμαίων,
715 1325 1114 1399 ἀποσκώψαντα
1181 1325 1258 1388 εἷς
1316 1325 1478 1382 αύτὸν
1546 1323 1638 1380 ὅτε
1702 1321 1981 1390 ἀπεστάλη

327 1411 600 1485 ποιρᾶτοῦ
629 1415 820 1486 καιροῦ
867 1410 1326 1487 ἐτυραννούμεθα,
1387 1412 1487 1469 ούκ
1542 1409 1602 1467 ἂν
1659 1409 1982 1486 ἑθάρρησσς,

327 1501 619 1577 στρατηγέ,
649 1501 741 1555 τὸν
801 1501 970 1578 μέγαν
1007 1501 1062 1556 ἐν
1093 1501 1402 1578 ἀνθρώποις
1468 1503 1697 1578 βασιλέα
1759 1497 1985 1575 βάλλειν

323 1593 444 1650 τοῖς
472 1590 821 1662 σκώμμασιν.
854 1590 1002 1646 Ἐπεὶ
1051 1588 1110 1646 δὶ
1136 1597 1254 1654 τοῖς
1285 1597 1515 1667 παροῦσι
1579 1593 1714 1667 μέγα
1745 1589 1981 1666 φρονεὶς,

325 1677 532 1753 ἀκούσῃ
572 1678 624 1734 τί
681 1675 819 1748 δῆτα
868 1685 988 1742 τοῖς
1043 1685 1186 1745 θεοῖς
1243 1679 1526 1758 ἐσύστερον
1590 1678 1979 1754 μεμελέτηται.

326 1767 846 1844 Ἀντικαταρῥεύσει,
881 1766 940 1824 εὖ
971 1769 1109 1838 ἳσθι,
1150 1769 1226 1832 εἷς
1282 1769 1408 1833 τοὺς
1473 1769 1784 1844 Ῥωμαίους
1840 1769 1979 1840 ὑμᾶς

323 1853 492 1928 δεινὰ,
522 1854 663 1926 ἕξετε
710 1854 767 1912 δὲ
795 1858 858 1912 τὸ
890 1854 1245 1914 Βαϐυλώνιον
1275 1859 1446 1938 φῦλον
1502 1867 1601 1930 τῆς
1655 1861 1974 1932 Ῥωμαϊκῆς
2003 1875 2054 1948 Β

319 1944 605 2007 πολιτείας
661 1945 896 2022 κρατοῦν
942 1949 1165 2025 τριττήν
1224 1948 1633 2026 κυκλοφορικὴν
1694 1946 1974 2024 ἑϐδομάδα

321 2035 480 2091 ἑτῶν.
512 2036 660 2091 Μετά
694 2033 750 2090 δὲ
795 2040 959 2092 τοῦτο
1017 2039 1326 2111 πεμπταίαν
1384 2034 1663 2112 ἑϐδομάδα
1719 2040 1974 2098 ἐνιαυτῶν

311 2126 582 2198 Ῥωμαῖοι
616 2125 819 2200 Πέρσας
878 2123 1358 2203 δουλαγωγήσετε.
1419 2128 1643 2184 Τούτων
1682 2127 1750 2201 δὴ
1784 2128 1974 2203 διηνυ-

318 2212 529 2287 σμένων
561 2216 660 2284 τήν
697 2213 989 2291 ἀνέσπερον
1045 2214 1254 2292 ἡμέραν
1285 2215 1534 2290 ἐνδημεῖν
1593 2225 1709 2280 τοῖς
1768 2220 1974 2296 ἀνθρώ-

316 2325 466 2375 ποις,
517 2305 606 2360 καὶ
636 2307 737 2375 τήν
767 2303 1234 2382 προσδοκωμένην
1299 2307 1454 2380 λῆξιν
1507 2305 1820 2366 ἀποϐαίνειν
1873 2317 1971 2368 τοῦ

311 2396 569 2471 κράτους,
611 2395 699 2451 ὅτε
725 2395 795 2450 τὰ
848 2400 946 2462 τῆς
980 2401 1188 2474 φθορᾶς
1247 2395 1608 2474 παραδίδοται
1667 2401 1822 2456 λύσει
1877 2404 1969 2457 καὶ

311 2485 381 2540 τὰ
407 2491 511 2554 τῆς
541 2485 850 2560 κρείττονος
882 2485 1170 2564 διαγωγῆς
1196 2486 1564 2546 πολιτεύεται.

387 2575 480 2646 Τῷ
515 2580 542 2627 ι’
570 2568 698 2643 ἔτει,
753 2578 852 2629 τοῦ
907 2573 1158 2652 Χαγοὶνου
1205 2577 1530 2640 ἒπελθόντος
1585 2579 1722 2634 κατᾶ
1749 2579 1811 2634 τὸ
1840 2580 1968 2656 Σίρ-

318 2685 465 2738 μιον,
504 2665 531 2718 6
591 2662 848 2740 βασιλεὺς
903 2666 1206 2742 στρατηγὸν
1265 2665 1538 2740 Εὒρώπης
1592 2669 1683 2724 τὸν
1733 2670 1963 2746 Πρίσκον

313 2759 642 2830 χειροτονεῖ.
673 2755 733 2813 Ὁ
767 2752 824 2809 δὲ
855 2755 1091 2830 Πρίσκος
1133 2751 1503 2813 Σαλϐανιανὸν
1561 2759 1967 2835 ὑποστράτηγον

311 2847 549 2915 ποιήσας
606 2844 932 2920 προτρέχειν
979 2842 1244 2913 ἐκέλευσε,
1322 2847 1412 2901 καὶ
1470 2847 1604 2902 κατὰ
1660 2853 1767 2904 τῶν
1824 2852 1964 2927 Βαρ-

311 2928 494 3008 ϐάρων
529 2935 879 3014 χωρήσαντες
937 2940 1296 3010 συγκροτοῦσι
1343 2935 1588 3010 πόλεμον
1635 2939 1726 2994 καί
1774 2943 1962 2994 νικῶσι

310 3023 692 3093 Ῥωμαῖοι.⁹0
750 3021 806 3077 δὲ
862 3024 1107 3098 Χαγάνος
1132 3027 1295 3080 τοῦτο
1335 3025 1615 3097 ἀκηκοὼς,
1673 3023 1962 3083 ἀναλαϐὼν

307 3110 405 3172 τὶς
438 3107 692 3184 δυνάμεις
727 3111 927 3187 ἐχώρει
978 3113 1114 3188 πρὸς
1174 3111 1443 3186 πόλεμον,
1501 3116 1588 3170 καὶ
1636 3115 1710 3178 εἴς
1740 3117 1961 3192 ’Λγχίαο

310 3197 411 3254 λον
442 3199 611 3256 ἐλθὼν
646 3201 852 3274 ταύτην
913 3201 1253 3260 κατέκαυσεν.
1310 3207 1396 3279 [Ρ.
1439 3209 1564 3280 398]
1627 3207 1760 3264 Εἶτα
1789 3209 1865 3269 εἰς
1896 3208 1958 3264 τὸ

313 3295 493 3364 Δριζιν
523 3296 679 3366 περᾷ.
721 3293 782 3349 Ὁ
840 3288 896 3346 δὲ
928 3293 1187 3367 Πρίσκος,
1249 3295 1324 3367 μή
1388 3293 1560 3358 θέλων
1617 3297 1837 3372 θεωρεῖν
1891 3299 1957 3352 τὰ

309 3377 498 3450 πλήθη
531 3383 638 3434 τῶν
661 3375 983 3456 Βαρϐάρων,
1015 3381 1088 3443 εἷς
1115 3381 1460 3455 Τζουρουλὸν
1491 3383 1748 3440 εἰσελθὼν
1780 3387 1954 3464 ἠσφα-

275 3535 282 3542 ,
311 3467 526 3527 λίσατο.
555 3471 616 3527 Ὀ
648 3467 706 3525 δὲ
765 3466 1044 3545 Βάρϐαρος
1073 3473 1164 3526 τὸν
1197 3473 1434 3546 Πρίσκον
1491 3474 1819 3554 πολιορχεῐν
1872 3475 1960 3531 ἐπ-

311 3559 535 3634 εχείρει.
586 3563 764 3616 Ταῦτα
825 3558 880 3615 δὲ
937 3561 1188 3630 ἀκηκοὼς
1241 3564 1538 3636 Μαυρίκιος
1597 3562 1848 3640 διηπόρεί
1905 3568 1958 3620 τί

315 3643 539 3724 δράσει·
629 3644 891 3720 εὐϐουλίᾳ
966 3647 1022 3704 δὲ
1105 3658 1534 3726 καταστρατηγεῖ
1585 3660 1684 3723 τῆς
1733 3654 1960 3729 ἀπείρου

315 3733 620 3809 δυνάμεως,
650 3736 740 3791 καὶ
769 3735 864 3791 ἓνα
893 3741 1002 3793 τῶν
1071 3733 1480 3816 ἒξκουϐιτώρων
1541 3741 1806 3818 μεγάλαις
1863 3741 1964 3798 δω-

313 3831 459 3900 ρεαῖς
527 3825 618 3879 καὶ
676 3823 1003 3901 ὑποσχέσεσι
1057 3827 1224 3891 πείθει
1274 3827 1446 3884 ἑκοντὶ
1487 3838 1794 3906 περιπεσεῖν
1846 3839 1962 3896 τοῖς

313 3908 639 3988 Βαρϐάροις,
669 3912 759 3968 καί
793 3911 1011 3970 δίδωσιν
1069 3916 1220 3988 αύτῷ
1265 3919 1401 3992 πρὸς
1458 3918 1691 3992 ἰὶρίσκον
1745 3923 1960 3998 γραφὴν

311 4001 675 4077 περιέχουσαν
736 4001 882 4058 τάδε’
973 4007 1070 4076 Τῷ
1121 4003 1451 4080 ἐνδοξοτάτῳ
1501 4015 1791 4084 στρατηγῷ
1836 4011 1962 4084 ΙΙρί-

309 4111 446 4165 σκῳ.
501 4095 611 4162 Τήν
657 4089 947 4168 ἀλιτηρίαν
999 4098 1106 4147 τῶν
1158 4090 1452 4170 Βαρϐάρων
1507 4096 1818 4173 ἐγχείρησιν
1881 4101 1957 4171 μὴ

309 4178 613 4254 δειλιάσῃςο
649 4182 784 4255 πρὸς
841 4182 941 4256 γὰρ
993 4181 1268 4238 ἀπώλειαν
1328 4183 1504 4238 αὐτῶν
1557 4190 1718 4241 τοῦτο
1749 4185 1956 4265 γέγονε.

311 4269 541 4324 Γίνωτκε
603 4270 706 4346 γὰρ
735 4272 820 4326 ὅτι
855 4273 991 4342 μετά
1029 4271 1247 4336 πολλῆς
1272 4272 1542 4352 αἰσχύνης
1575 4272 1691 4350 ἔχει
1731 4277 1759 4331 ὀ
1787 4277 1960 4352 Χαγὰ-

305 4379 394 4418 νος
469 4360 799 4434 ὑποστρέψαι
859 4359 935 4421 εἰς
1006 4361 1106 4429 τὴν
1163 4362 1552 4436 ἀφιερωθεῖσαν
1608 4365 1758 4437 αὐτῷ
1813 4366 1961 4441 παρὰ

304 4447 591 4520 Ῥωμαίων
670 4451 876 4525 χώραν.
965 4451 1065 4504 Διά
1119 4455 1285 4506 τοῦτο
1351 4452 1737 4528 καρτερησάτω
1793 4457 1828 4524 ἡ
1889 4458 1954 4526 σή

309 4533 602 4608 ένδοξὸτης
662 4537 717 4592 ἐν
783 4542 851 4612 τῇ
898 4537 1230 4615 Τζουρουλῷ
1286 4537 1691 4616 περιρέμϐουσα
1733 4543 1952 4606 αὐτοὺς.

2107 607 2366 679 phaleris
2395 613 2523 663 erat
2553 614 2815 678 ornatus,
2847 611 3107 666 concidit
3127 611 3319 667 subito
3346 619 3522 684 atque
3545 620 3754 686 ruptus

2103 704 2212 754 est.
2246 699 2380 753 Haec
2438 698 2640 754 omnia
2697 699 3019 771 imperator
3077 701 3295 756 ominis
3351 702 3482 758 loco
3528 704 3752 760 ducens

2099 787 2282 844 animi
2315 789 2642 860 angebatur
2676 795 2772 855 ;et
2801 790 3034 862 cognito
3067 789 3291 862 legatos
3339 797 3652 848 Persarum
3684 811 3751 850 ac

2098 877 2455 932 Francorum
2491 877 2835 948 Byzantium
2881 878 3202 948 appulisse,
3263 880 3324 934 in
3380 881 3604 953 regiam
3659 900 3749 936 re-

2098 965 2226 1020 diit.

2168 1055 2447 1126 Sequitur
2476 1071 2544 1110 ex
2570 1055 2840 1110 Historiis
2898 1056 3173 1112 Simocati
3234 1059 3421 1114 oratio
3475 1062 3744 1116 Cbosroae

2094 1145 2410 1198 Persarum
2441 1145 2596 1216 regis
2625 1144 2699 1200 ad
2726 1146 3014 1200 Joannem
3054 1146 3265 1201 ducem
3325 1151 3742 1218 Romanorum,

2094 1233 2196 1303 qui
2227 1233 2447 1289 missus
2477 1233 2532 1288 ei
2562 1234 2916 1305 opitulatum
2964 1252 2999 1292 a
3051 1237 3329 1292 Mauricio
3387 1239 3744 1310 imperatore

2092 1338 2312 1378 sannas
2346 1322 2410 1378 in
2439 1339 2636 1394 regem
2662 1323 2908 1393 jecerat.
2943 1325 3084 1392 Nisi,
3110 1325 3324 1395 inquit,
3358 1327 3485 1397 ipsa
3515 1334 3744 1400 tempo-

2090 1411 2172 1466 ris
2194 1410 2344 1466 ratio
2375 1410 2438 1465 in
2469 1427 2578 1466 nos
2639 1411 3011 1482 tyrannidem
3061 1419 3382 1482 exerceret,
3436 1431 3742 1486 nunquam

2089 1499 2354 1572 profecto
2387 1505 2472 1566 tu,
2505 1517 2539 1555 ο
2572 1499 2710 1567 dux,
2742 1500 2992 1556 auderes
3032 1518 3312 1574 magnum
3353 1503 3510 1558 inter
3557 1504 3742 1559 homi-

2087 1606 2195 1644 nes
2216 1605 2414 1662 regem
2448 1589 2837 1646 subsannare.
2871 1592 3035 1646 Nunc
3066 1591 3205 1662 quia
3244 1609 3506 1663 praesens
3533 1609 3734 1648 rerum

2087 1683 2276 1734 status
2307 1683 2364 1734 te
2394 1679 2714 1751 superbum
2746 1679 2961 1747 reddit,
3017 1680 3154 1752 audi
3212 1682 3355 1752 quid
3413 1681 3484 1736 de
3537 1682 3734 1737 futuro

2085 1767 2166 1822 dii
2190 1768 2524 1824 statuerint.
2557 1770 2649 1823 Sic
2689 1769 2860 1834 habe,
2893 1769 3259 1826 calamitates
3288 1771 3350 1825 in
3396 1788 3502 1826 vos
3530 1774 3736 1827 Roma-

2085 1874 2193 1913 nos
2225 1858 2665 1926 redundabant,
2696 1875 2764 1913 ac
2797 1875 2900 1930 per
2923 1865 3042 1914 tres
3074 1859 3391 1915 circulares
3424 1866 3736 1932 septenna-

2084 1947 2174 2004 les
2194 1965 2486 2004 annorum
2545 1950 2960 2004 conversiones
3010 1949 3366 2022 Babylonica
3421 1967 3564 2023 gens
3620 1954 3733 2006 Ro-

2086 2054 2278 2094 manas
2303 2038 2645 2110 reipublicae
2676 2038 3100 2096 dominabitur.
3131 2040 3273 2095 Inde
3329 2057 3436 2111 per
3466 2042 3730 2112 quinque

2083 2143 2377 2182 annorum
2409 2129 2774 2199 septenarios
2806 2129 3053 2184 Romani
3084 2131 3293 2184 Persas
3322 2130 3564 2184 servitio
3597 2148 3731 2202 pre-

2083 2217 2280 2272 metis.
2307 2217 2406 2272 His
2433 2217 2808 2273 circumactis
2843 2218 2969 2274 dies
2999 2234 3258 2289 vespera)
3290 2236 3500 2290 expers
3543 2221 3731 2274 homi-

2081 2305 2259 2359 nibus
2289 2305 2594 2360 illucescet
2647 2312 3172 2378 exspectatumque
3228 2324 3475 2379 regnum
3508 2309 3682 2364 inibit
3715 2325 3728 2362 :

2083 2397 2221 2448 tunc
2249 2394 2523 2449 interitus
2545 2395 2712 2450 nulla
2741 2395 2854 2449 erit
2886 2396 3192 2459 memoria,
3229 2402 3286 2450 et
3321 2397 3438 2451 vita
3471 2397 3727 2452 meliori-

2079 2481 2243 2536 ribus
2274 2483 2560 2538 institutis
2587 2489 2813 2556 agetur.

2150 2572 2321 2627 Anno
2367 2571 2621 2641 decimo,
2682 2590 2816 2628 cum
2867 2573 3176 2646 Chaganus
3229 2574 3387 2644 apud
3444 2573 3722 2629 Sirmium

2081 2660 2355 2729 irrueret,
2388 2661 2711 2732 imperator
2739 2664 2886 2718 697
2927 2665 3272 2734 prmfectum
3331 2664 3573 2733 EurOpm
3609 2665 3726 2718 Pri-

2079 2767 2244 2806 scum
2279 2756 2456 2806 creat.
2484 2753 2537 2805 ls
2561 2752 2977 2808 Salvanianum
3012 2753 3270 2825 legatum
3303 2754 3412 2808 sibi
3465 2754 3720 2822 asciscit,

2076 2856 2332 2910 eumque
2364 2841 2573 2911 praeire
2597 2841 2787 2912 jubet.
2818 2842 3104 2897 Barbaros
3135 2858 3270 2914 ergo
3301 2842 3559 2915 aggressi
3582 2859 3720 2896 con-

2076 2934 2234 2984 serta
2281 2946 2478 3002 pugna
2529 2947 2628 2986 eos
2687 2932 2946 2986 vincunt.
3009 2933 3316 3004 Chaganus
3375 2949 3437 2987 re
3487 2932 3722 3003 cognita

2075 3019 2261 3090 cepiis
2291 3019 2558 3075 collectis
2583 3021 2655 3076 ad
2705 3020 2928 3076 bellum
2985 3021 3397 3094 proficiscitur.
3460 3020 3722 3091 Cumque

2073 3108 2422 3164 Anchialum
2449 3110 2726 3180 venisset,
2783 3110 2990 3164 urbem
3047 3127 3178 3165 eam
3232 3111 3541 3165 incendit:
3583 3110 3722 3165 inde

2073 3198 2365 3254 Drizinem
2399 3199 2638 3271 trajicit.
2674 3200 2907 3255 Priscus
2938 3217 3071 3254 vero
3104 3199 3471 3255 multitudini
3505 3200 3721 3254 Barba-

2070 3305 2272 3344 rorum
2312 3289 2746 3344 occurrendum
2794 3307 2913 3344 non
2966 3295 3127 3345 ratus
3183 3290 3493 3346 Tzurulum
3528 3290 3717 3361 petiit,

2066 3377 2265 3448 ibique
2291 3377 2405 3433 loci
2435 3380 2876 3450 opportunitate
2897 3396 2958 3434 se
2991 3383 3212 3434 tutatus
3235 3383 3343 3433 est.
3375 3380 3560 3443 Quem
3582 3396 3717 3433 mox

2066 3467 2376 3540 Chaganus
2405 3467 2654 3524 obsedit.
2688 3468 2746 3523 Id
2781 3486 2914 3524 cum
2957 3469 3269 3523 Mauricius
3298 3468 3712 3536 intellexisset,

2069 3556 2212 3627 quid
2242 3556 2462 3612 faceret
2493 3557 2726 3623 dubius,
2761 3558 3082 3613 calliditate
3103 3558 3217 3612 vim
3251 3557 3467 3612 infiniti
3501 3558 3715 3613 exerci-

2071 3648 2165 3698 tus
2197 3644 2306 3699 hoc
2339 3649 2509 3716 pacto
2542 3645 2748 3700 eludit.
2786 3646 3204 3700 Excubitorum
3240 3645 3558 3716 quemdam
3591 3664 3714 3700 ma-

2070 3733 2201 3804 gnis
2222 3738 2280 3786 et
2299 3734 2642 3788 muneribus
2661 3739 2718 3788 et
2748 3735 3274 3805 pollicitationibus
3307 3751 3376 3789 eo
3391 3740 3714 3805 permovet,

2071 3821 2154 3877 uti
2187 3838 2320 3878 cum
2353 3821 2584 3889 litteris,
2613 3839 2759 3893 quas
2790 3823 2914 3894 ipse
2941 3823 3014 3878 ad
3055 3825 3321 3878 Priscum
3382 3824 3578 3890 dabat,
3612 3825 3715 3878 de-

2071 3911 2194 3966 dita
2220 3929 2399 3984 opera
2428 3912 2488 3966 in
2522 3912 2910 3967 Barbarorum
2977 3929 3188 3968 manus
3246 3929 3307 3966 se
3369 3913 3714 3982 conjiceret.

2070 4001 2423 4056 Litterarum
2457 4002 2581 4056 haac
2604 4007 2731 4056 erat
2755 4003 3051 4057 sententia
3085 4019 3097 4055 :
3131 4001 3330 4055 Prisco
3354 4000 3716 4072 duciglorio-

2070 4090 2306 4145 sissimo
2333 4091 2732 4146 S.Formidare
2765 4091 3118 4146 sceleratum
3138 4090 3716 4146 Barbarorumeona-

2069 4183 2193 4234 tum
2226 4179 2368 4243 noli,
2404 4178 2546 4250 ipsis
2577 4180 2752 4235 exitio
2809 4197 2914 4234 suo
2946 4185 3236 4234 staturum
3268 4196 3280 4233 :
3313 4196 3523 4251 magno
3556 4181 3716 4234 enim

2067 4283 2174 4321 suo
2207 4285 2340 4322 cum
2374 4267 2662 4324 dedecore
2710 4269 3020 4341 Chaganus
3049 4269 3108 4323 in
3143 4274 3359 4323 terram
3405 4268 3514 4323 sibi
3549 4285 3582 4324 a
3612 4271 3717 4323 Ro-

2067 4356 2258 4411 manis
2290 4373 2634 4412 concessam
2660 4364 3004 4414 revertetur.
3038 4361 3158 4413 Tua
3206 4375 3342 4428 ergo
3372 4359 3718 4429 prmslantia

2067 4463 2168 4501 eos
2190 4447 2378 4502 otioso
2410 4447 2608 4502 animo
2639 4449 3016 4504 sustineatin
3063 4448 3332 4504 Tzurulo.
3393 4450 3506 4519 Ego
3553 4448 3712 4502 enim

2064 4556 2172 4610 per
2201 4555 2362 4594 mare
2393 4540 2591 4594 missis
2629 4542 2876 4613 navigiis
2907 4557 3111 4597 eorum
3143 4540 3399 4597 familias
3455 4542 3714 4612 captivas

305 4627 514 4697 Πέμπω
543 4606 642 4701 γὰρ
684 4625 774 4682 διὰ
809 4606 1086 4701 θαλάσσής
1138 4606 1330 4698 πλοῖα,
1358 4606 1491 4685 ’καί
1535 4633 1954 4708 αἰχμαλωτίζο-

2080 4629 2308 4697 ibduco,
2343 4635 2408 4684 ut
2437 4647 2570 4685 cum
2611 4630 2900 4686 dedecore
2941 4636 2998 4686 et
3055 4631 3272 4686 damno
3332 4648 3436 4687 suo
3469 4630 3711 4686 domum

306 4737 402 4790 μαι
427 4716 521 4777 τας
554 4715 821 4794 φαμιλίας
873 4717 1074 4789 αὐτῶν,
1134 4718 1222 4775 καὶ
1280 4721 1634 4795 ἀναγκάζεται
1693 4725 1810 4796 μετ’
1864 4724 1953 4779 αἰ-

302 4804 512 4883 σχύνης
538 4806 626 4860 καὶ
676 4803 876 4878 ζημίας
938 4806 1014 4871 εἷς
1069 4807 1136 4862 τὰ
1193 4805 1305 4862 ἴδια
1365 4809 1717 4885 ὑποστρέψαι.
1777 4813 1840 4869 Ὁ
1895 4810 1954 4868 δὲ

299 4894 543 4968 Χαγάνος
593 4897 867 4970 κρατήσας
925 4894 991 4949 τά
1045 4896 1342 4972 γράμματα
1396 4899 1484 4953 καὶ
1534 4898 1797 4976 ἀναγνοὺς
1865 4902 1949 4979 γί-

295 5003 442 5037 νεται
473 4980 749 5058 περιδεὴς,
782 4984 870 5039 καὶ
920 4987 1192 5056 συνθήκας
1223 4987 1358 5060 πρὸς
1413 4989 1505 5043 τὸν
1551 4989 1790 5066 ’Πρίσκον
1840 4989 1952 5046 δια-

301 5069 524 5142 θέμενος
555 5070 642 5125 καὶ
674 5070 988 5146 εἰρηνεύσας
1023 5071 1109 5128 ἐπὶ
1165 5071 1366 5149 δώροις
1407 5074 1619 5152 ὀλίγοις
1677 5079 1766 5133 καὶ
1825 5080 1950 5134 ἀνα-

296 5158 569 5234 ξιολὸγοις
605 5163 682 5223 είς
712 5163 812 5229 τὴν
838 5161 1034 5216 ἑαυτοῦ
1083 5160 1394 5237 έπανέζευξε
1424 5173 1527 5241 γῆν
1587 5167 1721 5240 μετὰ
1776 5177 1948 5246 φυγῆς

297 5268 570 5323 κραταιας.

2062 4721 2256 4777 redire
2290 4738 2439 4794 Opus
2471 4722 2704 4779 habeat.
2738 4725 3045 4796 Chaganus
3076 4739 3210 4780 cum
3246 4725 3307 4779 in
3356 4723 3587 4778 litteras
3618 4723 3709 4776 in-

2063 4808 2308 4864 cidisset
2337 4825 2555 4881 easque
2585 4809 2844 4882 legisset,
2868 4812 2929 4866 in
2963 4827 3240 4883 magnum
3271 4811 3428 4866 venit
3448 4815 3672 4865 metum
3699 4819 3716 4872 ;

2061 4914 2130 4954 ac
2159 4898 2365 4970 paucis
2395 4899 2753 4970 quibusdam
2787 4905 2845 4956 et
2871 4901 3098 4956 nullius
3128 4901 3302 4972 pretii
3345 4899 3520 4955 donis
3551 4913 3714 4954 acce-

2057 4987 2198 5057 ptis,
2227 5003 2371 5058 pace
2401 4990 2732 5060 composita
2759 4989 3000 5046 domum
3034 5007 3236 5046 versus
3267 4989 3463 5062 fugam
3515 5005 3707 5058 quan-

2061 5080 2184 5132 tum
2215 5075 2407 5148 potuit
2435 5076 2594 5133 fecit.

1475 5428 1837 5485 XYLANDRI
1875 5432 1962 5485 ET
2002 5432 2216 5488 GOARI
2259 5434 2483 5488 NOTAE.

291 5651 300 5656 _
365 5601 481 5668 (97)
514 5595 857 5678 Σιμοκάτξου
898 5598 1059 5678 ap_ud_
1111 5600 1365 5678 suidam
1399 5601 1621 5678 duplici
1650 5623 1702 5672 τ,
1733 5610 1940 5678 estque

295 5675 752 5742 cognomentum
764 5670 1180 5743 Theophylacti
1197 5670 1500 5744 sophistae:
1515 5670 1944 5742 Gaterumliaac

2052 5608 2334 5683 Cho‘sroze
2357 5609 2659 5681 praedictio
2693 5608 2944 5683 lucidior
2971 5609 3091 5664 fere
3107 5615 3194 5665 est
3223 5611 3378 5683 apud
3409 5613 3695 5666 Zonaram

2047 5681 2112 5754 et
2137 5680 2535 5753 Nicephorum
2569 5699 2583 5750 ;
2611 5698 2765 5747 xvni,
2797 5685 2884 5736 27.
2917 5681 3054 5736 XvL.
