4170 6204
444 386 566 447 763

1765 386 2088 448 GEORGII
2133 388 2493 450 CEDRENI

3743 392 3869 454 764

516 524 687 577 Anno
712 516 1050 584 undecimo,
1073 515 1310 571 Priscus
1373 533 1499 573 rem
1557 520 1768 573 contra
1823 515 2092 573 Slavinos

2275 518 2374 589 Τᾦ
2408 517 2474 573 ια’
2501 512 2632 589 ἔτει,
2666 519 2900 596 Ηρίσκος
2928 520 3185 598 μεγάλως
3243 520 3329 576 ἐπὶ
3390 527 3507 584 τοῖς
3540 518 3871 587 Σθλαϐίνοις

448 611 728 685 praclare
767 608 964 681 gessit,
998 623 1215 679 magna
1269 607 1422 663 698
1499 607 1896 664 Barbarorum
1940 608 2101 664 edita

450 707 662 774 strage.
719 698 937 754 Eodem
995 713 1157 752 anno
1215 697 1434 752 Paulus
1490 697 1872 769 imperatoris
1930 703 2102 769 pater

448 792 717 842 mortuus
749 792 839 842 est
867 786 1033 858 Cpoli
1059 806 1073 854 ;
1107 791 1168 843 et
1198 786 1511 842 Anastasia
1574 788 1858 859 Augusta,
1892 802 2101 843 socrus

766 892 917 931 uxor
943 876 1184 942 Tiberii,
1214 876 1447 948 sepulta
1478 882 1565 932 est
1588 876 1764 948 juxta
1792 877 2000 933 virum.

516 1062 689 1112 Anno
729 1058 816 1126 i2,
874 1056 1112 1111 Priscus
1174 1071 1384 1111 rursus
1432 1055 1767 1111 Danubium
1826 1059 2094 1127 occupat,

451 1146 825 1202 Slavinorum
847 1162 1018 1217 agros
1040 1145 1377 1218 populatur,
1414 1160 1811 1219 magnusque
1838 1146 2100 1218 impera-

447 1234 559 1290 tori
587 1234 853 1307 prmdam
873 1235 1076 1305 mittit,
1136 1239 1313 1306 atque
1367 1235 1441 1290 ab
1500 1251 1568 1290 eo
1598 1234 1661 1289 in
1706 1235 1934 1291 hostico
1974 1235 2098 1291 hio-

444 1339 609 1378 mare
620 1323 885 1394 jubetur.
922 1322 1139 1379 Eodem
1169 1339 1324 1379 anno
1354 1323 1721 1396 Philippicus
1747 1323 2096 1397 Chrysopoli

445 1412 821 1469 mansionem
852 1413 1120 1484 Deiparaa
1151 1412 1374 1481 condit,
1404 1416 1464 1468 et
1493 1412 1780 1485 palatium
1800 1413 1875 1469 ad
1906 1414 2095 1485 impe-

444 1505 705 1556 ratorem
761 1502 1007 1573 ejusque
1061 1500 1281 1556 liberos
1309 1501 1745 1573 excipiendum.
1797 1501 2095 1558 Piscinam

446 1606 683 1661 quoque
714 1595 772 1645 et
800 1590 1004 1645 hortos
1034 1590 1194 1659 facit,
1227 1595 1287 1646 et
1314 1590 1479 1662 Cpoli
1511 1591 1758 1647 domum
1807 1591 2092 1660 mdiﬁcat,

449 1694 582 1750 quas
612 1678 685 1734 ab
716 1694 784 1733 eo
807 1677 1123 1750 Philippici
1154 1677 1365 1734 domus
1389 1678 1628 1737 dicitur.

513 1948 680 2002 Anno
730 1947 815 2014 13,
864 1946 1121 2018 Byzantii
1171 1947 1232 2002 in
1291 1947 1576 2003 suburbio
1641 1952 1916 2004 monstra
1960 1953 2102 2004 sunt

444 2042 602 2103 nata,
636 2037 830 2093 infans
877 2037 1218 2109 quadrupes
1276 2042 1336 2093 et
1380 2037 1535 2094 alius
1592 2038 1814 2110 biceps.
1873 2039 2093 2093 Ferunt

359 2188 367 2203 ν
444 2125 570 2181 haac
599 2126 750 2181 nihil
780 2126 919 2181 boni
952 2126 1304 2197 portendere
1334 2126 1586 2183 urbibus
1627 2127 1689 2182 in
1747 2127 1963 2199 quibus
1992 2143 2096 2182 na-

444 2220 711 2271 scuntur.
756 2216 1102 2287 Imperatori
1162 2217 1363 2271 Prisco
1422 2232 1634 2272 munus
1691 2216 2097 2272 ducendamm

445 2303 748 2376 copiarum
772 2304 1034 2377 abrogat,
1069 2303 1250 2376 idque
1281 2304 1449 2359 fratri
1480 2321 1586 2360 suo
1644 2306 1818 2360 Petro
1849 2304 2098 2360 deman-

446 2392 567 2448 dat.

513 2572 634 2638 Hic,
666 2589 823 2628 anno
856 2573 943 2641 14,
968 2572 1234 2629 Slavinos
1265 2572 1508 2629 adortus
1557 2578 1667 2644 est,
1703 2574 1804 2645 qui
1836 2573 2097 2645 captivos

442 2678 513 2716 ex
547 2664 951 2718 Romanorum
983 2661 1208 2717 ditione
1240 2661 1579 2733 abige-bant.
1602 2662 1648 2716 li
1670 2661 1915 2733 captivis
1932 2677 2100 2718 neca-

442 2750 516 2805 tis
544 2750 697 2821 fugaa
729 2766 791 2805 se
834 2749 1131 2805 dederunt
1162 2765 1176 2815 ;
1236 2755 1298 2805 et
1345 2750 1593 2806 Romani
1653 2751 1858 2822 paucis
1888 2767 2093 2806 eorum

442 2838 632 2909 captis
662 2838 735 2892 ad
762 2854 871 2892 sua
898 2837 1227 2893 redierunt.
1262 2839 1382 2892 Hoc
1432 2855 1589 2894 anno
1644 2839 1970 2911 imperator
1996 2856 2096 2894 so-

439 2926 654 2981 larium
688 2927 1020 2998 Magnanraa
1079 2926 1405 2982 rotundum
1459 2927 1617 2994 fecit,
1677 2933 1737 2982 et
1784 2928 1846 2982 in
1902 2927 2099 2984 media

444 3014 582 3070 aula
620 3031 787 3070 suam
820 3014 1131 3071 collocavit
1184 3021 1463 3073 statuam.
1519 3018 1711 3087 Atque
1768 3016 1849 3071 ibi
1898 3033 2092 3073 arma-

444 3104 804 3159 mentarium
845 3105 1172 3162 constituit.
1226 3105 1503 3161 Condidit
1531 3106 1711 3161 etiam
1743 3106 1804 3161 in
1832 3107 1961 3162 loco
1992 3105 2095 3178 qui

442 3193 563 3247 Erii
594 3193 813 3249 dicitur
841 3193 1083 3249 domum
1112 3195 1175 3250 in
1207 3211 1325 3266 qua
1353 3211 1528 3250 senes
1556 3195 1817 3250 morbosi
1861 3195 2095 3251 aleren-

440 3289 558 3350 tur,
593 3282 751 3354 quod
779 3283 1063 3339 vivarium
1086 3290 1499 3355 sumptuosum
1545 3285 1698 3340 699
1751 3284 1993 3354 dicitur,
2025 3301 2096 3340 eo

439 3371 597 3442 quod
627 3388 662 3426 a
691 3371 945 3427 Slavinis
992 3378 1321 3428 crematum
1351 3372 1411 3427 id
1464 3372 1679 3440 fuerat,
1724 3374 1887 3444 quod
1938 3373 2097 3447 ligno

441 3464 569 3514 erat
598 3465 838 3514 tectum.
873 3459 1089 3515 Multos
1145 3461 1197 3515 ei
1259 3460 1660 3533 suppeditavit
1716 3467 1990 3534 sumptus
2023 3463 2098 3520 ad

440 3548 865 3604 sustentandos
895 3549 1121 3605 morbis
1142 3550 1442 3606 confectos
1471 3550 1705 3607 fratres.

514 3729 683 3783 Anno
714 3728 801 3796 15,
836 3729 1161 3800 imperator
1216 3732 1478 3799 Petrum,
1535 3728 1695 3801 quod
1753 3731 1883 3803 ejus
1921 3731 2098 3804 culpa

437 3817 735 3873 exercitus
770 3834 806 3873 a
847 3818 1100 3874 Slavinis
1159 3824 1316 3875 esset
1370 3819 1623 3887 deletus,
1679 3819 1809 3875 loco
1868 3825 2095 3887 movet,

436 3924 764 3979 rursusque
821 3909 1090 3964 Priscum
1149 3926 1285 3965 cum
1359 3909 1611 3980 imperio
1671 3910 1731 3964 in
1779 3910 2096 3966 Thraciam

446 3998 651 4055 mittit.

514 4095 684 4145 Anno
715 4092 805 4157 16,
835 4091 1044 4146 Petrus
1074 4091 1452 4164 imperatoris
1498 4090 1683 4146 frater
1739 4090 1927 4146 eadem
1963 4091 2096 4147 Dei-

441 4198 601 4252 paraa
651 4181 1108 4238 Areobindicam
1171 4182 1457 4250 condidit,
1543 4186 1603 4237 et
1646 4182 1946 4255 Cyriacus,
1993 4183 2095 4253 qui

442 4268 650 4322 Joanni
675 4269 1003 4339 Jejunatori
1033 4269 1338 4339 successit,
1372 4269 1758 4326 Diaconissua.

514 4532 684 4587 Anno
720 4536 803 4601 i7,
864 4536 1185 4592 contractis
1236 4537 1361 4593 suis
1418 4536 1603 4609 copiis
1666 4537 1976 4611 Chaganus
2031 4539 2095 4594 in

2128 1890 2176 1958 Β
2206 1850 2494 1958 Nigrino?»

2210 603 2591 682 ἠνδραγάθησε
2616 608 2707 663 καὶ
2748 610 2913 683 φόνον
2943 607 3119 665 πολὺν
3172 615 3280 666 τῶν
3314 606 3611 686 Βαρϐάρων
3672 610 3866 686 εἰργά-

2211 714 2362 751 σατο.
2406 697 2500 768 Τῷ
2528 697 2677 771 αὐτῷ
2704 692 2813 754 ἔτει
2843 696 3058 760 Παῦλος
3116 700 3146 755 6
3199 704 3300 755 τοῦ
3354 698 3627 774 βασιλέως
3684 702 3867 773 πατὴρ

2210 784 2555 856 ἐτελεύτησεν
2602 788 2659 843 ἓν
2718 787 3286 846 Κωνσταντινουπόλει
3318 833 3334 860 ,
3393 791 3485 846 καὶ
3537 790 3869 847 ’Δναστασία

2210 872 2495 949 Αὖγοῦστα
2525 878 2560 945 ἡ
2593 877 2820 953 πενθερὰ
2877 876 3205 953 Μαυρικίου,
3263 879 3401 955 γυνή
3468 875 3526 934 δὲ
3583 873 3865 953 Τιϐερίου,

2210 963 2300 1019 καὶ
2330 964 2498 1044 ἐτάφη
2534 968 2670 1040 μετᾶ
2697 971 2794 1023 τοῦ
2823 964 3017 1041 ἀνδρὸς
3047 967 3238 1038 αὐτῆς.

2280 1056 2376 1126 Τῷ
2408 1056 2481 1130 ιβ’
2510 1049 2639 1124 ἔτει,
2668 1060 2770 1111 τοῦ
2820 1057 3058 1131 Πρίσκου
3086 1054 3252 1112 πάλιν
3278 1058 3372 1112 τὸν
3430 1058 3641 1132 Ἵστρον
3699 1077 3869 1113 κατα-

2208 1138 2476 1207 λαϐόντος
2499 1145 2592 1200 καὶ
2639 1145 2709 1202 τὰ
2764 1141 3079 1210 Σθλαϐίνων
3133 1144 3258 1216 ἔθνη
3317 1144 3739 1221 πραιδεύσαντος
3771 1146 3867 1202 καὶ

2196 1232 2428 1303 πολλὴν
2476 1231 2875 1310 αἰχμαλωσίαν
2910 1240 2992 1309 τῷ
3020 1234 3241 1310 βασιλεῖ
3293 1237 3635 1311 πέμψαντος,
3664 1236 3863 1315 γράφει

2205 1322 2353 1396 αὖτῷ
2378 1323 2552 1380 ἐκεῖσε
2578 1326 3011 1402 παραχειμάσαι.
3061 1330 3152 1399 Τῷ
3204 1322 3254 1380 δ’
3298 1323 3453 1399 ab“?
3502 1323 3617 1382 ἔτει
3644 1323 3865 1383 Φιλιπ-

2205 1414 2365 1476 πικὸς
2416 1415 2588 1484 κτίζει
2632 1415 2733 1483 τὴν
2791 1414 2844 1469 ἐν
2900 1413 3276 1490 Χρυσουπόλει
3334 1416 3510 1489 μονὴν
3562 1421 3668 1486 τῆς
3724 1435 3873 1471 πιν-

2204 1502 2476 1578 αχράντου
2514 1502 2783 1559 Θεοτόκου
2820 1503 2914 1559 καὶ
2950 1504 3017 1559 τὰ
3068 1502 3311 1560 παλάτια
3373 1504 3511 1579 πρὸς
3564 1504 3628 1559 τὸ
3663 1500 3867 1559 61:086-

2205 1602 2397 1666 χεσθαι
2427 1593 2519 1647 τὸν
2555 1591 2783 1668 βασιλεα
2827 1592 2918 1649 καὶ
2947 1594 3015 1649 τὰ
3044 1591 3204 1650 τέκνα
3258 1594 3449 1663 αὐτοῦ,
3498 1595 3737 1664 ποιήσας
3765 1596 3867 1649 καὶ

2204 1681 2621 1760 ἰχθυοτροφεῖον
2678 1683 2769 1737 καὶ
2825 1680 3209 1758 παραδείσους.
3266 1684 3366 1741 Καὶ
3426 1681 3481 1739 ἐν
3521 1685 3869 1740 Κωνσταντι-

2200 1769 2460 1827 νουπόλει
2493 1767 2551 1827 δὲ
2578 1767 2756 1827 ἔκτισε
2797 1772 2891 1827 τὸν
2946 1771 3100 1828 οἶκον
3152 1771 3246 1827 τὸν
3303 1769 3600 1847 λεγόμενον
3628 1775 3729 1828 τοῦ
3757 1777 3870 1827 Φι-

2277 1941 2374 2013 Τῷ
2459 1942 2525 2017 ιγ’
2610 1937 2739 2013 ἔτει,
2797 1941 2874 2004 εἷς
2922 1943 2993 1998 τὰ
3046 1945 3145 1998 τοῦ
3212 1941 3512 2012 Βυζαντίου
3568 1940 3875 2016 προάστεια

2205 2030 2477 2086 τίκτονται
2536 2029 2751 2106 τέρατα,
2802 2028 3021 2087 παιδίον
3079 2032 3379 2106 τετράπουν
3437 2029 3531 2086 καὶ
3590 2028 3732 2087 ἄλλο
3780 2027 3871 2084 δι-

2205 2118 2441 2198 κόρυφον
2477 2138 2490 2153 ’
2550 2118 2770 2195 λέγεται
2854 2116 2914 2175 δὲ
2999 2121 3077 2194 μὴ
3158 2119 3442 2193 σημαίνειν
3511 2119 3689 2192 ἀγαθὰ
3740 2124 3871 2182 ταῖς

2205 2205 2427 2263 πόλεσιν
2460 2206 2513 2263 ἐν
2545 2210 2631 2270 αἷς
2689 2207 2931 2284 γίνονται
2986 2213 3174 2264 ταῦτα.
3230 2207 3337 2265 Καὶ
3377 2209 3405 2263 6
3438 2206 3696 2280 βασιλεὺς
3728 2207 3868 2284 Πρίο

2206 2316 2333 2352 σκον
2356 2303 2454 2367 τῆς
2500 2296 2831 2374 στρατηγίας
2885 2295 3175 2354 ἀποπαύει.
3233 2295 3440 2372 Πέτρον
3498 2294 3558 2351 δὲ
3608 2296 3700 2352 τὸν
3729 2297 3864 2351 ἑαυ-

2203 2389 2302 2441 τοῦ
2359 2383 2593 2465 ἀδελφὸν
2685 2385 2986 2463 στρατηγὸν
3061 2392 3161 2455 τῆς
3235 2382 3522 2459 δυνάμεως
3572 2385 3867 2458 Ῥωμαίων

2204 2495 2377 2531 ποιει.

2275 2568 2366 2637 Τῷ
2399 2562 2463 2620 ιδ’
2490 2558 2621 2637 ἔτει,
2680 2565 2884 2640 Ιιὲτρος
2915 2566 2944 2620 ὁ
2976 2565 3280 2642 στρατηγὸς
3337 2565 3465 2625 τοὺς
3524 2558 3873 2628 Σθλαὸίνους

2203 2652 2631 2732 ἰπιφερομένους
2687 2655 3009 2728 Ῥωμαϊκὴν
3068 2651 3456 2728 αἰχμαλωσίαν
3515 2651 3723 2727 τρέπει,
3770 2651 3871 2707 καὶ

2206 2745 2258 2799 οἱ
2288 2739 2568 2819 Βάρϐαροι
2598 2743 2697 2812 τὴν
2731 2742 3122 2821 αἰχμαλωσίαν
3180 2742 3582 2820 ἀποσφάξαντες
3637 2737 3865 2819 ἔφυγον·

2205 2831 2425 2908 ὀλίγους
2456 2829 2514 2888 δὲ
2547 2832 2638 2888 καὶ
2696 2833 2749 2887 οἱ
2776 2834 3043 2906 Ῥωμαῖοι
3100 2834 3464 2907 κρατήσαντες
3519 2830 3607 2887 ἐπὶ
3636 2830 3704 2886 τὰ
3729 2835 3870 2886 Ῥω-

2209 2922 2383 2997 μαϊκὰ
2414 2923 2773 2997 ὑπέστρεψαν.
2828 2924 2925 2995 Τῷ
2982 2919 3028 2977 δ’
3086 2921 3233 2995 αὐτῷ
3289 2919 3396 2978 ἔτει
3450 2918 3654 2976 ἔκτισεν
3683 2921 3714 2975 6
3755 2920 3867 2995 βα-

2206 3008 2388 3073 σιλεὺς
2417 3012 2508 3069 τὸν
2555 3009 2859 3088 στργγύλον
2905 3009 3138 3081 ἡλιακὸν
3194 3016 3296 3080 τῆς
3351 3010 3670 3087 Μαγναύρας
3726 3011 3867 3083 (98),

2208 3101 2408 3172 στήσας
2461 3098 2516 3156 ἐν
2545 3104 2626 3173 τῷ
2659 3097 2942 3174 μεσαυλίῳ
2995 3101 3098 3170 τὴν
3156 3097 3296 3154 ἰδίαν
3353 3098 3589 3171 στήλην,
3630 3097 3722 3152 καὶ
3754 3099 3869 3153 ἀπ-

2206 3191 2397 3261 ἑθηκεν
2458 3185 2572 3245 ἔκεῖ
2607 3189 2671 3245 τὸ
2719 3186 3069 3263 ἆρμαμὲντον
3105 3191 3237 3261 (99).
3275 3190 3361 3262 [P.
3394 3189 3523 3263 399]
3552 3189 3771 3246 Ἔκτισε
3803 3184 3869 3242 δὲ

2127 3265 2171 3333 C
2204 3279 2294 3336 καὶ
2345 3279 2409 3335 τὸ
2462 3273 2662 3334 λωϐῶν
2718 3280 2797 3351 (1)
2829 3282 3203 3352 γηροκομεῖον
3263 3276 3340 3339 είς
3394 3277 3463 3333 τὰ
3494 3278 3508 3300 ’
3537 3276 3731 3352 Ηρίου,
3791 3277 3863 3332 τὸ

2205 3368 2500 3445 λεγόμενον
2559 3372 2657 3424 τοῦ
2715 3371 2951 3438 ζωτικοῦ
3007 3364 3316 3446 ἐγχόρηγον
3348 3370 3449 3439 (2),
3501 3362 3594 3421 διὰ
3646 3366 3710 3421 τὸ
3754 3366 3865 3422 ὑπὸ

2199 3463 2309 3514 τῶν
2343 3451 2662 3522 Σθλαὸίνων
2728 3458 2922 3525 καῆναι
2989 3454 3307 3531 ξυλόστεγον
3339 3455 3424 3525 ὃν,
3454 3453 3545 3510 καὶ
3573 3452 3764 3511 πολλᾶ
3799 3452 3865 3511 ἓν

2201 3547 2354 3620 αὐτῷ
2382 3546 2697 3625 ἐχορήγησε
2749 3544 2889 3619 πρὸς
2930 3545 3216 3619 θεραπείαν
3269 3547 3378 3599 τῶν
3436 3539 3637 3600 λωϐὦν
3692 3540 3865 3599 ἀδελ-

2203 3656 2367 3797 φωνιῖἓρ
2407 3726 2466 3780 ιε’
2494 3718 2599 3780 ἔτει
2647 3722 2847 3797 Πέτρος
2900 3726 3083 3785 κακῶς
3141 3722 3245 3779 ὑπὸ
3303 3726 3412 3777 τῶν
3482 3717 3762 3788 Σθαϐίνων
3790 3723 3864 3778 τὸ

2202 3814 2512 3890 στράτευμα
2548 3811 2809 3892 ἀφανίσας
2872 3808 3183 3886 διαδὶχεται
3242 3812 3348 3866 υπὸ
3404 3815 3503 3866 τοῦ
3563 3810 3863 3889 βασιλέως,

2199 3904 2289 3961 καὶ
2364 3901 2530 3959 πάλιν
2579 3900 2815 3976 Πρίσκος
2900 3901 3203 3975 στρατηγὸς
3289 3899 3507 3976 Θράκης
3593 3899 3869 3956 αποστέλ-

2202 3994 2374 4156 λεῗῖζ
2401 4087 2465 4146 ις’
2515 4078 2622 4136 ἔτει
2683 4079 2882 4156 Πέτρος
2943 4079 2972 4133 6
3031 4075 3266 4158 ἀδελφὸς
3323 4078 3626 4154 Μαυρικίου
3679 4077 3864 4135 ἔκτισε

2198 4173 2291 4230 τὸν
2319 4172 2446 4228 ναὸν
2482 4176 2585 4241 τῆς
2645 4168 2937 4244 ὑπεραγίας
2995 4168 3261 4224 Θεοτόκου
3325 4171 3421 4223 τοῦ
3479 4163 3865 4244 ’Δρεοόίνδου.

2200 4258 2438 4337 Ὀμοίως
2495 4259 2586 4316 καὶ
2643 4257 2907 4334 Κυριακὸς
2963 4258 2992 4311 ὁ
3038 4257 3390 4332 πατριάρχης
3437 4258 3506 4313 τὰ
3558 4257 3867 4314 Διακονίσ-

2200 4374 2301 4424 σης
2329 4354 2425 4424 (3),
2485 4344 2747 4423 διάδοχος
2794 4345 3086 4423 γενόμενος
3144 4345 3398 4403 Ἰωάννου
3452 4351 3552 4402 τοῦ
3606 4349 3868 4419 Nnc-uo-

2196 4463 2359 4603 ωξῷ
2390 4534 2453 4598 ιζ’
2480 4525 2584 4585 ἔτει
2635 4524 2990 4601 συναθροίσας
3023 4524 3052 4579 6
3083 4524 3331 4599 Χαγάνος
3358 4529 3454 4587 τᾶς
3508 4525 3633 4598 περὶ
3688 4523 3865 4581 αὐτὸν

445 4620 797 4678 Dalmatiam
828 4625 1128 4695 profectus
1160 4626 1400 4682 Balbam
1423 4630 1482 4682 et
1504 4626 1726 4682 vicinas
1756 4628 1983 4683 circum
2016 4630 2086 4683 40

2210 4620 2455 4694 Βυνάμεις
2483 4614 2571 4672 ἐπὶ
2617 4614 2715 4684 τήν
2771 4611 3084 4686 Δαλματίαν
3141 4610 3418 4688 ἑχώρησε,
3473 4611 3563 4667 καὶ
3619 4611 3872 4669 uacula;

439 4711 622 4767 urbes
651 4720 902 4785 occupat
927 4728 995 4770 ac
1025 4714 1246 4786 diripit.
1279 4716 1404 4781 Qua
1434 4714 1505 4770 de
1535 4731 1597 4770 re
1627 4717 1848 4771 certior
1900 4716 2091 4774 factus

2210 4705 2310 4765 5a'w
2340 4706 2439 4775 τὴν
2489 4696 2709 4772 Βάλϐην
2765 4698 2856 4755 καὶ
2912 4698 3011 4761 τὰς
3067 4697 3190 4772 περὶ
3247 4696 3416 4767 αὐτὴν
3454 4699 3861 4776 τεσσαράκοντα

438 4798 678 4857 Priscus
709 4800 1016 4858 Gunduem
1039 4802 1411 4873 exploratum
1453 4801 1658 4858 mittit.
1718 4804 1773 4858 Is
1829 4819 1964 4859 cum
2020 4803 2084 4859 in

444 4889 728 4946 Barbaros
749 4890 1061 4948 incidisset
1088 4908 1194 4963 per
1224 4891 1423 4948 fauces
1452 4891 1567 4946 iter
1608 4891 1917 4958 facientes,
1938 4892 2088 4948 duos

439 4996 509 5035 ex
538 4980 612 5037 iis
643 4981 776 5036 vino
808 4981 1052 5038 obrutos
1081 4981 1241 5054 capit
1273 4997 1287 5049 ;
1321 4996 1391 5036 ex
1420 4979 1612 5052 iisque
1658 4980 1837 5037 discit
1863 4981 2087 5055 Chaga-

2193 4796 2384 4857 πόλεις
2441 4792 2639 4853 ταύτας
2703 4787 3022 4862 ἐπόρθησεν.
3062 4790 3117 4840 '0
3148 4783 3206 4841 δὲ
3238 4784 3473 4861 Πρίσκος
3527 4791 3697 4843 ταῦτα
3755 4809 3864 4862 μα..

2194 4889 2301 4943 θὼν
2358 4878 2669 4949 Γουνδούην
2749 4875 2838 4932 ἐπὶ
2914 4878 3234 4949 κατασκοπῇ
3290 4879 3402 4931 τῶν
3460 4876 3860 4951 πραττομένων

2195 4973 2535 5035 ἀπέστειλεν⁸
2565 4969 2625 5031 ’ὀς
2654 4961 2985 5023 καταλαϐὼν
3025 4964 3155 5028 τοὺς
3212 4959 3541 5042 Βαρϐάρους
3587 4964 3681 5023 διὰ
3730 4965 3864 5024 δυσ..

1611 5097 1988 5155 XYLANDRI
2027 5098 2115 5153 ET
2154 5094 2374 5152 GOARI
2410 5088 2636 5145 NOTAE.

510 5215 625 5285 (98)
654 5214 1066 5286 Luitprandus,
1095 5231 1168 5283 vi,
1202 5217 1235 5268 2
1270 5230 1283 5267 :
1315 5215 1412 5269 Est
1460 5214 1837 5286 Cpolidomus
1870 5214 2084 5285 palatio

441 5289 704 5371 e‘ontigua
732 5285 888 5371 mira:
919 5287 1332 5371 magnitudinis
1351 5300 1414 5340 ac
1437 5285 1879 5367 puchritudinis,
1902 5299 2032 5356 qua:
2051 5301 2086 5339 a

440 5354 659 5419 Graecis,
694 5375 722 5427 ρ
763 5357 878 5412 loco
926 5354 959 5410 λ
1011 5354 1215 5429 posito,
1274 5354 1602 5429 Magnaura,
1663 5357 1825 5428 quasi
1880 5354 2087 5428 inagna

436 5440 599 5487 aura,
631 5443 732 5495 pro
761 5429 913 5494 aula,
944 5429 1176 5485 dicitur
1210 5429 1399 5495 Cosa,

514 5494 1031 5570 (99)-Ἀρμαμέντον
1075 5497 1358 5570 δημοσίων
1372 5494 1562 5554 ὅπλων
1594 5501 1780 5556 locus.
1810 5498 2090 5556 Iustinia-

443 5582 576 5635 uus,
610 5567 746 5635 Nov1
774 5567 861 5626 85.
896 5570 1071 5626 Goan.

513 5631 588 5709 (1⁷)
620 5631 817 5713 Λωᾷήν
849 5656 960 5713 pro
996 5640 1164 5713 lepra
1191 5658 1347 5713 saepe
1376 5640 1612 5713 ‘Noster
1642 5641 1844 5712 sumit,
1905 5646 1973 5696 ut
2027 5640 2091 5696 in

438 5708 826 5765 Constantino
850 5708 1077 5766 'etiam'
1115 5708 1545 5769 annotavimus.
1602 5708 1835 5785 Itaque
1860 5717 2092 5769 vertere

2194 5208 2386 5283 possis
2415 5207 2683 5277 leprosos
2710 5216 2883 5283 senes
2912 5199 3224 5283 et‘fra'tres.
3258 5199 3640 5283 Verum_ergo
3671 5200 3731 5255 in
3758 5201 3859 5283 bis

2194 5270 2519 5345 omnibus,
2579 5272 2740 5346 quod
2786 5276 2993 5346 essent
3042 5270 3316 5346 obscura,
3372 5270 3616 5327 verbum
3673 5273 3854 5329 verbo

2196 5351 2431 5416 extulit,
2462 5341 2528 5403 ut
2555 5341 2914 5419 petitoribus
2944 5341 3320 5419 conjectandi
3363 5348 3522 5398 esset
3576 5346 3851 5401 materia.

2193 5425 2331 5481 XvL.
2364 5415 2433 5463 ‘—-¥
2466 5415 2707 5491 Repone
2742 5416 3098 5491 leprosorum.
3136 5415 3309 5469 GOAB.

2267 5498 2347 5565 (2)
2389 5484 2720 5561 Sump‘tuum
2777 5484 2852 5541 ad
2903 5485 3076 5542 vitam
3140 5484 3569 5542 necessariorum
3618 5502 3853 5559 penum.

2199 5567 2374 5622 Gon.

2270 5636 2347 5709 (3)
2378 5628 2700 5709 Areobindi
2748 5632 2809 5685 et
2840 5626 3194 5709 Di_a_co_nissm
3251 5627 3611 5700 templorum
3643 5628 3854 5688 memi-

2201 5699 2292 5765 nit
2319 5699 2380 5765 et
2406 5701 2672 5776 Niceph.,
2700 5714 2859 5771 mn,
2888 5701 2979 5757 42.
3009 5699 3157 5755 Χη.
