4170 6204
325 358 442 418 763

1473 364 2018 425 HISTORIARUM
2066 365 2613 428 COMPENDIUM.

3623 367 3740 426 766

323 485 506 546 ϐάτων
565 491 791 566 χωρίων
871 489 1191 566 βαδίζοντας
1224 533 1239 561 ,
1297 496 1682 573 περιτυγχάνει
1771 493 1866 551 δύο
1923 494 1974 569 ἐξ

2098 515 2234 556 num
2265 499 2355 555 bis
2387 501 2552 556 mille
2585 500 2828 556 armatis
2861 500 3119 572 praedam
3156 501 3394 556 domum
3443 501 3745 557 abducen-

320 581 498 635 αὐτῶν
529 584 610 652 τῷ
653 577 788 652 οἷ’νῳ
849 583 1288 654 κεκαρωμένους,
1343 582 1398 637 οἳ
1457 583 1548 638 καὶ
1605 579 1801 662 ἔφασαν
1859 582 1978 640 δισ-

325 667 538 749 χιλίοις
596 669 847 730 ὁπλίταις
929 672 1029 740 τήν
1109 669 1499 749 αἰχμαλωσίαν
1573 674 1663 727 τὸν
1727 675 1978 750 Χαγάνον

322 755 766 831 παραδεδωκέναι
796 757 887 814 καὶ
917 758 1056 833 πρός
1083 759 1150 814 τὰ
1190 759 1369 815 οῗκεῖα
1423 761 1766 819 ἀποστεῖλαι.
1801 765 1983 820 Ταῦτα

322 849 350 903 ὁ
384 845 694 919 Γουνδούης
758 849 1096 923 μεμαθηκὼς
1167 850 1460 926 κρύπτεται
1545 849 1599 906 ἐν
1661 857 1828 927 μικρᾷ
1879 853 1978 925 φά-

325 956 506 1012 ραγγι,
539 938 626 992 καὶ
663 937 884 1001 ἑωθινὸς
940 937 1027 992 ἐπὶ
1084 939 1150 993 τά
1214 942 1362 993 νῶτα
1417 938 1626 995 τούτων
1689 941 1978 1016 γενόμενος

2093 589 2227 644 dam
2258 593 2682 647 commississe.
2718 593 2796 646 Eo
2828 592 3062 664 cognito
3098 592 3156 646 in
3189 599 3438 664 angusta
3489 592 3746 662 quadam

2093 695 2156 734 se
2177 679 2342 734 abdit
2389 682 2673 746 convalle,
2736 698 2804 736 ac
2862 697 3096 736 manea
3155 688 3314 752 tergo
3359 698 3458 735 eos
3507 683 3746 736 adortus

2090 768 2402 823 universos
2433 770 2733 838 interficit,
2785 770 3167 842 praedamque
3211 769 3285 824 ad
3335 771 3594 824 Priscum
3642 769 3748 824 ad-

2089 855 2272 913 ducit.
2302 858 2611 931 Chaganus
2661 859 3008 914 frustratum
3063 875 3124 914 se
3177 875 3454 914 successu
3486 859 3750 914 sentiens

2089 943 2330 1001 domum
2361 947 2527 1003 abiit.
2562 947 2724 1002 Idem
2759 954 2817 1001 et
2846 948 3082 1002 Priscus
3109 947 3268 1010 fecit,

321 1024 537 1101 ἀθρόως
561 1027 766 1088 πάντας
832 1023 1019 1082 ἀνεῖλε
1077 1025 1166 1081 καὶ
1219 1028 1319 1096 τήν
1381 1026 1768 1106 αἰχμαλωσίαν
1821 1031 1958 1104 πρὸς
2008 1031 2100 1086 τὸν
2173 1033 2404 1106 Πρίσκον
2459 1035 2678 1110 ἤγαγεν.
2735 1035 2796 1090 Ὀ
2853 1032 2912 1088 δὲ
2962 1035 3210 1109 Χαγάνος
3264 1035 3330 1088 τὰ
3380 1042 3480 1103 τῆς
3540 1035 3746 1089 ἀποτυ-

321 1117 454 1190 χίας
492 1115 675 1188 μαθὼν
709 1116 785 1176 εἷς
813 1117 915 1185 τὴν
946 1116 1138 1187 ἑαυτορ
1170 1115 1482 1190 ἐπανὲζευξε
1513 1117 1725 1197 χώραν,
1759 1118 1846 1173 καὶ
1880 1119 1908 1173 6
1951 1118 2184 1193 Πρίσκος
2219 1122 2542 1195 ὑπέστρεψεν
2577 1121 2650 1183 εἲς
2679 1123 2744 1176 τὰ
2777 1120 2916 1177 ἴδια.

391 1205 487 1258 Καὶ
519 1209 600 1276 τῷ
633 1205 702 1274 ιη’
733 1199 836 1258 ἔτει
872 1199 1057 1258 λαϐὼν
1100 1204 1194 1266 τὰς
1250 1201 1506 1278 δυνάμεις
1564 1206 1653 1260 ἒπὶ
1689 1208 1787 1276 τήν
1823 1213 1977 1280 Σιγι-

321 1293 465 1350 δῶνα
522 1292 890 1368 παραγίνεται.
927 1293 990 1350 Ὀ
1049 1290 1106 1348 δὲ
1158 1293 1408 1368 Χαγάνος
1467 1295 1820 1370 συναθροίσας
1873 1299 1975 1366 τήν

319 1385 514 1439 ἑαυτοῦ
547 1380 774 1454 δύναμιν
821 1379 969 1460 ἄφνω
1027 1387 1096 1456 τῇ
1157 1381 1340 1454 Μυσίᾳ
1391 1383 1690 1460 ἐφίσταται.
1747 1386 1862 1454 Τῆς
1923 1382 1981 1441 δὲ

318 1473 514 1542 ἑορτῆς
543 1473 640 1524 τοῦ
701 1471 893 1545 Πάσχα
946 1465 1365 1541 καταλαϐούσης
1423 1471 1727 1550 ἀμφότεροι
1760 1473 1876 1545 μετ’
1902 1471 1976 1527 εἴ·

313 1562 490 1632 ρήνης
525 1558 829 1633 ἡσύχασανο
884 1557 979 1613 καὶ
1035 1565 1136 1627 τῆς
1191 1559 1386 1632 ἑορτῆς
1441 1558 1832 1632 πληρωθείσης
1863 1558 1981 1616 δια-

311 1649 650 1724 χωρίζονται
712 1647 817 1702 ἀπὸ
874 1651 982 1703 τῶν
1039 1647 1336 1721 Ῥωμαίων
1418 1649 1470 1703 οἱ
1531 1643 1834 1724 Βάρῦαροι,
1890 1649 1981 1706 καὶ

309 1735 580 1794 ποικίλον
624 1733 874 1811 διωγμοῦ
904 1736 953 1806 ἐξ
989 1735 1256 1808 ἀλλήλων
1303 1742 1414 1792 τῶν
1476 1743 1654 1814 μερῶν
1686 1738 1984 1814 γενομένου

318 1826 539 1896 πλῆθος
573 1825 861 1899 Ῥωμαίων
893 1827 958 1881 τὸ
999 1827 1094 1898 μὲν
1125 1827 1578 1904 κατασφάττεται,
1607 1827 1670 1883 τὸ
1724 1825 1782 1883 δὲ
1811 1828 1982 1904 αἰχμ-

317 1914 672 1986 αλωτίζεται.
713 1915 854 1972 Τότε
910 1911 979 1983 δὴ
1011 1916 1040 1970 6
1072 1916 1317 1989 Χαγάνος
1375 1916 1512 1971 κατὰ
1571 1918 1879 1990 Μαυρικίου
1909 1918 1984 1977 ὡς

324 2004 502 2060 αἰτίου
533 2011 633 2074 τῆς
664 2011 877 2080 σφαγῆς
931 2008 1028 2059 τοῦ
1089 2002 1228 2060 λαοῦ
1257 2000 1538 2060 καταϐοῶν
1600 2009 1719 2061 εἷπε
1773 2004 1977 2061 διδόναι

322 2097 450 2156 τοὺς
494 2093 891 2170 αἰχμαλώτους
956 2095 1057 2150 ἀνᾶ
1113 2095 1477 2169 νομίσματος,
1535 2097 1623 2152 καὶ
1665 2095 1830 2152 πάλιν
1883 2094 1979 2151 δύο

323 2190 418 2241 τοῦ
447 2186 808 2257 νομίσματος,
839 2186 930 2238 καί
985 2183 1152 2240 πάλιν
1213 2187 1312 2240 ἀνᾶ
1341 2187 1562 2261 κεράτια
1594 2183 1640 2240 δ’
1673 2189 1766 2260 (4).
1801 2187 1863 2243 Ὀ
1922 2183 1980 2240 δὲ

325 2274 624 2349 Μαυρίκιος
685 2271 812 2328 οὐδὲ
873 2272 1047 2336 οὕτως
1105 2274 1330 2336 τούτους
1388 2273 1658 2346 ἠθέλησεν
1696 2276 1976 2352 ἀγοράσαι.

321 2365 480 2421 “Ὀθεν
522 2363 796 2436 θυμωθεὶς
828 2365 856 2418 6
891 2364 1136 2438 Χαγάνος
1189 2363 1394 2428 πάντας
1448 2362 1769 2422 ἀπέκτεινεν.
1809 2369 1976 2420 Ἦσαν

327 2449 385 2506 δὲ
414 2449 666 2526 χιλιάδες
719 2453 810 2527 ιβ’,
873 2447 1221 2522 ἀναϐιϐάζετο
1280 2449 1337 2507 δὲ
1390 2455 1424 2522 ἡ
1477 2454 1615 2527 τιμή
1675 2453 1852 2508 αὐτῶν
1880 2453 1979 2508 ἀνὰ

329 2539 682 2615 μιλιαρισίων
744 2538 840 2596 δύο
909 2542 1221 2618 ’βθλγ“(5).
1292 2542 1388 2596 Καὶ
1449 2543 1626 2604 οὕτως
1683 2543 1980 2613 ποιήσαςὸ

323 2632 580 2706 Χαγάνος
627 2630 703 2695 εἷς
757 2632 826 2685 τὰ
893 2629 1005 2686 ἴδια
1065 2631 1382 2706 ὑπέστρεψε,
1440 2633 1486 2684 ν’
1545 2629 1804 2708 χιλιάδας
1860 2638 1980 2694 ταῖς

320 2719 610 2792 Ῥωμαίων
671 2718 928 2782 σπονδαῖς
987 2720 1209 2784 ἐπιθείς.
1267 2722 1329 2778 Ὀ
1386 2718 1442 2776 δὲ
1497 2723 1724 2795 στρατὸς
1775 2715 1983 2796 ἔπεμψε

323 2809 458 2865 κατά
517 2809 934 2883 Κομμεντιόλου
1016 2811 1092 2872 ὡς
1161 2807 1455 2884 προδοσίαν
1507 2808 1559 2864 ἐν
1612 2815 1694 2883 τῷ
1749 2809 1983 2884 πολέμῳ

322 2902 684 2971 ποιήσαντος,
718 2899 768 2955 ἐν
804 2900 887 2961 οἷς
917 2901 984 2969 ἦν
1046 2899 1138 2954 καὶ
1197 2905 1423 2972 Φωκᾶς,
1481 2900 1541 2964 ’ὀς
1595 2897 1983 2977 διαλεγόμενος

317 2993 398 3060 τῷ
429 2987 648 3064 βασιλεῖ
679 2991 917 3064 βριαρῶς
948 2987 1126 3061 τούτῳ
1173 2987 1455 3066 ἀντέλεγεν
1517 2989 1571 3044 έν
1621 2994 1704 3062 τῷ
1764 2987 1984 3044 σελεν-

321 3078 423 3151 τίῳ
587 3077 685 3136 Καί
718 3100 802 3142 τις
829 3082 939 3134 τῶν
970 3078 1271 3146 πατρικίων
1302 3083 1494 3134 τοῦτον
1547 3080 1632 3152 [Ρ.
1667 3082 1794 3150 400]
1825 3077 1982 3156 ἐῤῥά-

320 3187 446 3222 πισε
473 3167 562 3221 καὶ
609 3167 700 3222 τὸν
761 3168 1003 3243 πώγωνα
1058 3165 1310 3238 ἐξέτιλεν,
1345 3168 1372 3222 6
1407 3165 1462 3222 δὲ
1495 3167 1754 3242 βασιλεὺς
1790 3172 1982 3228 τοῦτον

321 3255 593 3330 ἄπρακτον
623 3255 910 3312 ἀπέλυσεν.
969 3257 1063 3312 Ἐκ
1119 3256 1317 3310 τούτου
1367 3257 1457 3310 καὶ
1489 3257 1524 3325 ἠ
1556 3261 1652 3311 τοῦ
1705 3254 1974 3330 βασιλέως

322 3323 591 3414 ἐπίϐουλή
622 3346 802 3421 ἀρχὴν
865 3340 1156 3418 ἐλάμϐανε.
1200 3345 1350 3402 Κατά
1404 3323 1596 3400 τοῦτον
1656 3323 1748 3400 τόν
1774 3345 1972 3420 χρόνον
2016 3323 2058 3388 C

327 3433 379 3489 ἐν
433 3435 504 3505 τῇ
561 3433 825 3507 Αἰγύπτῳ
884 3435 1044 3500 Μηνᾶ
1099 3438 1196 3488 τοῦ
1250 3432 1497 3512 ἐπάρχου
1554 3433 1606 3488 ἐν
1657 3438 1738 3506 τῷ
1792 3434 1980 3508 Νείλῳ

326 3524 562 3597 ποταμῷ
715 3523 850 3595 μετᾶ
893 3527 991 3578 τοῦ
1023 3520 1160 3577 λαοῦ
1219 3522 1608 3596 πορευομένου,
1639 3525 1692 3578 ἓν
1719 3522 1873 3597 τόπῳ
1903 3528 1982 3596 τῷ

326 3611 702 3689 ἐπιλεγομένῳ
760 3611 958 3682 Λέλτα,
1016 3610 1182 3681 ἡλίου
1242 3613 1554 3688 ἀνίσχοντος
1605 3618 1716 3682 ζῶα
1773 3613 1980 3689 ἀνθρω-

325 3700 587 3778 πόμορφα
617 3699 771 3772 ἐντῷ
824 3705 1056 3774 ποταμῷ
1113 3699 1404 3780 ἐφάνησαν,
1463 3701 1600 3777 ἀνὴρ
1655 3723 1713 3757 τε
1763 3702 1852 3756 καὶ
1883 3723 1984 3778 γυ-

326 3793 414 3862 νή·
478 3791 568 3846 καὶ
601 3791 628 3845 ὁ
663 3791 756 3864 μὲν
814 3791 950 3864 ἀνὴρ
1005 3789 1286 3860 εὕστολος,
1346 3791 1646 3865 εὕστερνος,
1693 3789 1980 3858 καταπλη-

336 3881 520 3942 κτικὸς
551 3887 648 3950 τὴν
683 3879 832 3954 ὅψιν,
866 3880 1047 3951 ξανθὸς
1076 3881 1177 3949 τὴν
1228 3881 1428 3952 κόμην,
1491 3879 1832 3952 μιξοπόλιος,
1891 3879 1981 3934 καὶ

331 3969 496 4046 μέχρι
532 3976 632 4038 τῆς
661 3969 860 4044 ὀσφύος
922 3967 1160 4044 ἐγύμνου
1207 3969 1309 4037 τήν
1366 3970 1546 4041 φύσιν,
1603 3970 1672 4024 τὰ
1727 3966 1784 4024 δὲ
1815 3968 1984 4024 λοιπά

332 4059 468 4133 μέρη
496 4063 593 4114 τοῦ
625 4061 879 4131 σώματος
906 4060 969 4114 τὸ
998 4056 1144 4134 ὕδωρ
1195 4056 1485 4114 ἐκάλυπτε.
1517 4060 1721 4115 Τοῦτον
1757 4060 1784 4114 6
1811 4061 1980 4133 ’smp—

328 4170 429 4224 χος
459 4149 644 4225 ὅρκοις
673 4145 877 4206 ἔϐαλλε
919 4152 996 4224 μή
1043 4146 1343 4205 καταλῦσαι
1394 4151 1494 4219 τήν
1557 4151 1805 4223 θεωρίαν,
1855 4150 1980 4225 πρὶν

329 4238 570 4301 ἅπαντας
631 4237 1011 4316 ἐμφορηθῆναι
1067 4245 1169 4307 τῆς
1224 4235 1532 4313 παραδόξου
1598 4239 1799 4308 ταύτης
1857 4239 1982 4314 ὀράο

332 4349 492 4390 σεως.
540 4329 606 4384 Ἦ
666 4325 723 4382 δὲ
779 4329 917 4402 γυνή
971 4328 1100 4388 τοὺς
1157 4325 1214 4382 τέ
1277 4329 1515 4400 μασθοὺς
1575 4328 1693 4402 εἶχε
1748 4329 1836 4382 καὶ
1882 4330 1981 4397 τήν

331 4417 456 4491 ὄψιν
489 4417 639 4472 λείαν
671 4417 762 4471 καὶ
813 4417 994 4489 κόμην
1051 4415 1288 4491 βαθέῖαν.
1351 4416 1450 4470 Καὶ
1513 4415 1710 4490 μέχρις
1767 4414 1910 4492 ὥρας
1943 4429 1984 4482 θ’

331 4511 435 4568 πᾶς
463 4507 490 4561 ὁ
521 4505 656 4568 λαός
715 4506 1038 4579 ἐθαύμασεν,
1086 4506 1225 4578 ὁρῶν
1258 4507 1325 4560 τὰ
1357 4509 1469 4574 ζῶα
1519 4509 1711 4575 ταῦτα,
1768 4505 1856 4560 καὶ
1913 4512 1981 4581 τῇ

2157 1214 2327 1266 Anno
2389 1214 2471 1278 18,
2525 1213 2761 1266 Priscus
2807 1213 3008 1283 copias
3041 1213 3114 1268 ad
3175 1213 3509 1285 Sigidonem
3555 1214 3741 1270 ducit.

2087 1301 2394 1372 Chaganus
2415 1317 2554 1356 vero
2586 1318 2693 1355 suo
2747 1303 2898 1356 700
2925 1303 3187 1355 exercitu
3219 1302 3469 1355 collecto
3500 1308 3744 1372 repente

2090 1389 2150 1444 in
2173 1390 2417 1462 Mysiam
2441 1390 2632 1445 irruit.
2653 1391 3007 1446 Solemnitas
3021 1391 3328 1446 Paschatis
3347 1391 3747 1446 interveniens

2093 1479 2291 1536 effecit
2319 1486 2384 1534 ut
2408 1481 2688 1551 utrinque
2749 1482 2939 1552 pacati
2991 1481 3389 1552 quiescerent.
3442 1481 3523 1534 Ea
3580 1481 3750 1535 ﬁnita

2091 1568 2345 1624 inducias
2377 1586 2614 1641 quoque
2647 1570 3055 1625 dissiluerunt.
3083 1571 3347 1640 Cumque
3381 1570 3586 1624 multis
3618 1587 3746 1625 sese

2094 1664 2298 1713 mutuo
2328 1657 2596 1713 cladibus
2629 1660 2985 1724 effecissent,
3017 1659 3256 1714 tandem
3304 1659 3593 1713 exercitus
3625 1662 3746 1714 Ro-

2093 1763 2306 1802 manus
2362 1748 2581 1818 partim
2612 1766 2819 1818 caasus,
2873 1748 3087 1820 reliqui
3146 1749 3300 1819 capti
3360 1753 3518 1803 sunt.
3597 1750 3741 1803 Tum

2093 1836 2404 1909 Chaganus
2427 1838 2488 1891 in
2519 1839 2864 1893 Mauricium
2893 1839 3070 1893 cmdis
3118 1838 3318 1909 populi
3352 1837 3586 1908 culpam
3611 1855 3748 1892 con-

2093 1925 2310 1989 ferens,
2337 1931 2610 1997 paratum
2643 1944 2704 1980 se
2737 1927 2820 1981 ait
2849 1927 3106 1998 captivos
3129 1931 3371 1998 accepto
3406 1926 3466 1980 in
3512 1925 3748 1998 singula

2094 2016 2290 2087 capita
2322 2034 2592 2085 nummo,
2620 2034 2944 2088 rursusque
2977 2017 3148 2071 binos
3180 2034 3298 2072 uno
3344 2033 3612 2084 nummo,
3649 2017 3754 2070 de-

2091 2105 2271 2176 nique
2304 2105 2571 2178 singulos
2590 2112 2844 2176 quatuor
2873 2106 3109 2160 ceratiis
3139 2106 3397 2178 acceptis
3429 2107 3748 2161 dimittere.

2091 2196 2233 2250 Cum
2267 2213 2341 2250 ne
2375 2197 2458 2251 sic
2491 2196 2732 2267 quidem
2758 2215 2858 2252 eos
2888 2197 3183 2251 redimere
3207 2197 3386 2250 vellet
3410 2195 3743 2272 Mauricius,

2091 2284 2278 2340 iratus
2309 2286 2619 2357 Chaganus
2651 2303 2858 2340 omnes
2889 2286 3127 2340 occidit.
3161 2287 3344 2339 Fuere
3377 2291 3573 2340 autem
3597 2285 3746 2340 duo-

2092 2372 2284 2428 decim
2307 2373 2517 2428 millia.
2543 2374 3368 2444 1Estimabanlur,supputatis
3401 2375 3460 2427 in
3483 2373 3749 2444 singulos

2093 2460 2324 2516 duobus
2345 2461 2719 2527 milliarisiis,
2753 2463 2910 2515 2933.
2941 2462 3252 2531 Chaganus
3302 2461 3651 2525 interfectis,
3686 2463 3752 2514 ut

2093 2549 2236 2615 dixi,
2323 2547 2566 2620 captivis
2627 2551 3146 2618 Romanorumque
3214 2547 3434 2602 tributo
3499 2547 3749 2618 adjectis

2097 2640 2338 2709 insuper
2359 2638 2791 2709 quinquaginta
2821 2637 3104 2696 millibus.
3141 2636 3382 2691 domum
3411 2637 3606 2692 rediit.
3640 2639 3750 2692 Ex-

2095 2728 2313 2784 ercitus
2340 2745 2515 2798 porro
2548 2728 2714 2781 misit
2743 2729 2842 2797 qui
2875 2726 3375 2780 Commentiolum
3396 2725 3748 2796 proditionis

2095 2817 2556 2870 accusarent.Ac
2585 2814 2697 2869 fuit
2729 2814 2886 2869 inter
2918 2814 3142 2885 legatos
3173 2814 3351 2868 etiam
3376 2815 3620 2878 l’hocas,
3645 2812 3747 2884 qui

2095 2906 2157 2959 in
2189 2911 2344 2960 coetu
2389 2904 2579 2959 verbis
2639 2903 2980 2974 imperatori
3039 2903 3267 2958 duriter
3324 2919 3388 2957 se
3445 2903 3743 2973 opposuit.

2097 2993 2347 3058 Quidam
2381 3009 2514 3046 vero
2547 2993 2930 3063 patriciorum
2991 2991 3348 3063 depalmavit
3379 2992 3655 3057 Phocam,
3690 2994 3750 3044 et

2095 3081 2332 3137 barbam
2359 3082 2410 3137 ei
2443 3081 2642 3135 evellit
2666 3099 2679 3146 ;
2712 3086 2888 3150 atque
2917 3097 3052 3135 eum
3095 3081 3420 3151 imperator
3441 3095 3501 3133 re
3529 3079 3748 3134 infecta

2097 3171 2472 3225 dimisit.Hoc
2512 3170 2748 3225 initium
2780 3170 2892 3225 fuit
2940 3170 3292 3226 insidiarum
3333 3170 3615 3225 adversus
3648 3169 3752 3222 im-

2097 3264 2453 3332 peratorem.
2489 3259 2708 3314 Eodem
2760 3266 3046 3330 tempore,
3081 3276 3214 3313 cum
3247 3259 3306 3312 in
3359 3261 3600 3330 [Egypto
3643 3259 3752 3311 Me-

2090 3364 2198 3403 nas
2229 3349 2542 3419 praefectus
2574 3348 2634 3402 in
2660 3347 2786 3402 Nilo
2809 3348 3112 3402 amneiter
3139 3349 3359 3402 faceret
3379 3364 3512 3402 cum
3526 3345 3744 3418 populo

2091 3435 2152 3491 in
2185 3438 2313 3492 loco
2346 3437 2444 3508 qui
2479 3437 2648 3491 Delta
2677 3437 2916 3501 dicitur,
2951 3435 3074 3490 sole
3107 3435 3334 3490 oriente
3372 3435 3434 3490 in
3493 3435 3741 3490 ﬂumine

2089 3527 2213 3582 visa
2241 3532 2380 3581 sunt
2411 3526 2694 3582 animalia
2720 3527 2915 3598 specie
2941 3525 3221 3590 hominis,
3257 3542 3382 3580 mas
3412 3530 3471 3579 et
3497 3524 3744 3580 femina.

2091 3618 2208 3670 Mas
2239 3620 2365 3669 erat
2396 3615 2547 3668 bene
2578 3615 2965 3685 compositus,
3001 3620 3236 3686 pectore
3259 3613 3738 3684 amplo,terribili

2089 3709 2352 3776 aspectu,
2387 3704 2538 3758 fulvo
2571 3705 2733 3758 crine
2767 3704 3118 3758 intermistis
3175 3704 3360 3768 canis,
3421 3721 3607 3774 usque
3665 3701 3738 3758 ad

2089 3782 2326 3849 lumbos
2359 3794 2574 3862 nudus,
2607 3798 2848 3848 caateras
2879 3800 3077 3864 partes
3109 3809 3262 3864 aqua
3289 3798 3542 3864 tegente.
3589 3794 3733 3848 τοι

2093 3886 2256 3939 Hunc
2290 3883 2604 3954 prmfectus
2645 3883 2941 3954 adjuravit
2989 3899 3062 3936 ne
3095 3882 3259 3952 prius
3301 3898 3368 3936 ex
3419 3886 3739 3951 conspectu

2092 3973 2422 4029 discederet
2455 3987 2632 4043 quam
2665 3989 2874 4027 omnes
2905 3988 2972 4026 eo
3007 3988 3067 4025 se
3102 3976 3221 4025 tam
3255 3987 3384 4025 raro
3416 3975 3742 4024 exsaturas-

2093 4067 2227 4117 sent
2257 4060 2614 4132 spectaculo.
2677 4060 2885 4115 Mulier
2943 4065 3001 4114 et
3058 4075 3349 4114 mammas
3380 4058 3634 4113 habebat
3687 4061 3745 4112 et

2092 4151 2280 4206 levem
2312 4149 2526 4204 faciem
2559 4165 2626 4204 ac
2657 4148 2935 4203 dimissos
2967 4149 3180 4203 crines.
3201 4148 3395 4217 Usque
3427 4147 3499 4202 ad
3523 4163 3744 4201 nonam

2092 4240 2298 4294 horam
2333 4238 2586 4310 populus
2617 4255 2752 4293 cum
2783 4237 3175 4292 admiratione
3207 4237 3489 4291 animalia
3519 4253 3588 4290 ea
3611 4253 3746 4307 spe-

2093 4329 2285 4384 ctavit.
2323 4329 2476 4382 Hora
2507 4343 2667 4382 nona
2699 4327 2940 4382 fluvium
2974 4344 3042 4382 ea
3099 4325 3427 4381 subierunt.
3461 4328 3606 4381 Ecce
3638 4341 3744 4380 au-

2095 4425 2235 4486 tem,
2262 4418 2698 4474 crocodilorum
2731 4417 3048 4473 multitudo
3079 4418 3370 4490 apparuit.
3406 4417 3745 4472 Crocodilus

2095 4509 2319 4564 animal
2369 4514 2459 4564 est
2517 4514 2795 4564 terrestre
2843 4509 3131 4580 juxtaque
3189 4509 3550 4578 aquaticum,
3583 4512 3744 4562 vasto

332 4597 374 4650 θ’
406 4592 596 4651 ἔδυσαν
627 4593 680 4650 ἐν
712 4599 790 4667 τῷ
846 4577 1237 4666 ποταμῷξΚαὶ
1297 4592 1415 4648 ἰδοὺ
1470 4592 1560 4648 καὶ
1614 4577 1982 4667 κροκοδείλων

2098 4615 2360 4670 corpore.
2399 4599 2785 4670 Dorsumejus
2817 4615 3021 4654 saxum
3052 4598 3285 4670 nigrum
3317 4599 3512 4653 colore
3544 4598 3743 4667 refert,

1543 4739 1904 4795 XYLANDRI
1944 4742 2030 4796 ET
2069 4743 2283 4797 GOABI
2322 4743 2544 4797 ΝΟΤίΕ.

407 4855 749 4929 (tympana
807 4852 1040 4929 τέσσαρα
1102 4858 1242 4929 sunt
1298 4854 1988 4929 numismatissextans.

337 4926 642 4984 Numisma
667 4929 829 4982 enim
860 4930 930 4982 24
951 4926 1208 4992 ceratiis,
1229 4929 1295 4979 12
1324 4943 1458 4981 vero
1482 4926 1813 4982 miliarisiis
1835 4928 1993 4982 msti-

338 5007 569 5056 matur:
602 4999 761 5054 unde
783 4999 1032 5070 κεράτιον
1066 4997 1361 5070 miliarisii
1391 4998 1676 5070 medium,
1701 4998 1872 5070 folles
1904 5003 1989 5070 12.

338 5072 698 5144 S_cl_1_oliast_es
728 5069 955 5144 Basilic.
990 5069 1175 5144 Eclpq.
1211 5084 1374 5144 1515131.
1441 5069 1558 5144 Χρη
1589 5069 1875 5144 γινῴοκειν
1908 5069 1990 5144 ότι

335 5142 396 5196 τὸ
426 5139 479 5238 ἓν
510 5141 760 5230 κεράτιον
793 5137 1021 5238 ῗόλκλεὲς
1054 5135 1157 5192 εἶσὶ
1214 5135 1424 5228 δῴδεκα
1465 5135 1616 5238 ιἢτοί
1649 5139 1990 5238 μιλιραρισίου

335 5212 387 5238 -ὶ
472 5234 593 5238 ﬂ-..“
652 5215 732 5238 m_
768 5233 787 5238 -
831 5233 856 5238 _.
892 5227 963 5238 Α-.
1007 5229 1097 5238 Α..-
1155 5212 1376 5238 ..-Α--.Ζ
1437 5231 1456 5238 Α
1491 5232 1567 5238 ρ.-.
1651 5231 1754 5238 η---
1790 5231 1990 5238 -.-μ---

334 5212 396 5266 τὸ
425 5206 619 5284 ἥμισυ.
652 5213 736 5270 Τὰ
765 5206 856 5270 οὗν
890 5206 1097 5284 δώδεκα
1155 5210 1378 5284 κερμάτιᾶ
1437 5206 1592 5284 εἷσέ-ιν,
1649 5206 1992 5284 νομίσματος

337 5277 530 5358 ἥμισυ·
583 5285 645 5358 τὸ
704 5292 834 5358 γοῦι
896 5282 1147 5353 ἀκέραιον
1202 5277 1446 5355 νόμισμα
1502 5277 1621 5356 ἔχει
1682 5277 1992 5356 μίλιάρίσια

343 5356 441 5429 ιβ’,
472 5355 701 5426 κεράπια
718 5355 837 5418 κδ’,
873 5360 1046 5413 GOAR.

410 5431 486 5498 (5)
506 5434 671 5484 Hunc
690 5430 887 5490 locum
909 5443 1149 5500 prorsus
1171 5426 1774 5500 non_intelligo,quod
1795 5443 1990 5500 neque

341 5499 413 5553 de
446 5496 688 5556 nummo
720 5506 864 5560 satis
894 5496 1125 5556 constat
1175 5496 1315 5567 quid
1346 5496 1616 5557 valuerit.
1672 5513 1864 5568 neque
1895 5496 1988 5552 ide

343 5571 502 5625 notis
535 5571 564 5623 ι’
597 5578 625 5623 ι’
653 5572 695 5624 0‘
725 5574 772 5630 λ’
805 5571 865 5632 δ’,
901 5569 1267 5626 Miliarisium
1291 5569 1666 5625 numismatis
1695 5569 1987 5624 decimam

342 5647 572 5714 partem
612 5645 805 5703 facere
835 5642 1137 5702 annotavit
1164 5640 1421 5714 _Suidas:
1454 5641 1557 5714 sed
1590 5639 1647 5694 id
1680 5658 1805 5714 rem
1865 5657 1985 5695 non

342 5711 618 5788 explicat.
653 5719 860 5776 Videre
890 5719 1058 5790 potes
1089 5711 1246 5768 infra
1280 5712 1460 5768 ﬁnem
1519 5711 1728 5768 Leonis
1782 5714 1994 5769 Icono-

2103 4857 2320 4912 machi.
2355 4856 2490 4911 XYL.

2176 4928 2253 4999 (6)
2285 4930 2614 4999 Concilium,
2641 4935 2832 4995 caelus,
2858 4927 3162 4999 judicium,
3195 4926 3514 4999 consulatiq
3549 4927 3638 4976 est
3665 4939 3745 4974 σε-

2103 4994 2312 5052 λέντὶον
2344 4999 2464 5054 sive
2500 4994 2825 5051 σιλέντιονιέ
2851 4994 3071 5054 Auctor
3129 4998 3188 5050 in
3247 4998 3436 5050 Leone
3493 4996 3693 5048 Isauro
3729 5007 3744 5048 :

2101 5067 2382 5144 Σιλέντιον
2411 5069 2547 5124 κατὰ
2577 5073 2681 5122 τῶν
2706 5141 2716 5144 _
2739 5069 2908 5144 ἁγίων
2965 5067 3214 5144 εξκσίνων.
3250 5067 3455 5144 Latine
3509 5081 3743 5144 quoque

2103 5141 2406 5214 silentium
2438 5135 2842 5214 pronuntiavit
2870 5140 3089 5196 Paulus
3112 5139 3405 5193 Diaconus
3442 5135 3745 5214 i_u__eode_m

2101 5213 2290 5270 Leone
2325 5231 2337 5268 :
2370 5207 2661 5268 Siientium
2692 5221 2886 5267 contra
2913 5217 3133 5265 sanctas
3155 5228 3218 5265 ac
3251 5207 3579 5263 venerabiles
3602 5208 3740 5262 cele-

2102 5285 2505 5341 braviticonas.
2539 5286 2791 5338 Zonaras
2842 5285 3097 5337 Leonem
3155 5281 3428 5344 alterum,
3492 5277 3750 5348 philoso-

2101 5357 2302 5443 phum.
2341 5357 2420 5410 ita
2436 5355 3206 5443 “morbojliacogdetent‘um
3241 5357 3443 5432 narrat
3495 5346 3573 5409 ὧς
3610 5346 3750 5443 μηδὲ

2099 5421 2400 5501 δυνηθῆναι
2433 5422 2794 5501 διαλεχθῆναι
2834 5428 2918 5501 τῇ⁸
2964 5422 3256 5501 συγκλήτῳ
3314 5424 3464 5501 περὶῄ-
3496 5421 3750 5490 νηστείας

2097 5500 2197 5571 τὴν
2221 5492 2432 5567 ⁷συνήθη
2470 5492 2726 5571 διάλεξιν,
2833 5492 3082 5571 καλεῖται
3113 5492 3398 5571 σιλέντιονζ
3429 5497 3604 5550 GOAn.

2169 5570 2245 5642 (7)
2277 5573 2414 5636 Qua:
2445 5567 2715 5642 sequitur
2739 5570 2810 5625 de
2842 5571 2962 5624 viso
3012 5569 3068 5642 in
3101 5567 3222 5622 Nilo
3256 5583 3431 5642 amne
3458 5574 3745 5636 monstro,

2097 5639 2408 5715 desumpta
2439 5639 2712 5699 videntur
2741 5660 2809 5698 ex
2829 5639 3071 5711 Niceph.
3097 5656 3246 5706 xvm,
3271 5641 3359 5696 36.
3395 5640 3510 5694 Χγι.
