4170 6204
407 276 526 337 767

1758 254 2080 325 GEORGII
2122 252 2466 316 GEDRENI

3701 260 3833 320 768

407 419 613 470 venter
642 418 731 470 est
758 413 965 480 albus;
1024 412 1205 483 pedes
1266 407 1446 464 habet
1476 411 1751 479 quatuor,
1798 394 2048 455 caudam

2166 386 2399 483 πλῇθος,
2419 389 2672 483 ἀνεφάνη.
2700 393 2761 483 'Q
2791 390 3240 483 asapoxédetloc
3280 395 3470 470 θηρίον
3503 394 3644 451 ἐστὶν
3677 398 3829 471 ὁμοῦ

407 520 684 576 magnam
714 507 890 573 atque
921 515 1193 571 asperam
1220 514 1233 553 :
1256 498 1475 570 quippe
1507 511 1575 552 ea
1607 493 1743 550 finis
1766 496 1854 547 est
1874 486 2061 561 spina)

405 593 569 650 dorsi
600 593 774 648 unico
800 607 932 647 osse
962 589 1388 654 constantis,ac
1419 601 1676 658 superne
1724 584 1785 639 in
1816 579 2061 638 modum

408 680 677 737 dentium
702 697 879 735 serraa
894 678 1270 735 incisa.Ferit
1289 683 1487 733 autem
1502 674 1691 731 cauda
1702 670 2059 728 etvulnerat.

406 772 595 841 Caput
624 770 890 825 humeris
921 769 1269 842 contiguum
1300 772 1412 834 est,
1443 766 1634 837 iisque
1682 767 1972 833 aequatur,
2005 762 2064 814 et

408 860 620 932 capitis
641 859 892 915 formam
914 857 1390 929 tenet,quamdiu
1413 872 1533 911 non
1550 852 1817 910 hiatzubi
1832 852 2062 918 h1at,to-

416 955 545 1019 tum
567 954 743 1021 caput
765 949 886 1004 oris
910 948 1039 1004 loco
1061 952 1152 1003 est
1167 953 1226 1002 et
1241 962 1428 1017 usque
1449 945 1525 1000 ad
1544 945 1824 999 humeros
1854 938 2061 1012 pandi-

408 1039 708 1094 tur.Aliud
740 1038 1169 1095 animalculum
1202 1043 1289 1091 est
1318 1035 1562 1090 nomine
1586 1028 1974 1103 hydris,quod
2007 1032 2065 1083 et

407 1127 584 1198 hylus
614 1126 1053 1196 dicitur,forma
1072 1124 1396 1181 canina.Ea
1424 1122 1629 1195 hydris
1658 1121 1782 1177 luto
1806 1135 1935 1175 sese
1957 1117 2060 1173 ob—

404 1215 746 1281 volvens,in
778 1213 1059 1271 crocodili
1093 1212 1445 1269 dormientis
1471 1212 1627 1284 (eam
1658 1208 1817 1265 enim
1847 1223 2064 1280 oppor-

404 1305 719 1360 tunitatem
778 1308 976 1376 captat
1023 1320 1035 1357 :
1092 1301 1429 1359 crocodilus
1488 1299 1651 1356 enim
1724 1297 1872 1364 hiat,
1929 1312 2064 1351 cum

406 1409 684 1453 somnum
712 1392 894 1464 capit)
924 1409 990 1449 os
1022 1391 1233 1456 insilit,
1268 1396 1327 1447 et
1355 1406 1595 1446 corroso
1649 1387 1780 1460 ejus
1838 1389 2062 1450 ventre,

404 1481 609 1553 itaque
627 1481 820 1537 bestia
851 1486 1119 1550 enecata,
1152 1496 1259 1552 per
1287 1495 1471 1537 anum
1503 1477 1642 1533 exit.

2168 478 2258 532 καὶ
2290 476 2449 554 ἰχθὺς
2490 478 2678 557 μὲγας,
2736 477 2999 561 ἇμφίϐιος
3054 480 3131 541 δέ.
3192 484 3295 543 Καὶ
3325 486 3361 555 ἡ
3398 483 3493 559 μὶν
3521 485 3695 561 χροιὰ
3724 489 3831 541 τοῦ

2170 567 2348 625 νώτου
2408 570 2575 627 αὐτοῦ
2659 567 2832 648 πέτρᾳ
2872 567 3039 645 *ἔοικε
3094 571 3346 648 μελαίνῃ,
3399 575 3435 645 ἦ
3494 571 3554 631 δὲ
3606 575 3827 649 γαστὴρ

2172 657 2364 729 λευκή,
2400 656 2562 723 πόδες
2592 657 2650 716 δὲ
2708 657 2778 731 δ’,
2808 659 2898 716 καὶ
2956 661 3091 737 οὐρὰ
3147 660 3362 738 μεγάλη
3420 664 3510 719 καὶ
3566 668 3831 739 τραχεῖαι⁸

2168 753 2269 817 τῆς
2297 747 2515 825 ῥάχεως
2546 749 2652 826 γάρ
2681 748 2823 805 ἑστιν
2855 750 2972 813 ἑνὸς
3003 749 3190 806 ὀστὲου
3227 750 3477 822 τελευτή.
3514 750 3833 825 Ἐντὲτμη-

2168 858 2258 893 ται
2290 834 2346 893 δὲ
2376 834 2578 902 ἄνωθεν
2623 839 2699 902 ὡς
2732 841 2788 894 αἱ
2815 844 2923 894 τῶν
2956 839 3194 913 πριόνων
3252 838 3446 913 ἀκμαὶ,
3480 841 3570 896 καὶ
3625 839 3826 897 τύπτει

2170 928 2224 984 ἐν
2279 932 2462 1001 ταυτῷ
2498 928 2589 983 καὶ
2636 929 3013 1003 τραυματίζει.
3062 930 3125 986 Ἢ
3177 927 3390 1006 κεφαλή
3450 927 3510 986 δὶ
3565 950 3831 1007 προσ-ηρ·-

2173 1019 2419 1094 μοσμὲνη
2478 1023 2595 1084 τοῖς
2638 1016 2820 1093 ὤμοις
2875 1018 2964 1073 καὶ
3022 1016 3361 1093 ἐξισουμὲνη·
3420 1020 3512 1076 καὶ
3565 1018 3649 1100 ἰφ²
3692 1021 3831 1077 ὅσον

2175 1110 2269 1184 μὲν
2302 1108 2367 1164 ού
2421 1107 2648 1183 κέχηνε,
2705 1108 2901 1180 θηρίου
2957 1105 3168 1185 κεφαλή
3201 1106 3363 1179 ἔστιν,
3395 1107 3524 1164 ἐπὰν
3556 1106 3615 1166 δὲ
3643 1110 3825 1189 χάνῃ,

2172 1196 2279 1269 ὅλη
2309 1198 2514 1274 γίνεται
2544 1197 2722 1270 στόμα
2767 1196 2937 1273 μέχρι
2991 1201 3101 1253 τῶν
3156 1191 3327 1272 ὤμων
3357 1196 3589 1254 ποιοῦσα
3615 1200 3680 1255 τὸ
3711 1200 3841 1275 χά-

2170 1307 2301 1362 σμα.
2361 1291 2509 1345 Ζῶον
2563 1284 2621 1343 δέ
2658 1285 2770 1344 im
2830 1287 3022 1363 μικρὸν
3053 1291 3091 1359 ἦ
3121 1283 3297 1362 ὓδρις,
3344 1289 3465 1358 ἣτις
3521 1290 3611 1345 καὶ
3642 1288 3830 1353 ῧλλος

2173 1374 2409 1453 λέγεται,
2439 1377 2599 1440 κυνὸς
2618 1372 2824 1453 ἓχουσα
2851 1377 3092 1454 μορφήν.
3144 1372 3294 1447 Αὕτη
3349 1376 3426 1440 είς
3479 1376 3661 1449 πηλὸν
3719 1398 3833 1434 κυ-

2174 1466 2468 1542 λισαμὲνη,
2506 1466 2839 1543 ἐπιτηροῦσά
2883 1486 2941 1522 τε
2966 1466 3061 1521 τὸν
3090 1462 3444 1540 κροκόδειλον
3468 1463 3837 1540 καθεύδοντα,

414 1566 650 1640 εἰσπηδᾷ
678 1566 769 1625 διὰ
795 1573 893 1625 τοῦ
921 1568 1194 1642 στόματος
1225 1567 1390 1623 αὐτοῦ
1420 1565 1697 1642 (κεχηνὼς
1725 1563 1828 1640 γὰρ
1893 1562 1922 1618 ὁ
1971 1558 2326 1636 κροκόδειλος
2394 1554 2666 1631 καθεύδει)
2725 1555 2804 1618 είς
2858 1557 2960 1626 τήν
3019 1556 3254 1634 γαστὲρα
3303 1553 3500 1612 τούτου
3551 1555 3828 1634 χωροῦσα

403 1658 495 1714 καὶ
521 1657 722 1727 ταύτην
753 1655 1156 1733 διαῤῥήσσουσα
1184 1656 1460 1734 ἐξέρχεται
1491 1653 1581 1711 διὰ
1609 1660 1711 1724 τῆς
1738 1649 1898 1728 ἓδρας
1928 1651 2301 1719 ἀπονεκροῦσα
2330 1648 2514 1734 αὐτόν..

476 1750 646 1803 Anno
682 1750 769 1813 19,
801 1747 896 1803 die
955 1748 1284 1815 Paschatis,
1345 1746 1564 1818 Sophia
1617 1746 1879 1817 Augusta
1908 1758 2057 1798 uxor

403 1835 620 1892 Justini
650 1840 708 1890 et
737 1836 1126 1892 Constantina
1146 1853 1299 1892 uxor
1325 1834 1588 1891 Mauricii
1612 1833 1933 1906 pretiosam
1956 1830 2056 1887 ad-

2234 1740 2332 1811 Τῷ
2368 1738 2432 1803 to‘
2474 1731 2603 1807 ἔτει,
2656 1738 2755 1791 τοῦ
2805 1733 2966 1811 ἁγίου
3022 1732 3238 1809 Πάσχα,
3296 1734 3473 1812 Σοφία
3530 1732 3833 1809 Αύγοῦστα

2163 1829 2199 1897 ἡ
2257 1829 2392 1902 γυνὴ
2489 1823 2806 1889 Ἰουστίνου,
2897 1824 3011 1896 ἅμα
3066 1828 3442 1895 Κωνσταντινᾳ
3482 1825 3555 1897 τῇ
3600 1823 3824 1900 γυναικὶ

402 1925 648 1982 modum
681 1942 967 1982 coronam
1003 1925 1391 1981 confecerunt
1421 1941 1489 1980 ac
1519 1921 1860 1995 imperatori
1883 1921 2056 1977 obtu-

2166 1917 2476 1991 Μαυρικίου
2503 1958 2523 1989 ,
2587 1914 2804 1988 στέμμα
2868 1912 3332 1969 κατασκευάσασαι
3391 1910 3688 1987 ύπιρτιμον
3736 1917 3830 1985 τῷ

401 2014 622 2070 lerunt.
657 2015 843 2081 Quam
875 2031 1011 2071 cum
1056 2018 1385 2087 spectasset
1444 2013 1788 2084 imperator,
1821 2011 1883 2066 in
1926 2026 2053 2067 ma-

403 2096 584 2178 gnum
618 2104 907 2176 templum
940 2104 1175 2172 detulit,
1209 2104 1409 2175 ibique
1441 2117 1621 2174 supra
1650 2117 2054 2157 sacrammen-

404 2209 531 2249 sam
569 2194 681 2248 Deo
713 2192 996 2249 dedicans
1037 2192 1365 2265 suspendit.
1428 2193 1575 2247 Pace
1646 2190 1795 2247 702
1852 2194 2055 2246 autem

398 2299 535 2339 cum
594 2282 868 2338 Barbaris
919 2283 1185 2349 confusa,
1246 2298 1481 2339 rursum
1539 2279 1848 2353 Chaganus
1907 2278 2055 2335 fines

396 2373 801 2428 Romanorum
828 2370 1092 2439 intravit,
1127 2377 1186 2427 et
1214 2376 1469 2444 quatuor
1517 2372 1640 2428 suis
1670 2369 1809 2426 ﬁliis
1840 2369 2056 2426 exerci-

398 2466 495 2521 tus
530 2461 983 2533 tribuit,quibus
1017 2462 1333 2519 transitum
1363 2463 1495 2519 Istri
1529 2463 1917 2519 custodirent.
1939 2459 2054 2517 Sed

399 2552 648 2608 Romani
680 2551 909 2607 ratibus
937 2551 1225 2607 confectis
1256 2552 1501 2608 ﬂuvium
1544 2553 2006 2609 transmiserunt
2035 2566 2051 2617 ;

402 2641 730 2713 prazlioque
766 2657 1120 2711 congressus
1149 2657 1284 2696 cum
1314 2641 1571 2710 (‘hagani
1626 2641 1766 2698 ﬁliis
1795 2642 2052 2709 Priscus,

405 2731 565 2801 quod
595 2730 668 2785 ab
700 2745 917 2784 aurora
945 2728 1018 2784 ad
1043 2746 1348 2801 vesperam
1379 2746 1568 2800 usque
1603 2729 1852 2797 duravit,
1904 2747 2052 2803 qua-

400 2826 535 2873 tuor
561 2818 956 2873 Barbarorum
983 2818 1173 2873 millia
1196 2818 1433 2884 occidit,
1464 2820 1568 2873 300
1623 2836 1865 2875 suorum
1896 2819 2050 2875 desi-

400 2907 643 2963 deratis.
679 2906 972 2961 Postridie
1004 2906 1133 2979 ejus
1166 2906 1283 2962 diei
1316 2924 1521 2963 rursus
1550 2908 1583 2961 8
1610 2907 1805 2963 millia
1840 2909 2050 2965 Barba-

399 3013 603 3052 rorum
636 2996 954 3052 interfecit.
984 2997 1184 3053 Tertia
1207 2997 1302 3053 die
1334 2997 1581 3054 Romani
1621 2997 1695 3053 de
1745 2999 2050 3071 superiore

396 3086 528 3141 loco
562 3085 622 3141 in
662 3085 949 3142 Barbaros
982 3086 1308 3153 irruerunt,
1341 3103 1561 3158 eosque
1590 3087 1754 3143 fusos
1782 3087 1846 3143 in
1891 3085 2055 3160 palu-

400 3174 536 3231 dem
569 3175 1012 3248 compulerunt,
1038 3176 1374 3246 multosque
1400 3175 1482 3230 ibi
1505 3178 2055 3247 suti'ocarunt,inter

402 3280 551 3335 quos
582 3264 746 3319 fuere
772 3264 1028 3336 Chagani
1062 3264 1241 3319 etiam
1261 3263 1389 3319 lilii.
1416 3263 1636 3319 lllustri
1664 3265 2049 3322 victoriatum
2079 3271 2122 3336 ρ
2162 3279 2328 3336 ρησαν

398 3353 603 3425 potitis
636 3354 938 3418 Romanis,
972 3370 1210 3408 rursum
1241 3353 1554 3425 Chaganus
1588 3370 1797 3427 magno
1828 3360 2059 3413 contra-

401 3447 493 3497 cto
551 3442 813 3497 exercitu
861 3441 1143 3497 adversus
1197 3459 1300 3498 eos
1376 3442 1818 3515 proficiscitur;
1876 3462 2056 3517 quem

400 3530 637 3586 Priscus
693 3546 1045 3604 congressus
1093 3548 1290 3603 pugna
1337 3531 1510 3599 fudit,
1551 3532 2056 3607 illustrioremque

410 3620 608 3693 priore
642 3620 945 3676 victoriam
976 3621 1314 3693 reportavit.
1347 3621 1507 3677 Idem
1538 3622 1773 3679 Priscus
1803 3629 2058 3695 quatuor

408 3709 600 3765 millia
630 3710 1017 3774 instruxit,ac
1047 3711 1277 3767 Tissum
1307 3728 1547 3768 amnem
1578 3712 2052 3785 transirejussit,

374 3800 665 3855 'tentoria
696 3799 1087 3856 Barbarorum
1120 3801 1509 3873 speculatum.
1544 3802 1784 3859 Barbari
1809 3808 1931 3859 tum
1964 3821 2057 3860 eo-

404 3904 535 3942 rum
565 3903 696 3958 qum
725 3892 891 3959 gesta
921 3894 1091 3943 erant
1124 3889 1309 3960 ignari
1340 3889 1523 3945 festos
1553 3889 1681 3946 dies
1710 3890 1964 3964 agebant
1985 3909 2054 3949 ac

404 3978 843 4050 compotabant.
878 3980 1082 4050 Itaque
1142 3996 1243 4034 eos
1301 3980 1679 4051 inopinantes
1716 3981 1908 4037 adorti
1940 3985 2051 4039 Ro-

404 4068 563 4124 mani
596 4067 819 4141 ingenti
851 4067 1019 4123 clade
1048 4069 1410 4124 affecerunt:
1444 4070 1612 4125 caesis
1638 4069 1793 4126 enim
1825 4073 1893 4127 30
1914 4071 2052 4127 mil-

402 4157 562 4213 libus
593 4157 951 4229 Gepidarum
984 4157 1353 4230 aliorumque
1402 4158 1809 4232 Barbarorum,
1841 4178 2055 4234 magna

403 4262 537 4302 cum
570 4246 769 4316 praeda
806 4245 879 4301 ad
938 4247 1208 4302 Priscum
1264 4253 1402 4303 sunt
1444 4247 1684 4305 reversi.
1742 4251 2053 4323 Chaganus

404 4335 600 4389 denuo
626 4335 913 4405 reparatis
948 4335 1154 4406 copiis,
1184 4335 1260 4391 ad
1309 4335 1524 4393 Istrum
1555 4355 1690 4395 cum
1721 4341 2051 4410 accederet,

405 4438 602 4495 pugna
623 4423 807 4479 victus
834 4428 943 4493 est,
977 4424 1331 4497 Barbarique
1362 4426 1424 4481 in
1455 4426 1631 4484 fluvio
1656 4429 1972 4502 submersi,
1995 4436 2056 4487 et

407 4528 542 4567 cum
574 4512 667 4567 his
696 4528 911 4586 magna
943 4512 1312 4570 Slavinorum
1344 4515 1684 4573 multitudo.
1711 4518 1833 4573 Vivi
1856 4519 1917 4575 in
1948 4536 2055 4592 po-

2166 2005 2386 2081 βασιλεῖ
2428 2005 2802 2081 προσήγαγον.
2857 2002 2921 2063 Ὀ
2974 1998 3031 2057 δὲ
3090 1999 3347 2077 βασιλεὺς
3400 2004 3563 2058 τοῦτο
3623 2000 3832 2067 θεασά-

2164 2121 2345 2175 μενος,
2398 2097 2653 2164 ἀπελθὼν
2722 2096 2774 2154 ἒν
2819 2099 2890 2171 τῇ
2949 2095 3181 2171 Μεγάλῃ
3240 2093 3543 2167 Ἐκκλησία
3570 2101 3652 2171 τῷ
3701 2100 3830 2169 Θεῷ

2157 2192 2321 2245 τοῦτο
2351 2189 2693 2265 προσήγαγε,
2742 2182 3017 2260 κρεμάσας
3066 2183 3248 2240 ἐπάνω
3302 2190 3405 2255 τῆς
3461 2183 3619 2263 ἁγίας
3671 2205 3823 2261 τρα-

2158 2276 2349 2348 πέζης.
2379 2275 2648 2346 Αυθείσης
2687 2271 2745 2330 δὲ
2782 2281 2884 2344 τῆς
2940 2272 3076 2347 πρὸς
3129 2271 3258 2335 τοὺς
3314 2266 3634 2348 Βαρϐάρους
3658 2271 3823 2347 εἰρή-

2160 2387 2281 2438 νης,
2311 2363 2477 2422 πάλιν
2510 2366 2539 2420 ὁ
2568 2364 2815 2441 Χαγάνος
2863 2361 2953 2419 ἐπὶ
3000 2363 3069 2418 τά
3121 2362 3405 2437 Ῥωμαϊκὰ
3456 2368 3653 2442 χωρεῖ.
3683 2364 3824 2423 Τοῖς

2161 2454 2220 2512 δὲ
2247 2456 2528 2531 τέσσαρσιν
2560 2453 2725 2510 αὐτοῦ
2781 2453 2923 2514 υἱοῖς
2979 2449 3255 2526 παραδοὺς
3315 2452 3498 2529 ἒτὲρας
3558 2448 3818 2525 δυνάμεις

2158 2547 2466 2621 παρέστησε
2494 2548 2748 2624 φρουρεῖν
2802 2543 2899 2603 τὰς
2960 2537 3237 2604 διαϐάσεις
3292 2545 3390 2596 τοῦ
3444 2543 3680 2617 Ἴστρου.
3744 2544 3816 2600 Οἱ

2160 2634 2220 2692 δὲ
2246 2637 2518 2710 Ῥωμαῖοι
2549 2629 2772 2709 σχεδίας
2798 2632 3125 2703 ποιήσαντες
3175 2630 3268 2686 τὸν
3323 2630 3573 2704 ποταμὸν
3630 2627 3818 2686 διεπέ-

2160 2743 2346 2801 ρασαν·
2402 2724 2493 2780 καὶ
2549 2722 2684 2798 μετᾶ
2720 2726 2828 2779 τῶν
2863 2723 2994 2777 υἱῶν
3052 2724 3150 2776 τοῦ
3218 2722 3458 2796 Χαγάνου
3514 2716 3822 2795 συμϐαλὼν

2160 2816 2190 2870 ὁ
2224 2814 2459 2889 Πρίσκος
2486 2813 2593 2869 ἀπὸ
2650 2811 2798 2886 πρωΐ
2859 2807 2964 2873 ἓως
3019 2810 3268 2885 ἑσπέρας,
3319 2810 3647 2884 τριακοσίων
3675 2811 3820 2867 Ῥω-

2163 2902 2304 2978 μίων
2364 2903 2744 2978 ἀναιρεθέντων
2782 2945 2796 2971 ,
2836 2898 3100 2975 τέσσαρας
3186 2897 3444 2975 χιλιάδας
3519 2907 3629 2957 τῶν
3682 2906 3823 2973 Βαρ-

2160 2988 2341 3063 ϐάρων
2375 2987 2570 3061 ὤλεσε,
2624 2990 2714 3047 καὶ
2744 2993 2815 3064 τῇ
2845 2987 3072 3065 ἐπιούσῃ
3140 2987 3306 3046 πάλιν
3361 2989 3504 3047 ὀκτὼ
3554 2987 3823 3069 χιλιάδας

2156 3086 2267 3139 τῶν
2303 3076 2595 3157 Βαρϐάρων
2639 3078 2839 3136 ἀνεῖλε.
2893 3081 2976 3153 Τῇ
3008 3075 3065 3134 δὶ
3112 3079 3272 3155 τρίτῃ
3303 3077 3363 3136 ἐκ
3392 3084 3500 3137 τῶν
3537 3081 3817 3156 ὑψηλοτέ-

2160 3192 2268 3247 ρων
2296 3172 2353 3227 οἱ
2383 3172 2650 3245 Ῥωμαῖοι
2691 3169 2828 3246 πρὸς
2858 3167 2984 3231 τοὺς
3024 3169 3111 3243 [Ρ.
3143 3171 3270 3243 401]
3314 3164 3633 3245 Βαρϐάρους
3664 3170 3821 3249 ἐχώ-

2410 3258 2500 3315 καὶ
2579 3257 2806 3319 τούτους
2862 3257 3155 3332 τρέψαντες
3205 3254 3293 3312 ἐπὶ
3368 3259 3436 3314 τὸ.
3492 3256 3661 3314 ὕδατα
3713 3263 3819 3330 τῆς

2167 3350 2372 3425 λίμνης
2428 3347 2665 3421 ἤλασαν,
2693 3346 2946 3410 πολλοὺς
2975 3347 3028 3420 ἑξ
3079 3346 3258 3403 αὐτῶν
3305 3349 3711 3423 ἄποπνξαντες,
3768 3350 3825 3408 ἐν

2166 3442 2253 3504 οἷς
2303 3440 2395 3496 καὶ
2452 3440 2507 3494 οἱ
2551 3442 2648 3494 τοῦ
2704 3439 2955 3514 Χαγόἱνου
3011 3433 3201 3500 παῖδες
3257 3437 3662 3516 ἀπεπνίγησαν,
3728 3442 3825 3497 καὶ

2162 3533 2318 3602 νίκην
2370 3530 2422 3585 οἱ
2478 3530 2744 3603 Ῥωμαῖοι
2801 3534 3070 3606 περιφανῆ
3128 3525 3475 3600 ἆνεδήσσντο.
3519 3530 3582 3588 '0
3612 3526 3671 3586 δὲ
3701 3533 3825 3588 Xa.

2164 3623 2329 3702 γάνος
2388 3619 2555 3678 πάλιν
2639 3619 2987 3694 συναθροίσας
3074 3616 3334 3694 δυνάμεις
3387 3619 3628 3693 πολλάς,
3682 3624 3831 3681 κατὰ

2162 3708 2452 3785 Ῥωμαίων
2479 3706 2636 3779 ἦλθε.
2684 3707 2944 3783 Ιίολέμου
2998 3706 3057 3764 δὲ
3111 3709 3471 3784 κροτηθὲντος
3529 3709 3829 3786 τρέπονται

2162 3802 2215 3857 οἱ
2266 3795 2539 3877 Βάρϐαροι
2597 3798 2688 3854 καὶ
2746 3796 2902 3868 νίκην
2960 3801 3241 3853 ποιοῦνται
3298 3799 3571 3874 Ῥωμαῖοι
3630 3804 3824 3855 πασῶν

2161 3888 2583 3966 ἐπισημοτέραν.
2617 3889 2681 3945 Ὀ
2712 3884 2769 3943 δὲ
2803 3888 3038 3962 Ηρίσκος
3068 3883 3327 3963 τέσσαρας
3381 3884 3641 3963 χιλιάδας
3693 3909 3824 3944 συν-

2158 3980 2318 4053 τάξας
2343 3979 2436 4035 τὸν
2468 3975 2665 4036 Τίσσον
2704 3977 2951 4051 ποταμὸν
3001 3980 3236 4055 περᾶφαι
3299 3975 3577 4034 ἐκέλευσεν
3630 3977 3707 4040 εἰς
3754 3980 3822 4034 τὸ

2158 4074 2570 4138 κασασκοπῆσαι
2611 4067 2676 4122 τὰ
2728 4069 2836 4121 τῶν
2902 4060 3198 4142 Βαρϐάρων
3267 4067 3603 4140 σκηνώματα
3633 4067 3703 4125 Οἱ
3756 4064 3819 4124 δὲ

2159 4152 2458 4235 Βάρϐαροι,
2494 4153 2663 4231 μηδὲν
2689 4159 2798 4211 τῶν
2823 4155 3130 4231 γεγονότων
3176 4151 3495 4231 ἐγνωκότες,
3527 4156 3817 4232 ἑορτάζων.

2157 4269 2246 4311 τες
2277 4246 2700 4321 ἐσυμποσίαζον.
2759 4241 2996 4307 Τούτοις
3053 4243 3107 4299 οἱ
3163 4244 3434 4317 Ῥωμαῖοι
3485 4244 3822 4320 ἀπροόπτως

2158 4335 2566 4397 ἐπεισπεσόντες
2601 4332 2853 4409 μίγιστον
2901 4333 3069 4411 φόνον
3130 4332 3467 4408 εἰργάσαντοο
3521 4334 3822 4410 τριάκοντα

2157 4432 2258 4504 γὰρ
2317 4422 2580 4502 χιλιάδας
2636 4419 2898 4494 Γηπὲδων
2959 4421 3049 4477 καὶ
3111 4421 3307 4498 ὲτὲρων
3369 4419 3664 4499 βαρϐάρων
3719 4424 3823 4479 ἀπ-

2160 4517 2420 4585 ἔκτειναν,
2452 4514 2545 4571 καὶ
2566 4511 2832 4584 πλείστην
2859 4508 3248 4587 αἰχμαλωσίαν
3282 4507 3541 4576 λαϐόντες
3567 4514 3705 4591 πρὸς
3720 4513 3821 4569 τὸν

404 4605 681 4657 testatem
712 4603 1111 4658 Romanorum
1144 4608 1434 4659 venerunt
1466 4606 1606 4660 3200
1642 4607 1878 4676 Avares,
1921 4610 2055 4664 Bar-

2166 4607 2396 4681 Πρίσκον
2457 4606 2812 4680 ὑπέστρεψαν.
2855 4603 2917 4660 '0
2947 4599 3005 4658 δὲ
3034 4603 3278 4680 Χαγάνος
3333 4600 3500 4659 πάλιν
3559 4600 3822 4705 δυνάμξις

402 4691 708 4748 bari108
742 4694 903 4747 2000.
963 4692 1271 4765 Chaganus
1320 4710 1456 4749 cum
1504 4694 1729 4767 legatos
1785 4703 2058 4769 repetun-

398 4781 611 4838 dorum
687 4781 1053 4853 captivorum
1111 4797 1293 4837 causa
1368 4782 1649 4850 misisset,
1736 4786 2049 4844 Mauricius

400 4871 665 4928 nondum
694 4876 936 4943 accepto
967 4875 1088 4927 tam
1108 4870 1362 4927 illustris
1374 4871 1635 4929 victoria)
1648 4875 1860 4932 nuntio
1880 4876 2050 4933 reddi

406 4964 507 5018 eos
529 4961 734 5034 jussit.

2166 4695 2421 4774 ἀθροίσας
2480 4693 2566 4750 ἐπὶ
2624 4693 2719 4749 τὸν
2771 4693 2982 4767 Ἵστρον
3046 4692 3414 4768 παραγίνεται⁹
3462 4693 3554 4748 καὶ
3608 4687 3825 4767 συμϐαο

2160 4785 2354 4849 λόντες
2385 4783 2632 4857 πόλεμον
2686 4782 2958 4852 ἡττῶνται
3009 4781 3065 4836 οἱ
3110 4775 3383 4857 Βάρϐαροι
3439 4781 3531 4837 καὶ
3589 4781 3666 4846 εἶς
3718 4783 3815 4838 τὸν

2158 4875 2406 4949 ποταμὸν
2458 4871 2869 4948 ἀποπνίγονται.
2960 4867 3411 4927 Συναπόλλυνται
3491 4868 3552 4927 δὶ
3602 4870 3820 4936 τούτοις

2157 4964 2247 5021 καὶ
2284 4957 2605 5028 Σθλαϐίνων
2668 4957 2882 5033 πλήθη.
2943 4963 3149 5022 Ζῶντες
3196 4957 3256 5016 δὶ
3311 4958 3613 5036 ἆκράτησαν
3645 4954 3821 5019 Ἀϐα-

407 5069 503 5122 ρας
532 5050 628 5122 μὶν
659 5049 775 5125 ὶγό,
806 5042 1124 5123 Βαρϐάρους
1160 5044 1218 5103 δὲ
1357 5049 1421 5107 Ὀ
1463 5046 1522 5105 δὶ
1550 5053 1809 5128 Χαγάνος
1837 5049 2090 5129 πρέσϐεις
2117 5054 2257 5132 πρὸς
2284 5054 2377 5109 τὸν
2410 5048 2637 5128 βασιλέα
2698 5046 3030 5121 ἀπέστειλεν,
3087 5043 3454 5106 ἀναλαϐέσθαι
3521 5049 3649 5113 τοὺς
3707 5054 3817 5119 ζω-

406 5141 708 5212 γρηθέντας
741 5136 1103 5214 βουλόμινθς.
1132 5138 1189 5192 ’0
1219 5134 1277 5193 δὲ
1307 5138 1613 5223 Μαυρίκινος
1666 5143 1838 5215 μήπω
1898 5146 2085 5219 μαθὼν
2112 5146 2214 5217 τήν
2270 5148 2536 5223 περιφανῆ
2596 5143 2707 5197 τῶν
2737 5137 3026 5212 Ῥωμαίων
3080 5137 3259 5210 νίκην,
3315 5140 3511 5218 γράφει
3568 5144 3651 5212 τῷ
3680 5138 3817 5213 Πρί-

405 5248 518 5300 σκῳ
545 5224 843 5284 ἀποδοῦναι
872 5231 955 5300 τῷ
978 5226 1211 5302 Χαγάνῳ
1248 5225 1377 5290 τοὺς
1419 5222 1729 5304 Βαρϐάρους
1757 5229 1847 5286 καὶ
1879 5234 2102 5306 μόνους.

472 5317 696 5372 Eodem
749 5335 928 5386 anno,
977 5319 1306 5375 monachus
1363 5318 1630 5391 quidam,
1688 5322 1860 5395 cujus
1920 5324 2054 5380 vita;

405 5403 750 5461 exercitatio
782 5405 1029 5462 illustris
1055 5412 1212 5475 erat,
1241 5407 1514 5464 strictum
1543 5407 1808 5482 gladium
1841 5415 2055 5470 tenens

2233 5324 2329 5395 Τῷ
2367 5318 2517 5394 αἶ)τῷ
2542 5315 2671 5388 ἔτει,
2707 5314 2952 5393 μοναχός
2985 5336 3069 5379 τις
3126 5315 3179 5372 ἐν
3212 5317 3433 5391 ἀσκήσει
3466 5315 3797 5394 διαλάμπων

2163 5412 2374 5482 σπάθην
2413 5412 2491 5484 (8)
2543 5408 2758 5483 γυμνὴν
2802 5409 3041 5483 κρατῶν,
3100 5405 3205 5462 ἀπὸ
3258 5410 3358 5463 τοῦ
3413 5407 3588 5486 φόρου
3646 5410 3818 5489 μέχρι

1627 5536 1992 5594 XYLANDRI
2029 5539 2116 5594 ΕΤ
2154 5536 2374 5594 GOABI
2412 5535 2643 5592 NOTAE.

407 5687 759 5759 rhbinphaza.
791 5688 967 5743 Goaa.

478 5614 1057 5759 &;;§:.rlé:‘:flll,
1088 5621 1121 5673 6
1156 5634 1169 5672 :
1200 5621 1438 5691 framea,
1469 5623 1693 5694 gladius
1721 5642 1792 5682 ea:
1853 5633 2092 5698 utraque
2142 5633 2307 5700 parte
2333 5631 2528 5687 acum:
2582 5641 2751 5697 quam
2776 5624 2941 5696 vulgo
2967 5622 3227 5696 spatham
3281 5629 3506 5707 vocant,
3564 5624 3692 5698 ipsa
3737 5633 3819 5685 est
