4170 6204
333 423 454 485 769

1436 424 1988 491 HISTORIARUM
2032 424 2590 490 COMPENDIUM.

3619 434 3738 495 770

320 562 423 627 τῆς
456 554 678 627 Χαλκῆς
708 556 943 633 ξιφήρης
975 554 1293 634 διαδραμὼν
1328 558 1421 613 τὸν
1454 556 1828 633 αὐτοκράτορα
1853 561 1970 619 τοῖς

2086 573 2123 613 a
2147 558 2275 614 foro
2306 576 2496 631 usque
2515 559 2589 617 ad
2612 566 2857 617 Eneam
2877 567 3111 633 portam
3131 565 3734 635 procurrit,omnibus

327 650 490 702 πᾶσιν
537 645 590 700 ἐν
641 644 793 722 φόνῳ
848 647 1126 723 μαχαίρας
1169 646 1512 719 τεθνήξεσθαι
1544 646 1976 723 προηγόρευσεν,

323 733 572 808 Ὁμοίως
626 735 717 789 καὶ
770 733 1095 810 Ἡρωδιανὸς
1154 735 1444 811 Μαυρικίῳ
1502 734 1579 798 εἲς
1630 736 1695 790 τὸ
1752 736 1978 815 φανερὸν

326 821 760 899 προσανήγγειλε
811 824 881 879 τὰ
934 824 1112 896 τούτῳ
1166 819 1578 897 συμϐησόμενα.
1634 820 1765 879 Τότε
1802 824 1894 879 καὶ
1925 824 1978 880 οἰ

326 910 497 984 δῆμοι
531 908 697 986 ἄνδρα
731 912 1039 987 παρόμοιον
1091 918 1173 986 τῷ
1234 912 1522 988 Μαυρικίῳ
1550 918 1791 990 Μαῦρον,
1822 934 1979 989 περι-

327 995 591 1062 ϐαλόντες
646 1000 807 1075 σάγον
865 1002 954 1056 καὶ
1013 1001 1269 1080 στέφανον
1325 1002 1619 1075 πλέξαντες
1651 1005 1756 1060 ἀπὸ
1789 1004 1977 1080 σκορό-

329 1088 439 1146 δων
469 1091 559 1145 καὶ
587 1094 658 1166 τῇ
689 1089 855 1146 αὐτοῦ
912 1092 1214 1166 περιθὲντες
1268 1092 1503 1171 κεφαλῇ,
1558 1092 1668 1167 ὄνῳ
1693 1114 1752 1149 τε
1780 1097 1975 1149 τοῦτον

329 1177 735 1240 ἐπικαθίσαντες
783 1172 1024 1252 ἔπαιζον,
1074 1180 1307 1256 Εὕρηκε,
1361 1180 1634 1258 λέγοντες,
1663 1183 1763 1253 τήν
1798 1180 1975 1255 δαμά-

329 1267 436 1340 λην
465 1264 709 1338 ἀπαλήν,
739 1268 830 1323 καὶ
863 1267 938 1330 ὡς
966 1269 1030 1323 τὸ
1076 1269 1264 1323 καινὸν
1308 1266 1630 1346 ἆλεκτόριον
1659 1267 1975 1341 πεπήδηκεν

331 1356 524 1427 αὐτὴν,
554 1355 645 1412 καὶ
702 1354 926 1428 ἐποίησε
980 1353 1171 1412 παιδία
1226 1358 1302 1421 ὡς
1358 1359 1427 1415 τὰ
1481 1356 1844 1433 ξυλοκώδωνα

324 1447 483 1523 Ἃγιὲ
541 1467 668 1521 μου.
715 1444 858 1524 ἅγιε,
918 1443 1011 1511 δὸς
1070 1446 1218 1522 αὖτῷ
1270 1450 1406 1505 κατὰ
1462 1449 1708 1525 κρανίου,
1762 1451 1857 1506 ἳνα
1898 1452 1976 1524 μὴ

327 1534 706 1611 ὗπεραίρηται·
739 1536 894 1615 κάγώ
953 1557 1039 1592 σοι
1095 1538 1188 1594 τὸν
1246 1538 1413 1614 μεγαν
1471 1540 1600 1616 βοῦν
1645 1540 1977 1617 προσαγάγω

327 1625 403 1688 εἰς
435 1623 623 1704 εὐχήν.
674 1630 914 1683 Τοιαῦτα
971 1628 1067 1700 μὶν
1122 1626 1187 1682 τὰ
1241 1627 1389 1703 παρᾶ
1418 1632 1516 1684 τοῦ
1546 1627 1751 1704 δήμου.
1785 1629 1881 1684 Καὶ
1915 1628 1979 1685 οὖ

324 1719 593 1790 περιττῶς
626 1714 1105 1789 ὁπεμνηματίσθη,
1136 1714 1269 1772 ἀλλ’
1305 1717 1380 1773 ’ἶν’
1430 1715 1665 1792 εἰδῶμεν
1715 1717 1789 1780 ὡς
1834 1717 1979 1774 ἐπει·

328 1801 423 1860 δάν
454 1825 537 1867 τις
567 1804 842 1882 παροξύνῃ
896 1805 989 1862 τὸν
1047 1802 1337 1880 δεσπὸτην,
1380 1811 1499 1870 τοῖς
1529 1806 1701 1863 αὕτοῦ
1729 1807 1977 1883 παίγνιον

323 1895 534 1970 γίνεται
565 1891 909 1958 συνδούλοις·

394 1988 491 2057 Τῷ
520 1986 753 2059 εἰκοστῷ
781 1980 910 2056 ἔτει,
967 1984 1253 2043 Θεοδόσιον
1307 1989 1399 2043 τὸν
1456 1987 1574 2042 υἱὸν
1626 1987 1791 2044 αὐτοῦ
1845 2007 1970 2042 συν·

318 2078 427 2149 ἧψε
480 2075 618 2151 πρὸς
672 2077 851 2150 γάμον
899 2079 968 2150 τῇ
1027 2078 1254 2152 θυγατρὶ
1313 2081 1585 2154 Γερμανοῢ
1635 2082 1733 2133 τοῦ
1776 2096 1969 2151 πατρι-

314 2162 462 2221 κίου.
494 2160 591 2236 Τῷ
621 2163 773 2237 αὖτῷ
830 2157 936 2220 ἔτει
997 2165 1300 2239 Μαυρίκιος
1359 2165 1415 2222 ἐν
1471 2166 1618 2238 αὐτῷ
1657 2166 1969 2242 γενόμενος,

316 2255 409 2310 καὶ
439 2253 695 2326 ἐννοήσας
722 2253 807 2311 ὅτι
834 2251 987 2311 οὐδὲν
1018 2255 1110 2311 τὸν
1150 2256 1279 2311 Θεὸν
1328 2254 1596 2328 λανθάνει,
1629 2254 1777 2312 ἆλλά
1805 2261 1967 2314 πᾶσιν

322 2340 626 2400 ἂποδίδωσι
656 2345 793 2399 κατὰ
841 2338 974 2421 ἔργα
1022 2345 1222 2416 αὐτῶν,
1274 2347 1364 2401 καὶ
1420 2343 1875 2421 ἇπιλογισάμενος
1905 2347 1968 2403 τὸ

310 2431 539 2511 σφάλμα
568 2433 598 2488 ὃ
629 2431 884 2504 ἐποίησεν
931 2433 1008 2497 εἷς
1060 2435 1161 2505 τὴν
1220 2434 1636 2516 αἰχμαλωσίαν,
1666 2436 1743 2509 μή
1777 2434 1966 2511 ἐξαγο-

318 2523 482 2597 ράσας
549 2522 743 2592 αὐτὴν,
798 2522 1088 2603 συμφέρειν
1150 2521 1354 2600 ἔκρινεν
1411 2524 1560 2598 αὐτῷ
1615 2523 1668 2580 ἄν
1726 2529 1806 2597 τῷ
1863 2524 1967 2600 βίῳ

313 2610 495 2684 τούτῳ
554 2605 854 2666 ἀπολαϐεῖν
890 2612 993 2681 τὴν
1049 2611 1318 2688 ἁμαρτίαν
1372 2616 1454 2687 [Ρ.
1486 2617 1614 2687 402]
1656 2613 1747 2669 καὶ
1800 2614 1878 2688 μή
1911 2613 1964 2669 ἐν

312 2704 394 2774 τῷ
452 2698 738 2775 μέλλοντι.
801 2703 903 2759 Καὶ
961 2704 1197 2774 ποιήσας
1256 2701 1468 2774 δεήσεις
1523 2703 1824 2784 ἐγγράφους
1862 2701 1963 2759 ὰπ-

316 2789 521 2846 ἐστειλε
585 2791 723 2867 πρὸς
787 2793 963 2848 πάντα
1035 2794 1385 2871 πατριάρχην
1448 2794 1539 2848 καὶ
1605 2798 1848 2872 μοναχὸν
1886 2792 1964 2856 εἰς

314 2880 493 2936 πάντα
543 2880 611 2936 τὰ
668 2882 1008 2957 μοναστήρια
1061 2881 1151 2938 καὶ
1209 2882 1283 2944 εἰς
1334 2883 1401 2938 τὰ
1457 2882 1832 2959 Ἱεροσόλυμα,
1871 2883 1967 2938 ἳνα

317 2969 651 3039 αἰτήσωνται
707 2969 800 3024 τὸν
854 2970 982 3024 Θεὸν
1042 2970 1266 3027 ἐνταῦθα
1316 2971 1408 3027 καὶ
1463 2975 1540 3046 μὴ
1608 2973 1721 3028 ἱκεῖ
1772 2976 1963 3028 τοῦτον

315 3055 678 3128 κολασθῆναι.
739 3055 1186 3130 Ἐσκανδαλίζετο
1237 3058 1294 3117 δὲ
1342 3061 1435 3118 καὶ
1491 3060 1568 3125 εἰς
1622 3059 1964 3118 Φιλιππικὸν

319 3148 416 3203 τὸν
445 3140 695 3222 γαμϐρὸν
723 3146 914 3215 αὐτοῦ,
945 3148 1021 3211 ὡς
1047 3150 1112 3205 τὸ
1167 3155 1230 3227 φῖ
1283 3146 1431 3230 ἔχειν
1461 3150 1538 3214 εἲς
1569 3150 1964 3231 χρηματισμὸν

316 3235 410 3292 τὸν
474 3241 668 3292 τοῦτον
755 3236 1136 3313 ἀναιρήσοντα,
1204 3240 1382 3296 καίτοι
1469 3237 1746 3321 διαφόρως
1814 3241 1966 3313 αὖτῷ

320 3324 662 3382 Φιλιππικοῦ
728 3325 1037 3400 ὀμνυμὲνου
1098 3329 1175 3401 μή
1236 3322 1384 3405 ἔχειν
1453 3329 1505 3402 ἔξ
1561 3329 1727 3387 αὐτοῦ
1793 3324 1962 3409 φόϐον

315 3413 459 3471 τινά.
518 3414 738 3470 Πάντων
797 3414 889 3469 οὗν
943 3415 1068 3490 περί
1124 3417 1320 3473 τούτου
1376 3416 1716 3494 εὐχομένων,
1766 3416 1904 3474 εἶδεν
1938 3418 1966 3473 ὁ

317 3502 623 3578 Μαυρίκιος
650 3501 705 3557 ἐν
749 3507 850 3576 μιᾷ
905 3504 1055 3559 νυκτὶ
1114 3505 1190 3567 ὡς
1247 3506 1324 3569 εἰς
1381 3508 1480 3576 τὴν
1537 3507 1755 3583 χαλκῆν
1782 3505 1966 3579 πύλην

314 3595 416 3655 τοῦ
470 3589 745 3646 παλατίου
801 3592 1090 3667 ἱστάμενον
1144 3594 1331 3651 ἑαυτὸν
1388 3592 1691 3673 ἔμπροσθεν
1748 3603 1848 3667 τῆς
1889 3596 1966 3652 εἰ·

318 3679 477 3744 κόνος
524 3683 624 3735 τοῦ
679 3687 963 3755 Σωτῆρος,
1017 3682 1106 3737 καὶ
1164 3683 1295 3739 Ααὸν
1353 3682 1527 3741 πολὺν
1561 3683 1653 3739 σὺν
1683 3684 1831 3757 αὐτῷ
1858 3690 1968 3740 τῶν

317 3766 697 3842 αἰχμαλώτων
746 3767 1139 3845 ἐγκαλούντων.
1192 3772 1288 3827 Καὶ
1336 3774 1489 3849 φωνὴ
1535 3771 1755 3851 γέγονεν
1786 3771 1848 3829 ἐκ
1871 3776 1971 3828 τοῦ

320 3855 479 3930 ἆγίου
512 3863 863 3931 χαρακτῆρος
922 3857 1179 3936 λέγουσα·
1247 3862 1379 3917 Δότε
1429 3862 1747 3938 Μαυρίκιον.
1786 3861 1889 3918 Καὶ
1919 3862 1971 3917 οἰ

320 3940 480 4015 δῆθεν
550 3944 817 4020 ὑπηρέται
879 3951 1245 4024 κρατήσαντες
1311 3950 1470 4007 αὐτὸν
1537 3960 1876 4026 παρέστησαν
1917 3950 1973 4008 ἐν

316 4038 398 4108 τῷ
426 4040 695 4114 πορφυρῷ
726 4035 988 4113 ὀμφαλίῳ
1026 4043 1139 4113 (10)
1176 4046 1258 4114 τῷ
1295 4039 1488 4098 ἐκεῖσε.
1530 4041 1634 4099 Καὶ
1673 4062 1806 4120 φησι
1834 4042 1972 4118 πρὸς

317 4123 477 4180 αὐτὸν
505 4126 541 4195 ἡ
576 4125 693 4180 θεία
723 4127 902 4201 φωνή’
950 4131 1063 4182 Ποῦ
1105 4129 1282 4193 οὲλεις
1340 4129 1614 4186 ἀποδώσω
1667 4151 1751 4186 σοι
1778 4149 1792 4200 ;
1822 4129 1974 4200 Ὧδε,

319 4212 357 4283 ἢ
392 4213 443 4270 ἰν
480 4218 563 4288 τῷ
612 4212 877 4288 μέλλοντι
932 4214 1134 4286 αἰῶνις
1192 4217 1255 4273 '0
1310 4215 1368 4273 δὶ
1423 4214 1548 4297 ἔφη’
1610 4218 1977 4297 Φιλάνθρωπε

318 4300 583 4373 Δέσποτα,
646 4299 1009 4379 δικαιοκρίτα,
1069 4302 1177 4359 ὧδε
1233 4303 1470 4379 μᾶλλον,
1528 4306 1623 4362 καί
1684 4309 1759 4382 μή
1809 4309 1863 4364 ἐν
1893 4314 1977 4383 τῷ

321 4389 612 4465 μέλλοντι.
670 4392 769 4448 Καὶ
826 4392 1024 4458 εὐθέως
1080 4393 1357 4451 ἑκέλευσεν
1404 4391 1693 4467 ἐκδοθῆναι
1724 4396 1886 4455 αὐτόν
1915 4418 1977 4454 τε

316 4480 410 4536 καί
435 4482 536 4552 τήν
569 4485 799 4559 γυναῖκα
827 4482 917 4539 καὶ
972 4482 1041 4540 τὰ
1090 4485 1252 4540 τᾶκνα
1288 4482 1454 4540 αὐτοῢ
1508 4485 1600 4541 καὶ
1658 4491 1828 4542 πᾶσαν
1871 4488 1973 4557 τῆν

318 4569 634 4643 συγγένειαν
693 4576 865 4643 Φωκᾷ
935 4576 1018 4645 τῷ
1085 4574 1412 4650 στρατιώτῃ.
1474 4575 1811 4639 Διυπνισθεὶς
1877 4577 1972 4632 οὗν

2084 648 2415 720 prmdicens
2446 649 2864 721 imperatorem
2897 650 3092 723 gladio
3118 653 3379 708 occisum
3411 653 3507 720 iri,
3539 653 3653 709 Sed
3678 659 3741 710 et

2084 737 2453 794 Herodianus
2493 739 2772 794 Mauricio
2829 740 3047 811 palam,
3099 756 3230 811 qum
3280 741 3392 814 ipsi
3456 748 3738 801 eventura

2081 832 2301 895 essent,
2337 828 2722 885 denuntiavit.
2772 831 2932 884 Tunc
2963 830 3141 884 etiam
3180 831 3435 902 populus
3468 831 3737 887 Maurum

2083 916 2753 988 quemdam,hominem
2784 919 3046 973 Mauricii
3081 919 3359 988 similem,
3386 937 3523 994 sago
3554 922 3738 978 indu-

2086 1012 2211 1062 tum
2247 1024 2586 1078 coronaque
2643 1024 2712 1062 ex
2769 1006 2903 1063 aliis
2961 1015 3235 1063 conserta
3283 1008 3648 1079 redimitum,
3677 1012 3739 1066 in

2082 1093 2319 1149 asinum
2378 1094 2682 1166 imposuit,
2740 1111 2809 1149 ac
2884 1112 2992 1167 per
3038 1095 3245 1167 jocum
3311 1101 3371 1151 et
3435 1098 3736 1154 lasciviam

2082 1182 2470 1238 acclamavit:
2532 1183 2760 1238 Invenit
2814 1182 3095 1238 buculam
3154 1190 3448 1253 teneram,
3482 1191 3540 1241 et
3588 1188 3742 1243 sicut

2083 1288 2270 1327 novus
2292 1270 2551 1345 gallulus
2576 1272 2790 1327 insiliit
2811 1272 2870 1326 in
2897 1289 3051 1341 eam,
3076 1290 3144 1328 ac
3164 1275 3493 1345 procreavit
3522 1275 3741 1332 liberos

2082 1360 2273 1416 instar
2297 1360 2625 1434 lignearum
2658 1361 2953 1418 nolarum.
2988 1364 3200 1418 Sancte
3234 1363 3337 1431 mi,
3372 1370 3596 1431 sancte,
3628 1364 3736 1419 feri

2084 1450 2215 1524 ejus
2245 1456 2442 1523 caput,
2474 1467 2551 1506 ne
2582 1450 2898 1522 superbius
2938 1452 3254 1507 efferatur:
3318 1458 3442 1507 tum
3494 1469 3599 1525 ego
3633 1453 3737 1508 tibi

2082 1540 2201 1595 voti
2230 1556 2369 1597 reus
2398 1540 2607 1595 bovem
2646 1542 2916 1598 offeram.
2974 1542 3109 1597 Hac
3137 1541 3413 1612 p0pulus.
3447 1542 3584 1606 Qum
3616 1559 3739 1598 non

2084 1628 2270 1685 otiose
2294 1629 2608 1695 retuli,sed
2628 1635 2695 1685 ut
2721 1630 3253 1702 intelligamus,ubi
3273 1631 3407 1701 quis
3431 1630 3740 1687 dominum

2084 1720 2358 1786 irritavit,
2409 1736 2547 1775 eum
2600 1718 2859 1775 ludibrio
2918 1719 3121 1776 haberi
3170 1719 3242 1774 ab
3276 1721 3370 1775 his
3400 1720 3500 1790 qui
3533 1721 3741 1777 eadem

2084 1826 2220 1865 cum
2251 1809 2378 1880 ipso
2406 1809 2747 1866 conditione
2775 1810 3061 1865 serviunt.

2156 1992 2328 2047 Anno
2357 1995 2446 2060 20,
2478 1991 2791 2047 Mauricius
2824 1990 2944 2046 filio
2972 2007 3078 2047 suo
3099 1991 3427 2048 Theodosio
3458 1994 3732 2049 Germani

2085 2080 2318 2151 patricii
2378 2081 2564 2136 ﬁliam
2621 2080 2961 2153 despondit.
3016 2081 3358 2157 Eodemque
3388 2098 3546 2137 anno
3580 2083 3641 2139 in
3674 2100 3737 2139 se

2083 2168 2551 2240 descendens,ac
2575 2170 2864 2226 memoria
2884 2176 3161 2242 repetens
3184 2172 3369 2227 Deum
3393 2172 3544 2227 nihil
3585 2172 3735 2228 clam

2084 2275 2235 2327 esse,
2270 2275 2524 2331 eumque
2584 2277 2690 2331 pro
2748 2261 2981 2316 meritis
3034 2260 3248 2332 cuique
3297 2261 3421 2317 suis
3449 2262 3606 2318 bona
3634 2267 3737 2319 aut

2080 2348 2236 2404 mala
2266 2348 2550 2415 tribuere,
2609 2351 2765 2405 τοι
2820 2354 2948 2404 tum
3006 2366 3209 2406 secum
3245 2351 3514 2422 cogitans
3554 2368 3733 2422 quam

2078 2438 2339 2510 graviter
2365 2438 2470 2494 abs
2502 2454 2564 2494 se
2590 2443 2898 2510 peccatum
2930 2446 3089 2495 esset
3108 2457 3226 2511 quo
3249 2445 3514 2512 tempore
3547 2442 3734 2512 capti-

2078 2543 2179 2582 vos
2207 2526 2502 2583 redimere
2550 2526 2763 2592 noluit,
2811 2533 3094 2599 praestare
3141 2528 3499 2584 existimavit
3542 2530 3629 2584 uti
3665 2530 3729 2584 in

2080 2616 2193 2672 hoc
2221 2616 2420 2687 potius
2450 2633 2630 2687 quam
2660 2617 2724 2672 in
2752 2616 2953 2672 futuro
2985 2615 3199 2673 saaculo
3228 2633 3432 2689 poenas
3473 2619 3590 2672 Deo
3621 2618 3728 2674 de-

2078 2705 2596 2778 penderetJtaque
2626 2706 3076 2778 deprecationes
3107 2707 3320 2762 litteris
3349 2708 3728 2780 consignatas

2077 2790 2152 2847 ad
2210 2808 2420 2848 omnes
2474 2793 2842 2864 patriarchas
2892 2798 2951 2849 et
3005 2792 3352 2863 monachos,
3410 2796 3475 2851 in
3532 2797 3727 2853 omnia

2078 2882 2463 2948 monasteria,
2515 2881 2695 2937 etiam
2743 2882 3152 2955 Hierosolyma
3198 2883 3381 2952 misit,
3433 2889 3502 2939 ut
3534 2900 3568 2939 a
3616 2886 3734 2940 Deo

2077 2975 2349 3043 peterent
2377 2974 2445 3026 ut
2472 2970 2588 3043 ipsi
2619 2986 2740 3026 non
2796 2971 2858 3027 in
2916 2972 3100 3028 altero
3151 2971 3255 3029 sed
3286 2973 3347 3029 in
3376 2973 3489 3028 hoc
3517 2973 3732 3028 saeculo

2074 3075 2282 3133 pmnas
2310 3060 2662 3131 imponeret.
2686 3059 2841 3125 Quin
2862 3065 2922 3115 et
2947 3061 3010 3115 in
3032 3061 3431 3134 Philippicum
3462 3063 3728 3135 impegit,

2075 3150 2298 3205 sororis
2327 3166 2448 3205 sum
2480 3150 2783 3230 maritum,
2844 3149 2917 3206 ab
2971 3166 3041 3205 eo
3089 3150 3312 3206 caedem
3374 3152 3485 3206 sibi
3530 3153 3728 3224 parari

2076 3238 2388 3310 suspicans
2435 3255 2506 3294 ex
2552 3238 2830 3294 vaticinia
2862 3238 3142 3309 quodam,
3175 3239 3333 3310 quod
3362 3240 3729 3311 percussoris

2076 3343 2298 3382 nomen
2326 3343 2363 3382 a
2388 3326 2587 3382 littera
2642 3344 2711 3383 ru
2770 3326 2951 3382 ordiri
2986 3327 3288 3396 monebat,
3321 3344 3458 3384 cum
3488 3328 3733 3400 quidem

2078 3414 2448 3487 Philippicus
2477 3414 2724 3471 insidias
2753 3416 3032 3472 omnibus
3070 3416 3265 3472 modis
3295 3417 3571 3489 ejuraret.
3606 3419 3734 3474 Cas-

2080 3508 2274 3560 terum
2298 3504 2632 3569 Mauricius,
2655 3521 2792 3560 cum
2815 3520 2920 3576 pro
2941 3520 3008 3560 eo
3031 3521 3233 3576 prcces
3254 3506 3477 3578 passim
3501 3506 3734 3576 fierent,

2081 3592 2339 3664 quadam
2372 3598 2546 3648 nocte
2590 3594 2653 3648 in
2689 3594 2913 3649 somnis
2944 3594 3302 3667 imaginatus
3332 3600 3423 3651 est
3451 3612 3514 3652 se
3540 3601 3735 3653 astare

2081 3698 2281 3738 coram
2312 3681 2569 3754 imagine
2610 3682 2958 3750 Servatoris,
3008 3682 3070 3738 in
3118 3690 3291 3755 porta
3321 3684 3525 3756 palatii
3557 3701 3732 3758 aarea,

2083 3770 2452 3842 multamque
2475 3786 2676 3825 secum
2700 3770 2931 3826 turbam
2954 3772 3318 3842 captivorum
3342 3774 3539 3845 ipsum
3560 3790 3733 3830 accu-

2084 3858 2384 3915 santium:
2427 3864 2554 3914 tum
2610 3875 2808 3914 vocem
2857 3857 2931 3913 de
2978 3875 3148 3915 sacra
3195 3860 3451 3933 imagine
3492 3862 3730 3929 exiisse,

2085 3964 2218 4019 qum
2250 3947 2594 4002 Mauricium
2644 3946 2771 4002 sisti
2819 3946 3080 4018 juberet.
3121 3949 3209 4004 Ita
3257 3965 3318 4004 se
3359 3966 3396 4005 a
3442 3949 3734 4006 ministris

2086 4041 2450 4109 correptum,
2482 4036 2662 4107 inque
2712 4036 3128 4108 porphyretico
3162 4037 3241 4092 ibi
3272 4037 3556 4095 umbilico
3586 4055 3734 4094 con-

2088 4125 2357 4181 stitutum
2382 4142 2417 4180 a
2436 4124 2636 4180 divina
2662 4141 2801 4180 voce
2823 4125 3251 4198 interrogatum
3281 4126 3736 4192 fuisse,ubinam

2087 4212 2200 4268 sibi
2231 4212 2478 4285 rependi
2503 4212 2698 4269 vellet.
2731 4214 2805 4270 Se
2835 4218 3033 4269 autem
3065 4213 3317 4270 dixisse:
3349 4215 3597 4270 Domine
3627 4216 3738 4271 hu-

2085 4301 2456 4369 manissime,
2480 4301 2668 4377 judex
2700 4302 2883 4373 juste,
2913 4302 3010 4358 hic
3060 4302 3218 4359 malo
3248 4318 3424 4375 quam
3456 4303 3518 4359 in
3549 4302 3738 4360 altera

2085 4391 2226 4448 vita.
2258 4391 2586 4462 Statimque
2609 4390 2952 4448 mandatum
2975 4390 3158 4449 fuisse
3177 4398 3245 4449 ut
3265 4409 3399 4448 cum
3421 4408 3605 4449 uxore
3631 4409 3741 4449 sua

2087 4487 2145 4539 et
2172 4481 2381 4538 liberis
2436 4487 2677 4554 totaque
2726 4481 2955 4538 familia
3006 4483 3220 4538 Phocm
3260 4482 3438 4539 militi
3467 4483 3744 4540 dedatur.

2084 4575 2479 4647 Experrectus
2508 4572 2709 4628 statim
2761 4572 3163 4628 accubitorem
3217 4589 3391 4630 suum
3438 4575 3603 4630 misit
3632 4575 3736 4647 qui

316 4656 640 4715 ἀπέστειλεν
718 4659 872 4721 εὐθὺς
933 4662 1028 4717 τὸν
1080 4664 1582 4739 παρακοιμώμενον
1627 4664 1794 4721 αὐτοῦ
1854 4664 1972 4741 ἄγα-

2092 4663 2492 4735 Philippicum
2540 4661 2880 4717 adduceret.
2930 4662 3040 4728 Qui
3085 4661 3399 4735 desperata
3427 4662 3501 4719 ob
3533 4664 3592 4719 id
3621 4664 3745 4719 vita

319 4752 435 4823 γεῖν
487 4748 851 4806 Φιλιππικόν’
912 4750 972 4813 ὅς
1032 4750 1169 4824 αὐτῇ
1231 4755 1300 4827 τῇ
1358 4750 1476 4830 ὥρᾳ
1516 4752 1645 4809 ἰδὼν
1677 4754 1769 4810 τὸν
1801 4774 1975 4829 παρα-

317 4839 670 4913 κοιμώμενον
702 4841 789 4895 καὶ
844 4844 945 4906 τῆς
998 4841 1190 4897 ἑαυτοῦ
1250 4847 1396 4912 ζωῆς
1434 4842 1703 4918 ἀπογνοὺς
1730 4841 1974 4918 ᾐτήσατο

315 4934 653 4997 κοινωνῆσαι
682 4931 821 5003 (Η),
853 4930 941 4984 καὶ
996 4929 1168 4991 οὕτως
1216 4930 1384 5006 ἆπῄει
1425 4932 1563 5006 πρὸς
1593 4932 1686 4987 τὸν
1718 4930 1972 5006 βασιλέα,

2086 4754 2252 4826 prius
2272 4753 2758 4809 communionem
2781 4769 3011 4808 sacram
3034 4753 3299 4825 expetiit,
3318 4770 3505 4823 eaque
3535 4767 3743 4825 perce-

2083 4848 2187 4915 pta
2206 4842 2282 4915 ad
2312 4842 2734 4913 imperatorem
2765 4841 2931 4903 abiit,
2958 4857 3203 4897 uxorem
3234 4841 3740 4912 relinquens,quas

2085 4931 2236 4988 105
2269 4946 2508 4986 saccum
2538 4928 2746 4985 induta
2772 4935 2830 4985 et
2858 4930 3061 4985 cinere
3098 4944 3422 5001 conspersa
3452 4928 3740 5001 ejulabat.

1530 5050 1891 5107 XYLANDRI
1928 5051 2017 5105 ET
2055 5048 2271 5106 GOARI
2310 5047 2529 5102 NOTAE.

392 5162 468 5234 (9)
495 5162 680 5239 Fatue
706 5166 949 5222 omnino
981 5171 1039 5222 et
1079 5164 1355 5239 imperite
1398 5166 1638 5239 lusisset
1666 5168 1728 5223 in
1759 5167 1976 5225 Mauri-

322 5233 481 5288 cium
503 5236 779 5311 populus,
805 5238 853 5292 si
878 5233 1385 5311 utcunque,ju1;ta
1407 5238 1690 5311 Xylandri
1709 5256 1973 5309 sensum,

320 5321 443 5379 cum
472 5307 729 5379 notarum
752 5309 1058 5379 ligncarum
1081 5307 1263 5366 instar
1282 5310 1438 5365 filios
1461 5307 1795 5379 suscepisse
1827 5307 1976 5366 efl‘u-L

322 5327 443 5359 cum
472 5327 729 5362 natarum
752 5327 1058 5379 ugncarum
1082 5327 1263 5366 instar
1282 5327 1438 5365 unos
1465 5327 1634 5366 susce
1681 5327 1795 5365 isse
1827 5327 1976 5366 enu-

322 5375 569 5453 tivisset.
595 5375 1008 5453 Eo}oxm8mvov
1027 5380 1428 5453 itaque,cujus
1444 5382 1567 5453 vice
1589 5327 1976 5453 TKeophanes

321 5443 759 5570 ἱυλοκοῦκουδον
817 5452 1043 5521 scribit,
1104 5443 1248 5507 cum.
1298 5443 1387 5508 n'il
1443 5451 1609 5509 aliud
1657 5443 1979 5524 sifprwter

348 5519 570 5570 ianeum
600 5521 1001 5570 crmitamzlum
1038 5523 1124 5570 vel
1162 5524 1417 5570 nlnbnhm
1445 5524 1657 5570 lmnmm
1686 5539 1979 5570 nnnnmms

348 5519 570 5595 igneum
600 5521 1001 5592 crepitaculum
1030 5519 1128 5578 vel
1161 5524 1417 5593 globulus
1445 5524 1657 5595 ligneus
1686 5519 1979 5580 concavus

326 5594 385 5643 et
404 5590 806 5667 unzlequaqnc
831 5590 1251 5667 perforatusﬁn
1285 5613 1401 5667 quo
1432 5590 1627 5651 nuclei
1656 5595 1744 5650 vel
1769 5595 1979 5651 tintin—

322 5658 547 5740 nabula
580 5658 987 5740 i'ncluduntur,
1010 5671 1076 5740 ut
1100 5658 1474 5740 perstrepero
1498 5668 1626 5740 ejus
1646 5667 1855 5740 sonitu
1885 5684 1978 5740 re;

325 5736 608 5791 creentur
622 5736 879 5807 pueri,et
896 5736 1150 5810 pOpultis
1165 5736 1238 5795 ad
1256 5736 1622 5797 ludicrorum
1642 5738 1980 5796 istiusmodi

2086 5166 2276 5223 instar
2301 5161 2564 5218 Mauricii
2588 5160 2741 5217 ﬁlios
2764 5179 2825 5218 se
2851 5167 3051 5216 tenere
3068 5162 3413 5233 proclamet.
3432 5163 3742 5218 Summum

2084 5239 2146 5294 in
2161 5254 2261 5293 eos
2274 5233 2973 5307 patremqueMauricium
2988 5232 3328 5307 manifestat
3338 5240 3743 5307 contemptum

2087 5304 2412 5379 eorumque
2431 5310 2682 5379 mortem
2701 5305 3188 5379 ludum,gemitus
3206 5304 3510 5379 ludicrum
3532 5304 3744 5379 strepi-

2084 5386 2213 5452 tum
2269 5373 2399 5434 sése
2458 5375 2799 5452 habiturum
2854 5373 3141 5452 minatur.
3195 5373 3509 5452 βούκουδον
3563 5373 3741 5452 porro

2083 5451 2309 5523 nucleus
2339 5453 2430 5523 est
2458 5454 2518 5503 et
2545 5443 3283 5523 gipbltlystguhxoéxouSov
3326 5443 3742 5523 lignum‘stre.

2086 5521 2246 5595 peris
2267 5518 2613 5591 hujusmodi
2636 5517 3177 5595 globuli‘s‘plenum.
3207 5517 3420 5595 Annon
3443 5520 3743 5593 Xylander

2086 5587 2173 5649 vir
2202 5587 2432 5665 ligneus
2454 5595 2513 5645 et
2540 5587 2858 5665 puerorum
2890 5587 3274 5665 amasset-4m
3295 5593 3331 5665 ‘Iﬁ
3352 5587 3527 5649 (ὶοΑιὶ,

2186 5662 2275 5735 1οῘ
2303 5664 2480 5735 Signo
2512 5662 2861 5735 rotundoiin
2891 5678 3042 5717 arena
3076 5663 3272 5735 medio
3308 5664 3444 5721 ﬁxo.
3479 5667 3654 5723 Gosn.

2186 5667 2253 5719 lo
2303 5667 2480 5735 Signo
2512 5667 2768 5718 rotundo
2801 5667 2861 5717 in
2891 5678 3042 5717 arena
3076 5667 3272 5721 medio
3308 5667 3444 5721 ﬁxo.
3479 5667 3654 5723 Gosn.

2157 5667 2271 5809 ίίίί
2327 5735 2455 5790 Νοιι
2519 5733 2914 5792 dissimulabo
2966 5749 3061 5791 me
3118 5734 3217 5793 hic
3275 5741 3551 5795 secutum
3611 5744 3742 5791 esse
