4134 6212
266 298 389 364 773

1412 307 1956 374 HISTOlllARUM
1998 311 2559 380 COMPENDIUM.

3575 327 3696 389 774

265 431 505 507 φυλάξαι
559 433 661 504 τὴν
709 432 1065 506 Ἐκκλησίαν,
1116 435 1210 492 καῖ
1266 436 1653 515 ἀναγορεύεται
1716 441 1782 497 τὸ
1834 461 1926 497 κα-

2043 449 2295 517 tyranno
2327 456 2628 524 sceptrum
2649 454 3131 523 committitur,et
3159 456 3469 515 calamitas
3487 459 3699 531 patria)

262 524 385 595 κὸν,
411 523 502 577 καὶ
533 524 726 597 κύριος
782 528 890 579 τῶν
947 527 1247 601 σκήπτρων
1305 528 1334 581 ὁ
1388 527 1650 603 τύραννος
1702 550 1936 607 προχει-

267 611 501 687 ρίζεται,
531 613 623 666 καὶ
652 618 844 687 κρατεῖ
908 616 1012 683 τῆς
1068 612 1401 688 εὐδαίμονος
1452 617 1486 687 ἡ
1520 619 1798 697 συμφορὰ,
1848 622 1939 676 καὶ

263 696 541 774 λαμϐάνει
570 703 670 769 τήν
700 697 907 774 ἔναρξιν
957 704 1025 758 τὰ
1086 704 1297 777 μεγάλα
1327 711 1438 760 τῶν
1488 696 1780 780 Ῥωμαίων
1810 707 1939 763 ἀτυ-

271 793 529 866 χήματα,
562 790 649 845 καὶ
682 791 1059 867 ἀναγορεύεται
1088 792 1140 847 ἐν
1171 799 1251 867 τῷ
1299 800 1413 868 ναῷ
1451 800 1548 850 τοῦ
1591 794 1935 872 Ηροδρόμου,

272 879 367 934 καὶ
429 880 567 953 μετὰ
624 877 721 934 δύο
778 879 988 955 ἡμέρας
1039 882 1122 937 ἐπὶ
1180 881 1480 957 βασιλικῆς
1534 885 1748 958 ἁμάξης
1803 890 1938 942 καθ-

269 968 533 1040 εζόμενος
571 967 648 1031 εἷς
676 969 742 1023 τὰ
774 967 1027 1043 βασίλεια
1058 970 1383 1047 εἰσέρχεται.
1416 974 1501 1038 Τῇ
1562 971 1620 1028 δὲ
1678 976 1716 1028 ε’
1754 976 1937 1049 ἡμέρᾳ

265 1058 491 1113 Λευντὼ
515 1059 617 1127 τήν
650 1056 843 1112 ἑαυτοῦ
882 1064 1109 1135 γυναῖκα
1164 1054 1381 1134 ἔστεψεν
1440 1061 1783 1137 Αὐγοῦσταν.
1834 1066 1934 1129 Εἰς

265 1144 330 1203 δὶ
356 1147 420 1202 τὸ
448 1147 673 1202 ἱππικὸν
716 1146 1039 1209 ἂνελθόντος
1068 1154 1167 1204 τοῦ
1197 1150 1481 1225 τυράννου,
1543 1152 1632 1207 καὶ
1693 1154 1932 1219 στάσεως

262 1237 567 1311 γενομένης
625 1236 756 1311 περί
812 1239 1203 1312 προτιμήσεως
1261 1239 1435 1295 τόπου
1487 1246 1607 1305 τοῖς
1692 1242 1928 1318 μέρεσιν,

260 1318 490 1399 ἔκραξαν
519 1325 572 1379 οἱ
601 1322 793 1394 δῆμοι·
844 1328 891 1383 Ο
946 1327 1250 1401 Μαυρίκιος
1302 1328 1403 1382 οὐκ
1449 1327 1725 1400 ἀπέθανεν,
1786 1330 1932 1387 ἀλλὰ

267 1419 360 1489 ζῇο
389 1413 746 1490 ἐρωτηθήτω.
777 1417 839 1473 Ὁ
869 1413 927 1471 δὲ
948 1414 1205 1492 ἀλάστωρ
1261 1424 1493 1474 κινεῖται
1541 1421 1679 1495 πρὸς
1706 1422 1797 1477 τὸν
1830 1420 1929 1500 φό-

264 1524 360 1560 νον
390 1505 721 1579 Μαυρικίου,
755 1504 847 1558 καὶ
878 1504 1209 1569 ἀποστείλας
1247 1506 1427 1584 ἤγαγε
1453 1509 1547 1563 τὸν
1578 1514 1827 1565 τοιοῦτον
1850 1511 1927 1573 εἰς

263 1593 364 1649 τὸν
386 1591 699 1668 Εὖτροπίου
746 1592 961 1665 λιμέναο
1019 1594 1111 1649 καὶ
1158 1602 1615 1671 προαναιροῖηται
1647 1600 1700 1653 οἱ
1728 1600 1927 1655 τούτου

266 1678 431 1735 πέντε
452 1677 668 1753 ἄρρενες
696 1677 886 1742 παῖδες
944 1679 1029 1735 ἐπ’
1088 1677 1278 1755 ὄψεσιν
1338 1682 1523 1739 αὐτοῦ.
1560 1686 1616 1738 ’0
1661 1683 1720 1740 δὲ
1772 1688 1928 1743 Μαυ-

2050 532 2193 590 felix
2224 537 2539 609 imperium
2570 548 2821 612 occupat
2852 560 2866 609 ;
2898 543 3056 613 quod
3113 544 3351 601 initium
3408 546 3523 602 fuit
3577 566 3703 605 ma-

2046 640 2319 697 gnorum,
2344 630 2558 700 quibus
2588 648 2683 685 res
2714 633 2976 687 Romana
3002 634 3204 688 attrita
3233 640 3344 701 est,
3376 636 3693 694 malorum.

2048 714 2231 771 Biduo
2263 722 2397 788 post
2423 718 2649 773 Phocas
2681 736 2859 774 curru
2906 721 3201 792 imperiali
3240 724 3299 777 in
3331 725 3551 796 regiam
3585 728 3699 782 ad-

2046 810 2244 861 vectus
2268 812 2376 876 est,
2407 825 2475 863 ac
2506 809 2715 880 quinta
2746 810 2841 865 die
2874 811 3233 867 Leontonem
3263 830 3507 869 uxorem
3525 833 3693 872 suam

2043 910 2262 952 corona
2292 897 2569 968 imposita
2600 900 2923 970 Augustam
2974 904 3358 972 nuncupavit.
3393 906 3537 958 Cum
3590 922 3696 961 au-

2041 989 2161 1039 tem
2185 991 2476 1057 tyrannus
2507 987 2569 1042 in
2613 987 2781 1043 Circo
2832 994 3010 1055 esset,
3050 1006 3119 1044 ac
3174 991 3247 1045 de
3306 992 3417 1046 loci
3478 1011 3693 1064 pra-ro-

2038 1073 2229 1143 gativa
2284 1076 2438 1128 inter
2493 1081 2691 1146 partes
2774 1078 3253 1146 contenderetur,
3324 1082 3573 1151 populus
3632 1084 3691 1138 in

2040 1163 2301 1218 tumultu
2321 1163 2672 1219 vociferatus
2702 1168 2793 1219 est
2826 1182 2839 1218 :
2873 1166 3276 1239 Interrogetur
3328 1171 3640 1227 Mauricius
3677 1206 3689 1244 ε

2038 1267 2158 1306 non
2189 1252 2349 1307 enim
2379 1257 2649 1308 mortuus
2697 1259 2808 1321 est,
2865 1254 2968 1309 sed
3027 1256 3184 1310 vivit.
3218 1259 3297 1311 Eo
3346 1259 3567 1315 Phocas
3614 1261 3690 1315 ad

2037 1339 2261 1395 caedem
2294 1341 2558 1396 Mauricii
2582 1342 2893 1408 excitatus,
2929 1343 3130 1398 missis
3160 1343 3416 1414 famulis,
3449 1364 3585 1402 eum
3617 1349 3694 1403 ad

2034 1436 2271 1501 portum
2308 1431 2573 1501 Eutropii
2604 1431 2817 1487 adduci
2844 1432 3039 1504 jubet.
3074 1433 3265 1488 Primo
3298 1435 3558 1506 quinque
3585 1436 3693 1500 lilii

2034 1518 2281 1574 masculi
2338 1525 2505 1591 patre
2536 1520 2813 1576 Mauricio
2864 1521 3131 1576 intuente
3158 1524 3351 1577 necati
3384 1529 3540 1579 sunt.
3575 1526 3692 1590 Qui

2033 1608 2095 1662 in
2125 1608 2462 1664 calamitate
2514 1609 2626 1664 ista
2655 1626 2851 1665 veram
2899 1610 3191 1666 adhibens
3222 1612 3681 1684 philosophiam,

2031 1696 2358 1753 identidem
2382 1698 2559 1753 verba
2591 1699 2715 1753 haec
2738 1698 3045 1770 repetebat
3077 1716 3089 1754 :
3125 1702 3326 1755 Justus
3358 1718 3442 1769 es,
3493 1702 3687 1757 Domi-

264 1767 443 1846 ρίκιος
473 1766 794 1846 φιλοσοφῶν
823 1772 904 1840 τῷ
935 1766 1318 1870 δυστυχήματι
1378 1778 1626 1848 συνεχῶς
1657 1773 1923 1852 ἐπεφθὲγο

2038 1803 2129 1856 ne,
2156 1787 2467 1858 etjudicia
2488 1788 2770 1859 tuajusta
2805 1766 2985 1843 sunt.
3045 1789 3133 1844 Ita
3180 1805 3317 1861 ergo
3368 1766 3686 1847 Mauricius

257 1875 410 1933 γετο·
446 1856 663 1918 Δίκαιος
696 1856 762 1912 εἴ.
797 1857 984 1933 Κύριε,
1026 1858 1118 1913 καὶ
1189 1856 1394 1915 δίκαιαι
1455 1862 1511 1917 αἱ
1567 1862 1771 1933 κρίσεις
1803 1885 1923 1921 σου.

260 1944 476 2001 Γίνεται
532 1944 712 2000 τοίνυν
768 1949 877 2001 τῶν
909 1943 1121 2002 παίδων
1181 1949 1211 2002 ὁ
1269 1950 1492 2013 θάνατος
1535 1956 1635 2006 τοῦ
1720 1953 1926 2029 πατρὸς

262 2031 577 2110 ἐπιτάφιον,
617 2029 1029 2104 ἐπιδειξαμένου
1081 2035 1182 2103 τήν
1242 2036 1437 2112 ἀρετὴν
1496 2036 1551 2092 ἐν
1601 2042 1682 2111 τῷ
1714 2042 1931 2117 μεγέθει

264 2126 371 2190 τῆς
400 2125 708 2196 συμφορᾶςο
740 2127 842 2189 τῆς
870 2120 977 2196 γὰρ
1006 2124 1240 2194 τιθήνης
1299 2123 1467 2179 αὐτοῦ
1531 2126 1810 2200 κλεψάσης
1838 2125 1932 2184 ἵνα

262 2213 379 2264 τῶν
411 2208 716 2284 βασιλικῶν
743 2207 956 2266 παίδων
994 2211 1086 2266 καὶ
1134 2212 1197 2267 τὸ
1250 2212 1445 2283 ἑαυτῆς
1500 2212 1796 2288 ἒπιδούσης
1853 2217 1933 2281 εἷς

266 2299 503 2375 σφαγὴν,
547 2300 576 2354 ὁ
625 2298 928 2374 Μαυρίκιος
961 2299 1024 2355 οὔ
1070 2299 1412 2375 κατεδέξατο,
1469 2303 1619 2360 ἀλλᾶ
1671 2305 1735 2360 τὸ
1793 2303 1934 2366 ἴδιον

269 2387 599 2459 ἐπεζήτησε.
633 2389 775 2445 Φασὶ
807 2387 863 2445 δὲ
889 2410 1033 2453 τινες
1091 2391 1177 2447 ’ὁτι
1229 2392 1428 2448 τούτου
1470 2393 1762 2472 σφαγέντος
1790 2392 1934 2471 γάλα

269 2475 367 2531 σὺν
399 2481 480 2549 τῷ
523 2475 713 2551 αἵματι
773 2476 1039 2554 ἔρῥευσεν,
1107 2480 1184 2543 ὡς
1249 2481 1453 2544 πάντας
1510 2483 1638 2545 τοὺς
1692 2484 1932 2558 ὁρῶντας

269 2567 541 2639 θρηνῆσαι
595 2564 810 2628 δεινῶς.
869 2568 1025 2624 Οὕτω
1088 2569 1184 2642 μὶν
1233 2568 1326 2624 οὖν
1394 2571 1423 2625 ὁ
1458 2569 1715 2646 βασιλεὺς
1743 2573 1931 2646 νόμων

273 2661 484 2728 φύσεως
534 2652 877 2730 ὕψηλότερος
928 2657 1167 2733 γεγονὼς
1214 2657 1305 2713 καὶ
1372 2657 1536 2721 αὐτὸς
1595 2660 1930 2717 ὑπαλλάττει

269 2745 362 2800 τὸν
397 2745 541 2820 βίον.
574 2747 801 2803 Τούτων
834 2744 890 2802 δὲ
945 2748 1042 2809 τὰς
1088 2746 1329 2825 κεφαλάς
1380 2747 1432 2804 ἐν
1462 2749 1543 2823 τῷ
1570 2750 1776 2825 κάμπῳ
1829 2756 1927 2809 τοῦ

269 2830 658 2909 τριϐουναλίου
711 2839 821 2909 (16)
897 2834 1142 2913 ἔῤῥιψαν.
1196 2839 1344 2894 Μετᾶ
1402 2835 1459 2893 δὲ
1527 2839 1591 2895 τὸ
1673 2840 1924 2911 ἑποζέσαι

271 2923 458 2994 αὐτὰς,
490 2919 659 2999 ὥρισε
684 2931 803 2987 τοῖς
835 2923 1054 2981 Θέλουσι
1087 2922 1275 2982 λαϐεῖν
1311 2928 1497 2990 αὐτάς·
1552 2928 1614 2992 ἅς
1658 2931 1750 2985 καὶ
1806 2936 1924 2993 τοῖς

267 3012 515 3086 σώμασιν
544 3014 723 3069 αὐτῶν
751 3014 1079 3089 προσέμιξαν
1109 3016 1162 3070 οἱ
1220 3013 1601 3093 φιλόχριστοι,
1658 3017 1922 3093 θάψαντες

266 3097 320 3156 ἒν
353 3106 434 3173 τῷ
461 3107 576 3174 ναῷ
602 3107 702 3158 τοῦ
731 3103 922 3178 Ἀγίου
953 3103 1275 3177 Μάμαντος,
1323 3103 1564 3176 πλησίον
1605 3113 1706 3177 τῆς
1732 3106 1921 3164 Ξυλο-

261 3189 461 3267 κέρκου
488 3191 701 3266 πόρτης
734 3194 868 3265 (17).
914 3192 1259 3269 Ἐπὲγραψαν
1318 3190 1377 3249 δὶ
1415 3199 1496 3267 τῷ
1550 3196 1707 3272 τάφῳ
1738 3198 1918 3254 αὐτῶν
1950 3181 1994 3247 Cv

260 3278 497 3355 ἐλεγεῖον
519 3278 666 3336 τόδε·

258 3444 345 3517 [Ρ.
402 3459 531 3530 404]
589 3456 707 3515 Ἀδ’
792 3456 901 3535 ἐγὼ
956 3462 992 3529 ἡ
1049 3457 1389 3535 τριτάλαινα,
1447 3461 1568 3609 napi“
1593 3462 1920 3606 ἀμῖοτέρων

1572 3554 1623 3588 σι
1710 3557 1807 3606 ων,

1572 3554 1807 3606 σιΑηων,

329 3594 583 3678 Τιϐερίου
614 3599 853 3678 θυγάτηρ
885 3601 1192 3678 Μαυρ-ικίου
1219 3623 1277 3678 τε
1316 3594 1518 3678 δάμαρ,

259 3669 627 3751 Ἐ’πολ-ὖπαις
668 3669 937 3751 βασῌέια,
968 3669 1059 3751 καὶ
1163 3669 1659 3751 δείξασαλόχείην,

328 3742 416 3821 Ϊῼς
444 3743 640 3821 ἀγαθὸν
669 3742 876 3821 τελέθει
905 3742 1447 3821 καὶᾉπολυκοιρανίῃ,

261 3818 453 3893 Κεῖμαι
485 3813 842 3893 σὺν-τεκέεσσί.
873 3818 962 3870 καὶ
984 3813 1592 3893 ’ἡμετερῳπαρακοίτῃ

335 3884 412 3964 Ᾱή
424 3906 532 3964 μου
554 3885 736 3964 ,ᾀιτασθ
745 3884 813 3964 αλ
824 3888 877 3964 ἕλῃ
909 3890 998 3943 καὶ
1017 3884 1203 3964 μανίη
1219 3884 1406 3964 ⁷στράτ
1416 3896 1467 3959 ιῆ
1478 3912 1522 3954 ς.

258 3957 365 4026 Τῆς
401 3952 679 4028 ”Ἑκάϐης
774 3952 939 4029 ἔτλην
1023 3952 1202 4014 πολὺν
1260 3952 1502 4036 χείρονα,
1586 3968 1685 4054 τῇς
1782 3964 1913 4021 Ἰου.

1576 4054 1783 4097 καστης

1576 4056 1806 4105 καστης,

328 4097 407 4176 Ai
429 4096 499 4176 αἶ’-
516 4104 618 4169 τῆς
648 4095 864 4176 Νιόϐης
892 4100 1129 4176 ἔμπνοός
1159 4102 1272 4176 εἰμι
1304 4104 1477 4166 νέκυς.
1601 4174 1608 4176 _

256 4171 361 4224 Ναὶ
417 4172 505 4225 ναὶ
608 4174 703 4228 τὸν
803 4171 1040 4247 γενέταν
1144 4171 1223 4229 τί’
1305 4176 1484 4248 μάτην
1544 4174 1627 4267 ,τὰ
1724 4179 1917 4256 νεογνὰ

1542 4267 1783 4304 εκτειναν
1794 4293 1809 4318 ,

333 4313 650 4390 Δνίξρώπων
681 4314 875 4390 καλκίης
910 4313 1081 4390 μηδὲν
1108 4314 1438 4390 ἐπιστάμενα
1471 4337 1486 4388 ;

259 4382 573 4457 ’Πμετέροις
606 4382 891 4442 πετάλοισι
910 4382 1207 4451 ’κατάσκιος
1237 4382 1415 4445 οὐκέτι
1440 4382 1650 4464 ’βώμψ

475 4529 629 4599 Ῥίζα
681 4531 785 4607 γὰρ
840 4528 1112 4599 ἐκκλάσθη
1153 4531 1435 4607 Θρηϊκίοις
1465 4530 1713 4607 ἀνέμοις.

258 4688 318 4746 Ὁ
350 4687 407 4745 δὲ
439 4687 779 4753 Φιλιππικὸς
812 4691 1249 4767 ἀποκειράμενος
1271 4694 1677 4769 καίἱερωσύνην
1701 4690 1913 4767 λαϐὼν,

255 4776 310 4832 ἒν
334 4776 714 4852 Χρυσουπόλει
749 4776 1013 4836 διατελῶν
1041 4780 1267 4857 ἡσύχως
1289 4779 1661 4853 ἐτελεύτησεν.

327 4866 411 4936 Ἐξ
440 4865 648 4922 ἐκείνου
690 4867 782 4922 οὗν
844 4873 942 4924 τοῦ
996 4874 1189 4946 καιροῦ
1238 4869 1301 4925 οὗ
1360 4868 1576 4926 διέλιπε
1634 4873 1735 4941 τήν
1778 4877 1917 4930 Ῥω-

265 4954 455 5029 μανίαν
496 4953 905 5033 δυστυχήματα
961 4957 1192 5014 ποικίλα
1248 4960 1339 5013 καὶ
1423 4959 1645 5029 ἐξαίσια.
1704 4962 1761 5016 Ὀ
1813 4962 1918 5039 γὰρ

260 5048 366 5098 τῶν
400 5048 616 5120 Ηερσῶν
653 5044 909 5120 βασιλεὺς
939 5048 1192 5124 Χοσρόης
1245 5048 1345 5117 τήν
1404 5047 1627 5123 εἰρήνην
1680 5047 1917 5125 διέλυσε,

261 5130 352 5186 καὶ
382 5133 437 5187 οἱ
465 5127 699 5210 Ἀϐαρες
729 5135 828 5204 τὴν
861 5136 1079 5210 Θράκην
1136 5134 1425 5205 διώλεσαν,
1482 5137 1576 5192 καὶ
1633 5136 1801 5218 ἄμφω
1851 5140 1919 5196 τὰ

266 5218 598 5295 στρατόπεδα
653 5226 762 5277 τῶν
830 5224 1121 5298 Ῥωμαίων
1168 5225 1553 5302 διεφθάρησαν,
1603 5224 1742 5283 ὥστε
1776 5227 1915 5300 ὀπη-

263 5308 381 5364 νίκα
428 5308 752 5385 Ἡράκλειος
807 5307 1125 5369 ἐϐασίλευσε
1179 5314 1269 5369 καὶ
1328 5313 1563 5384 ἐξέτασιν
1620 5314 1917 5389 ἐποιήσατο

263 5396 337 5462 είς
368 5395 642 5473 ἀκρίϐειαν
672 5404 769 5456 τοῦ
800 5401 1112 5474 ὁπλιτικοῦ,
1163 5402 1223 5458 ἐκ
1272 5401 1450 5474 πάσης
1504 5410 1605 5474 τῆς
1666 5406 1918 5475 πληθύος

2045 1877 2331 1948 epitaphii
2364 1877 2492 1932 loco
2524 1877 2733 1931 habuit
2786 1876 3113 1932 liberorum
3149 1879 3292 1933 707
3351 1880 3596 1936 caedem.
3629 1882 3693 1936 In

2040 1970 2205 2022 tanta
2232 1972 2432 2021 autem
2464 1965 2802 2021 calamitate
2833 1966 3109 2021 virtutem
3157 1983 3326 2022 suam
3383 1970 3645 2024 exseruit
3677 1986 3692 2024 :

2040 2072 2175 2111 cum
2206 2056 2368 2111 enim
2390 2055 2589 2110 nutrix
2613 2071 2796 2110 unum
2827 2055 2900 2110 de
2956 2056 3135 2127 regiis
3174 2057 3373 2127 pueris
3407 2059 3693 2115 suilurata

2040 2160 2213 2201 suum
2246 2163 2352 2217 pro
2382 2161 2452 2200 eo
2475 2144 2871 2218 jugulandum
2924 2144 3252 2213 exhiberet,
3287 2163 3405 2201 non
3444 2152 3532 2202 est
3580 2148 3694 2204 hoc

2039 2251 2249 2306 passus
2270 2234 2728 2300 Mauricius,sed
2754 2251 2926 2290 suum
2958 2236 3151 2306 promi
3174 2236 3473 2307 jussit.Ac
3492 2237 3692 2295 ferunt

2038 2324 2281 2396 quidam
2313 2341 2383 2379 eo
2404 2323 2678 2396 jugulato
2716 2340 2902 2401 puero
2958 2329 3153 2381 cruori
3205 2323 3446 2380 m‘istum
3480 2327 3569 2382 lac
3600 2328 3689 2383 ef-

2039 2412 2279 2468 ﬂuxisse
2302 2413 2375 2468 de
2404 2412 2667 2480 vulnere,
2701 2428 2834 2482 quas
2863 2429 2959 2467 res
2992 2413 3217 2467 luctum
3248 2415 3528 2470 omnibus
3551 2433 3683 2487 gra-

2036 2518 2166 2557 vem
2197 2501 2482 2557 attulerit.
2506 2500 2764 2555 Tandem
2794 2500 2921 2571 ipse
2943 2517 3181 2572 quoque
3211 2503 3686 2568 Mauricius,cum

2038 2591 2165 2665 lege
2196 2597 2424 2646 natura:
2447 2591 2815 2661 superiorem
2846 2606 2908 2645 se
2965 2591 3266 2662 gessisset,
3316 2592 3546 2647 occisus
3578 2599 3686 2651 est.

2037 2681 2241 2753 Capita
2269 2696 2473 2736 eorum
2509 2680 2569 2734 in
2601 2695 2878 2750 campum
2931 2679 3104 2751 juxta
3142 2678 3402 2736 tribunal
3431 2680 3687 2752 abjecta,

2035 2787 2169 2826 cum
2192 2771 2320 2842 jam
2351 2769 2646 2836 fasterent;
2683 2768 2813 2823 tolli
2873 2768 3101 2823 Phocas
3151 2770 3440 2839 permisit,
3473 2771 3521 2825 si
3554 2773 3686 2840 quis

2035 2878 2165 2917 eam
2188 2877 2313 2915 rem
2340 2865 2597 2915 curaret.
2631 2858 2952 2913 Christiani
2986 2874 3123 2930 ergo
3157 2873 3227 2913 ea
3273 2875 3408 2914 cum
3462 2861 3686 2915 truncis

2032 2952 2354 3007 humarunt
2381 2950 2443 3004 in
2474 2948 2610 3003 fano
2670 2947 2867 3003 Sancti
2928 2948 3258 3015 Mamantis,
3317 2964 3497 3019 prope
3546 2966 3681 3019 por-

2027 3053 2153 3104 tam
2210 3040 2613 3112 Xylocercam.
2696 3036 2977 3107 Sepulcro
3044 3037 3479 3108 inscripserunt
3535 3038 3687 3094 hanc

2032 3130 2283 3203 elegiam
2316 3146 2330 3184 :

2024 3399 2487 3470 Induperatorum
2508 3394 2675 3450 nimis
2706 3394 2811 3449 heu
2840 3394 3157 3449 miseranda
3185 3393 3439 3449 duorum.

2100 3580 2254 3633 Uxor
2281 3575 2562 3642 Mauricii,
2591 3574 2712 3644 ﬁlia
2753 3572 2981 3640 Tiberii,

2025 3669 2155 3732 Quae
2184 3666 2555 3721 demonstravi
2574 3678 2863 3718 numerosa
2888 3660 3185 3731 splendida
3210 3663 3373 3731 prole

2095 3741 2219 3794 Esse
2243 3740 2412 3792 etiam
2439 3735 2637 3790 multos
2659 3733 2877 3788 utiliter
2903 3733 3176 3786 dominos.

2025 3811 2121 3865 Hic
2150 3824 2298 3863 nunc
2328 3824 2453 3863 cum
2482 3805 2632 3860 natis
2658 3807 2768 3859 sita
2798 3820 2917 3858 sum
2953 3805 3258 3872 miseroque
3279 3804 3508 3870 marito,

2094 3881 2349 3938 Stultitia
2371 3877 2595 3948 populi,
2625 3876 2821 3930 militis
2846 3880 2907 3948 et
2916 3874 3095 3928 rabie.

2025 3954 2310 4008 Deteriora
2340 3946 2705 4004 tuli‘Cisseide
2733 3949 2845 4001 sive
2872 3946 3097 3999 Iocasta
3128 3961 3150 3997 :

2092 4097 2226 4152 Sum
2258 4093 2443 4149 Niobae
2469 4089 2689 4161 spirans
2717 4088 2885 4161 (proh
2914 4088 3076 4142 dolor
3094 4086 3141 4161 Ι)
3160 4087 3388 4156 efﬁgies.

2023 4168 2164 4224 Sans
2191 4165 2364 4235 fuerit
2393 4159 2616 4234 genitor
2638 4178 2657 4217 :
2686 4159 2823 4231 quid
2850 4165 3007 4215 natos
3029 4159 3231 4213 caedere
3257 4161 3489 4227 frustra,

2093 4304 2615 4383 Hurnanae_frauclis
2642 4304 2823 4360 nescia
2853 4303 3042 4383 corda,
3065 4302 3231 4372 juvat
3258 4304 3315 4383 ?_
3396 4375 3417 4383 Δ
3539 4372 3581 4383 υ

2028 4382 2178 4437 708
2211 4383 2327 4436 Non
2351 4373 2497 4448 jam,
2530 4379 2721 4444 Roma,
2772 4377 2903 4429 meis
2958 4390 3174 4445 quaeras
3206 4373 3687 4516 [subbrfrondibus

3230 4462 3323 4500 um
3389 4462 3482 4500 am
3525 4462 3539 4500 :

1959 4539 2005 4604 ι)
2106 4525 2247 4579 Nam
2274 4523 2495 4592 stirpem
2529 4520 2691 4574 turbo
2719 4518 2927 4588 difﬁdit
2956 4517 3237 4587 Odrysius.

2028 4686 2391 4759 Philippicus
2420 4687 2590 4739 tonso
2623 4680 2838 4753 capillo
2861 4678 3409 4736 sacerdotiuminiit
3430 4679 3682 4750 Chryso-

2027 4779 2172 4851 poli,
2205 4777 2410 4848 ibique
2441 4775 2620 4830 vitam
2642 4771 2715 4827 ad
2750 4772 2931 4826 ﬁnem
2961 4786 3149 4841 usque
3200 4770 3463 4840 quietam
3495 4767 3686 4821 duxit.

2098 4868 2410 4923 Enimvero
2430 4864 2503 4919 ab
2535 4862 2778 4917 interitu
2798 4858 3061 4914 Mauricii
3090 4874 3183 4912 res
3215 4858 3481 4911 Romana
3498 4855 3684 4913 conti-

2026 4956 2308 5014 nentibus
2322 4960 2499 5025 atque
2526 4949 2825 5007 atrocibus
2856 4953 2946 5003 est
2961 4947 3180 5002 afﬂicta
3212 4943 3672 5000 calamitatibus.

2027 5050 2172 5104 Nam
2204 5052 2262 5102 et
2292 5062 2392 5101 rex
2450 5046 2762 5098 Persarum
2814 5038 3105 5093 Cbosroes
3161 5052 3366 5107 pacem
3407 5034 3589 5105 rupit,
3621 5039 3682 5088 et

2028 5141 2244 5194 Avares
2273 5134 2581 5190 Thraciam
2609 5125 3173 5202 pessumdederunt,
3207 5130 3264 5178 et
3292 5129 3542 5194 uterque
3575 5125 3683 5178 Ro-

2027 5240 2340 5282 manorum
2373 5219 2667 5276 exercitus
2696 5214 2895 5287 periit.
2930 5216 3011 5268 Ac
3042 5228 3228 5282 usque
3250 5210 3398 5266 adeo
3432 5211 3676 5277 milites,

2028 5317 2130 5389 qui
2164 5315 2414 5369 Phocam
2446 5310 2517 5366 ad
2545 5305 2922 5379 tyrannidem
2945 5306 3281 5371 evexerant,
3306 5302 3414 5358 sub
3443 5319 3511 5357 eo
3542 5308 3682 5358 sunt

2031 5404 2391 5475 consumpti,
2422 5408 2488 5457 ut
2517 5416 2654 5455 cum
2713 5395 3018 5453 Heraclius
3074 5396 3395 5466 imperator
3449 5401 3684 5452 creatus

1452 5504 1814 5562 XYLANDRI
1867 5507 1954 5561 ET
1992 5505 2210 5561 GOARI
2251 5502 2473 5557 ΝΟΤίΕ.

327 5600 439 5727 νϐ)
466 5604 543 5657 Eo
578 5621 791 5677 nempe
816 5606 980 5661 urbis
1012 5622 1369 5679 campo,quo
1402 5612 1768 5663 exstructum
1791 5613 1919 5664 erat

327 5700 334 5726 ι
359 5673 547 5727 atium
569 5675 793 5727 dictum
830 5679 1218 5727 Tribunalium
1244 5678 1612 5727 nouemdecim
1632 5680 1917 5727 accubitu-

262 5673 547 5808 palatigm
569 5673 793 5732 dictum
830 5673 1218 5734 Tribunalium
1233 5673 1612 5734 Vriovemdecim
1632 5680 1917 5736 accubito-

262 5759 407 5801 rum.
488 5760 617 5803 om.

2097 5604 2212 5677 (Π)
2233 5602 2332 5679 _A‘d
2364 5604 2545 5657 imam
2572 5600 2739 5679 sinus
2772 5602 3001 5679 partem
3025 5614 3249 5678 .vcrsus
3296 5597 3679 5679 pecidentem

2027 5669 2117 5733 est
2144 5669 2494 5747 Ξυλόκερκος
2523 5677 2714 5747 porta,
2737 5687 2781 5747 _a
2810 5669 2962 5747 palis
3008 5669 3083 5747 in
3114 5670 3243 5741 ejus
3292 5670 3678 5727 fundamento

2026 5748 2158 5808 ﬁxis
2187 5747 2273 5804 sic
2302 5739 2481 5805 dicta.
2514 5739 2969 5814 ﬂeunclavius.)
3001 5739 3172 5797 (iam.
