4134 6212
298 272 410 348 777

1409 293 1452 352 Η
1464 289 1952 352 lSTURlA-RUM
2002 287 2152 348 GOM
2167 289 2310 350 PEN
2323 293 2366 350 D
2378 293 2534 354 lUM.

3586 291 3707 364 .778

294 419 442 486 κτὸς,
498 418 686 473 ἀκούει
735 420 799 474 ἐκ
849 423 958 475 τῶν
1022 420 1226 495 βωμῶν
1286 423 1398 494 (22)
1448 425 1554 476 τῶν
1613 419 1933 496 ἀνδριάντων

2059 422 2256 478 media
2288 431 2480 494 nocte,
2503 425 2725 480 audivit
2753 424 3074 482 simulacra
3093 424 3164 480 ab
3195 425 3484 492 altaribus
3507 423 3707 482 dicen-

295 508 566 582 Αεγόντων
597 509 947 585 ἀναιρεθῆναι
1017 510 1316 585 Μαυρίκιον
1346 510 1435 565 καὶ
1482 510 1547 565 τά
1577 508 1733 565 τέκνα
1765 511 1954 580 αὐτοῦ,

289 598 379 652 καὶ
412 598 586 653 πάντα
635 598 703 653 τὰ
759 597 812 654 ἐν
853 599 1127 672 Βυζαντίῳ
1183 599 1498 675 πραχθέντα
1550 600 1957 674 συμπτώματα,

293 690 509 764 Πρωίας
543 687 600 744 δέ
627 688 932 745 ἐπανελθὼν
965 695 1046 763 τῷ
1067 689 1461 764 Αὖγουσταλίῳ
1485 692 1599 764 (23)
1627 687 1953 765 διηγήσατο.

290 778 354 835 Ὀ
385 775 442 833 δὲ
473 778 836 856 παρήγγειλεν
869 778 1016 852 αὐτῷ
1069 786 1369 850 σιωπῆσαι,
1418 783 1864 855 σημειωσάμενος
1895 776 1956 856 δέ

295 868 397 936 τήν
426 866 636 943 ἡμέραν
692 866 1090 945 ἀπεκαραδόκει
1137 871 1234 940 τὴν
1292 864 1529 940 ἔκϐασιν,
1570 870 1691 938 ἣτις
1753 867 1885 942 μετᾶ
1908 853 1953 932 θ’

292 959 509 1032 ἡμέρας
540 957 807 1030 ἠκούσθη.
1337 1020 1340 1021 ν

368 1049 464 1120 Τῷ
528 1048 575 1123 β’
652 1047 759 1104 ἔτει
825 1047 1108 1124 προσῆλθε
1174 1053 1372 1110 Φωκᾶς
1431 1047 1483 1104 ἐν
1540 1052 1661 1110 ταῖς
1717 1045 1950 1123 ἑορταῖς,

297 1141 460 1212 ριψας
496 1137 749 1193 ὑπατείαν
782 1135 1026 1208 πολλήν.
1058 1138 1310 1212 Χοσρόης
1343 1135 1400 1193 δὶ
1447 1139 1476 1193 6
1537 1135 1792 1214 βασιλεὺς
1839 1139 1946 1190 τῶν

293 1231 515 1302 Περσῶν
591 1223 823 1300 δύναμιν
909 1226 1128 1296 πολλὴν
1207 1227 1351 1282 ’κατά
1423 1227 1710 1300 Ῥωμαίων
1791 1223 1947 1295 ἐξαπ-

287 1315 517 1372 έστειλε.
551 1319 664 1373 Τοῦ
713 1313 770 1371 δὶ
801 1319 1078 1390 ιερμανοῦ
1135 1315 1443 1392 πληγέντος
1472 1314 1525 1370 ἐν
1582 1319 1663 1388 τῷ
1692 1312 1946 1386 πολέμῳ,

284 1406 560 1474 ἡττῶνται
601 1405 894 1478 Ῥωμαῖοι,
952 1409 1021 1479 τῇ
1083 1406 1118 1460 ι’
1178 1403 1236 1459 δὲ
1291 1406 1474 1479 ἡμέρᾳ
1539 1404 1762 1474 τελευτᾷ
1818 1410 1949 1476 Γερ-

289 1495 569 1568 μανός.”Ο
600 1491 659 1549 δὲ
704 1498 908 1558 Φωκᾶς
960 1499 1042 1566 τῷ
1097 1494 1333 1568 Χαγάνῳ
1392 1496 1456 1549 τὸ
1515 1495 1717 1549 πάκτον
1781 1493 1948 1548 ἐπαυ-

285 1586 451 1658 ξησας
489 1585 626 1658 (24),
683 1584 926 1656 νομίζων
988 1585 1214 1657 ἠρεμεῖν
1265 1585 1394 1646 τοὺς
1454 1579 1793 1658 Βαρϐάρους,
1849 1584 1944 1646 τὰς

290 1671 549 1746 δυνάμεις
571 1672 788 1738 ἀπὸτῆς
817 1671 1087 1746 Εὐρώπης
1119 1670 1259 1727 ἑλὼν
1280 1671 1368 1728 ἐπὶ
1398 1673 1600 1747 Πέρσας
1632 1671 1943 1728 ἀπέστειλεν

297 1763 402 1818 ὑπὸ
433 1763 628 1838 Ναρσῇ
683 1765 992 1836 στρατηγῷ
1049 1756 1349 1834 συμϐαλὼν
1402 1759 1460 1816 δὲ
1517 1767 1634 1824 τοῖς

289 1855 517 1922 ἡττᾶται
547 1851 637 1906 καὶ
695 1851 908 1921 πλῆθος
941 1849 1217 1906 ἀπόλλυσι
1274 1850 1439 1907 πολύ.
1506 1855 1684 1908 Τοῦτο
1741 1857 1940 1913 Φωκᾶς

290 1941 524 2004 ἀκούσας
585 1942 980 2015 Δομεντζίολαν
1053 1943 1144 1998 τὸν
1205 1939 1436 2022 ἀδελφὸν
1516 1943 1936 2018 κουροπαλάτην

285 2035 522 2103 ποιήσας
550 2032 859 2106 χειροτονεῖ
889 2031 1207 2109 στρατηγόν.

354 2123 442 2192 Τῷ
526 2120 573 2194 γ’
630 2116 760 2187 ἔτει,
815 2118 1032 2184 πολλὰς
1090 2124 1198 2175 τῶν
1249 2119 1535 2193 Ῥωμαίων
1615 2120 1808 2182 πόλεις
1883 2122 1934 2175 οἱ

279 2209 479 2282 Πέρσαι
535 2208 822 2286 ἠφάνισαν,
879 2210 936 2263 '0
994 2207 1051 2264 δὲ
1125 2208 1528 2283 Δομεντζίολας
1584 2207 1747 2286 λόγον
1807 2207 1933 2270 δοὺς

280 2302 361 2369 τῷ
391 2301 598 2372 Ναρσῇ,
657 2299 746 2352 καὶ
801 2297 984 2372 ὅρκοις
1042 2297 1279 2360 πολλοῖς
1309 2298 1498 2359 πείσας
1554 2299 1716 2353 αὐτὸν
1759 2299 1934 2371 μηδε-

287 2387 412 2460 μίαν
446 2384 656 2441 ἀδικίαν
714 2389 861 2460 παρα
915 2391 1013 2442 τοῦ
1071 2392 1240 2442 Φωκᾶ
1301 2387 1613 2460 ὑπομένειν,
1672 2387 1932 2442 ἀπέλυσεν

285 2475 446 2531 αὐτὸν
478 2477 611 2550 πρὸς
641 2481 858 2538 Φωκᾶς.
890 2478 952 2534 Ὀ
1011 2473 1067 2531 δὲ
1129 2483 1326 2538 Φωκᾶς
1388 2479 1464 2549 μὴ
1512 2475 1750 2554 φυλάξας
1802 2478 1930 2539 τοὺς

290 2563 486 2638 ὅρκους
540 2569 729 2620 τοῦτον
815 2565 946 2639 πυρὶ
1011 2565 1355 2620 κατέκαυσεν.
1437 2567 1527 2622 Ἐν
1613 2565 1760 2638 λύπῃ
1835 2566 1926 2619 οὗν

289 2655 501 2729 μεγάλῃ
561 2654 838 2731 γεγόνασιν
899 2655 952 2707 οἱ
1024 2653 1310 2728 Ῥωμαίοι,
1388 2654 1473 2709 ὅτι
1532 2648 1699 2731 φόϐον
1759 2654 1926 2730 μέγαν

287 2744 436 2818 εἶχεν
469 2744 544 2806 εἷς
577 2746 781 2818 Πέρσας
812 2744 841 2798 6
863 2745 1108 2820 Ναρσῆς,
1136 2743 1274 2799 ὥστε
1303 2745 1368 2798 τὰ
1417 2745 1574 2798 τέκνα
1628 2743 1806 2798 αὐτῶν
1839 2740 1927 2797 διὰ

280 2837 378 2888 τοῦ
410 2834 599 2908 Ναρσῆ
632 2828 898 2910 ἐκφοϐεῖν.

354 2925 448 2995 Τῷ
507 2919 555 2976 δ’
618 2917 722 2976 ἔτει
771 2924 806 2990 ἡ
868 2922 1145 2995 Αὖγοῦστα
1208 2924 1584 2978 Κωνσταντῖνα
1657 2921 1750 2976 σὺν
1807 2926 1925 2984 ταῖς

276 3013 421 3089 τρισὶ
453 3013 889 3088 ουγατράσιν[Ρ.
949 3015 1076 3085 406]
1136 3012 1302 3082 αὐτῆς
1345 3013 1420 3076 εἷς
1473 3015 1571 3082 τήν
1631 3012 1922 3085 ἐκκλησίαν

277 3103 621 3181 προσφεύγει.
678 3102 886 3175 Πέμπει
943 3102 1036 3156 οὗν
1091 3103 1120 3156 ὁ
1178 3107 1374 3164 Φωκᾶς
1430 3102 1660 3173 ἐξελθεῖν
1719 3104 1787 3158 τά
1815 3102 1921 3180 γύ-

273 3214 412 3247 ναια.
458 3193 519 3249 Ὀ
576 3189 633 3246 δὲ
683 3192 1034 3266 πατριάρχης
1102 3193 1366 3266 Κυριακὸς
1421 3196 1581 3247 τοῦτο
1649 3192 1748 3247 οὐκ
1805 3191 1930 3248 ἐπέ-

275 3303 476 3348 νευσεν,
536 3280 720 3356 ὅρκοις
781 3277 838 3335 δὲ
925 3275 1242 3354 βεϐαιωθείς
1312 3281 1415 3336 ὑπὸ
1498 3286 1595 3336 τοῦ
1659 3288 1827 3336 Φωκᾶ
1879 3280 1931 3337 ἓν

282 3369 630 3446 μοναστηρίῳ
677 3367 933 3444 ἐγκλείει.
995 3371 1090 3442 Τῷ
1147 3366 1194 3423 δ’
1251 3369 1399 3442 αὐτῷ
1455 3366 1559 3425 ἔτει
1619 3373 1670 3426 ο⁹ι
1727 3377 1929 3446 Πέρσαι

282 3455 591 3533 παρέλαϐον
628 3460 690 3514 τὸ
749 3458 922 3534 Δαράς
978 3460 1067 3514 καὶ
1128 3463 1298 3514 πᾶσαν
1354 3462 1452 3530 τήν
1508 3462 1928 3534 Μεσοποταμίαν

276 3545 366 3600 καὶ
403 3545 618 3620 Συρίαν,
649 3542 1040 3623 αἰχμαλωσίαν
1072 3541 1328 3610 λαϐόντες
1354 3547 1422 3615 ἧς
1450 3547 1552 3601 οὐκ
1578 3549 1644 3615 ἦν
1671 3547 1928 3623 ἀριθμός.

281 3637 398 3692 Τοῦ
427 3635 772 3709 πατριάρχου
803 3640 1082 3707 Κυριακοῦ
1123 3634 1568 3707 τελευτήσαντος,
1596 3643 1929 3710 χειροτονεῖ-

281 3745 370 3778 ται
399 3729 597 3796 Θωμᾶς
631 3721 881 3783 διάκονος
913 3724 1002 3778 καὶ
1022 3723 1380 3800 σακελλάριος
1411 3728 1639 3798 (25)τῆς
1665 3724 1927 3801 Μεγάλης

283 3811 628 3881 Ἐκκλησίας.

354 3904 447 3974 Τῷ
479 3909 514 3958 ε’
547 3895 650 3957 ἔτει
674 3901 922 3964 πολλοὺς
954 3902 1149 3981 φίλους
1179 3908 1276 3958 τοῦ
1308 3903 1612 3978 Μαυρικίου
1669 3905 1698 3958 6
1729 3925 1924 3977 τυραν-

278 4015 370 4056 νος
403 3993 680 4049 ἀπέκτεινε
709 3996 796 4049 καὶ
859 3995 989 4069 πυρὶ
1047 3992 1348 4069 παρέδωκε,
1403 3997 1501 4064 τήν
1553 3991 1611 4049 δὲ
1637 4002 1926 4051 Κωνσταν-

275 4089 426 4140 τῖναν
463 4083 556 4138 σὺν
613 4090 730 4146 ταῖς
793 4085 937 4158 τρισὶ
996 4084 1316 4159 θυγατράσιν
1375 4083 1539 4153 αὐτῆς
1589 4083 1640 4138 ἐν
1681 4086 1760 4156 τῷ
1821 4085 1924 4157 μό-

277 4175 358 4246 λῳ
386 4178 495 4248 (26)
553 4174 884 4248 Εὐτροπίου,
943 4171 1066 4229 ἔνθα
1119 4175 1209 4229 καὶ
1292 4177 1596 4248 Μαυρίκιος
1668 4174 1922 4248 ἀνῃρέθη,

275 4263 414 4340 ξίφει
485 4265 740 4338 ἀπέτεμε,
806 4266 894 4320 καὶ
954 4264 1160 4328 ἄλλους
1223 4267 1316 4340 μὲν
1371 4272 1480 4320 τῶν
1545 4262 1772 4336 ἐνδόξων
1824 4268 1922 4320 τοῦ

274 4353 544 4408 παλατίου
575 4352 842 4427 πολλοὺς,
871 4360 982 4409 τῶν
1036 4351 1091 4409 δέ
1149 4351 1439 4430 κατωτέρω
1488 4355 1920 4429 ἀναριθμήτους.

273 4449 359 4516 Τῷ
388 4440 433 4497 δ’
463 4442 609 4514 αὐτῷ
638 4442 826 4520 χρόνῳ
857 4445 912 4497 οἱ
942 4444 1139 4515 Πέρσαι
1193 4445 1286 4499 τὸν
1351 4445 1639 4521 Εὐφράτην
1698 4439 1921 4498 διαϐάν-

2067 512 2146 567 tia
2177 514 2522 570 Mauricium
2553 513 2916 571 cum'liberis
2947 531 3074 570 esse
3099 515 3553 584 trucidatum,et
3575 532 3706 592 quin

2063 607 2351 671 prmterea
2380 605 2637 675 Byzantii
2669 603 3057 676 contigerant.
3087 604 3149 659 Id
3174 605 3224 658 is
3273 621 3504 662 summo
3535 621 3710 666 mane

2064 691 2366 761 Augustali
2399 694 2677 750 narravit.
2710 693 2817 758 Qui
2875 709 3011 753 eum
3064 693 3302 754 silentio
3335 711 3460 749 rem
3505 700 3708 768 tegere

2053 777 2256 848 jussit,
2280 787 2682 853 annotatoque
2713 781 2808 838 die
2832 782 3055 843 exitum
3088 782 3471 855 exspectavit,
3503 788 3710 855 estque

2061 864 2133 920 de
2165 884 2233 923 eo
2265 869 2359 925 die
2390 875 2524 940 post
2543 887 2701 926 nono
2733 870 3182 934 certiorrfactus.

2127 1049 2396 1106 Secundo
2408 1047 2818 1112 anno.Phocas
2838 1050 2913 1106 ad
2931 1050 3198 1113 solemne
3210 1052 3426 1111 festum
3444 1069 3707 1130 progres.

2055 1154 2156 1191 sus
2187 1138 2246 1192 in
2277 1137 2582 1208 publicum
2617 1154 2891 1210 magnam
2932 1139 3244 1210 pecuniam
3303 1140 3365 1194 in
3414 1141 3704 1212 .populum

2054 1227 2290 1298 sparsit.
2323 1227 2611 1282 Chosroes
2639 1233 3116 1299 autem-magnas
3171 1229 3373 1301 copias
3426 1231 3704 1288 adversus

2053 1318 2351 1372 Romanos
2384 1316 2567 1386 misit,
2594 1321 2652 1371 et
2704 1318 2994 1372 Germano
3042 1317 3104 1374 in
3152 1333 3350 1390 pugna
3399 1318 3703 1386 vulnerato

2052 1405 2188 1460 victi
2219 1410 2358 1460 sunt
2412 1405 2682 1460 Romani.
2742 1405 3066 1466 Undecima
3120 1411 3256 1478 post
3311 1406 3406 1462 die
3454 1409 3705 1466 moritur

2053 1494 2634 1550 GermanusPhocas
2664 1510 2801 1549 vero
2831 1494 3240 1566 tributo,quod
3271 1495 3703 1570 Chaganopen-

2053 1582 2248 1652 debat,
2279 1583 2504 1653 aliquid
2535 1582 2784 1652 addidit,
2806 1599 3053 1654 sperans
3083 1585 3510 1643 itaBarbarum
3534 1589 3704 1659 quie-

2053 1677 2288 1740 turum;
2321 1673 2642 1745 cepiasque
2665 1689 2802 1728 suas
2833 1689 2905 1730 ex
2933 1675 3166 1745 Europa
3196 1675 3257 1730 in
3289 1677 3498 1734 Persas
3515 1677 3699 1749 misit,

1719 1761 1942 1835 Πέρσαις
1964 1779 2022 1845 .B
2053 1763 2294 1818 Narsete
2355 1763 2524 1818 duce.
2565 1764 2619 1817 Is
2675 1762 2882 1834 praalio
2935 1779 3068 1818 cum
3112 1764 3302 1821 Persis
3349 1783 3700 1840 congressus

2046 1851 2234 1908 victus
2266 1852 2603 1925 est,ingenti
2629 1868 2765 1908 cum
2787 1869 3031 1912 suorum
3045 1852 3465 1916 clade._Phocas
3486 1857 3698 1915 nuntio

2046 1942 2133 1996 rei
2166 1941 2294 2012 ejus
2325 1946 2565 2013 accepto
2593 1941 3059 1998 Domentziolam
3112 1941 3358 2010 fratrem
3389 1946 3696 2018 curopala-

2044 2033 2166 2084 tem
2199 2035 2362 2086 creat
2390 2037 2448 2085 et
2476 2030 2758 2086 exercitui
2789 2031 3058 2103 prmﬁcit.

2115 2123 2288 2175 Anno
2327 2120 2526 2189 tertio,
2557 2122 2752 2175 Persa)
2782 2120 3002 2176 multas
3057 2123 3462 2184 Romanorum
3519 2125 3697 2183 urbes

2041 2207 2852 2265 deleverunt.Domentziolas
2880 2214 3080 2266 autem
3093 2212 3317 2267 Narseti
3341 2213 3607 2270 oratione
3628 2230 3697 2272 ao

2041 2298 2307 2369 praestita
2322 2298 2671 2369 juramento
2689 2298 3061 2368 persuasitut
3079 2298 3153 2353 ad
3172 2301 3428 2356 Phocam
3448 2303 3508 2357 is
3521 2305 3696 2375 proti-

2041 2387 2382 2454 cisceretur,
2416 2386 2768 2456 promittens
2789 2402 2926 2442 eum
2940 2386 3104 2441 nulla
3133 2388 3206 2442 ab
3229 2389 3584 2460 imperatore
3604 2395 3691 2450 in-

2031 2477 2197 2548 juria
2225 2475 2502 2531 affectum
2534 2474 2746 2529 iri.Sed
2779 2475 3000 2529 Phocas
3031 2477 3334 2532 Narsetem
3348 2479 3691 2550 juramento

2037 2565 2255 2620 violato
2286 2565 2481 2619 vivum
2527 2563 2875 2618 combussit.
2937 2565 3209 2636 Magnum
3258 2566 3370 2622 hoc
3411 2571 3690 2628 Romanis

2037 2654 2239 2709 attulit
2267 2653 2533 2708 dolorem
2559 2669 2725 2708 :nam
2756 2653 2838 2708 ita
2866 2652 3292 2718 formidolosus
3324 2657 3467 2714 711
3496 2659 3689 2722 fuerat

2035 2743 2230 2798 Persis
2262 2745 2566 2811 Narses,ut
2586 2759 2802 2814 pueros
2825 2743 2863 2796 ii
2891 2759 3128 2815 quoque
3147 2761 3286 2803 suos
3317 2747 3684 2810 nominando

2033 2833 2277 2888 Narsete
2309 2837 2617 2888 terrerent.

2105 2926 2278 2977 Anno
2310 2926 2542 2990 quarto,
2573 2921 2958 2976 Constantina
2986 2924 3249 2994 Augusta
3307 2941 3441 2980 cum
3498 2927 3685 2984 tribus

2035 3011 2157 3066 suis
2189 3010 2425 3066 filiabus
2457 3010 2517 3064 in
2547 3010 2836 3082 templum
2868 3011 3232 3083 profugit.Eo
3249 3014 3432 3069 mittit
3459 3015 3686 3073 Phocas

1958 3145 2001 3212 Ε
2041 3101 2141 3171 qui
2173 3105 2418 3155 evocent
2449 3099 2749 3154 mulieres.
2783 3100 2895 3154 Sed
2945 3101 3224 3172 Cyriacus
3267 3103 3602 3173 patriarcha
3630 3106 3691 3162 id

2045 3206 2157 3212 ..--
2196 3195 2507 3212 -_a..-_-_--_
2543 3205 2554 3212 .
2592 3189 2920 3212 1--_.....-._a-
2949 3194 3140 3212 4.....-_.
3181 3207 3203 3212 -
3242 3191 3353 3212 ττι,
3379 3209 3424 3212 -4
3460 3209 3474 3212 Α
3638 3201 3650 3212 ι

2045 3206 2163 3245 non
2191 3195 2280 3244 est
2301 3205 2511 3260 passus
2543 3205 2555 3243 :
2582 3189 2925 3260 juramento
2949 3194 3146 3244 tamen
3177 3207 3212 3246 a
3241 3191 3435 3248 Phoca
3451 3201 3693 3267 accepto

2041 3295 2140 3334 eas
2172 3279 2234 3333 in
2265 3279 2694 3333 monasterium
2739 3277 3012 3334 includit.
3047 3279 3266 3335 Eodem
3313 3298 3470 3338 anno
3501 3285 3695 3340 Persa

2044 3369 2233 3423 Daras
2277 3373 2568 3439 ceperunt
2625 3373 2686 3422 et
2741 3372 2926 3422 totam
2985 3369 3464 3440 MesOpotamiam
3520 3379 3699 3446 atque

2041 3460 2270 3530 Syriam
2285 3458 2625 3531 depopulati
2643 3459 3234 3526 sunt,innumerabili
3249 3461 3449 3533 prasda
3467 3462 3697 3522 abacta.

2041 3550 2170 3604 Vita
2197 3548 2400 3603 functo
2425 3549 2762 3618 patriarcha
2791 3548 3056 3619 Cyriaco,
3072 3549 3426 3622 subrogatur
3445 3553 3699 3624 publicis

2039 3639 2335 3705 suffragiis
2387 3639 2642 3692 Thomas
2694 3638 2981 3693 diaconus
3015 3644 3072 3692 et
3122 3641 3468 3697 sacellarius
3504 3645 3695 3717 Magni

2037 3725 2285 3797 Templi.

2106 3909 2275 3960 Anno
2301 3903 2535 3974 quinto,
2564 3903 2792 3958 Phocas
2814 3903 3032 3958 multos
3054 3906 3315 3961 Mauricii
3337 3907 3559 3963 amicos
3580 3925 3688 3965 ne-

2034 3996 2186 4051 cavit
2217 3999 2275 4049 et
2303 3993 3058 4048 cremavit.Constantinam
3075 4011 3209 4049 cum
3245 3995 3430 4050 tribus
3447 3996 3684 4053 filiabus

2036 4085 2098 4140 in
2129 4090 2303 4156 portu
2334 4083 2622 4153 EutrOpii,
2655 4082 2753 4136 ubi
2788 4088 2845 4135 et
2882 4084 3194 4138 Mauricius
3221 4084 3412 4140 fuerat
3430 4087 3687 4159 occisus,

2032 4174 2328 4245 capitibus
2361 4172 2655 4226 truncavit
2681 4189 2693 4236 ;
2720 4171 2938 4226 multos
2971 4188 3206 4242 quoque
3237 4173 3501 4247 insignes
3532 4177 3685 4233 viros

2034 4263 2105 4317 de
2133 4262 2440 4334 palatio,et
2472 4259 2770 4314 inferioris
2804 4258 3031 4315 ordinis
3061 4261 3409 4318 innumeros
3439 4265 3686 4328 interfe-

2031 4353 2130 4405 cit.
2165 4350 2384 4405 Eodem
2418 4354 2687 4419 tempore
2721 4349 2915 4402 Persas
2947 4349 3304 4420 Euphratem
3338 4356 3688 4426 transgressi

2033 4457 2103 4495 ex
2124 4440 2399 4494 universa
2418 4438 2606 4509 Syria,
2635 4436 2953 4492 Palmstina
3005 4443 3065 4492 et
3118 4439 3688 4514 Phosniciaprmdas

274 4553 360 4595 τες
392 4537 564 4587 πᾶσαν
589 4533 690 4600 τήν
725 4532 919 4607 Συρίαν
951 4534 1042 4588 καὶ
1092 4533 1457 4603 Παλαιστίνην
1512 4535 1603 4589 καὶ
1656 4533 1921 4604 Φοινίκην

2055 4535 2412 4605 :aptivosque
2445 4507 2838 4586 abduxerunt.

276 4622 356 4698 ᾑχ
365 4620 744 4692 μαλώτευσαν.

344 4717 431 4783 Τῷ
484 4711 530 4774 ς’
578 4705 681 4766 ἔτει
742 4709 984 4785 Κρίσπος
1047 4714 1155 4785 (27)
1215 4713 1243 4766 ὁ
1299 4712 1582 4788 πατρίκιος
1639 4715 1716 4786 μή
1752 4712 1927 4792 φέρων

2110 4715 2278 4767 Anno
2337 4715 2525 4777 sexto,
2575 4709 2812 4780 Crispus
2869 4709 3170 4780 patricius,
3213 4710 3464 4782 injustas
3494 4715 3686 4770 credes

1487 4816 1846 4871 XYLANDRI
1889 4817 1974 4870 ET
2012 4814 2226 4868 GOARI
2257 4812 2478 4865 ΝΟΤίΕ.

341 4915 452 4980 (22)
487 4914 784 4984 Interpres
820 4913 919 4966 :ab
951 4913 1240 4968 altaribus.
1308 4915 1508 4984 Inepte
1538 4931 1550 4968 :
1612 4931 1730 4969 non
1765 4914 1925 4968 enim

277 4984 334 5038 in
367 4985 744 5050 altaribus,ut
765 4984 924 5039 abiis
955 4984 1360 5055 loquerentur,
1387 4993 1555 5041 erant
1580 4986 1919 5040 simulacra.

276 5056 386 5110 Sed
411 5074 519 5112 nec
550 5056 795 5111 cuilibet
817 5056 1134 5110 simulacro
1167 5074 1340 5112 suum
1398 5066 1524 5113 erat
1552 5057 1756 5112 altare.
1816 5060 1924 5112 Re-

276 5144 533 5200 ponogea:
564 5129 778 5183 bnsibus
807 5131 932 5182 suis.
970 5125 1161 5200 βωμός
1213 5130 1372 5183 enim
1403 5135 1468 5184 ut
1525 5129 1703 5184 altare
1756 5129 1838 5183 ita
1869 5133 1925 5183 et

276 5197 577 5272 simulacri
608 5201 802 5266 basim,
837 5216 905 5252 eo
937 5197 1095 5270 quod
1123 5200 1326 5255 altaris
1369 5201 1603 5256 exhibet
1653 5202 1924 5272 ﬁguram,

277 5271 588 5342 significat.
617 5273 977 5341 Suil'ragatur
1019 5271 1358 5326 Simocatta.
1395 5275 1566 5328 Gosn.

347 5344 460 5415 (23)
486 5342 1043 5415 Augustalemputo
1070 5343 1142 5397 ab
1172 5345 1433 5415 Augusto
1466 5345 1716 5399 missum
1760 5342 1928 5398 urbis

275 5413 618 5485 praefectum
646 5414 918 5486 intelligi.
950 5415 1087 5469 XvL.

342 5487 458 5552 (24)
492 5488 660 5540 Aucto
719 5485 975 5557 tributo:
1028 5487 1154 5540 Non
1215 5485 1374 5540 enim
1423 5486 1598 5542 modo
1654 5493 1824 5557 parta
1873 5489 1932 5537 et

273 5563 582 5626 conventa,
617 5557 720 5612 sed
751 5563 806 5612 et
840 5556 1126 5612 tributum
1167 5563 1518 5630 pactamque
1550 5556 1755 5614 tributi
1795 5572 1932 5628 pen-

559 5678 808 5732 ΡΑτιιοι..
849 5673 952 5733 Gn.
995 5673 1193 5732 CXXI.

2037 4910 2214 4966 dendi
2247 4909 2432 4978 gratia
2463 4906 2773 4978 pecuniam
2831 4903 3054 4978 -ιιειὶκτονΔ
3079 4905 3334 4978 indicat.
3376 4909 3594 4964 Auctor
3621 4911 3680 4965 in

2037 4983 2229 5037 Phora
2248 4969 2408 5034 anno
2441 4969 2478 5031 4Ῑ
2505 4994 2518 5032 :
2550 4975 2867 5050 Ὀρίσαικαὶ
2906 4969 3199 5050 λαμϐάνειν
3245 4977 3440 5035 πάκτα,
3501 4982 3680 5038 Gom.

2108 5056 2219 5123 ('25)
2244 5049 2466 5106 Sacellaz
2499 5048 2833 5123 praepositus
2860 5048 3211 5123 et_ecclesia)
3241 5049 3468 5123 mrario.
3499 5052 3674 5110 Gmn.

2107 5117 2216 5190 (26)
2247 5125 2373 5177 Non
2397 5123 2455 5173 in
2478 5117 2648 5188 portu
2673 5121 2810 5190 ipso,
2840 5117 2942 5172 sed
2974 5119 3048 5171 ad
3067 5125 3290 5187 portum
3313 5138 3334 5182 ;
3364 5121 3474 5176 hoc
3501 5129 3590 5178 est
3621 5124 3681 5182 in

2037 5189 2244 5267 aggere
2267 5189 2834 5267 portunuubidnimis
2851 5196 3054 5267 aperta
3071 5196 3210 5243 sunt
3239 5193 3369 5267 ejus
3398 5195 3683 5267 ostia,cir-

2037 5261 2495 5326 cﬁfnambiente,
2529 5267 2589 5314 et
2611 5261 3186 5334 iluctuswventosque
3234 5261 3552 5321 violentius
3608 5267 3683 5321 ir-

2035 5341 2386 5406 rumpentes
2417 5331 2994 5406 retundente.__Go.in_.

2109 5401 2217 5476 (27')
2251 5408 2465 5480 Priscus
2495 5404 2752 5480 Zonaraz,
2787 5401 3134 5480 Nicephoro,
3160 5403 3684 5480 aliiquuanquam

2038 5473 2319 5552 generum
2354 5474 2566 5552 Phocas
2593 5473 3124 5552 crispum-Zonaras
3174 5476 3234 5530 in
3292 5473 3559 5536 Heraclio
3589 5498 3686 5536 vo-

2040 5544 2152 5619 cat,
2184 5553 2251 5604 ut
2279 5545 2519 5616 quidem
2553 5544 2785 5613 legitur.
2816 5544 2954 5598 XvL.

3331 5665 3402 5721 25
