4148 6212
457 251 608 336 πο

1823 259 2140 324 GEORGII
2183 259 2520 330 CEDRENI

3748 266 3873 328 780

448 406 684 480 aliaque
735 405 948 462 Phoce
1003 400 1270 460 facinora
1320 399 1540 458 intueri
1600 414 1723 455 non
1772 396 2072 454 sustinens

2211 393 2338 472 ὁρᾷν
2364 397 2494 462 τοὺς
2523 396 2745 464 ἀδίκους
2796 398 2994 480 φόνους
3040 399 3132 457 καὶ
3189 400 3259 458 τὰ
3314 398 3463 458 δεινὰ
3510 399 3579 458 τὰ
3609 400 3714 457 ὑπὸ
3766 406 3871 458 τοῖ’)

449 496 657 554 scribit
685 495 760 552 ad
789 493 1123 550 Heraclium
1153 490 1489 562 patricium,
1510 488 1723 544 Africae
1754 486 2094 559 prmsidem,

448 587 837 656 hortaturque
870 588 936 637 ut
964 597 1135 637 suum
1168 580 1355 636 illium
1390 578 1723 635 Heraclium
1755 583 1814 633 et
1830 576 2095 632 Nicetam

445 675 761 748 patricium
824 673 974 728 712
1033 671 1300 742 Gregoraa
1359 669 1572 737 ﬁlium,
1630 669 1761 738 ejus
1813 667 2094 737 legatum,

440 764 641 819 mittat
665 762 946 818 adversus
976 761 1230 816 Phocam
1262 765 1599 829 tyrannum.
1620 756 1912 812 Audiebat
1933 756 2094 811 enim

438 853 546 911 hos
575 851 977 908 rebellionem
1002 849 1223 906 moliri.

506 1033 677 1087 Anno
708 1028 982 1102 septimo,
1003 1032 1194 1083 Persa)
1218 1025 1365 1083 duce
1398 1024 1752 1082 Cardaricha
1768 1022 2092 1097 expeditio-

435 1137 575 1178 nem
605 1120 821 1184 fecere.
837 1121 1318 1190 occuparuntque
1338 1115 1679 1171 Armeniam
1710 1118 1771 1169 et
1796 1112 2095 1186 Cappado-

437 1211 614 1281 ciam,
673 1211 1127 1279 Romanumque
1186 1205 1510 1262 exercitum
1557 1203 1874 1259 fuderunt:
1920 1202 2093 1275 potiti

436 1304 583 1356 sunt
611 1298 792 1354 etiam
824 1295 1053 1352 Galatia
1081 1300 1141 1351 et
1166 1293 1657 1366 Paphlagonia,et
1684 1292 1756 1348 ad
1780 1290 2097 1347 Chalcedo-

435 1405 580 1446 nem
609 1404 797 1460 usque
818 1386 1115 1460 progressi
1146 1391 1307 1454 sunt,
1329 1384 1531 1441 omnia
1559 1381 2091 1455 populando.Inte-

432 1478 551 1534 rim
582 1476 777 1533 Persis
802 1474 947 1531 foris
1003 1473 1435 1547 grassantibus,
1468 1472 1696 1528 Phocas
1724 1472 1811 1527 rei
1843 1470 2092 1543 publica;

429 1566 590 1623 domi
619 1565 886 1639 graviora
904 1564 1112 1619 intulit
1146 1563 1388 1619 damna.

496 1658 668 1711 Anno
699 1658 925 1722 octavo,
955 1652 1185 1708 Hebrmi
1241 1651 1343 1723 qui
1389 1651 1722 1707 Antiochia:
1774 1649 2090 1731 degebant,

2209 492 2378 543 Φωκᾶ
2405 490 2691 565 γινόμενα,
2721 490 2914 566 γράφει
2943 491 3083 567 πρὸς
3128 489 3455 567 Ἡράκλειον
3510 492 3607 547 τὸν
3666 492 3875 567 πατρί-

2204 596 2321 631 κιον
2349 578 2439 632 καὶ
2471 579 2778 657 στρατηγὸν
2831 581 3095 656 Ἀφρικῆς
3153 582 3291 654 (28),
3349 579 3499 643 ὅπως
3555 580 3867 655 ἀποστείλῃ

2203 664 2524 740 Ἡράκλειον
2604 669 2696 723 τὸν
2752 670 2869 724 υἱὸν
2922 667 3088 724 αὐτοῦ
3139 669 3229 724 καὶ
3296 671 3541 742 Νικήτην
3592 670 3686 725 τὸν
3743 669 3866 725 υἱὸν

2206 759 2458 831 Γρηγορᾶ
2485 756 2802 834 πατρίκιον,
2849 759 2941 814 τὸν
3003 758 3415 833 ὑποστράτηγον
3471 758 3664 827 αὐτοῦ,
3717 760 3878 823 ὃπως

2203 841 2405 911 ἔλθωσι
2431 847 2569 902 κατὰ
2624 851 2721 902 τοῦ
2774 848 3058 923 τυράννου·
3107 849 3277 917 ἤκουε
3338 847 3440 923 γὰρ
3495 850 3611 904 κατ’
3697 848 3870 904 αύτοῦ

2205 931 2593 1007 μελετωμένην
2621 938 2747 1012 παρ’
2779 937 2959 992 αὐτῶν
2989 936 3295 1012 ἀνταρσίαν.

2273 1026 2369 1096 Τῷ
2402 1029 2443 1094 ζ’
2472 1021 2599 1095 ἴτει,
2637 1026 2690 1080 οἱ
2722 1028 2919 1101 Πέρσαι
2974 1026 3206 1098 ἐξῆλθον
3267 1028 3359 1081 σὺν
3416 1032 3498 1100 τῷ
3535 1023 3872 1104 Καρδαρίχᾳ

2201 1110 2293 1166 καὶ
2323 1108 2637 1188 παρέλαϐον
2666 1114 2958 1188 ’Δρμενίαν
3016 1114 3108 1170 καὶ
3166 1112 3583 1185 Καππαδοκίαν,
3633 1109 3866 1189 ἔτρεψαν

2203 1195 2261 1254 δὲ
2281 1200 2372 1255 καὶ
2401 1200 2531 1266 τοὺς
2558 1202 2887 1276 Ῥωμαίους.
2922 1199 3245 1279 Παρέλαϐον
3277 1201 3335 1259 δὶ
3379 1203 3470 1258 καὶ
3527 1205 3629 1271 τὴν
3684 1203 3873 1259 Γαλα-

2197 1288 2314 1343 τίαν
2342 1290 2435 1344 καὶ
2466 1288 2872 1370 Παφλαγονίαν,
2903 1291 2994 1347 καὶ
3053 1289 3228 1362 ἦλθον
3290 1289 3459 1368 μέχρι
3506 1288 3870 1363 Χαλκηδόνος

2201 1375 2596 1454 λυμαινόμενοι
2615 1377 2854 1459 ἀφειδῶς
2884 1386 3056 1437 πᾶσαν
3081 1380 3325 1451 ἡλικίαν.
3358 1381 3457 1436 Καὶ
3486 1382 3539 1437 οἱ
3599 1381 3696 1455 μὲν
3727 1381 3870 1456 Πέρ-

2199 1488 2285 1523 σαι
2317 1460 2420 1539 ἔξω
2443 1475 2546 1539 τῆς
2593 1468 2812 1533 πόλεως
2874 1469 3216 1547 ἐτυράννουν,
3275 1471 3304 1525 ὁ
3364 1467 3422 1526 δὶ
3473 1475 3676 1533 Φωκᾶς
3705 1466 3867 1525 ἔνδον

2200 1557 2418 1634 χείρονα
2446 1557 2623 1614 αὐτῶν
2657 1559 2853 1618 ἐποίει.

2267 1649 2361 1719 Τῷ
2445 1654 2498 1719 η’
2577 1643 2709 1718 ἔτει,
2769 1649 2935 1705 αὐτοῦ
2992 1648 3396 1719 ἀτακτήσαντες
3454 1650 3506 1704 oi
3553 1651 3867 1724 Ἀντιοχεῖς

428 1746 789 1801 seditionem
819 1743 1101 1800 adversus
1138 1742 1506 1797 Christianos
1538 1745 1877 1805 moverunt;
1902 1740 2076 1794 inter-

2200 1730 2445 1811 Ἑϐραῖοι
2504 1738 2689 1792 στάσιν
2774 1735 3038 1809 ἐποίησαν
3129 1738 3265 1793 κατᾶ
3341 1738 3702 1813 Χριστιανῶν,
3766 1737 3870 1792 καὶ

431 1836 820 1906 feceruntque
837 1832 1220 1889 Anastasium
1240 1847 1522 1904 maguum
1544 1830 1945 1902 patriarcham
1961 1829 2093 1901 ejus

430 1925 622 1993 urbis,
653 1922 949 1996 pudendis
980 1922 1110 1995 ejus
1142 1921 1203 1975 in
1231 1937 1296 1975 os
1326 1920 1515 1991 ipsius
1546 1920 1724 1975 etiam
1747 1919 2010 1984 insertis,
2025 1934 2094 1973 ac

428 2031 570 2070 cum
619 2030 688 2070 eo
746 2013 966 2068 multos
1022 2012 1178 2066 cives
1226 2009 1692 2077 trucidaverunt.
1754 2008 1839 2063 lbi
1868 2008 2093 2064 Phocas

428 2104 726 2159 Bonosum
743 2101 1002 2158 Orientis
1027 2100 1639 2171 comitem,Copanam
1668 2098 1966 2153 exercitus
1982 2096 2093 2151 du-

424 2197 652 2248 ctorem
682 2195 865 2260 creat,
899 2205 1117 2260 eosque
1149 2192 1357 2244 contra
1383 2188 1619 2244 Iudaeos
1648 2187 1853 2245 mittit.
1896 2186 1943 2241 Ii
1964 2200 2093 2242 ma-

428 2297 606 2354 gnam
635 2280 975 2336 Judaaorum
995 2277 1219 2334 caedem
1244 2293 1313 2332 eo
1337 2275 1516 2333 delati
1540 2274 2092 2341 ediderunt,multis

428 2370 699 2427 membra
729 2374 995 2425 extrema
1023 2371 1410 2439 amputarunt
1440 2370 1500 2421 et
1528 2382 1630 2421 eos
1665 2365 1811 2420 urbe
1857 2364 2095 2436 expule-

426 2463 594 2515 runt.
608 2459 852 2514 Interim
886 2456 1192 2512 Heraclius
1213 2471 1346 2510 cum
1362 2470 1578 2527 magna
1591 2460 1649 2510 et
1660 2460 1890 2510 armata
1902 2453 2090 2510 classe

422 2547 636 2620 Cpolin
686 2545 953 2619 appellit,
1014 2561 1215 2601 secum
1268 2545 1465 2600 ferens
1531 2544 1711 2600 etiam
1761 2543 2088 2600 Servatoris

428 2636 620 2693 nostri
651 2636 975 2708 imaginem
1006 2634 1173 2689 nullo
1194 2649 1406 2689 manus
1424 2633 1757 2688 ministerio
1773 2633 2085 2689 factam.ln

432 2730 610 2797 portu
641 2724 872 2796 Sophim
894 2722 1085 2778 navali
1118 2721 1323 2793 proelio
1374 2722 1695 2777 commisso
1718 2722 1876 2776 inter
1906 2722 2088 2776 Hera-

433 2814 617 2869 clium
647 2817 707 2868 et
732 2813 1013 2880 Phocam,
1045 2810 1372 2883 ﬂagitiosus
1406 2810 1630 2866 Phocas
1683 2816 1997 2881 superatus
2026 2810 2088 2866 in

433 2903 659 2975 regiam
707 2901 990 2973 confugit.
1050 2902 1196 2956 Tum
1247 2899 1536 2956 Photinus
1593 2899 1858 2971 quidam,
1913 2916 2087 2973 cujus

426 2992 598 3047 uxori
629 2991 857 3046 Phocas
887 2995 1159 3062 stuprum
1198 2988 1506 3058 intulerat,
1547 2989 1610 3043 in
1669 2989 1893 3061 regiam
1951 3004 2086 3045 cum

2196 1824 2630 1902 ἀποσφάττουσιν
2683 1827 3035 1884 Ἀναστάσιον
3107 1828 3199 1881 τὸν
3252 1828 3417 1902 μέγαν
3499 1828 3864 1903 πατριάρχην

2199 1913 2566 1993 Ἀντιοχείας,
2605 1913 2867 1990 βαλόντες
2895 1915 2997 1983 τήν
3039 1914 3198 1992 φύσιν
3253 1913 3427 1970 αύτοῦ
3475 1913 3527 1971 ἐν
3590 1920 3671 1989 τῷ
3732 1915 3869 1971 στό-

2203 2022 2331 2076 ματι
2361 2002 2550 2060 αὐτοῦ.
2584 2002 2691 2057 Σὺν
2716 2003 2870 2075 αύτῷ
2908 2005 2999 2058 καὶ
3056 2000 3308 2066 πολλοὺς
3358 2008 3466 2059 τῶν
3519 2004 3863 2061 Ἀντιοχέων

2197 2092 2551 2168 κατέσφαξαν.
2583 2093 2646 2150 Ὀ
2696 2090 2752 2148 δὲ
2805 2098 3005 2154 Φωκᾶς
3066 2091 3303 2149 Βόνοσον
3356 2094 3578 2167 κόμητα
3635 2095 3871 2151 Ἀνατο-

2199 2177 2305 2250 λῆς
2363 2183 2477 2255 (29)
2534 2181 2628 2236 καὶ
2685 2186 2937 2240 Κοπανᾶν
2998 2179 3379 2258 στρατηλάτην
3436 2184 3674 2253 ποιήσας
3730 2182 3871 2239 ἀπέο

2198 2270 2406 2326 στειλεν
2439 2270 2639 2334 αὐτοὺς
2669 2271 2792 2327 κατ’
2821 2270 3022 2326 αὐτῶν·
3084 2273 3172 2334 οἷς
3232 2267 3550 2334 ἐπελθόντες
3608 2269 3873 2333 πολλοὺς

2199 2356 2486 2436 ἐφόνευσαν
2537 2358 2628 2415 καὶ
2689 2358 3078 2437 ἠκρωτηρίσαν
3134 2360 3225 2415 καὶ
3307 2366 3407 2430 τῆς
3460 2359 3678 2422 πόλεως
3734 2359 3874 2432 ἐξώ-

2197 2468 2368 2522 ρισαν.
2398 2448 2460 2505 Ὁ
2503 2444 2561 2503 δὲ
2608 2447 2958 2522 Ἡράκλειος,
3014 2454 3189 2504 πλοῖα
3244 2446 3430 2505 πολλὰ
3483 2447 3533 2522 ἐξ
3594 2451 3867 2526 Ἀφρικῆς

2196 2535 2489 2607 ἐξοπλίσας
2518 2535 2610 2591 καὶ
2645 2536 2893 2612 στρατὸν,
2923 2538 3025 2607 τήν
3081 2537 3655 2595 Κωνσταντινούπολιν
3697 2538 3864 2595 κατέ-

2196 2621 2385 2697 λαϐεν,
2437 2625 2831 2704 ἐπιφερόμενος
2885 2626 2977 2682 καὶ
3035 2629 3136 2698 τήν
3187 2626 3620 2703 ἀχειροποίητον
3678 2627 3867 2686 εῗκόνα

2194 2718 2306 2789 (30)
2362 2718 2460 2770 τοῦ
2517 2715 2728 2791 Κυρίου
2784 2715 2875 2770 καὶ
2936 2720 3071 2772 Θεοῦ
3129 2718 3289 2790 ἡμῶν
3353 2719 3534 2788 Ἰησοῦ
3589 2719 3865 2791 Χριστοῦ.

2196 2803 2293 2861 Καὶ
2378 2803 2632 2877 πολέμου
2723 2804 3092 2882 συρραγέντος
3180 2805 3258 2870 εἰς
3328 2807 3419 2861 τὸν
3497 2805 3693 2881 λιμένα
3757 2815 3869 2879 τῆς

2196 2892 2399 2968 Σοφίας
2429 2895 2543 2968 (31)
2578 2892 2775 2965 μεταξὺ
2810 2899 2980 2949 Φωκᾶ
3037 2894 3124 2949 καὶ
3187 2892 3535 2969 Ἡρακλείου,
3593 2895 3859 2968 ἡττηθεὶς

2193 2982 2222 3036 ὁ
2252 2979 2541 3056 ἀλιτήριος
2573 2976 2760 3060 ἔφυγεν
2794 2981 2871 3045 εἷς
2900 2982 2968 3037 τὰ
3020 2980 3295 3057 βασίλεια.
3354 2984 3631 3046 Φωτεινὸς
3659 2982 3718 3039 δέ
3767 3006 3859 3046 τις

422 3080 714 3137 militibus
728 3080 1024 3151 irrumpit,
1057 3079 1317 3134 Phocam
1346 3077 1743 3151 ignominioso
1767 3077 1915 3133 solio
1937 3078 2076 3149 deji-

2193 3071 2298 3127 ὕπὸ
2320 3075 2489 3126 Φωκᾶ
2518 3070 2594 3133 εἰς
2621 3073 2723 3141 τήν
2769 3070 2996 3148 σύζυγον
3055 3068 3355 3143 ἀδικηθεὶς,
3415 3071 3675 3129 εἰσελθὼν
3710 3075 3858 3148 μετᾶ

416 3169 912 3242 cit,imperatoria
921 3171 1083 3223 veste
1096 3167 1626 3239 spoliat,nigraque
1643 3166 2076 3222 circumdatum

2193 3165 2538 3236 στρατιωτῶν
2573 3162 2660 3234 [Ρ.
2702 3162 2831 3234 407]
2890 3160 2966 3222 εἷς
3025 3160 3094 3216 τὰ
3151 3160 3425 3238 βασίλεια,
3484 3160 3697 3236 ἀτίμως
3751 3168 3856 3219 τοῦ

410 3264 580 3316 veste
613 3264 674 3315 et
702 3257 986 3314 numellis
1019 3256 1169 3312 118
1202 3254 1501 3310 inclusum
1545 3256 1936 3326 contemptim
2003 3256 2080 3312 ad

413 3347 751 3403 Heraclium
781 3344 1042 3401 deducit.
1074 3343 1182 3409 Qui
1216 3349 1281 3397 ut
1305 3342 1563 3414 primum
1597 3344 1906 3413 conspexit
1932 3345 2079 3402 Pho-

413 3450 545 3490 cam
573 3450 587 3488 :
616 3433 812 3503 Miser,
843 3431 1063 3502 inquit,
1114 3431 1272 3486 itane
1328 3444 1454 3484 rem
1513 3428 1816 3501 publicam
1863 3430 2075 3503 guber-

420 3522 621 3579 nasti‘?
667 3523 743 3577 At
798 3520 1142 3592 deploratus
1198 3518 1423 3575 Phocas
1480 3518 1831 3590 respondit:
1891 3521 2078 3576 Tuum

418 3616 510 3667 est
538 3609 757 3666 rectius
781 3624 914 3666 eam
943 3607 1337 3681 gerere.lllico
1356 3612 1557 3663 autem
1579 3607 1885 3665 Heraclius
1906 3610 2080 3682 jubet

416 3716 633 3757 manus
665 3704 725 3755 et
753 3698 957 3771 pedes,
988 3714 1127 3753 mox
1159 3697 1439 3754 humeros
1468 3701 1528 3751 et
1558 3697 1837 3769 pudenda
1864 3715 2073 3771 ampu-

416 3788 803 3857 tari,tandem
836 3793 897 3843 et
924 3793 1119 3861 caput.
1156 3788 1367 3842 Trunci
1401 3787 1561 3859 quod
1592 3787 1890 3859 reliquum
1939 3790 2071 3861 fuit,

414 3877 638 3935 milites
655 3878 717 3933 in
735 3876 864 3932 foro
890 3878 1054 3932 Bovis
1074 3875 1547 3932 combusserunt.
1564 3876 1804 3948 Adjuvit
1822 3879 2072 3936 Heraclii

410 3973 693 4024 conatum
727 3966 908 4023 etiam
939 3965 1392 4038 Crispus,gener
1412 3966 1644 4035 Phocaa,
1676 3983 1855 4037 quem
1880 3968 2071 4040 impe-

407 4058 499 4114 rio
529 4057 757 4129 potitus
779 4053 1082 4111 Heraclius
1128 4054 1513 4127 Cappadocia)
1560 4056 1874 4128 praesidem
1905 4058 2067 4115 fecit.

404 4145 518 4201 Sed
544 4161 681 4203 cum
710 4144 953 4216 Crispus
973 4143 1054 4199 ibi
1085 4142 1443 4198 seditionem
1472 4146 2066 4214 moveret,Heraclius

2189 3248 2385 3325 θρόνου
2411 3253 2603 3305 τοῦτον
2634 3249 2938 3320 ἀναστήσας
2969 3250 3060 3305 καὶ
3106 3257 3209 3320 τῆς
3269 3250 3564 3327 βασιλικῆς
3622 3251 3857 3322 ἐσθῆτος

2185 3339 2609 3414 ἀπογυμνώσας,
2640 3338 2733 3394 καὶ
2788 3336 2998 3413 μέλανα
3051 3338 3270 3403 ἐνδύσας
3325 3342 3418 3397 καὶ
3472 3340 3637 3397 κλοιὰ
3692 3363 3855 3418 περι-

2190 3430 2326 3501 θεὶς,
2375 3428 2571 3503 ἄτιμον
2636 3428 2777 3503 πρὸς
2828 3428 3155 3505 Ἡράκλειον
3207 3430 3509 3507 ἀπήγαγεν.
3566 3434 3662 3490 ⁴³ον
3722 3434 3854 3489 θεα-

2174 3519 2417 3593 ,σάμενος
2450 3520 2611 3575 εἶπεν
2644 3517 2856 3589 Οὕτως,
2912 3517 3089 3591 ἃΘλιε,
3146 3521 3245 3591 τὴν
3299 3519 3582 3579 πολιτείαν
3637 3520 3855 3596 διῴκη-

2190 3628 2284 3670 σας
2317 3626 2334 3677 ;
2364 3608 2426 3665 Ὁ
2457 3604 2515 3662 δὲ
2564 3607 2987 3684 ἀπεγνωσμένος
3045 3607 3122 3665 ὢν
3162 3605 3288 3684 ἔφη·
3330 3609 3402 3665 Σὺ
3435 3608 3666 3666 κάλλιον
3697 3605 3859 3687 ἔχεις

2188 3693 2490 3767 διοικῆσαι.
2542 3697 2649 3752 Καὶ
2707 3696 2948 3772 παρευθὺ
3002 3695 3216 3754 κελεύει
3272 3696 3592 3775 Ἡράκλειος
3620 3703 3851 3775 πρῶτον

2187 3789 2283 3862 μὲν
2338 3788 2435 3851 τὰς
2494 3792 2684 3863 χεῖρας
2738 3788 2830 3843 καὶ
2888 3787 3016 3849 τοὺς
3073 3786 3247 3851 πόδας
3289 3787 3457 3845 αὐτοῦ
3510 3789 3844 3863 ἐκκοπῆναι,

2181 3879 2277 3934 εἷθ’
2309 3877 2483 3940 οὕτως
2527 3876 2656 3941 τοὺς
2718 3874 2909 3951 ὢμους
2967 3879 3055 3934 καὶ
3115 3879 3181 3934 τὰ
3231 3875 3432 3949 αίδοῖα,
3493 3877 3677 3935 ἔπειτα
3732 3882 3841 3950 τὴν

2179 3964 2446 4044 κεφαλήν.
2471 3967 2541 4021 Τὸ
2574 3963 2631 4021 δὲ
2685 3963 3042 4044 καταλειφθὲν
3100 3972 3264 4041 σῶμα
3330 3966 3493 4023 αὐτοῦ
3552 3970 3604 4023 οἱ
3662 3989 3843 4045 στρα-

2176 4059 2372 4111 τιῶται
2428 4049 2688 4117 λαϐόντες
2733 4053 2784 4110 έν
2828 4057 2898 4128 τῇ
2956 4058 3053 4110 τοῦ
3128 4053 3270 4118 Βοὺς
3353 4055 3530 4134 ἀγορᾳ
3579 4054 3843 4113 ἔκαυσαν·

2180 4143 2519 4220 Συνέπραττε
2545 4139 2603 4198 δὲ
2629 4144 2845 4206 τούτοις
2900 4143 2992 4199 καὶ
3051 4145 3292 4219 Κρίσπος
3350 4145 3379 4200 ὁ
3432 4140 3677 4221 γαμϐρὸς
3738 4150 3846 4203 τοῦ

407 4249 545 4290 eum
570 4233 633 4288 in
655 4237 928 4288 senatum
958 4230 1278 4303 produxit;
1313 4248 1616 4303 manuque
1644 4237 1859 4290 tenens
1893 4235 2066 4292 char-

2193 4238 2364 4305 waa,
2433 4232 2491 4288 δν
2545 4232 2636 4287 καὶ
2693 4232 3001 4308 στρατηγὸν
3063 4231 3448 4297 Καππαδοκίας
3504 4234 3843 4311 Ἡράκλειος

404 4326 528 4377 tam
547 4322 611 4377 in
639 4335 758 4392 qua
778 4319 1001 4375 indicia
1027 4319 1216 4391 Crispi
1244 4319 1597 4377 insidiarum
1628 4322 1689 4377 in
1722 4323 2058 4383 Heraclium

2193 4321 2502 4385 ἰασιλεύσας
2557 4321 2830 4393 ἐποίησενο
2894 4320 3067 4378 ἐκεῖσε
3131 4321 3189 4379 δὲ
3244 4322 3530 4400 ἆνταρσίαν
3590 4322 3842 4398 μελετή-

406 4413 579 4465 erant
613 4409 856 4481 scripta,
923 4423 994 4463 ea
1048 4413 1226 4479 caput
1248 4410 1439 4482 Crispi
1486 4409 1759 4482 pulsavit,
1800 4413 2053 4472 dicens:

2193 4432 2335 4470 ἀντα
2378 4409 2582 4487 ¹ἢγαγεν
2639 4407 2728 4465 ἐπὶ
2787 4406 3126 4486 συγκλήτου,
3183 4411 3271 4467 καὶ
3320 4410 3387 4466 τὰ
3465 4409 3602 4484 πρὸς
3655 4411 3839 4488 Ἡρά-

1582 4534 1944 4594 XYLANDRI
1983 4539 2071 4595 ET
2110 4538 2328 4596 GOARI
2366 4535 2589 4591 NOTAE.

476 4656 934 4742 (28)Δξτρατηγόγ
962 4657 1064 4741 hic
1082 4662 1415 4740 praefectum
1455 4660 1852 4742 ‘interpretor.
1903 4664 2047 4742 cum

403 4731 563 4804 enim
588 4731 785 4785 Africa
803 4731 1100 4804 a'vicariis
1129 4731 1319 4802 primo
1376 4731 1701 4804 guberna’ta
1757 4749 1913 4790 anno
1943 4738 2048 4792 439

400 4803 465 4857 in
495 4807 850 4873 potestatem
880 4801 1277 4857 Vandalorum
1312 4801 1664 4865 transiisset,
1700 4804 1775 4860 iis
1805 4806 2047 4863 demum

399 4879 536 5000 post
562 4877 632 4929 95
661 4889 852 4930 annos
873 4873 1198 4945 proﬂigatis
1227 4890 1263 4929 a
1288 4874 1645 4940 Iustiniano,
1670 4876 1887 4933 vicario
1906 4879 2048 4935 abo-

426 4946 527 5000 ito.
544 4945 849 5000 nronrium
878 4949 1208 5000 praefectum
1219 4945 1292 5000 ab
1318 4947 1676 5000 imperatore
1697 4948 2044 5000 accipiebat-

426 4946 527 5019 ito,
544 4945 849 5019 proprium
873 4949 1208 5019 praefectum
1219 4945 1292 5000 ab
1318 4947 1676 5019 imperatore
1697 4948 2045 5019 accipiebat,

398 5017 494 5072 cui
545 5015 906 5072 substitutus
961 5015 1370 5088 ὑποστράτηγος
1407 5015 1518 5071 hic
1574 5015 1937 5076 memoratus
1998 5015 2048 5076 is

399 5093 763 5170 pote-etesse-
787 5088 889 5159 qui
912 5087 1074 5170 prius
1105 5088 1364 5170 regebat,
1412 5090 1671 5144 vicarius.
1702 5091 2048 5147 Pancirolus

403 5158 706 5231 inNotitia
732 5158 873 5231 Imp.
908 5158 1090 5231 Occid.
1124 5158 1300 5231 Cosa.

471 5230 586 5302 (29)
617 5229 830 5303 Comes
856 5230 1255 5303 Orientissub
1285 5246 1394 5287 sua
1421 5229 1809 5303 dispositione
1840 5233 2050 5289 Orien-

398 5298 832 5374 tis'pr'ovincias
863 5318 898 5358 a
928 5301 1267 5374 Marcellino
1316 5308 1375 5358 et
1428 5298 1655 5374 Imperii
1705 5305 1915 5359 Notitia
1960 5322 2051 5362 re-

397 5367 548 5453 latas
576 5370 853 5453 habebat.
882 5373 1237 5453 gignitatem
1280 5374 1424 5453 ejus
1479 5367 2049 5453 militarem_slat_uit

396 5438 748 5520 ambrosius
778 5460 867 5520 e_p_.
902 5438 983 5498 29'
1001 5444 1075 5499 ad
1101 5438 1496 5520 Theodosium
1526 5445 1759 5520 civilem
1786 5447 2046 5520 Valesius

399 5510 463 5590 in
493 5510 879 5590 blarcellini’l.
910 5530 1061 5590 x_xnv.
1093 5514 1194 5590 Cui
1249 5517 1515 5573 Zosimus
1539 5518 1795 5590 _abipso
1826 5518 2047 5575 relatus

398 5579 673 5656 inclinat,
704 5587 764 5641 et
790 5584 1059 5656 apprime
1088 5584 1241 5641 favet
1269 5593 1475 5645 auctor
1498 5579 1706 5646 civilia.
1722 5589 1961 5661 negotia
1979 5590 2052 5646 ab

2159 4681 2236 4747 eo
2250 4664 2622 4747 pertractata
2650 4665 2710 4747 et
2758 4661 3249 4747 Antiochensium
3304 4662 3685 4747 Hebraeorum
3721 4680 3829 4719 se-

2157 4731 2444 4859 ditionEm
2476 4731 2550 4787 ab
2576 4732 2787 4788 eodem
2817 4733 3008 4805 panis
3029 4733 3274 4790 inflictis
3297 4736 3616 4792 coercitam
3635 4750 3824 4791 enar-

2157 4823 2317 4859 rans.
2399 4820 2527 4859 OAR.

2157 4823 2317 4863 rans.
2351 4820 2527 4860 liOAR.

2225 4878 2340 5004 £30)
2363 4878 2550 4941 Quam
2564 4891 2683 4931 non
2708 4874 3068 4932 Edessenam
3088 4877 3468 4949 postmodum
3489 4878 3823 4948 inveniam,

2281 4947 2798 5004 Camulianensem
2819 4947 2910 5002 vel
2936 4948 3115 5004 etiam
3174 4949 3530 5004 miraculose
3573 4966 3823 5004 exores-

2158 4947 2261 5005 sed
2281 4947 2798 5023 Camulianensem
2819 4947 2910 5002 vel
2936 4947 3115 5004 etiam
3174 4949 3530 5023 miraculose
3573 4947 3824 5023 expres;

2158 5037 2283 5100 sam
2303 5024 2420 5100 aut
2448 5018 2524 5074 ad
2555 5024 2935 5100 prototypum
2962 5035 3083 5100 non
3117 5021 3522 5100 manufactum
3539 5037 3575 5100 a
3593 5018 3829 5100 pictore

2158 5090 2418 5165 effictam
2457 5107 2524 5146 ac
2557 5089 2690 5165 ideo
2713 5089 3139 5165 ἀχειροποίητον
3170 5108 3408 5164 quoque
3433 5089 3653 5149 dictam
3670 5093 3827 5149 scri-

2157 5162 2243 5218 bit
2269 5164 2578 5235 Gretserus
2598 5162 2815 5235 Opusc.
2847 5162 2923 5219 De
2946 5166 3121 5234 Imag.
3167 5162 3280 5219 non
3310 5162 3495 5235 ‘manu
3550 5167 3720 5235 factis
3765 5182 3823 5221 e.

2156 5252 2247 5290 xv.
2283 5236 2363 5290 De
2394 5233 2499 5288 illa
2519 5247 2756 5304 quoque
2804 5233 3201 5290 Damascenus
3259 5234 3519 5292 Studites
3552 5233 3643 5291 Vin
3676 5236 3821 5293 Thc-

2155 5322 2341 5363 sauro.
2377 5306 2553 5360 Gem.

2252 5377 2339 5461 βξ)
2372 5377 2582 5461 Portus
2611 5375 2725 5461 CP;
2771 5376 3138 5461 capacissimi
3196 5393 3334 5461 pars
3391 5382 3482 5461 est
3520 5395 3594 5435 ex
3646 5382 3822 5452 parte

2158 5444 2408 5526 Galatae,
2430 5444 2603 5526 Σοφία
2630 5462 2668 5526 _a
2696 5444 2929 5526 Iusti—po
2953 5449 3026 5526 de
3045 5444 3260 5526 uxoris
3303 5451 3553 5526 nomine
3582 5444 3821 5508 nuncu-

2156 5523 2312 5591 pata.
2349 5518 2488 5573 Vide
2511 5518 2813 5575 auctorem
2844 5520 3058 5577 Justini
3089 5537 3250 5579 anno
3289 5525 3323 5577 2
3353 5525 3528 5580 Gem.
