4148 6212
385 294 500 355 ⁸781

1492 287 2042 351 HISTORIARUM
2087 291 2639 356 COMPENDIUM.

3673 298 3792 361 782

381 425 566 482 γλειον
597 423 859 500 γενόμενα
904 421 1150 503 ἔγγραφοι
1202 424 1371 478 αὐτοῦ
1435 423 1684 496 κατέχων
1719 425 1746 478 6
1780 421 2030 496 βασιλεὺς

2151 427 2451 498 Miser,qui
2477 445 2551 484 ne
2573 445 2775 485 socero
2799 429 3039 500 quidem
3062 430 3238 486 ﬁdem
3260 431 3794 503 praastiteris,quod

383 515 435 570 ἐν
499 519 568 588 τῇ
630 514 798 589 χειρὶ,
867 516 1102 588 κρούσας
1154 513 1392 587 Κρίσπον
1450 514 1548 581 τήν
1603 511 1846 589 κεφαλὴν
1909 513 2043 585 μετά

384 608 482 658 τοῦ
526 603 757 680 χάρτου,
815 600 915 678 ἔφη
979 601 1332 676 Ταλαίπωρε,
1385 596 1633 676 γάμϐρὸν
1694 600 1793 656 οὐκ
1845 600 2040 670 ἐποίη-

387 709 504 751 σας’
538 688 700 768 φίλον
744 691 967 760 ἀληθῶς
1022 696 1140 752 πῶς
1195 693 1492 760 ποιήσεις;
1545 696 1696 744 Ποιεῖ
1749 689 1848 743 οὖν
1879 688 2037 744 αὐτὸν

385 779 675 853 κληρικὸν,
707 778 798 832 καὶ
831 776 882 832 ἐν
908 782 978 852 τῇ
1015 782 1156 852 μονῇ
1197 782 1266 852 τῇ
1323 785 1425 848 τῆς
1477 779 1665 853 χώρας
1716 777 2037 852 περιορίζει,

385 867 542 921 κάκεῖ
595 865 869 936 τελευτᾷ.
951 867 1214 940 Μοναχὸς
1276 864 1332 921 δέ
1389 887 1473 928 τις
1529 867 1682 941 ἅγιος
1766 864 1854 920 ἐπὶ
1926 871 2038 922 τῶν

388 958 609 1030 ἡμερῶν
666 960 765 1010 τοῦ
825 959 993 1010 Φωκᾶ
1049 953 1186 1030 πρὸς
1257 956 1348 1010 τὸν
1403 958 1529 1010 Θεὸν
1588 952 2036 1029 διαδικαζόμενος

386 1043 562 1118 ἔλεγεο
613 1045 780 1120 Κύριε
815 1089 828 1115 ,
890 1042 978 1100 διὰ
1031 1045 1086 1100 τί
1135 1049 1382 1100 τοιοῦτον
1439 1045 1754 1119 παράνομον
1815 1045 2040 1120 βασιλέα

388 1130 625 1196 δέδωκας
683 1140 798 1196 τοῖς
852 1137 1243 1210 Υριστιανοῖςς
1307 1133 1407 1190 Καὶ
1461 1133 1629 1202 ἦλθεν
1687 1134 1838 1206 αὖτῷ
1886 1137 2035 1211 φωνή

388 1221 655 1298 ἀοράτως⁶
689 1223 810 1280 Ὃτι
851 1223 1078 1298 χείρονα
1121 1221 1321 1278 τούτου
1372 1221 1480 1297 οὐχ
1533 1222 1688 1296 εὗρον
1747 1222 1884 1296 πρὸς
1940 1223 2040 1292 τήν

386 1311 572 1366 κακίαν
604 1315 713 1366 τῶν
743 1315 834 1367 νῦν
867 1313 1263 1368 κατοικούντων
1297 1310 1350 1366 ἐν
1375 1316 1445 1386 τῇ
1476 1309 1659 1369 πόλει.

390 1401 609 1475 Κόσμου
693 1395 812 1464 ἔτος
891 1405 1044 1477 ,ςργ³,
1125 1409 1226 1471 τῆς
1312 1399 1456 1465 θείας
1541 1401 1864 1472 σαρκώσεως
1923 1407 2037 1477 χθ’.

388 1488 711 1566 Ἡράκλειος
797 1488 1054 1566 βασιλεὺς
1136 1491 1426 1565 Ῥωμαίων
1531 1486 1874 1546 ἐϐασίλευσεν
1942 1487 2034 1562 ἔτη

389 1578 477 1635 λα’
510 1627 524 1653 ,
581 1581 825 1659 στεφθεὶς
909 1580 1014 1636 ὑπὸ
1114 1582 1346 1656 Σεργίου
1432 1583 1776 1656 πατριάρχου
1854 1580 1908 1636 ἐν
1960 1584 2040 1652 τῷ

386 1671 648 1746 εὐκτηρίῳ
695 1676 792 1727 τοῦ
849 1670 1006 1747 ἁγίου
1063 1672 1336 1744 Στεφάνου
1367 1672 1477 1743 (32)
1535 1671 1697 1744 ἐντῷ
1761 1671 2034 1742 πιλατίῳ·

2153 517 2378 571 faceres
2400 519 2590 573 amico
2608 517 2627 572 Ρ
2643 519 2934 574 Clericum
2959 535 3095 592 ergo
3117 535 3252 575 eum
3274 521 3489 593 redigit
3509 538 3577 576 ac
3599 521 3793 576 solum

2153 612 2379 660 vertere
2406 605 2597 675 jubet,
2632 609 2800 678 isque
2833 609 2894 664 in
2929 608 3136 664 exsilio
3166 615 3436 665 mortuus
3467 615 3577 666 est.
3611 611 3792 665 Porro

2153 693 2393 762 quidam
2409 701 2648 751 sanctus
2673 697 3228 765 monachus,Phoca
3249 697 3793 768 imperante,Deum

2151 781 2225 836 ad
2278 783 2772 854 disceptationem
2827 803 3174 856 provocans,
3209 787 3479 856 quaasivit
3526 803 3631 841 cur
3671 792 3792 842 tam

2151 869 2402 940 impium
2419 873 2769 928 Christianis
2783 874 3166 946 imposuisset
3184 875 3263 929 im
3271 875 3795 946 peratorem.audi-

2151 958 2352 1028 vitque
2383 977 2608 1026 vocem,
2642 977 2775 1017 cum
2809 963 3048 1032 quidem
3081 965 3386 1019 neminem
3415 965 3658 1034 videret,
3679 963 3792 1019 sibi

2152 1047 2452 1104 dicentem
2476 1051 2833 1106 deteriorem
2865 1053 3048 1108 alium
3081 1054 3334 1108 inveniri
3356 1055 3622 1125 potuisse
3658 1053 3792 1109 nul-

2150 1138 2372 1208 lum,ac
2399 1141 2511 1197 hoc
2529 1143 2817 1197 meruisse
2841 1143 3283 1214 Cpolitanorum
3308 1145 3549 1216 ﬂagitia.

2222 1411 2394 1464 Anno
2413 1409 2619 1464 mundi
2654 1411 3038 1478 6103,0hristi
3054 1411 3344 1468 incarnati
3359 1411 3791 1480 609,Heraclius

2152 1497 2480 1569 imperator
2521 1500 2712 1554 factus
2762 1504 2852 1554 est
2897 1502 3319 1568 Romanorum,
3353 1501 3792 1572 imperiumque

2151 1589 2332 1659 gessit
2361 1605 2468 1659 per
2497 1605 2687 1644 annos
2719 1589 3140 1646 31.Coronatus
3173 1595 3261 1645 est
3292 1591 3353 1644 in
3385 1590 3642 1646 oratorio
3666 1592 3792 1646 Ste-

2151 1676 2355 1746 phani,
2389 1677 2545 1746 quod
2595 1683 2684 1732 est
2737 1678 2796 1731 in
2842 1677 3082 1748 palatio,
3117 1694 3152 1733 a
3195 1678 3395 1750 Sergio
3427 1679 3788 1750 patriarcha,

389 1758 612 1840 ἐστὲφθη
654 1763 710 1817 δὲ
768 1763 880 1834 ἅμα
936 1762 1088 1833 αὐτῷ
1145 1761 1236 1815 καὶ
1283 1764 1318 1830 ἡ
1386 1761 1830 1834 μεμνηστευμένη
1893 1761 2031 1834 αὖτῷ

2151 1766 2330 1820 simul
2344 1767 2523 1821 etiam
2538 1767 2910 1838 desponsatas
2925 1769 2977 1822 ei
2992 1767 3380 1838 Fabim,cujus
3393 1768 3454 1820 in
3470 1766 3789 1823 Eudociam

391 1850 573 1910 Φαϐία
621 1856 656 1922 ἡ
714 1853 805 1907 καὶ
864 1849 1103 1908 Εὒδοκία
1193 1854 1659 1925 μετονομασθεῖσα
1733 1851 2039 1929 Αὐγοῦστα.

389 1947 560 2006 Οὗτος
604 1941 958 2018 ὁῐῐράκλειος
1003 1945 1068 2012 ἦν
1114 1943 1216 2011 τήν
1273 1941 1494 2011 ἠλικίαν
1553 1940 1805 2016 μεσῆλιξ,
1864 1942 2040 1998 εὐσθε-

390 2037 488 2104 νὴς
526 2078 539 2102 ,
600 2033 878 2108 εὕστερνος
914 2078 926 2102 ,
988 2030 1360 2110 εὐόφθαλμος·
1429 2031 1612 2107 ὀλίγον
1670 2030 2038 2109 ὑπόγλαυκος,

393 2125 580 2195 ξανθὸς
634 2123 733 2192 τήν
789 2123 957 2199 τρίχα
991 2166 1006 2191 ,
1066 2121 1260 2184 λευκὸς
1328 2123 1429 2191 τήν
1488 2123 1702 2196 χροιὰν,
1757 2115 1901 2197 ἔχων
1945 2124 2036 2178 τὸν

391 2213 628 2289 πώγωνα
659 2209 866 2267 πλατὺν
907 2213 996 2265 καί
1036 2211 1173 2286 πρὸς
1235 2217 1412 2286 μῆκος
1452 2209 1715 2286 ἐκκρεμῆ.
1773 2209 2041 2281 Ὁπηνίκα

393 2299 450 2357 δὲ
504 2303 640 2378 πρὸς
697 2302 760 2356 τὸ
816 2307 916 2370 τῆς
975 2300 1252 2375 βασιλείας
1317 2298 1484 2370 ἦλθεν
1551 2300 1785 2374 ἀξίωμα,
1845 2298 2040 2364 εὐθέως

389 2389 631 2464 ἐκείρατο
687 2391 785 2459 τὴν
846 2388 1029 2462 κόμην
1087 2389 1176 2444 καὶ
1233 2389 1297 2444 τὸ
1371 2387 1576 2463 γένειον
1629 2393 1708 2460 τῷ
1769 2386 2040 2462 βασιλικῷ

390 2483 640 2554 σχήματι
670 2482 799 2552 (33).
830 2479 1024 2552 Τούτῳ
1069 2485 1148 2551 τῷ
1204 2474 1308 2534 ἔτει
1365 2473 1674 2554 παρέλαϐον
1730 2478 1781 2531 οἱ
1841 2476 2037 2552 Πέρσαι

385 2569 486 2638 τήν
516 2569 817 2640 Ἀπάμειαν
870 2569 1070 2643 Συρίας
1126 2569 1216 2623 καὶ
1247 2564 1490 2635 Ἢδεσαν,
1547 2567 1634 2621 καὶ
1704 2566 1878 2636 ἦλθον
1932 2563 2036 2627 ἓως

380 2659 732 2734 Ἀντιοχείας
763 2677 774 2690 ·
829 2659 880 2713 οἱ
939 2655 997 2713 δὲ
1051 2664 1313 2731 Ῥωμαῖοι
1370 2656 1785 2730 πολεμήσαντες
1850 2655 2038 2720 αὐτοῖς

384 2750 726 2819 ἡττήθησαν,
759 2749 849 2804 καὶ
880 2747 1153 2818 διωλέσθη
1185 2738 1292 2808 πᾶς
1321 2749 1350 2801 ὁ
1381 2745 1514 2807 λαὸς
1570 2751 1680 2802 τῶν
1737 2747 2036 2821 Ῥωμαίων

380 2836 457 2893 πλ
470 2839 532 2906 ἠν
567 2836 797 2914 ὀλίγων.

455 2928 551 2998 Τῷ
611 2928 659 3001 β’
725 2920 832 2980 ἔτει
913 2925 1234 3000 Ἡρακλείου
1327 2920 1638 3001 παρέλαϐον
1723 2925 1774 2980 οἳ
1831 2923 2035 3000 Πέρσαι

2149 1861 2439 1910 mutatum
2471 1873 2690 1912 nomen
2732 1864 2842 1927 est,
2873 1875 3092 1914 corona
3125 1860 3277 1913 114
3307 1863 3366 1912 et
3391 1858 3562 1912 titulo
3588 1861 3788 1930 Augu-

2147 1943 2314 1999 stalis
2335 1944 2542 2001 indita.
2569 1946 2700 2000 Fuit
2719 1947 3020 2002 Heraclius
3043 1952 3268 2003 statura
3291 1947 3595 2012 mediocri,
3616 1947 3788 2002 robu-

2147 2038 2294 2098 stus,
2329 2035 2500 2089 firmo
2533 2041 2794 2106 pectore,
2813 2036 3003 2092 oculis
3033 2036 3403 2109 elegantibus
3424 2053 3490 2091 ac
3515 2036 3790 2092 nonnihil

2149 2124 2360 2193 caesiis,
2391 2125 2548 2180 fulvo
2571 2127 2755 2194 crine,
2780 2127 2969 2195 albus,
2991 2126 3175 2182 barba
3197 2128 3314 2182 lata
3333 2132 3510 2198 atque
3533 2127 3784 2198 prolixa.

2148 2214 2260 2268 Sed
2292 2215 2616 2286 imperator
2644 2218 2834 2272 factus
2857 2217 3151 2289 extemplo
3183 2233 3415 2273 comam
3441 2217 3693 2273 totondit
3721 2233 3790 2272 ac

2148 2308 2413 2359 mentum
2460 2306 2625 2371 rasit,
2656 2306 2759 2376 qui
2805 2313 2892 2360 est
2937 2307 3363 2376 imperatorum
3413 2306 3675 2361 habitus.
3709 2309 3790 2362 Eo

2144 2407 2300 2446 anno
2325 2397 2518 2448 Persa:
2542 2399 2984 2464 occupaverunt
3003 2397 3324 2464 Apameam
3343 2395 3524 2464 Syria:
3545 2393 3790 2448 etEdes-

2146 2486 2362 2545 sam,et
2392 2498 2578 2552 usque
2601 2483 2672 2536 ad
2697 2482 3071 2538 Antiochiam
3090 2487 3505 2553 pervenerunt.
3536 2481 3786 2537 Romani

2145 2576 2344 2626 autem
2394 2589 2590 2643 pugna
2639 2589 2773 2627 cum
2821 2573 2895 2628 iis
2925 2573 3227 2645 congressi
3278 2577 3436 2643 sunt,
3474 2589 3542 2628 ac
3581 2571 3786 2643 paucis

2144 2659 2400 2732 demptis
2433 2661 2737 2716 occidione
2775 2662 2932 2717 caasi.

2212 2930 2384 2982 Anno
2401 2927 2653 2982 Heraclii
2669 2927 3149 2992 secundo,Persaa
3163 2928 3786 2997 ceperuntCmsaream

389 3015 714 3092 Καισάρειαν
739 3023 840 3085 τῆς
889 3013 1294 3086 Καππαδοκίας,
1352 3016 1443 3070 καὶ
1500 3013 1715 3076 πολλὰς
1767 3012 2031 3088 μυριάδας

2151 3017 2860 3088 Βαρρειιίοοίωηῐιυιιᾶᾳυε
2880 3017 3189 3072 hominum
3207 3015 3397 3070 millia
3407 3017 3634 3088 captiva
3648 3016 3786 3071 inde

384 3103 437 3158 ἐν
497 3105 637 3179 αὐτῇ
726 3102 1199 3180 ᾕχμαλὼτευσαν.
1289 3097 1628 3177 Παραλαϐὼν
1689 3100 2029 3175 Ἡράκλειος,

385 3195 508 3216 ηιμ
614 3192 681 3216 Α»-
938 3193 996 3216 Α
1087 3199 1147 3216 Α.
1237 3191 1514 3216 -Αωρμ,
1573 3196 1677 3216 __~__,
1738 3191 2028 3216 mhﬁwpud

2151 3105 2536 3161 abduxerunt.
2571 3107 2880 3160 Enimvero
2921 3104 3171 3176 adeptus
3201 3105 3519 3177 imperium
3571 3108 3788 3162 Roma-

2151 3211 2278 3216 ---μ
2310 3194 2610 3216 II____I:_-_
2648 3211 2741 3216 ..--
2767 3197 3059 3216 n-_____
3102 3200 3163 3216 --ι
3196 3194 3431 3216 ,ιε-ζμ---
3463 3193 3649 3216 ι-1.-ιι-
3667 3199 3745 3216 -L-

383 3195 520 3249 καθὰ
609 3192 846 3268 εἴρηται,
932 3193 1000 3248 τὰ
1081 3199 1182 3262 τῆς
1233 3191 1516 3255 πολιτείας
1571 3196 1678 3247 τῶν
1738 3191 2030 3266 Ῥωμαίων

2151 3211 2284 3248 num
2310 3194 2613 3250 Heraclius
2648 3211 2744 3248 res
2767 3197 3081 3262 Romanas,
3102 3200 3168 3248 ut
3189 3193 3783 3262 diximus,labefacta-

383 3283 674 3358 πράγματα
705 3280 1130 3358 παραλελυμένα
1191 3281 1328 3355 εὕρεο
1360 3282 1461 3350 τὴν
1511 3302 1569 3336 τε
1615 3279 1717 3356 γὰρ
1759 3279 2029 3354 Εὐρώπην

2151 3289 2230 3339 tas
2262 3283 2673 3352 oilendit,cum
2707 3288 2764 3338 et
2792 3286 3084 3355 Europam
3117 3286 3334 3339 Avares
3364 3287 3696 3338 vastassent
3726 3288 3786 3338 et

385 3374 438 3428 οἱ
484 3367 716 3447 Ἀϐαρες
767 3374 1100 3446 ἠρήμωσαν,
1163 3371 1253 3426 καὶ
1309 3372 1410 3439 τὴν
1469 3370 1651 3427 Ἀσίαν
1721 3371 1772 3424 οἱ
1832 3369 2027 3446 Πέρσαι

2151 3373 2340 3427 Asiam
2371 3375 2567 3428 Persae
2608 3373 3000 3445 subegissent,
3033 3374 3095 3428 in
3128 3375 3472 3428 servitutem
3520 3372 3780 3428 redactis

378 3467 552 3517 πᾶσαν
583 3461 949 3536 κατέστρεψαν
1007 3460 1097 3516 καὶ
1155 3459 1345 3522 πόλεις
1403 3458 1865 3534 ᾑχμαλώτευσαν.
1926 3457 2026 3514 Καὶ

2151 3463 2408 3519 urbibus.
2431 3463 2537 3526 Qui
2564 3479 2699 3517 eum
2725 3467 2910 3518 status
2933 3479 3132 3518 rerum
3161 3462 3395 3518 consilii
3419 3463 3660 3534 inopem
3689 3463 3782 3517 in-

375 3557 541 3608 ταῦτα
571 3553 727 3614 οὗτος
755 3551 1026 3624 Θεώμενος
1075 3549 1125 3604 ἐν
1183 3549 1385 3624 ἀπορίᾳ
1438 3549 1530 3617 ἦν,
1584 3547 1637 3602 τί
1697 3545 1874 3621 δράσει
1908 3543 2027 3600 δια·
2137 3551 3121 3621 οθνὶιιῐηᾳιιθᾶηἱῐηίΓράάίἀίιΉοο
3142 3567 3298 3606 anno
3323 3549 3788 3622 Eudociaimpe-

379 3641 777 3716 λογιζόμενος.
837 3639 1024 3711 Τούτῳ
1080 3641 1164 3711 [Ρ.
1225 3641 1352 3709 408]
1399 3642 1478 3708 τῷ
1542 3631 1649 3692 ἔτει
1697 3635 1890 3705 ἐτέχθη
1948 3639 2028 3707 τῷ

2151 3639 2318 3694 γυίοιιὶ
2351 3639 2540 3694 filium
2574 3641 2827 3711 peperit,
2861 3639 3195 3694 Heracliam
3241 3640 3556 3705 minorem,
3591 3640 3692 3710 qui
3724 3645 3785 3694 et

385 3729 602 3806 βασιλεῖ
632 3732 747 3792 υἱὸς
805 3729 912 3784 ἀπὸ
965 3724 1230 3789 Εὐδοκίας
1289 3725 1612 3800 Ἡράκλειος
1660 3726 1689 3779 6
1748 3725 1965 3800 μικρὸς,
1996 3726 2024 3779 6

2151 3729 2557 3782 Ioustantinus
2579 3728 2783 3796 iunior
2799 3727 3220 3794 dicitur,tertia
3239 3727 3334 3782 die
3354 3727 3507 3782 Maii.
3526 3727 3780 3782 Eodem-

379 3819 498 3884 νέος
582 3823 1015 3885 Κωνσταντῖνος,
1088 3817 1222 3889 μηνὶ
1271 3817 1437 3888 Μαΐῳ
1473 3814 1655 3890 τρίτῃ.
1715 3817 1811 3872 Τῶ
1878 3814 2024 3886 αὐτῷ

2151 3833 2247 3888 [ue
2277 3833 2456 3883 anno,
2490 3817 2746 3872 Eudocia
2775 3819 3038 3889 Augusta
3065 3815 3340 3872 decessit.

377 3905 505 3975 ἔτει,
536 3907 883 3978 ἐτελεύτησεν
916 3903 1158 3963 Εὖδοκία
1193 3908 1227 3975 ἡ
1260 3905 1561 3980 Αὖγουστα,

447 4000 538 4068 Τῷ
597 3997 645 4072 γ’
701 3990 828 4067 ἔτει,
879 3993 1106 4071 ἰστέφθη
1169 3993 1456 4070 Ἐπιφανία
1511 3994 1624 4065 (34)
1681 3994 1715 4060 ἠ
1783 3991 2022 4065 θυγάτηρ

379 4084 706 4158 Ἡρακλείου
789 4084 880 4139 καὶ
964 4081 1289 4158 Ἡράκλειος
1347 4082 1376 4136 6
1432 4082 1548 4143 υἱὸς
1603 4081 1770 4136 αὐτοῦ
1827 4082 1856 4135 6
1907 4081 2024 4144 νέος

379 4176 780 4238 Κωνσταντῖνος
849 4173 953 4228 ὑπὸ
987 4172 1219 4248 Σεργίου
1278 4170 1644 4247 πατριάρχου.
1677 4174 1768 4243 Τῷ
1799 4167 1846 4224 δ’
1875 4168 2022 4241 αὗτῷ

375 4259 480 4318 ἔτει
530 4263 950 4338 ἐπεστράτευσαν
1038 4261 1346 4336 Σαρακηνοὶ
1429 4262 1567 4315 κατά
1652 4258 1872 4335 Συρίας,
1928 4257 2020 4314 καὶ

378 4352 760 4426 λυμηνάμενοι
801 4351 983 4428 χωρία
1013 4349 1165 4406 ίκανὰ
1201 4348 1554 4425 ὑπέστρεψαν.

443 4444 529 4515 Τῇ
563 4437 610 4495 δ’
653 4437 781 4510 ἔτει,
837 4435 1148 4511 παρέλαϐον
1211 4441 1262 4494 οἱ
1317 4439 1515 4512 Πέρσαι
1571 4439 1670 4506 τήν
1737 4437 2017 4512 Δαμασκὸν

2199 4001 2373 4049 Anno
2389 3993 2823 4065 tertio,Sergius
2837 3993 3172 4064 patriarcha
3183 3993 3572 4064 Epiphaniam
3588 3993 3773 4048 ﬁliam

2129 4087 2186 4136 et
2218 4083 2550 4137 Heraclium
2579 4081 2766 4136 filium
2784 4081 3034 4136 Heraclii
3050 4080 3596 4136 coronavitEodem
3614 4097 3772 4138 anno

2129 4170 2405 4225 Saraceni
2455 4171 2516 4224 in
2566 4171 2791 4241 Syriam
2823 4186 2956 4224 cum
2986 4171 3248 4225 exercitu
3281 4170 3530 4241 profecti
3557 4186 3773 4242 magno

2127 4261 2357 4333 regioni
2390 4260 2608 4315 damno
2639 4259 2775 4314 dato
2809 4259 3050 4314 domum
3081 4265 3470 4315 reverterunt.

2201 4442 2419 4505 Quarto
2449 4455 2628 4505 anno,
2661 4439 2854 4494 Persa:
2882 4439 3236 4494 Damascum
3275 4446 3562 4512 ceperunt
3591 4446 3650 4496 et
3680 4442 3774 4498 in-

369 4532 462 4587 καὶ
506 4503 958 4606 ’ᾗχμαλώτευσαν
1029 4529 1218 4600 αὐτην.
1270 4529 1330 4586 Ὀ
1393 4503 1450 4583 δὲ
1507 4503 1828 4602 Ἡράκλειος
1889 4548 2020 4602 πρε-

2151 4503 2293 4584 :olas
2341 4529 2402 4583 in
2452 4503 2798 4583 servitutem
2856 4528 3004 4584 715
3057 4503 3435 4600 redegerunt.
3468 4529 3774 4586 Heraclius

372 4617 552 4676 σϐείαν
586 4620 725 4696 πρὸς
773 4619 1026 4692 Χοσρόην
1085 4616 1386 4685 ἀπέστειλε,
1448 4619 1624 4695 φήσας
1682 4617 1830 4690 αὐτῷ
1886 4617 2026 4672 παύ-

374 4722 564 4774 σασθαι
596 4713 694 4765 τοῦ
724 4707 932 4783 ἐκχέειν
982 4705 1188 4781 αἵματα
1252 4707 1551 4782 ἀνθρώπων
1603 4704 1874 4776 ἀνηλεῶς,
1931 4706 2021 4762 καὶ

375 4800 552 4875 ὁρίσαι
609 4798 698 4854 καὶ
765 4793 1063 4870 λαμϐάνειν
1122 4797 1316 4851 πάκτα.
1373 4797 1433 4853 Ὀ
1494 4793 1550 4850 δὲ
1605 4792 1796 4850 οὐδένα
1857 4795 2023 4870 λόγον

372 4889 584 4944 τούτων
664 4886 982 4957 ἐποιήσατο.
1063 4889 1158 4958 Τῷ
1225 4882 1272 4938 δ’
1321 4885 1483 4957 αὐτῷ,
1525 4879 1632 4939 ἔτει
1697 4882 2021 4958 Ἡράκλειος

371 4978 545 5054 ἔγημε
582 4983 880 5054 Μαρτῖναν,
913 4977 1003 5031 καὶ
1051 4974 1405 5050 ἀνηγόρευσεν
1463 4973 1629 5042 αὐτὴν
1687 4973 2018 5050 Αὖγοῦσταν,

370 5070 664 5144 στέψαντας
694 5067 861 5136 αὐτὴν
897 5064 1132 5141 Σεργίου
1163 5068 1276 5139 (35)
1304 5070 1400 5120 τοῦ
1425 5064 1792 5140 πατριάρχου.

2133 4622 2332 4674 autem
2390 4616 2588 4672 missis
2645 4615 2852 4688 legatis
2906 4615 3226 4672 Chosroem
3282 4618 3552 4674 hortatus
3594 4623 3683 4674 est
3708 4623 3776 4674 ut

2136 4708 2315 4762 tinem
2346 4705 2566 4760 faceret
2597 4705 2920 4760 crudeliter
2957 4706 3264 4778 sanguinis
3296 4706 3604 4762 hominum
3636 4708 3776 4762 fun-

2135 4795 2337 4864 dendi,
2371 4811 2690 4866 secumque
2740 4800 2979 4867 pactum
3025 4795 3228 4851 iceret.
3253 4797 3365 4852 Sed
3395 4797 3454 4852 id
3485 4796 3774 4852 Chosroes

2131 4904 2236 4958 pro
2263 4885 2452 4940 nihilo
2476 4883 2663 4938 duxit.
2697 4887 2776 4938 Eo
2799 4885 2927 4956 ipso
2949 4901 3126 4948 anno,
3147 4885 3450 4940 Heraclius
3463 4886 3775 4942 Martinam

2133 4975 2297 5031 duxit
2328 4977 2770 5046 Augustamque
2813 4973 3106 5044 salutavit,
3141 4979 3485 5030 coronatam
3511 4991 3546 5030 a
3573 4975 3772 5048 Sergio

2128 5063 2489 5136 patriarcha.

1571 5183 1936 5239 XYLANDRI
1978 5183 2060 5238 ET
2099 5180 2314 5239 GOABI
2354 5179 2574 5234 ΝΟΤΑΞ.

436 5305 548 5387 (32)
597 5305 838 5387 sacrum
890 5301 1400 5387 illudoratnorium
1457 5299 1760 5387 translatis
1792 5300 1847 5356 S.
1891 5302 2016 5356 Ste-

365 5371 551 5448 ph'ani
583 5377 850 5448 reliquiis
881 5375 1149 5432 condidit
1177 5371 1564 5448 Theodosius.
1591 5373 1766 5427 Gem.

437 5449 552 5517 (33)
585 5442 800 5504 Morem
860 5448 1009 5503 illud
1067 5445 1379 5516 antiquum
1427 5458 1752 5517 prmcessor
1803 5442 2021 5496 Mauri-

367 5515 497 5574 cius
527 5515 810 5576 renovare
841 5519 1083 5575 studuit.
1145 5515 1368 5572 Auctor
1419 5517 1544 5586 ejus
1603 5515 1746 5569 Vitas
1777 5529 1932 5570 anno
1965 5518 2017 5570 1.

373 5591 562 5735 ϐᾍῗ)
622 5665 820 5722 Prima
870 5663 999 5723 hac
1080 5678 1150 5720 ex
1207 5660 1372 5734 impp
1406 5701 1420 5716 .
1494 5657 1728 5718 ﬁliabus
1784 5656 1856 5715 ob
1907 5661 2020 5716 Au-

2128 5302 2314 5386 gustos
2372 5293 2580 5350 matris
2639 5299 2893 5349 mortem
2962 5295 3224 5367 Augusta
3299 5294 3414 5352 fuit
3469 5299 3771 5354 coronata.

2129 5373 2312 5512 (mag)
2347 5439 2471 5512 Non
2502 5434 2577 5512 ab
2611 5435 2738 5506 ipso
2770 5436 2946 5491 modo
2979 5437 3358 5512 imperatore,
3389 5443 3455 5493 ut
3483 5455 3518 5494 a
3546 5441 3777 5512 Iustino

2129 5508 2320 5582 primo
2379 5508 2712 5582 factitatum
2761 5513 2964 5564 narrat
2994 5516 3222 5578 auctor,
3243 5509 3347 5566 sed
3379 5526 3414 5565 a
3443 5511 3780 5582 patriarcha

2128 5579 2363 5656 quoque
2394 5579 2793 5636 coronabatur
2824 5581 3106 5651 Augusta.
3142 5582 3316 5641 ϐολῇ.
