4148 6212
417 384 534 446 783

1761 380 2080 442 GEORGII
2124 379 2470 442 CEDRENI

3702 381 3831 442 784

485 526 701 593 Quinto
733 541 909 588 anno,
956 524 1150 579 Persae
1180 519 1434 576 Iordane
1473 521 1758 590 occupato
1789 516 2050 573 Palaesti-

2235 517 2331 587 Τῷ
2391 516 2428 570 ε’
2484 508 2589 572 ἔτει
2643 511 2952 588 παρέλαϐον
3008 517 3060 572 οἱ
3095 495 3322 591 Ἠέρσαι
3377 517 3469 572 τὸν
3524 515 3833 592 Ἰορδάνην,

417 634 556 674 nam
589 622 648 672 et
675 616 883 672 urbem
915 619 1182 670 sanctam
1215 611 1267 666 vi
1296 615 1796 683 expugnarunt.et
1821 609 1881 662 in
1910 607 2060 662 urbe

417 724 522 780 per
549 706 784 761 Judaaos
842 703 1268 759 interfecerunt
1297 702 1370 757 ad
1415 705 1504 767 90,
1536 707 1603 756 ut
1627 701 1836 766 fertur,
1868 697 2062 752 homi-

418 812 564 850 num
596 793 1000 849 milliaJudaai
1039 793 1199 848 enim
1230 792 1484 864 quisque
1515 809 1621 863 pro
1655 790 1779 844 suis
1810 787 2058 843 faculta-

420 885 578 939 tibus
607 883 974 938 Christianos
1005 898 1039 936 a
1068 881 1263 936 Persis
1293 886 1570 936 emerunt
1599 884 1777 950 atque
1809 889 2062 930 necave-

417 972 578 1021 runt.
611 964 922 1021 Zacharias
979 962 1317 1035 patriarcha
1377 959 1946 1031 Hierosolymitanus
2004 958 2064 1010 et

416 1054 758 1110 veneranda
786 1053 979 1110 crucis
1009 1052 1172 1124 ligna
1201 1067 1335 1106 cum
1366 1050 1588 1122 ingenti
1608 1047 1821 1119 praeda
1841 1063 1908 1101 ac
1929 1060 2062 1114 cap-

419 1145 675 1202 tivorum
698 1158 949 1200 numero
971 1142 1032 1197 in
1055 1140 1358 1196 Persidem
1387 1145 1528 1194 sunt
1557 1134 2058 1193 abducta.Eodem

419 1250 579 1289 anno
605 1232 854 1288 Martina
883 1229 1149 1285 Heraclio
1183 1229 1369 1284 alium
1395 1225 1845 1282 Constantinum
1877 1237 2060 1294 pepe-

419 1321 628 1394 rit,qui
659 1321 720 1376 in
742 1319 1088 1376 Blachernis
1119 1323 1210 1374 est
1239 1334 1274 1372 a
1303 1317 1501 1388 Sergio
1549 1314 1885 1387 patriarcha
1914 1311 2061 1382 bap-

420 1412 652 1467 tizatus.

493 1501 668 1557 Sexto
690 1516 868 1568 anno,
885 1500 1078 1553 Persae
1101 1498 1436 1552 universam
1454 1497 1785 1567 rEgyptum,
1818 1492 2062 1547 Alexan-

419 1590 632 1659 driam,
663 1589 1064 1658 Africamque,
1087 1593 1145 1642 et
1166 1586 1367 1642 omnia
1388 1585 1462 1641 ad
1487 1583 1841 1650 [Ethiotiiam
1871 1597 2060 1652 usque

421 1683 949 1750 occupaverunt,ac
963 1677 1238 1749 plurimis
1252 1674 1521 1732 abductis
1543 1673 1810 1744 captivis,
1834 1670 2060 1743 ingenti

419 1786 554 1825 cum
586 1768 788 1840 praada
821 1772 880 1822 et
907 1766 1159 1838 pecunia
1203 1766 1445 1820 domum
1477 1762 1801 1826 redierunt,
1835 1758 2060 1814 relictis

420 1861 523 1932 qui
552 1857 966 1929 Carthaginem
981 1856 1253 1910 frustraa
1282 1871 1343 1908 se
1375 1857 1663 1907 tentatam
1694 1848 2056 1904 obsiderent.

2177 1850 2301 1907 δόνα
2395 1854 2471 1924 μή
2554 1851 2872 1924 δυνηθέντες
2950 1849 3286 1931 παραλαϐεῖν
3331 1902 3347 1926 ,

492 2037 754 2108 Septimo
803 2049 984 2097 anno,
1042 2031 1468 2088 Constantinus
1521 2028 1826 2084 lleraclius
1857 2024 2066 2081 consul

416 2129 969 2198 fuit,Caesaremque
991 2123 1131 2178 fecit
1151 2123 1392 2178 fratrem
1412 2137 1584 2175 suum
1609 2116 2067 2174 Constantinum

421 2218 740 2283 minorem,
774 2213 1026 2270 Heraclii
1057 2218 1116 2267 et
1144 2212 1406 2268 Martium
1441 2209 1656 2266 tilium.

494 2397 646 2451 716
697 2397 910 2451 Octavo
957 2409 1138 2460 anno,
1169 2407 1372 2447 rursus
1422 2389 1726 2445 Heraclius
1769 2387 1974 2459 legatis
2005 2387 2066 2440 in

415 2485 723 2542 Persidem
754 2483 829 2540 ad
858 2483 1178 2538 Chosroem
1211 2481 1410 2536 missis
1440 2495 1647 2551 pacem
1679 2477 1866 2550 petiit.
1895 2476 2069 2531 Ghos-

416 2591 550 2630 roes
581 2573 777 2629 denuo
833 2587 934 2627 eos
984 2569 1224 2642 repulit,
1259 2584 1480 2640 negans
1511 2583 1574 2622 se
1606 2565 1886 2621 Romanis
1917 2564 2066 2619 velle

420 2679 689 2735 parcere,
723 2662 840 2716 nisi
901 2660 1251 2715 cruciﬁxum
1310 2657 1700 2722 diffiteantur,
1746 2670 1920 2726 quem
1955 2653 2066 2724 ipsi

421 2755 608 2810 Deum
641 2767 770 2806 esse
803 2750 1023 2820 dicant,
1057 2753 1116 2805 et
1143 2746 1258 2801 nisi
1289 2747 1539 2802 adorent
1569 2745 1778 2800 solem.

491 2935 656 2987 Nono
709 2947 890 2997 anno,
944 2933 1161 2986 Avares
1191 2931 1253 2984 in
1283 2929 1589 2985 Thraciam
1636 2945 1772 2984 cum
1802 2926 2066 2982 exercitu

417 3025 731 3078 venerunt.
765 3020 940 3076 Mittit
995 3037 1131 3092 ergo
1174 3019 1478 3074 Hexaclius
1534 3034 1738 3090 pacem
1768 3017 2017 3088 petitum
2049 3031 2063 3083 ;

419 3129 679 3183 cumque
707 3127 838 3167 eam
871 3127 932 3166 se
982 3109 1450 3182 compositurum
1481 3108 1790 3180 Chaganus
1822 3105 2064 3176 promit-

419 3207 593 3268 teret,
625 3201 680 3256 ei
699 3206 864 3256 extra
887 3201 1146 3272 Longum
1168 3215 1355 3268 usque
1389 3213 1624 3252 murum
1649 3197 1906 3250 occurrit
1929 3209 2064 3248 cum

419 3307 633 3363 magno
665 3289 1046 3360 imperatorio
1077 3289 1382 3353 comitatu,
1408 3286 1754 3357 magnisque
1777 3290 1836 3338 et
1856 3283 2061 3337 multis

427 3381 600 3436 donis
618 3381 958 3449 Chaganum
981 3379 1055 3433 ad
1078 3394 1283 3449 pacem
1319 3377 1432 3432 ﬁde
1464 3376 1618 3430 ultro
1637 3376 1903 3444 citroque
1931 3373 2069 3428 data

425 3468 787 3524 firmandam
837 3468 1104 3523 hortatus
1153 3471 1260 3521 est.
1291 3465 1402 3520 Sed
1454 3463 1740 3519 Barbarus
1781 3462 1968 3535 pactis
1999 3478 2067 3517 ac

419 3559 762 3630 juramento
787 3557 1144 3613 conculcatis
1173 3557 1367 3612 subito
1396 3555 1671 3611 hostilem
1697 3555 1980 3626 impetum
2005 3555 2065 3608 in

428 3648 764 3704 Heraclium
797 3647 978 3716 dedit,
1013 3647 1095 3702 ita
1123 3651 1190 3702 ut
1237 3663 1299 3702 re
1338 3645 1646 3718 inopinata
1675 3646 1725 3700 is
1756 3644 2066 3716 perculsus

427 3739 564 3812 fuga
593 3739 652 3792 in
685 3737 892 3793 urbem
926 3755 988 3793 se
1019 3737 1646 3810 receperit.Chaganus
1673 3734 2062 3806 impedimen-

425 3827 500 3883 tis
522 3828 920 3899 imperatoris,
955 3833 1012 3882 et
1042 3844 1190 3898 quos
1221 3827 1432 3898 potuit,
1464 3824 1804 3880 hominibus
1837 3823 2066 3893 aliquot

425 3920 633 3989 captis,
668 3918 857 3973 multa
911 3918 1172 3972 Thracia:
1203 3915 1420 3988 oppida
1449 3931 1551 3987 spe
1584 3915 1747 3986 pacis
1778 3913 1850 3968 ab
1878 3930 1946 3967 eo
1978 3931 2065 3968 os-

421 4013 626 4076 tensa),
651 4007 802 4062 nihil
835 4007 951 4061 tale
983 4005 1802 4078 exspectantia,depraadatus
1823 4004 2061 4058 domum

421 4094 584 4150 abiit.

487 4186 659 4239 Anno
687 4183 940 4252 decimo,
974 4184 1188 4239 iterum
1231 4182 1536 4238 Heraclius
1567 4181 1640 4237 ad
1672 4198 1805 4237 eum
1841 4180 2064 4252 legatos

417 4275 622 4343 mittit,
651 4291 756 4346 per
804 4291 952 4347 quos
1006 4281 1063 4329 et
1111 4281 1322 4330 contra
1368 4274 1558 4330 fmdus
1588 4273 1660 4329 ab
1693 4289 1761 4328 eo
1793 4273 1947 4327 facta
1977 4289 2061 4327 re-

414 4362 806 4434 prehenditet
827 4364 1020 4420 denuo
1043 4365 1116 4420 ad
1138 4381 1344 4436 pacem
1374 4365 1814 4420 hortatur.Nam
1837 4362 2060 4417 bellum

416 4450 722 4505 Persicum
753 4452 953 4507 animo
987 4452 1217 4524 agitans
1249 4453 1380 4524 ejus
1411 4468 1590 4508 causa
1619 4469 1752 4506 cum
1787 4453 2060 4523 Chagano

415 4538 694 4610 cupiebat
725 4555 933 4611 pacem
987 4541 1226 4598 habere.
1287 4540 1578 4597 Barbarus
1627 4541 2059 4596 humanitatem

2167 604 2257 658 καὶ
2287 607 2388 674 τήν
2419 603 2812 676 Παλαιστίνην,
2854 607 2945 661 καί
3001 608 3100 676 τήν
3159 607 3314 682 ἁγίαν
3349 605 3517 662 πόλιν
3570 606 3832 679 πολέμῳ,

2168 691 2258 748 καί
2302 694 2618 749 ἀπέκτειναν
2675 693 2726 749 ἐν
2783 693 2919 770 αὐτῇ
2981 694 3070 751 διὰ
3117 701 3319 772 χειρῶν
3373 703 3484 752 τῶν
3547 693 3832 753 Ἰουδαίων

2170 781 2246 846 ὥς
2303 784 2432 862 φασί
2487 804 2651 854 τινες,
2709 783 2976 859 μυριάδας
3031 786 3092 848 θ’·
3153 785 3306 840 αὑτοὶ
3360 787 3465 862 γὰρ
3521 786 3829 859 ὠνούμενοι

2167 872 2294 935 τοὺς
2353 874 2729 948 Χριστιανοὺς,
2800 876 2916 929 καθ’
2971 872 3196 938 ἕκαστος
3253 875 3512 950 ηὐπόρει,
3573 875 3830 932 ἀπέκτει-

2167 985 2262 1018 νον
2295 962 2511 1026 αὖτοὺς.
2571 963 2877 1039 Ζαχαραίαν
2937 962 2994 1019 δὲ
3051 964 3145 1020 τὸν
3203 967 3550 1040 πατριάρχην
3597 967 3833 1041 Ἰεροσο-

2170 1051 2362 1126 λύμων
2394 1053 2582 1108 καὶτὰ
2613 1053 2772 1127 τίμια
2817 1052 2954 1127 ξύλα
3007 1050 3265 1118 Λαϐόντες
3323 1054 3416 1110 σὺν
3457 1055 3829 1130 αἰχμαλωσίᾳ

2168 1137 2358 1212 πολλῇ
2390 1139 2442 1194 έν
2475 1138 2692 1216 Περσίδι
2729 1141 3034 1218 ἀπήγαγον.
3094 1141 3192 1214 Τῷ
3255 1141 3404 1215 αὖτῷ
3455 1141 3561 1198 ἔτει
3619 1141 3829 1218 ἐτέχθη

2167 1233 2246 1302 τῷ
2307 1229 2524 1304 βασιλεῖ
2605 1230 2710 1284 ἀπὸ
2766 1231 3041 1306 Μαρτίνας
3132 1234 3538 1293 Κωνσταντῖνος
3609 1230 3830 1306 ἔτερος,

2169 1317 2259 1372 καί
2311 1313 2610 1390 ἐϐαπτίσθη
2669 1317 2722 1374 ἐν
2783 1318 3124 1397 Βλαχέρναις
3185 1321 3289 1376 ὑπὸ
3349 1321 3578 1398 Σεργίου
3635 1341 3836 1398 πατρι-

2171 1405 2368 1486 άρχου.

2239 1498 2334 1568 Τῷ
2411 1498 2456 1560 ς’
2511 1490 2642 1566 ἔτει,
2725 1493 3034 1572 παρέλαϐον
3094 1497 3146 1552 οἱ
3205 1497 3404 1571 Πέρσαι
3489 1503 3667 1554 πᾶσαν
3725 1499 3833 1566 τήν

2167 1583 2466 1660 Α’ίγυπτον,
2524 1586 2615 1640 καὶ
2667 1585 3098 1660 Ἀλεξάνδρειαν,
3156 1589 3246 1643 καί
3308 1583 3543 1659 Λιϐύην,
3599 1585 3838 1649 καίἓως

2170 1674 2474 1746 Αἰθιοπίας,
2533 1675 2622 1730 καί
2682 1671 2943 1736 λαϐόντές
3003 1675 3397 1752 αἰχμαλωσίαν
3456 1675 3677 1746 πολλὴν
3737 1677 3839 1730 καὶ

2171 1763 2387 1840 λάφυρα
2432 1765 2521 1819 καί
2579 1766 2843 1840 χρήματα
2903 1764 3257 1841 ὑπέστρεψαν.
3315 1767 3429 1835 Τὴν
3492 1763 3548 1820 δὲ
3598 1768 3837 1842 Καρχη-

3443 1855 3834 1930 πολιορκητὰς

2175 1942 2440 2011 ὲάσαντες,
2461 1942 2840 2019 ἀνεχώρησαν.

2245 2035 2339 2105 Τῷ
2398 2033 2440 2102 ζ’
2483 2031 2616 2101 ἓτει,
2677 2033 2938 2088 ὑπάτευσε
2994 2036 3402 2096 Κωνσταντῖοος
3475 2033 3832 2109 Ἡράκλειος,

2171 2122 2261 2176 καί
2320 2117 2654 2196 προεϐάλετο
2711 2123 2956 2197 Καίσαρα
3015 2130 3415 2180 Κωνσταντῖνον
3465 2125 3557 2179 τὸν
3627 2125 3830 2200 μικρὸν

2172 2207 2312 2266 ἴδιον
2373 2209 2631 2290 ἀδελφὸν,
2715 2212 2804 2266 σὸν
2896 2212 2948 2282 ἒξ
3004 2210 3334 2289 Ἡρακλείου
3389 2212 3480 2268 καὶ
3540 2214 3826 2287 Μαρτίνας

2168 2303 2505 2381 γεννηθέντα.

2240 2398 2328 2466 Τῷ
2401 2395 2453 2465 η’
2533 2388 2642 2449 ἔτει
2727 2393 2892 2450 πάλιν
2981 2394 3300 2471 Ἡράκλειος
3375 2394 3690 2451 ἀπέστειλεν
3772 2395 3830 2450 έν

2171 2479 2392 2556 Περσίδι
2449 2478 2701 2559 πρέσϐεις
2773 2483 2912 2557 πρὸς
2966 2483 3240 2556 Χοσρόην,
3299 2481 3624 2556 αἰτούμενος
3679 2482 3833 2558 εἰρη-

2169 2592 2288 2642 νην.
2320 2571 2383 2627 Ὁ
2432 2569 2489 2626 δὲ
2547 2573 2801 2647 Χοσρόης
2856 2572 2947 2627 καὶ
3003 2571 3171 2628 πάλιν
3230 2570 3390 2628 αὑτὸν
3445 2573 3834 2647 ἀπεπέμψατο,

2171 2659 2339 2715 εἰπὼν
2367 2658 2450 2715 ὅτι
2481 2660 2560 2718 Οὐ
2589 2659 2843 2738 φείσομαι
2885 2660 3064 2734 ὑμῶν,
3094 2659 3199 2722 ἕως
3255 2660 3317 2716 ἂν
3366 2661 3677 2736 ἀρνήσησθε
3733 2662 3834 2716 τὸν

2172 2749 2615 2825 ἐσταυρωμένων,
2648 2752 2706 2805 ὃν
2754 2750 2938 2826 λέγετε
2986 2751 3116 2806 Θεὸν
3168 2753 3333 2822 εἶναι,
3390 2753 3477 2806 καί
3512 2754 3836 2828 προσκυνή-

2173 2859 2302 2910 σητε
2330 2843 2410 2910 τῷ
2441 2837 2610 2912 ἡλίῳ.

2241 2932 2331 3000 Τῷ
2387 2929 2434 2992 θ’
2491 2921 2618 2999 ἔτει,
2711 2928 3070 3003 ἐστράτευσαο
3147 2930 3198 2984 οἱ
3254 2925 3487 3005 ’Ἄϐαρες
3534 2931 3674 2985 κατὰ
3725 2935 3834 2996 τῆς

2173 3017 2408 3093 Θρᾴκης.
2443 3018 2801 3080 ἈποστείΛας
2840 3016 2895 3072 δὲ
2962 3015 3280 3092 Ἡράκλειος
3335 3019 3519 3092 ᾐτεῖτο
3583 3019 3831 3094 εἰρήνην·

2171 3106 2261 3161 καί
2289 3107 2612 3179 συνθεμένου
2643 3111 2739 3162 τοῦ
2797 3107 3054 3182 Χαγάνου
3112 3109 3312 3178 ταύτην
3365 3114 3566 3181 ποιεῖν,
3600 3106 3831 3178 ἐξῆλθεν

2174 3195 2202 3251 ὁ
2245 3194 2500 3268 βασιλεύς
2557 3193 2658 3267 ἔξω
2700 3199 2795 3250 τοῦ
2851 3198 3076 3272 Μακροῦ
3132 3196 3352 3274 τείχους
3414 3197 3547 3270 μετὰ
3602 3195 3835 3266 πολλῆς

2179 3282 2504 3362 δορυφορίας
2545 3285 2839 3359 βασιλικῆς
2879 3287 2967 3340 καὶ
3026 3283 3216 3360 δώρων
3267 3284 3498 3341 πολλῶν
3560 3285 3828 3362 μεγάλων

2175 3370 2524 3444 ὑποδέξασθαι
2561 3375 2652 3429 τὸν
2705 3375 2953 3450 Χαγάνον
3010 3377 3098 3429 καὶ
3133 3371 3318 3430 λαϐεῖν
3372 3376 3440 3430 τὰ
3471 3377 3636 3431 πιστὰ
3688 3396 3828 3452 παρ,

2171 3463 2357 3518 αὐτοῦ.
2395 3464 2456 3520 Ὀ
2515 3461 2572 3518 δὲ
2623 3460 2901 3539 Βάρϐαρος
2959 3466 3043 3537 [Ρ.
3105 3467 3230 3538 409]
3290 3468 3386 3527 τάς
3440 3486 3499 3520 τε
3551 3466 3828 3537 συνθήκας

2172 3553 2435 3622 ἀθετήσας
2489 3553 2576 3607 καὶ
2637 3553 2764 3615 τοὺς
2821 3555 3015 3630 ὅρκους
3072 3551 3224 3632 ἄφνω
3289 3559 3620 3629 τυραννικῶς
3689 3555 3829 3610 κατᾶ

2171 3645 2267 3697 τοῦ
2329 3641 2595 3714 βασιλέως
2652 3641 2953 3718 ἐχώρησεν.
3005 3642 3330 3720 Ἐκπλαγείς
3390 3641 3447 3699 δὲ
3500 3645 3528 3698 ὁ
3563 3643 3828 3719 βασιλεὺς

2169 3734 2246 3803 τῷ
2296 3728 2694 3805 ἀπροσδοκήτῳ
2751 3732 2918 3810 φυγὰς
2974 3732 3060 3787 ἐπὶ
3118 3734 3216 3803 τὴν
3269 3731 3432 3788 πόλιν
3503 3735 3829 3808 ὑπέστρεψε,

2170 3815 2365 3874 Λαϐὼν
2394 3818 2450 3876 δὲ
2490 3822 2518 3876 ὁ
2577 3817 2859 3896 Βάρϐαρος
2912 3823 3010 3891 τήν
3064 3843 3124 3876 τε
3176 3821 3464 3896 βασιλικὴν
3509 3822 3826 3891 ἀποσκευήν

2166 3909 2255 3962 καὶ
2325 3909 2484 3971 ὅσους
2536 3907 2784 3980 ἠδυνήθη
2843 3907 3169 3967 καταλαϐεῖν
3258 3913 3576 3986 ὑπέστρεψε,
3633 3913 3834 3968 πολλᾶ

2169 3997 2350 4072 χωρία
2378 4005 2478 4068 τῆς
2512 3997 2725 4074 Θρᾴκης
2753 3998 3084 4074 ληϊσάμενος
3124 3999 3183 4055 ἐκ
3233 4005 3330 4056 τοῦ
3389 4001 3830 4076 ἀπροσδοκήτως

2167 4091 2434 4160 ἀπατῆσαι
2464 4096 2534 4167 τῇ
2567 4090 2747 4147 ἐλπίδι
2781 4100 2881 4162 τῆς
2925 4092 3170 4168 εἰρήνης.

2234 4184 2322 4252 Τῷ
2383 4181 2411 4233 ι’
2466 4175 2574 4235 ἔτει
2633 4179 2980 4256 Ἡράκλειος,
3037 4183 3172 4258 πρὸς
3256 4181 3497 4259 Χαγάνον
3559 4179 3825 4257 πρέσϐεις

2164 4267 2474 4324 ἀπέστειλεν
2533 4266 2688 4325 ἕνεκα
2751 4271 2875 4343 περί
2930 4277 3038 4327 τῶν
3102 4273 3190 4326 ὑπ’
3248 4273 3416 4327 αὑτοῦ
3482 4273 3828 4350 γεγονόντων

2165 4357 2412 4432 ἀθέσμων
2448 4402 2462 4425 ,
2528 4360 2617 4413 καί
2683 4359 2850 4416 πάλιν
2927 4361 3062 4432 πρὸς
3145 4362 3368 4435 εἰρήνην
3427 4364 3823 4436 προετρέπετο·

2166 4446 2573 4522 ἐπιστρατεῦσαι
2658 4447 2760 4523 γὰρ
2846 4445 3228 4524 διανοούμενος
3331 4449 3468 4504 κατά
3552 4446 3827 4525 Περσίδος

2167 4537 2458 4613 εἰρηνεύειν
2531 4537 2665 4611 μετὰ
2727 4543 2826 4594 τοῦ
2928 4539 3174 4614 Χαγάνου
3269 4536 3464 4607 ἤθελεν
3501 4581 3517 4607 ,
3604 4541 3665 4602 ὃς
3727 4541 3829 4593 καὶ

415 4629 670 4685 Heraclii
704 4633 990 4686 reveritus
1021 4633 1296 4704 promisit
1327 4649 1388 4688 se
1419 4631 1574 4688 facta
1601 4637 1854 4698 mutare,
1883 4637 2058 4700 atque

2177 4625 2432 4690 αἰδεσθεὶς
2460 4629 2559 4696 τήν
2597 4631 2694 4682 τοῦ
2727 4625 2998 4701 βασιλέως
3048 4627 3260 4701 ἀγάπην
3325 4633 3602 4701 μετανοεῖν
3653 4627 3832 4703 ἐπηγ-

409 4721 723 4790 postmodo
755 4738 954 4794 pacein
1001 4723 1319 4780 culturum.
1355 4727 1440 4780 Ita
1471 4725 1645 4796 legati
1679 4725 2054 4796 imperatoris

412 4809 558 4864 717
596 4827 730 4866 cum
781 4818 953 4883 pacta
1004 4813 1366 4882 ﬁrmassent,
1397 4831 1541 4886 pace
1573 4813 1920 4885 composita,
1953 4812 2052 4867 do-

407 4915 570 4954 mum
595 4901 844 4973 profecti
877 4908 1112 4970 sunt,eo
1135 4920 1292 4958 anno
1324 4903 1500 4959 etiam
1536 4907 1726 4960 Persae
1760 4907 2048 4975 Ancyram

406 4988 648 5045 Galatia)
681 4991 889 5047 urbem
923 4999 1424 5066 expugnaverunt.
1593 5051 1599 5057 _

476 5082 650 5135 Anno
673 5082 1070 5150 tl,lleraclius
1086 5083 1283 5138 divino
1308 5083 1670 5138 Christianos
1692 5083 2048 5138 defendendi

406 5168 617 5224 ardore
645 5171 826 5226 animi
853 5173 1150 5236 incitatus,
1177 5173 1590 5239 constituta,ut
1620 5173 1880 5244 putabat,
1915 5191 2046 5228 cum

405 5259 689 5315 Avaribus
723 5263 1186 5331 pace.exercitus
1211 5278 1279 5315 ex
1305 5264 1534 5333 Europa
1559 5263 1613 5316 in
1642 5263 1841 5317 Asiam
1868 5269 2048 5318 trans-

405 5345 560 5412 tulit,
590 5350 1004 5421 cogitavitque,
1037 5353 1154 5407 Deo
1186 5351 1500 5424 adjuvante
1539 5358 1814 5407 conatum
1851 5371 2044 5422 suum,

402 5431 464 5486 in
497 5437 804 5493 Persidem
835 5440 1071 5496 ducere.

471 5526 640 5580 Anno
689 5529 773 5594 12,
825 5529 925 5598 qui
957 5529 1070 5584 fuit
1121 5530 1192 5584 ab
1227 5531 1398 5586 initio
1442 5531 1648 5586 mundi
1681 5533 1838 5596 6131,
1873 5534 2048 5587 tertia

399 5615 622 5669 mensis
647 5615 1034 5686 Septembris,
1063 5619 1407 5687 septimana:
1432 5621 1638 5690 quinta
1659 5621 1774 5683 die,
1808 5623 2048 5692 Stepha-

397 5714 510 5756 nus
546 5702 985 5761 Alexandrinus
1038 5706 1348 5760 Saracenis
1381 5724 1453 5761 ex
1483 5709 1658 5763 astris
1687 5709 1873 5778 petita
1902 5708 2045 5764 divi-

2163 4715 2394 4792 γέλλετο
2479 4717 2570 4771 καὶ
2651 4715 2868 4793 ἀγάπην
2945 4722 3158 4770 ποιεῖν’
3245 4716 3335 4772 καί
3419 4719 3825 4792 στοιχήσαντες

2162 4805 2336 4862 πάκτα
2368 4804 2696 4880 ὑπέστρεψαν
2740 4806 2790 4860 οἱ
2843 4801 3092 4880 πρέσϐεις
3147 4807 3264 4880 μετ’
3315 4805 3562 4881 εἰρήνης.
3621 4808 3824 4879 Τούτῳ

2159 4899 2238 4967 τῷ
2296 4893 2402 4949 ἔτει
2459 4890 2766 4969 παρέλαϐον
2828 4896 2878 4948 οἱ
2936 4895 3131 4970 Πέρσαι
3211 4894 3442 4969 πολέμῳ
3541 4897 3823 4972 Ἄγκυραν

2159 4983 2450 5047 Γαλατίας.

2233 5079 2324 5145 Τῷ
2385 5081 2448 5128 ια¹
2503 5067 2632 5142 ἔτει,
2682 5073 3004 5146 Ἡράκλειος
3087 5074 3253 5144 ζῆλον
3310 5080 3454 5139 θεῖον
3515 5075 3648 5150 ὑπὲρ
3709 5078 3828 5130 τῶν

2162 5166 2505 5240 Χριστιανῶν
2578 5157 2907 5230 ἀναλαϐὼν,
2967 5163 3102 5235 μετά
3166 5169 3275 5218 τῶν
3336 5158 3588 5237 Ἀϐάρων
3649 5163 3822 5233 εἰρη-

2159 5256 2370 5324 νεῦσσς,
2428 5255 2502 5318 ὼς
2557 5252 2792 5327 ἐνόμκξε,
2837 5257 3130 5331 μετήνεγκε
3183 5255 3246 5309 τὰ
3305 5256 3685 5331 στρατεύματα
3713 5264 3824 5327 τῆς

2160 5349 2430 5424 Εὐρώπης
2462 5347 2548 5401 ἐπὶ
2579 5349 2677 5416 τήν
2735 5347 2945 5414 Ἀσίαν,
2975 5348 3066 5402 καί
3099 5343 3357 5402 διενοεῖτο
3406 5351 3474 5421 τῇ
3523 5353 3619 5403 τοῦ
3678 5353 3823 5405 Θεοῦ

2160 5437 2413 5513 συνεργίᾳ
2439 5439 2576 5491 κατὰ
2608 5435 2867 5511 Περσίδος
2901 5443 3126 5512 χωρεῖν.

2227 5532 2313 5598 Τῷ
2338 5527 2406 5600 ιβ’
2437 5523 2564 5595 ἔτει,
2620 5523 2794 5603 ἤγουν
2828 5531 2907 5598 τῷ
2936 5525 3104 5601 ,ςρλςί
3160 5527 3265 5582 ἀπὸ
3323 5526 3550 5591 κτίσεως
3577 5527 3820 5601 κόσμου,

2160 5616 2292 5688 μηνί
2325 5609 2689 5690 Σεπτεμϐρίῳ
2723 5616 2792 5689 γ’,
2821 5616 3002 5692 ἡμέρᾳ
3057 5617 3118 5688 ε’,
3177 5615 3385 5692 ἐγένετο
3416 5619 3672 5689 θεμάτιον
3704 5623 3823 5673 τῶν

2158 5708 2487 5782 Σαρακηνῶν
2545 5705 2693 5780 παρά
2773 5706 3044 5781 Στεφάνου
3130 5703 3533 5781 Ἀλεξανδρέως
3595 5705 3827 5772 τούτοις
