  <div class='ocr_page' id='page_1' title='image "/cluster/home/n/w/nwhite01/storage/ocr_20150623/121/hvd.32044073502478/398.png"; bbox 0 0 4134 6212; ppageno 0'>
   <div class='ocr_carea' id='block_1_1' title="bbox 276 330 411 391">
    <p class='ocr_par' dir='ltr' id='par_1_1' title="bbox 276 330 411 391">
     <span class='ocr_line' id='line_1_1' title="bbox 276 330 411 391; baseline 0.007 -1"><span class='ocrx_word' id='word_1_1' title='bbox 276 330 411 391; x_wconf 80' lang='lat'>785</span> 
     </span>
    </p>
   </div>
   <div class='ocr_carea' id='block_1_2' title="bbox 1432 332 2575 399">
    <p class='ocr_par' dir='ltr' id='par_1_2' title="bbox 1432 332 2575 399">
     <span class='ocr_line' id='line_1_2' title="bbox 1432 332 2575 399; baseline 0.006 -8"><span class='ocrx_word' id='word_1_2' title='bbox 1432 332 1798 392; x_wconf 80' lang='lat' dir='ltr'>HISTORIA</span> <span class='ocrx_word' id='word_1_3' title='bbox 1816 332 1975 391; x_wconf 71' lang='lat' dir='ltr'>RUM</span> <span class='ocrx_word' id='word_1_4' title='bbox 2023 332 2545 399; x_wconf 84' lang='lat' dir='ltr'>COMPENDIUM</span> <span class='ocrx_word' id='word_1_5' title='bbox 2559 382 2575 398; x_wconf 91' lang='lat'>.</span> 
     </span>
    </p>
   </div>
   <div class='ocr_carea' id='block_1_3' title="bbox 3604 342 3725 402">
    <p class='ocr_par' dir='ltr' id='par_1_3' title="bbox 3604 342 3725 402">
     <span class='ocr_line' id='line_1_3' title="bbox 3604 342 3725 402; baseline 0 -1"><span class='ocrx_word' id='word_1_6' title='bbox 3604 342 3725 402; x_wconf 76' lang='lat'>786</span> 
     </span>
    </p>
   </div>
   <div class='ocr_carea' id='block_1_4' title="bbox 282 458 1941 546">
    <p class='ocr_par' dir='ltr' id='par_1_4' title="bbox 282 458 1941 536">
     <span class='ocr_line' id='line_1_4' title="bbox 282 458 1941 536; baseline -0.005 -16"><span class='ocrx_word' id='word_1_7' title='bbox 282 462 638 525; x_wconf 85' lang='grc' dir='ltr'>κανονίσατος</span> <span class='ocrx_word' id='word_1_8' title='bbox 693 464 961 536; x_wconf 80' lang='grc' dir='ltr'>κρατῆσαι</span> <span class='ocrx_word' id='word_1_9' title='bbox 1019 460 1074 516; x_wconf 85' lang='grc' dir='ltr'>ἐν</span> <span class='ocrx_word' id='word_1_10' title='bbox 1134 460 1316 536; x_wconf 68' lang='grc' dir='ltr'>ἰσχύει</span> <span class='ocrx_word' id='word_1_11' title='bbox 1365 462 1462 534; x_wconf 77' lang='grc' dir='ltr'>μὲν</span> <span class='ocrx_word' id='word_1_12' title='bbox 1516 458 1613 532; x_wconf 78' lang='grc' dir='ltr'>’ἐτη</span> <span class='ocrx_word' id='word_1_13' title='bbox 1645 464 1743 532; x_wconf 78' lang='grc' dir='ltr'>τθ“,</span> <span class='ocrx_word' id='word_1_14' title='bbox 1790 460 1842 516; x_wconf 83' lang='grc' dir='ltr'>ἐν</span> <span class='ocrx_word' id='word_1_15' title='bbox 1904 458 1941 515; x_wconf 68' lang='grc' dir='ltr'>δ]</span> 
     </span>
    </p>
   </div>
   <div class='ocr_carea' id='block_1_5' title="bbox 2051 458 3721 546">
    <p class='ocr_par' dir='ltr' id='par_1_5' title="bbox 2076 467 3721 546">
     <span class='ocr_line' id='line_1_5' title="bbox 2076 467 3721 546; baseline 0.008 -27"><span class='ocrx_word' id='word_1_16' title='bbox 2076 467 2257 520; x_wconf 85' lang='lat' dir='ltr'>nandi</span> <span class='ocrx_word' id='word_1_17' title='bbox 2279 470 2509 525; x_wconf 78' lang='lat' dir='ltr'>ratione</span> <span class='ocrx_word' id='word_1_18' title='bbox 2522 472 2873 528; x_wconf 79' lang='lat' dir='ltr'>vaticinatus</span> <span class='ocrx_word' id='word_1_19' title='bbox 2886 476 2976 528; x_wconf 91' lang='lat' dir='ltr'>est</span> <span class='ocrx_word' id='word_1_20' title='bbox 3000 472 3125 528; x_wconf 85' lang='lat' dir='ltr'>fore</span> <span class='ocrx_word' id='word_1_21' title='bbox 3158 489 3363 529; x_wconf 89' lang='lat' dir='ltr'>eorum</span> <span class='ocrx_word' id='word_1_22' title='bbox 3394 476 3721 546; x_wconf 79' lang='lat' dir='ltr'>potentiam</span> 
     </span>
    </p>
   </div>
   <div class='ocr_carea' id='block_1_6' title="bbox 285 548 1953 633">
    <p class='ocr_par' dir='ltr' id='par_1_6' title="bbox 285 548 1953 633">
     <span class='ocr_line' id='line_1_6' title="bbox 285 548 1953 633; baseline -0.001 -24"><span class='ocrx_word' id='word_1_23' title='bbox 285 557 574 633; x_wconf 73' lang='grc' dir='ltr'>συστροφῇ</span> <span class='ocrx_word' id='word_1_24' title='bbox 632 551 722 606; x_wconf 81' lang='grc' dir='ltr'>καὶ</span> <span class='ocrx_word' id='word_1_25' title='bbox 809 549 1071 623; x_wconf 83' lang='grc' dir='ltr'>ἆκατασίᾳ</span> <span class='ocrx_word' id='word_1_26' title='bbox 1152 549 1245 604; x_wconf 81' lang='grc' dir='ltr'>καὶ</span> <span class='ocrx_word' id='word_1_27' title='bbox 1319 555 1581 629; x_wconf 78' lang='grc' dir='ltr'>φυμφορᾶ</span> <span class='ocrx_word' id='word_1_28' title='bbox 1645 548 1801 625; x_wconf 85' lang='grc' dir='ltr'>ἓτερα</span> <span class='ocrx_word' id='word_1_29' title='bbox 1855 550 1953 622; x_wconf 79' lang='grc' dir='ltr'>’ἐτη</span> 
     </span>
    </p>
   </div>
   <div class='ocr_carea' id='block_1_7' title="bbox 286 636 1960 715">
    <p class='ocr_par' dir='ltr' id='par_1_7' title="bbox 286 636 1960 715">
     <span class='ocr_line' id='line_1_7' title="bbox 286 636 1960 715; baseline -0.002 -16"><span class='ocrx_word' id='word_1_30' title='bbox 286 651 391 713; x_wconf 84' lang='grc' dir='ltr'>νς’,</span> <span class='ocrx_word' id='word_1_31' title='bbox 424 643 499 704; x_wconf 84' lang='grc' dir='ltr'>ὡς</span> <span class='ocrx_word' id='word_1_32' title='bbox 550 641 687 696; x_wconf 78' lang='grc' dir='ltr'>εἶναι</span> <span class='ocrx_word' id='word_1_33' title='bbox 738 642 838 710; x_wconf 77' lang='grc' dir='ltr'>τὴν</span> <span class='ocrx_word' id='word_1_34' title='bbox 892 636 1246 715; x_wconf 73' lang='grc' dir='ltr'>διακράτησιν</span> <span class='ocrx_word' id='word_1_35' title='bbox 1303 639 1482 694; x_wconf 83' lang='grc' dir='ltr'>αὐτῶν</span> <span class='ocrx_word' id='word_1_36' title='bbox 1541 640 1746 695; x_wconf 80' lang='grc' dir='ltr'>ἅπασαν</span> <span class='ocrx_word' id='word_1_37' title='bbox 1799 641 1960 696; x_wconf 79' lang='grc' dir='ltr'>εὐτυ-</span> 
     </span>
    </p>
   </div>
   <div class='ocr_carea' id='block_1_8' title="bbox 281 725 1955 809">
    <p class='ocr_par' dir='ltr' id='par_1_8' title="bbox 281 725 1955 809">
     <span class='ocr_line' id='line_1_8' title="bbox 281 725 1955 809; baseline -0.003 -21"><span class='ocrx_word' id='word_1_38' title='bbox 281 736 499 809; x_wconf 74' lang='grc' dir='ltr'>χοῦσαν</span> <span class='ocrx_word' id='word_1_39' title='bbox 530 730 619 786; x_wconf 76' lang='grc' dir='ltr'>καὶ</span> <span class='ocrx_word' id='word_1_40' title='bbox 689 726 1065 806; x_wconf 74' lang='grc' dir='ltr'>δυστυχοῦσαν</span> <span class='ocrx_word' id='word_1_41' title='bbox 1124 725 1219 800; x_wconf 83' lang='grc' dir='ltr'>ἔτη</span> <span class='ocrx_word' id='word_1_42' title='bbox 1278 729 1401 800; x_wconf 68' lang='grc' dir='ltr'>τξέ,</span> <span class='ocrx_word' id='word_1_43' title='bbox 1458 727 1510 783; x_wconf 80' lang='grc' dir='ltr'>έν</span> <span class='ocrx_word' id='word_1_44' title='bbox 1564 733 1645 802; x_wconf 75' lang='grc' dir='ltr'>τῷ</span> <span class='ocrx_word' id='word_1_45' title='bbox 1693 729 1734 799; x_wconf 75' lang='grc' dir='ltr'>ξ’</span> <span class='ocrx_word' id='word_1_46' title='bbox 1777 727 1955 785; x_wconf 71' lang='grc' dir='ltr'>ἐνιαυο</span> 
     </span>
    </p>
   </div>
   <div class='ocr_carea' id='block_1_9' title="bbox 285 817 1955 899">
    <p class='ocr_par' dir='ltr' id='par_1_9' title="bbox 285 817 1955 899">
     <span class='ocr_line' id='line_1_9' title="bbox 285 817 1955 899; baseline -0.002 -19"><span class='ocrx_word' id='word_1_47' title='bbox 285 828 373 896; x_wconf 76' lang='grc' dir='ltr'>τῷ</span> <span class='ocrx_word' id='word_1_48' title='bbox 404 824 540 897; x_wconf 86' lang='grc'>(36),</span> <span class='ocrx_word' id='word_1_49' title='bbox 572 823 711 885; x_wconf 78' lang='grc' dir='ltr'>καθά</span> <span class='ocrx_word' id='word_1_50' title='bbox 766 841 898 899; x_wconf 78' lang='grc' dir='ltr'>φησι</span> <span class='ocrx_word' id='word_1_51' title='bbox 958 820 1049 875; x_wconf 85' lang='grc' dir='ltr'>καὶ</span> <span class='ocrx_word' id='word_1_52' title='bbox 1090 821 1118 875; x_wconf 98' lang='lat'>6</span> <span class='ocrx_word' id='word_1_53' title='bbox 1160 829 1450 897; x_wconf 70' lang='grc' dir='ltr'>προφήτης</span> <span class='ocrx_word' id='word_1_54' title='bbox 1508 818 1750 883; x_wconf 81' lang='grc' dir='ltr'>’Πσαΐας’</span> <span class='ocrx_word' id='word_1_55' title='bbox 1812 817 1955 878; x_wconf 82' lang='grc' dir='ltr'>Τάδε</span> 
     </span>
    </p>
   </div>
   <div class='ocr_carea' id='block_1_10' title="bbox 286 906 1953 986">
    <p class='ocr_par' dir='ltr' id='par_1_10' title="bbox 286 906 1953 986">
     <span class='ocr_line' id='line_1_10' title="bbox 286 906 1953 986; baseline -0.001 -20"><span class='ocrx_word' id='word_1_56' title='bbox 286 906 445 986; x_wconf 81' lang='grc' dir='ltr'>λέγει</span> <span class='ocrx_word' id='word_1_57' title='bbox 475 911 696 985; x_wconf 71' lang='grc' dir='ltr'>Κύριος·</span> <span class='ocrx_word' id='word_1_58' title='bbox 744 910 866 969; x_wconf 83' lang='grc' dir='ltr'>Ἒτι</span> <span class='ocrx_word' id='word_1_59' title='bbox 921 908 1167 972; x_wconf 69' lang='grc' dir='ltr'>ἒνιαυτὸς</span> <span class='ocrx_word' id='word_1_60' title='bbox 1222 909 1296 971; x_wconf 85' lang='grc' dir='ltr'>ὡς</span> <span class='ocrx_word' id='word_1_61' title='bbox 1355 907 1592 971; x_wconf 87' lang='grc' dir='ltr'>ἐνιαυτὸς</span> <span class='ocrx_word' id='word_1_62' title='bbox 1651 913 1953 982; x_wconf 74' lang='grc' dir='ltr'>μισθωτοῦ,</span> 
     </span>
    </p>
   </div>
   <div class='ocr_carea' id='block_1_11' title="bbox 289 994 1953 1073">
    <p class='ocr_par' dir='ltr' id='par_1_11' title="bbox 289 994 1953 1073">
     <span class='ocr_line' id='line_1_11' title="bbox 289 994 1953 1073; baseline -0.002 -17"><span class='ocrx_word' id='word_1_63' title='bbox 289 1001 385 1056; x_wconf 79' lang='grc' dir='ltr'>καὶ</span> <span class='ocrx_word' id='word_1_64' title='bbox 445 998 684 1073; x_wconf 77' lang='grc' dir='ltr'>ἐκλείψει</span> <span class='ocrx_word' id='word_1_65' title='bbox 714 1001 750 1069; x_wconf 77' lang='grc' dir='ltr'><strong>ἡ</strong></span> <span class='ocrx_word' id='word_1_66' title='bbox 779 995 910 1069; x_wconf 72' lang='grc' dir='ltr'>δόξα</span> <span class='ocrx_word' id='word_1_67' title='bbox 949 994 1162 1071; x_wconf 75' lang='grc' dir='ltr'>Κηδὰρ,</span> <span class='ocrx_word' id='word_1_68' title='bbox 1195 997 1286 1052; x_wconf 81' lang='grc' dir='ltr'>καὶ</span> <span class='ocrx_word' id='word_1_69' title='bbox 1343 998 1405 1052; x_wconf 86' lang='grc' dir='ltr'>τὸ</span> <span class='ocrx_word' id='word_1_70' title='bbox 1456 997 1793 1053; x_wconf 74' lang='grc' dir='ltr'>κατάλοιπον</span> <span class='ocrx_word' id='word_1_71' title='bbox 1842 1002 1953 1055; x_wconf 80' lang='grc' dir='ltr'>τῶν</span> 
     </span>
    </p>
   </div>
   <div class='ocr_carea' id='block_1_12' title="bbox 284 1081 1945 1163">
    <p class='ocr_par' dir='ltr' id='par_1_12' title="bbox 284 1081 1945 1163">
     <span class='ocr_line' id='line_1_12' title="bbox 284 1081 1945 1163; baseline -0.002 -18"><span class='ocrx_word' id='word_1_72' title='bbox 284 1089 638 1162; x_wconf 79' lang='grc' dir='ltr'>τοξευμάτων</span> <span class='ocrx_word' id='word_1_73' title='bbox 684 1089 816 1142; x_wconf 75' lang='grc' dir='ltr'>υἱῶν</span> <span class='ocrx_word' id='word_1_74' title='bbox 865 1084 1054 1162; x_wconf 72' lang='grc' dir='ltr'>Κηδᾶρ</span> <span class='ocrx_word' id='word_1_75' title='bbox 1085 1090 1191 1142; x_wconf 80' lang='grc' dir='ltr'>τῶν</span> <span class='ocrx_word' id='word_1_76' title='bbox 1221 1086 1462 1162; x_wconf 77' lang='grc' dir='ltr'>ἰσχυρῶν</span> <span class='ocrx_word' id='word_1_77' title='bbox 1523 1081 1673 1142; x_wconf 80' lang='grc' dir='ltr'>ἔσται</span> <span class='ocrx_word' id='word_1_78' title='bbox 1731 1085 1945 1163; x_wconf 51' lang='grc' dir='ltr'>ὀλίγον,</span> 
     </span>
    </p>
   </div>
   <div class='ocr_carea' id='block_1_13' title="bbox 290 1173 1951 1251">
    <p class='ocr_par' dir='ltr' id='par_1_13' title="bbox 290 1173 1951 1251">
     <span class='ocr_line' id='line_1_13' title="bbox 290 1173 1951 1251; baseline -0.002 -17"><span class='ocrx_word' id='word_1_79' title='bbox 290 1179 485 1234; x_wconf 84' lang='grc' dir='ltr'>Δείπει</span> <span class='ocrx_word' id='word_1_80' title='bbox 517 1178 608 1233; x_wconf 79' lang='grc' dir='ltr'>οὗν</span> <span class='ocrx_word' id='word_1_81' title='bbox 640 1175 743 1240; x_wconf 86' lang='grc' dir='ltr'>ἔως</span> <span class='ocrx_word' id='word_1_82' title='bbox 770 1183 871 1247; x_wconf 77' lang='grc' dir='ltr'>τῆς</span> <span class='ocrx_word' id='word_1_83' title='bbox 901 1178 1107 1251; x_wconf 83' lang='lat'>(37)...,</span> <span class='ocrx_word' id='word_1_84' title='bbox 1140 1175 1227 1231; x_wconf 69' lang='grc' dir='ltr'>ἐὰν</span> <span class='ocrx_word' id='word_1_85' title='bbox 1283 1174 1385 1249; x_wconf 74' lang='grc' dir='ltr'>ἄρα</span> <span class='ocrx_word' id='word_1_86' title='bbox 1415 1174 1600 1238; x_wconf 80' lang='grc' dir='ltr'>καλῶς</span> <span class='ocrx_word' id='word_1_87' title='bbox 1632 1173 1951 1248; x_wconf 80' lang='grc' dir='ltr'>ἐθεμάτισεν</span> 
     </span>
    </p>
   </div>
   <div class='ocr_carea' id='block_1_14' title="bbox 289 1261 1952 1344">
    <p class='ocr_par' dir='ltr' id='par_1_14' title="bbox 289 1261 1952 1344">
     <span class='ocr_line' id='line_1_14' title="bbox 289 1261 1952 1344; baseline -0.002 -21"><span class='ocrx_word' id='word_1_88' title='bbox 289 1270 320 1323; x_wconf 87' lang='grc' dir='ltr'>ὁ</span> <span class='ocrx_word' id='word_1_89' title='bbox 352 1268 690 1342; x_wconf 79' lang='grc' dir='ltr'>ἀστρονόμος</span> <span class='ocrx_word' id='word_1_90' title='bbox 723 1266 1012 1344; x_wconf 72' lang='grc' dir='ltr'>Στέφανοςο</span> <span class='ocrx_word' id='word_1_91' title='bbox 1046 1262 1177 1319; x_wconf 76' lang='grc' dir='ltr'>ἀλλ’</span> <span class='ocrx_word' id='word_1_92' title='bbox 1232 1264 1307 1327; x_wconf 86' lang='grc' dir='ltr'>ὡς</span> <span class='ocrx_word' id='word_1_93' title='bbox 1366 1265 1527 1338; x_wconf 72' lang='grc' dir='ltr'>οἶμαι</span> <span class='ocrx_word' id='word_1_94' title='bbox 1558 1261 1760 1319; x_wconf 86' lang='grc' dir='ltr'>λεπτὸν</span> <span class='ocrx_word' id='word_1_95' title='bbox 1801 1266 1952 1340; x_wconf 81' lang='grc' dir='ltr'>παχὺ</span> 
     </span>
    </p>
   </div>
   <div class='ocr_carea' id='block_1_15' title="bbox 283 1350 1953 1429">
    <p class='ocr_par' dir='ltr' id='par_1_15' title="bbox 283 1350 1953 1429">
     <span class='ocr_line' id='line_1_15' title="bbox 283 1350 1953 1429; baseline -0.002 -15"><span class='ocrx_word' id='word_1_96' title='bbox 283 1356 478 1414; x_wconf 80' lang='grc' dir='ltr'>ἔλαθεν</span> <span class='ocrx_word' id='word_1_97' title='bbox 510 1355 738 1413; x_wconf 87' lang='grc' dir='ltr'>ἐκεῖνον.</span> <span class='ocrx_word' id='word_1_98' title='bbox 770 1356 890 1429; x_wconf 83' lang='grc' dir='ltr'>Χρή</span> <span class='ocrx_word' id='word_1_99' title='bbox 947 1352 1007 1410; x_wconf 71' lang='grc' dir='ltr'>δὲ</span> <span class='ocrx_word' id='word_1_100' title='bbox 1065 1351 1258 1409; x_wconf 78' lang='grc' dir='ltr'>εἰδέναι</span> <span class='ocrx_word' id='word_1_101' title='bbox 1291 1350 1375 1409; x_wconf 81' lang='grc' dir='ltr'>ὅτι</span> <span class='ocrx_word' id='word_1_102' title='bbox 1428 1355 1457 1409; x_wconf 91' lang='lat'>6</span> <span class='ocrx_word' id='word_1_103' title='bbox 1512 1351 1704 1429; x_wconf 81' lang='grc' dir='ltr'>Κηδὰρ</span> <span class='ocrx_word' id='word_1_104' title='bbox 1770 1352 1953 1410; x_wconf 81' lang='grc' dir='ltr'>δεύτε-</span> 
     </span>
    </p>
   </div>
   <div class='ocr_carea' id='block_1_16' title="bbox 285 1436 1951 1521">
    <p class='ocr_par' dir='ltr' id='par_1_16' title="bbox 285 1436 1951 1521">
     <span class='ocr_line' id='line_1_16' title="bbox 285 1436 1951 1521; baseline -0.002 -20"><span class='ocrx_word' id='word_1_105' title='bbox 285 1468 384 1521; x_wconf 91' lang='grc' dir='ltr'>ρος</span> <span class='ocrx_word' id='word_1_106' title='bbox 418 1446 538 1509; x_wconf 74' lang='grc' dir='ltr'>υἱὸς</span> <span class='ocrx_word' id='word_1_107' title='bbox 564 1450 664 1501; x_wconf 79' lang='grc' dir='ltr'>τοῦ</span> <span class='ocrx_word' id='word_1_108' title='bbox 722 1442 955 1519; x_wconf 77' lang='grc' dir='ltr'>Ἰσμαὴλ</span> <span class='ocrx_word' id='word_1_109' title='bbox 1003 1445 1089 1513; x_wconf 80' lang='grc' dir='ltr'>ἦν.</span> <span class='ocrx_word' id='word_1_110' title='bbox 1138 1442 1335 1516; x_wconf 73' lang='grc' dir='ltr'>Τούτῳ</span> <span class='ocrx_word' id='word_1_111' title='bbox 1362 1447 1441 1516; x_wconf 82' lang='grc' dir='ltr'>τῷ</span> <span class='ocrx_word' id='word_1_112' title='bbox 1494 1436 1599 1499; x_wconf 81' lang='grc' dir='ltr'>ἔτει</span> <span class='ocrx_word' id='word_1_113' title='bbox 1657 1442 1891 1507; x_wconf 84' lang='grc' dir='ltr'>τέλέσας</span> <span class='ocrx_word' id='word_1_114' title='bbox 1922 1444 1951 1499; x_wconf 86' lang='lat'>6</span> 
     </span>
    </p>
   </div>
   <div class='ocr_carea' id='block_1_17' title="bbox 292 1530 1952 1612">
    <p class='ocr_par' dir='ltr' id='par_1_17' title="bbox 292 1530 1952 1612">
     <span class='ocr_line' id='line_1_17' title="bbox 292 1530 1952 1612; baseline -0.002 -21"><span class='ocrx_word' id='word_1_115' title='bbox 292 1534 554 1612; x_wconf 75' lang='grc' dir='ltr'>βασιλεὺς</span> <span class='ocrx_word' id='word_1_116' title='bbox 584 1532 907 1610; x_wconf 71' lang='grc' dir='ltr'>’Ἡράκλειος</span> <span class='ocrx_word' id='word_1_117' title='bbox 957 1535 1057 1603; x_wconf 73' lang='grc' dir='ltr'>τὴν</span> <span class='ocrx_word' id='word_1_118' title='bbox 1115 1533 1307 1608; x_wconf 75' lang='grc' dir='ltr'>ἑορτὴν</span> <span class='ocrx_word' id='word_1_119' title='bbox 1363 1535 1461 1587; x_wconf 77' lang='grc' dir='ltr'>τοῦ</span> <span class='ocrx_word' id='word_1_120' title='bbox 1511 1530 1723 1607; x_wconf 73' lang='grc' dir='ltr'>Πάσχα,</span> <span class='ocrx_word' id='word_1_121' title='bbox 1756 1532 1952 1596; x_wconf 76' lang='grc' dir='ltr'>εὐθέως</span> 
     </span>
    </p>
   </div>
   <div class='ocr_carea' id='block_1_18' title="bbox 286 1617 1950 1699">
    <p class='ocr_par' dir='ltr' id='par_1_18' title="bbox 286 1617 1950 1699">
     <span class='ocr_line' id='line_1_18' title="bbox 286 1617 1950 1699; baseline -0.002 -18"><span class='ocrx_word' id='word_1_122' title='bbox 286 1628 364 1698; x_wconf 76' lang='grc' dir='ltr'>τῇ</span> <span class='ocrx_word' id='word_1_123' title='bbox 423 1621 644 1699; x_wconf 78' lang='grc' dir='ltr'>δευτέρᾳ</span> <span class='ocrx_word' id='word_1_124' title='bbox 703 1622 900 1699; x_wconf 69' lang='grc' dir='ltr'>ἑσπέρᾳ</span> <span class='ocrx_word' id='word_1_125' title='bbox 968 1621 1178 1693; x_wconf 75' lang='grc' dir='ltr'>ἐκίνησε</span> <span class='ocrx_word' id='word_1_126' title='bbox 1233 1621 1369 1677; x_wconf 67' lang='grc' dir='ltr'>κατὰ</span> <span class='ocrx_word' id='word_1_127' title='bbox 1423 1619 1703 1697; x_wconf 86' lang='grc' dir='ltr'>Περσίδος,</span> <span class='ocrx_word' id='word_1_128' title='bbox 1764 1617 1950 1678; x_wconf 77' lang='grc' dir='ltr'>λαϐὼν</span> 
     </span>
    </p>
   </div>
   <div class='ocr_carea' id='block_1_19' title="bbox 293 1709 1953 1790">
    <p class='ocr_par' dir='ltr' id='par_1_19' title="bbox 293 1709 1953 1790">
     <span class='ocr_line' id='line_1_19' title="bbox 293 1709 1953 1790; baseline -0.001 -21"><span class='ocrx_word' id='word_1_129' title='bbox 293 1714 404 1769; x_wconf 82' lang='grc' dir='ltr'>ἀπὸ</span> <span class='ocrx_word' id='word_1_130' title='bbox 432 1719 542 1770; x_wconf 79' lang='grc' dir='ltr'>τῶν</span> <span class='ocrx_word' id='word_1_131' title='bbox 598 1712 807 1790; x_wconf 79' lang='grc' dir='ltr'>εὖαγῶν</span> <span class='ocrx_word' id='word_1_132' title='bbox 857 1710 1025 1768; x_wconf 78' lang='grc' dir='ltr'>οἷ’κων</span> <span class='ocrx_word' id='word_1_133' title='bbox 1083 1710 1173 1766; x_wconf 83' lang='grc' dir='ltr'>καὶ</span> <span class='ocrx_word' id='word_1_134' title='bbox 1226 1709 1536 1782; x_wconf 79' lang='grc' dir='ltr'>ἐκκλησιῶν</span> <span class='ocrx_word' id='word_1_135' title='bbox 1604 1713 1869 1787; x_wconf 81' lang='grc' dir='ltr'>χρήματα</span> <span class='ocrx_word' id='word_1_136' title='bbox 1900 1710 1953 1767; x_wconf 85' lang='grc' dir='ltr'>ἐν</span> 
     </span>
    </p>
   </div>
   <div class='ocr_carea' id='block_1_20' title="bbox 2062 555 3716 634">
    <p class='ocr_par' dir='ltr' id='par_1_20' title="bbox 2062 555 3716 634">
     <span class='ocr_line' id='line_1_20' title="bbox 2062 555 3716 634; baseline 0.007 -25"><span class='ocrx_word' id='word_1_137' title='bbox 2062 571 2130 610; x_wconf 89' lang='lat' dir='ltr'>ac</span> <span class='ocrx_word' id='word_1_138' title='bbox 2152 555 2625 616; x_wconf 76' lang='lat' dir='ltr'>dominationem</span> <span class='ocrx_word' id='word_1_139' title='bbox 2656 561 2911 617; x_wconf 87' lang='lat' dir='ltr'>validam</span> <span class='ocrx_word' id='word_1_140' title='bbox 2933 578 3041 634; x_wconf 90' lang='lat' dir='ltr'>per</span> <span class='ocrx_word' id='word_1_141' title='bbox 3064 578 3254 618; x_wconf 89' lang='lat' dir='ltr'>annos</span> <span class='ocrx_word' id='word_1_142' title='bbox 3276 564 3548 625; x_wconf 81' lang='lat' dir='ltr'>209,inde</span> <span class='ocrx_word' id='word_1_143' title='bbox 3564 565 3716 621; x_wconf 88' lang='lat' dir='ltr'>alios</span> 
     </span>
    </p>
   </div>
   <div class='ocr_carea' id='block_1_21' title="bbox 2063 646 3714 719">
    <p class='ocr_par' dir='ltr' id='par_1_21' title="bbox 2063 646 3714 719">
     <span class='ocr_line' id='line_1_21' title="bbox 2063 646 3714 719; baseline 0.007 -21"><span class='ocrx_word' id='word_1_144' title='bbox 2063 646 2132 699; x_wconf 86' lang='lat'>56</span> <span class='ocrx_word' id='word_1_145' title='bbox 2152 661 2284 700; x_wconf 90' lang='lat' dir='ltr'>eam</span> <span class='ocrx_word' id='word_1_146' title='bbox 2303 647 2511 719; x_wconf 82' lang='lat' dir='ltr'>turbis,</span> <span class='ocrx_word' id='word_1_147' title='bbox 2539 650 2894 706; x_wconf 82' lang='lat' dir='ltr'>tumultibus</span> <span class='ocrx_word' id='word_1_148' title='bbox 2911 668 2979 707; x_wconf 89' lang='lat' dir='ltr'>ac</span> <span class='ocrx_word' id='word_1_149' title='bbox 2990 652 3423 709; x_wconf 75' lang='lat' dir='ltr'>calamitatibus</span> <span class='ocrx_word' id='word_1_150' title='bbox 3442 660 3714 711; x_wconf 83' lang='lat' dir='ltr'>vexatum</span> 
     </span>
    </p>
   </div>
   <div class='ocr_carea' id='block_1_22' title="bbox 2064 733 3710 812">
    <p class='ocr_par' dir='ltr' id='par_1_22' title="bbox 2064 733 3710 812">
     <span class='ocr_line' id='line_1_22' title="bbox 2064 733 3710 812; baseline 0.009 -25"><span class='ocrx_word' id='word_1_151' title='bbox 2064 733 2157 787; x_wconf 91' lang='lat' dir='ltr'>iri.</span> <span class='ocrx_word' id='word_1_152' title='bbox 2182 736 2399 791; x_wconf 80' lang='lat' dir='ltr'>Rerum</span> <span class='ocrx_word' id='word_1_153' title='bbox 2428 737 2627 810; x_wconf 83' lang='lat' dir='ltr'>itaque</span> <span class='ocrx_word' id='word_1_154' title='bbox 2649 755 2750 794; x_wconf 89' lang='lat' dir='ltr'>eos</span> <span class='ocrx_word' id='word_1_155' title='bbox 2772 739 3064 812; x_wconf 88' lang='lat' dir='ltr'>potituros</span> <span class='ocrx_word' id='word_1_156' title='bbox 3083 742 3347 796; x_wconf 90' lang='lat' dir='ltr'>annosin</span> <span class='ocrx_word' id='word_1_157' title='bbox 3367 742 3710 801; x_wconf 88' lang='lat' dir='ltr'>universum</span> 
     </span>
    </p>
   </div>
   <div class='ocr_carea' id='block_1_23' title="bbox 2061 825 3714 900">
    <p class='ocr_par' dir='ltr' id='par_1_23' title="bbox 2061 825 3714 900">
     <span class='ocr_line' id='line_1_23' title="bbox 2061 825 3714 900; baseline 0.008 -24"><span class='ocrx_word' id='word_1_158' title='bbox 2061 826 2309 894; x_wconf 90' lang='lat' dir='ltr'>utraque</span> <span class='ocrx_word' id='word_1_159' title='bbox 2340 825 2579 883; x_wconf 82' lang='lat' dir='ltr'>fortuna</span> <span class='ocrx_word' id='word_1_160' title='bbox 2609 829 2731 883; x_wconf 80' lang='grc'>365.</span> <span class='ocrx_word' id='word_1_161' title='bbox 2790 830 2857 884; x_wconf 92' lang='lat' dir='ltr'>In</span> <span class='ocrx_word' id='word_1_162' title='bbox 2912 846 3067 885; x_wconf 87' lang='lat' dir='ltr'>anno</span> <span class='ocrx_word' id='word_1_163' title='bbox 3126 832 3215 900; x_wconf 89' lang='lat'>60,</span> <span class='ocrx_word' id='word_1_164' title='bbox 3267 831 3420 886; x_wconf 87' lang='lat' dir='ltr'>sicut</span> <span class='ocrx_word' id='word_1_165' title='bbox 3456 838 3515 887; x_wconf 92' lang='lat' dir='ltr'>et</span> <span class='ocrx_word' id='word_1_166' title='bbox 3549 840 3714 890; x_wconf 87' lang='lat' dir='ltr'>vates</span> 
     </span>
    </p>
   </div>
   <div class='ocr_carea' id='block_1_24' title="bbox 2062 912 3710 984">
    <p class='ocr_par' dir='ltr' id='par_1_24' title="bbox 2062 912 3710 984">
     <span class='ocr_line' id='line_1_24' title="bbox 2062 912 3710 984; baseline 0.009 -19"><span class='ocrx_word' id='word_1_167' title='bbox 2062 912 2244 967; x_wconf 89' lang='lat' dir='ltr'>Isaias</span> <span class='ocrx_word' id='word_1_168' title='bbox 2276 915 2618 984; x_wconf 88' lang='lat' dir='ltr'>prenuntiat</span> <span class='ocrx_word' id='word_1_169' title='bbox 2651 933 2664 971; x_wconf 92' lang='lat'><strong>:</strong></span> <span class='ocrx_word' id='word_1_170' title='bbox 2698 918 2816 973; x_wconf 84' lang='lat' dir='ltr'>Hoc</span> <span class='ocrx_word' id='word_1_171' title='bbox 2844 917 3001 974; x_wconf 83' lang='lat' dir='ltr'>fatur</span> <span class='ocrx_word' id='word_1_172' title='bbox 3032 919 3355 977; x_wconf 87' lang='lat' dir='ltr'>Dominus:</span> <span class='ocrx_word' id='word_1_173' title='bbox 3414 937 3710 980; x_wconf 88' lang='lat' dir='ltr'>annorum</span> 
     </span>
    </p>
   </div>
   <div class='ocr_carea' id='block_1_25' title="bbox 2062 1004 3714 1087">
    <p class='ocr_par' dir='ltr' id='par_1_25' title="bbox 2062 1004 3714 1087">
     <span class='ocr_line' id='line_1_25' title="bbox 2062 1004 3714 1087; baseline 0.008 -31"><span class='ocrx_word' id='word_1_174' title='bbox 2062 1017 2296 1057; x_wconf 88' lang='lat' dir='ltr'>summa</span> <span class='ocrx_word' id='word_1_175' title='bbox 2321 1004 2452 1069; x_wconf 90' lang='lat' dir='ltr'>erit,</span> <span class='ocrx_word' id='word_1_176' title='bbox 2486 1011 2709 1076; x_wconf 86' lang='lat' dir='ltr'>quanta</span> <span class='ocrx_word' id='word_1_177' title='bbox 2729 1011 2992 1062; x_wconf 90' lang='lat' dir='ltr'>estanno</span> <span class='ocrx_word' id='word_1_178' title='bbox 3024 1010 3394 1065; x_wconf 81' lang='lat' dir='ltr'>mercenarii.</span> <span class='ocrx_word' id='word_1_179' title='bbox 3420 1013 3562 1068; x_wconf 84' lang='lat' dir='ltr'>Tum</span> <span class='ocrx_word' id='word_1_180' title='bbox 3594 1013 3714 1087; x_wconf 87' lang='lat' dir='ltr'>glo-</span> 
     </span>
    </p>
   </div>
   <div class='ocr_carea' id='block_1_26' title="bbox 2059 1091 3709 1172">
    <p class='ocr_par' dir='ltr' id='par_1_26' title="bbox 2059 1091 3709 1172">
     <span class='ocr_line' id='line_1_26' title="bbox 2059 1091 3709 1172; baseline 0.008 -27"><span class='ocrx_word' id='word_1_181' title='bbox 2059 1091 2150 1146; x_wconf 86' lang='lat' dir='ltr'>ria</span> <span class='ocrx_word' id='word_1_182' title='bbox 2177 1092 2416 1148; x_wconf 89' lang='lat' dir='ltr'>Cedaris</span> <span class='ocrx_word' id='word_1_183' title='bbox 2473 1094 2761 1166; x_wconf 84' lang='lat' dir='ltr'>interibit,</span> <span class='ocrx_word' id='word_1_184' title='bbox 2812 1096 3155 1167; x_wconf 59' lang='lat' dir='ltr'>exiguasque</span> <span class='ocrx_word' id='word_1_185' title='bbox 3210 1104 3387 1154; x_wconf 85' lang='lat' dir='ltr'>erunt</span> <span class='ocrx_word' id='word_1_186' title='bbox 3441 1101 3709 1172; x_wconf 65' lang='lat' dir='ltr'>reliquiae</span> 
     </span>
    </p>
   </div>
   <div class='ocr_carea' id='block_1_27' title="bbox 2051 1179 3710 1267">
    <p class='ocr_par' dir='ltr' id='par_1_27' title="bbox 2051 1179 3710 1267">
     <span class='ocr_line' id='line_1_27' title="bbox 2051 1179 3710 1267; baseline 0.007 -32"><span class='ocrx_word' id='word_1_187' title='bbox 2051 1179 2489 1251; x_wconf 87' lang='lat' dir='ltr'>jaculationum</span> <span class='ocrx_word' id='word_1_188' title='bbox 2514 1182 2653 1238; x_wconf 85' lang='lat' dir='ltr'>ﬁliis</span> <span class='ocrx_word' id='word_1_189' title='bbox 2683 1184 2920 1240; x_wconf 88' lang='lat' dir='ltr'>Cedaris</span> <span class='ocrx_word' id='word_1_190' title='bbox 2947 1185 3204 1241; x_wconf 83' lang='lat' dir='ltr'>robustis</span> <span class='ocrx_word' id='word_1_191' title='bbox 3235 1187 3299 1243; x_wconf 82' lang='grc'>¹³.</span> <span class='ocrx_word' id='word_1_192' title='bbox 3327 1189 3553 1245; x_wconf 87' lang='lat' dir='ltr'>Desunt</span> <span class='ocrx_word' id='word_1_193' title='bbox 3573 1196 3710 1267; x_wconf 84' lang='lat' dir='ltr'>ergo</span> 
     </span>
    </p>
   </div>
   <div class='ocr_carea' id='block_1_28' title="bbox 2058 1268 3713 1348">
    <p class='ocr_par' dir='ltr' id='par_1_28' title="bbox 2058 1268 3713 1348">
     <span class='ocr_line' id='line_1_28' title="bbox 2058 1268 3713 1348; baseline 0.008 -26"><span class='ocrx_word' id='word_1_194' title='bbox 2058 1284 2248 1340; x_wconf 90' lang='lat' dir='ltr'>usque</span> <span class='ocrx_word' id='word_1_195' title='bbox 2279 1268 2421 1325; x_wconf 89' lang='lat' dir='ltr'>ad...</span> <span class='ocrx_word' id='word_1_196' title='bbox 2444 1271 2740 1342; x_wconf 86' lang='lat' dir='ltr'>siquidem</span> <span class='ocrx_word' id='word_1_197' title='bbox 2762 1273 3092 1346; x_wconf 82' lang='lat' dir='ltr'>astrologus</span> <span class='ocrx_word' id='word_1_198' title='bbox 3113 1274 3216 1330; x_wconf 91' lang='lat' dir='ltr'>ille</span> <span class='ocrx_word' id='word_1_199' title='bbox 3238 1276 3571 1348; x_wconf 85' lang='lat' dir='ltr'>Stephanus</span> <span class='ocrx_word' id='word_1_200' title='bbox 3588 1281 3713 1336; x_wconf 88' lang='lat' dir='ltr'>the-</span> 
     </span>
    </p>
   </div>
   <div class='ocr_carea' id='block_1_29' title="bbox 2057 1358 3707 1441">
    <p class='ocr_par' dir='ltr' id='par_1_29' title="bbox 2057 1358 3707 1441">
     <span class='ocr_line' id='line_1_29' title="bbox 2057 1358 3707 1441; baseline 0.008 -28"><span class='ocrx_word' id='word_1_201' title='bbox 2057 1374 2156 1414; x_wconf 92' lang='lat' dir='ltr'>ma</span> <span class='ocrx_word' id='word_1_202' title='bbox 2185 1358 2445 1433; x_wconf 83' lang='lat' dir='ltr'>legitime</span> <span class='ocrx_word' id='word_1_203' title='bbox 2468 1363 2799 1420; x_wconf 88' lang='lat' dir='ltr'>constituit.</span> <span class='ocrx_word' id='word_1_204' title='bbox 2824 1365 3174 1437; x_wconf 86' lang='lat' dir='ltr'>Quanquam</span> <span class='ocrx_word' id='word_1_205' title='bbox 3199 1382 3334 1421; x_wconf 89' lang='lat' dir='ltr'>mea</span> <span class='ocrx_word' id='word_1_206' title='bbox 3364 1368 3476 1423; x_wconf 75' lang='lat' dir='ltr'>fert</span> <span class='ocrx_word' id='word_1_207' title='bbox 3505 1370 3707 1441; x_wconf 92' lang='lat' dir='ltr'>opinio</span> 
     </span>
    </p>
   </div>
   <div class='ocr_carea' id='block_1_30' title="bbox 2057 1448 3711 1530">
    <p class='ocr_par' dir='ltr' id='par_1_30' title="bbox 2057 1448 3711 1530">
     <span class='ocr_line' id='line_1_30' title="bbox 2057 1448 3711 1530; baseline 0.008 -28"><span class='ocrx_word' id='word_1_208' title='bbox 2057 1448 2362 1506; x_wconf 89' lang='lat' dir='ltr'>aberrasse</span> <span class='ocrx_word' id='word_1_209' title='bbox 2402 1467 2538 1508; x_wconf 85' lang='lat' dir='ltr'>eum</span> <span class='ocrx_word' id='word_1_210' title='bbox 2571 1454 2850 1527; x_wconf 87' lang='lat' dir='ltr'>scrupulo</span> <span class='ocrx_word' id='word_1_211' title='bbox 2882 1454 3048 1511; x_wconf 91' lang='lat' dir='ltr'>valde</span> <span class='ocrx_word' id='word_1_212' title='bbox 3072 1458 3486 1530; x_wconf 83' lang='lat' dir='ltr'>magno.Noris</span> <span class='ocrx_word' id='word_1_213' title='bbox 3511 1465 3711 1516; x_wconf 88' lang='lat' dir='ltr'>autem</span> 
     </span>
    </p>
   </div>
   <div class='ocr_carea' id='block_1_31' title="bbox 2056 1539 3704 1606">
    <p class='ocr_par' dir='ltr' id='par_1_31' title="bbox 2056 1539 3704 1606">
     <span class='ocr_line' id='line_1_31' title="bbox 2056 1539 3704 1606; baseline 0.008 -14"><span class='ocrx_word' id='word_1_214' title='bbox 2056 1539 2337 1594; x_wconf 87' lang='lat' dir='ltr'>Cedarem</span> <span class='ocrx_word' id='word_1_215' title='bbox 2370 1541 2698 1598; x_wconf 89' lang='lat' dir='ltr'>secundum</span> <span class='ocrx_word' id='word_1_216' title='bbox 2730 1559 2859 1599; x_wconf 90' lang='lat' dir='ltr'>esse</span> <span class='ocrx_word' id='word_1_217' title='bbox 2887 1545 3123 1600; x_wconf 90' lang='lat' dir='ltr'>Ismaeli</span> <span class='ocrx_word' id='word_1_218' title='bbox 3155 1545 3367 1602; x_wconf 87' lang='lat' dir='ltr'>ﬁlium.</span> <span class='ocrx_word' id='word_1_219' title='bbox 3397 1547 3519 1603; x_wconf 84' lang='lat' dir='ltr'>Hoc</span> <span class='ocrx_word' id='word_1_220' title='bbox 3546 1566 3704 1606; x_wconf 90' lang='lat' dir='ltr'>anno</span> 
     </span>
    </p>
   </div>
   <div class='ocr_carea' id='block_1_32' title="bbox 2057 1628 3705 1709">
    <p class='ocr_par' dir='ltr' id='par_1_32' title="bbox 2057 1628 3705 1709">
     <span class='ocr_line' id='line_1_32' title="bbox 2057 1628 3705 1709; baseline 0.008 -27"><span class='ocrx_word' id='word_1_221' title='bbox 2057 1628 2362 1685; x_wconf 83' lang='lat' dir='ltr'>Heraclius</span> <span class='ocrx_word' id='word_1_222' title='bbox 2407 1631 2782 1690; x_wconf 84' lang='lat' dir='ltr'>solemnitate</span> <span class='ocrx_word' id='word_1_223' title='bbox 2840 1635 3143 1691; x_wconf 86' lang='lat' dir='ltr'>Paschatis</span> <span class='ocrx_word' id='word_1_224' title='bbox 3200 1642 3462 1709; x_wconf 87' lang='lat' dir='ltr'>peracta,</span> <span class='ocrx_word' id='word_1_225' title='bbox 3504 1638 3705 1696; x_wconf 90' lang='lat' dir='ltr'>statim</span> 
     </span>
    </p>
   </div>
   <div class='ocr_carea' id='block_1_33' title="bbox 2053 1718 3702 1794">
    <p class='ocr_par' dir='ltr' id='par_1_33' title="bbox 2053 1718 3702 1794">
     <span class='ocr_line' id='line_1_33' title="bbox 2053 1718 3702 1794; baseline 0.007 -23"><span class='ocrx_word' id='word_1_226' title='bbox 2053 1718 2338 1788; x_wconf 86' lang='lat' dir='ltr'>postridie</span> <span class='ocrx_word' id='word_1_227' title='bbox 2387 1719 2495 1775; x_wconf 91' lang='lat' dir='ltr'>sub</span> <span class='ocrx_word' id='word_1_228' title='bbox 2552 1738 2860 1794; x_wconf 86' lang='lat' dir='ltr'>vesperam</span> <span class='ocrx_word' id='word_1_229' title='bbox 2911 1723 3191 1782; x_wconf 85' lang='lat' dir='ltr'>adversus</span> <span class='ocrx_word' id='word_1_230' title='bbox 3238 1728 3449 1783; x_wconf 89' lang='lat' dir='ltr'>Persas</span> <span class='ocrx_word' id='word_1_231' title='bbox 3497 1728 3702 1785; x_wconf 70' lang='lat' dir='ltr'>movit;</span> 
     </span>
    </p>
   </div>
   <div class='ocr_carea' id='block_1_34' title="bbox 292 1799 1941 1899">
    <p class='ocr_par' dir='ltr' id='par_1_34' title="bbox 292 1799 1941 1878">
     <span class='ocr_line' id='line_1_34' title="bbox 292 1799 1941 1878; baseline -0.002 -19"><span class='ocrx_word' id='word_1_232' title='bbox 292 1801 492 1876; x_wconf 86' lang='grc' dir='ltr'>δανείῳ</span> <span class='ocrx_word' id='word_1_233' title='bbox 534 1801 785 1878; x_wconf 78' lang='grc' dir='ltr'>(ἀπορίαν</span> <span class='ocrx_word' id='word_1_234' title='bbox 845 1803 951 1878; x_wconf 81' lang='grc' dir='ltr'>γὰρ</span> <span class='ocrx_word' id='word_1_235' title='bbox 1002 1801 1123 1876; x_wconf 78' lang='grc' dir='ltr'>εἶχε</span> <span class='ocrx_word' id='word_1_236' title='bbox 1177 1801 1241 1856; x_wconf 88' lang='grc' dir='ltr'>τὸ</span> <span class='ocrx_word' id='word_1_237' title='bbox 1298 1799 1587 1857; x_wconf 68' lang='grc' dir='ltr'>παλάτιονο</span> <span class='ocrx_word' id='word_1_238' title='bbox 1648 1801 1737 1856; x_wconf 82' lang='grc' dir='ltr'>καὶ</span> <span class='ocrx_word' id='word_1_239' title='bbox 1786 1805 1941 1856; x_wconf 80' lang='grc' dir='ltr'>ταῦτα</span> 
     </span>
    </p>
   </div>
   <div class='ocr_carea' id='block_1_35' title="bbox 2051 1799 3703 1899">
    <p class='ocr_par' dir='ltr' id='par_1_35' title="bbox 2055 1807 3703 1899">
     <span class='ocr_line' id='line_1_35' title="bbox 2055 1807 3703 1899; baseline 0.008 -37"><span class='ocrx_word' id='word_1_240' title='bbox 2055 1807 2320 1899; x_wconf 82' lang='lat' dir='ltr'>sumpsit</span> <span class='ocrx_word' id='word_1_241' title='bbox 2347 1809 2421 1865; x_wconf 90' lang='lat' dir='ltr'>ad</span> <span class='ocrx_word' id='word_1_242' title='bbox 2451 1826 2582 1867; x_wconf 88' lang='lat' dir='ltr'>eam</span> <span class='ocrx_word' id='word_1_243' title='bbox 2614 1814 3049 1885; x_wconf 84' lang='lat' dir='ltr'>expeditionem</span> <span class='ocrx_word' id='word_1_244' title='bbox 3067 1815 3139 1872; x_wconf 90' lang='lat' dir='ltr'>de</span> <span class='ocrx_word' id='word_1_245' title='bbox 3168 1817 3443 1873; x_wconf 88' lang='lat' dir='ltr'>domibus</span> <span class='ocrx_word' id='word_1_246' title='bbox 3472 1817 3703 1892; x_wconf 87' lang='lat' dir='ltr'>religio-</span> 
     </span>
    </p>
   </div>
   <div class='ocr_carea' id='block_1_36' title="bbox 285 1889 1946 1973">
    <p class='ocr_par' dir='ltr' id='par_1_36' title="bbox 285 1889 1946 1973">
     <span class='ocr_line' id='line_1_36' title="bbox 285 1889 1946 1973; baseline -0.001 -25"><span class='ocrx_word' id='word_1_247' title='bbox 285 1892 521 1973; x_wconf 81' lang='grc' dir='ltr'>ἐχάροξε</span> <span class='ocrx_word' id='word_1_248' title='bbox 565 1893 878 1966; x_wconf 84' lang='grc' dir='ltr'>νομίσματα</span> <span class='ocrx_word' id='word_1_249' title='bbox 934 1890 1025 1946; x_wconf 84' lang='grc' dir='ltr'>καὶ</span> <span class='ocrx_word' id='word_1_250' title='bbox 1087 1889 1444 1966; x_wconf 86' lang='grc' dir='ltr'>μιλιαρίσια),</span> <span class='ocrx_word' id='word_1_251' title='bbox 1503 1889 1821 1946; x_wconf 87' lang='grc' dir='ltr'>καταλιπὼν</span> <span class='ocrx_word' id='word_1_252' title='bbox 1853 1891 1946 1947; x_wconf 87' lang='grc' dir='ltr'>τὸν</span> 
     </span>
    </p>
   </div>
   <div class='ocr_carea' id='block_1_37' title="bbox 284 1979 1946 2057">
    <p class='ocr_par' dir='ltr' id='par_1_37' title="bbox 284 1979 1946 2057">
     <span class='ocr_line' id='line_1_37' title="bbox 284 1979 1946 2057; baseline -0.002 -19"><span class='ocrx_word' id='word_1_253' title='bbox 284 1981 427 2039; x_wconf 75' lang='grc' dir='ltr'>ἴδιον</span> <span class='ocrx_word' id='word_1_254' title='bbox 460 1981 577 2037; x_wconf 75' lang='grc' dir='ltr'>υἱὸν</span> <span class='ocrx_word' id='word_1_255' title='bbox 615 1983 714 2037; x_wconf 73' lang='grc' dir='ltr'>σὺν</span> <span class='ocrx_word' id='word_1_256' title='bbox 769 1986 850 2055; x_wconf 83' lang='grc' dir='ltr'>τῷ</span> <span class='ocrx_word' id='word_1_257' title='bbox 904 1981 1219 2056; x_wconf 79' lang='grc' dir='ltr'>πατριάρχῃ</span> <span class='ocrx_word' id='word_1_258' title='bbox 1279 1979 1491 2057; x_wconf 80' lang='grc' dir='ltr'>Σεργίῳ</span> <span class='ocrx_word' id='word_1_259' title='bbox 1522 1979 1572 2035; x_wconf 88' lang='grc' dir='ltr'>ἐν</span> <span class='ocrx_word' id='word_1_260' title='bbox 1607 1986 1946 2036; x_wconf 82' lang='grc' dir='ltr'>Κωνσταντι·</span> 
     </span>
    </p>
   </div>
   <div class='ocr_carea' id='block_1_38' title="bbox 292 2067 1950 2147">
    <p class='ocr_par' dir='ltr' id='par_1_38' title="bbox 292 2067 1950 2147">
     <span class='ocr_line' id='line_1_38' title="bbox 292 2067 1950 2147; baseline -0.002 -19"><span class='ocrx_word' id='word_1_261' title='bbox 292 2071 560 2128; x_wconf 81' lang='grc' dir='ltr'>νουπόλει</span> <span class='ocrx_word' id='word_1_262' title='bbox 612 2070 836 2127; x_wconf 80' lang='grc' dir='ltr'>διοικεῖν</span> <span class='ocrx_word' id='word_1_263' title='bbox 895 2071 961 2126; x_wconf 87' lang='grc' dir='ltr'>τὰ</span> <span class='ocrx_word' id='word_1_264' title='bbox 1017 2069 1331 2147; x_wconf 83' lang='grc' dir='ltr'>πράγματα,</span> <span class='ocrx_word' id='word_1_265' title='bbox 1383 2067 1476 2124; x_wconf 77' lang='grc' dir='ltr'>σὺν</span> <span class='ocrx_word' id='word_1_266' title='bbox 1525 2069 1674 2143; x_wconf 81' lang='grc' dir='ltr'>Βὸνῳ</span> <span class='ocrx_word' id='word_1_267' title='bbox 1716 2073 1950 2144; x_wconf 85' lang='grc' dir='ltr'>(38)τῷ</span> 
     </span>
    </p>
   </div>
   <div class='ocr_carea' id='block_1_39' title="bbox 285 2158 1946 2238">
    <p class='ocr_par' dir='ltr' id='par_1_39' title="bbox 285 2158 1946 2238">
     <span class='ocr_line' id='line_1_39' title="bbox 285 2158 1946 2238; baseline -0.002 -20"><span class='ocrx_word' id='word_1_268' title='bbox 285 2163 584 2235; x_wconf 83' lang='grc' dir='ltr'>πατρικίῳ,</span> <span class='ocrx_word' id='word_1_269' title='bbox 623 2159 775 2236; x_wconf 82' lang='grc' dir='ltr'>ἀνδρὶ</span> <span class='ocrx_word' id='word_1_270' title='bbox 824 2158 1079 2238; x_wconf 78' lang='grc' dir='ltr'>ἐχέφρονι</span> <span class='ocrx_word' id='word_1_271' title='bbox 1127 2160 1219 2215; x_wconf 79' lang='grc' dir='ltr'>καὶ</span> <span class='ocrx_word' id='word_1_272' title='bbox 1268 2160 1338 2214; x_wconf 80' lang='grc' dir='ltr'>τὰ</span> <span class='ocrx_word' id='word_1_273' title='bbox 1385 2159 1560 2214; x_wconf 81' lang='grc' dir='ltr'>πάντα</span> <span class='ocrx_word' id='word_1_274' title='bbox 1608 2164 1811 2233; x_wconf 84' lang='grc' dir='ltr'>συνετῷ</span> <span class='ocrx_word' id='word_1_275' title='bbox 1856 2159 1946 2215; x_wconf 81' lang='grc' dir='ltr'>καὶ</span> 
     </span>
    </p>
   </div>
   <div class='ocr_carea' id='block_1_40' title="bbox 290 2246 1946 2327">
    <p class='ocr_par' dir='ltr' id='par_1_40' title="bbox 290 2246 1946 2327">
     <span class='ocr_line' id='line_1_40' title="bbox 290 2246 1946 2327; baseline -0.002 -19"><span class='ocrx_word' id='word_1_276' title='bbox 290 2250 695 2327; x_wconf 81' lang='grc' dir='ltr'>πεπειραμένῳ.</span> <span class='ocrx_word' id='word_1_277' title='bbox 773 2252 1016 2326; x_wconf 79' lang='grc' dir='ltr'>Ἔγραψε</span> <span class='ocrx_word' id='word_1_278' title='bbox 1072 2246 1131 2305; x_wconf 68' lang='grc' dir='ltr'>δὲ</span> <span class='ocrx_word' id='word_1_279' title='bbox 1205 2249 1295 2303; x_wconf 84' lang='grc' dir='ltr'>καὶ</span> <span class='ocrx_word' id='word_1_280' title='bbox 1351 2249 1490 2323; x_wconf 88' lang='grc' dir='ltr'>πρὸς</span> <span class='ocrx_word' id='word_1_281' title='bbox 1550 2250 1643 2304; x_wconf 86' lang='grc' dir='ltr'>τὸν</span> <span class='ocrx_word' id='word_1_282' title='bbox 1701 2249 1946 2324; x_wconf 84' lang='grc' dir='ltr'>Χαγάνον</span> 
     </span>
    </p>
   </div>
   <div class='ocr_carea' id='block_1_41' title="bbox 294 2339 1947 2419">
    <p class='ocr_par' dir='ltr' id='par_1_41' title="bbox 294 2339 1947 2419">
     <span class='ocr_line' id='line_1_41' title="bbox 294 2339 1947 2419; baseline -0.002 -22"><span class='ocrx_word' id='word_1_283' title='bbox 294 2341 669 2419; x_wconf 71' lang='grc' dir='ltr'>παρακλήσεις</span> <span class='ocrx_word' id='word_1_284' title='bbox 698 2345 796 2396; x_wconf 80' lang='grc' dir='ltr'>τοῦ</span> <span class='ocrx_word' id='word_1_285' title='bbox 821 2339 1126 2415; x_wconf 86' lang='grc' dir='ltr'>ἐπικουρεῖν</span> <span class='ocrx_word' id='word_1_286' title='bbox 1183 2340 1251 2394; x_wconf 78' lang='grc' dir='ltr'>τὰ</span> <span class='ocrx_word' id='word_1_287' title='bbox 1303 2342 1412 2394; x_wconf 81' lang='grc' dir='ltr'>τῶν</span> <span class='ocrx_word' id='word_1_288' title='bbox 1446 2339 1739 2413; x_wconf 80' lang='grc' dir='ltr'>Ῥωμαίων</span> <span class='ocrx_word' id='word_1_289' title='bbox 1770 2341 1947 2416; x_wconf 78' lang='grc' dir='ltr'>πράγ-</span> 
     </span>
    </p>
   </div>
   <div class='ocr_carea' id='block_1_42' title="bbox 299 2427 1943 2509">
    <p class='ocr_par' dir='ltr' id='par_1_42' title="bbox 299 2427 1943 2509">
     <span class='ocr_line' id='line_1_42' title="bbox 299 2427 1943 2509; baseline -0.001 -23"><span class='ocrx_word' id='word_1_290' title='bbox 299 2452 443 2505; x_wconf 86' lang='grc' dir='ltr'>ματα</span> <span class='ocrx_word' id='word_1_291' title='bbox 472 2432 546 2493; x_wconf 82' lang='grc' dir='ltr'>ὡς</span> <span class='ocrx_word' id='word_1_292' title='bbox 601 2433 686 2506; x_wconf 88' lang='grc' dir='ltr'>[Ρ.</span> <span class='ocrx_word' id='word_1_293' title='bbox 745 2432 870 2503; x_wconf 84' lang='grc'>410]</span> <span class='ocrx_word' id='word_1_294' title='bbox 930 2427 1116 2509; x_wconf 72' lang='grc' dir='ltr'>φιλίαν</span> <span class='ocrx_word' id='word_1_295' title='bbox 1164 2430 1517 2501; x_wconf 80' lang='grc' dir='ltr'>σπεισάμενον</span> <span class='ocrx_word' id='word_1_296' title='bbox 1584 2429 1721 2503; x_wconf 87' lang='grc' dir='ltr'>πρὸς</span> <span class='ocrx_word' id='word_1_297' title='bbox 1759 2429 1943 2497; x_wconf 76' lang='grc' dir='ltr'>αὐτὸν,</span> 
     </span>
    </p>
   </div>
   <div class='ocr_carea' id='block_1_43' title="bbox 302 2515 1944 2594">
    <p class='ocr_par' dir='ltr' id='par_1_43' title="bbox 302 2515 1944 2594">
     <span class='ocr_line' id='line_1_43' title="bbox 302 2515 1944 2594; baseline 0 -18"><span class='ocrx_word' id='word_1_298' title='bbox 302 2520 392 2576; x_wconf 84' lang='grc' dir='ltr'>καὶ</span> <span class='ocrx_word' id='word_1_299' title='bbox 422 2523 716 2594; x_wconf 85' lang='grc' dir='ltr'>ἐπιτροπον</span> <span class='ocrx_word' id='word_1_300' title='bbox 784 2522 881 2574; x_wconf 74' lang='grc' dir='ltr'>τοῦ</span> <span class='ocrx_word' id='word_1_301' title='bbox 945 2515 1090 2574; x_wconf 77' lang='grc' dir='ltr'>ἰδίου</span> <span class='ocrx_word' id='word_1_302' title='bbox 1120 2519 1242 2573; x_wconf 76' lang='grc' dir='ltr'>υἱοῦ</span> <span class='ocrx_word' id='word_1_303' title='bbox 1298 2521 1491 2573; x_wconf 79' lang='grc' dir='ltr'>τοῦτον</span> <span class='ocrx_word' id='word_1_304' title='bbox 1547 2518 1849 2591; x_wconf 82' lang='grc' dir='ltr'>ὠνόμασεν.</span> <span class='ocrx_word' id='word_1_305' title='bbox 1877 2521 1944 2576; x_wconf 79' lang='grc' dir='ltr'><strong>Ὀ</strong></span> 
     </span>
    </p>
   </div>
   <div class='ocr_carea' id='block_1_44' title="bbox 296 2605 1945 2684">
    <p class='ocr_par' dir='ltr' id='par_1_44' title="bbox 296 2605 1945 2684">
     <span class='ocr_line' id='line_1_44' title="bbox 296 2605 1945 2684; baseline -0.004 -17"><span class='ocrx_word' id='word_1_306' title='bbox 296 2608 544 2684; x_wconf 80' lang='grc' dir='ltr'>Χοσρόης</span> <span class='ocrx_word' id='word_1_307' title='bbox 576 2605 633 2664; x_wconf 74' lang='grc' dir='ltr'>δὲ</span> <span class='ocrx_word' id='word_1_308' title='bbox 664 2610 811 2679; x_wconf 83' lang='grc' dir='ltr'>Σάην</span> <span class='ocrx_word' id='word_1_309' title='bbox 825 2609 918 2663; x_wconf 86' lang='grc' dir='ltr'>τὸν</span> <span class='ocrx_word' id='word_1_310' title='bbox 989 2609 1238 2683; x_wconf 81' lang='grc' dir='ltr'>ἡγεμόνα</span> <span class='ocrx_word' id='word_1_311' title='bbox 1262 2606 1396 2681; x_wconf 85' lang='grc' dir='ltr'>μετᾶ</span> <span class='ocrx_word' id='word_1_312' title='bbox 1412 2605 1631 2677; x_wconf 82' lang='grc' dir='ltr'>πολλῆς</span> <span class='ocrx_word' id='word_1_313' title='bbox 1664 2605 1945 2680; x_wconf 80' lang='grc' dir='ltr'>δυνάμεως</span> 
     </span>
    </p>
   </div>
   <div class='ocr_carea' id='block_1_45' title="bbox 296 2693 1944 2775">
    <p class='ocr_par' dir='ltr' id='par_1_45' title="bbox 296 2693 1944 2775">
     <span class='ocr_line' id='line_1_45' title="bbox 296 2693 1944 2775; baseline -0.003 -20"><span class='ocrx_word' id='word_1_314' title='bbox 296 2698 431 2755; x_wconf 88' lang='grc' dir='ltr'>κατᾶ</span> <span class='ocrx_word' id='word_1_315' title='bbox 460 2697 751 2769; x_wconf 85' lang='grc' dir='ltr'>Ῥωμαίων</span> <span class='ocrx_word' id='word_1_316' title='bbox 792 2695 1117 2759; x_wconf 83' lang='grc' dir='ltr'>ἀποστείλας</span> <span class='ocrx_word' id='word_1_317' title='bbox 1148 2701 1320 2752; x_wconf 84' lang='grc' dir='ltr'>πᾶσαν</span> <span class='ocrx_word' id='word_1_318' title='bbox 1350 2693 1770 2765; x_wconf 73' lang='grc' dir='ltr'>τὴνἈνατολήν</span> <span class='ocrx_word' id='word_1_319' title='bbox 1803 2694 1944 2775; x_wconf 73' lang='grc' dir='ltr'>ἠφά-</span> 
     </span>
    </p>
   </div>
   <div class='ocr_carea' id='block_1_46' title="bbox 292 2783 1943 2861">
    <p class='ocr_par' dir='ltr' id='par_1_46' title="bbox 292 2783 1943 2861">
     <span class='ocr_line' id='line_1_46' title="bbox 292 2783 1943 2861; baseline -0.002 -18"><span class='ocrx_word' id='word_1_320' title='bbox 292 2809 457 2843; x_wconf 83' lang='grc' dir='ltr'>νισεν.</span> <span class='ocrx_word' id='word_1_321' title='bbox 490 2785 705 2842; x_wconf 83' lang='grc' dir='ltr'>Ἐλθὼν</span> <span class='ocrx_word' id='word_1_322' title='bbox 735 2783 792 2841; x_wconf 71' lang='grc' dir='ltr'>δὲ</span> <span class='ocrx_word' id='word_1_323' title='bbox 824 2785 875 2841; x_wconf 76' lang='grc' dir='ltr'>ἐν</span> <span class='ocrx_word' id='word_1_324' title='bbox 910 2783 1228 2855; x_wconf 85' lang='grc' dir='ltr'>Χαλκηδόνι</span> <span class='ocrx_word' id='word_1_325' title='bbox 1257 2786 1441 2841; x_wconf 77' lang='grc' dir='ltr'>ἱκανὺν</span> <span class='ocrx_word' id='word_1_326' title='bbox 1475 2785 1677 2860; x_wconf 86' lang='grc' dir='ltr'>χρόνον</span> <span class='ocrx_word' id='word_1_327' title='bbox 1707 2785 1943 2861; x_wconf 69' lang='grc' dir='ltr'>παρεκά-</span> 
     </span>
    </p>
   </div>
   <div class='ocr_carea' id='block_1_47' title="bbox 290 2873 1943 2950">
    <p class='ocr_par' dir='ltr' id='par_1_47' title="bbox 290 2873 1943 2950">
     <span class='ocr_line' id='line_1_47' title="bbox 290 2873 1943 2950; baseline -0.002 -17"><span class='ocrx_word' id='word_1_328' title='bbox 290 2880 455 2935; x_wconf 83' lang='grc' dir='ltr'>θισεν.</span> <span class='ocrx_word' id='word_1_329' title='bbox 488 2877 586 2938; x_wconf 84' lang='grc' dir='ltr'>’Ός</span> <span class='ocrx_word' id='word_1_330' title='bbox 618 2875 710 2931; x_wconf 85' lang='grc' dir='ltr'>τὸν</span> <span class='ocrx_word' id='word_1_331' title='bbox 744 2873 1061 2950; x_wconf 82' lang='grc' dir='ltr'>Ἡράκλειον</span> <span class='ocrx_word' id='word_1_332' title='bbox 1098 2875 1214 2948; x_wconf 81' lang='grc' dir='ltr'>μεθ’</span> <span class='ocrx_word' id='word_1_333' title='bbox 1267 2873 1605 2950; x_wconf 83' lang='grc' dir='ltr'>ὑποκρίσεως</span> <span class='ocrx_word' id='word_1_334' title='bbox 1634 2874 1943 2949; x_wconf 83' lang='grc' dir='ltr'>προσκαλε-</span> 
     </span>
    </p>
   </div>
   <div class='ocr_carea' id='block_1_48' title="bbox 289 2961 1940 3040">
    <p class='ocr_par' dir='ltr' id='par_1_48' title="bbox 289 2961 1940 3040">
     <span class='ocr_line' id='line_1_48' title="bbox 289 2961 1940 3040; baseline -0.002 -18"><span class='ocrx_word' id='word_1_335' title='bbox 289 2967 526 3040; x_wconf 84' lang='grc' dir='ltr'>σάμενος</span> <span class='ocrx_word' id='word_1_336' title='bbox 554 2963 621 3020; x_wconf 80' lang='grc' dir='ltr'>τὰ</span> <span class='ocrx_word' id='word_1_337' title='bbox 653 2963 788 3039; x_wconf 85' lang='grc' dir='ltr'>πρὸς</span> <span class='ocrx_word' id='word_1_338' title='bbox 821 2963 1045 3039; x_wconf 75' lang='grc' dir='ltr'>εἲρήνην</span> <span class='ocrx_word' id='word_1_339' title='bbox 1077 2962 1378 3037; x_wconf 81' lang='grc' dir='ltr'>ὡμίλησεν“</span> <span class='ocrx_word' id='word_1_340' title='bbox 1411 2966 1439 3019; x_wconf 92' lang='lat'>6</span> <span class='ocrx_word' id='word_1_341' title='bbox 1468 2961 1526 3018; x_wconf 73' lang='grc' dir='ltr'>δὲ</span> <span class='ocrx_word' id='word_1_342' title='bbox 1552 2969 1669 3026; x_wconf 89' lang='grc' dir='ltr'>τοῖς</span> <span class='ocrx_word' id='word_1_343' title='bbox 1732 2961 1940 3027; x_wconf 87' lang='grc' dir='ltr'>δολίοις</span> 
     </span>
    </p>
   </div>
   <div class='ocr_carea' id='block_1_49' title="bbox 291 3049 1939 3135">
    <p class='ocr_par' dir='ltr' id='par_1_49' title="bbox 291 3049 1939 3135">
     <span class='ocr_line' id='line_1_49' title="bbox 291 3049 1939 3135; baseline -0.002 -23"><span class='ocrx_word' id='word_1_344' title='bbox 291 3055 484 3135; x_wconf 89' lang='grc' dir='ltr'>λόγοίς</span> <span class='ocrx_word' id='word_1_345' title='bbox 516 3060 806 3117; x_wconf 84' lang='grc' dir='ltr'>πιστεύσας</span> <span class='ocrx_word' id='word_1_346' title='bbox 836 3054 999 3110; x_wconf 77' lang='grc' dir='ltr'>αὐτοῦ</span> <span class='ocrx_word' id='word_1_347' title='bbox 1030 3052 1291 3123; x_wconf 72' lang='grc' dir='ltr'>ἐκπέμπει</span> <span class='ocrx_word' id='word_1_348' title='bbox 1325 3054 1417 3108; x_wconf 82' lang='grc' dir='ltr'>σὺν</span> <span class='ocrx_word' id='word_1_349' title='bbox 1478 3054 1629 3126; x_wconf 83' lang='grc' dir='ltr'>αὐτῷ</span> <span class='ocrx_word' id='word_1_350' title='bbox 1686 3049 1939 3127; x_wconf 69' lang='grc' dir='ltr'>πρεσϐεις</span> 
     </span>
    </p>
   </div>
   <div class='ocr_carea' id='block_1_50' title="bbox 286 3138 1934 3223">
    <p class='ocr_par' dir='ltr' id='par_1_50' title="bbox 286 3138 1934 3223">
     <span class='ocr_line' id='line_1_50' title="bbox 286 3138 1934 3223; baseline -0.003 -20"><span class='ocrx_word' id='word_1_351' title='bbox 286 3166 600 3223; x_wconf 87' lang='grc' dir='ltr'>μεγιστανος</span> <span class='ocrx_word' id='word_1_352' title='bbox 631 3144 765 3221; x_wconf 82' lang='grc' dir='ltr'>πρὸς</span> <span class='ocrx_word' id='word_1_353' title='bbox 796 3146 1050 3218; x_wconf 86' lang='grc' dir='ltr'>Χοσρόην</span> <span class='ocrx_word' id='word_1_354' title='bbox 1084 3151 1147 3213; x_wconf 91' lang='lat'>0&#39;,</span> <span class='ocrx_word' id='word_1_355' title='bbox 1180 3143 1272 3206; x_wconf 75' lang='grc' dir='ltr'>οὕς</span> <span class='ocrx_word' id='word_1_356' title='bbox 1319 3138 1653 3217; x_wconf 79' lang='grc' dir='ltr'>παραλαϐὼν</span> <span class='ocrx_word' id='word_1_357' title='bbox 1704 3142 1934 3218; x_wconf 85' lang='grc' dir='ltr'>ἀτίμους</span> 
     </span>
    </p>
   </div>
   <div class='ocr_carea' id='block_1_51' title="bbox 277 3230 1931 3311">
    <p class='ocr_par' dir='ltr' id='par_1_51' title="bbox 277 3230 1931 3311">
     <span class='ocr_line' id='line_1_51' title="bbox 277 3230 1931 3311; baseline -0.002 -20"><span class='ocrx_word' id='word_1_358' title='bbox 277 3237 366 3291; x_wconf 77' lang='grc' dir='ltr'>καὶ</span> <span class='ocrx_word' id='word_1_359' title='bbox 412 3233 669 3309; x_wconf 85' lang='grc' dir='ltr'>δεσμίους</span> <span class='ocrx_word' id='word_1_360' title='bbox 718 3232 1002 3311; x_wconf 78' lang='grc' dir='ltr'>ἀπῂγαγεν</span> <span class='ocrx_word' id='word_1_361' title='bbox 1050 3232 1105 3288; x_wconf 91' lang='grc' dir='ltr'>ἐν</span> <span class='ocrx_word' id='word_1_362' title='bbox 1165 3230 1401 3307; x_wconf 73' lang='grc' dir='ltr'>Περσίδι.</span> <span class='ocrx_word' id='word_1_363' title='bbox 1467 3235 1531 3291; x_wconf 78' lang='grc' dir='ltr'>Ὀ</span> <span class='ocrx_word' id='word_1_364' title='bbox 1583 3231 1640 3289; x_wconf 77' lang='grc' dir='ltr'>δὲ</span> <span class='ocrx_word' id='word_1_365' title='bbox 1673 3234 1931 3309; x_wconf 83' lang='grc' dir='ltr'>Χοσρόης</span> 
     </span>
    </p>
   </div>
   <div class='ocr_carea' id='block_1_52' title="bbox 282 3319 1930 3398">
    <p class='ocr_par' dir='ltr' id='par_1_52' title="bbox 282 3319 1930 3398">
     <span class='ocr_line' id='line_1_52' title="bbox 282 3319 1930 3398; baseline -0.002 -17"><span class='ocrx_word' id='word_1_366' title='bbox 282 3327 372 3381; x_wconf 84' lang='grc' dir='ltr'>τὸν</span> <span class='ocrx_word' id='word_1_367' title='bbox 407 3326 502 3398; x_wconf 61' lang='grc' dir='ltr'>μἐν</span> <span class='ocrx_word' id='word_1_368' title='bbox 542 3325 689 3395; x_wconf 83' lang='grc' dir='ltr'>Σάην</span> <span class='ocrx_word' id='word_1_369' title='bbox 738 3324 813 3385; x_wconf 86' lang='grc' dir='ltr'>ὡς</span> <span class='ocrx_word' id='word_1_370' title='bbox 842 3324 934 3379; x_wconf 87' lang='grc' dir='ltr'>τὸν</span> <span class='ocrx_word' id='word_1_371' title='bbox 966 3321 1287 3397; x_wconf 80' lang='grc' dir='ltr'>Ἡράκλειον</span> <span class='ocrx_word' id='word_1_372' title='bbox 1344 3319 1534 3378; x_wconf 78' lang='grc' dir='ltr'>ῗόόντα</span> <span class='ocrx_word' id='word_1_373' title='bbox 1561 3324 1653 3378; x_wconf 83' lang='grc' dir='ltr'>καὶ</span> <span class='ocrx_word' id='word_1_374' title='bbox 1688 3324 1764 3395; x_wconf 73' lang='grc' dir='ltr'>μὴ</span> <span class='ocrx_word' id='word_1_375' title='bbox 1800 3322 1930 3378; x_wconf 89' lang='grc' dir='ltr'>συλ-</span> 
     </span>
    </p>
   </div>
   <div class='ocr_carea' id='block_1_53' title="bbox 286 3407 1930 3489">
    <p class='ocr_par' dir='ltr' id='par_1_53' title="bbox 286 3407 1930 3489">
     <span class='ocr_line' id='line_1_53' title="bbox 286 3407 1930 3489; baseline -0.003 -18"><span class='ocrx_word' id='word_1_376' title='bbox 286 3411 527 3472; x_wconf 72' lang='grc' dir='ltr'>λαϐόντα</span> <span class='ocrx_word' id='word_1_377' title='bbox 585 3412 873 3489; x_wconf 82' lang='grc' dir='ltr'>ἐκδαρῆναι</span> <span class='ocrx_word' id='word_1_378' title='bbox 944 3411 1213 3481; x_wconf 84' lang='grc' dir='ltr'>ἐκέλευσε,</span> <span class='ocrx_word' id='word_1_379' title='bbox 1272 3412 1398 3474; x_wconf 73' lang='grc' dir='ltr'>τοὺς</span> <span class='ocrx_word' id='word_1_380' title='bbox 1458 3410 1514 3468; x_wconf 76' lang='grc' dir='ltr'>δὲ</span> <span class='ocrx_word' id='word_1_381' title='bbox 1569 3407 1819 3488; x_wconf 75' lang='grc' dir='ltr'>πρέσϐεις</span> <span class='ocrx_word' id='word_1_382' title='bbox 1876 3411 1930 3467; x_wconf 87' lang='grc' dir='ltr'>ἐν</span> 
     </span>
    </p>
   </div>
   <div class='ocr_carea' id='block_1_54' title="bbox 285 3496 1928 3583">
    <p class='ocr_par' dir='ltr' id='par_1_54' title="bbox 285 3496 1928 3583">
     <span class='ocr_line' id='line_1_54' title="bbox 285 3496 1928 3583; baseline -0.002 -24"><span class='ocrx_word' id='word_1_383' title='bbox 285 3509 543 3583; x_wconf 82' lang='grc' dir='ltr'>φρουραῖς</span> <span class='ocrx_word' id='word_1_384' title='bbox 652 3504 742 3558; x_wconf 72' lang='grc' dir='ltr'>καὶ</span> <span class='ocrx_word' id='word_1_385' title='bbox 823 3501 1123 3577; x_wconf 85' lang='grc' dir='ltr'>κακουχίας</span> <span class='ocrx_word' id='word_1_386' title='bbox 1203 3498 1545 3557; x_wconf 85' lang='grc' dir='ltr'>κατεδίκασεν</span> <span class='ocrx_word' id='word_1_387' title='bbox 1578 3518 1591 3532; x_wconf 83' lang='grc'>⁶</span> <span class='ocrx_word' id='word_1_388' title='bbox 1655 3501 1788 3576; x_wconf 75' lang='grc' dir='ltr'>ὑπὲρ</span> <span class='ocrx_word' id='word_1_389' title='bbox 1854 3496 1928 3555; x_wconf 85' lang='grc' dir='ltr'>ὧν</span> 
     </span>
    </p>
   </div>
   <div class='ocr_carea' id='block_1_55' title="bbox 284 3590 1932 3669">
    <p class='ocr_par' dir='ltr' id='par_1_55' title="bbox 284 3590 1932 3669">
     <span class='ocr_line' id='line_1_55' title="bbox 284 3590 1932 3669; baseline -0.003 -18"><span class='ocrx_word' id='word_1_390' title='bbox 284 3593 485 3668; x_wconf 85' lang='grc' dir='ltr'>ἀθυμία</span> <span class='ocrx_word' id='word_1_391' title='bbox 514 3595 603 3651; x_wconf 84' lang='grc' dir='ltr'>καὶ</span> <span class='ocrx_word' id='word_1_392' title='bbox 629 3591 816 3669; x_wconf 78' lang='grc' dir='ltr'>θλῖψις</span> <span class='ocrx_word' id='word_1_393' title='bbox 842 3590 1031 3662; x_wconf 85' lang='grc' dir='ltr'>πολλὴ</span> <span class='ocrx_word' id='word_1_394' title='bbox 1079 3593 1313 3668; x_wconf 83' lang='grc' dir='ltr'>κατέσχε</span> <span class='ocrx_word' id='word_1_395' title='bbox 1365 3592 1457 3647; x_wconf 86' lang='grc' dir='ltr'>τὸν</span> <span class='ocrx_word' id='word_1_396' title='bbox 1513 3590 1754 3666; x_wconf 58' lang='grc' dir='ltr'>βασιλέα.</span> <span class='ocrx_word' id='word_1_397' title='bbox 1791 3591 1932 3648; x_wconf 80' lang='grc' dir='ltr'>Εἶτα</span> 
     </span>
    </p>
   </div>
   <div class='ocr_carea' id='block_1_56' title="bbox 284 3675 1932 3760">
    <p class='ocr_par' dir='ltr' id='par_1_56' title="bbox 284 3675 1932 3760">
     <span class='ocr_line' id='line_1_56' title="bbox 284 3675 1932 3760; baseline -0.004 -19"><span class='ocrx_word' id='word_1_398' title='bbox 284 3685 450 3741; x_wconf 82' lang='grc' dir='ltr'>πάλιν</span> <span class='ocrx_word' id='word_1_399' title='bbox 506 3684 765 3760; x_wconf 84' lang='grc' dir='ltr'>Χοσρόης</span> <span class='ocrx_word' id='word_1_400' title='bbox 849 3683 1163 3739; x_wconf 83' lang='grc' dir='ltr'>ἀπέστειλεν</span> <span class='ocrx_word' id='word_1_401' title='bbox 1252 3675 1431 3759; x_wconf 76' lang='grc' dir='ltr'>ἕτερον</span> <span class='ocrx_word' id='word_1_402' title='bbox 1498 3680 1739 3757; x_wconf 75' lang='grc' dir='ltr'>ἄρχοντα</span> <span class='ocrx_word' id='word_1_403' title='bbox 1794 3682 1932 3736; x_wconf 85' lang='grc' dir='ltr'>κατά</span> 
     </span>
    </p>
   </div>
   <div class='ocr_carea' id='block_1_57' title="bbox 281 3768 1930 3851">
    <p class='ocr_par' dir='ltr' id='par_1_57' title="bbox 281 3768 1930 3851">
     <span class='ocr_line' id='line_1_57' title="bbox 281 3768 1930 3851; baseline -0.004 -19"><span class='ocrx_word' id='word_1_404' title='bbox 281 3774 567 3851; x_wconf 85' lang='grc' dir='ltr'>Ῥωμαίων</span> <span class='ocrx_word' id='word_1_405' title='bbox 604 3818 619 3845; x_wconf 86' lang='grc'><strong><em>,</em></strong></span> <span class='ocrx_word' id='word_1_406' title='bbox 679 3773 905 3848; x_wconf 79' lang='grc' dir='ltr'>ὀνόματι</span> <span class='ocrx_word' id='word_1_407' title='bbox 986 3768 1300 3846; x_wconf 77' lang='grc' dir='ltr'>Σάρϐαρον,</span> <span class='ocrx_word' id='word_1_408' title='bbox 1358 3768 1415 3833; x_wconf 80' lang='grc' dir='ltr'>ὅς</span> <span class='ocrx_word' id='word_1_409' title='bbox 1477 3770 1611 3844; x_wconf 82' lang='grc' dir='ltr'>μετὰ</span> <span class='ocrx_word' id='word_1_410' title='bbox 1666 3770 1930 3840; x_wconf 71' lang='grc' dir='ltr'>πλείστης</span> 
     </span>
    </p>
   </div>
   <div class='ocr_carea' id='block_1_58' title="bbox 284 3858 1928 3941">
    <p class='ocr_par' dir='ltr' id='par_1_58' title="bbox 284 3858 1928 3941">
     <span class='ocr_line' id='line_1_58' title="bbox 284 3858 1928 3941; baseline -0.004 -20"><span class='ocrx_word' id='word_1_411' title='bbox 284 3865 560 3941; x_wconf 84' lang='grc' dir='ltr'>δυνάμεως</span> <span class='ocrx_word' id='word_1_412' title='bbox 619 3862 757 3935; x_wconf 76' lang='grc' dir='ltr'>ἦλθε</span> <span class='ocrx_word' id='word_1_413' title='bbox 840 3863 978 3938; x_wconf 87' lang='grc' dir='ltr'>πρὸς</span> <span class='ocrx_word' id='word_1_414' title='bbox 1051 3863 1150 3931; x_wconf 77' lang='grc' dir='ltr'>τὴν</span> <span class='ocrx_word' id='word_1_415' title='bbox 1206 3860 1408 3930; x_wconf 80' lang='grc' dir='ltr'>Ἀσίαν,</span> <span class='ocrx_word' id='word_1_416' title='bbox 1465 3862 1564 3930; x_wconf 80' lang='grc' dir='ltr'>τὴν</span> <span class='ocrx_word' id='word_1_417' title='bbox 1626 3858 1928 3934; x_wconf 87' lang='grc' dir='ltr'>Ῥωμανίαν</span> 
     </span>
    </p>
   </div>
   <div class='ocr_carea' id='block_1_59' title="bbox 282 3947 1934 4029">
    <p class='ocr_par' dir='ltr' id='par_1_59' title="bbox 282 3947 1934 4029">
     <span class='ocr_line' id='line_1_59' title="bbox 282 3947 1934 4029; baseline -0.006 -16"><span class='ocrx_word' id='word_1_418' title='bbox 282 3955 635 4029; x_wconf 75' lang='grc' dir='ltr'>ληϊζόμενος.</span> <span class='ocrx_word' id='word_1_419' title='bbox 667 3955 729 4011; x_wconf 84' lang='grc' dir='ltr'><strong>Ὀ</strong></span> <span class='ocrx_word' id='word_1_420' title='bbox 760 3950 818 4008; x_wconf 73' lang='grc' dir='ltr'>δὲ</span> <span class='ocrx_word' id='word_1_421' title='bbox 870 3951 1120 4029; x_wconf 72' lang='grc' dir='ltr'>βασιλεὺς</span> <span class='ocrx_word' id='word_1_422' title='bbox 1182 3948 1525 4026; x_wconf 86' lang='grc' dir='ltr'>βουλόμενος</span> <span class='ocrx_word' id='word_1_423' title='bbox 1582 3950 1716 4025; x_wconf 85' lang='grc' dir='ltr'>πρὸς</span> <span class='ocrx_word' id='word_1_424' title='bbox 1748 3947 1934 4025; x_wconf 83' lang='grc' dir='ltr'>Περσί-</span> 
     </span>
    </p>
   </div>
   <div class='ocr_carea' id='block_1_60' title="bbox 287 4034 1933 4120">
    <p class='ocr_par' dir='ltr' id='par_1_60' title="bbox 287 4034 1933 4120">
     <span class='ocr_line' id='line_1_60' title="bbox 287 4034 1933 4120; baseline -0.005 -20"><span class='ocrx_word' id='word_1_425' title='bbox 287 4044 349 4101; x_wconf 79' lang='grc' dir='ltr'>δα</span> <span class='ocrx_word' id='word_1_426' title='bbox 381 4048 582 4120; x_wconf 82' lang='grc' dir='ltr'>χωρεῖν</span> <span class='ocrx_word' id='word_1_427' title='bbox 612 4039 738 4098; x_wconf 84' lang='grc' dir='ltr'>τάδε</span> <span class='ocrx_word' id='word_1_428' title='bbox 767 4042 905 4116; x_wconf 87' lang='grc' dir='ltr'>πρὸς</span> <span class='ocrx_word' id='word_1_429' title='bbox 929 4040 1022 4095; x_wconf 87' lang='grc' dir='ltr'>τὸν</span> <span class='ocrx_word' id='word_1_430' title='bbox 1050 4038 1417 4117; x_wconf 70' lang='grc' dir='ltr'>ιπατριάρχην</span> <span class='ocrx_word' id='word_1_431' title='bbox 1451 4034 1573 4117; x_wconf 79' lang='grc' dir='ltr'>ἔφη’</span> <span class='ocrx_word' id='word_1_432' title='bbox 1612 4039 1703 4101; x_wconf 80' lang='grc' dir='ltr'>Εἰς</span> <span class='ocrx_word' id='word_1_433' title='bbox 1742 4043 1933 4113; x_wconf 77' lang='grc' dir='ltr'>χεῖρας</span> 
     </span>
    </p>
   </div>
   <div class='ocr_carea' id='block_1_61' title="bbox 287 4127 1934 4205">
    <p class='ocr_par' dir='ltr' id='par_1_61' title="bbox 287 4127 1934 4205">
     <span class='ocr_line' id='line_1_61' title="bbox 287 4127 1934 4205; baseline -0.007 -13"><span class='ocrx_word' id='word_1_434' title='bbox 287 4140 385 4193; x_wconf 80' lang='grc' dir='ltr'>τοῦ</span> <span class='ocrx_word' id='word_1_435' title='bbox 417 4141 550 4193; x_wconf 73' lang='grc' dir='ltr'>Θεοῦ</span> <span class='ocrx_word' id='word_1_436' title='bbox 587 4135 677 4190; x_wconf 83' lang='grc' dir='ltr'>καὶ</span> <span class='ocrx_word' id='word_1_437' title='bbox 716 4141 817 4203; x_wconf 81' lang='grc' dir='ltr'>τῆς</span> <span class='ocrx_word' id='word_1_438' title='bbox 849 4130 1216 4205; x_wconf 77' lang='grc' dir='ltr'>Θεομητέρος,</span> <span class='ocrx_word' id='word_1_439' title='bbox 1271 4129 1363 4183; x_wconf 80' lang='grc' dir='ltr'>καὶ</span> <span class='ocrx_word' id='word_1_440' title='bbox 1421 4132 1519 4183; x_wconf 84' lang='grc' dir='ltr'>σοῦ</span> <span class='ocrx_word' id='word_1_441' title='bbox 1575 4127 1781 4203; x_wconf 75' lang='grc' dir='ltr'>ἀφίημι</span> <span class='ocrx_word' id='word_1_442' title='bbox 1832 4129 1934 4198; x_wconf 79' lang='grc' dir='ltr'>τήν</span> 
     </span>
    </p>
   </div>
   <div class='ocr_carea' id='block_1_62' title="bbox 290 4217 1934 4296">
    <p class='ocr_par' dir='ltr' id='par_1_62' title="bbox 290 4217 1934 4296">
     <span class='ocr_line' id='line_1_62' title="bbox 290 4217 1934 4296; baseline -0.007 -13"><span class='ocrx_word' id='word_1_443' title='bbox 290 4226 453 4283; x_wconf 86' lang='grc' dir='ltr'>πόλιν</span> <span class='ocrx_word' id='word_1_444' title='bbox 483 4226 684 4296; x_wconf 76' lang='grc' dir='ltr'>ταύτην</span> <span class='ocrx_word' id='word_1_445' title='bbox 742 4221 832 4277; x_wconf 84' lang='grc' dir='ltr'>καὶ</span> <span class='ocrx_word' id='word_1_446' title='bbox 883 4222 978 4276; x_wconf 84' lang='grc' dir='ltr'>τὸν</span> <span class='ocrx_word' id='word_1_447' title='bbox 1035 4220 1151 4275; x_wconf 76' lang='grc' dir='ltr'>υἱὸν</span> <span class='ocrx_word' id='word_1_448' title='bbox 1214 4240 1342 4293; x_wconf 88' lang='grc' dir='ltr'>μου.</span> <span class='ocrx_word' id='word_1_449' title='bbox 1397 4220 1496 4275; x_wconf 82' lang='grc' dir='ltr'>Καὶ</span> <span class='ocrx_word' id='word_1_450' title='bbox 1550 4217 1809 4281; x_wconf 81' lang='grc' dir='ltr'>εἰσελθών</span> <span class='ocrx_word' id='word_1_451' title='bbox 1859 4217 1934 4280; x_wconf 81' lang='grc' dir='ltr'>εἰς</span> 
     </span>
    </p>
   </div>
   <div class='ocr_carea' id='block_1_63' title="bbox 290 4304 1938 4392">
    <p class='ocr_par' dir='ltr' id='par_1_63' title="bbox 290 4304 1938 4392">
     <span class='ocr_line' id='line_1_63' title="bbox 290 4304 1938 4392; baseline -0.006 -20"><span class='ocrx_word' id='word_1_452' title='bbox 290 4320 385 4387; x_wconf 69' lang='grc' dir='ltr'>ιήν</span> <span class='ocrx_word' id='word_1_453' title='bbox 443 4314 703 4392; x_wconf 80' lang='grc' dir='ltr'>Μεγάλην</span> <span class='ocrx_word' id='word_1_454' title='bbox 765 4310 1074 4379; x_wconf 83' lang='grc' dir='ltr'>Ἐκκλσίαν,</span> <span class='ocrx_word' id='word_1_455' title='bbox 1136 4310 1342 4383; x_wconf 85' lang='grc' dir='ltr'>μέλανα</span> <span class='ocrx_word' id='word_1_456' title='bbox 1399 4304 1726 4382; x_wconf 79' lang='grc' dir='ltr'>ὑποδήματα</span> <span class='ocrx_word' id='word_1_457' title='bbox 1780 4327 1938 4381; x_wconf 89' lang='grc' dir='ltr'>περι-</span> 
     </span>
    </p>
   </div>
   <div class='ocr_carea' id='block_1_64' title="bbox 296 4393 1936 4479">
    <p class='ocr_par' dir='ltr' id='par_1_64' title="bbox 296 4393 1936 4479">
     <span class='ocr_line' id='line_1_64' title="bbox 296 4393 1936 4479; baseline -0.005 -18"><span class='ocrx_word' id='word_1_458' title='bbox 296 4400 600 4479; x_wconf 78' lang='grc' dir='ltr'>ϐαλόμενος</span> <span class='ocrx_word' id='word_1_459' title='bbox 630 4403 721 4458; x_wconf 87' lang='grc' dir='ltr'>καὶ</span> <span class='ocrx_word' id='word_1_460' title='bbox 751 4401 966 4476; x_wconf 79' lang='grc' dir='ltr'>πρηνὴς</span> <span class='ocrx_word' id='word_1_461' title='bbox 998 4399 1176 4455; x_wconf 81' lang='grc' dir='ltr'>πεσὼν</span> <span class='ocrx_word' id='word_1_462' title='bbox 1204 4398 1406 4468; x_wconf 70' lang='grc' dir='ltr'>ηὔξατο</span> <span class='ocrx_word' id='word_1_463' title='bbox 1465 4393 1660 4459; x_wconf 73' lang='grc' dir='ltr'>οὕτως·</span> <span class='ocrx_word' id='word_1_464' title='bbox 1696 4395 1936 4453; x_wconf 83' lang='grc' dir='ltr'>Δέσποτα</span> 
     </span>
    </p>
   </div>
   <div class='ocr_carea' id='block_1_65' title="bbox 286 4483 1938 4568">
    <p class='ocr_par' dir='ltr' id='par_1_65' title="bbox 286 4483 1938 4568">
     <span class='ocr_line' id='line_1_65' title="bbox 286 4483 1938 4568; baseline -0.006 -17"><span class='ocrx_word' id='word_1_465' title='bbox 286 4496 399 4566; x_wconf 75' lang='grc' dir='ltr'>θεὲ,</span> <span class='ocrx_word' id='word_1_466' title='bbox 431 4494 521 4548; x_wconf 85' lang='grc' dir='ltr'>καὶ</span> <span class='ocrx_word' id='word_1_467' title='bbox 554 4491 722 4568; x_wconf 80' lang='grc' dir='ltr'>Κύριε</span> <span class='ocrx_word' id='word_1_468' title='bbox 752 4493 933 4561; x_wconf 86' lang='grc' dir='ltr'>Ἰησοῦ</span> <span class='ocrx_word' id='word_1_469' title='bbox 988 4487 1207 4563; x_wconf 72' lang='grc' dir='ltr'>Χριστὶ,</span> <span class='ocrx_word' id='word_1_470' title='bbox 1253 4488 1328 4560; x_wconf 81' lang='grc' dir='ltr'>μή</span> <span class='ocrx_word' id='word_1_471' title='bbox 1363 4483 1619 4562; x_wconf 85' lang='grc' dir='ltr'>παραδῷς</span> <span class='ocrx_word' id='word_1_472' title='bbox 1668 4488 1816 4559; x_wconf 76' lang='grc' dir='ltr'>ἡμᾶς</span> <span class='ocrx_word' id='word_1_473' title='bbox 1861 4487 1938 4552; x_wconf 84' lang='grc' dir='ltr'>εἰς</span> 
     </span>
    </p>
   </div>
   <div class='ocr_carea' id='block_1_66' title="bbox 2059 1897 3707 1979">
    <p class='ocr_par' dir='ltr' id='par_1_66' title="bbox 2059 1897 3707 1979">
     <span class='ocr_line' id='line_1_66' title="bbox 2059 1897 3707 1979; baseline 0.007 -27"><span class='ocrx_word' id='word_1_474' title='bbox 2059 1897 2140 1953; x_wconf 88' lang='lat' dir='ltr'>sis</span> <span class='ocrx_word' id='word_1_475' title='bbox 2162 1902 2221 1953; x_wconf 91' lang='lat' dir='ltr'>et</span> <span class='ocrx_word' id='word_1_476' title='bbox 2242 1898 2479 1971; x_wconf 90' lang='lat' dir='ltr'>templis</span> <span class='ocrx_word' id='word_1_477' title='bbox 2500 1905 2769 1959; x_wconf 91' lang='lat' dir='ltr'>mutuam</span> <span class='ocrx_word' id='word_1_478' title='bbox 2787 1906 3123 1975; x_wconf 89' lang='lat' dir='ltr'>pecuniam,</span> <span class='ocrx_word' id='word_1_479' title='bbox 3156 1906 3298 1963; x_wconf 77' lang='lat' dir='ltr'>fisco</span> <span class='ocrx_word' id='word_1_480' title='bbox 3330 1907 3707 1979; x_wconf 87' lang='lat' dir='ltr'>imperatoris</span> 
     </span>
    </p>
   </div>
   <div class='ocr_carea' id='block_1_67' title="bbox 2056 1988 3705 2061">
    <p class='ocr_par' dir='ltr' id='par_1_67' title="bbox 2056 1988 3705 2061">
     <span class='ocr_line' id='line_1_67' title="bbox 2056 1988 3705 2061; baseline 0.007 -17"><span class='ocrx_word' id='word_1_481' title='bbox 2056 1988 2257 2061; x_wconf 89' lang='lat' dir='ltr'>inopia</span> <span class='ocrx_word' id='word_1_482' title='bbox 2284 1995 2409 2046; x_wconf 92' lang='lat' dir='ltr'>tum</span> <span class='ocrx_word' id='word_1_483' title='bbox 2450 1992 2785 2050; x_wconf 89' lang='lat' dir='ltr'>laborante:</span> <span class='ocrx_word' id='word_1_484' title='bbox 2823 2001 2881 2051; x_wconf 90' lang='lat' dir='ltr'>et</span> <span class='ocrx_word' id='word_1_485' title='bbox 2936 2013 3008 2052; x_wconf 80' lang='lat' dir='ltr'>ex</span> <span class='ocrx_word' id='word_1_486' title='bbox 3065 2013 3134 2054; x_wconf 91' lang='lat' dir='ltr'>ea</span> <span class='ocrx_word' id='word_1_487' title='bbox 3191 1998 3355 2054; x_wconf 91' lang='lat' dir='ltr'>cudit</span> <span class='ocrx_word' id='word_1_488' title='bbox 3400 2004 3705 2057; x_wconf 87' lang='lat' dir='ltr'>monetam</span> 
     </span>
    </p>
   </div>
   <div class='ocr_carea' id='block_1_68' title="bbox 2058 2081 3705 2147">
    <p class='ocr_par' dir='ltr' id='par_1_68' title="bbox 2058 2081 3705 2147">
     <span class='ocr_line' id='line_1_68' title="bbox 2058 2081 3705 2147; baseline 0.007 -11"><span class='ocrx_word' id='word_1_489' title='bbox 2058 2081 2208 2137; x_wconf 74' lang='lat'>718</span> <span class='ocrx_word' id='word_1_490' title='bbox 2236 2086 2293 2138; x_wconf 86' lang='lat' dir='ltr'>et</span> <span class='ocrx_word' id='word_1_491' title='bbox 2348 2083 2678 2141; x_wconf 89' lang='lat' dir='ltr'>miliarisia.</span> <span class='ocrx_word' id='word_1_492' title='bbox 2740 2086 2826 2141; x_wconf 80' lang='lat' dir='ltr'>Ad</span> <span class='ocrx_word' id='word_1_493' title='bbox 2870 2088 3075 2144; x_wconf 90' lang='lat' dir='ltr'>urbem</span> <span class='ocrx_word' id='word_1_494' title='bbox 3128 2088 3314 2145; x_wconf 84' lang='lat' dir='ltr'>ﬁlium</span> <span class='ocrx_word' id='word_1_495' title='bbox 3365 2107 3538 2146; x_wconf 85' lang='lat' dir='ltr'>suum</span> <span class='ocrx_word' id='word_1_496' title='bbox 3569 2107 3705 2147; x_wconf 89' lang='lat' dir='ltr'>cum</span> 
     </span>
    </p>
   </div>
   <div class='ocr_carea' id='block_1_69' title="bbox 2054 2174 3705 2252">
    <p class='ocr_par' dir='ltr' id='par_1_69' title="bbox 2054 2174 3705 2252">
     <span class='ocr_line' id='line_1_69' title="bbox 2054 2174 3705 2252; baseline 0.005 -23"><span class='ocrx_word' id='word_1_497' title='bbox 2054 2174 2253 2248; x_wconf 86' lang='lat' dir='ltr'>Sergio</span> <span class='ocrx_word' id='word_1_498' title='bbox 2278 2175 2618 2247; x_wconf 86' lang='lat' dir='ltr'>patriarcha</span> <span class='ocrx_word' id='word_1_499' title='bbox 2649 2175 2890 2248; x_wconf 90' lang='lat' dir='ltr'>reliquit</span> <span class='ocrx_word' id='word_1_500' title='bbox 2919 2178 3095 2234; x_wconf 89' lang='lat' dir='ltr'>rebus</span> <span class='ocrx_word' id='word_1_501' title='bbox 3141 2180 3566 2252; x_wconf 84' lang='lat' dir='ltr'>gubernandis,</span> <span class='ocrx_word' id='word_1_502' title='bbox 3601 2180 3705 2237; x_wconf 85' lang='lat' dir='ltr'>ad-</span> 
     </span>
    </p>
   </div>
   <div class='ocr_carea' id='block_1_70' title="bbox 2054 2264 3706 2343">
    <p class='ocr_par' dir='ltr' id='par_1_70' title="bbox 2054 2264 3706 2343">
     <span class='ocr_line' id='line_1_70' title="bbox 2054 2264 3706 2343; baseline 0.005 -24"><span class='ocrx_word' id='word_1_503' title='bbox 2054 2264 2177 2319; x_wconf 87' lang='lat' dir='ltr'>dito</span> <span class='ocrx_word' id='word_1_504' title='bbox 2202 2266 2361 2320; x_wconf 92' lang='lat' dir='ltr'>Bono</span> <span class='ocrx_word' id='word_1_505' title='bbox 2384 2265 2652 2336; x_wconf 87' lang='lat' dir='ltr'>patricio,</span> <span class='ocrx_word' id='word_1_506' title='bbox 2670 2267 2795 2322; x_wconf 91' lang='lat' dir='ltr'>viro</span> <span class='ocrx_word' id='word_1_507' title='bbox 2826 2269 3065 2324; x_wconf 89' lang='lat' dir='ltr'>cordato</span> <span class='ocrx_word' id='word_1_508' title='bbox 3080 2270 3356 2342; x_wconf 86' lang='lat' dir='ltr'>variaque</span> <span class='ocrx_word' id='word_1_509' title='bbox 3389 2270 3706 2343; x_wconf 86' lang='lat' dir='ltr'>prudentia</span> 
     </span>
    </p>
   </div>
   <div class='ocr_carea' id='block_1_71' title="bbox 2055 2355 3705 2432">
    <p class='ocr_par' dir='ltr' id='par_1_71' title="bbox 2055 2355 3705 2432">
     <span class='ocr_line' id='line_1_71' title="bbox 2055 2355 3705 2432; baseline 0.006 -26"><span class='ocrx_word' id='word_1_510' title='bbox 2055 2358 2112 2407; x_wconf 93' lang='lat' dir='ltr'>et</span> <span class='ocrx_word' id='word_1_511' title='bbox 2140 2369 2251 2408; x_wconf 91' lang='lat' dir='ltr'>usu</span> <span class='ocrx_word' id='word_1_512' title='bbox 2281 2370 2480 2409; x_wconf 89' lang='lat' dir='ltr'>rerum</span> <span class='ocrx_word' id='word_1_513' title='bbox 2540 2355 2852 2411; x_wconf 89' lang='lat' dir='ltr'>instructo.</span> <span class='ocrx_word' id='word_1_514' title='bbox 2903 2358 3243 2429; x_wconf 82' lang='lat' dir='ltr'>Chaganum</span> <span class='ocrx_word' id='word_1_515' title='bbox 3303 2377 3539 2431; x_wconf 89' lang='lat' dir='ltr'>quoque</span> <span class='ocrx_word' id='word_1_516' title='bbox 3597 2377 3705 2432; x_wconf 89' lang='lat' dir='ltr'>per</span> 
     </span>
    </p>
   </div>
   <div class='ocr_carea' id='block_1_72' title="bbox 2055 2440 3704 2517">
    <p class='ocr_par' dir='ltr' id='par_1_72' title="bbox 2055 2440 3704 2517">
     <span class='ocr_line' id='line_1_72' title="bbox 2055 2440 3704 2517; baseline 0.006 -22"><span class='ocrx_word' id='word_1_517' title='bbox 2055 2440 2284 2496; x_wconf 90' lang='lat' dir='ltr'>litteras</span> <span class='ocrx_word' id='word_1_518' title='bbox 2314 2441 2581 2498; x_wconf 87' lang='lat' dir='ltr'>hortatus</span> <span class='ocrx_word' id='word_1_519' title='bbox 2613 2449 2702 2499; x_wconf 89' lang='lat' dir='ltr'>est</span> <span class='ocrx_word' id='word_1_520' title='bbox 2730 2445 2803 2499; x_wconf 87' lang='lat' dir='ltr'>ad</span> <span class='ocrx_word' id='word_1_521' title='bbox 2834 2446 3248 2517; x_wconf 88' lang='lat' dir='ltr'>opitulandum</span> <span class='ocrx_word' id='word_1_522' title='bbox 3279 2448 3456 2502; x_wconf 87' lang='lat' dir='ltr'>rebus</span> <span class='ocrx_word' id='word_1_523' title='bbox 3488 2451 3704 2505; x_wconf 84' lang='lat' dir='ltr'>Roma-</span> 
     </span>
    </p>
   </div>
   <div class='ocr_carea' id='block_1_73' title="bbox 2055 2531 3701 2608">
    <p class='ocr_par' dir='ltr' id='par_1_73' title="bbox 2055 2531 3701 2608">
     <span class='ocr_line' id='line_1_73' title="bbox 2055 2531 3701 2608; baseline 0.005 -24"><span class='ocrx_word' id='word_1_524' title='bbox 2055 2531 2168 2596; x_wconf 90' lang='lat' dir='ltr'>nis,</span> <span class='ocrx_word' id='word_1_525' title='bbox 2199 2536 2266 2585; x_wconf 92' lang='lat' dir='ltr'>ut</span> <span class='ocrx_word' id='word_1_526' title='bbox 2294 2547 2428 2586; x_wconf 92' lang='lat' dir='ltr'>cum</span> <span class='ocrx_word' id='word_1_527' title='bbox 2456 2548 2572 2602; x_wconf 85' lang='lat' dir='ltr'>quo</span> <span class='ocrx_word' id='word_1_528' title='bbox 2599 2533 2941 2589; x_wconf 88' lang='lat' dir='ltr'>societatem</span> <span class='ocrx_word' id='word_1_529' title='bbox 2973 2535 3288 2603; x_wconf 82' lang='lat' dir='ltr'>firmasset,</span> <span class='ocrx_word' id='word_1_530' title='bbox 3313 2538 3568 2608; x_wconf 87' lang='lat' dir='ltr'>cumque</span> <span class='ocrx_word' id='word_1_531' title='bbox 3591 2537 3701 2592; x_wconf 81' lang='lat' dir='ltr'>filii</span> 
     </span>
    </p>
   </div>
   <div class='ocr_carea' id='block_1_74' title="bbox 2051 2620 3702 2692">
    <p class='ocr_par' dir='ltr' id='par_1_74' title="bbox 2051 2620 3702 2692">
     <span class='ocr_line' id='line_1_74' title="bbox 2051 2620 3702 2692; baseline 0.005 -18"><span class='ocrx_word' id='word_1_532' title='bbox 2051 2620 2141 2674; x_wconf 88' lang='lat' dir='ltr'>sui</span> <span class='ocrx_word' id='word_1_533' title='bbox 2160 2625 2413 2676; x_wconf 90' lang='lat' dir='ltr'>tutorem</span> <span class='ocrx_word' id='word_1_534' title='bbox 2446 2621 2779 2692; x_wconf 88' lang='lat' dir='ltr'>appellavit.</span> <span class='ocrx_word' id='word_1_535' title='bbox 2812 2623 3058 2679; x_wconf 90' lang='lat' dir='ltr'>Interim</span> <span class='ocrx_word' id='word_1_536' title='bbox 3080 2625 3219 2680; x_wconf 89' lang='lat' dir='ltr'>Saes</span> <span class='ocrx_word' id='word_1_537' title='bbox 3241 2641 3276 2680; x_wconf 91' lang='lat' dir='ltr'>a</span> <span class='ocrx_word' id='word_1_538' title='bbox 3295 2625 3551 2681; x_wconf 88' lang='lat' dir='ltr'>Chosroe</span> <span class='ocrx_word' id='word_1_539' title='bbox 3573 2642 3702 2682; x_wconf 86' lang='lat' dir='ltr'>cum</span> 
     </span>
    </p>
   </div>
   <div class='ocr_carea' id='block_1_75' title="bbox 2052 2710 3698 2782">
    <p class='ocr_par' dir='ltr' id='par_1_75' title="bbox 2052 2710 3698 2782">
     <span class='ocr_line' id='line_1_75' title="bbox 2052 2710 3698 2782; baseline 0.005 -19"><span class='ocrx_word' id='word_1_540' title='bbox 2052 2726 2265 2782; x_wconf 88' lang='lat' dir='ltr'>magno</span> <span class='ocrx_word' id='word_1_541' title='bbox 2284 2710 2548 2765; x_wconf 84' lang='lat' dir='ltr'>exercitu</span> <span class='ocrx_word' id='word_1_542' title='bbox 2578 2716 2783 2766; x_wconf 90' lang='lat' dir='ltr'>contra</span> <span class='ocrx_word' id='word_1_543' title='bbox 2804 2714 3100 2768; x_wconf 80' lang='lat' dir='ltr'>Romanos</span> <span class='ocrx_word' id='word_1_544' title='bbox 3116 2714 3334 2769; x_wconf 88' lang='lat' dir='ltr'>missus</span> <span class='ocrx_word' id='word_1_545' title='bbox 3355 2714 3698 2771; x_wconf 83' lang='lat' dir='ltr'>universum</span> 
     </span>
    </p>
   </div>
   <div class='ocr_carea' id='block_1_76' title="bbox 2049 2799 3699 2876">
    <p class='ocr_par' dir='ltr' id='par_1_76' title="bbox 2049 2799 3699 2876">
     <span class='ocr_line' id='line_1_76' title="bbox 2049 2799 3699 2876; baseline 0.004 -22"><span class='ocrx_word' id='word_1_546' title='bbox 2049 2799 2349 2854; x_wconf 87' lang='lat' dir='ltr'>Orientem</span> <span class='ocrx_word' id='word_1_547' title='bbox 2379 2805 2602 2867; x_wconf 86' lang='lat' dir='ltr'>vastat;</span> <span class='ocrx_word' id='word_1_548' title='bbox 2657 2818 2912 2873; x_wconf 89' lang='lat' dir='ltr'>cumque</span> <span class='ocrx_word' id='word_1_549' title='bbox 2941 2803 3016 2857; x_wconf 90' lang='lat' dir='ltr'>ad</span> <span class='ocrx_word' id='word_1_550' title='bbox 3044 2802 3479 2859; x_wconf 89' lang='lat' dir='ltr'>Chalcedonem</span> <span class='ocrx_word' id='word_1_551' title='bbox 3510 2821 3699 2876; x_wconf 89' lang='lat' dir='ltr'>usque</span> 
     </span>
    </p>
   </div>
   <div class='ocr_carea' id='block_1_77' title="bbox 2051 2884 3701 2962">
    <p class='ocr_par' dir='ltr' id='par_1_77' title="bbox 2051 2884 3701 2962">
     <span class='ocr_line' id='line_1_77' title="bbox 2051 2884 3701 2962; baseline 0.005 -20"><span class='ocrx_word' id='word_1_552' title='bbox 2051 2890 2433 2959; x_wconf 87' lang='lat' dir='ltr'>pervenisset,</span> <span class='ocrx_word' id='word_1_553' title='bbox 2478 2891 2557 2945; x_wconf 91' lang='lat' dir='ltr'>ibi</span> <span class='ocrx_word' id='word_1_554' title='bbox 2605 2891 2953 2962; x_wconf 89' lang='lat' dir='ltr'>aliquandiu</span> <span class='ocrx_word' id='word_1_555' title='bbox 3010 2884 3252 2948; x_wconf 86' lang='lat' dir='ltr'>assedit.</span> <span class='ocrx_word' id='word_1_556' title='bbox 3305 2895 3466 2949; x_wconf 90' lang='lat' dir='ltr'>Idem</span> <span class='ocrx_word' id='word_1_557' title='bbox 3522 2895 3701 2950; x_wconf 80' lang='lat' dir='ltr'>Hera-</span> 
     </span>
    </p>
   </div>
   <div class='ocr_carea' id='block_1_78' title="bbox 2049 2978 3701 3055">
    <p class='ocr_par' dir='ltr' id='par_1_78' title="bbox 2049 2978 3701 3055">
     <span class='ocr_line' id='line_1_78' title="bbox 2049 2978 3701 3055; baseline 0.004 -21"><span class='ocrx_word' id='word_1_558' title='bbox 2049 2978 2228 3034; x_wconf 91' lang='lat' dir='ltr'>clium</span> <span class='ocrx_word' id='word_1_559' title='bbox 2259 2980 2536 3035; x_wconf 84' lang='lat' dir='ltr'>simulata</span> <span class='ocrx_word' id='word_1_560' title='bbox 2585 2981 3016 3053; x_wconf 84' lang='lat' dir='ltr'>paciﬁcationis</span> <span class='ocrx_word' id='word_1_561' title='bbox 3047 2999 3150 3054; x_wconf 92' lang='lat' dir='ltr'>spe</span> <span class='ocrx_word' id='word_1_562' title='bbox 3204 2983 3279 3038; x_wconf 91' lang='lat' dir='ltr'>ad</span> <span class='ocrx_word' id='word_1_563' title='bbox 3334 2984 3701 3055; x_wconf 90' lang='lat' dir='ltr'>colloquium</span> 
     </span>
    </p>
   </div>
   <div class='ocr_carea' id='block_1_79' title="bbox 2047 3070 3703 3144">
    <p class='ocr_par' dir='ltr' id='par_1_79' title="bbox 2047 3070 3703 3144">
     <span class='ocr_line' id='line_1_79' title="bbox 2047 3070 3703 3144; baseline 0.004 -19"><span class='ocrx_word' id='word_1_564' title='bbox 2047 3070 2118 3125; x_wconf 91' lang='lat' dir='ltr'>de</span> <span class='ocrx_word' id='word_1_565' title='bbox 2154 3072 2339 3141; x_wconf 86' lang='lat' dir='ltr'>pactis</span> <span class='ocrx_word' id='word_1_566' title='bbox 2382 3072 2671 3127; x_wconf 88' lang='lat' dir='ltr'>invitavit.</span> <span class='ocrx_word' id='word_1_567' title='bbox 2713 3074 2783 3127; x_wconf 90' lang='lat' dir='ltr'>Et</span> <span class='ocrx_word' id='word_1_568' title='bbox 2828 3073 3154 3144; x_wconf 88' lang='lat' dir='ltr'>imperator</span> <span class='ocrx_word' id='word_1_569' title='bbox 3211 3072 3337 3130; x_wconf 90' lang='lat' dir='ltr'>Sais</span> <span class='ocrx_word' id='word_1_570' title='bbox 3394 3074 3703 3131; x_wconf 83' lang='lat' dir='ltr'>fallacibus</span> 
     </span>
    </p>
   </div>
   <div class='ocr_carea' id='block_1_80' title="bbox 2048 3160 3700 3236">
    <p class='ocr_par' dir='ltr' id='par_1_80' title="bbox 2048 3160 3700 3236">
     <span class='ocr_line' id='line_1_80' title="bbox 2048 3160 3700 3236; baseline 0.003 -21"><span class='ocrx_word' id='word_1_571' title='bbox 2048 3160 2240 3215; x_wconf 89' lang='lat' dir='ltr'>verbis</span> <span class='ocrx_word' id='word_1_572' title='bbox 2272 3161 2551 3232; x_wconf 90' lang='lat' dir='ltr'>deceptus</span> <span class='ocrx_word' id='word_1_573' title='bbox 2609 3162 2792 3216; x_wconf 90' lang='lat' dir='ltr'>mittit</span> <span class='ocrx_word' id='word_1_574' title='bbox 2839 3179 2975 3216; x_wconf 89' lang='lat' dir='ltr'>cum</span> <span class='ocrx_word' id='word_1_575' title='bbox 3020 3179 3088 3217; x_wconf 93' lang='lat' dir='ltr'>eo</span> <span class='ocrx_word' id='word_1_576' title='bbox 3129 3167 3197 3218; x_wconf 89' lang='lat'>&#39;70</span> <span class='ocrx_word' id='word_1_577' title='bbox 3225 3164 3295 3218; x_wconf 89' lang='lat' dir='ltr'>de</span> <span class='ocrx_word' id='word_1_578' title='bbox 3354 3164 3700 3236; x_wconf 90' lang='lat' dir='ltr'>proceribus</span> 
     </span>
    </p>
   </div>
   <div class='ocr_carea' id='block_1_81' title="bbox 2044 3250 3699 3322">
    <p class='ocr_par' dir='ltr' id='par_1_81' title="bbox 2044 3250 3699 3322">
     <span class='ocr_line' id='line_1_81' title="bbox 2044 3250 3699 3322; baseline 0.003 -18"><span class='ocrx_word' id='word_1_579' title='bbox 2044 3250 2165 3305; x_wconf 86' lang='lat' dir='ltr'>suis</span> <span class='ocrx_word' id='word_1_580' title='bbox 2198 3250 2419 3322; x_wconf 81' lang='lat' dir='ltr'>legatos</span> <span class='ocrx_word' id='word_1_581' title='bbox 2446 3251 2520 3306; x_wconf 92' lang='lat' dir='ltr'>ad</span> <span class='ocrx_word' id='word_1_582' title='bbox 2564 3251 2905 3319; x_wconf 92' lang='lat' dir='ltr'>Chosroem,</span> <span class='ocrx_word' id='word_1_583' title='bbox 2956 3268 3106 3321; x_wconf 89' lang='lat' dir='ltr'>quos</span> <span class='ocrx_word' id='word_1_584' title='bbox 3136 3253 3275 3308; x_wconf 89' lang='lat' dir='ltr'>Saes</span> <span class='ocrx_word' id='word_1_585' title='bbox 3306 3252 3531 3309; x_wconf 87' lang='lat' dir='ltr'>vinctos</span> <span class='ocrx_word' id='word_1_586' title='bbox 3561 3271 3699 3309; x_wconf 90' lang='lat' dir='ltr'>cum</span> 
     </span>
    </p>
   </div>
   <div class='ocr_carea' id='block_1_82' title="bbox 2043 3339 3694 3400">
    <p class='ocr_par' dir='ltr' id='par_1_82' title="bbox 2043 3339 3694 3400">
     <span class='ocr_line' id='line_1_82' title="bbox 2043 3339 3694 3400; baseline 0.003 -7"><span class='ocrx_word' id='word_1_587' title='bbox 2043 3339 2406 3395; x_wconf 88' lang='lat' dir='ltr'>contumelia</span> <span class='ocrx_word' id='word_1_588' title='bbox 2454 3340 2515 3394; x_wconf 92' lang='lat' dir='ltr'>in</span> <span class='ocrx_word' id='word_1_589' title='bbox 2549 3339 2851 3394; x_wconf 85' lang='lat' dir='ltr'>Persidem</span> <span class='ocrx_word' id='word_1_590' title='bbox 2908 3340 3173 3398; x_wconf 85' lang='lat' dir='ltr'>abduxit.</span> <span class='ocrx_word' id='word_1_591' title='bbox 3235 3341 3348 3397; x_wconf 89' lang='lat' dir='ltr'>Sed</span> <span class='ocrx_word' id='word_1_592' title='bbox 3405 3342 3694 3400; x_wconf 88' lang='lat' dir='ltr'>Chosroes</span> 
     </span>
    </p>
   </div>
   <div class='ocr_carea' id='block_1_83' title="bbox 2043 3428 3696 3503">
    <p class='ocr_par' dir='ltr' id='par_1_83' title="bbox 2043 3428 3696 3503">
     <span class='ocr_line' id='line_1_83' title="bbox 2043 3428 3696 3503; baseline 0.003 -20"><span class='ocrx_word' id='word_1_593' title='bbox 2043 3429 2155 3498; x_wconf 87' lang='lat' dir='ltr'>Sai,</span> <span class='ocrx_word' id='word_1_594' title='bbox 2191 3428 2351 3500; x_wconf 92' lang='lat' dir='ltr'>quod</span> <span class='ocrx_word' id='word_1_595' title='bbox 2383 3429 2719 3484; x_wconf 81' lang='lat' dir='ltr'>Heraclium</span> <span class='ocrx_word' id='word_1_596' title='bbox 2767 3428 3009 3485; x_wconf 87' lang='lat' dir='ltr'>vidisset</span> <span class='ocrx_word' id='word_1_597' title='bbox 3038 3447 3231 3501; x_wconf 88' lang='lat' dir='ltr'>neque</span> <span class='ocrx_word' id='word_1_598' title='bbox 3289 3431 3563 3503; x_wconf 89' lang='lat' dir='ltr'>cepisset,</span> <span class='ocrx_word' id='word_1_599' title='bbox 3590 3449 3696 3488; x_wconf 88' lang='lat' dir='ltr'>cu-</span> 
     </span>
    </p>
   </div>
   <div class='ocr_carea' id='block_1_84' title="bbox 2041 3518 3694 3591">
    <p class='ocr_par' dir='ltr' id='par_1_84' title="bbox 2041 3518 3694 3591">
     <span class='ocr_line' id='line_1_84' title="bbox 2041 3518 3694 3591; baseline 0.004 -19"><span class='ocrx_word' id='word_1_600' title='bbox 2041 3522 2159 3573; x_wconf 90' lang='lat' dir='ltr'>tem</span> <span class='ocrx_word' id='word_1_601' title='bbox 2193 3518 2447 3586; x_wconf 89' lang='lat' dir='ltr'>detrahi,</span> <span class='ocrx_word' id='word_1_602' title='bbox 2491 3518 2714 3591; x_wconf 83' lang='lat' dir='ltr'>legatos</span> <span class='ocrx_word' id='word_1_603' title='bbox 2762 3522 3060 3575; x_wconf 83' lang='lat' dir='ltr'>Romanos</span> <span class='ocrx_word' id='word_1_604' title='bbox 3089 3520 3151 3574; x_wconf 91' lang='lat' dir='ltr'>in</span> <span class='ocrx_word' id='word_1_605' title='bbox 3183 3520 3516 3577; x_wconf 88' lang='lat' dir='ltr'>custodiam</span> <span class='ocrx_word' id='word_1_606' title='bbox 3564 3521 3694 3578; x_wconf 89' lang='lat' dir='ltr'>dari</span> 
     </span>
    </p>
   </div>
   <div class='ocr_carea' id='block_1_85' title="bbox 2041 3609 3688 3682">
    <p class='ocr_par' dir='ltr' id='par_1_85' title="bbox 2041 3609 3688 3682">
     <span class='ocr_line' id='line_1_85' title="bbox 2041 3609 3688 3682; baseline 0.003 -19"><span class='ocrx_word' id='word_1_607' title='bbox 2041 3609 2316 3681; x_wconf 90' lang='lat' dir='ltr'>maleque</span> <span class='ocrx_word' id='word_1_608' title='bbox 2344 3611 2579 3665; x_wconf 88' lang='lat' dir='ltr'>tractari</span> <span class='ocrx_word' id='word_1_609' title='bbox 2629 3610 2828 3682; x_wconf 82' lang='lat' dir='ltr'>jussit.</span> <span class='ocrx_word' id='word_1_610' title='bbox 2884 3610 3083 3666; x_wconf 87' lang='lat' dir='ltr'>Alium</span> <span class='ocrx_word' id='word_1_611' title='bbox 3144 3610 3361 3667; x_wconf 90' lang='lat' dir='ltr'>deinde</span> <span class='ocrx_word' id='word_1_612' title='bbox 3409 3612 3688 3668; x_wconf 87' lang='lat' dir='ltr'>adversus</span> 
     </span>
    </p>
   </div>
   <div class='ocr_carea' id='block_1_86' title="bbox 2042 3698 3689 3768">
    <p class='ocr_par' dir='ltr' id='par_1_86' title="bbox 2042 3698 3689 3768">
     <span class='ocr_line' id='line_1_86' title="bbox 2042 3698 3689 3768; baseline 0.001 -14"><span class='ocrx_word' id='word_1_613' title='bbox 2042 3700 2337 3754; x_wconf 80' lang='lat' dir='ltr'>Romanos</span> <span class='ocrx_word' id='word_1_614' title='bbox 2367 3698 2578 3753; x_wconf 89' lang='lat' dir='ltr'>ducem</span> <span class='ocrx_word' id='word_1_615' title='bbox 2617 3699 2853 3765; x_wconf 88' lang='lat' dir='ltr'>emittit,</span> <span class='ocrx_word' id='word_1_616' title='bbox 2912 3699 3154 3755; x_wconf 91' lang='lat' dir='ltr'>nomine</span> <span class='ocrx_word' id='word_1_617' title='bbox 3213 3701 3551 3756; x_wconf 90' lang='lat' dir='ltr'>Sarbarum.</span> <span class='ocrx_word' id='word_1_618' title='bbox 3578 3702 3689 3768; x_wconf 88' lang='lat' dir='ltr'>Qui</span> 
     </span>
    </p>
   </div>
   <div class='ocr_carea' id='block_1_87' title="bbox 2039 3786 3689 3859">
    <p class='ocr_par' dir='ltr' id='par_1_87' title="bbox 2039 3786 3689 3859">
     <span class='ocr_line' id='line_1_87' title="bbox 2039 3786 3689 3859; baseline 0.002 -18"><span class='ocrx_word' id='word_1_619' title='bbox 2039 3786 2315 3842; x_wconf 82' lang='lat' dir='ltr'>maximis</span> <span class='ocrx_word' id='word_1_620' title='bbox 2345 3804 2479 3842; x_wconf 89' lang='lat' dir='ltr'>cum</span> <span class='ocrx_word' id='word_1_621' title='bbox 2500 3786 2688 3858; x_wconf 89' lang='lat' dir='ltr'>copiis</span> <span class='ocrx_word' id='word_1_622' title='bbox 2720 3788 2923 3841; x_wconf 87' lang='lat' dir='ltr'>Asium</span> <span class='ocrx_word' id='word_1_623' title='bbox 2955 3788 3256 3859; x_wconf 82' lang='lat' dir='ltr'>ingressus</span> <span class='ocrx_word' id='word_1_624' title='bbox 3288 3791 3689 3844; x_wconf 79' lang='lat' dir='ltr'>Romanorum</span> 
     </span>
    </p>
   </div>
   <div class='ocr_carea' id='block_1_88' title="bbox 2040 3874 3689 3946">
    <p class='ocr_par' dir='ltr' id='par_1_88' title="bbox 2040 3874 3689 3946">
     <span class='ocr_line' id='line_1_88' title="bbox 2040 3874 3689 3946; baseline 0.001 -16"><span class='ocrx_word' id='word_1_625' title='bbox 2040 3875 2297 3931; x_wconf 90' lang='lat' dir='ltr'>ditiones</span> <span class='ocrx_word' id='word_1_626' title='bbox 2355 3874 2727 3946; x_wconf 61' lang='lat' dir='ltr'>depraedatus</span> <span class='ocrx_word' id='word_1_627' title='bbox 2784 3879 2892 3930; x_wconf 89' lang='lat' dir='ltr'>est.</span> <span class='ocrx_word' id='word_1_628' title='bbox 2953 3876 3244 3931; x_wconf 67' lang='lat' dir='ltr'>Caaterum</span> <span class='ocrx_word' id='word_1_629' title='bbox 3291 3876 3596 3931; x_wconf 86' lang='lat' dir='ltr'>Heraclius</span> <span class='ocrx_word' id='word_1_630' title='bbox 3626 3878 3689 3932; x_wconf 91' lang='lat' dir='ltr'>in</span> 
     </span>
    </p>
   </div>
   <div class='ocr_carea' id='block_1_89' title="bbox 2044 3964 3690 4036">
    <p class='ocr_par' dir='ltr' id='par_1_89' title="bbox 2044 3964 3690 4036">
     <span class='ocr_line' id='line_1_89' title="bbox 2044 3964 3690 4036; baseline 0 -17"><span class='ocrx_word' id='word_1_631' title='bbox 2044 3964 2346 4019; x_wconf 88' lang='lat' dir='ltr'>Persidem</span> <span class='ocrx_word' id='word_1_632' title='bbox 2382 3964 2573 4019; x_wconf 89' lang='lat' dir='ltr'>iturus</span> <span class='ocrx_word' id='word_1_633' title='bbox 2622 3965 2704 4019; x_wconf 86' lang='lat' dir='ltr'>ita</span> <span class='ocrx_word' id='word_1_634' title='bbox 2759 3964 3075 4035; x_wconf 90' lang='lat' dir='ltr'>compellat</span> <span class='ocrx_word' id='word_1_635' title='bbox 3130 3964 3566 4036; x_wconf 87' lang='lat' dir='ltr'>patriarcham:</span> <span class='ocrx_word' id='word_1_636' title='bbox 3623 3966 3690 4020; x_wconf 89' lang='lat' dir='ltr'>In</span> 
     </span>
    </p>
   </div>
   <div class='ocr_carea' id='block_1_90' title="bbox 2043 4053 3689 4127">
    <p class='ocr_par' dir='ltr' id='par_1_90' title="bbox 2043 4053 3689 4127">
     <span class='ocr_line' id='line_1_90' title="bbox 2043 4053 3689 4127; baseline -0.001 -16"><span class='ocrx_word' id='word_1_637' title='bbox 2043 4056 2319 4112; x_wconf 89' lang='lat' dir='ltr'>manibus</span> <span class='ocrx_word' id='word_1_638' title='bbox 2348 4054 2473 4123; x_wconf 88' lang='lat' dir='ltr'>Dei,</span> <span class='ocrx_word' id='word_1_639' title='bbox 2511 4054 2770 4127; x_wconf 70' lang='lat' dir='ltr'>Deiparas</span> <span class='ocrx_word' id='word_1_640' title='bbox 2794 4059 2852 4109; x_wconf 90' lang='lat' dir='ltr'>et</span> <span class='ocrx_word' id='word_1_641' title='bbox 2868 4054 2985 4109; x_wconf 91' lang='lat' dir='ltr'>tuis</span> <span class='ocrx_word' id='word_1_642' title='bbox 3007 4053 3282 4125; x_wconf 88' lang='lat' dir='ltr'>relinquo</span> <span class='ocrx_word' id='word_1_643' title='bbox 3308 4054 3517 4110; x_wconf 87' lang='lat' dir='ltr'>urbem</span> <span class='ocrx_word' id='word_1_644' title='bbox 3536 4055 3689 4110; x_wconf 90' lang='lat' dir='ltr'>hanc</span> 
     </span>
    </p>
   </div>
   <div class='ocr_carea' id='block_1_91' title="bbox 2045 4142 3688 4217">
    <p class='ocr_par' dir='ltr' id='par_1_91' title="bbox 2045 4142 3688 4217">
     <span class='ocr_line' id='line_1_91' title="bbox 2045 4142 3688 4217; baseline -0.002 -16"><span class='ocrx_word' id='word_1_645' title='bbox 2045 4151 2104 4201; x_wconf 89' lang='lat' dir='ltr'>et</span> <span class='ocrx_word' id='word_1_646' title='bbox 2130 4145 2318 4201; x_wconf 85' lang='lat' dir='ltr'>ﬁlium</span> <span class='ocrx_word' id='word_1_647' title='bbox 2349 4160 2569 4200; x_wconf 88' lang='lat' dir='ltr'>meum.</span> <span class='ocrx_word' id='word_1_648' title='bbox 2603 4142 2743 4199; x_wconf 90' lang='lat' dir='ltr'>Inde</span> <span class='ocrx_word' id='word_1_649' title='bbox 2776 4160 3053 4217; x_wconf 85' lang='lat' dir='ltr'>magnum</span> <span class='ocrx_word' id='word_1_650' title='bbox 3073 4143 3360 4214; x_wconf 87' lang='lat' dir='ltr'>templum</span> <span class='ocrx_word' id='word_1_651' title='bbox 3387 4142 3688 4216; x_wconf 84' lang='lat' dir='ltr'>ingressus</span> 
     </span>
    </p>
   </div>
   <div class='ocr_carea' id='block_1_92' title="bbox 2044 4232 3691 4305">
    <p class='ocr_par' dir='ltr' id='par_1_92' title="bbox 2044 4232 3691 4305">
     <span class='ocr_line' id='line_1_92' title="bbox 2044 4232 3691 4305; baseline -0.002 -14"><span class='ocrx_word' id='word_1_652' title='bbox 2044 4240 2270 4292; x_wconf 85' lang='lat' dir='ltr'>atratus</span> <span class='ocrx_word' id='word_1_653' title='bbox 2299 4234 2550 4301; x_wconf 90' lang='lat' dir='ltr'>calceos,</span> <span class='ocrx_word' id='word_1_654' title='bbox 2582 4250 2805 4305; x_wconf 90' lang='lat' dir='ltr'>pronus</span> <span class='ocrx_word' id='word_1_655' title='bbox 2837 4232 3168 4305; x_wconf 89' lang='lat' dir='ltr'>procubuit,</span> <span class='ocrx_word' id='word_1_656' title='bbox 3195 4233 3393 4304; x_wconf 90' lang='lat' dir='ltr'>itaque</span> <span class='ocrx_word' id='word_1_657' title='bbox 3443 4238 3533 4288; x_wconf 90' lang='lat' dir='ltr'>est</span> <span class='ocrx_word' id='word_1_658' title='bbox 3560 4248 3691 4303; x_wconf 82' lang='lat' dir='ltr'>pre-</span> 
     </span>
    </p>
   </div>
   <div class='ocr_carea' id='block_1_93' title="bbox 2045 4321 3689 4394">
    <p class='ocr_par' dir='ltr' id='par_1_93' title="bbox 2045 4321 3689 4394">
     <span class='ocr_line' id='line_1_93' title="bbox 2045 4321 3689 4394; baseline -0.003 -14"><span class='ocrx_word' id='word_1_659' title='bbox 2045 4328 2213 4380; x_wconf 88' lang='lat' dir='ltr'>catus</span> <span class='ocrx_word' id='word_1_660' title='bbox 2239 4366 2252 4391; x_wconf 90' lang='lat'>,</span> <span class='ocrx_word' id='word_1_661' title='bbox 2284 4322 2529 4377; x_wconf 90' lang='lat' dir='ltr'>Domine</span> <span class='ocrx_word' id='word_1_662' title='bbox 2561 4323 2734 4389; x_wconf 91' lang='lat' dir='ltr'>Deus,</span> <span class='ocrx_word' id='word_1_663' title='bbox 2759 4325 2819 4377; x_wconf 90' lang='lat' dir='ltr'>et</span> <span class='ocrx_word' id='word_1_664' title='bbox 2844 4322 2983 4377; x_wconf 88' lang='lat' dir='ltr'>Jesu</span> <span class='ocrx_word' id='word_1_665' title='bbox 3002 4321 3253 4390; x_wconf 82' lang='lat' dir='ltr'>Christe,</span> <span class='ocrx_word' id='word_1_666' title='bbox 3285 4337 3360 4377; x_wconf 89' lang='lat' dir='ltr'>ne</span> <span class='ocrx_word' id='word_1_667' title='bbox 3391 4337 3493 4377; x_wconf 88' lang='lat' dir='ltr'>eos</span> <span class='ocrx_word' id='word_1_668' title='bbox 3510 4338 3689 4394; x_wconf 89' lang='lat' dir='ltr'>prop-</span> 
     </span>
    </p>
   </div>
   <div class='ocr_carea' id='block_1_94' title="bbox 2044 4409 3692 4486">
    <p class='ocr_par' dir='ltr' id='par_1_94' title="bbox 2044 4409 3692 4486">
     <span class='ocr_line' id='line_1_94' title="bbox 2044 4409 3692 4486; baseline -0.002 -17"><span class='ocrx_word' id='word_1_669' title='bbox 2044 4419 2177 4486; x_wconf 88' lang='lat' dir='ltr'>pter</span> <span class='ocrx_word' id='word_1_670' title='bbox 2208 4417 2448 4485; x_wconf 88' lang='lat' dir='ltr'>peccata</span> <span class='ocrx_word' id='word_1_671' title='bbox 2476 4415 2681 4467; x_wconf 90' lang='lat' dir='ltr'>nostra</span> <span class='ocrx_word' id='word_1_672' title='bbox 2727 4410 2997 4467; x_wconf 88' lang='lat' dir='ltr'>hostibus</span> <span class='ocrx_word' id='word_1_673' title='bbox 3029 4410 3145 4466; x_wconf 90' lang='lat' dir='ltr'>tuis</span> <span class='ocrx_word' id='word_1_674' title='bbox 3174 4409 3510 4466; x_wconf 90' lang='lat' dir='ltr'>irridendos</span> <span class='ocrx_word' id='word_1_675' title='bbox 3540 4428 3692 4482; x_wconf 66' lang='lat' dir='ltr'>pras-</span> 
     </span>
    </p>
   </div>
   <div class='ocr_carea' id='block_1_95' title="bbox 2046 4500 3692 4561">
    <p class='ocr_par' dir='ltr' id='par_1_95' title="bbox 2046 4500 3692 4561">
     <span class='ocr_line' id='line_1_95' title="bbox 2046 4500 3692 4561; baseline -0.003 0"><span class='ocrx_word' id='word_1_676' title='bbox 2046 4505 2187 4561; x_wconf 89' lang='lat' dir='ltr'>beas</span> <span class='ocrx_word' id='word_1_677' title='bbox 2214 4520 2227 4557; x_wconf 88' lang='lat'><strong>:</strong></span> <span class='ocrx_word' id='word_1_678' title='bbox 2260 4502 2364 4557; x_wconf 89' lang='lat' dir='ltr'>sed</span> <span class='ocrx_word' id='word_1_679' title='bbox 2395 4502 2627 4557; x_wconf 90' lang='lat' dir='ltr'>intuere</span> <span class='ocrx_word' id='word_1_680' title='bbox 2678 4501 2826 4556; x_wconf 75' lang='lat'>719</span> <span class='ocrx_word' id='word_1_681' title='bbox 2860 4500 2923 4556; x_wconf 91' lang='lat' dir='ltr'>in</span> <span class='ocrx_word' id='word_1_682' title='bbox 2955 4518 3063 4556; x_wconf 88' lang='lat' dir='ltr'>nos</span> <span class='ocrx_word' id='word_1_683' title='bbox 3094 4517 3160 4555; x_wconf 91' lang='lat' dir='ltr'>ac</span> <span class='ocrx_word' id='word_1_684' title='bbox 3216 4501 3498 4556; x_wconf 89' lang='lat' dir='ltr'>miserere</span> <span class='ocrx_word' id='word_1_685' title='bbox 3554 4517 3692 4556; x_wconf 90' lang='lat' dir='ltr'>nos-</span> 
     </span>
    </p>
   </div>
   <div class='ocr_carea' id='block_1_96' title="bbox 289 4565 1941 4661">
    <p class='ocr_par' dir='ltr' id='par_1_96' title="bbox 289 4565 1939 4654">
     <span class='ocr_line' id='line_1_96' title="bbox 289 4565 1939 4654; baseline -0.005 -14"><span class='ocrx_word' id='word_1_686' title='bbox 289 4580 494 4645; x_wconf 81' lang='grc' dir='ltr'>ὅνειδος</span> <span class='ocrx_word' id='word_1_687' title='bbox 536 4565 652 4643; x_wconf 84' lang='grc' dir='ltr'>τοῖς</span> <span class='ocrx_word' id='word_1_688' title='bbox 709 4578 934 4654; x_wconf 84' lang='grc' dir='ltr'>ἐχθροῖς</span> <span class='ocrx_word' id='word_1_689' title='bbox 995 4598 1091 4631; x_wconf 90' lang='grc' dir='ltr'>σου</span> <span class='ocrx_word' id='word_1_690' title='bbox 1153 4573 1242 4630; x_wconf 86' lang='grc' dir='ltr'>διὰ</span> <span class='ocrx_word' id='word_1_691' title='bbox 1306 4576 1405 4638; x_wconf 83' lang='grc' dir='ltr'>τὰς</span> <span class='ocrx_word' id='word_1_692' title='bbox 1458 4575 1728 4649; x_wconf 75' lang='grc' dir='ltr'>ἁμαρτίας</span> <span class='ocrx_word' id='word_1_693' title='bbox 1754 4579 1939 4651; x_wconf 69' lang='grc' dir='ltr'>ἡμῶν,</span> 
     </span>
    </p>
   </div>
   <div class='ocr_carea' id='block_1_97' title="bbox 2051 4565 3693 4661">
    <p class='ocr_par' dir='ltr' id='par_1_97' title="bbox 2051 4589 3693 4661">
     <span class='ocr_line' id='line_1_97' title="bbox 2051 4589 3693 4661; baseline -0.001 -13"><span class='ocrx_word' id='word_1_694' title='bbox 2051 4599 2226 4661; x_wconf 90' lang='lat' dir='ltr'>trum,</span> <span class='ocrx_word' id='word_1_695' title='bbox 2266 4609 2335 4648; x_wconf 88' lang='lat' dir='ltr'>ac</span> <span class='ocrx_word' id='word_1_696' title='bbox 2354 4590 2655 4648; x_wconf 88' lang='lat' dir='ltr'>victoriam</span> <span class='ocrx_word' id='word_1_697' title='bbox 2688 4590 2760 4645; x_wconf 92' lang='lat' dir='ltr'>de</span> <span class='ocrx_word' id='word_1_698' title='bbox 2805 4590 3075 4645; x_wconf 87' lang='lat' dir='ltr'>hostibus</span> <span class='ocrx_word' id='word_1_699' title='bbox 3135 4589 3251 4645; x_wconf 92' lang='lat' dir='ltr'>tuis</span> <span class='ocrx_word' id='word_1_700' title='bbox 3306 4590 3585 4659; x_wconf 89' lang='lat' dir='ltr'>concede,</span> <span class='ocrx_word' id='word_1_701' title='bbox 3615 4606 3693 4647; x_wconf 90' lang='lat' dir='ltr'>ne</span> 
     </span>
    </p>
   </div>
   <div class='ocr_carea' id='block_1_98' title="bbox 287 4664 1937 4743">
    <p class='ocr_par' dir='ltr' id='par_1_98' title="bbox 287 4664 1937 4743">
     <span class='ocr_line' id='line_1_98' title="bbox 287 4664 1937 4743; baseline -0.006 -14"><span class='ocrx_word' id='word_1_702' title='bbox 287 4672 410 4729; x_wconf 83' lang='grc' dir='ltr'>ἀλλ’</span> <span class='ocrx_word' id='word_1_703' title='bbox 461 4665 763 4743; x_wconf 77' lang='grc' dir='ltr'>ἐπιϐλέψας</span> <span class='ocrx_word' id='word_1_704' title='bbox 816 4666 1063 4738; x_wconf 83' lang='grc' dir='ltr'>ἐλέησον,</span> <span class='ocrx_word' id='word_1_705' title='bbox 1093 4664 1315 4733; x_wconf 75' lang='grc' dir='ltr'>καὶτὴν</span> <span class='ocrx_word' id='word_1_706' title='bbox 1367 4665 1503 4720; x_wconf 83' lang='grc' dir='ltr'>κατὰ</span> <span class='ocrx_word' id='word_1_707' title='bbox 1559 4668 1667 4720; x_wconf 80' lang='grc' dir='ltr'>τῶν</span> <span class='ocrx_word' id='word_1_708' title='bbox 1723 4666 1937 4741; x_wconf 77' lang='grc' dir='ltr'>ἐχθρῶν</span> 
     </span>
    </p>
   </div>
   <div class='ocr_carea' id='block_1_99' title="bbox 283 4753 1934 4831">
    <p class='ocr_par' dir='ltr' id='par_1_99' title="bbox 283 4753 1934 4831">
     <span class='ocr_line' id='line_1_99' title="bbox 283 4753 1934 4831; baseline -0.005 -13"><span class='ocrx_word' id='word_1_709' title='bbox 283 4785 377 4818; x_wconf 79' lang='grc' dir='ltr'>σου</span> <span class='ocrx_word' id='word_1_710' title='bbox 408 4760 562 4831; x_wconf 91' lang='grc' dir='ltr'>νίκην</span> <span class='ocrx_word' id='word_1_711' title='bbox 619 4757 710 4821; x_wconf 88' lang='grc' dir='ltr'>δὸς</span> <span class='ocrx_word' id='word_1_712' title='bbox 758 4759 894 4830; x_wconf 82' lang='grc' dir='ltr'>ἡμῖν</span> <span class='ocrx_word' id='word_1_713' title='bbox 952 4754 1104 4817; x_wconf 75' lang='grc' dir='ltr'>ὅπως</span> <span class='ocrx_word' id='word_1_714' title='bbox 1167 4753 1244 4827; x_wconf 76' lang='grc' dir='ltr'>μὴ</span> <span class='ocrx_word' id='word_1_715' title='bbox 1311 4755 1685 4829; x_wconf 74' lang='grc' dir='ltr'>καυχήσονται</span> <span class='ocrx_word' id='word_1_716' title='bbox 1716 4755 1769 4809; x_wconf 76' lang='grc' dir='ltr'>οἱ</span> <span class='ocrx_word' id='word_1_717' title='bbox 1800 4753 1934 4811; x_wconf 80' lang='grc' dir='ltr'>ἁλὰ-</span> 
     </span>
    </p>
   </div>
   <div class='ocr_carea' id='block_1_100' title="bbox 286 4841 1932 4919">
    <p class='ocr_par' dir='ltr' id='par_1_100' title="bbox 286 4841 1932 4919">
     <span class='ocr_line' id='line_1_100' title="bbox 286 4841 1932 4919; baseline -0.005 -12"><span class='ocrx_word' id='word_1_718' title='bbox 286 4872 469 4913; x_wconf 87' lang='grc' dir='ltr'>στοσες</span> <span class='ocrx_word' id='word_1_719' title='bbox 520 4848 657 4904; x_wconf 84' lang='grc' dir='ltr'>κατὰ</span> <span class='ocrx_word' id='word_1_720' title='bbox 706 4854 809 4916; x_wconf 83' lang='grc' dir='ltr'>τῆς</span> <span class='ocrx_word' id='word_1_721' title='bbox 864 4852 966 4915; x_wconf 83' lang='grc' dir='ltr'>σῆς</span> <span class='ocrx_word' id='word_1_722' title='bbox 1016 4841 1395 4918; x_wconf 82' lang='grc' dir='ltr'>κληρονομίας</span> <span class='ocrx_word' id='word_1_723' title='bbox 1449 4842 1800 4919; x_wconf 75' lang='grc' dir='ltr'>ἐπαράμενοι.</span> <span class='ocrx_word' id='word_1_724' title='bbox 1831 4848 1932 4904; x_wconf 78' lang='lat' dir='ltr'>&quot;Ov</span> 
     </span>
    </p>
   </div>
   <div class='ocr_carea' id='block_1_101' title="bbox 283 4931 1933 5013">
    <p class='ocr_par' dir='ltr' id='par_1_101' title="bbox 283 4931 1933 5013">
     <span class='ocr_line' id='line_1_101' title="bbox 283 4931 1933 5013; baseline -0.004 -17"><span class='ocrx_word' id='word_1_725' title='bbox 283 4939 409 4997; x_wconf 82' lang='grc' dir='ltr'>ίδὼν</span> <span class='ocrx_word' id='word_1_726' title='bbox 438 4939 713 5013; x_wconf 84' lang='grc' dir='ltr'>Γεώργιος</span> <span class='ocrx_word' id='word_1_727' title='bbox 738 4937 766 4991; x_wconf 88' lang='lat'>6</span> <span class='ocrx_word' id='word_1_728' title='bbox 799 4931 1059 5003; x_wconf 80' lang='grc' dir='ltr'>ΙΙισσίδης</span> <span class='ocrx_word' id='word_1_729' title='bbox 1092 4934 1225 5006; x_wconf 84' lang='grc' dir='ltr'>μετὰ</span> <span class='ocrx_word' id='word_1_730' title='bbox 1254 4932 1513 5003; x_wconf 80' lang='grc' dir='ltr'>τοιαύτης</span> <span class='ocrx_word' id='word_1_731' title='bbox 1558 4934 1933 4998; x_wconf 82' lang='grc' dir='ltr'>ταπεινώσεως</span> 
     </span>
    </p>
   </div>
   <div class='ocr_carea' id='block_1_102' title="bbox 275 5018 1928 5106">
    <p class='ocr_par' dir='ltr' id='par_1_102' title="bbox 275 5018 1928 5106">
     <span class='ocr_line' id='line_1_102' title="bbox 275 5018 1928 5106; baseline 0.009 -41"><span class='ocrx_word' id='word_1_732' title='bbox 275 5030 398 5106; x_wconf 62' lang='grc' dir='ltr'><strong>σέφη.</strong></span> <span class='ocrx_word' id='word_1_733' title='bbox 438 5035 507 5085; x_wconf 69' lang='grc' dir='ltr'><strong>Ὠ</strong></span> <span class='ocrx_word' id='word_1_734' title='bbox 539 5027 787 5105; x_wconf 74' lang='grc' dir='ltr'>βασιλεῦ,</span> <span class='ocrx_word' id='word_1_735' title='bbox 820 5024 1002 5099; x_wconf 86' lang='grc' dir='ltr'>μελεμ</span> <span class='ocrx_word' id='word_1_736' title='bbox 1018 5021 1186 5101; x_wconf 75' lang='grc' dir='ltr'>δαφές</span> <span class='ocrx_word' id='word_1_737' title='bbox 1236 5018 1462 5078; x_wconf 74' lang='grc' dir='ltr'>πέδιλον</span> <span class='ocrx_word' id='word_1_738' title='bbox 1522 5021 1726 5094; x_wconf 78' lang='grc' dir='ltr'>εἲλίξας</span> <span class='ocrx_word' id='word_1_739' title='bbox 1765 5020 1928 5095; x_wconf 85' lang='grc' dir='ltr'>πόδα,</span> 
     </span>
    </p>
   </div>
   <div class='ocr_carea' id='block_1_103' title="bbox 285 5108 1930 5197">
    <p class='ocr_par' dir='ltr' id='par_1_103' title="bbox 285 5108 1930 5197">
     <span class='ocr_line' id='line_1_103' title="bbox 285 5108 1930 5197; baseline -0.013 -20"><span class='ocrx_word' id='word_1_740' title='bbox 285 5122 480 5197; x_wconf 77' lang='grc' dir='ltr'>βάψαις</span> <span class='ocrx_word' id='word_1_741' title='bbox 540 5117 759 5192; x_wconf 83' lang='grc' dir='ltr'>ἐρυθρὸν</span> <span class='ocrx_word' id='word_1_742' title='bbox 829 5113 1106 5190; x_wconf 79' lang='grc' dir='ltr'>Περσικῶν</span> <span class='ocrx_word' id='word_1_743' title='bbox 1155 5111 1206 5185; x_wconf 78' lang='grc' dir='ltr'>ἐξ</span> <span class='ocrx_word' id='word_1_744' title='bbox 1286 5109 1555 5185; x_wconf 80' lang='grc' dir='ltr'>αἱμάτων,</span> <span class='ocrx_word' id='word_1_745' title='bbox 1627 5108 1823 5170; x_wconf 74' lang='grc' dir='ltr'>Λαϐὼν</span> <span class='ocrx_word' id='word_1_746' title='bbox 1871 5112 1930 5170; x_wconf 71' lang='grc' dir='ltr'>δδ</span> 
     </span>
    </p>
   </div>
   <div class='ocr_carea' id='block_1_104' title="bbox 350 5235 807 5296">
    <p class='ocr_par' dir='ltr' id='par_1_104' title="bbox 350 5235 807 5296">
     <span class='ocr_line' id='line_1_104' title="bbox 350 5235 807 5296; baseline -0.013 1"><span class='ocrx_word' id='word_1_747' title='bbox 350 5240 395 5279; x_wconf 68' lang='grc'>³³</span> <span class='ocrx_word' id='word_1_748' title='bbox 426 5243 536 5296; x_wconf 88' lang='lat' dir='ltr'>Isa.</span> <span class='ocrx_word' id='word_1_749' title='bbox 571 5253 688 5293; x_wconf 81' lang='lat' dir='ltr'>xm</span> <span class='ocrx_word' id='word_1_750' title='bbox 721 5235 807 5291; x_wconf 86' lang='grc'>16.</span> 
     </span>
    </p>
   </div>
   <div class='ocr_carea' id='block_1_105' title="bbox 2047 4678 3687 4759">
    <p class='ocr_par' dir='ltr' id='par_1_105' title="bbox 2047 4678 3687 4759">
     <span class='ocr_line' id='line_1_105' title="bbox 2047 4678 3687 4759; baseline -0.003 -19"><span class='ocrx_word' id='word_1_751' title='bbox 2047 4684 2372 4759; x_wconf 81' lang='lat' dir='ltr'>glorientur</span> <span class='ocrx_word' id='word_1_752' title='bbox 2398 4680 2671 4737; x_wconf 89' lang='lat' dir='ltr'>scelerati</span> <span class='ocrx_word' id='word_1_753' title='bbox 2701 4687 2760 4735; x_wconf 91' lang='lat' dir='ltr'>et</span> <span class='ocrx_word' id='word_1_754' title='bbox 2814 4686 2928 4734; x_wconf 64' lang='lat' dir='ltr'>tua:</span> <span class='ocrx_word' id='word_1_755' title='bbox 2986 4678 3275 4735; x_wconf 88' lang='lat' dir='ltr'>insultent</span> <span class='ocrx_word' id='word_1_756' title='bbox 3332 4680 3687 4735; x_wconf 72' lang='lat' dir='ltr'>hmreditati.</span> 
     </span>
    </p>
   </div>
   <div class='ocr_carea' id='block_1_106' title="bbox 2048 4768 3689 4839">
    <p class='ocr_par' dir='ltr' id='par_1_106' title="bbox 2048 4768 3689 4839">
     <span class='ocr_line' id='line_1_106' title="bbox 2048 4768 3689 4839; baseline -0.006 -8"><span class='ocrx_word' id='word_1_757' title='bbox 2048 4777 2211 4831; x_wconf 77' lang='lat' dir='ltr'>Hunc</span> <span class='ocrx_word' id='word_1_758' title='bbox 2240 4774 2323 4828; x_wconf 92' lang='lat' dir='ltr'>ita</span> <span class='ocrx_word' id='word_1_759' title='bbox 2350 4772 2549 4828; x_wconf 80' lang='lat' dir='ltr'>animo</span> <span class='ocrx_word' id='word_1_760' title='bbox 2581 4770 2839 4826; x_wconf 88' lang='lat' dir='ltr'>demisso</span> <span class='ocrx_word' id='word_1_761' title='bbox 2880 4774 3143 4827; x_wconf 90' lang='lat' dir='ltr'>orantem</span> <span class='ocrx_word' id='word_1_762' title='bbox 3174 4769 3381 4825; x_wconf 90' lang='lat' dir='ltr'>videns</span> <span class='ocrx_word' id='word_1_763' title='bbox 3411 4768 3689 4839; x_wconf 87' lang='lat' dir='ltr'>Georgius</span> 
     </span>
    </p>
   </div>
   <div class='ocr_carea' id='block_1_107' title="bbox 2044 4860 2983 4920">
    <p class='ocr_par' dir='ltr' id='par_1_107' title="bbox 2044 4860 2983 4920">
     <span class='ocr_line' id='line_1_107' title="bbox 2044 4860 2983 4920; baseline -0.006 0"><span class='ocrx_word' id='word_1_764' title='bbox 2044 4863 2400 4920; x_wconf 90' lang='lat' dir='ltr'>Pissidensis</span> <span class='ocrx_word' id='word_1_765' title='bbox 2430 4862 2513 4917; x_wconf 87' lang='lat' dir='ltr'>ita</span> <span class='ocrx_word' id='word_1_766' title='bbox 2538 4860 2830 4915; x_wconf 89' lang='lat' dir='ltr'>allocutus</span> <span class='ocrx_word' id='word_1_767' title='bbox 2861 4865 2983 4914; x_wconf 92' lang='lat' dir='ltr'>est:</span> 
     </span>
    </p>
   </div>
   <div class='ocr_carea' id='block_1_108' title="bbox 2186 4946 3423 5021">
    <p class='ocr_par' dir='ltr' id='par_1_108' title="bbox 2186 4946 3423 5021">
     <span class='ocr_line' id='line_1_108' title="bbox 2186 4946 3423 5021; baseline -0.006 -14"><span class='ocrx_word' id='word_1_768' title='bbox 2186 4952 2417 5021; x_wconf 83' lang='lat' dir='ltr'>Nigrum</span> <span class='ocrx_word' id='word_1_769' title='bbox 2445 4952 2745 5021; x_wconf 76' lang='lat' dir='ltr'>imperator</span> <span class='ocrx_word' id='word_1_770' title='bbox 2770 4964 2919 5003; x_wconf 85' lang='lat' dir='ltr'>nunc</span> <span class='ocrx_word' id='word_1_771' title='bbox 2945 4946 3135 5021; x_wconf 65' lang='lat' dir='ltr'>indute</span> <span class='ocrx_word' id='word_1_772' title='bbox 3163 4947 3423 5021; x_wconf 76' lang='lat' dir='ltr'>calceum,</span> 
     </span>
    </p>
   </div>
   <div class='ocr_carea' id='block_1_109' title="bbox 2180 5019 3283 5091">
    <p class='ocr_par' dir='ltr' id='par_1_109' title="bbox 2180 5019 3283 5091">
     <span class='ocr_line' id='line_1_109' title="bbox 2180 5019 3283 5091; baseline -0.009 -11"><span class='ocrx_word' id='word_1_773' title='bbox 2180 5019 2533 5091; x_wconf 68' lang='lat' dir='ltr'>Rubefacies,</span> <span class='ocrx_word' id='word_1_774' title='bbox 2560 5021 2794 5076; x_wconf 83' lang='lat' dir='ltr'>tinctum</span> <span class='ocrx_word' id='word_1_775' title='bbox 2824 5034 3018 5074; x_wconf 80' lang='lat' dir='ltr'>cruore</span> <span class='ocrx_word' id='word_1_776' title='bbox 3047 5019 3283 5073; x_wconf 81' lang='lat' dir='ltr'>Persico.</span> 
     </span>
    </p>
   </div>
   <div class='ocr_carea' id='block_1_110' title="bbox 2038 5104 3684 5178">
    <p class='ocr_par' dir='ltr' id='par_1_110' title="bbox 2038 5104 3684 5178">
     <span class='ocr_line' id='line_1_110' title="bbox 2038 5104 3684 5178; baseline -0.005 -8"><span class='ocrx_word' id='word_1_777' title='bbox 2038 5113 2179 5170; x_wconf 90' lang='lat' dir='ltr'>Inde</span> <span class='ocrx_word' id='word_1_778' title='bbox 2212 5111 2516 5169; x_wconf 83' lang='lat' dir='ltr'>Heraclius</span> <span class='ocrx_word' id='word_1_779' title='bbox 2546 5110 2608 5165; x_wconf 92' lang='lat' dir='ltr'>in</span> <span class='ocrx_word' id='word_1_780' title='bbox 2651 5124 2864 5165; x_wconf 88' lang='lat' dir='ltr'>manus</span> <span class='ocrx_word' id='word_1_781' title='bbox 2895 5110 3132 5178; x_wconf 89' lang='lat' dir='ltr'>sumpta</span> <span class='ocrx_word' id='word_1_782' title='bbox 3158 5104 3372 5161; x_wconf 86' lang='lat' dir='ltr'>Christi</span> <span class='ocrx_word' id='word_1_783' title='bbox 3402 5105 3684 5178; x_wconf 86' lang='lat' dir='ltr'>imagine,</span> 
     </span>
    </p>
   </div>
   <div class='ocr_carea' id='block_1_111' title="bbox 1478 5353 2473 5414">
    <p class='ocr_par' dir='ltr' id='par_1_111' title="bbox 1478 5353 2473 5414">
     <span class='ocr_line' id='line_1_111' title="bbox 1478 5353 2473 5414; baseline -0.005 -2"><span class='ocrx_word' id='word_1_784' title='bbox 1478 5357 1840 5414; x_wconf 83' lang='lat' dir='ltr'>XYLANDRI</span> <span class='ocrx_word' id='word_1_785' title='bbox 1879 5358 1967 5413; x_wconf 86' lang='lat' dir='ltr'>ET</span> <span class='ocrx_word' id='word_1_786' title='bbox 2005 5353 2217 5412; x_wconf 83' lang='lat' dir='ltr'><strong>GOARI</strong></span> <span class='ocrx_word' id='word_1_787' title='bbox 2250 5353 2473 5412; x_wconf 73' lang='grc' dir='ltr'>ΝΟΤᾸΞΞ.</span> 
     </span>
    </p>
   </div>
   <div class='ocr_carea' id='block_1_112' title="bbox 346 5473 1711 5555">
    <p class='ocr_par' dir='ltr' id='par_1_112' title="bbox 346 5473 1711 5555">
     <span class='ocr_line' id='line_1_112' title="bbox 346 5473 1711 5555; baseline -0.005 -21"><span class='ocrx_word' id='word_1_788' title='bbox 346 5481 455 5555; x_wconf 81' lang='lat'>(36)</span> <span class='ocrx_word' id='word_1_789' title='bbox 487 5480 672 5555; x_wconf 54' lang='lat' dir='ltr'>Decus</span> <span class='ocrx_word' id='word_1_790' title='bbox 703 5476 965 5555; x_wconf 87' lang='lat' dir='ltr'>_muti_bus</span> <span class='ocrx_word' id='word_1_791' title='bbox 994 5479 1053 5531; x_wconf 83' lang='lat' dir='ltr'>et</span> <span class='ocrx_word' id='word_1_792' title='bbox 1076 5473 1340 5555; x_wconf 77' lang='lat' dir='ltr'>divitoris</span> <span class='ocrx_word' id='word_1_793' title='bbox 1371 5475 1711 5555; x_wconf 75' lang='lat' dir='ltr'>egen_s.Xv_i_..</span> 
     </span>
    </p>
   </div>
   <div class='ocr_carea' id='block_1_113' title="bbox 2100 5465 3677 5541">
    <p class='ocr_par' dir='ltr' id='par_1_113' title="bbox 2100 5465 3677 5541">
     <span class='ocr_line' id='line_1_113' title="bbox 2100 5465 3677 5541; baseline -0.003 -16"><span class='ocrx_word' id='word_1_794' title='bbox 2100 5470 2212 5541; x_wconf 89' lang='lat'>(38)</span> <span class='ocrx_word' id='word_1_795' title='bbox 2243 5470 2465 5541; x_wconf 85' lang='lat' dir='ltr'>Sicest</span> <span class='ocrx_word' id='word_1_796' title='bbox 2512 5472 2604 5541; x_wconf 81' lang='lat' dir='ltr'>_et_</span> <span class='ocrx_word' id='word_1_797' title='bbox 2635 5466 2793 5538; x_wconf 87' lang='lat' dir='ltr'>apud</span> <span class='ocrx_word' id='word_1_798' title='bbox 2848 5467 3176 5541; x_wconf 77' lang='lat' dir='ltr'>Z_onaram;</span> <span class='ocrx_word' id='word_1_799' title='bbox 3234 5469 3296 5520; x_wconf 90' lang='lat' dir='ltr'>et</span> <span class='ocrx_word' id='word_1_800' title='bbox 3346 5465 3409 5520; x_wconf 89' lang='lat' dir='ltr'>in</span> <span class='ocrx_word' id='word_1_801' title='bbox 3455 5466 3677 5540; x_wconf 84' lang='lat' dir='ltr'>margi-</span> 
     </span>
    </p>
   </div>
   <div class='ocr_carea' id='block_1_114' title="bbox 347 5535 1941 5629">
    <p class='ocr_par' dir='ltr' id='par_1_114' title="bbox 347 5535 1921 5629">
     <span class='ocr_line' id='line_1_114' title="bbox 347 5535 1921 5629; baseline -0.005 -23"><span class='ocrx_word' id='word_1_802' title='bbox 347 5535 468 5629; x_wconf 43' lang='grc'>(373.</span> <span class='ocrx_word' id='word_1_803' title='bbox 494 5548 807 5629; x_wconf 41' lang='lat' dir='ltr'>Liburarius‘</span> <span class='ocrx_word' id='word_1_804' title='bbox 851 5548 914 5629; x_wconf 74' lang='lat' dir='ltr'>in</span> <span class='ocrx_word' id='word_1_805' title='bbox 965 5546 1227 5629; x_wconf 68' lang='lat' dir='ltr'>margine</span> <span class='ocrx_word' id='word_1_806' title='bbox 1284 5535 1596 5629; x_wconf 62' lang='lat' dir='ltr'>ascripsit:</span> <span class='ocrx_word' id='word_1_807' title='bbox 1647 5542 1921 5629; x_wconf 68' lang='grc' dir='ltr'>Ζητητέον</span> 
     </span>
    </p>
   </div>
   <div class='ocr_carea' id='block_1_115' title="bbox 2051 5535 3679 5629">
    <p class='ocr_par' dir='ltr' id='par_1_115' title="bbox 2051 5535 3679 5629">
     <span class='ocr_line' id='line_1_115' title="bbox 2051 5535 3679 5629; baseline -0.002 -30"><span class='ocrx_word' id='word_1_808' title='bbox 2051 5535 2115 5629; x_wconf 64' lang='grc' dir='ltr'>ιε’</span> <span class='ocrx_word' id='word_1_809' title='bbox 2174 5535 2361 5629; x_wconf 57' lang='lat' dir='ltr'>nostri</span> <span class='ocrx_word' id='word_1_810' title='bbox 2420 5538 2644 5596; x_wconf 87' lang='lat' dir='ltr'>codicis</span> <span class='ocrx_word' id='word_1_811' title='bbox 2675 5535 2807 5611; x_wconf 45' lang='lat' dir='ltr'>_pro</span> <span class='ocrx_word' id='word_1_812' title='bbox 2861 5535 3082 5609; x_wconf 82' lang='grc' dir='ltr'>Βονόσῳ</span> <span class='ocrx_word' id='word_1_813' title='bbox 3146 5542 3275 5594; x_wconf 90' lang='lat' dir='ltr'>erat</span> <span class='ocrx_word' id='word_1_814' title='bbox 3328 5535 3679 5595; x_wconf 74' lang='lat' dir='ltr'>annotatum</span> 
     </span>
    </p>
   </div>
   <div class='ocr_carea' id='block_1_116' title="bbox 279 5613 2376 5697">
    <p class='ocr_par' dir='ltr' id='par_1_116' title="bbox 279 5613 2376 5697">
     <span class='ocr_line' id='line_1_116' title="bbox 279 5613 2376 5697; baseline -0.007 -17"><span class='ocrx_word' id='word_1_815' title='bbox 279 5613 378 5697; x_wconf 62' lang='grc' dir='ltr'>ἕως</span> <span class='ocrx_word' id='word_1_816' title='bbox 399 5613 667 5697; x_wconf 31' lang='grc' dir='ltr'>π’ότεζὸτι</span> <span class='ocrx_word' id='word_1_817' title='bbox 691 5614 818 5675; x_wconf 71' lang='grc' dir='ltr'>οὖδὶ</span> <span class='ocrx_word' id='word_1_818' title='bbox 848 5617 923 5681; x_wconf 75' lang='grc' dir='ltr'>εἰς</span> <span class='ocrx_word' id='word_1_819' title='bbox 958 5617 1023 5673; x_wconf 82' lang='grc' dir='ltr'>τὸ</span> <span class='ocrx_word' id='word_1_820' title='bbox 1080 5613 1399 5697; x_wconf 60' lang='grc' dir='ltr'>ἁῖιτίγραιρον</span> <span class='ocrx_word' id='word_1_821' title='bbox 1440 5613 1634 5672; x_wconf 62' lang='grc' dir='ltr'>ἵκειτο</span> <span class='ocrx_word' id='word_1_822' title='bbox 1688 5613 1741 5672; x_wconf 79' lang='grc' dir='ltr'>τι</span> <span class='ocrx_word' id='word_1_823' title='bbox 1785 5613 1923 5690; x_wconf 77' lang='grc' dir='ltr'>περὶ</span> <span class='ocrx_word' id='word_1_824' title='bbox 2033 5614 2211 5687; x_wconf 86' lang='grc' dir='ltr'>Βόνῳ.</span> <span class='ocrx_word' id='word_1_825' title='bbox 2242 5613 2376 5669; x_wconf 79' lang='lat' dir='ltr'>XYL.</span> 
     </span>
    </p>
   </div>
   <div class='ocr_carea' id='block_1_117' title="bbox 277 5693 682 5756">
    <p class='ocr_par' dir='ltr' id='par_1_117' title="bbox 277 5693 682 5756">
     <span class='ocr_line' id='line_1_117' title="bbox 277 5693 682 5756; baseline -0.017 0"><span class='ocrx_word' id='word_1_826' title='bbox 277 5694 493 5756; x_wconf 75' lang='grc' dir='ltr'>τούτου.</span> <span class='ocrx_word' id='word_1_827' title='bbox 542 5693 682 5751; x_wconf 68' lang='grc' dir='ltr'>Χη.</span> 
     </span>
    </p>
   </div>
  </div>
