4148 6212
366 403 486 463 787

1729 347 2048 454 GEOVRGll
2094 390 2441 452 CEDHENI

3664 395 3786 453 788

375 552 554 609 quam
573 534 701 591 sine
717 547 1002 589 manuum
1021 546 1200 602 opera
1222 530 1478 586 effictam
1509 542 1686 600 supra
1710 523 2018 583 retulimus

2143 520 2278 596 μετά
2307 527 2496 600 χεῖρας
2541 525 2640 594 τήν
2690 521 3007 601 Θεανὸρικῆν
3068 520 3499 601 ἅχειροποίητον
3561 526 3784 602 μορφὴν

374 627 668 684 Euxinum
704 639 866 678 mare
897 621 1176 677 adversus
1209 622 1418 674 Persas
1473 617 1779 690 navigavit,
1839 615 2022 670 ascis—

377 731 518 771 cens
547 716 868 769 Turcorum
910 716 966 766 et
1023 709 1274 765 aliarum
1333 707 1645 763 nationum
1704 704 2022 761 auxiliares

376 803 594 874 copias.
630 807 694 856 In
728 800 939 855 itinere
989 817 1060 854 ex
1108 797 1390 854 Romanis
1447 796 1765 869 provinciis
1822 793 2021 864 copias

376 891 690 956 contraxit,
723 907 873 944 novo
907 889 1085 944 etiam
1137 888 1355 958 scripto
1405 886 1689 942 exercitu.
1751 886 1916 940 Hunc
1948 881 2022 937 ad

375 997 632 1055 pugnam
660 980 944 1046 exercuit,
969 979 1029 1033 in
1062 978 1206 1033 duas
1223 977 1478 1032 divisum
1510 976 1686 1038 acies,
1718 973 2022 1028 mandato-

374 1089 489 1145 que
516 1077 579 1125 ut
596 1071 907 1126 incruento
923 1068 1427 1141 congrederentur
1445 1066 1670 1137 praelio,
1696 1064 2018 1119 clamorem

375 1162 694 1218 militarem
727 1177 794 1216 ac
826 1175 1064 1232 paeanas
1094 1163 1153 1212 et
1182 1157 1498 1228 strepitum
1524 1155 1804 1219 ederent;
1831 1169 2020 1223 eoque

375 1252 609 1308 animos
631 1266 836 1305 eorum
868 1248 1159 1314 excitavit,
1179 1251 1332 1302 utne
1365 1262 1576 1317 pugna)
1609 1251 1873 1314 tempore
1895 1259 2021 1296 rem

375 1341 736 1397 insolentem
766 1339 1272 1405 exhorrescerent,
1296 1335 1400 1390 sed
1433 1335 1630 1388 hostes
1661 1331 1942 1388 audacter
1967 1336 2027 1386 et

377 1430 548 1501 quasi
575 1428 780 1484 ludum
813 1432 1057 1499 agentes
1085 1425 1564 1498 aggrederentur.
1597 1425 1726 1494 Ipse
1747 1437 2024 1476 veneran-

377 1518 515 1575 dam
535 1517 701 1573 illam
715 1516 931 1572 Christi
949 1514 1267 1587 imaginem
1293 1512 1568 1568 manibus
1588 1517 1800 1567 tenens
1831 1515 2022 1565 certa-

377 1607 542 1664 mina
569 1607 848 1678 princeps
901 1603 1122 1671 obibat,
1165 1602 1278 1658 fide
1311 1602 1449 1657 data
1484 1599 1856 1656 multitudini
1888 1615 2025 1670 pro-

376 1696 620 1770 mittens
651 1711 713 1750 se
744 1693 888 1764 ipsis
917 1692 992 1748 ad
1037 1697 1288 1747 mortem
1314 1707 1504 1762 usque
1533 1691 1594 1744 in
1627 1705 1824 1761 pugna
1853 1686 2023 1742 adfu-

374 1789 822 1855 turum,eosque
843 1783 1032 1838 instar
1053 1782 1375 1838 liberorum
1395 1785 1716 1835 tutaturum
1743 1795 1756 1832 :
1790 1776 2024 1832 volebat

375 1875 536 1932 enim
567 1874 886 1945 imperium
916 1873 1110 1944 potius
1135 1872 1328 1926 favore
1352 1887 1530 1942 quam
1568 1873 1733 1924 metu
1777 1883 2018 1922 suorum
2055 1903 2100 1967 Β

377 1964 650 2022 stabiliri.
683 1964 828 2018 Cum
859 1966 1056 2017 autem
1088 1961 1148 2016 in
1198 1960 1460 2015 exercitu
1493 1959 1780 2030 reperiret
1823 1956 2025 2011 omnia

380 2060 593 2120 metus,
613 2051 1057 2107 dissensionum
1078 2049 1564 2118 confusionisque
1582 2048 1781 2118 plena,
1806 2063 1938 2102 eum
1963 2047 2023 2101 in

377 2142 598 2198 multas
625 2146 764 2196 ante
793 2145 991 2212 partes
1021 2138 1372 2210 dissipatum
1405 2136 1756 2208 compendio
1791 2137 1942 2192 720
1964 2136 2024 2190 in

377 2247 565 2287 unum
596 2229 853 2302 collegit,
888 2229 1285 2298 correctisque
1337 2226 1589 2282 militum
1624 2226 1838 2281 animis
1871 2225 2025 2280 fidu-

379 2321 536 2378 ciam
559 2319 815 2384 auxit,et
837 2318 898 2371 in
929 2317 1217 2372 Barbaros
1235 2316 1642 2384 inflammavit,
1678 2316 1944 2370 hortatus
1963 2321 2027 2370 ut

373 2411 668 2482 injustitia
691 2407 1000 2480 repudiata
1021 2408 1300 2478 pietatem
1331 2407 1613 2463 colerent.
1641 2408 1712 2461 Ut
1729 2407 2024 2461 Armenia:

376 2502 527 2556 fines
557 2499 816 2564 intravit,
881 2513 1193 2553 occurrere
1253 2497 1362 2552 sibi
1414 2496 1709 2552 intellexit
1767 2501 2022 2551 turmam

377 2590 645 2661 equitum
694 2589 1032 2651 Persarum,
1093 2586 1306 2657 quibus
1363 2585 1599 2640 animus
1649 2592 1773 2641 erat
1831 2585 2023 2640 subito

377 2679 572 2750 ipsum
603 2676 844 2733 adoriri.
903 2676 1015 2730 Sed
1049 2675 1292 2730 Romani
1327 2676 1426 2745 qui
1495 2676 1553 2729 in
1607 2676 1798 2746 primo
1859 2679 2026 2730 erant

378 2766 634 2838 agmine,
667 2781 801 2819 cum
835 2763 896 2817 in
927 2763 1035 2816 hos
1065 2762 1436 2828 incidissent,
1471 2762 1672 2816 multis
1717 2763 1886 2817 carsis
1917 2763 2022 2816 du-

376 2871 508 2910 cem
539 2870 747 2910 eorum
785 2853 1045 2906 vinctum
1104 2850 1175 2906 ad
1237 2851 1571 2906 Heraclium
1629 2851 2021 2906 adduxerunt.

377 2945 690 3014 Ingruente
739 2941 933 2995 hieme
989 2941 1050 2994 in
1100 2939 1408 2994 Ponticam
1465 2940 1766 3011 regionem
1824 2939 2026 2994 deﬁxit

379 3029 716 3097 Heraclius;
760 3046 1014 3100 cumque
1064 3045 1200 3084 eum
1251 3028 1330 3082 ibi
1389 3028 1788 3083 hiematurum
1831 3031 2022 3084 Persa)

375 3121 785 3194 Opinarentur,
806 3119 960 3175 clam
974 3118 1119 3190 ipsis
1137 3134 1405 3173 reversus
1425 3118 1485 3172 in
1510 3119 1812 3174 Persidem
1827 3119 2020 3186 irruit,

376 3212 496 3266 Hoc
533 3210 803 3266 auditum
854 3207 1246 3264 Barbarorum
1294 3207 1526 3262 animos
1557 3207 1791 3278 dejecit.
1820 3210 1891 3261 Et
1919 3225 2016 3262 eo-

371 3317 506 3356 rum
532 3300 760 3368 ductor,
785 3315 920 3354 cum
947 3301 1347 3354 Romanorum
1370 3296 1822 3351 avertendorum
1841 3313 2019 3352 causa

369 3389 434 3444 in
458 3388 724 3444 Ciliciam
755 3386 1037 3455 duxisset,
1062 3386 1240 3441 rebus
1274 3385 1396 3440 suis
1440 3391 1733 3448 metuens,
1774 3402 2016 3441 necesse

369 3477 580 3533 habuit
639 3476 935 3531 Romanos
965 3491 999 3530 a
1029 3480 1189 3546 tergo
1239 3474 1541 3545 subsequi.
1602 3475 1864 3545 Cumque
1898 3481 2017 3530 sta-

371 3565 585 3621 tuisset
613 3569 785 3620 nocte
817 3565 1072 3634 quadam
1105 3564 1358 3618 obscura
1405 3563 1607 3618 furtim
1658 3563 1857 3618 hostes
1911 3563 2017 3619 las-

369 3656 534 3723 dere,
564 3654 779 3711 accidit
815 3654 964 3709 forte
1020 3659 1086 3708 ut
1115 3653 1257 3708 luna
1314 3670 1383 3708 ea
1439 3659 1610 3708 nocte
1669 3661 2014 3726 emergeret,

368 3746 568 3815 itaque
601 3747 898 3800 Romanos
928 3742 1163 3816 aggredi
1197 3759 1316 3796 non
1347 3758 1523 3796 ausus
1564 3749 1796 3798 montes
1838 3759 2013 3798 occu-

367 3839 502 3906 pat;
535 3839 712 3904 atque
743 3834 880 3888 inde
929 3832 1207 3904 degresus
1237 3832 1387 3886 levia
1441 3832 1760 3886 committit
1815 3832 2018 3903 praalia

371 3927 434 3980 in
465 3926 681 3998 quibus
711 3924 990 3981 omnibus
1024 3926 1283 3979 Romana
1303 3940 1399 3978 res
1429 3922 1540 3978 fuit
1570 3923 1858 3994 superior.
1883 3923 2016 3978 Ani-

371 4033 501 4072 mos
532 4014 815 4071 exercitui
847 4014 1014 4069 auxit
1043 4012 1420 4085 imperatoris
1451 4012 1744 4079 alacritas,
1779 4011 1878 4082 qui
1912 4029 2013 4067 au-

375 4105 575 4160 dacter
604 4105 666 4159 in
698 4104 950 4175 primam
991 4103 1179 4158 aciem
1229 4100 1576 4173 prosiliebet
1631 4117 1698 4155 ac
1729 4117 1834 4172 pro
1895 4100 2015 4156 suis

368 4193 794 4266 propugnabat.
821 4193 985 4246 Justa
1011 4189 1224 4246 deinde
1249 4195 1524 4244 concerta
1553 4207 1748 4262 pugna
1769 4191 2016 4246 victores

369 4284 620 4337 Romani
649 4281 954 4336 Persicum
1014 4280 1335 4334 exercitum
1393 4279 1750 4348 deleverunt,
1789 4286 2016 4335 tantum

367 4370 574 4440 paucis
626 4369 980 4438 quibusdam
1015 4369 1147 4440 fuga
1179 4369 1415 4439 elapsis,
1457 4369 1852 4439 omnibusque
1911 4371 2015 4425 ho-

369 4463 548 4516 stium
580 4461 1023 4532 impedimentis
1054 4461 1220 4531 potiti
1254 4467 1413 4516 sunt.
1463 4461 1546 4516 Ob
1581 4462 1717 4516 hanc
1765 4463 2013 4518 Romani

371 4553 487 4604 Deo
521 4555 579 4604 et
609 4549 949 4620 imperatori
979 4549 1196 4621 gratias
1218 4556 1482 4621 egerunt.
1517 4553 1804 4605 Caeterum
1838 4553 2013 4607 Hera-

2125 616 2222 667 τοῦ
2273 614 2476 687 Κυρίου
2533 613 2621 669 καὶ
2681 620 2814 669 Θεοῦ
2876 617 3056 688 ἡμῶν,
3115 615 3252 670 κατά
3309 618 3527 690 Ηερσῶν
3588 614 3788 691 ἐστρά-

2125 727 2278 761 τευσε
2309 707 2441 780 μετά
2495 705 2706 763 πλοίων
2762 706 2852 764 διὰ
2897 713 2993 764 τοῦ
3044 709 3297 779 Εὐξείνου
3354 709 3574 780 πόντου,
3607 730 3782 786 προσ-

2129 790 2434 869 λαϐόμενος
2467 797 2542 859 εἷς
2585 798 2902 872 συμμαχίαν
2961 797 3148 869 πλήθη
3209 800 3463 874 Τούρκων
3521 802 3632 872 (39)
3687 799 3782 854 καὶ

2129 883 2315 939 ἄλλων
2366 883 2555 942 ἐθνῶν.
2615 887 2855 956 ’Δπάρας
2907 885 3088 943 τοίνυν
3146 893 3246 956 τῆς
3297 885 3581 962 βασιλίδος
3640 889 3780 964 πρὸς

2129 971 2362 1047 Περσίδα
2392 981 2590 1052 χωρεῖ,
2620 976 2712 1030 καὶ
2743 973 2833 1030 διὰ
2885 982 2995 1031 τῶν
3029 978 3352 1050 Ῥωμαϊκῶν
3385 977 3634 1050 θεμάτων

2130 1057 2488 1136 διερχόμενος
2517 1061 2762 1139 συνέλεγε
2804 1062 3160 1138 στρατόπεδα,
3217 1065 3529 1139 προστιθεὶς
3588 1067 3783 1128 αὐτοῖς

2130 1154 2220 1206 καί
2251 1152 2364 1207 νέον
2424 1153 2672 1228 στρατὸν,
2731 1153 2824 1216 οὓς
2880 1155 2967 1209 καὶ
3027 1155 3314 1230 γυμνάζων
3378 1158 3444 1210 τὰ
3498 1153 3785 1230 πολεμικᾶ

2131 1236 2260 1316 ἔργα
2289 1240 2646 1311 ἒξεπαίδευσε.
2701 1250 2849 1318 Λιχῆ
2907 1245 3010 1320 γὰρ
3077 1241 3273 1299 διελὼν
3330 1245 3425 1307 τὰς
3455 1247 3792 1321 παρατάξεις-

2135 1329 2226 1385 σὺν
2281 1333 2386 1406 βοῇ
2447 1333 2580 1406 πρὸς
2639 1331 2924 1404 ἀλλήλους
2980 1334 3252 1408 ἀναιμωτὶ
3309 1341 3483 1412 ποιεῖν
3540 1334 3784 1405 ἐκέλευε,

2132 1423 2446 1498 κραυγάζειν
2507 1423 2569 1478 τὸ
2626 1421 2930 1496 πολεμικὸν
2987 1425 3076 1479 καὶ
3130 1429 3358 1486 παιᾶνας
3413 1425 3503 1480 καὶ
3563 1424 3783 1482 ἀλαλα-

2131 1512 2296 1586 γμόν.
2329 1512 2433 1568 Καὶ
2465 1509 2726 1587 διέγερσιν
2759 1509 2904 1589 ἔχειν
2954 1515 3182 1575 τούτους
3239 1511 3535 1583 ἐδίδασκεν,
3566 1515 3654 1569 ’ἱνα
3685 1513 3786 1569 κᾶν

2133 1600 2187 1656 έν
2215 1598 2448 1674 πολέμῳ
2506 1600 2880 1675 εὖρίσκωνται,
2937 1603 3012 1675 μὴ
3074 1602 3409 1673 ξενίζωνται,
3466 1603 3617 1660 ἀλλὰ
3646 1604 3780 1680 θαρο

2132 1690 2343 1763 ῥοῦντες
2389 1689 2466 1752 ὡς
2522 1689 2598 1754 είς
2655 1691 2902 1769 παίγνιον
2956 1693 3092 1747 κατά
3146 1696 3252 1747 τῶν
3303 1697 3520 1767 Περσῶν
3581 1697 3784 1768 χωρῶ-

2133 1799 2240 1836 σιν.
2269 1780 2334 1836 Ὀ
2365 1776 2418 1833 δὲ
2454 1779 2709 1854 βασιλεὺς
2738 1781 2837 1848 τήν
2891 1775 3186 1853 σεϐασμίαν
3233 1780 3411 1836 εἰκόνα
3465 1788 3564 1851 τῆς
3622 1783 3784 1835 θεαν-

2134 1865 2325 1942 δρικῆς
2384 1877 2602 1946 μορφῆς
2677 1873 2773 1925 τοῦ
2835 1870 3035 1945 Κυρίου
3093 1873 3253 1944 ἡμῶν
3304 1871 3486 1941 Ἰησοῦ
3539 1873 3783 1946 Χριστοῦ

2131 1958 2334 2020 ἐνταῖς
2368 1958 2525 2034 χερσὶ
2553 1960 2800 2034 κατέχων
2851 1960 3128 2033 ἀπήρξατο
3175 1965 3282 2014 τῶν
3335 1961 3581 2036 ἀγώνων,
3612 1961 3786 2015 πιστά

2131 2045 2257 2110 δοὺς
2287 2053 2366 2120 τῷ
2398 2045 2516 2120 λαῷ
2544 2049 2618 2110 ὠς
2649 2047 2740 2102 σὺν
2791 2046 2975 2111 αὐτοῖς
3011 2049 3179 2124 μέχρι
3239 2049 3466 2103 θανάτου
3515 2049 3780 2122 ἀγωνίσε-

2129 2157 2219 2192 ται
2248 2137 2338 2191 καὶ
2370 2137 2443 2197 ὡς
2489 2136 2647 2192 τέκνα
2703 2136 2877 2192 οἰκεῖα
2933 2137 3156 2199 τούτους
3214 2135 3556 2210 περιθάλψεν
3617 2133 3785 2192 ἐϐού-

2131 2224 2258 2281 λετο
2283 2226 2387 2300 γὰρ
2418 2226 2516 2294 τὴν
2569 2225 2808 2295 ἐξουσίαν
2861 2225 2923 2281 οὐ
2981 2221 3156 2306 φόϐῳ,
3208 2227 3333 2282 ὅσον
3389 2229 3474 2299 [Ρ.
3535 2229 3663 2299 Hi]
3725 2226 3782 2281 ἐν

2129 2313 2283 2386 πόθῳ
2328 2309 2493 2393 ἔχειν.
2546 2315 2736 2389 Εὐρὼν
2770 2312 2829 2370 δὲ
2874 2316 2966 2370 τὸν
3009 2315 3232 2388 στρατὸν
3294 2314 3368 2376 εἷς
3400 2311 3567 2389 φόϐον
3597 2311 3779 2370 πολὺν

2129 2402 2217 2457 καὶ
2279 2400 2556 2476 διχόνοιαν
2637 2403 2850 2474 ἀταξίαν
2908 2425 2965 2458 τε
3021 2403 3110 2458 καὶ
3167 2403 3435 2478 ἀκοσμίαν
3468 2448 3484 2474 ,
3549 2405 3638 2458 καὶ
3700 2403 3778 2466 εἰς

2129 2493 2316 2549 πολλά
2349 2495 2486 2568 μέρη
2551 2491 2961 2568 διεσπαρμένον,
3023 2493 3302 2566 ύυντόμως
3357 2515 3557 2555 παντας
3610 2494 3688 2556 εἷς
3719 2491 3778 2549 ἓν

2131 2585 2418 2658 συνήγαγε,
2448 2583 2536 2638 καὶ
2568 2585 2892 2653 νουθετήσας
2925 2583 3112 2638 πολλά
3139 2584 3343 2638 τούτων
3400 2585 3464 2637 τὸ
3521 2583 3782 2660 φρόνημα

2129 2671 2386 2741 ἀνέστησε
2414 2672 2503 2725 καὶ
2559 2673 2697 2726 κατά
2747 2675 2853 2726 τῶν
2926 2670 3220 2747 Βαρϐάρων
3279 2671 3508 2728 ὥπλισε.
3558 2693 3779 2748 παραγ-

2127 2759 2315 2834 γείλας
2346 2757 2556 2822 ἀδικίας
2606 2759 2702 2832 μὲν
2762 2757 3078 2833 ἀπέχεσθαι,
3138 2754 3407 2820 εὐσεϐείας
3462 2759 3518 2815 δὲ
3547 2759 3776 2837 ἀντέχε-

2133 2851 2268 2902 σθαι.
2307 2847 2745 2924 Παραγενόμενος
2801 2845 2858 2902 δὲ
2889 2846 2939 2902 ἐν
2991 2853 3106 2910 τοῖς
3177 2847 3360 2924 μέρεσι
3412 2855 3510 2919 τῆς
3568 2852 3778 2924 Ἀρμε-

2129 2937 2244 2999 νίας
2312 2939 2640 3016 προαρέχειν
2696 2935 2909 3006 πλῆθος
2967 2937 3176 2992 ἱππέων
3237 2943 3512 3012 Περσικῶν
3566 2938 3778 3008 ἤκουσε

2127 3027 2373 3100 πρὸςτῷ
2403 3026 2675 3083 ἐπιπεσεῖν
2720 3023 2867 3104 ἄφνω
2924 3031 3003 3098 τῷ
3064 3026 3284 3100 βασιλεῖ
3341 3029 3649 3100 Ῥωμαίων.
3707 3031 3784 3086 Οἱ

2130 3115 2188 3172 δὲ
2243 3117 2643 3195 προτρέχοντες
2702 3116 2868 3170 πάλιν
2929 3121 3201 3188 Ῥωμαῖοι
3257 3115 3472 3179 τούτοις
3505 3121 3779 3188 συναντή-

2133 3226 2311 3266 σαντες
2369 3205 2459 3260 τόν
2518 3227 2576 3260 τε
2623 3205 2919 3278 στρατηγὸν
2979 3204 3153 3259 αὐτῶν
3216 3203 3500 3278 δεσμώτην
3559 3205 3778 3280 ἤγαγον

2130 3297 2266 3372 πρὸς
2299 3294 2617 3370 Ἡράκλειον
2671 3296 2762 3350 καὶ
2819 3293 3068 3357 πολλοὺς
3114 3295 3292 3350 αὐτῶν
3349 3296 3589 3352 ἀνεῖλον.
3624 3298 3781 3353 Ἑπεὶ

2122 3383 2180 3441 δὲ
2237 3385 2452 3460 χειμὼν
2512 3381 2827 3450 κατέλαϐεν,
2879 3383 3172 3448 ἀποκλίνας
3230 3387 3258 3440 ὁ
3311 3385 3566 3460 βασιλεὺς
3636 3388 3781 3461 πρὸς

2119 3476 2182 3529 τὸ
2209 3479 2305 3529 τοῦ
2337 3474 2541 3529 Πόντου
2563 3472 2738 3546 κλίμα
2769 3469 2915 3543 ἔδοξε
2973 3479 3091 3536 τοῖς
3150 3469 3454 3550 Βαρϐάροις
3513 3474 3564 3530 ἐν
3590 3477 3776 3549 τούτῳ

2119 3565 2574 3639 παραχειμάζειν.
2612 3564 2798 3617 Λατὼν
2855 3559 2912 3617 δὲ
2965 3562 3091 3625 τοὺς
3149 3563 3352 3636 Πέρσας
3385 3565 3473 3618 καὶ
3515 3563 3774 3639 ἐπιστρα-

2121 3653 2238 3730 φεὶς
2262 3653 2336 3714 εἷς
2359 3653 2458 3720 τήν
2478 3649 2708 3726 Ηερσίδα
2731 3646 3030 3706 εἰσϐάλλει.
3065 3655 3232 3708 Τοῦτε
3261 3653 3518 3725 μαθόντες
3549 3655 3599 3708 οἱ
3633 3655 3776 3727 Βάρ-

2121 3740 2280 3819 ϐαροι
2313 3742 2388 3804 εἰς
2420 3741 2646 3814 ἀθυμίαν
2681 3737 2874 3805 ἦλθον.
2905 3746 2964 3798 Ὀ
2981 3738 3038 3794 δὲ
3069 3743 3374 3817 στρατηγὸς
3407 3741 3581 3798 αὐτᾶν
3615 3740 3774 3818 ἔρχε-

2119 3853 2208 3887 ται
2239 3831 2290 3886 ἐν
2326 3829 2566 3900 Κιλικίᾳ,
2595 3829 2744 3891 ὅπως
2776 3827 2864 3883 ἐπὶ
2911 3829 3214 3903 Ῥωμανίαν
3247 3829 3478 3898 ἐξελθὼν
3533 3832 3771 3894 τούτους

2121 3920 2448 3996 περιτρέψῳ.
2484 3913 2756 3989 Φοϐηθεὶς
2791 3915 2847 3972 δὲ
2875 3917 3038 3973 πάλιν
3073 3920 3386 3995 ἠναγκάσθη
3445 3918 3772 3984 ἀκολουθεῖν

2125 4009 2301 4064 ὀπίσω
2331 4012 2426 4062 τοῦ
2457 4003 2744 4078 Ῥωμαίων
2771 4023 2773 4026 ·
2803 4009 3086 4080 στρατοῦς,
3146 4004 3344 4079 κλέψαι
3395 4007 3488 4062 τὸν
3517 4006 3774 4080 πόλεμον

2126 4103 2404 4175 μεριμνῶν
2437 4095 2526 4152 διά
2555 4096 2746 4158 νυκτὸς
2777 4096 3062 4174 ἀφεγγοῦς.
3095 4097 3160 4152 ’H
3207 4093 3264 4150 δὲ
3295 4096 3498 4167 σελήνη
3564 4096 3776 4170 ὑπέστη

2123 4190 2231 4260 (41)
2257 4187 2375 4242 κατ’
2405 4185 2574 4253 αὐτὴν
2605 4185 2703 4250 τὴν
2738 4183 2899 4237 νύκτα
2937 4181 2997 4238 ἐκ
3045 4184 3142 4237 τοῦ
3184 4179 3617 4256 συμϐεϐηκότος.
3652 4188 3780 4241 Κάκ

2121 4279 2316 4332 τούτου
2349 4271 2542 4328 δειλῶν
2573 4279 2650 4345 τῷ
2703 4271 2917 4347 βασιλεῖ
2982 4268 3311 4347 προσϐαλεῖν
3371 4275 3439 4328 τὰ
3469 4274 3570 4348 ὅρη
3613 4296 3778 4330 κατα-

2124 4361 2406 4438 λαμϐάνει.
2446 4365 2674 4417 Ἐκεῖθεν
2719 4359 2776 4416 δὲ
2832 4362 3234 4436 κατερχόμενος
3287 4361 3460 4436 λάθρα
3516 4363 3778 4437 συμπλο-

2122 4458 2217 4517 κάς
2304 4453 2526 4528 μερικάς
2599 4453 2864 4518 ἓποιεῖτο,
2917 4451 3007 4504 καὶ
3065 4449 3116 4504 ἐν
3176 4451 3336 4506 πάντί
3393 4454 3444 4506 οἱ
3504 4455 3776 4526 Ῥωμαῖοι

2122 4545 2443 4619 ἐπρώτευον·
2505 4540 2594 4595 καὶ
2654 4541 2847 4614 θάρσος
2898 4535 3089 4594 ἔλαϐεν
3127 4541 3154 4594 ὁ
3187 4541 3414 4614 στρατὸς
3465 4543 3556 4596 τὸν
3616 4543 3778 4618 βασι-

369 4637 520 4692 clius
556 4639 593 4691 ’τ
607 4638 701 4692 21
740 4637 1000 4692 exercitu
1031 4654 1163 4691 cum
1193 4637 1340 4692 duce
1368 4638 1430 4692 in
1455 4640 1798 4693 Armeniam
1831 4639 1891 4693 in
1923 4640 2017 4694 hi-

2128 4638 2221 4694 λέα
2252 4638 2390 4710 ὁρῶν
2425 4631 2794 4711 προπηδῶντα
2833 4631 3118 4706 εὐτόλμως
3170 4633 3259 4688 καί
3290 4633 3774 4708 προπολεμοῦντα.

367 4725 554 4781 berna
593 4724 838 4780 dimisso
870 4725 1208 4795 Byzantium
1250 4725 1446 4782 rediit.

2128 4727 2224 4782 Καὶ
2257 4723 2324 4793 δὴ
2373 4719 2663 4798 συμϐολῆς
2717 4726 2982 4796 καρτερᾶς
3038 4723 3338 4796 γενομένης
3399 4728 3587 4778 νικῶσι
3636 4724 3775 4782 Ῥω-

372 4819 548 4887 μαῖοι,
580 4814 666 4868 καὶ
699 4818 872 4869 πᾶσαν
903 4814 1002 4881 τήν
1036 4811 1342 4881 ἀποσκευὴν
1375 4812 1553 4868 αὐτῶν
1584 4813 1958 4889 λαμβάνουσι,
1981 4818 2240 4892 σφάζουσι
2267 4812 2321 4869 δὲ
2347 4811 2482 4867 ἅπαν
2515 4813 2578 4867 τὸ
2609 4810 2872 4886 Περσικὸν
2925 4809 3163 4883 πλῆθος,
3221 4809 3428 4887 ὀλίγων
3453 4816 3618 4866 τινῶν
3651 4809 3778 4866 δια-

371 4900 634 4977 δράντων.
668 4903 829 4959 ’Όθεν
862 4901 916 4956 οἱ
945 4902 1209 4972 Ῥωμαῖοι
1238 4905 1319 4973 τῷ
1349 4906 1464 4972 Θεῷ
1493 4902 1582 4956 καὶ
1629 4908 1708 4975 τῷ
1749 4903 1967 4977 βασιλεῖ
1995 4905 2385 4982 ηὐχαρίστουν.
2415 4903 2478 4958 Ὀ
2503 4898 2560 4956 δὲ
2593 4899 2845 4974 βασιλεὺς
2875 4900 2966 4956 τὸν
2994 4902 3218 4974 στρατὸν
3250 4901 3342 4957 σὺν
3370 4901 3450 4972 τῷ
3479 4907 3774 4977 στρατηγῷ

365 4991 681 5049 καταλιπὼν
723 4991 800 5053 εἰς
832 4991 1126 5065 Ἀρμενίαν
1147 4990 1578 5068 παραχειμάσαι,
1609 4991 1770 5054 αὐτὸς
1802 4995 1877 5056 εἷς
1909 4995 1970 5050 τὸ
2000 4994 2292 5066 Βυζάντιον
2316 4989 2629 5065 ὑπέστρεψε.

1579 5120 1936 5177 XYLANDBI
1976 5123 2063 5176 ET
2100 5121 2317 5177 GOARI
2358 5119 2581 5174 NOTAE.

440 5247 682 5327 (39)._Ilic
714 5246 905 5327 primo
935 5245 1104 5327 Turpi
1137 5261 1355 5327 nomen
1390 5245 1622 5327 legitur
1649 5247 1718 5327 _in
1774 5252 2012 5327 auctore

370 5317 917 5404 dequibusjam’p.
979 5319 1072 5370 341
1100 5318 1393 5404 ΞῚΤοῧρκοι
1423 5322 1521 5385 τῆς
1564 5317 1760 5386 Ἐώας,
1793 5317 1886 5379 οὓς
1919 5318 2006 5372 καὶ

368 5385 644 5457 Χαζάρους
676 5385 1057 5457 ὀνομάζουσιν.
1097 5390 1270 5444 GOAR.

437 5460 549 5538 μοέ
592 5459 904 5538 'l‘liematos
946 5475 1178 5538 nomen
1212 5461 1514 5538 hucusque
1553 5461 1783 5516 auctori
1836 5461 2008 5538 inno-

367 5529 704 5603 minatum,_
725 5529 993 5603 antiquis
1023 5548 1138 5600 quo
1169 5549 1331 5586 nunc
1362 5529 1592 5602 capitur
1622 5549 1822 5594 sensu,
1853 5533 2011 5603 igno-

369 5607 518 5680 tum.
548 5598 1076 5680 Signiﬁcatautem
1101 5598 1617 5680 _primo_legionem
1667 5604 1842 5680 alicui
1873 5598 2011 5674 pro-

369 5671 576 5726 vincim
599 5671 689 5724 vel
719 5671 878 5742 genti
902 5671 1260 5742 impositam.
1295 5671 1716 5728 Constantinus
1746 5671 2009 5730 Themat.

374 5742 598 5818 Orjent.
629 5757 675 5818 :_
703 5740 900 5818 Πρώην
945 5739 1070 5818 ,καὶ
1147 5743 1266 5818 κατ’
1349 5743 1522 5816 ἀρχὰς
1553 5811 1564 5818 _
1592 5742 1842 5818 τάγματὰί
1895 5764 2013 5818 τινα

370 5811 462 5867 καὶ
517 5809 776 5885 λεγεῶνες
865 5810 1114 5889 ὑπῆρχον
1191 5809 1638 5886 ἀναγεγραμμένα
1670 5809 1843 5869 ”κατ’
1925 5811 2010 5878 ἔθ-

2121 5265 2232 5306 νος.
2291 5247 2436 5318 Ipsa)
2465 5261 2600 5300 vero
2632 5241 2978 5318 provincias
3025 5244 3307 5318 temporis
3352 5261 3638 5318 processu
3687 5245 3768 5308 θὲ-

2127 5336 2267 5390 ματα
2319 5315 2721 5390 ὲιιηινοεειίξθ,
2761 5331 2827 5369 ac
2859 5331 2933 5368 ne
2963 5315 3208 5390 longius
3228 5316 3574 5390 testimonia
3605 5325 3768 5388 peta-

2122 5383 2253 5460 mus
2287 5431 2300 5452 ,
2365 5388 2606 5460 scribit_
2652 5387 2748 5441 hic
2805 5392 3047 5460 auctor:
3074 5383 3222 5460 '_8Lai
3251 5390 3382 5460 Arii»:
3447 5383 3765 5460 Ῥωμαϊκῶν

2120 5459 2364 5587 (Euith
2422 5455 2795 5532 διερχόμενος.
2831 5458 3006 5513 Plura
3053 5458 3339 5530 Rigaltius
3371 5465 3428 5513 et
3458 5455 3763 5517 Meursius.

2171 5548 2302 5586 om.

2171 5548 2302 5586 ΟΛΗ.

2193 5603 2302 5672 (41)
2386 5599 2548 5666 Quod
2637 5601 2814 5727 scilpsi
2884 5599 3090 5655 lunam
3166 5602 3502 5671 emersisse,
3565 5601 3760 5671 ὑπέστη

2193 5679 2247 5727 at
2277 5675 2336 5727 in
2363 5674 2561 5727 Graaeo
2587 5689 2600 5726 :
2634 5689 2694 5727 se
2767 5672 3171 5727 coniecturam
3203 5689 3273 5727 ex
3302 5673 3760 5727 circumstantiis

2121 5679 2247 5729 erat
2277 5675 2336 5727 in
2363 5674 2561 5728 Grzneo
2587 5689 2600 5726 :
2634 5672 2736 5728 sed
2767 5672 3171 5744 conjecturam
3203 5689 3273 5728 ex
3302 5673 3764 5730 circumstantiis

2119 5745 2252 5802 feci.
2283 5745 2420 5800 XVL.
