4134 6212
292 425 421 485 789

1446 418 1995 484 HISTORIARUM
2044 418 2581 481 COMPENDIUM.

3603 420 3723 481 ’190

378 564 468 632 Τῷ
501 560 565 634 ιγ’
595 553 703 616 ἔτει
758 558 968 635 ἀπάρας
1024 565 1126 629 τῆς
1188 557 1585 635 βασιλευούσης
1623 557 1760 612 κατὰ
1786 555 1946 630 τάχος

2143 558 2315 613 Auno
2349 557 2580 615 decimo
2613 559 2787 614 tertio
2835 559 2896 613 in
2945 558 3289 615 Armeniam
3340 576 3403 617 se
3444 561 3719 617 contulit.

293 649 377 712 εἷς
436 651 726 725 Ἀρμενίαν
784 648 1032 726 ἀφίκετο.
1108 650 1358 721 Χοσρόης
1420 647 1478 703 δὲ
1529 646 1814 704 ἀπέστειλε
1870 644 1961 701 τὸν

294 734 653 814 Σαρϐαραζᾶν
714 740 808 794 σὺν
874 744 954 813 τῷ
1016 740 1209 794 ἑαυτοῦ
1266 743 1482 813 στρατῷ
1540 736 1679 793 κατᾶ
1745 737 1964 808 Ῥωμα-

296 828 444 890 νίας.
503 828 822 904 Ἡράκλειος
881 826 939 883 δὲ
995 829 1216 903 Χοσρόῃ
1274 826 1479 899 ἐδήλου
1545 827 1764 901 εἰρήνην
1797 831 1962 893 ποιῆ-

293 937 410 975 σαι*
443 919 472 974 ὁ
528 915 586 973 δὲ
626 917 790 994 λόγον
844 916 1032 974 οὐδένα
1084 918 1281 974 105100
1315 917 1632 988 ἐποιήσατο.
1669 917 1769 970 Καὶ
1800 916 1828 969 ὁ
1863 915 1964 988 βα-

298 1008 490 1073 σιλεὺς
546 1004 821 1065 εἰσέϐαλεν
893 1009 971 1070 εἰς
1044 1010 1144 1079 τήν
1226 1006 1481 1083 Περσίδα.
1537 1008 1713 1079 ’Ὁπερ
1773 1004 1961 1079 μαθὼν

293 1096 555 1173 Χοσρόης
602 1100 694 1153 τὸν
755 1093 1109 1173 Σαρϐαραζᾶν
1166 1096 1505 1173 ὑποστρέψαι
1554 1093 1819 1151 ἐκέλευσε.
1853 1094 1961 1149 Καὶ

296 1186 619 1257 ἐπισυνάξας
674 1186 849 1242 πάντα
906 1188 976 1241 τὰ
1034 1186 1268 1262 Περσικᾶ
1343 1184 1719 1260 στρατεύματα
1785 1202 1963 1257 παρα-

297 1273 524 1332 δίδωσιν
582 1276 717 1331 αὐτὰ
776 1281 857 1349 τῷ
917 1277 1068 1331 Σαῗψ
1129 1274 1189 1337 ὅς
1245 1273 1382 1329 κατὶ
1433 1276 1607 1349 τάχος
1638 1272 1857 1333 ἔνωθεὶς
1882 1274 1963 1343 τῷ

294 1360 645 1442 Σαρϐπιραζᾷ,
702 1369 948 1441 χωροῦσι
999 1365 1136 1421 κατὰ
1182 1368 1279 1419 τοῦ
1334 1363 1626 1439 βασιλέως.
1657 1363 1719 1420 Ὁ
1761 1359 1817 1416 δὲ
1862 1360 1960 1417 λό-

290 1476 417 1530 γοις
446 1460 854 1530 παραινετικοῖς
900 1455 992 1509 τὸν
1046 1453 1178 1510 λαὸν
1230 1451 1493 1530 διεγείρας
1527 1452 1579 1507 έν
1606 1455 1675 1525 τῇ
1707 1447 1961 1526 ἑνδοτέρᾳ

301 1542 524 1619 Περσίδι
578 1548 774 1620 χωρεῖ,
834 1543 964 1617 πυρὶ
1016 1543 1292 1623 ἀφανίζων
1348 1542 1444 1604 τὰς
1494 1539 1687 1602 πόλεις
1743 1538 1833 1594 καὶ
1862 1538 1959 1603 τὰς

295 1634 513 1707 κώμας.
580 1631 852 1696 Ἀκούσας
904 1629 963 1687 δὲ
1019 1630 1072 1687 ἐν
1132 1636 1358 1703 Γαζακῷ
1426 1633 1609 1704 (42)...
1662 1630 1809 1704 ὁρμᾷ
1837 1628 1955 1683 κατ’

294 1721 482 1778 αὐτοῦ.
534 1721 638 1776 Καὶ
690 1720 1021 1797 προπέμψας
1066 1720 1217 1782 τινὰς
1270 1724 1380 1775 τῶν
1429 1719 1519 1775 ὑπ’
1562 1718 1727 1774 αὐτὸν
1779 1724 1955 1791 Σαρα-

294 1811 499 1883 κηνοὺς
582 1810 932 1885 προτρέχειν,
1020 1813 1317 1864 συναντῶσι
1394 1812 1464 1882 τῇ
1541 1812 1640 1862 106
1699 1806 1954 1879 Χοσρόου

2068 644 2214 701 Cum
2272 665 2409 703 vero
2467 649 2760 704 Chosroes
2809 648 3188 705 Sarbarazam
3240 665 3376 704 cum
3425 652 3611 723 c0piis
3658 651 3719 707 in

2067 737 2414 792 Romaniam
2466 738 2787 805 emitteret,
2838 743 2897 793 et
2946 737 3018 793 ab
3067 738 3336 793 Heraclio
3391 739 3465 794 ad
3509 756 3717 811 pacem

2069 826 2540 896 componendam
2568 833 2916 899 provocatus
2946 827 3333 899 contemptim
3364 827 3590 899 legatos
3607 845 3716 885 au-

2066 911 2328 981 divisset,
2390 916 2695 971 Heraclius
2755 917 2816 970 in
2868 914 3171 970 Persidem
3231 916 3531 988 irrumpit.
3590 918 3715 982 Quo

2068 1004 2301 1076 cognito
2332 1005 2622 1060 Chosroes
2655 1005 3031 1060 Sarbarazam
3061 1011 3316 1073 revocat,
3349 1011 3713 1062 contractos-

2067 1106 2182 1161 que
2235 1096 2529 1162 quotquot
2575 1092 2830 1147 habebat
2877 1091 3144 1147 Persicos
3191 1093 3490 1148 exercitus
3539 1094 3714 1149 Saino

2063 1179 2248 1234 tradit
2280 1197 2294 1235 :
2328 1180 2496 1250 isque
2527 1181 2727 1236 statim
2759 1196 2823 1236 se
2853 1197 2989 1236 cum
3033 1180 3353 1237 Sarbaiaza
3383 1182 3714 1254 conjunxit,

2064 1273 2243 1339 atque
2275 1285 2395 1324 una
2424 1269 2598 1325 ambo
2623 1270 2904 1325 adversus
2942 1270 3364 1341 imperatorem
3393 1269 3711 1327 duxerunt.

2066 1358 2178 1414 Sed
2210 1360 2514 1416 Heraclius
2536 1360 2768 1416 animos
2795 1359 3055 1415 militum
3077 1359 3346 1414 oratione
3368 1359 3716 1417 exhortatus

2064 1448 2127 1503 in
2157 1449 2464 1505 Persidem
2494 1450 2844 1506 interiorem
2874 1449 3157 1521 perrexit,
3189 1448 3369 1504 urbes
3409 1453 3469 1503 et
3497 1449 3715 1520 oppida

2063 1538 2340 1594 incendio
2373 1539 2649 1610 perdens.
2682 1540 2946 1610 Cumque
2979 1537 3366 1594 inaudivisset
3411 1537 3714 1593 Chosroen

2062 1627 2267 1683 Gazaci
2325 1644 2477 1695 esse,
2538 1634 2746 1684 contra
2802 1644 2939 1683 eum
2995 1627 3365 1683 contendens
3421 1627 3712 1699 quosdam

2063 1716 2513 1786 Saracenorum,
2573 1734 2722 1789 quos
2778 1734 2980 1774 secum
3038 1717 3293 1773 ducebat
3346 1733 3710 1789 praecurrere

2052 1804 2273 1876 jussit;
2324 1808 2423 1879 qui
2474 1808 2535 1863 in
2584 1808 2860 1863 Chosroaa
2917 1808 3295 1863 excubitores
3348 1805 3709 1876 inciderunt,

295 1897 470 1976 βίγλᾳ
498 1902 633 1971 (43),
683 1898 770 1953 καὶ
825 1901 909 1971 [Ρ.
941 1900 1069 1971 412]
1120 1897 1327 1953 τούτων
1370 1894 1498 1957 τοὺς
1531 1896 1624 1969 μὲν
1653 1895 1946 1963 ἀνελόντες,

2059 1895 2381 1967 hostesque
2428 1898 2645 1968 partim
2694 1897 3143 1962 interfecerunt,
3196 1896 3346 1952 alios
3394 1912 3530 1951 cum
3559 1896 3709 1952 duce

288 1989 423 2050 τοὺς
483 1988 542 2044 δὲ
598 1990 964 2064 κρατήσαντες
1018 1987 1111 2042 σὺν
1168 1992 1251 2060 τῷ
1308 1990 1599 2062 στρατηγῷ
1655 1984 1830 2040 αὐτῶν
1872 1989 1946 2057 τῷ

2058 1990 2263 2055 captos
2292 1985 2366 2040 ad
2397 1986 2818 2058 imperatorem
2859 1985 3179 2042 adduxere.
3212 1986 3502 2041 Chosroes
3545 2001 3617 2040 ea
3645 2002 3711 2040 re

296 2077 517 2153 βασιλεῖ
553 2080 933 2153 προσήγαγον,
992 2080 1166 2132 Τοῦτο
1251 2076 1437 2148 μαθὼν
1495 2074 1744 2147 Χοσρόης
1801 2076 1949 2152 φυγῇ

288 2166 591 2243 ἐχρήσατο.
648 2168 703 2219 Ὀ
765 2164 822 2221 δὲ
883 2164 1137 2242 βασιλεὺς
1202 2163 1537 2237 καταδιώξας
1567 2164 1692 2226 τοὺς
1725 2163 1818 2234 μὲν
1848 2183 1951 2216 πο-

288 2256 554 2329 λεμιστὰς
586 2254 798 2323 ἀνεῖλα,
855 2256 983 2317 τοὺς
1041 2252 1101 2309 δὲ
1157 2253 1448 2333 φεύγοντας
1479 2249 1811 2307 διεσκέδασε.
1847 2250 1948 2308 Καὶ

284 2340 617 2401 καταλαϐὼν
645 2345 745 2414 τὴν
782 2344 1020 2414 Γαζακὸν
1066 2342 1252 2411 πόλιν,
1306 2342 1360 2397 ἐν
1399 2342 1435 2417 ᾖ
1485 2343 1733 2417 ὑπῆρχεν
1764 2343 1792 2396 ὁ
1823 2342 1948 2403 ναὸς

283 2439 382 2488 τοῦ
437 2434 631 2509 Πυρὸς,
687 2433 777 2487 καὶ
844 2432 912 2487 τὰ
969 2434 1232 2507 χρήματα
1289 2429 1526 2505 Κροίσου
1593 2435 1692 2485 τοῦ
1760 2427 1950 2484 Λυδῶν

293 2520 586 2595 βασιλέως,
616 2521 705 2577 καὶ
737 2524 772 2591 ἡ
817 2520 1003 2591 πλάνη
1061 2525 1169 2575 τῶν
1227 2520 1531 2595 ἀνθράκων,
1567 2520 1660 2573 καὶ
1691 2518 1948 2581 εἰσελθὼν

294 2610 348 2665 ἐν
380 2612 518 2684 αὐτῇ
551 2611 669 2686 εὗρε
698 2611 761 2666 τὸ
808 2611 1061 2686 μυσαρὸν,
1107 2605 1338 2665 εἷ’δωλον
1366 2612 1465 2663 106
1494 2608 1763 2682 Χοσρόου,
1795 2607 1859 2662 τό
1887 2626 1947 2661 τε

289 2685 810 2773 ἐκτύπωμαγαῦτοῢ
868 2698 920 2754 έν
997 2685 1069 2772 τὶἶ
1130 2703 1228 2753 τοῦ
1284 2695 1555 2753 παλατίου
1616 2692 1947 2775 σφαιροειδεῖ

288 2788 451 2864 στέγῃ
487 2790 562 2850 ὡς
595 2789 646 2844 ἐν
688 2788 902 2864 οὐρανῷ
926 2789 1063 2859 καθή
1077 2809 1260 2861 μενον,
1290 2787 1380 2841 καὶ
1410 2786 1533 2860 περὶ
1561 2790 1727 2840 τοῦτο
1756 2783 1943 2855 ἣλιον,

288 2877 377 2933 καὶ
410 2878 668 2949 σελήνην,
711 2880 802 2933 καὶ
855 2879 1042 2952 ἄστρα,
1077 2878 1158 2939 οἷς
1217 2878 1246 2930 ὁ
1305 2872 1661 2948 δεισιδαίμων
1694 2874 1768 2936 ὡς
1799 2876 1944 2936 θεοῖς

284 2963 558 3041 ἐλάτρευε,
617 2966 707 3020 καὶ
767 2964 1033 3041 ἀγγέλους
1092 2963 1241 3036 αὐτῷ
1299 2963 1750 3040 σκηπτροφὸρους
1786 2984 1941 3038 περι-

285 3054 527 3125 έστησεν.
563 3053 798 3110 Ἐκεῖθέν
853 3075 913 3109 τε
968 3057 1235 3128 σταγόνας
1293 3054 1503 3121 στάζειν
1536 3053 1610 3114 ὡς
1644 3050 1828 3113 ὑετοὺς
1853 3052 1942 3106 καὶ

279 3144 458 3219 ἤχους
507 3145 582 3205 ὡς
632 3143 860 3219 βροντὰς
917 3143 1228 3218 ἐξηχέῖσθαι
1288 3143 1317 3196 ὀ
1376 3142 1656 3217 θεομάχος
1681 3147 1802 3203 ταῖς
1832 3163 1938 3214 μη-

279 3238 474 3307 χαναῖς
520 3234 940 3308 ἓπιτεχνάσατο.
990 3236 1169 3288 Ταῦτα
1228 3235 1356 3307 γοῦν
1413 3232 1588 3286 πάντα
1627 3230 1757 3306 πυρὶ
1810 3231 1939 3285 ἀνα-

279 3324 484 3393 λώσας,
542 3325 631 3379 καὶ
694 3324 787 3379 τὸν
853 3327 952 3378 τοῦ
1010 3321 1187 3396 Ιίυρὸς
1259 3322 1382 3375 ναὸν
1441 3322 1777 3382 κατακαύσας
1843 3320 1929 3374 καὶ

280 3421 448 3473 πᾶσαν
497 3415 598 3483 τήν
644 3410 828 3480 πόλίν,
877 3411 1165 3483 συντόμως
1211 3406 1532 3464 κατεδίωκεν
1584 3408 1759 3464 ὀπίσω
1801 3415 1936 3464 X00-

2057 2077 2338 2145 percepta
2356 2073 2555 2147 fugam
2576 2075 2735 2131 fecit.
2758 2075 3064 2131 Heraclius
3078 2089 3448 2146 persequens
3464 2074 3713 2131 bellato-

2053 2179 2151 2218 res
2180 2163 2483 2230 interficit,
2497 2164 2790 2237 fugientes
2808 2163 3412 2236 dissipat,urbemque
3427 2165 3710 2219 Gazacum

2056 2252 2235 2322 capit.
2292 2255 2372 2308 Ea
2424 2254 2485 2307 in
2544 2253 2691 2309 urbe
2748 2254 2862 2309 fuit
2917 2253 3123 2309 fanum
3174 2253 3347 2322 Solis,
3394 2253 3709 2310 thesaurus

2053 2341 2232 2395 αι·ωεί
2298 2341 2591 2412 Lydorum
2643 2343 2819 2413 regis,
2870 2349 2929 2397 et
2976 2343 3305 2413 impostura
3353 2342 3703 2399 carbonum.

2054 2431 2361 2502 Ingressus
2391 2435 2590 2485 autem
2643 2432 2703 2485 in
2753 2447 2887 2486 eam
2939 2431 3408 2486 abominandum
3458 2432 3709 2486 offendit

2054 2519 2331 2574 Chosroaa
2360 2519 2745 2575 simulacrum
2778 2524 2836 2574 et
2866 2519 3122 2592 efﬁgiem
3155 2519 3284 2590 ejus
3314 2519 3376 2573 in
3405 2518 3564 2591 globi
3594 2519 3709 2574 for-

2052 2623 2234 2675 mam,
2295 2608 2588 2662 referente
2646 2607 2851 2679 palatii
2899 2607 3060 2662 tholo
3110 2612 3397 2678 tanquam
3446 2606 3507 2662 in
3556 2606 3705 2663 cuslo

2052 2699 2379 2755 sedentem.
2413 2700 2649 2754 Circum
2682 2702 2853 2754 erant
2902 2698 3012 2766 sol,
3049 2698 3200 2755 722
3250 2699 3394 2753 luna
3434 2704 3491 2753 et
3521 2703 3700 2754 astra.

2051 2788 2268 2859 quibus
2300 2788 2404 2843 ille
2436 2788 2882 2859 superstitiosus
2929 2793 3213 2859 tanquam
3245 2786 3358 2843 diis
3389 2786 3703 2855 serviebat,

2050 2876 2578 2932 circumstantibus
2604 2877 2715 2933 sibi
2734 2877 2962 2949 angelis
2986 2876 3386 2949 sceptrigeris.
3406 2877 3707 2933 Machinas

2048 2982 2226 3038 porro
2276 2966 2497 3037 impius
2545 2972 2871 3038 paraverat.
2923 2982 3057 3037 qum
3104 2982 3176 3020 ex
3223 2982 3293 3020 eo
3346 2965 3477 3021 loco
3508 2970 3706 3038 guttas

2048 3053 2261 3125 pluviae
2281 3054 2470 3110 instar
2489 3056 2833 3110 emitterent
2849 3055 3231 3125 sonitumque
3250 3054 3504 3109 tonitrus
3526 3071 3707 3111 aamu-

2048 3142 2172 3197 lum
2206 3142 2480 3199 ederunt.
2515 3145 2652 3198 Hasc
2700 3144 2902 3198 omnia
2954 3144 3263 3214 ipsamque
3313 3142 3473 3214 Ignis
3517 3142 3707 3198 aedem

2051 3236 2113 3286 et
2142 3237 2326 3287 totam
2355 3232 2567 3288 urbem
2598 3232 2929 3287 combussit
2958 3232 3302 3297 Heraclius;
3333 3247 3705 3303 propereque

2048 3320 2370 3376 Chosroem
2404 3338 2511 3392 per
2539 3320 2841 3393 angustias
2890 3320 3095 3375 Medica
3149 3320 3453 3376 insecutus
3483 3320 3704 3375 multas

2042 3409 2224 3465 urbes
2256 3415 2313 3465 et
2366 3411 2582 3466 multos
2634 3427 2802 3483 agros
2852 3410 3123 3466 vastavit.
3181 3409 3400 3465 Deinde
3451 3426 3584 3465 cum
3628 3410 3700 3464 de

288 3506 417 3580 ρόου
446 3504 499 3558 ἐν
532 3508 652 3567 τοῖς
681 3507 891 3562 στενοῖς
942 3506 1051 3555 τῶν
1105 3497 1311 3569 Μήδων
1362 3497 1617 3574 χωρίοίς,
1648 3498 1702 3553 ἐν
1733 3502 1816 3560 οἷς
1845 3500 1934 3553 καὶ

2058 3498 2315 3554 hibernis
2372 3499 2752 3568 deliberaret,
2814 3499 3011 3555 triduo
3080 3500 3407 3555 exercitum
3463 3498 3698 3565 lustrat,

281 3594 493 3656 πολλᾶς
523 3592 717 3655 πόλεις
777 3592 865 3646 καὶ
928 3591 1115 3666 χώρας
1169 3590 1456 3664 ἐπόρθησε.
1499 3584 1847 3660 Συμϐοὖλιον
1880 3587 1937 3643 δὲ

285 3686 518 3753 ποιήσας
575 3685 671 3736 106
727 3679 1164 3755 παραχειμάσαι,
1224 3676 1431 3751 ἁγνίζει
1505 3677 1599 3731 τὺν
1658 3676 1789 3732 λαὸν
1847 3676 1934 3732 ἐπὶ

286 3774 496 3846 ἡμέρας
547 3775 719 3844 τρεῖς,
776 3771 868 3825 καί
951 3767 1163 3840 ἀνοίξας
1216 3766 1284 3821 τὰ
1337 3769 1435 3821 τοῦ
1495 3770 1629 3821 Θεοῦ
1694 3767 1941 3841 ἅχραντα

284 3860 585 3937 Εὐαγγέλια
661 3862 775 3935 (44)
863 3860 1011 3933 εὗρεν
1113 3854 1467 3932 ἐπιτρέποντα
1542 3856 1596 3911 ὲν
1673 3851 1943 3929 ἈΛόανίᾳ

280 3950 712 4025 παραχειμάσαι.
756 3950 844 4005 Ἐν
906 3945 965 4002 δὲ
1014 3951 1095 4020 τῷ
1155 3945 1351 4020 μεταξὺ
1382 3950 1480 4012 τῆς
1512 3944 1642 4001 ὀδοῦ
1672 3942 1804 4025 ἔχον
1840 3945 1937 4001 σὺν

2047 3589 2387 3658 apertisque
2418 3594 2623 3660 postea
2654 3589 2950 3645 inviolatis
2981 3589 3080 3643 Dei
3115 3588 3448 3660 Evangeliis
3473 3588 3702 3643 invenit

2048 3676 2161 3731 sibi
2211 3678 2482 3732 mandari
2528 3682 2595 3732 ut
2643 3678 2704 3731 in
2761 3678 3015 3733 Albania
3063 3679 3306 3732 hiemet.
3365 3678 3431 3731 In
3490 3677 3702 3733 itinere

2049 3784 2226 3839 porro
2277 3769 2540 3839 captivos
2595 3770 2828 3836 Persas,
2878 3787 3027 3840 quos
3078 3786 3280 3825 secum
3338 3767 3593 3824 ducebat
3631 3767 3705 3823 ad

2051 3856 2482 3930 quinquaginta
2530 3857 2739 3925 millia,
2774 3861 2841 3911 ut
2889 3862 3016 3913 erat
3063 3857 3240 3912 homo
3292 3856 3492 3912 animo
3521 3856 3702 3910 mise-

2050 3944 2295 4012 ricordi,
2328 3944 2542 4001 ductus
2570 3945 2955 4001 miseratione
2986 3944 3240 4001 vinculis
3271 3942 3460 4000 solvit.

279 4049 431 4121 αὐτῷ
462 4046 683 4117 πολλὴν
715 4044 1105 4121 αἰχμαλωσίαν
1140 4045 1429 4119 Περσικὴν,
1463 4044 1593 4099 ὡσεὶ
1622 4047 1966 4115 πεντήκοντα
1996 4046 2279 4123 χιλιάδας,
2303 4049 2533 4111 τούτους
2562 4054 2633 4124 τῇ
2667 4056 2941 4125 συμπαθεῖ
2970 4053 3137 4105 αυτοῦ
3161 4052 3317 4125 ψυχῇ
3348 4046 3579 4117 ἐλεήσας
3593 4047 3705 4121 (45)

284 4152 392 4205 τῶν
420 4144 633 4220 δεσμῶν
664 4139 846 4201 ἔλυσε.

352 4249 441 4317 Τῷ
474 4241 536 4299 ιδ’
561 4238 667 4300 ἔτει
727 4242 979 4317 Χοσρόης
1032 4241 1061 4294 ὁ
1098 4243 1207 4296 τῶν
1256 4243 1471 4315 Περσῶν
1508 4238 1763 4315 βασιλεὺς
1796 4247 1939 4316 Σαρ-

287 4330 523 4409 ϐαραζᾶν
612 4330 782 4389 ἄλλον
872 4328 1175 4405 στρατηγὸν
1259 4328 1546 4398 ἐξοπλίσας
1618 4330 1751 4404 μετὰ
1805 4328 1943 4385 λαοῦ

287 4430 422 4502 πρὸς
488 4423 887 4500 Σαρϐαραγκᾶς
942 4421 1280 4491 ἀπέστειλεν,
1338 4422 1414 4483 ὡς
1483 4422 1773 4485 ἑνωθέντας
1838 4422 1944 4496 ἆμ-

288 4514 549 4595 φοτέρους
607 4514 922 4587 πολεμῆσαι
981 4511 1299 4584 Ῥωμαίοις.
1360 4512 1539 4568 Τοῦτο
1587 4512 1750 4588 γνοὺς
1781 4512 1809 4566 ὁ
1841 4512 1941 4595 βα-

287 4594 466 4663 σιλεὺς
533 4596 757 4656 ἔσπευσε
823 4595 1125 4673 συμϐαλεῖν
1213 4596 1459 4671 πόλεμον
1530 4599 1664 4672 μετά
1729 4594 1947 4675 Σαρδα-

2122 4246 2296 4303 Anno
2351 4246 2584 4303 decimo
2635 4252 2845 4319 quarto
2897 4248 3185 4303 Chosroes
3233 4248 3550 4303 Persarum
3603 4260 3707 4302 rex

2058 4334 2433 4391 Sarbarazam
2467 4335 2651 4391 alium
2673 4335 2883 4392 ducem
2905 4336 3090 4409 copiis
3122 4336 3384 4405 instruit,
3403 4335 3706 4406 mittitque

2060 4423 2134 4477 ad
2163 4424 2615 4493 Sarbaraneam,
2649 4431 2715 4481 ut
2761 4425 3098 4497 conjunctis
3146 4425 3365 4480 viribus
3410 4426 3449 4479 ii
3480 4424 3706 4480 bellum

2058 4518 2264 4569 contra
2294 4517 2590 4569 Romanos
2620 4520 2847 4587 gerant.
2882 4515 3046 4580 Quod
3080 4521 3148 4570 ut
3186 4515 3419 4570 rescivit
3448 4515 3708 4586 impera-

2058 4606 2169 4668 tor,
2192 4620 2329 4659 cum
2356 4604 2725 4661 Sarbaranca
2746 4604 2951 4677 praalio
2973 4604 3250 4677 congredi
3282 4604 3526 4672 studuit,
3549 4610 3711 4660 ante-

291 4697 461 4768 ραγκᾷ
490 4692 599 4767 πρὸ
656 4695 751 4746 106
791 4691 1054 4759 ἑνωθῆναι
1110 4688 1273 4743 αὐτὸν
1330 4692 1411 4759 τῷ
1473 4683 1821 4764 Σαρϐαραζᾷ,
1852 4689 1940 4744 καὶ

2058 4706 2235 4762 quam
2269 4708 2331 4748 se
2384 4693 2437 4748 ei
2486 4692 2839 4749 Sarbarazas
2892 4694 3295 4766 conjungeret.
3328 4694 3531 4764 Itaque
3571 4708 3708 4747 eum

288 4779 502 4843 πολλὰς
532 4776 805 4855 ἐκδρομὰς
857 4779 973 4833 κατ’
1021 4778 1189 4833 αὐτοῦ
1218 4779 1592 4851 ποιησάμενος
1622 4777 1699 4841 εἷς
1732 4775 1938 4833 δειλίαν

287 4870 450 4925 αὐτὸν
480 4863 751 4925 ἐνέϐαλεν.
809 4868 1067 4924 Ὀπισθεν
1122 4864 1181 4921 δὲ
1237 4864 1579 4944 ἀμφοτέρους
1612 4864 1775 4929 ἒάσας
1805 4867 1944 4923 κατᾶ

286 4954 531 5028 Χοσρόου
565 4954 700 5029 μετὰ
746 4950 993 5023 σπουδῆς
1040 4949 1297 5023 ἤλαυνεν.
1332 4951 1723 5027 Αὐτομολοῦσι
1754 4950 1813 5009 δὲ
1844 4951 1940 5009 δύο

2052 4780 2276 4836 crebris
2328 4782 2825 4854 impressionibus
2879 4783 3182 4837 exterruit.
3224 4783 3405 4836 Porro
3453 4785 3707 4850 utroque

2052 4874 2188 4941 post
2218 4887 2281 4926 se
2316 4871 2523 4927 relicto
2549 4873 2872 4928 Chosroem
2893 4871 3248 4928 festinanter
3275 4870 3575 4925 insecutus
3593 4873 3702 4923 est.

2052 4958 2198 5013 Tum
2246 4958 2363 5017 duo
2421 4961 2671 5017 Romani
2730 4959 2806 5016 ad
2858 4961 3070 5015 Persas
3123 4956 3582 5029 transfugientes
3629 4955 3703 5012 iis

1496 5043 1854 5100 XYLANDRI
1894 5045 1981 5099 ET
2020 5043 2233 5103 COARI
2274 5049 2497 5105 ΝΟΤᾸΞ.

355 5175 467 5242 (42)
498 5173 685 5242 Locus
714 5174 807 5226 est
826 5167 1327 5242 mutilatus._7XvL.

356 5240 470 5315 (43)
504 5240 833 5317 βὶγλαηγοι
884 5240 1092 5317 Latina
1144 5240 1342 5317 Graeco
1390 5257 1567 5317 more
1595 5241 1808 5317 posita.
1845 5242 1937 5296 Sic

289 5308 632 5387 sm'pe'a'pu'd
669 5311 1126 5387 Nicetam._XYL,
1160 5308 1329 5383 βίγλα
1369 5308 1614 5367 excubiae
1640 5313 1934 5387 militares.

288 5383 645 5465 Emam—mss
680 5384 904 5465 vocavit
956 5383 1276 5465 Simocatta
1331 5399 1395 5447 ιι,
1463 5387 1530 5465 9,.
1589 5385 1939 5465 εφριοταριρηι

289 5459 535 5526 scilicet,
582 5452 655 5514 et
710 5462 999 5513 secretam
1053 5452 1460 5524 latentemque
1516 5452 1774 5510 hostium
1817 5455 1937 5510 dis-

292 5531 694 5659 quisitionem,
755 5527 1055 5584 Cedrenus
1114 5526 1174 5579 in
1233 5525 1512 5580 Mauricio
1566 5527 1940 5595 κατασκοπήν.

339 5619 467 5659 om.

339 5619 473 5747 ((22)
501 5672 792 5730 Nimirum
816 5674 883 5726 ut
912 5667 1048 5747 inde
1079 5671 1280 5747 sortes
1316 5670 1599 5747 captaret.
1630 5668 1942 5747 Divinandi

293 5738 405 5803 hoc
455 5738 649 5819 genus
701 5740 1181 5817 superstitiosum
1230 5743 1289 5795 et
1343 5738 1616 5812 impium,
1674 5739 1830 5811 quod
1887 5744 1946 5796 et

2051 5173 2137 5246 1).Δ
2176 5175 2542 5246 Augustinus
2609 5178 2905 5229 memorat
2978 5177 3155 5246 atque
3211 5170 3552 5246 improbat,_
3586 5170 3705 5227 fine

2048 5241 2316 5314 epistola:
2342 5247 2465 5313 119,
2488 5246 2562 5301 ad
2581 5246 2953 5300 Ianuarium.
2986 5241 3078 5299 Sic
3097 5241 3706 5315 profani‘Virgilianas

2048 5312 2238 5387 sortes
2286 5312 2707 5379 consulebant,
2758 5314 3072 5387 cujusmrei
3098 5312 3479 5385 'exemplum'
3512 5317 3602 5370 est
3641 5314 3703 5371 in

2048 5384 2315 5459 Adriano
2345 5387 2621 5459 Spartiati
2654 5392 2714 5441 et
2744 5384 2863 5459 alia
2892 5385 3223 5459 alibinyn.

2121 5458 2257 5531 (45)__
2300 5452 2745 5531 l_n'm_argine;
2807 5457 2865 5531 Ὁ
2933 5452 2991 5531 δὲ
3033 5454 3185 5531 Δἐμὶες
3254 5454 3509 5531 βασιλεῖἒς
3562 5457 3706 5531 ’Ῑσάῒ

2048 5545 2169 5604 κιος
2214 5527 2257 5604 L8
2314 5526 2613 5604 Ἄγγελος,
2661 5528 2754 5604 καὶ
2810 5527 2904 5591 οὺς
2960 5526 3705 5604 igt’_:a610<pmpcp__e6pe_xa0’

2049 5596 2266 5677 ἑαυτοῦ,
2299 5596 2860 5677 καὶᾲϊφιλοτιμὴσατο
2908 5597 2998 5654 καὶ
3047 5596 3535 5675 ἀξιωμάτωνὸψει
3575 5599 3707 5655 ὑπε-

2052 5662 2353 5744 ρεϐίόασεν.
2386 5662 2526 5728 Χὴ..
