4148 6212
423 395 540 458 τοι
1808 390 1852 448 G
1865 386 2127 449 EURGll
2173 386 2512 448 GEDRENI
3712 385 3840 444 792

430 531 792 603 persuadent
820 531 1097 590 Romanis
1145 530 1294 601 fugai
1343 543 1578 583 causam
1629 542 1757 582 esse
1809 531 2060 580 metum.

2183 526 2290 576 τῶν
2351 521 2643 594 Ῥωμαίων
2702 524 2839 598 πρὸς
2897 525 3024 596 τοὺς
3110 524 3337 599 Πέρσας,
3393 524 3485 580 καὶ
3550 523 3833 588 πείθουσιν

435 621 626 676 Simul
649 627 923 676 etrumor
937 620 1180 675 affertur
1201 618 1338 673 Sain
1360 619 1674 672 Persarum
1697 615 1908 670 ducem
1931 629 2079 668 novo

438 725 570 765 cum
604 709 866 764 exercitu
903 707 1202 770 advenire,
1237 707 1360 762 suis
1407 705 1627 762 auxilio
1678 703 1947 759 missum.
1981 702 2080 757 His

439 798 688 871 cognitis
738 797 1134 853 Sarbarancas
1183 802 1242 851 et
1300 795 1646 850 Sarbarazas
1693 793 1757 848 in
1819 793 1968 848 723
2023 789 2084 844 id

439 887 859 955 incubuerunt,
895 892 960 941 ut
989 902 1126 940 cum
1177 885 1447 940 Heraclio
1493 883 1883 955 confligerent
1921 880 2083 952 prius

437 993 615 1049 quam
645 977 773 1032 Sais
803 977 1227 1048 superveniens
1275 975 1349 1030 ad
1397 991 1524 1030 sese
1557 973 1816 1029 victoriae
1847 970 2082 1034 laudem

434 1067 802 1124 transferret.
835 1065 1038 1122 Fidem
1071 1082 1306 1137 quoque
1352 1064 1790 1136 transfugarum
1821 1060 2081 1117 sermoni

434 1157 724 1212 habentes
755 1157 828 1212 ad
857 1155 1194 1212 Heraclium
1227 1157 1623 1221 accesserunt,
1657 1157 1716 1207 et
1743 1153 1804 1206 in
1839 1151 2080 1223 propin-

436 1251 779 1318 quo-castra
825 1249 1172 1318 posuerunt,
1205 1245 1267 1300 in
1314 1244 1517 1299 animo
1573 1241 1858 1297 habentes
1889 1241 2082 1313 prima

434 1335 567 1392 luce
592 1349 846 1390 manum
865 1349 1198 1390 conserere.
1227 1331 1528 1388 Heraclius
1549 1334 1748 1386 autem
1773 1329 1952 1386 motis
1973 1327 2080 1386 sub

436 1440 746 1497 vesperam
776 1424 984 1479 castris
1014 1439 1121 1494 per
1150 1426 1334 1478 totam
1365 1426 1602 1476 noctem
1631 1420 1743 1475 iter
1771 1419 1930 1486 fecit,
1954 1434 2084 1490 pro-

437 1514 654 1586 culque
672 1513 744 1570 ab
763 1512 1034 1568 hostibus
1049 1512 1112 1568 in
1129 1527 1404 1583 campum
1426 1510 1714 1566 virentem
1734 1523 2080 1581 progressus

439 1603 521 1658 ibi
553 1607 745 1659 castra
774 1602 989 1674 posuit.
1021 1603 1206 1667 Quem
1239 1599 1476 1656 Barbari
1507 1616 1628 1670 prae
1657 1603 1820 1654 metu
1859 1597 2079 1669 fugisse

437 1693 551 1750 rati
608 1693 852 1750 confuso
904 1693 1138 1765 agmine
1202 1691 1500 1762 persecuti
1557 1695 1714 1746 sunt.
1777 1687 2080 1744 l-leraclius

437 1786 636 1839 autem
669 1781 740 1837 iis
770 1783 1045 1850 occurrit,
1078 1797 1392 1854 pugnaque
1437 1773 1756 1835 commissa
1798 1776 2078 1834 divinitus

2183 607 2377 672 αὺτοὺς
2426 608 2509 665 ὅτι
2569 610 2627 665 ἐκ
2684 608 2892 674 δειλίας
2945 613 3234 690 φεύγουσιν
3264 613 3316 668 οἱ
3346 614 3630 688 Ῥωμαῖοι.
3661 611 3837 669 Ἦλθε

2183 695 2240 753 δὲ
2292 696 2478 761 αὺτοῖς
2534 700 2622 754 καὶ
2683 703 2844 778 φήμη
2903 703 2994 757 τὸν
3058 700 3186 756 Σαίν
3245 702 3551 779 στρατηγὸν
3611 703 3836 776 Περσῶν

2179 782 2620 860 καταλαμϐάνειν
2684 790 2798 862 μεθ’
2857 789 3040 864 ἑτέρου
3102 791 3502 865 στρατεύματος
3561 791 3637 852 είς
3689 793 3838 865 βοή.

2180 877 2344 933 θειαν.
2379 879 2552 934 Τοῦτο
2610 877 2863 950 μαθόντες
2925 875 3307 956 Σαρϐαραγκᾶς
3362 901 3421 936 τε
3475 880 3566 934 καὶ
3615 876 3836 952 Σαρεα-

2182 971 2345 1040 ραζᾶς
2412 968 2746 1044 ἠγωνίσαντο
2833 967 3131 1044 συμϐαλεῖν
3211 971 3454 1046 πόλεμον
3521 970 3837 1046 Ἡρακλείῳ

2181 1055 2288 1129 πρὸ
2315 1059 2412 1110 τοῦ
2443 1057 2637 1135 φθάσαι
2680 1059 2770 1113 τὸν
2824 1060 2978 1130 Σαῒν,
3033 1059 3124 1114 καὶ
3175 1062 3274 1131 τὴν
3332 1059 3485 1130 νίκην
3516 1059 3599 1114 ἐπ’
3629 1058 3839 1120 αὐτοὺς

2186 1151 2533 1222 μετενεγκεῖν.
2595 1149 2978 1212 Πιστεύσαντες
3037 1146 3093 1204 δέ
3150 1150 3237 1204 καί
3311 1155 3430 1211 τοῖς
3490 1149 3838 1222 αὐτομόλοις

2185 1233 2473 1308 ἐχώρησαν
2529 1238 2664 1291 κατὰ
2720 1236 3070 1312 Ἡρακλείου.
3123 1239 3218 1294 Καὶ
3251 1237 3652 1309 πλησιάσαντες
3682 1239 3840 1312 αὐτῷ

2184 1326 2614 1395 κατεσκήνωσαν,
2679 1326 3011 1403 βουλόμενοι
3069 1330 3182 1402 ἅμα
3239 1335 3384 1404 πρωὶ
3415 1325 3738 1402 συμϐαλεῖν.
3775 1329 3840 1386 Ὀ

2186 1409 2242 1468 δὲ
2297 1414 2614 1490 Ἡράκλειος
2669 1415 2875 1494 ἀπάρας
2929 1419 3018 1496 ἀφ’
3070 1417 3294 1492 ἑσπέρας
3351 1416 3550 1474 ὥδευσε
3591 1417 3662 1472 δι’
3694 1418 3841 1490 ὅλης

2184 1505 2284 1568 τῆς
2317 1504 2530 1575 νυκτὸς,
2591 1507 2799 1579 μακράν
2856 1529 2916 1562 τε
2969 1507 3261 1584 γενόμενος
3301 1509 3393 1564 ἀπ’
3422 1511 3625 1579 αὐτῶν,
3659 1509 3838 1584 εὑρὼν

2185 1589 2368 1648 πεδίον
2426 1592 2776 1673 χλοηφόρον,
2837 1593 3153 1669 ἧπλήκευσε
3209 1600 3340 1673 (46).
3399 1597 3739 1673 Νομίσαντες
3775 1597 3838 1655 δὲ

2186 1682 2238 1767 ot
2297 1677 2572 1759 Βάρϐαροι
2656 1683 2814 1740 αὺτὸν
2883 1685 2942 1741 ἐκ
3017 1684 3223 1750 δειλίας
3292 1688 3502 1767 φεύγειν
3571 1689 3837 1763 ἀκόσμως

2184 1766 2430 1825 ἐδίωκον·
2498 1772 2658 1834 αὐτὸς
2753 1770 2809 1828 δὲ
2901 1773 3225 1836 ὑπαντιάσας
3307 1766 3497 1838 αὐτοῖς
3570 1775 3836 1852 ἐκρότησε

435 1871 675 1944 adjutus
732 1887 836 1928 eos
885 1871 1056 1940 fudit,
1114 1871 1536 1940 insecutusque
1605 1884 1714 1939 per
1787 1865 2072 1924 convalles

2183 1857 2453 1933 πόλεμον,
2518 1861 2607 1916 καὶ
2673 1865 2742 1936 τῇ
2808 1866 2904 1918 τοῦ
2966 1869 3100 1919 Θεοῦ
3167 1865 3416 1940 συνεργίᾳ
3467 1867 3651 1940 τρέπει
3703 1866 3840 1929 τοὺς

437 1977 709 2034 magnam
729 1966 984 2032 stragem
1007 1960 1265 2016 hostium
1291 1957 1494 2014 edidit.
1521 1959 1778 2014 Durante
1802 1955 1994 2012 adhuc
2011 1971 2080 2009 eo

436 2051 780 2116 certamine,
805 2050 1018 2106 Sainus
1048 2065 1283 2120 quoque
1306 2065 1414 2104 suo
1438 2065 1571 2103 cum
1594 2048 1856 2102 exercitu
1883 2061 2081 2116 super-

436 2140 636 2194 venit:
663 2138 766 2194 sed
799 2143 857 2194 et
886 2139 1043 2194 hunc
1067 2137 1221 2192 fudit
1251 2137 1572 2192 Heraclius.
1607 2136 1904 2206 Multaque
1921 2134 2080 2190 caede

436 2228 697 2284 hostium
726 2228 881 2284 facta
911 2227 1179 2300 palantes
1209 2226 1471 2296 reliquos
1493 2227 1553 2281 in
1587 2226 1718 2297 fuga
1751 2225 2080 2296 dissipavit,

437 2323 610 2389 capto
639 2317 818 2373 etiam
849 2316 1012 2372 tuldo
1047 2315 1330 2371 hostium.
1631 2333 1640 2340 ·

503 2589 648 2646 Inde
680 2589 995 2646 Sabarazas
1024 2605 1159 2644 cum
1185 2587 1361 2645 Saino
1387 2587 1697 2660 conjungit
1717 2605 1801 2656 se,
1825 2603 2078 2659 cumque

435 2679 698 2751 reliquos
714 2678 1006 2734 Barbaros
1027 2677 1424 2750 collegissent,
1451 2678 1644 2734 denuo
1665 2677 1885 2733 adoriri
1908 2679 2080 2734 Hera-

436 2768 618 2825 olium
648 2773 935 2825 statuunt.
978 2769 1189 2822 Verum
1220 2767 1271 2822 is
1319 2783 1426 2838 per
1452 2783 1664 2838 aspera
1709 2772 1772 2823 et
1799 2767 2081 2824 transitus

433 2858 709 2916 diftlciles
758 2856 1036 2912 habentia
1082 2856 1212 2912 loca
1259 2855 1334 2912 ad
1384 2857 1732 2914 Hunnorum
1777 2855 2080 2928 regionem

433 2945 760 3013 contendit,
783 2943 1239 3016 insequentibus
1269 2960 1305 3000 a
1322 2948 1482 3015 tergo
1501 2943 1934 3011 Barbaris,cum
1957 2945 2083 3016 qui-

429 3035 566 3091 dem
608 3033 737 3092 basi
791 3037 850 3088 et
895 3031 1112 3105 Abasgi
1159 3031 1480 3088 formidine
1528 3031 1783 3101 correpti
1829 3030 2081 3088 desertis

431 3123 712 3182 Romanis
729 3123 972 3180 domum
994 3119 1416 3180 discesserunt.
1433 3121 1556 3185 Quo
1579 3120 1732 3182 facto
1755 3121 2079 3176 delectatus

428 3216 646 3276 Sainus
671 3213 952 3269 audacter
987 3227 1134 3266 cum
1155 3211 1279 3266 suis
1322 3210 1385 3266 in
1429 3210 1760 3269 Heraclium
1793 3210 1912 3266 ivit.
1947 3213 2071 3266 Im-
2103 3251 2146 3318 ο

427 3310 668 3378 pe‘rator
684 3307 884 3358 autem
910 3300 1146 3355 animos
1165 3299 1531 3356 suorum-tali
1564 3299 1830 3355 oratione
1853 3300 2075 3355 excita-

429 3395 512 3448 vit
545 3411 557 3448 :
590 3392 803 3460 Nolite,
834 3390 1067 3456 fratres,
1101 3389 1362 3444 hostium
1401 3389 1783 3444 multitudine
1815 3391 2022 3445 terreri
2056 3406 2070 3447 :

433 3497 594 3538 unus
623 3480 780 3535 enim
811 3483 1108 3544 nostrum,
1139 3479 1258 3532 Deo
1301 3477 1385 3533 ita
1429 3477 1680 3546 volente,
1711 3477 1873 3532 mille
1920 3479 2074 3536 viros

430 3569 678 3642 fugabit.
700 3566 1083 3624 Immolemus
1105 3567 1258 3622 724
1287 3582 1396 3622 nos
1427 3567 1544 3621 Deo
1575 3565 1826 3642 fratrum
1847 3573 2074 3630 nostro-

430 3674 563 3716 rum
590 3658 800 3725 salute,
827 3672 1195 3728 coronasque
1225 3661 1552 3728 martyrum
1583 3656 2074 3728 adipiscamur,ut

429 3749 748 3823 posteritas
775 3763 890 3802 nos
914 3745 1133 3802 laudet.
1169 3745 1269 3801 His
1289 3745 1542 3816 aliisque
1569 3746 1840 3817 pluribus
1869 3748 2071 3810 cohor-

429 3845 586 3896 tatus
616 3851 758 3894 suos
787 3837 922 3892 laeto
951 3835 1116 3891 vultu
1146 3835 1331 3892 aciem
1365 3836 1625 3892 instruit.
1667 3837 2072 3896 Constiterunt

424 3930 682 3987 adversm
708 3928 864 3983 acies
887 3927 1097 3997 exiguo
1119 3925 1292 3996 interj
1303 3930 1431 3980 ecto
1455 3924 1662 3996 spatio,
1699 3931 1759 3980 et
1777 3942 1963 3996 usque
1994 3926 2068 3982 ad

423 4035 728 4092 vesperam
752 4016 1035 4082 conﬂictu
1051 4014 1487 4070 abstinuerunt.
1515 4015 1766 4086 Vespera
1785 4015 2069 4086 ingruen-

421 4116 498 4178 te,
534 4111 858 4181 imperator
886 4105 946 4159 in
979 4104 1191 4158 itinere
1223 4103 1502 4174 perrexit,
1525 4119 1761 4157 rursum
1795 4104 2067 4160 Barbaris

422 4216 460 4268 a
485 4205 648 4272 tergo
681 4193 1090 4268 sequentibus.
1123 4192 1230 4257 Qui
1264 4208 1398 4262 cum
1433 4196 1657 4247 mutata
1700 4193 2064 4264 profectione

423 4291 792 4346 antevertere
851 4286 1229 4348 conarentur,
1278 4280 1618 4336 inciderunt
1659 4281 1720 4336 in
1777 4283 2066 4353 palustria

421 4377 572 4440 loca,
603 4373 859 4444 indeque
891 4371 1050 4426 exire
1082 4386 1288 4423 rursus
1317 4371 1503 4424 coacti
1549 4375 1703 4424 sunt.
1738 4371 2065 4442 Imperator

423 4469 622 4521 autem
653 4477 787 4517 cum
826 4460 999 4532 juxta
1043 4458 1518 4513 Persarmeniam
1567 4459 1828 4523 duceret,
1874 4477 2060 4531 eaque

422 4551 582 4624 regio
614 4547 810 4608 Persis
839 4545 1130 4612 subesset,
1161 4544 1333 4599 multi
1367 4562 1437 4599 ex
1469 4561 1538 4599 ea
1578 4545 1652 4600 ad
1685 4541 2058 4604 Sarbarazam

2186 1943 2526 2034 Βαρϐάρους,
2559 1949 2647 2005 καὶ
2678 1952 2905 2015 τούτους
2968 1955 3053 2026 [Ρ.
3085 1956 3212 2028 413]
3269 1951 3354 2009 διά
3392 1959 3499 2009 τῶν
3531 1957 3840 2034 φαράγγων

2187 2033 2380 2107 διώξας
2411 2036 2602 2112 πλήθη
2635 2038 2822 2098 πολλά
2877 2041 3110 2099 ἀνεῖλεν.
3172 2044 3262 2099 Ἐν
3307 2048 3386 2116 τῷ
3417 2033 3609 2116 μεταξὺ
3641 2042 3701 2099 δὲ
3729 2050 3848 2099 τῶν

2187 2127 2408 2200 ἀγώνων
2461 2123 2630 2182 ὄντων
2689 2125 2880 2210 ἔφθασε
2937 2131 3025 2186 καὶ
3081 2133 3109 2185 ὁ
3167 2132 3295 2186 Σαῗν
3357 2133 3447 2186 σὺν
3504 2137 3584 2205 τῷ
3635 2133 3841 2187 ἑαυτοῦ

2186 2221 2418 2292 στρατῷ.
2455 2213 2768 2292 Συμϐαλὼν
2800 2217 2858 2274 δὲ
2900 2220 2987 2274 καὶ
3027 2222 3142 2294 μετ’
3172 2221 3338 2276 αὐτοῦ
3369 2224 3397 2276 ὁ
3433 2221 3709 2298 βασιλεὺς,
3742 2221 3845 2277 καὶ

2185 2311 2374 2362 τοῦτον
2401 2309 2598 2384 τρέψας
2655 2309 2902 2372 πολλοὺς
2957 2310 3142 2367 ἀνεῖλε
3194 2312 3284 2366 καὶ
3327 2311 3453 2376 τοὺς
3483 2311 3714 2374 λοιποὺς
3748 2310 3845 2367 δι-

2186 2395 2398 2471 έσπειρε
2427 2397 2745 2475 φεύγοντας,
2803 2396 3077 2476 παρέλαϐε
3135 2399 3192 2457 δὶ
3241 2402 3332 2457 καὶ
3360 2403 3422 2456 τὸ
3451 2399 3682 2458 τοῦλδον
3729 2404 3844 2458 αὖ·

2184 2507 2315 2545 των.

2256 2580 2318 2638 Ὀ
2384 2577 2441 2635 δὲ
2509 2575 2862 2656 Σαρϐαραζᾶς
2929 2583 3144 2648 ὲνωθεῖς
3206 2589 3288 2658 τῷ
3353 2582 3479 2639 Σαΐν
3547 2582 3846 2658 ἒπισυνῆξε

2183 2667 2310 2732 τοὺς
2342 2668 2765 2749 ὖπολειφθέντας
2825 2667 3158 2748 Βαρϐάρους,
3209 2674 3300 2729 καὶ
3331 2672 3499 2730 πάλιν
3529 2671 3842 2730 διενοοῦντο

2184 2759 2320 2813 κατὰ
2374 2765 2472 2814 τοῦ
2534 2759 2804 2834 βασιλέως
2862 2768 3089 2842 χωρεῖν.
3143 2763 3205 2820 Ὀ
3263 2761 3321 2819 δὲ
3375 2763 3696 2840 Ἡράκλειος
3740 2763 3838 2820 ἐπὶ

2182 2849 2281 2917 τὴν
2313 2852 2422 2904 τῶν
2453 2850 2674 2908 Οὕννων
2727 2851 2916 2925 χώραν
2965 2854 3056 2908 καὶ
3103 2858 3222 2916 ταῖς
3249 2855 3456 2910 τούτων
3490 2851 3838 2930 δυσχωρίαις

2184 2939 2416 3010 ἤλαυνεν
2478 2939 2532 2996 ἐν
2587 2942 2779 3006 τόποις
2847 2943 3073 3020 τραχέσι
3129 2945 3220 3000 καὶ
3277 2941 3583 3009 δυσϐάτοις.
3643 2949 3716 3005 Οἱ
3774 2947 3839 3004 3‘s

2185 3024 2457 3106 Βάρϐαροι
2506 3031 2682 3086 ὀπισω
2729 3031 2894 3088 αὐτοῦ
2941 3033 3300 3103 ἠκολούθουν.
3342 3035 3409 3094 Οἱ
3444 3037 3625 3109 μέντοι
3658 3039 3840 3107 Λαζοί

2183 3120 2299 3192 ἃμα
2354 3125 2472 3183 τοῖς
2530 3116 2820 3198 Ἀϐασγοῖς
2879 3122 3242 3188 ὃειλιάσαντες
3270 3123 3576 3182 ἀπέσπασαν
3605 3127 3838 3191 ἑαυτοὺς

2183 3215 2284 3278 τῆς
2327 3213 2434 3264 τῶν
2488 3211 2775 3284 Ῥωμαίων
2811 3213 3132 3287 συμμαχίας
3187 3213 3278 3268 καὶ
3327 3210 3510 3270 οἴκαδε
3546 3215 3846 3292 ἀνεχώρη-

2183 3319 2300 3353 σαν.
2331 3299 2392 3356 ’0
2439 3295 2497 3354 δὲ
2554 3301 2684 3354 Σαῖν
2731 3301 2915 3370 ἡσθεὶς
2973 3300 3059 3356 ἐπὶ
3116 3303 3294 3374 τούτῷ
3324 3304 3481 3376 θυμῷ
3508 3301 3707 3376 πολλῷ
3741 3308 3844 3362 σὺν

2180 3391 2296 3449 τοῖς
2329 3383 2631 3463 Βαρϐάροις
2689 3386 2889 3464 ἐχώρει
2945 3391 3080 3445 κατὰ
3117 3391 3458 3465 Ἡρακλείου.
3491 3393 3552 3449 Ὁ
3579 3390 3635 3447 δὲ
3667 3395 3836 3468 βασι-

2181 3473 2308 3539 λεὺς
2338 3475 2523 3550 λόγοις
2548 3477 2639 3533 τὸν
2694 3479 2920 3554 στρατὸν
2975 3479 3356 3555 ἀναπτερώσας
3387 3481 3617 3556 παρῄνει
3650 3480 3830 3560 λέγω·

2177 3566 2254 3620 Τὸ
2283 3563 2498 3635 πλῆθος
2531 3567 2689 3640 ὑμᾶς,
2744 3565 2993 3646 ἀδελφοὶ,
3057 3570 3134 3642 μή
3191 3570 3520 3644 ταραττέτιιγ
3553 3576 3690 3626 Θεοῦ
3717 3573 3832 3647 γὰρ

2179 3651 2432 3717 θέλοντος
2490 3659 2567 3717 εἷς
2625 3653 2803 3726 διώξει
2854 3656 3096 3735 χιλίους.
3156 3661 3412 3732 Θύσωμεν
3445 3659 3540 3715 οὖν
3580 3665 3660 3732 τῷ
3706 3667 3833 3736 Θεῷ

2175 3743 2396 3807 ἑαυτοὺς
2461 3745 2595 3821 ὑπὲρ
2659 3753 2758 3816 τῆς
2821 3751 2928 3802 τῶν
2993 3745 3242 3824 ἀδελφῶν
3308 3751 3470 3822 ἡμῶν
3521 3751 3828 3824 σωτηρίας,

2176 3827 2441 3904 Λᾶϐωμεν
2471 3834 2637 3911 στέφη
2674 3833 2985 3910 μαρτύρων,
3010 3832 3100 3888 ’ίνα
3147 3835 3176 3888 ὁ
3225 3835 3445 3908 μέλλων
3488 3839 3635 3910 ἡμᾶς
3666 3836 3836 3893 ἐπαι-

2172 3923 2297 3996 νέσῃ
2327 3923 2546 3996 χρόνος.
2575 3922 2807 3985 Τούτοις
2851 3923 2939 3978 καὶ
2988 3922 3185 3986 ἄλλοις
3217 3922 3433 3980 πλείοσι
3473 3927 3836 4004 παραθαρρύ-

2171 4033 2264 4074 νας
2291 4014 2382 4068 τὸν
2440 4014 2665 4087 στρατὸν
2722 4011 2935 4092 φαιδρῷ
2989 4018 3068 4085 τῷ
3123 4015 3406 4090 προσώπῳ
3459 4013 3699 4091 ἐξαρτύει
3731 4018 3830 4072 τὸν

2171 4102 2434 4176 πόλεμον.
2472 4101 2572 4159 Καὶ
2605 4102 2821 4166 στάντες
2869 4101 2952 4157 ἐπ’
3008 4101 3284 4174 ἀλλήλοις
3319 4104 3425 4160 ἀπὸ
3461 4109 3660 4180 μικροῦ
3691 4104 3826 4160 δια-

2170 4194 2450 4265 στήματος
2505 4191 2670 4254 ἓωθεν
2723 4193 2920 4268 μέχρις
2975 4191 3199 4268 ἑσπέρας
3255 4191 3533 4264 ἀλλήλοις
3587 4195 3652 4249 ού
3692 4217 3828 4250 συν-

2171 4275 2388 4338 έϐαλον.
2429 4281 2692 4357 Ἑσπέρας
2751 4277 2808 4335 δέ
2863 4277 3280 4353 καταλαϐούσης
3328 4283 3356 4337 ὁ
3419 4283 3676 4359 βασιλεὺς
3715 4293 3825 4356 τῆς

2167 4367 2482 4441 ὁδοιπορίας
2515 4367 2720 4448 εἷ’χετο,
2750 4370 2840 4424 καὶ
2879 4371 2931 4424 οἱ
2999 4366 3269 4446 Βάρϐαροι
3308 4371 3473 4428 πάλιν
3505 4374 3682 4428 ὀπισω
3713 4377 3824 4429 αύ-

2165 4463 2262 4512 τοῦ
2293 4458 2650 4529 ἠκολούθουν,
2712 4458 3129 4529 Ἐναλλάξαντες
3187 4459 3244 4516 δὲ
3288 4464 3388 4532 τήν
3421 4460 3570 4531 ὁδὸν,
3600 4463 3823 4538 προλα-

2169 4545 2280 4604 ϐεῖν
2312 4554 2502 4604 τοῦτον
2561 4547 2913 4623 βουλόμενοι,
2973 4546 3334 4621 ἐμπίπτουσιν
3382 4551 3460 4612 εἷς
3488 4553 3656 4608 τόπον
3687 4553 3820 4609 τελ-

417 4615 662 4716 profecti
689 4635 888 4706 copias
906 4632 1035 4705 ejus
1052 4637 1344 4687 auxerunt
1367 4649 1379 4686 :
1404 4633 1507 4688 sed
1530 4633 1725 4690 hieme
1747 4642 2062 4706 appetente

2179 4637 2422 4711 ματώδη,
2480 4615 2570 4692 καί
2627 4615 3037 4712 ἠναγκάσθησαν
3103 4637 3358 4710 ἐξελθεῖν.
3416 4643 3478 4698 Ὀ
3535 4639 3591 4697 δὲ
3652 4643 3818 4718 βασι-

418 4731 663 4788 domum
695 4724 946 4796 quisque
987 4738 1153 4776 suam
1196 4720 1616 4776 discesserunt.
1651 4724 1729 4776 Eo
1759 4731 2061 4796 comperto

419 4820 734 4884 lleraclius,
782 4820 963 4876 noctu
1021 4813 1227 4868 statuit
1282 4813 1482 4868 hostes
1538 4816 1794 4887 aggredi.
1857 4819 2061 4889 Itaque

417 4913 680 4982 delectos
703 4907 932 4980 equites
949 4904 1163 4966 robore
1186 4903 1704 4975 praestantissimos
1726 4911 1784 4961 et
1804 4905 2060 4966 militum

416 5001 772 5058 fortissimos
822 4993 1158 5068 praecedere
1199 4992 1394 5064 jubet,
1442 4993 1568 5064 ipse
1625 5011 1756 5052 cum
1813 4996 2060 5068 reliquis

418 5091 820 5164 subsequitur.
880 5087 965 5140 Ita
1022 5083 1268 5138 Romani
1337 5081 1688 5139 festinantes
1747 5087 2057 5144 castellum

413 5183 774 5247 Albanorum
789 5177 933 5231 hora
955 5170 1144 5228 noctis
1167 5187 1326 5226 nona
1347 5177 1658 5243 occupant.
1682 5174 1903 5238 Quibus
1921 5193 2056 5233 cum

412 5276 624 5340 Persas,
657 5269 914 5326 adventu
945 5279 1148 5320 eorum
1183 5262 1438 5335 cognito,
1466 5271 1862 5326 occurrerent,
1898 5268 2054 5322 occi-

2172 4726 2297 4788 λεὺς
2327 4730 2426 4797 τήν
2480 4733 2585 4801 γῆν
2645 4728 3046 4801 Περσαρμενίας
3098 4731 3424 4808 παρέτρεχε.
3475 4733 3585 4800 Τῆς
3617 4738 3723 4804 γῆς
3757 4729 3822 4786 δὲ

2171 4817 2378 4887 ἐκείνης
2429 4817 2532 4872 ὑπὸ
2579 4819 2685 4870 τῶν
2732 4821 2952 4888 Περσῶν
3004 4820 3380 4892 κρατουμένης
3428 4817 3634 4874 πολλοὶ
3690 4841 3822 4874 συν-

2168 4907 2390 4982 ἐτρεχον
2447 4910 2528 4977 τῷ
2587 4900 2928 4980 Σαρϐαραζᾷ,
2985 4905 3073 4960 καὶ
3131 4905 3344 4978 ηὐξεῖτο
3403 4906 3595 4969 ὁλαὸς
3625 4908 3817 4964 αὐτοῦ’

2169 4999 2447 5071 χειμῶνος
2506 4991 2564 5052 δὶ
2619 4992 3004 5069 ἐπιγενομένου
3062 4993 3392 5069 ἐσκορπίσθη
3448 4994 3674 5061 ἕκαστος
3737 4999 3819 5061 εἷς

2165 5089 2256 5144 τὸν
2285 5085 2427 5142 ’ἰδιον
2459 5087 2649 5142 τόπον.
2699 5090 2870 5142 Τοῦτο
2929 5087 3112 5159 μαθὼν
3172 5089 3201 5143 ὁ
3263 5088 3520 5164 βασιλεὺς
3551 5088 3818 5146 διενοεῖτο

2167 5177 2218 5233 ἐν
2278 5177 2427 5232 νυκτὶ
2485 5174 2684 5249 κλέψαι
2772 5175 2867 5230 τὸν
2936 5176 3204 5248 πόλεμον.
3261 5178 3359 5232 Καὶ
3425 5178 3818 5253 ἐπιλέξάμενος

2160 5265 2365 5329 ’ίππους
2415 5267 2701 5333 εὐσθενεῖς,
2760 5265 2848 5320 καὶ
2904 5269 3000 5320 τοῦ
3059 5271 3288 5340 στρατοῦ
3334 5267 3466 5332 τοὺς
3505 5267 3815 5346 ἀνδρειοτέ-

1606 5392 1966 5450 XYLANDRI
2006 5395 2092 5449 ET
2132 5395 2346 5451 GOARI
2384 5397 2606 5451 NOTrE.

479 5521 590 5587 (46)
619 5517 810 5573 Castra
849 5517 1056 5586 posuit.
1091 5514 1251 5569 Hanc
1295 5531 1424 5587 esse
1469 5514 1647 5584 hujus
1679 5519 1836 5572 vocis
1865 5518 2046 5587 signi-

405 5585 768 5654 ficatiOnem,
801 5585 872 5643 ex
918 5587 1226 5658 frequente
1268 5585 1560 5658 ejuspusu
1589 5588 1744 5658 apud
1777 5585 2045 5645 nostrum

407 5656 946 5735 deprehendi,__rei
1023 5655 1268 5735 notitia‘
1307 5655 1641 5735 barbarum;
1693 5660 2044 5735 vocabulum

407 5722 791 5805 explicantes
821 5729 963 5783 ΧΠ..
1019 5756 1088 5766 -
1147 5722 1524 5794 Ἐπλήκευσεν.
1599 5729 1791 5787 Castra
1856 5733 2044 5803 αρριί-

2158 5520 2296 5585 cuit,
2328 5521 2591 5586 admovit,
2636 5521 2843 5589 posuit,
2901 5520 3046 5588 ﬁat-it.
3105 5524 3189 5577 [ta
3234 5523 3455 5580 Paulus
3486 5527 3809 5584 Diaconus.

2162 5593 2478 5680 Ve'rbuma
2509 5592 2712 5680 Latina
2743 5591 2944 5680 lingua
2975 5592 3310 5651 traductum
3355 5602 3446 5651 est
3499 5598 3562 5651 τὸ
3619 5595 3812 5672 ἀπλη-

2153 5665 2320 5731 κεύω,
2349 5669 2544 5720 castra
2559 5670 2749 5720 metor.
2793 5665 2966 5720 Com.
