4148 6212
300 453 419 516 793

1438 433 1983 502 HlS'I‘ottIAtiUM
2029 433 2581 503 GOMPENDIUM.

3605 437 3720 499 796

302 601 434 659 ρους
464 576 686 648 διελὼν,
734 575 996 654 προάγειν
1050 575 1179 637 τοὺς
1244 573 1338 649 μὲν
1391 569 1641 631 όκὲλευσε
1697 569 1833 625 κατὰ
1859 570 1951 622 τοῦ

2070 568 2248 631 dione
2281 587 2316 629 a
2343 571 2625 631 Romanis
2644 570 2782 629 cassi
2808 575 2967 640 sunt,
3001 569 3150 641 solo,
3172 572 3237 625 ut
3266 568 3575 642 proverbio
3598 566 3718 627 dici

300 655 614 748 Βαρϐἀρου,
644 665 822 728 αὐτὸς.
868 663 929 721 δὶ,
986 661 1079 719 σὺν
1138 667 1259 726 τοῖς
1311 661 1518 738 ἑτέροις
1548 657 1723 716 ὀπίσω
1750 655 1958 748 τούτων

300 741 505 818 ciuem.
568 755 903 817 Σπεύσαντες
964 751 1023 810 δὶ
1078 746 1380 809 κατέλαϐον
1431 748 1640 827 χωρίον
1669 741 1954 804 Ἀλϐανῶν

300 850 421 927 ὥρᾳ
468 849 512 905 θ’
561 853 662 918 τῆς
718 844 933 906 νυκτός.
995 846 1114 899 Τῶν
1176 838 1236 899 δὲ
1292 844 1511 917 Περσῶν
1562 836 1804 916 γνόντων
1851 837 1952 905 τήν

302 935 499 1018 ἔφοδον
557 934 646 992 καὶ
707 933 1071 1010 ὁρμησάντων
1129 934 1247 987 κατ’
1302 928 1504 997 αὐτῶν,
1569 929 1622 982 οἱ
1686 930 1956 998 Ῥωμαῖοι

300 1013 531 1089 τούτους
573 1024 779 1086 πάντας
821 1019 1063 1078 ἀνεῖλον.
1109 1020 1275 1095 πάρεξ
1319 1018 1458 1091 ἑνὸς,
1506 1016 1570 1073 τὸ
1616 1019 1714 1073 τοῦ
1759 1013 1954 1090 λόγου,

301 1116 611 1193 πυρφόρου,
644 1114 703 1177 ὅς
733 1110 826 1168 καὶ
870 1116 951 1184 τῷ
1002 1104 1272 1186 Βαρϐάρῳ
1322 1107 1602 1182 ἐμήνυσεν.
1633 1107 1695 1193 ’ρ
1726 1101 1783 1160 δὲ
1812 1105 1954 1179 Βάρ-

303 1188 501 1282 ϐαρόςί
529 1203 739 1280 γυμνὸς
787 1200 878 1258 καὶ
929 1195 1262 1261 ἀνυπόδετος
1327 1196 1484 1270 ἳππῳ
1549 1188 1740 1257 ἰπιϐἆς
1805 1195 1954 1273 φυγῇ

295 1298 398 1371 τήν
434 1297 712 1373 σωτηρίαν
770 1294 1081 1369 ἆπορίζετο.
1137 1292 1351 1351 Τούτου
1402 1290 1498 1352 τὰς
1553 1291 1812 1363 γυναῖκας
1863 1283 1955 1339 καὶ

300 1393 407 1452 πᾶς
445 1389 509 1444 τὸ
567 1384 827 1463 Περσικὸν
880 1381 1067 1452 ἄνθος,
1124 1378 1395 1457 ἄρχοντάς
1428 1400 1489 1436 τε
1533 1377 1623 1433 καὶ
1678 1374 1953 1450 σατράπας

297 1476 391 1539 καὶ
451 1462 787 1551 στρατιώτας
852 1471 1172 1534 ὶπιλὲκτους
1240 1463 1561 1529 καταλαϐὼν
1628 1462 1953 1551 ἀνελθόντας

300 1564 392 1622 ἰπὶ
419 1549 530 1621 τῶν
561 1559 831 1634 δωμάτων
881 1558 975 1617 καὶ
1019 1556 1271 1632 πόλεμον
1319 1560 1671 1634 κροτοῦντας,
1722 1549 1812 1609 διὰ
1841 1572 1955 1608 πυ-

301 1654 397 1730 ρὸς
425 1649 666 1721 καθεῖλε,
714 1650 808 1706 καὶ
856 1649 950 1711 οὕς
1003 1647 1101 1721 μὶν
1156 1640 1412 1730 ἔκτεινεν,
1461 1646 1558 1708 οὕς
1588 1641 1648 1700 δι
1676 1640 1807 1730 πυρὶ
1836 1640 1958 1697 ἀνά-

302 1729 499 1810 λωσεν,
547 1738 641 1804 οὕς
698 1737 758 1795 δὶ
812 1734 1212 1813 αἰχμαλωτους
1269 1729 1479 1793 ἔλαϐεν
1514 1732 1696 1810 ὀλίγοι
1729 1729 1788 1788 δὶ
1814 1732 1955 1787 πάνυ

2071 661 2245 731 solet,
2275 662 2531 737 facigero
2561 663 2902 736 superstite.
2934 663 3037 733 qui
3066 661 3299 717 cladem
3336 661 3591 717 Barbaro
3622 662 3718 717 in-

2064 750 2301 809 dicavit.
2336 753 2629 811 Barbarus
2658 751 2852 809 nudus
2883 756 2941 806 et
2971 750 3102 806 sine
3132 750 3349 806 calceis
3381 766 3532 821 equo
3565 750 3716 805 insi-

2063 837 2194 908 luit,
2225 839 2479 912 fugaque
2509 841 2621 897 sibi
2652 839 2971 896 consuluit.
3002 838 3189 911 Hujus
3209 855 3423 894 uxores
3445 844 3504 895 et
3524 840 3716 894 Persi-

2065 946 2201 986 cum
2232 929 2439 986 florem
2488 947 2753 995 omnem,
2803 928 3223 1001 principesque
3272 931 3330 983 et
3358 933 3623 1000 satrapas
3655 933 3716 983 et

2064 1019 2328 1076 delectos
2360 1020 2604 1089 milites,
2639 1036 2773 1075 cum
2804 1035 2983 1091 super
3018 1024 3174 1074 tecta
3211 1017 3524 1074 domorum
3560 1017 3708 1074 725

2064 1109 2401 1181 confugisse
2457 1126 2526 1166 ac
2582 1108 2991 1165 defensionem
3041 1107 3237 1163 moliri
3288 1107 3532 1175 videret,
3580 1107 3713 1179 igne

2065 1196 2335 1269 conjecto
2403 1196 2651 1269 depulit,
2712 1196 2979 1268 aliosque
3047 1195 3364 1260 interfecit,
3424 1195 3714 1267 quosdam

2066 1286 2369 1354 cremavit,
2418 1285 2683 1357 reliquos
2732 1286 2907 1357 cepit,
2942 1284 3255 1357 perpaucis
3296 1284 3434 1356 fuga
3474 1283 3713 1356 elapsis.

2065 1374 2296 1434 Potitus
2343 1382 2435 1432 est
2476 1375 2655 1432 etiam
2703 1375 2885 1433 armis
2939 1373 3201 1442 Barbari,
3234 1389 3414 1429 aureo
3460 1379 3625 1430 scuto
3657 1380 3715 1430 et

2064 1463 2261 1537 gladio
2291 1469 2351 1521 et
2378 1464 2549 1521 hasta
2576 1481 2645 1521 ac
2675 1463 2912 1536 cingulo
2955 1478 3135 1519 aureo
3177 1466 3472 1535 gemmato
3504 1466 3562 1517 et
3591 1461 3717 1518 cal-

2065 1553 2208 1608 ceis.
2241 1552 2383 1608 Inde
2403 1552 2466 1608 in
2487 1569 2589 1609 eos
2611 1552 2778 1609 duxit
2798 1552 2901 1624 qui
2916 1568 3024 1625 per
3047 1567 3216 1623 agros
3239 1549 3489 1622 dispersi
3507 1556 3710 1620 erant;

2067 1656 2287 1713 eosque
2331 1641 2638 1698 insecutus
2691 1641 2915 1697 multos
2971 1639 3208 1707 occidit,
3259 1639 3478 1695 multos
3535 1641 3712 1712 cepit.

2064 1730 2215 1789 Exin
2244 1731 2564 1787 contractis
2594 1729 2770 1787 hilari
2819 1729 3019 1786 animo
3065 1728 3254 1800 copiis
3282 1728 3365 1784 ibi
3408 1728 3708 1785 hiemavit.

301 1831 564 1912 φυγόντες
590 1812 1133 1898 ἰσωθησανξἝλαϐε
1179 1823 1244 1912 λδὶ
1296 1827 1387 1912 καὶ
1444 1825 1511 1882 τὰ
1566 1821 1714 1879 ’ὁπλα
1770 1823 1854 1896 [Ρ.
1902 1820 2031 1912 ιιι]
2067 1822 2181 1912 ’τοῦ
2238 1812 2552 1912 βαρϐάρου,
2575 1819 2677 1889 τήν
2707 1837 2767 1877 τε
2795 1812 3262 1912 χρυσῇνμάσλπίδα,
3291 1816 3383 1871 καὶ
3415 1816 3709 1892 μὲχαιραν,

296 1900 401 1979 »ἱαῖ
419 1917 574 1995 δόρυ,
603 1916 694 1973 καὶ
749 1918 851 1987 τήν
905 1922 1119 1992 χρυσῆν
1171 1906 1262 1971 καὶ
1321 1911 1573 1970 διάλιθον
1631 1917 1829 1982 ζωνην,
1883 1906 1973 1964 καὶ
2026 1907 2094 1962 τὰ
2137 1903 2464 1981 ὑποδήματα
2495 1905 2679 1963 αὐτοῦ.
2713 1909 2898 1964 Ταῦτα
2928 1904 2986 1962 δὲ
3015 1900 3200 1962 λαϐὼν
3229 1910 3407 1981 χωρεῖ
3433 1905 3571 1960 κατὰ
3597 1910 3706 1961 τῶν

298 1990 711 2082 διεσπαρμόνιυν
741 2005 794 2063 ἐν
819 1990 1223 2081 τοῖς-χωρίοις,
1256 2001 1349 2067 οὕς
1375 2003 1464 2061 καὶ
1500 1998 1697 2075 διωξας
1725 1994 1976 2062 πολλοὺς
2005 1992 2206 2052 ἔκτεινε
2242 1996 2330 2051 καὶ
2386 1992 2631 2069 δειμίους
2662 1990 2878 2052 ἔλαϐεν.
2915 1994 3048 2051 Εἶτα
3077 1992 3393 2066 ἐπισυνάξας
3419 1993 3482 2047 τὸ
3510 1994 3709 2050 ἑαυτοῦ

292 2093 661 2173 στρατόπεδον
696 2094 832 2169 μετὰ
860 2099 1035 2170 χαρᾶς
1064 2092 1119 2151 ἐν
1149 2092 1372 2155 ἐκείνοις
1401 2098 1521 2156 τοῖς
1541 2089 1741 2153 τόποις
1768 2084 2164 2164 παρεχείμασε.

360 2189 456 2259 Τῷ
490 2186 546 2243 ιε’
574 2179 704 2255 ἔτει,
755 2185 784 2240 6
836 2181 1095 2259 βασιλεὺς
1142 2179 1463 2258 Ἡράκλειος
1493 2179 1629 2254 μετὰ
1652 2182 1749 2234 τοῦ
1779 2197 1944 2252 στρα-

2121 2176 2293 2232 Anno
2330 2179 2415 2244 15,
2450 2175 2755 2233 lleraclius
2797 2192 2934 2233 cum
2981 2174 3265 2240 exercitu,
3300 2173 3515 2230 itinere
3545 2174 3705 2245 quod

291 2272 534 2332 τοπύδου
592 2273 761 2329 αὐτοῦ
813 2273 914 2343 τήν
962 2275 1073 2329 τῶν
1131 2271 1323 2348 Σύρων
1391 2266 1519 2327 ὁδὸν
1573 2268 1675 2338 τὴν
1726 2265 1815 2323 ἰπὶ
1871 2270 1953 2339 τῷ

293 2364 493 2441 Ταύρῳ
523 2356 785 2438 ὑπερϐὰς,
817 2360 871 2419 ἰν
899 2361 1035 2418 δπτᾶ
1052 2361 1286 2436 ἡμέραις
1316 2359 1475 2431 κόπῳ
1538 2354 1741 2429 πολλῷ
1783 2375 1954 2411 κατα-

300 2446 575 2526 λαμϐάνει
617 2451 711 2508 τὸν
763 2451 952 2526 Τίγριν
1007 2449 1278 2523 ποταμὸν,
1307 2447 1427 2503 εἶτα
1453 2447 1552 2518 τὴν
1585 2445 1956 2521 Μαρτυρόπο-

301 2539 393 2597 λιν
420 2541 513 2597 καὶ
551 2541 652 2611 τήν
702 2535 962 2613 Ἀμιδαν·
1019 2538 1109 2593 καὶ
1171 2532 1598 2594 διαναπαύονται
1627 2534 1657 2589 6'
1684 2554 1743 2590 τε
1792 2551 1952 2608 στρα-

294 2631 392 2694 τὸς
426 2631 516 2686 καὶ
545 2632 581 2701 ἡ
611 2628 992 2706 αἷχμαλωσία.
1041 2628 1312 2687 Ἐντεῦθεν
1363 2645 1662 2703 γραμματα
1698 2622 1836 2699 πρὸς
1888 2621 1954 2678 τὸ

296 2721 597 2791 Βυζάντιον
645 2717 1011 2790 ἑξαπὶστειλεν
1062 2717 1092 2773 6
1144 2714 1420 2792 βασιλεὺς,
1467 2713 1655 2771 καὶτὰ
1680 2713 1799 2779 καθ’
1829 2712 1950 2768 δαυ-

293 2811 387 2867 τὸν
431 2809 605 2869 πάντα
656 2805 927 2880 ἆδήλωσε,
955 2807 1048 2862 καὶ
1088 2806 1263 2883 χαρὰν
1310 2809 1381 2871 τῇ
1425 2803 1588 2861 πολει
1618 2802 1951 2873 ἐνεποίησεν.

296 2899 362 2960 ’0
393 2897 451 2956 δὲ
477 2893 833 2975 Σαρϐαραζᾶς
876 2894 1087 2967 ἐπῆλθε
1129 2896 1254 2952 κακ⁹
1298 2894 1486 2955 αὐτοῦ.
1532 2890 1954 2966 Ἐπιλεξάμενος

300 2986 361 3046 δε
388 2990 419 3044 ὁ
450 2985 706 3064 βασιλεὺς
751 2985 884 3057 ἲλην
937 2989 1284 3061 στρατιωτῶν
1329 2980 1616 3041 ἀπιστειλε
1663 2981 1952 3062 φυλάττειν

300 3078 398 3141 τὰς
447 3077 588 3155 πρός
632 3076 797 3137 αὐτὸν
844 3074 1081 3154 ἀγούσας
1128 3072 1475 3150 κλεισούρας,
1523 3072 1615 3129 καὶ
1665 3071 1826 3135 αὐτὸς
1855 3071 1953 3134 τὰς

298 3167 440 3242 πρὸς
488 3164 794 3236 Ἀνατολὴν
856 3161 1142 3238 ἐκδραμὼν
1197 3159 1472 3235 διεξόδους
1537 3161 1952 3238 ἀντιπρόσωπος

299 3251 390 3331 ᾔει
417 3259 535 3318 τοῖς
567 3249 896 3330 Βαρϐἁροις,
943 3252 1035 3311 καὶ
1084 3253 1321 3329 περάσας
1365 3252 1460 3309 τὸν
1503 3251 1755 3329 Νυμφίον
1782 3269 1950 3309 ποτα-

302 3344 406 3419 μὸν
431 3337 702 3401 κατὲλαϐε
735 3343 830 3399 τὸν
874 3341 1182 3419 Εὐφράτην,
1230 3340 1285 3398 ἂν
1332 3341 1379 3416 ᾦ
1423 3343 1459 3412 ἡ
1507 3340 1717 3411 πλεκτή
1746 3340 1955 3420 γέφυρα

296 3432 359 3489 ἐκ
406 3431 666 3509 σχοινίων
715 3431 805 3489 καὶ
847 3430 1008 3508 ἐρίων
1053 3431 1149 3501 ἦν,
1189 3431 1257 3502 ἢν
1308 3432 1338 3486 6
1386 3425 1739 3506 Σαρϐαραζᾶς
1785 3427 1953 3491 λύσας

2058 2282 2166 2338 per
2193 2267 2450 2322 Taurum
2496 2272 2762 2323 montem
2808 2265 2869 2321 in
2922 2264 3151 2338 Syriam
3204 2263 3369 2319 ducit
3407 2268 3708 2336 superato,

2061 2354 2314 2426 septimo
2347 2354 2443 2410 die
2472 2360 2608 2427 post
2634 2356 2988 2411 exhaustum
3019 2370 3300 2427 magnum
3341 2352 3607 2409 laborem
3637 2354 3713 2411 ad

2058 2445 2281 2517 Tigrim
2310 2444 2555 2501 ﬂuvium
2586 2445 2876 2517 pervenit.
2911 2443 3057 2499 Inde
3083 2459 3191 2514 per
3214 2442 3633 2514 Martyropolin
3658 2448 3720 2499 et

2058 2537 2333 2595 Amidam
2364 2537 2545 2594 urbes
2575 2537 2789 2594 itinere
2818 2536 2974 2594 facto
3008 2536 3336 2592 exercitum
3367 2540 3427 2590 et
3452 2536 3715 2607 captivos

2061 2627 2262 2700 quiete
2286 2626 2515 2685 refecit.
2546 2627 2810 2699 Indeque
2853 2627 3084 2682 litteras
3113 2625 3187 2680 de
3236 2624 3414 2683 rebus
3446 2624 3569 2681 suis
3600 2626 3712 2698 By-

2059 2719 2319 2775 zantium
2371 2718 2554 2787 misit,
2606 2735 2737 2791 quae
2792 2733 3073 2791 magnum
3131 2716 3195 2773 in
3238 2714 3383 2773 urbe
3430 2714 3711 2789 gaudium

2062 2808 2486 2865 excitaverunt.
2520 2808 2833 2865 Sabarazas
2862 2823 3039 2880 porro
3089 2805 3369 2862 adversus
3415 2821 3550 2861 eum
3580 2809 3714 2861 ten-

2060 2897 2259 2955 debat.
2292 2897 2430 2954 Ideo
2453 2897 2752 2957 Heraclius
2776 2897 2954 2953 misso
2976 2895 3243 2952 militum
3262 2894 3496 2967 agmine
3519 2895 3714 2950 clauso

2060 2991 2173 3059 tra,
2208 2986 2426 3059 quibus
2473 2986 2549 3042 ad
2598 3002 2733 3045 eum
2784 2986 2898 3040 iter
2941 2989 3088 3053 erat,
3140 3000 3373 3040 servare
3418 2982 3627 3056 jubet;
3660 2987 3719 3039 et

2061 3074 2189 3147 ipse
2239 3091 2346 3147 per
2405 3074 2598 3129 exitus
2657 3072 2960 3145 profectus
3009 3072 3110 3144 qui
3158 3087 3362 3127 versus
3411 3070 3716 3126 Orientem

2061 3168 2221 3233 sunt,
2249 3161 2562 3219 adversum
2608 3177 2671 3218 se
2724 3162 2997 3218 Barbaris
3044 3160 3179 3217 fert.
3233 3161 3379 3215 Tum
3419 3159 3711 3231 Nymphio

2059 3267 2236 3308 amne
2268 3252 2513 3325 trajecto
2533 3251 2610 3309 ad
2630 3253 2970 3324 Euphraten
2994 3250 3283 3323 pervenit.
3303 3251 3442 3304 Erat
3461 3248 3510 3303 is
3530 3253 3710 3321 ponte

2059 3359 2133 3403 ex
2159 3341 2400 3399 funibus
2428 3347 2489 3399 et
2534 3341 2672 3399 lana
2718 3345 2993 3398 contexto
3037 3340 3331 3406 intratus;
3365 3353 3543 3409 quem
3576 3338 3710 3393 Sar-

2058 3432 2302 3511 harazas
2319 3431 2581 3493 solutum
2598 3430 2660 3487 in
2674 3431 2921 3488 alteram
2937 3434 3168 3503 partem
3182 3432 3371 3487 totum
3387 3427 3714 3486 transtulit.

296 3522 524 3614 teriri”
807 3528 912 3597 γῆν
972 3525 1191 3614 πᾶσαν“
1210 3520 1509 3614 μετήγαγε.
1575 3515 1951 3614 Παραδραμὼν

2062 3523 2356 3586 Cmterum
2388 3521 2694 3577 Heraclius
2723 3520 2937 3578 vadum
2985 3517 3253 3577 fluminis
3296 3517 3537 3590 reperit,
3569 3516 3713 3573 dum

299 3607 358 3667 86
385 3611 416 3666 6
449 3609 705 3686 βασιλεὺς
731 3611 825 3666 τὸν
856 3610 1106 3683 ποταμὸν
1135 3606 1258 3685 εὗρε
1285 3607 1479 3685 πόρον,
1509 3608 1602 3663 καὶ
1649 3602 1950 3670 ἀκινδύνως

287 3703 481 3756 τοῦτον
514 3697 739 3776 ικίρασε
765 3694 1088 3774 παραδόξως
1125 3701 1206 3770 τῷ
1257 3696 1487 3773 Μαρτίῳ
1536 3692 1692 3770 μηνί.
1724 3695 1830 3752 Καὶ
1858 3715 1949 3752 κα-

290 3784 547 3847 ταλαϐὼν
575 3788 644 3845 τὰ
667 3788 985 3863 Σαμόσατα,
1038 3786 1206 3845 πάλιν
1253 3786 1347 3842 τὸν
1394 3787 1608 3862 Ταῦρον
1654 3779 1846 3851 διαϐάς
1871 3782 1948 3848 εἷς

296 3879 686 3954 Γερμανίκειαν
755 3876 999 3959 ἀφίκετο,
1067 3876 1158 3937 καὶ
1231 3875 1468 3952 περάσας
1540 3876 1641 3947 την
1716 3870 1947 3959 ’ξΔδαναν

289 3967 460 4038 ἦλθεν
528 3966 607 4031 είς
672 3968 766 4024 τὸν
804 3957 1044 4043 ήΤαῦρον
1107 3965 1376 4038 ποταμόν.
1417 3965 1479 4022 Ὁ
1510 3961 1569 4029 δὶ
1598 3957 1946 4039 Σαρϐαραζᾶς

287 4059 390 4128 τὴν
437 4056 674 4136 γέφυραν
733 4055 900 4114 πάλιν
946 4053 1180 4117 ἐκτείνας
1235 4054 1327 4109 τὸν
1378 4051 1664 4130 Εὐφράτην
1723 4051 1948 4127 ἐπέρασε

290 4148 383 4203 καὶ
413 4147 717 4218 ἠκολούθει
745 4144 922 4205 ὀπίσω
967 4143 1152 4202 αὐτοῦ.
1200 4143 1263 4201 Ὁ
1316 4140 1376 4199 δὶ
1425 4140 1680 4218 βασιλεὺς
1710 4141 1945 4217 περάσας

291 4237 385 4293 τὸν
452 4239 632 4314 Σίρον
690 4232 1013 4295 διανόπαυσε
1066 4234 1159 4290 τὸν
1217 4232 1467 4309 στρατὸν.
1523 4226 1945 4305 Καταλαμϐάνει

291 4322 351 4383 δὲ
400 4327 489 4382 καὶ
544 4327 574 4381 6
630 4320 915 4402 Βάρϐαρος
972 4323 1048 4387 είς
1095 4323 1161 4378 τὸ
1210 4320 1497 4396 ἀντίπεραν
1538 4318 1722 4395 μέρος.
1756 4319 1944 4395 Εύρων

291 4411 351 4471 δὶ
412 4416 508 4472 τὸν
571 4415 817 4486 ποταμὸν
884 4412 975 4468 καὶ
1040 4414 1139 4483 τήν
1179 4410 1417 4488 γέφυραν
1452 4409 1543 4465 καὶ
1580 4410 1649 4466 τὰ
1686 4407 1739 4465 ἰν
1796 4408 1946 4483 αὐτῷ

293 4503 609 4582 προπύργια
672 4503 1009 4580 κρατηθόντα
1074 4500 1180 4559 ὑπὸ
1236 4504 1347 4557 τῶν
1402 4498 1694 4573 Ῥωμαίων
1756 4497 1944 4573 ἡπλή-

292 4614 501 4653 κευσεν.
571 4593 641 4651 Οἱ
707 4589 767 4648 δὶ
829 4593 1095 4673 Ῥωμρῖοι
1157 4590 1404 4651 ἀτάκτως
1472 4588 1816 4665 ἐκτρέχοντες
1854 4585 1949 4644 διὰ

287 4688 391 4753 τῆς
446 4682 685 4759 γεφύρας
740 4679 917 4738 πολὺν
974 4681 1138 4760 φόνον
1190 4677 1476 4735 ἐποιοῦντο
1530 4681 1770 4752 Περσῶν·
1804 4678 1885 4741 οἷς
1917 4678 1946 4733 6

293 4770 553 4849 βασιλεὺς
617 4770 851 4846 παρῄνει
923 4771 1000 4844 μὴ
1068 4768 1344 4844 ἐκτρεχειν
1410 4767 1676 4839 ἀτάκτως,
1747 4768 1948 4841 μήπῶς

2064 3612 2140 3671 ad
2170 3611 2363 3683 ripam
2406 3611 2536 3683 ejus
2585 3611 2883 3667 decurrit:
2926 3610 3127 3681 itaque
3181 3612 3398 3681 praeter
3444 3607 3714 3663 omnium

2064 3701 2411 3773 opinionem
2439 3700 2781 3772 Euphraten
2826 3699 3037 3755 transit
3076 3714 3278 3755 mense
3309 3698 3533 3753 Martio.
3571 3697 3713 3753 Inde

2062 3793 2364 3864 occupatis
2394 3789 2716 3847 Samosatis
2745 3806 2983 3847 rursum
3023 3790 3281 3845 Taurum
3315 3789 3352 3842 π
3365 3789 3466 3845 20
3498 3788 3714 3844 transit

2064 3886 2123 3939 et
2152 3879 2583 3941 Germaniciani
2614 3879 2902 3952 pervenit,
2935 3878 3259 3950 Adanaque
3298 3880 3606 3949 peragrata
3634 3876 3710 3932 ad

2062 3970 2319 4029 Taurum
2387 3985 2625 4027 amnem
2700 3967 2950 4025 accedit.
3030 3967 3278 4031 Interim
3363 3964 3761 4021 Sarbarazas.

2062 4075 2323 4128 rursum,
2354 4064 2533 4132 ponte
2564 4063 2823 4129 extento,
2855 4057 3197 4129 Euphraten
3236 4055 3455 4128 trajicit
3494 4058 3710 4112 Itoma-

2061 4165 2290 4220 nosque
2348 4148 2703 4220 insequitur.
2767 4147 3096 4220 Imperator
3154 4146 3296 4202 Saro
3364 4144 3710 4201 transmisso

2062 4237 2389 4297 exercitum
2436 4237 2635 4310 quiete
2686 4236 2931 4295 relaxat.
2986 4235 3156 4291 Venit
3202 4239 3263 4291 et
3301 4233 3594 4289 Barbarus
3635 4234 3711 4290 ad

2059 4328 2310 4389 alteram
2331 4327 2599 4385 ﬂuminis
2614 4334 2865 4400 partem,
2885 4342 3141 4398 cumque
3162 4328 3434 4381 cerneret
3447 4340 3709 4393 amnem,

2060 4422 2305 4491 pontem
2336 4422 2396 4473 et
2410 4415 2857 4490 propugnacula
2872 4416 2935 4471 in
2957 4432 3025 4472 eo
3047 4431 3081 4471 a
3102 4414 3381 4469 Romanis
3402 4419 3708 4486 occupata,

2059 4511 2254 4563 castra
2283 4505 2499 4578 posuit.
2532 4504 2780 4561 Romani
2817 4521 2995 4577 porro
3044 4502 3441 4577 incomposito
3472 4505 3709 4575 agmine

2059 4611 2167 4669 per
2195 4599 2438 4666 pontem
2469 4598 2852 4651 excurrentes
2881 4592 3103 4650 multos
3153 4594 3365 4649 Persas
3396 4591 3711 4649 interfece-

2056 4688 2220 4753 runt,
2240 4682 2645 4757 nequidquam
2664 4683 3022 4756 imperatore
3043 4686 3321 4739 monente
3345 4697 3419 4737 ne
3442 4681 3524 4737 ita
3542 4681 3709 4738 nullo

2058 4773 2267 4833 ordine
2297 4780 2681 4848 evagarentur
2708 4778 2888 4845 atque
2936 4771 3171 4828 insidiis
3201 4788 3263 4827 se
3311 4770 3573 4826 hostium
3604 4788 3709 4826 ex-

285 4861 540 4938 γᾶνωνςαι
568 4864 693 4923 τοῖς
722 4858 984 4923 ἰναντίοις
1014 4856 1164 4921 ὁδός.
1199 4857 1268 4918 01
1299 4855 1347 4914 δ’
1395 4855 1495 4913 οὐκ
1522 4855 1822 4928 ἐπείθοντο,
1852 4855 1943 4912 καὶ

2061 4868 2366 4936 ponerent.
2398 4864 2602 4936 Itaque
2632 4879 2756 4920 non
2786 4862 2976 4921 multo
2999 4866 3131 4934 post
3158 4876 3193 4915 a
3212 4860 3409 4915 Persis
3440 4875 3545 4929 per
3566 4858 3708 4913 insi-

290 4953 407 5023 μετ’
437 4950 501 5009 ού
533 4949 679 5013 πολὺ
703 4947 854 5017 δίκθν
877 4942 1056 5009 ἔτισαν
1077 4955 1179 5019 τῆς
1204 4954 1510 5024 παρακοῆς,
1530 4952 1628 5004 τοῦ
1657 4941 1943 5024 Βαρϐάρου

2061 4950 2183 5013 dias
2214 4952 2601 5027 circumventi
2629 4969 2834 5025 prunas
2860 4968 2984 5009 sure
3015 4946 3404 5007 contumaciae
3424 4962 3493 5002 ac
3522 4951 3704 5003 teme.

283 5037 503 5112 ἆνὶδρας
534 5038 652 5094 κατ’
701 5038 879 5094 αύτῶν
928 5039 1326 5112 ποιησαμένου.
1357 5037 1465 5102 Οἷὶς
1493 5037 1524 5092 6
1557 5035 1811 5115 βασιλεὺς
1842 5035 1943 5092 ἓω-

2051 5043 2246 5099 ritatis
2277 5041 2588 5099 dederunt.
2622 5044 2752 5115 Ipse
2785 5046 2924 5099 tunc
2955 5041 3275 5112 imperator
3296 5036 3420 5092 suis
3452 5036 3512 5092 in
3542 5036 3699 5108 peri-

285 5128 467 5202 ρακὼς
523 5124 956 5203 ἀναιρουμένους
1032 5125 1467 5201 συνεπημύνατο.
1527 5126 1694 5200 Ἀνήρ
1749 5122 1808 5181 δὲ
1858 5146 1942 5188 τις

2061 5133 2187 5191 culo
2217 5133 2556 5190 constitutis
2586 5148 2759 5206 opem
2791 5132 2947 5198 tulit,
2980 5148 3048 5186 ac
3086 5126 3404 5200 quemdam
3442 5127 3700 5199 giganti-

280 5222 626 5293 γιγαντιαῦος
659 5216 821 5291 μέσον
852 5223 956 5287 τῆς
1003 5216 1241 5296 γεφύρας
1296 5220 1379 5290 τῷ
1438 5213 1658 5292 βασιλεῖ
1687 5216 1942 5286 συναντή-

2061 5222 2300 5283 lormem
2331 5223 2394 5279 in
2428 5222 2616 5280 medio
2648 5222 2847 5294 pontis
2884 5235 3083 5277 secum
3127 5232 3509 5289 congressum
3540 5216 3702 5272 feriit

278 5327 377 5371 σας
431 5302 789 5383 προσέϐαλεν·
848 5307 908 5362 ὃν
964 5308 1054 5362 καὶ
1116 5307 1352 5381 πατάξας
1399 5307 1430 5362 6
1489 5305 1746 5383 βασιλεὺς
1774 5304 1827 5362 ἐν
1858 5308 1941 5379 τῷ

2061 5315 2292 5386 inquem
2314 5313 2711 5388 profluentem
2731 5309 3083 5367 deturbavit.
3107 5306 3288 5378 Cujus
3318 5322 3459 5362 casu
3482 5305 3696 5379 reliqui

282 5396 488 5475 ῥείθρῳ
517 5391 760 5476 ἔρριψεν.
794 5396 873 5456 OG
904 5395 1186 5466 πεσόντος,
1244 5396 1297 5452 οἱ
1354 5393 1631 5472 Βάρϐαροι
1657 5393 1734 5460 είς
1764 5396 1940 5477 φυγὴν

2061 5402 2228 5459 etiam
2256 5402 2495 5459 Barbari
2527 5400 2716 5457 territi
2747 5416 2882 5456 cum
2929 5398 3129 5472 fugam
3172 5396 3455 5464 facerent,
3494 5396 3695 5452 obsis-

275 5484 605 5562 ἐτράπησαν,
661 5486 752 5543 καὶ
807 5489 888 5559 τῷ
951 5490 1217 5559 στενωπῷ
1275 5487 1374 5557 τῆς
1428 5485 1662 5566 γεφύρας
1718 5484 1795 5548 εἷς
1841 5486 1934 5541 τὸν

2061 5496 2207 5549 ente
2233 5493 2431 5565 pontis
2458 5490 2753 5565 angustia,
2783 5489 2882 5546 alii
2924 5489 2987 5545 in
3030 5503 3271 5545 amnem
3318 5486 3554 5560 dejecti,
3587 5487 3689 5543 alii

275 5574 951 5654 ποταμὸνδὲρῤιπτοῦντο.
1007 5573 1212 5634 Ἄλλοι
1268 5571 1329 5631 δὶ
1380 5575 1582 5656 ξίφεσιν
1615 5575 1935 5651 ἀνῃροῦντο,

2061 5581 2257 5654 gladiis
2310 5581 2607 5638 interfecti
2678 5584 2838 5637 sunt.
2899 5580 3228 5651 Imperator
3296 5593 3366 5633 eo
3419 5582 3686 5651 tempore

271 5668 374 5722 τοῦ
430 5664 702 5743 βασιλέως
755 5666 874 5751 μετ’
929 5664 1136 5744 ὀλίγων
1188 5668 1352 5721 τινῶν
1408 5664 1668 5742 γενναίως
1708 5666 1932 5751 ῥποματ

2061 5670 2245 5751 iaucis
2276 5670 2629 5743 quibusdam
2656 5669 2907 5741 stipatus
2952 5682 3208 5741 pugnam
3251 5665 3416 5737 obiit,
3449 5665 3688 5722 fortitu-

272 5753 526 5834 χομίνου
590 5754 723 5830 ὑπὶρ
790 5750 1096 5836 ἄνθρωπον,
1163 5755 1238 5821 ὡς
1304 5755 1396 5814 καὶ
1451 5754 1543 5821 τόν
1575 5749 1929 5839 Σαρϐαραςᾶν

2061 5750 2179 5827 line
2236 5774 2417 5835 quam
2469 5777 2578 5837 pro
2642 5759 2901 5847 hominis
2958 5762 3174 5817 natura
3229 5757 3478 5834 majore,
3532 5754 3680 5812 adeo
