4148 6212
263 456 376 517 79Ἱ

1378 438 1952 505 HISTORIARUM
1995 435 2541 501 GOMPENDIUM.

3568 435 3687 498 798

259 587 377 644 υἱὸν
404 584 571 643 αύτοῦ
624 586 705 657 τῷ
759 582 978 662 βασιλεῖ
1031 583 1168 659 πρὸς
1219 580 1563 657 συμμαχίαν,
1619 577 1709 634 καὶ
1757 574 1914 635 αύτὸς

2027 589 2125 629 res
2155 591 2225 629 ex
2246 575 2495 635 Thracia
2524 577 2696 635 effusi
2729 577 2939 651 Cpolin
2971 574 3271 648 obsident,
3300 578 3683 641 machinisad

267 675 593 752 ὑπέστρεψεν
625 674 702 737 εἰς
741 675 840 743 τὴν
876 672 1016 730 ἰδίαν
1080 673 1295 752 χώραν.
1350 664 1545 726 Λαϐὼν
1607 665 1925 739 δὶξτούτους

264 768 296 823 6
331 763 587 842 βασιλεὺς
615 765 752 820 κατᾶ
777 763 1027 838 Χοσρόου
1051 755 1278 842 ἔχώρει.
1309 762 1373 819 Ὀ
1406 757 1465 816 δὶ
1513 752 1797 842 Σάρϐαρος
1851 756 1923 828 τῇ

269 841 589 926 Χαλκηδόνι
613 847 965 928 προσϐαλὼν,
997 841 1143 908 ἀλλά
1199 849 1287 905 καὶ
1346 849 1399 904 οἰ
1443 841 1679 922 ’Άϐαρες
1708 844 1770 901 ἐκ
1822 849 1924 913 τῆς

263 944 482 1020 Θράκης
517 946 590 1018 τῇ
610 939 774 997 πόλει
804 939 1231 1012 πλησιάσαντες,
1288 937 1492 1007 ταύτην
1554 935 1700 992 ἑλεῖν
1753 929 1922 989 i606-

272 1031 462 1103 λοντο,
519 1030 776 1111 μηχανὰς
834 1030 951 1085 κατ’
991 1032 1078 1104 [Ρ.
1132 1030 1260 1101 416]
1326 1027 1498 1097 αὐτῆς
1572 1026 1922 1095 ποιήσαντες.

268 1121 489 1192 Πλῆθός
580 1141 641 1177 τε
695 1121 917 1196 ἄπειρον
969 1117 1061 1174 καὶ
1116 1119 1352 1195 ἀριθμοῦ
1408 1120 1652 1190 κρεῖττον
1715 1112 1777 1168 ἐκ
1827 1115 1925 1167 τοῦ

262 1216 483 1285 Ἴστρου
508 1209 815 1286 Ξνὲγκαντες
848 1213 1068 1283 σκαφῶν
1098 1206 1357 1284 γλυπτῶν
1416 1206 1539 1280 (49)
1592 1203 1685 1259 τὸν
1716 1200 1927 1259 κόλπον

258 1305 360 1358 τοῦ
400 1299 643 1377 Κέρατος
702 1300 819 1374 (50)
866 1296 1220 1373 ἐπλήρωσαν.
1279 1296 1416 1351 Δέκα
1473 1293 1531 1351 δὶ
1587 1293 1798 1368 ἡμέρας
1851 1294 1922 1365 τῇ

261 1387 427 1445 πόλει
459 1388 900 1464 παραταξάμενοι
960 1383 1050 1441 διά
1092 1405 1151 1441 τε
1207 1390 1314 1461 γῆς
1372 1404 1463 1439 και
1519 1381 1798 1452 θαλάσσης
1852 1382 1922 1452 τῇ

269 1483 369 1537 τοῦ
398 1482 534 1535 Θεοῦ
556 1474 783 1552 δυνάμει
813 1477 905 1532 καί
934 1476 1190 1552 συνεργία
1215 1475 1308 1530 καὶ
1362 1477 1434 1549 τῇ
1490 1479 1592 1543 τῆς
1647 1469 1924 1548 ἀχράντου

278 1576 547 1627 Θεοτόκου
565 1567 657 1623 καὶ
702 1566 1088 1638 Ἀειπαρθένου
1133 1558 1390 1641 πρεσϐεία
1439 1563 1775 1633 ἡττήθησαν,
1831 1558 1926 1616 καί

283 1657 474 1729 πλήθη
529 1653 718 1713 πολλὰ
771 1652 1143 1717 ἀποϐαλόντες
1200 1647 1254 1708 ἕν
1310 1673 1370 1708 τε
1413 1655 1488 1728 γῇ
1539 1650 1629 1706 καὶ
1679 1647 1923 1724 θαλάσσῃ

276 1746 414 1822 μετά
467 1744 718 1822 μεγᾶλης
773 1744 1037 1820 αἰσχύνης
1092 1740 1446 1819 ὑπέστρεψαν.
1503 1743 1774 1798 Τοιοῦτον
1823 1738 1923 1814 γὰρ

255 1831 459 1906 συνέϐη
499 1835 713 1899 αὐτοῖς*
756 1832 900 1890 εἶδον
958 1835 1012 1890 οἱ
1061 1827 1362 1909 Βάρϐαροι,
1393 1832 1603 1908 πρωὶας
1635 1828 1803 1900 οὔσης
1833 1827 1923 1883 καί

2031 665 2497 740 oppugnandum
2529 669 2783 741 aptatis;
2816 669 3124 741 accitaque
3176 669 3496 726 innumera
3528 672 3688 728 scul-

2030 760 2267 826 ptarum
2298 756 2536 813 navium
2569 772 2639 813 ex
2668 760 2818 814 Istro
2844 758 3227 814 multitudine
3258 759 3456 815 sinum
3493 761 3592 831 qui
3622 762 3683 816 in

2031 843 2227 901 Cornu
2257 851 2383 902 erat
2407 846 2479 901 iis
2509 847 2763 919 opplent
2791 849 2936 903 Cum
2969 853 3166 903 autem
3199 865 3306 920 per
3335 849 3537 904 decem
3558 849 3686 905 dies

2034 937 2189 989 terra
2212 935 2483 1007 marique
2532 935 2745 990 urbem
2779 943 3241 1009 oppugnassent,
3274 937 3328 991 vi
3378 943 3437 993 et
3465 938 3687 993 auxilio

2031 1024 2133 1079 Dei
2166 1040 2235 1080 ac
2294 1025 2590 1081 inviolata;
2642 1026 2895 1099 Virginis
2940 1026 3205 1097 Deiparae
3260 1027 3688 1084 intercessione

2031 1112 2195 1182 victi,
2228 1114 2463 1169 amissis
2496 1119 2653 1169 terra
2681 1116 2961 1185 manique
3007 1114 3230 1187 ingenti
3260 1132 3510 1171 numero
3542 1118 3686 1186 suis,

2032 1217 2248 1274 magno
2280 1218 2412 1256 cum
2448 1201 2735 1258 dedecore
2769 1203 3193 1259 discesserunt.
3234 1204 3370 1259 Tale
3405 1205 3565 1260 enim
3599 1206 3686 1261 eis

2032 1289 2341 1363 quidpiam
2370 1307 2483 1346 usu
2514 1291 2696 1347 venit.
2734 1291 3021 1347 Viderunt
3041 1292 3277 1347 Barbari
3312 1293 3461 1348 129
3492 1294 3685 1364 prima

2032 1378 2187 1446 luce,
2218 1396 2355 1437 cum
2378 1381 2468 1436 sol
2498 1381 2774 1449 oriretur,
2806 1381 3117 1437 mulierem
3179 1381 3501 1452 quamdam
3546 1382 3684 1437 illu-

2032 1474 2216 1526 strem
2246 1469 2538 1527 eunuchis
2591 1470 2933 1526 comitatam
2991 1475 3160 1543 porta
3220 1470 3681 1527 Blachernarum

2032 1564 2348 1616 exeuntem
2383 1560 2570 1626 Quam
2598 1576 2733 1617 cum
2761 1561 3152 1633 opinarentur
3167 1560 3684 1617 Heracliiuxorem

2034 1665 2186 1717 esse,
2218 1653 2277 1705 et
2303 1648 2380 1705 ad
2410 1666 2584 1706 suum
2607 1649 2940 1722 principem
2977 1649 3052 1705 ob
3111 1649 3311 1705 mariti
3353 1649 3683 1705 absentiam

2032 1739 2119 1794 ire
2140 1739 2305 1812 pacis
2333 1739 2603 1812 petendaa
2634 1756 2834 1809 causa,
2888 1739 3206 1795 transitum
3264 1738 3317 1793 ei
3371 1754 3681 1794 concesse-

2032 1835 2194 1899 runt,
2222 1829 2684 1901 subsequentem
2714 1847 2787 1886 ex
2816 1830 2963 1887 urbe
2978 1830 3289 1886 hominum
3314 1830 3548 1885 turbam
3566 1830 3679 1902 ipsi

257 1926 356 1983 τοῦ
387 1925 559 1997 ἡλίου
587 1922 1005 1993 ἀνατέλλοντος,
1063 1921 1171 1979 ἀπὸ
1223 1928 1325 1994 τῆς
1381 1924 1590 1998 πόρτης
1637 1923 1744 1975 τῶν
1771 1917 1914 1976 Βλα-

2028 1918 2314 1976 adorturi.
2344 1921 2417 1975 Ut
2446 1937 2582 1976 vero
2629 1921 2801 1976 fossa:
2850 1920 3140 1976 ambitum
3200 1935 3499 1992 egressam
3554 1936 3677 1975 non

267 2014 481 2092 tivc‘bv
510 2013 827 2086 ἐξελθοῦσαν
868 2017 1097 2090 γυναῖκα
1152 2019 1443 2090 περιφανῆ,
1502 2009 1637 2084 μετά
1681 2007 1771 2063 καί
1827 2007 1916 2063 εύο

266 2103 489 2185 νούχων
519 2108 697 2162 τινῶν.
732 2097 1126 2165 ’Υπολαϐόντες
1166 2098 1224 2157 δί
1279 2103 1378 2172 τήν
1436 2097 1750 2177 βασίλισσαν
1782 2096 1914 2157 εἶναι

248 2194 466 2264 τήντοῦ
497 2191 826 2270 Ἡρακλείου
864 2197 1120 2268 γυναῖκα,
1177 2191 1270 2246 καὶ
1326 2191 1465 2266 πρὸς
1519 2190 1612 2246 τὸν
1671 2188 1911 2264 ἄρχοντα

250 2280 428 2339 αὒτῶν
457 2282 778 2358 ὶξέρχεσθαι
801 2281 1022 2358 εἰρήνης
1049 2276 1205 2336 ἕνεκα
1265 2277 1355 2336 διὰ
1406 2279 1468 2334 τὸ
1521 2281 1599 2352 μὴ
1660 2275 1907 2334 εἴναιτὸν

251 2370 486 2448 βασιλέα
514 2370 566 2426 ἐν
598 2375 669 2445 τῇ
699 2369 884 2440 πόλει,
913 2365 1148 2445 πάροδον
1180 2370 1322 2443 αύτῇ
1373 2367 1657 2439 ἆποίησαν,
1685 2367 1774 2422 ἳνα
1820 2366 1909 2422 καὶ

250 2459 385 2523 λαὸς
414 2458 597 2537 ἔτερος
626 2459 856 2531 ἰξελθὼν
891 2457 1214 2535 ὑποχείρίος
1260 2457 1445 2521 αὐτοῖς
1500 2456 1745 2534 γένηται.
1779 2458 1912 2513 Εἶτα

255 2549 332 2612 ὡς
364 2546 509 2605 εἶδον
539 2547 706 2620 αὐτὴν
735 2550 836 2618 τήν
868 2551 965 2604 τοῦ
1005 2546 1278 2624 φοσσάτου
1332 2548 1606 2621 περιοχὴν
1662 2543 1909 2616 ἐξελθοῦ-

260 2659 358 2694 σαν
412 2639 500 2694 καί
568 2638 646 2712 μή
694 2635 1030 2694 ἀπελθοῦσαν
1088 2636 1227 2712 πρὸς
1282 2636 1375 2691 τὸν
1433 2633 1673 2711 ἄρχοντα
1715 2634 1911 2707 αὐτῶν,

261 2725 556 2785 διώκουσιν
589 2726 806 2792 ὄπισθεν
851 2726 1046 2795 αὐτῆς·
1107 2724 1199 2781 καί
1256 2723 1331 2787 ὡς
1388 2722 1546 2795 δῆθεν
1575 2723 1913 2796 ἒπλησίασαν

254 2816 393 2891 αύτῇ
426 2816 561 2873 κατά
587 2814 755 2872 τόπον
786 2822 888 2885 τῆς
918 2812 1224 2889 λεγομένης
1273 2812 1516 2876 ΙΙαλαιᾶς
1546 2814 1743 2890 πέτρας
1773 2815 1913 2888 (51),

255 2905 395 2975 αύτή
430 2908 525 2981 μὶν
558 2906 648 2961 καί
681 2905 735 2960 οἰ
768 2902 860 2959 σὺν
930 2902 1069 2977 αὐτῇ
1128 2899 1356 2981 ἄφαντοι
1397 2903 1705 2980 γεγόνασιν,
1757 2903 1915 2958 αύτοί

260 2993 320 3052 δὶ
339 2994 619 3066 ἀλλήλοις
671 2991 1077 3069 συμπλακέντες
1134 2987 1371 3068 θορύϐου
1446 2991 1637 3066 μεστὸν
1696 2996 1915 3049 ποιοῦσι

263 3086 327 3143 τὸ
356 3086 573 3156 πλῆθος
604 3084 695 3140 καί
726 3080 1013 3153 ἀλλήλους
1060 3081 1487 3160 κατασφᾶζουσιν
1534 3078 1637 3146 ἕως
1670 3080 1917 3159 ἑσπέρας.

2028 2008 2114 2064 ire
2147 2008 2221 2065 ad
2252 2009 2586 2081 principem
2634 2009 2928 2077 viderunt,
2986 2010 3239 2065 insecuti
3297 2013 3438 2065 sunt
3489 2025 3679 2080 usque

2026 2098 2184 2171 apud
2214 2098 2409 2155 locum
2433 2100 2527 2155 cui
2556 2100 2786 2157 Veteris
2811 2101 2935 2156 saxi
2977 2116 3197 2155 nomen
3257 2104 3349 2155 est
3379 2116 3393 2154 :
3426 2099 3504 2154 ibi
3537 2116 3669 2155 cum

2019 2188 2143 2244 fere
2169 2188 2295 2260 jam
2327 2194 2528 2244 essent
2558 2189 2836 2257 assecuti,
2858 2188 2963 2244 illa
2990 2206 3127 2245 cum
3151 2189 3275 2244 suis
3306 2205 3376 2243 ex
3404 2188 3595 2244 oculis
3618 2194 3675 2244 et

2019 2281 2340 2348 conspectu
2371 2293 2577 2333 eorum
2612 2277 2867 2334 evanuit.
2885 2278 3003 2349 Ipsi
3025 2283 3223 2335 autem
3248 2277 3506 2334 tumultu
3530 2294 3675 2333 con—

2019 2368 2199 2424 citato
2230 2367 2386 2422 inter
2414 2384 2477 2423 se
2503 2368 2803 2440 congressi
2836 2368 2910 2423 ad
2930 2384 3234 2440 vesperam
3266 2384 3454 2439 usque
3468 2372 3673 2423 mutuo

2020 2461 2247 2523 strages
2276 2455 2612 2511 ediderunt.
2648 2458 2814 2511 Mane
2844 2456 3214 2527 insequentis
3245 2456 3363 2510 diei
3394 2455 3511 2511 dux
3532 2472 3669 2511 cau-

2022 2560 2149 2600 sam
2180 2544 2513 2616 inquirens,
2539 2544 2700 2616 quod
2722 2543 3009 2614 majorem
3041 2560 3283 2599 suorum
3314 2547 3543 2615 partem
3575 2543 3672 2598 in-

2021 2633 2243 2690 testino
2274 2635 2553 2689 contlictu
2590 2633 2840 2705 periisse
2870 2633 3111 2702 videret,
3146 2634 3398 2706 turpiter
3427 2634 3668 2689 domum

2021 2724 2220 2781 rediit.
2245 2724 2452 2779 Statim
2485 2740 2722 2795 quoque
2751 2724 2958 2779 classis
2998 2724 3069 2779 ab
3128 2723 3437 2780 obsidione
3474 2741 3671 2780 reces-

2024 2816 2103 2872 sit
2134 2832 2150 2882 ;
2182 2831 2361 2886 quam
2393 2813 2636 2870 domum
2666 2819 3058 2870 revertentem
3118 2813 3178 2868 in
3236 2813 3461 2869 Euxino
3518 2816 3667 2870 mari

2025 2904 2234 2960 oborta
2263 2904 2687 2976 tempestasita
2743 2903 2956 2960 afﬂixit
3000 2909 3065 2959 ut
3095 2903 3373 2975 perpauci
3400 2903 3475 2958 ad
3532 2920 3671 2959 suos

2026 2994 2336 3051 redierint.
2369 2993 2680 3059 Sarbarus,
2715 2994 2949 3050 tametsi
2982 2994 3107 3049 haec
3131 2993 3186 3048 ei
3218 2992 3471 3048 molesta
3518 2993 3674 3048 acci-

2027 3084 2260 3151 derant,
2291 3089 2491 3139 tamen
2521 3082 2896 3139 obsidionem
2918 3082 3306 3139 Chalcedonis
3337 3099 3457 3138 non
3480 3082 3672 3151 solvit,

264 3176 483 3251 Πρωΐας
516 3172 576 3230 δὶ
631 3170 931 3252 γενομένης
987 3172 1090 3241 τήν
1150 3169 1323 3226 αἰτίαν
1367 3172 1606 3242 ζητήσας
1656 3173 1686 3228 6
1733 3169 1914 3249 ἅρχων

2029 3173 2135 3230 sed
2165 3173 2446 3228 hiemavit
2474 3172 2577 3240 ibi,
2610 3172 2904 3245 populans
2961 3172 3363 3228 transmarina
3410 3176 3468 3226 et
3497 3172 3675 3227 urbes

253 3248 453 3336 αύτῶν,
486 3262 603 3319 ἐπεὶ
629 3248 694 3318 τὸ
723 3260 915 3318 πλεῖον
945 3263 1043 3316 τοῦ⁹
1073 3257 1213 3315 λαοῦ
1240 3260 1406 3315 αὐτοῦ
1456 3258 1740 3339 ἐμφυλίως
1770 3248 1901 3317 ἀνα-
1932 3248 1976 3316 C
2016 3269 2306 3320 evertens.

256 3354 430 3420 λωθὶν
472 3351 645 3430 εὗρεν,
680 3349 1000 3428 ὑποστρέφει
1039 3349 1154 3424 μετ’
1185 3348 1453 3429 αἰσχύνης
1485 3349 1563 3412 εἰς
1594 3351 1663 3407 τά
1702 3348 1833 3408 ἴδια.
1861 3354 1929 3411 Ol.
1961 3349 2018 3408 δὲ
2045 3349 2143 3408 τοῦ
2172 3347 2422 3422 πλοΐμου
2450 3348 2542 3405 καὶ
2571 3348 2728 3405 αύτοί
2756 3347 2982 3411 τούτους
3018 3345 3226 3412 ἰδόντες
3265 3350 3665 3425 ὑποχωρήσαν-

251 3465 350 3508 τας
379 3443 579 3505 εύθέως
610 3439 992 3517 ἀνεχώρησαν·
1028 3439 1124 3503 οὕς
1148 3439 1286 3493 κατά
1310 3437 1403 3493 τὸν
1438 3436 1684 3510 Εὔξεινον
1711 3440 1912 3496 πόντον
1975 3439 2116 3511 ζάλη
2173 3433 2559 3494 καταλαϐοῦσα
2619 3437 2846 3514 ὀλίγους
2875 3438 3023 3503 τινὰς
3067 3437 3321 3502 ἀπελθεῖν
3350 3438 3426 3500 εἰς
3458 3439 3525 3493 τὰ
3556 3436 3667 3495 ἴδια

251 3533 493 3612 ἀφίησιν.
521 3532 585 3590 Ὀ
615 3527 673 3587 δὲ
708 3523 994 3606 Σάρϐαρος
1025 3525 1114 3584 ἐπὶ
1144 3527 1361 3591 τούτοις
1390 3526 1678 3607 ἀχθεσθεὶς
1708 3527 1863 3604 ὅμως
1893 3531 1995 3601 τὴν
2024 3526 2353 3599 Χαλκηδόνα
2408 3529 2861 3603 παρακαθήμενος
2921 3528 2986 3583 ού
3038 3528 3294 3601 μετέστη,
3342 3525 3470 3583 ἀλλ’
3503 3527 3668 3585 αὑτοῦ

248 3622 536 3702 ἒχείμασε,
568 3616 888 3702 πραιδεύων
921 3618 989 3673 τὰ
1014 3617 1278 3692 περατικὰ
1306 3617 1447 3693 μέρη
1478 3616 1569 3672 καὶ
1600 3616 1870 3696 ἀφανίζων
1900 3618 1996 3681 τὰς
2018 3616 2211 3680 πόλεις
2239 3617 2439 3673 αὐτῶν.

321 3713 416 3783 Τῷ
452 3711 512 3779 ιζ’
534 3707 640 3765 ἔτει
672 3701 940 3763 εἰσϐαλὼν
986 3705 1038 3760 ἐν
1073 3702 1295 3782 Περσίδι
1362 3705 1391 3760 6
1439 3703 1766 3781 Ἡράκλειος
1815 3706 1908 3762 σὺν

251 3803 371 3863 τοῖς
427 3797 692 3873 Τούρκοις
746 3790 1180 3869 ἀπροσδοκήτως
1236 3790 1327 3848 διὰ
1377 3794 1471 3850 τὸν
1525 3798 1781 3875 χειμῶνα
1835 3795 1912 3857 εἰς

255 3885 502 3946 ἔκστασιν
538 3882 757 3943 ἔνέϐαλε
784 3885 878 3942 τὸν
902 3883 1174 3961 Χοσρόην.
1215 3884 1279 3939 Οἰ
1338 3881 1396 3940 δὲ
1432 3890 1669 3963 τοῦρκοι
1731 3886 1823 3943 τόν
1853 3907 1912 3942 τε

254 3979 510 4051 χειμῶνα
565 3976 796 4050 ὁρῶντες
852 3973 944 4029 καὶ
1010 3973 1108 4036 τὰς
1168 3979 1414 4050 συνεχεῖς
1473 3971 1744 4050 ἐκδρομὰς
1799 3975 1908 4031 τῶν

255 4066 498 4140 Περσῶν,
521 4068 601 4131 τῷ
624 4083 685 4121 τε
709 4060 929 4139 βασιλεῖ
970 4062 1047 4134 μὴ
1107 4060 1362 4136 φέροντες
1418 4067 1740 4137 συγκοπιᾷν,
1807 4064 1908 4139 ἢρ.

249 4158 404 4228 εαντο
481 4154 601 4210 κατ’
648 4151 836 4229 ὀλίγον
898 4148 1206 4226 ὗπορῥέειν,
1265 4148 1358 4205 καί
1414 4149 1608 4215 πάντες
1691 4150 1906 4229 ἀφέντε)

251 4244 415 4300 αὐτὸν
484 4242 843 4317 ὑπέστρεψαν.
899 4239 958 4292 '0
1015 4235 1073 4294 δὲ
1160 4237 1415 4313 βασιλεὺς
1474 4235 1773 4311 διελάλησε
1826 4245 1906 4313 τῷ

251 4332 375 4405 λαῷ
403 4331 592 4398 αὐτοῦ,
624 4327 820 4403 λέγων’
872 4330 1073 4397 Γνῶτε,
1129 4323 1382 4404 ἀδελφοὶ,
1447 4326 1531 4382 ὅτι
1563 4325 1740 4392 οὐδεὶς
1771 4331 1907 4402 ἡμῖν

253 4426 623 4498 συμμαχῆσαι
654 4416 822 4487 θέλει,
853 4414 981 4472 ἀλλ’
1009 4417 1045 4485 ἢ
1081 4414 1248 4489 μόνος
1293 4417 1322 4471 6
1369 4416 1498 4479 Θεὸς
1528 4415 1618 4471 καὶ
1650 4418 1685 4487 ἡ
1714 4420 1907 4473 τούτον

255 4513 491 4567 τεκοῦσα
520 4507 775 4582 ἀσπόρως
824 4505 1108 4568 Θεοτόκος.
1168 4509 1339 4563 Τοῦτο
1392 4503 1450 4561 δὶ
1495 4505 1699 4583 γίνεται
1759 4501 1909 4569 ὅπως

260 4596 415 4675 δείξῃ
474 4598 528 4653 ὲν
584 4599 722 4670 ἡμῖν
779 4595 871 4651 καί
927 4599 1061 4651 πᾶσι
1112 4594 1328 4658 τούτοις
1382 4596 1484 4665 τήν
1516 4595 1708 4651 ἑαυτοῦ
1752 4594 1910 4652 δυνα-

261 4689 465 4760 στείαν,
523 4685 881 4759 καταπέμψας
940 4686 1075 4758 ἡμῖν
1126 4684 1226 4753 τήν
1283 4683 1449 4740 αὐτοῦ
1514 4687 1798 4759 βοήθειαν.
1849 4687 1911 4744 Ὁ

2090 3710 2263 3763 Anno
2293 3705 2526 3763 decimo
2559 3707 3044 3779 septimo,hieme
3078 3708 3138 3762 in
3169 3707 3469 3762 Persidem
3496 3709 3669 3764 Hera-

2020 3795 2170 3851 clius
2200 3811 2335 3850 cum
2364 3795 2568 3851 Turcis
2615 3796 2918 3867 ingressus
2975 3796 3293 3867 improviso
3349 3796 3668 3851 Chosroem

2020 3885 2360 3959 perterruit.
2378 3885 2490 3941 Sed
2519 3886 2687 3942 Turci
2723 3885 2982 3941 hiemem
2999 3901 3068 3941 ac
3096 3885 3336 3941 crebras
3355 3887 3671 3940 Persarum

2020 3974 2401 4030 excursiones
2413 3991 2564 4047 aagre
2594 3975 2874 4043 ferentes,
2889 3990 3085 4046 neque
3115 3973 3438 4030 tolerandis
3452 3990 3670 4029 torum-

2020 4064 2116 4121 uis
2146 4064 2338 4120 socios
2371 4064 2522 4121 780
2555 4081 2616 4120 se
2674 4065 3016 4137 imperatori
3071 4064 3335 4137 praebere
3380 4064 3673 4120 sustinen-

2021 4158 2132 4221 tes,
2166 4153 2457 4227 paulatim
2481 4170 2549 4210 ex
2582 4155 2791 4210 castris
2816 4153 3386 4227 dilabi,tandemque
3408 4153 3669 4210 universi

2024 4245 2278 4302 desertis
2309 4245 2592 4303 Romanis
2621 4246 2865 4301 domum
2921 4245 3133 4302 reverti
3178 4252 3502 4318 ceperunt.
3525 4247 3670 4301 Tum

2020 4335 2351 4408 imperator
2384 4352 2524 4391 suos
2552 4335 2635 4390 ita
2664 4340 2755 4390 est
2804 4334 3131 4390 allocutus:
3156 4335 3401 4399 Videtis,
3432 4335 3667 4402 fratres,

2019 4423 2323 4479 neminem
2355 4423 2528 4479 nobis
2560 4423 2767 4478 adesse
2798 4421 2947 4478 velle
2968 4428 3185 4495 prwter
3198 4440 3385 4480 unum
3408 4424 3591 4479 Deum
3611 4428 3670 4478 et

2019 4528 2152 4583 qua:
2181 4528 2321 4569 eum
2352 4513 2480 4568 sine
2510 4512 2736 4568 semine
2763 4512 2995 4584 peperit
3027 4513 3340 4585 Virginem.
3359 4512 3497 4569 Ideo
3520 4514 3669 4568 fitut

2021 4600 2255 4657 ccelitus
2285 4601 2455 4657 nobis
2476 4601 2658 4657 misso
2687 4601 2903 4657 auxilio
2961 4602 3023 4657 in
3083 4602 3254 4658 nobis
3291 4618 3360 4657 ac
3390 4603 3668 4659 omnibus

2020 4689 2152 4744 istis
2182 4706 2347 4746 suam
2381 4689 2749 4747 demonstret
2778 4691 3122 4762 potentiam.
3156 4692 3446 4749 Chosroes
3475 4693 3667 4748 omni-

264 4776 326 4833 δὲ
354 4777 604 4853 Χοσρόης
658 4771 979 4846 ἐπισυνάεας
1045 4771 1219 4828 πάντα
1275 4773 1343 4827 τὰ
1399 4773 1773 4850 στρατεύματα
1813 4774 1914 4831 αύ-

2026 4779 2133 4836 bus
2163 4780 2286 4836 suis
2317 4780 2673 4836 exercitibus
2702 4781 3021 4837 contractis
3070 4783 3323 4855 praeﬁcit
3362 4785 3667 4853 Bazasten,

260 4871 361 4925 τοῦ
410 4861 787 4943 προϐάλλεται
840 4861 1027 4924 αὐτοῖς
1084 4862 1385 4938 στρατηγὸν
1436 4861 1759 4936 Ῥαζάστην,
1820 4864 1914 4921 ἂν-

2026 4869 2211 4925 virum
2241 4869 2765 4926 bellicosissimum
2795 4886 2864 4927 ac
2882 4870 3100 4945 insigni
3129 4871 3673 4941 fortitudine,eum-

264 4954 367 5033 δρα
394 4955 843 5030 πολεμικώτατον
883 4952 974 5007 καί
1002 4947 1274 5026 ἀνδρεῖον,
1299 4951 1389 5008 καὶ
1417 4953 1555 5008 κατά
1582 4951 1913 5031 Ἡρακλείου

2026 4975 2136 5031 que
2169 4958 2450 5015 adversus
2502 4959 2840 5016 Heraclium
2894 4960 3097 5016 mittit.
3147 4960 3451 5018 Heraclius
3504 4962 3670 5035 pagis

258 5045 485 5121 πέμπει,
515 5045 578 5104 Ὁ
633 5041 693 5100 δὶ
750 5039 1006 5118 βασιλεὺς
1060 5040 1158 5102 τάς
1210 5061 1271 5096 τε
1333 5040 1520 5106 πόλεις
1585 5041 1677 5099 καί
1719 5044 1910 5119 κώμας

2026 5048 2387 5119 urbibusque
2418 5048 2677 5105 Persidis
2708 5049 2842 5123 igne
2868 5050 3163 5121 evastatis,
3187 5055 3246 5106 et
3274 5052 3491 5120 Persis,
3518 5068 3667 5124 quos

1451 5143 1819 5200 XYLANDRI
1855 5146 1945 5201 ET
1981 5147 2197 5203 GOARI
2236 5146 2458 5203 NOTAE.

332 5264 442 5335 (49)
463 5258 753 5335 Naviculaa
783 5257 1095 5335 ﬂuviatiles
1136 5272 1284 5335 uno‘
1315 5256 1475 5335 ligno
1507 5262 1786 5335 excavato
1818 5263 1906 5315 tu-
2014 5277 2134 5335 vni,
2164 5260 2235 5317 de
2296 5261 2741 5319 Patziuacarum
2800 5259 2852 5315 ἐν
2912 5260 3236 5333 μονοξύλοις
3269 5264 3658 5334 navigatione.

258 5324 580 5404 multuario
630 5333 998 5404 praeparatas,
1056 5324 1335 5404 μονόξυλα
1363 5324 1605 5404 'dictai,
1706 5349 1905 5404 σκαοαι

2026 5324 2194 5389 Bosa.

254 5403 515 5479 ﬁmi-nl,
546 5399 876 5473 amicum—atas
920 5399 1208 5455 nimirum
1259 5405 1326 5482 et
1361 5400 1643 5473 scalpello
1678 5402 1905 5486 rudiori
2089 5404 2204 5545 $50)
2223 5406 2464 5486 Portum
2491 5404 2887 5529 onlitanum.
2917 5406 3091 5461 Goaa.

258 5484 470 5533 trunco
500 5477 861 5545 ell'ormatae.
886 5474 1105 5545 Auctor
1128 5470 1202 5545 de
1256 5471 1467 5545 iisdem
1510 5481 1804 5529 sexcentis
1843 5491 1905 5529 in
2117 5478 2205 5545 51)
2234 5475 2460 5530 Exnnde
2491 5476 2530 5530 il
2561 5492 2633 5531 uc
2665 5477 2775 5530 locn
2808 5474 3091 5532 (iebatsec

258 5470 470 5533 trunco
500 5470 861 5545 eﬂ'ormataa.
886 5474 1105 5545 Auctor
1128 5470 1202 5545 de
1256 5471 1467 5545 iisdem
1488 5470 1804 5529 sexcentis
1843 5474 1905 5529 in
2092 5470 2205 5545 (5t)
2234 5475 2460 5530 Exinde
2491 5470 2633 5531 illuc
2665 5477 2775 5530 loci
2808 5474 3323 5532 (lebatsecundum
3354 5480 3665 5545 antiquum

256 5549 428 5614 locis,
461 5547 563 5602 ubi
593 5546 665 5601 de
695 5544 900 5601 Russis
929 5549 989 5598 et
1015 5543 1340 5618 Patsinacis
1382 5545 1747 5600 mentionem
1766 5546 1904 5618 agit,

262 5621 445 5677 Usum
492 5632 716 5683 earum,
764 5620 825 5672 et
881 5630 999 5687 qua
1040 5615 1270 5687 ratione
1322 5631 1430 5687 per
1476 5621 1694 5687 terram
1754 5615 1908 5673 trahi

262 5691 359 5748 vel
386 5690 690 5747 hominum
710 5683 977 5743 humeris
1018 5683 1246 5741 soleant
1298 5683 1709 5753 transportari,
1741 5704 1906 5744 enar-

263 5767 360 5821 rat
430 5758 731 5817 fusissime
786 5757 1210 5815 Constantinus
1265 5759 1344 5814 De
1407 5757 1621 5831 admin,
1681 5761 1813 5832 imp.
1852 5776 1903 5815 c.

2018 5549 2235 5631 typum.
2256 5549 2579 5629 processio,
2613 5547 3015 5631 cujushritum‘
3061 5555 3126 5631 et
3170 5566 3378 5631 preces
3425 5547 3669 5631 exhibet

2017 5616 2441 5704 Euchologium
2472 5616 2955 5704 recenSZB‘ditum.
2975 5621 3148 5704 Petra
3168 5616 3665 5704 illapraagra‘udis

2016 5694 2127 5818 Est,
2158 5690 2362 5746 versus
2391 5695 2623 5762 portam
2671 5690 3087 5762 Adrianopolis
3133 5690 3378 5749 nomine
3422 5690 3662 5752 dictam.

2062 5776 2191 5816 om.

2062 5776 2191 5816 OAR.
