4148 6212
446 377 568 437 ’⁸199

1811 367 2129 430 GEOltGII
2172 364 2513 430 CEDRENI

3738 375 3865 437 800

446 510 722 589 cepisset,
756 507 947 580 gladio
977 503 1568 574 interfectis,0ctobri
1599 517 1805 560 mense
1825 501 2091 559 Chamai-

2201 496 2466 589 Περσίδος
2497 496 2817 589 ὲπυρπόλει,
2875 497 2967 556 καὶ
3023 499 3151 563 τοὺς
3210 500 3613 578 κρατουμένους
3652 505 3867 582 Πέρσας

446 598 548 654 tha
578 596 879 669 regionem
938 598 1205 664 occupat,
1266 593 1466 664 ibique
1517 596 1549 649 Ἰ
1607 592 1841 647 dierum
1899 590 2100 662 quiete

447 687 772 741 exercitum
798 682 1006 737 reﬁcit.
1044 681 1476 753 lnsequebatur
1515 699 1551 737 a
1608 686 1771 754 tergo
1802 683 2100 750 Razastes,

450 774 574 841 sed,
599 771 758 844 quod
799 771 1045 827 Romani
1105 771 1386 827 alimenta
1434 772 1633 827 omnia
1687 770 2101 839 absumebant,

442 864 597 918 fame
630 861 970 935 urgebatur,
1003 876 1190 931 eaque
1223 861 1412 917 multa
1438 862 1624 932 ipsius
1646 860 1922 931 jumenta
1944 859 2097 930 peri-

447 954 610 1009 bant.
645 953 842 1007 Prima
886 951 1226 1006 Decembris
1279 951 1374 1006 die
1432 950 1738 1006 Heraclius
1780 949 1932 1004 Zaba
1990 947 2100 1002 ilu-

441 1042 603 1096 mine
639 1041 882 1112 trajectu
936 1040 1093 1095 haud
1124 1039 1330 1111 procul
1362 1039 1565 1094 Ninive
1596 1043 2052 1093 castrametatur
2082 1070 2098 1096 ν

443 1131 774 1201 eodemque
818 1132 1090 1184 Razastes
1153 1128 1510 1200 supervenit.
1572 1129 1717 1183 Tum
1778 1127 2103 1198 imperator

442 1223 697 1277 Boanem
722 1220 1017 1275 exercitus
1048 1218 1261 1274 ducem
1320 1234 1455 1273 cum
1512 1217 1758 1273 delectis
1807 1216 2100 1272 militibus

446 1311 652 1383 paucis
682 1309 919 1365 emittit.
945 1311 999 1364 Is
1033 1308 1095 1362 in
1126 1307 1385 1363 bandum
1452 1307 1755 1362 Persicum
1806 1305 2097 1373 incidens;

448 1398 699 1469 reliquis
722 1396 956 1463 occisis,
989 1399 1057 1451 26
1087 1401 1293 1468 captos
1331 1395 1404 1451 ad
1452 1394 1787 1451 Heraclium
1834 1393 2097 1463 adducit,

448 1490 704 1544 atterens
731 1503 851 1541 una
880 1491 1056 1559 caput
1086 1484 1319 1540 comitis
1337 1500 1543 1540 eorum
1565 1483 1762 1555 etejus
1783 1482 2099 1555 pugionem

447 1591 522 1630 ex
550 1573 740 1630 solido
771 1590 936 1642 auro,
960 1589 1030 1628 ac
1060 1573 1316 1628 Razastaa
1346 1571 1726 1644 armigerum.
1760 1569 2101 1625 Hicindicat

440 1664 712 1720 Heraclio
741 1662 1076 1719 decrevisse
1105 1665 1413 1719 Razastem
1444 1660 1649 1734 prmlio
1697 1660 2001 1732 congredi,
2029 1676 2100 1716 ac

441 1754 555 1810 tria
582 1758 945 1810 armatorum
976 1752 1233 1808 milliaei
1263 1768 1298 1808 a
1325 1753 1583 1808 Chosroe
1613 1750 2095 1819 missa,nondum

438 1848 641 1900 tamen
701 1845 845 1899 781
904 1842 1237 1900 advenisse.
1302 1843 1403 1897 His
1462 1840 1715 1914 cognitis
1776 1841 2099 1912 imperator

441 1934 676 1990 tuldum
707 1935 1036 2006 praemittit,
1059 1939 1236 2005 atque
1294 1933 1420 2005 ipse
1474 1931 1859 2003 subsequitur
1918 1949 1932 2000 ;
1984 1946 2094 1986 na-

447 2030 696 2094 ctusque
716 2023 914 2079 locum
944 2027 1350 2095 opportunum
1394 2022 1601 2077 statuit
1650 2037 1907 2093 pugnam
1937 2036 2096 2075 com-

447 2114 705 2181 mittere,
734 2112 1080 2183 priusquam
1133 2111 1208 2166 ad
1246 2113 1549 2167 Razastem
1596 2110 1711 2165 tria
1748 2109 1861 2165 ista
1904 2109 2095 2166 millia

444 2199 816 2256 accederent.
847 2202 934 2256 Ita
961 2204 1098 2255 ante
1127 2199 1276 2254 alios
1295 2215 1503 2254 omnes
1524 2197 1841 2270 prosiliens
1858 2197 2088 2253 ductori

440 2289 677 2346 cuidam
708 2292 1020 2345 Persarum
1046 2293 1206 2345 vasto
1238 2288 1466 2344 homini
1525 2288 1802 2353 occurrit,
1833 2304 2089 2360 eumque

433 2379 530 2434 Dei
554 2384 612 2434 et
644 2379 906 2450 Deiparaa
929 2377 1149 2435 auxilio
1179 2377 1424 2450 dejicit:
1460 2383 1583 2433 tum
1615 2377 1799 2433 alium
1821 2393 1888 2433 ac
1912 2394 2088 2450 porro

434 2470 696 2537 tertium,
731 2470 831 2542 qui
866 2470 920 2525 ei
960 2471 1131 2525 hasta
1178 2469 1403 2525 labium
1463 2468 1776 2525 sauciarat.
1835 2469 1923 2523 Ita
1960 2473 2086 2524 tum

439 2561 559 2616 acri
592 2560 797 2634 praalio
844 2565 1138 2624 conserto,
1196 2561 1488 2623 Razastes,
1544 2575 1613 2614 ac
1670 2558 1773 2630 qui
1834 2575 1969 2613 cum
2017 2575 2086 2613 eo

440 2654 611 2706 erant
633 2649 1117 2721 ductores,prope
1151 2665 1360 2705 omnes
1389 2647 1735 2703 ceciderunt
1773 2647 2086 2719 majorque

440 2740 732 2795 exercitus
790 2755 995 2794 eorum
1052 2754 1208 2810 pars.
1270 2739 1348 2793 De
1407 2737 1688 2792 Romanis
1744 2735 2087 2792 ceciderunt

439 2827 970 2899 quinquaginta,ex
1000 2826 1216 2898 quibus
1248 2826 1456 2882 decem
1488 2825 1706 2881 mortui
1727 2824 2083 2879 sunt.Dura-

437 2917 516 2971 vit
547 2932 743 2989 pugna
773 2932 807 2971 a
838 2916 1177 2988 primaluce
1208 2932 1397 2988 usque
1429 2914 1503 2971 ad
1526 2929 1924 2985 vesperamac
1938 2928 2086 2968 neu-

433 3004 506 3061 tri
533 3005 660 3060 loco
691 3010 1017 3061 cesserunt.
1050 3007 1170 3061 Nox
1227 3022 1297 3061 ea
1342 3005 1543 3077 quieta
1598 3004 1728 3059 fuit.
1780 3002 1894 3059 Sed
1924 3003 2084 3058 circa

437 3094 646 3150 horam
675 3095 867 3150 noctis
891 3099 1154 3150 octavam
1186 3096 1378 3149 Persa)
1410 3093 1532 3148 suis
1547 3092 1726 3149 rebus
1746 3091 2086 3147 diffidentes

2206 586 2415 644 ἀνεῖλεν
2447 587 2500 644 ἐν
2529 587 2793 664 ῥομφαίᾳ.
2827 591 2913 663 [Ρ.
2948 594 3076 666 417]
3129 596 3219 664 Τῷ
3271 588 3592 669 Ὀκτωϐρὲῳ
3621 592 3682 651 δὲ
3724 618 3843 670 μην

2206 672 2501 733 κατέλαϐεν
2552 677 2630 739 είς
2687 680 2788 747 τὴν
2851 678 3039 756 χώραν
3086 682 3360 755 Χαμαϊθᾶ,
3424 684 3513 738 καὶ
3543 682 3873 743 διανέπαυσε

2203 766 2295 822 τὸν
2353 764 2484 822 λαὸν
2542 763 2819 840 ἑϐδομάδα
2876 767 3027 841 μίαν.
3076 771 3139 828 Ὁ
3187 771 3487 842 Ῥαζάστης
3540 771 3599 829 δὶ
3683 774 3869 840 ἐλθὼν

2208 853 2502 927 ἠκολούθει
2532 852 2773 927 ὄπισθεν,
2803 858 2895 913 καὶ
2949 862 3057 913 τῶν
3106 860 3402 932 Ῥωμαίων
3455 861 3865 920 ἀναλισκόντων

2203 946 2303 1007 τάς
2356 947 2561 1024 τροφάς
2615 941 2832 1002 ὄπισθεν
2889 946 3052 1009 αὐτὸς
3108 950 3309 1004 πεινῶν
3391 948 3713 1021 ἠκολούθει,
3790 956 3872 1020 ὡς

2206 1032 2393 1089 πολλὰ
2421 1037 2531 1089 τῶν
2561 1031 2784 1112 ἀλόγων
2815 1035 2980 1091 αὐτοῦ
3029 1033 3414 1113 διαφθαρῆναι.
3479 1040 3535 1093 '0
3587 1038 3645 1096 δὶ
3705 1043 3869 1118 βασι.

2208 1121 2335 1185 λεὺς
2367 1127 2437 1197 τῇ
2467 1124 2660 1199 πρώτῃ
2717 1129 2816 1180 τοῦ
2875 1121 3212 1200 Δεκεμϐρίου
3271 1129 3448 1201 μηνὸς
3503 1125 3699 1193 διαϐἀς
3770 1131 3867 1186 τὸν

2206 1206 2383 1267 Ζαϐἆν
2412 1212 2663 1286 ποταμὸν
2694 1211 2933 1283 πλησίον
2963 1220 3062 1284 τῆς
3091 1212 3312 1280 πόλεως
3352 1218 3543 1274 Νινευΐ
3596 1221 3875 1291 κατεσκή-

2205 1323 2362 1358 νωσε.
2400 1296 2673 1359 Κατέλαϐε
2703 1300 2761 1358 δὲ
2789 1304 2880 1358 καὶ
2929 1305 2959 1359 ὁ
3010 1304 3323 1376 Ῥαζάστης.
3372 1308 3432 1364 Ὀ
3487 1305 3545 1364 δὶ
3606 1307 3873 1384 βασιλεὺς

2203 1389 2533 1447 ἀποστίλλει
2565 1392 2776 1463 Βοάνην
2807 1393 2902 1448 τὸν
2949 1393 3329 1469 στρατηλάτην
3393 1397 3508 1469 μετ’
3564 1395 3873 1453 ἐπιλέκτων

2207 1485 2558 1556 στρατιωτῶν
2616 1478 2841 1557 ὀλίγων.
2895 1483 2956 1541 ’0
3014 1480 3072 1538 δὶ
3131 1483 3257 1561 εὗρε
3300 1482 3496 1561 βάνδον
3556 1488 3675 1560 (52)
3751 1493 3872 1543 τῶν

2209 1572 2452 1645 Ηερσῶν,
2484 1568 2535 1641 ἐξ
2567 1571 2640 1625 ὧν
2667 1577 2744 1633 κς“
2792 1572 3067 1647 κρατήσας
3118 1572 3315 1651 ἤνεγκε
3370 1576 3508 1650 πρὸς
3564 1578 3658 1632 τὸν
3706 1578 3873 1652 βασι-

2206 1657 2325 1730 λέα,
2355 1657 2483 1721 τοὺς
2528 1657 2739 1722 ἄλλους
2795 1660 3075 1740 φονεύσας.
3116 1663 3348 1740 Ἵίνεγκε
3396 1661 3454 1720 δὲ
3504 1664 3594 1721 καὶ
3641 1667 3743 1736 τήν
3777 1686 3871 1721 xs-

2207 1747 2388 1827 φαλὴν
2443 1753 2542 1804 τοῦ
2598 1750 2849 1824 κόμητος
2896 1750 3074 1806 αὐτῶν
3129 1751 3221 1807 καὶ
3276 1753 3341 1810 τὸ
3424 1755 3648 1810 σπαθίον
3699 1755 3875 1811 αὐτοῦ

2128 1879 2174 1945 Β
2205 1837 2517 1915 ὁλόχρυσον
2557 1840 2766 1895 καὶτὸν
2811 1840 3110 1915 σπαθάριον
3167 1847 3266 1898 τοῦ
3295 1843 3614 1916 Ῥαζάστου,
3654 1840 3718 1907 ὅς
3771 1846 3868 1902 καὶ

2205 1931 2320 1985 εἶπε
2346 1934 2429 2002 τῷ
2463 1929 2702 2005 βασιλεῖ,
2760 1929 2846 1986 ὅτι
2908 1931 3226 2007 Ὠρισμένος
3285 1933 3430 1990 ἔστὶν
3483 1936 3512 1991 ὁ
3561 1936 3873 2007 Ῥαζάστης

2206 2017 2529 2093 πολεμῆσαί
2585 2041 2694 2088 σοι,
2750 2020 2841 2077 καὶ
2919 2020 3269 2098 τρισχιλίους
3324 2022 3712 2101 ὡπλισμένους
3754 2026 3873 2081 ἀπ-

2204 2106 2442 2164 έστειλεν
2474 2109 2622 2183 αὐτῷ
2673 2105 2947 2186 Χοσρόης,
3007 2110 3135 2168 ἀλλ’
3212 2112 3396 2186 ἀκμὴν
3453 2114 3554 2170 οὐκ
3603 2112 3863 2194 ἔφθασαν.

2201 2201 2382 2256 Ταῦτα
2425 2200 2612 2273 μαθὼν
2644 2201 2673 2255 ὁ
2738 2198 2994 2275 βασιλεὺς
3051 2200 3453 2277 προαπέστειλε
3501 2204 3565 2259 τὸ
3620 2202 3868 2261 τοῦλδον

2199 2283 2502 2363 ἔμπροσθεν
2530 2289 2620 2344 καί
2651 2289 2817 2352 αὐτὸς
2881 2288 3269 2360 ἐπηκολούθει.
3331 2292 3520 2368 Εύρὼν
3576 2290 3635 2348 δὲ
3690 2295 3868 2349 τόπον

2198 2375 2507 2449 ἐπιτήδειον
2540 2377 2780 2451 ήθίλησε
2810 2375 3112 2453 συμϐαλεῖν
3163 2379 3411 2455 πόλεμον
3473 2382 3609 2455 μετᾶ
3668 2384 3870 2453 Ῥαζά-

2197 2488 2326 2523 στου
2355 2467 2461 2543 πρὸ
2490 2472 2588 2524 τοῦ
2613 2468 2879 2539 ὶνωθῆναι
2909 2475 3026 2532 τοῖς
3079 2469 3444 2546 τρισχιλίοις.
3508 2472 3607 2527 Καὶ
3637 2493 3881 2548 προπη-

2196 2553 2368 2626 δήσας
2397 2557 2610 2613 πάντων
2641 2559 2669 2612 ὁ
2703 2557 2961 2634 βασιλεὺς
3016 2557 3245 2635 ἄρχοντι
3292 2559 3520 2635 μεγάλῳ
3545 2565 3655 2617 τῶν
3720 2565 3871 2635 Περ-

2195 2652 2304 2701 σῶν
2333 2651 2580 2718 συναντᾷ,
2612 2646 2703 2702 καὶ
2838 2651 2936 2703 τοῦ
2965 2653 3100 2703 Θεοῦ
3142 2646 3365 2721 δυνάμει
3423 2651 3515 2705 καὶ
3567 2657 3672 2720 τῆς
3728 2657 3863 2707 Θεο⁶

2192 2735 2358 2791 τόκου
2387 2730 2724 2792 καταϐάλλει
2750 2740 2964 2796 τοῦτον.
2998 2737 3127 2795 Εἶτα
3181 2737 3273 2793 καὶ
3332 2736 3581 2813 δεύτερον
3642 2739 3865 2813 ὁμοίιος

2195 2824 2286 2880 καὶ
2314 2825 2521 2899 τρίτον,
2555 2823 2704 2889 ὅστις
2736 2822 2905 2882 ἔδωκε
2933 2830 3015 2899 τῷ
3067 2825 3288 2904 βασιλεῖ
3328 2827 3464 2901 μετά
3520 2826 3753 2904 δόρατος
3777 2829 3866 2893 εἷς

2194 2914 2259 2970 τὸ
2286 2912 2497 2990 χεῖλος.
2539 2915 2742 2994 Μάχης
2771 2915 2862 2970 οὗν
2892 2915 3252 2991 κροτηθείσης
3295 2914 3532 2995 σφοδρᾶς
3572 2918 3762 2973 πίπτει
3824 2920 3855 2974 ὁ

2206 3004 2504 3075 Ῥαζάστης
2533 3003 2622 3059 καὶ
2654 3004 2704 3059 οἱ
2734 3003 3000 3084 ἄρχοντες
3030 3004 3197 3060 αὐτοῦ
3255 3004 3452 3081 σχεδὸν
3510 3006 3707 3069 πάντες
3755 3007 3859 3062 καὶ

2195 3094 2259 3148 τὸ
2289 3090 2546 3149 πλεῖστον
2572 3098 2670 3150 τοῦ
2700 3099 2930 3171 στρατοῦ
2961 3093 3149 3153 αὐτοῦ.
3192 3096 3424 3151 Ἕπεσον
3467 3092 3526 3151 δὲ
3580 3097 3858 3170 Ῥωμαῖοι

437 3183 701 3239 evulsum
726 3183 946 3239 vallum
965 3182 1025 3237 in
1048 3183 1267 3239 montis
1297 3182 1491 3254 asperi
1524 3181 1734 3253 pedem
1768 3180 2088 3236 transtule-

2201 3184 2561 3253 πεντήκοντα,
2594 3181 2644 3252 ἐξ
2677 3183 2751 3237 ὧν
2794 3180 2920 3238 δέκα
2945 3183 3232 3251 ἀπέθανον.
3272 3185 3487 3241 Ἵστατο
3537 3182 3596 3240 δὲ
3654 3187 3684 3241 ὁ
3750 3185 3856 3241 πό-

438 3278 595 3328 runt.
623 3272 871 3329 Romani
902 3272 1140 3328 invento
1168 3274 1423 3328 Razastm
1481 3270 1766 3326 cadavere
1813 3269 2089 3341 clypeum

2201 3244 2372 3345 λεμος
2398 3272 2503 3326 ἀπὸ
2546 3244 2759 3346 πρωίας
2804 3271 2909 3335 ἓως
2968 3244 3115 3350 ὥρας
3152 3270 3460 3346 ἑνδεκάτης,
3518 3275 3608 3329 καὶ
3663 3277 3855 3351 τροπή

435 3361 566 3432 ejus
594 3367 784 3416 totum
808 3377 1077 3429 aureum,
1117 3367 1241 3416 tum
1292 3360 1537 3416 loricam
1595 3366 1648 3415 et
1708 3360 2090 3415 brachiorum

437 3450 847 3522 integumenta
874 3467 942 3505 ac
972 3450 1200 3515 sellam,
1232 3450 1434 3506 omnia
1456 3466 1524 3505 ex
1557 3449 1749 3505 solido
1778 3465 1924 3505 auro
1950 3465 2096 3505 con-

434 3537 609 3603 fecta,
668 3537 1063 3606 abstulerunt,
1122 3555 1357 3594 necnon
1411 3539 1886 3611 scaramangium
1938 3538 2089 3611 ejus.

442 3626 604 3680 Multi
636 3626 816 3681 etiam
847 3628 1040 3682 Persaa
1081 3628 1190 3682 vivi
1223 3629 1284 3682 in
1317 3634 1669 3700 potestatem
1696 3628 1957 3684 hostium
1986 3645 2093 3683 ve-

438 3720 675 3770 nerunt.
742 3716 1068 3789 Imperator
1123 3721 1439 3789 postquam
1502 3734 1745 3774 suorum
1830 3717 2091 3773 militum

443 3807 675 3861 animos
705 3807 973 3863 oratione
1012 3808 1403 3878 conﬁrmavit,
1454 3808 1515 3864 in
1572 3809 1874 3864 Chosroen
1903 3809 2088 3878 ducit,

445 3894 530 3950 uti
562 3895 720 3951 hunc
752 3901 975 3952 terrore
1005 3897 1236 3969 objecto
1277 3914 1346 3953 eo
1377 3898 1576 3971 adigat
1629 3904 1697 3954 ut
1744 3899 1794 3954 is
1823 3897 1896 3954 ab
1941 3897 2090 3953 obsi-

445 3986 624 4042 dione
679 3988 933 4060 Byzantii
1011 3988 1329 4045 Sarbarum
1380 3994 1634 4045 revocet.
1666 3990 2091 4061 Transgressus

443 4093 579 4149 ergo
607 4078 769 4148 parvi
799 4077 965 4132 Zabaa
992 4085 1207 4150 pontes
1238 4078 1299 4133 in
1339 4078 1567 4133 aedibus
1607 4078 1978 4133 Jesdemonis
2008 4078 2094 4134 di-

442 4167 637 4233 vertit,
670 4166 872 4237 ibique
891 4168 1106 4223 Christi
1142 4168 1409 4224 Natalem
1466 4168 1802 4225 celebravit.
1838 4166 1986 4223 Hinc
2015 4167 2089 4223 ad

439 4255 604 4309 aliud
625 4255 899 4310 Chosrom
930 4256 1217 4327 palatium
1251 4258 1429 4325 venit,
1481 4257 1641 4328 quod
1668 4260 1823 4314 Busa
1851 4256 2093 4312 diceba-

440 4348 558 4409 tur,
592 4343 770 4414 idque
801 4346 1026 4401 evertit.
1071 4345 1210 4401 lnde
1260 4346 1421 4402 aliud
1474 4351 1723 4418 occupat
1778 4346 2087 4419 palatium,

444 4433 690 4487 nomine
715 4434 864 4490 182
898 4434 1253 4490 Beclamum.
1285 4437 1351 4490 In
1384 4452 1453 4491 eo
1485 4442 1612 4492 erat
1640 4436 1832 4492 circus
1867 4441 1927 4491 et
1955 4435 2087 4491 alti-

2200 3359 2300 3416 οὐκ
2354 3360 2583 3439 ἐγένετο.
2637 3363 2737 3419 Καὶ
2798 3362 2897 3430 τὴν
2948 3363 3043 3435 μὲν
3124 3361 3289 3419 νύκτα
3350 3363 3653 3439 ἡσύχασαν,
3726 3367 3855 3441 περέ

2203 3447 2347 3524 ὥραν
2382 3447 2440 3506 δὶ
2470 3450 2523 3521 η’
2552 3456 2653 3520 τῆς
2683 3452 2871 3513 νυκτὸς
2930 3446 3191 3514 Λαϐόντες
3243 3453 3296 3508 οἱ
3354 3451 3549 3520 Πέρσαι
3595 3454 3660 3508 τὸ
3718 3474 3857 3531 φοσ-

2203 3540 2362 3595 σάτον
2390 3538 2568 3594 αὐτῶν
2595 3538 2949 3611 ἠπλήκευσαν
2986 3539 3062 3603 εἰς
3116 3537 3286 3603 πόδας
3345 3540 3504 3617 ὄρους
3557 3548 3855 3618 τραχεινοῦ

2202 3623 2458 3707 ἔμφοϐοι.
2492 3630 2560 3687 Ol
2591 3630 2858 3703 Ῥωμαῖοι
2891 3625 2948 3684 δὲ
2985 3629 3231 3705 εὑρόντες
3279 3630 3372 3685 τὸν
3421 3633 3520 3686 τοῦ
3558 3630 3859 3701 Ῥαζάστου

2201 3718 2390 3793 νεκρὸν
2422 3712 2621 3773 ἔλαϐον
2650 3718 2713 3773 τὸ
2771 3716 3090 3793 σκουτάριον
3123 3717 3288 3774 αὑτοῦ
3327 3718 3639 3799 ὁλόχρυσον
3667 3719 3759 3775 καὶ
3786 3722 3856 3776 τὸ

2203 3806 2406 3882 λωρίον
2437 3810 2550 3882 (53)
2581 3809 2761 3865 καὶτὰ
2795 3804 3085 3889 βραχιόνια
3108 3813 3218 3882 (54)
3250 3810 3416 3864 αὐτοῦ
3459 3810 3547 3865 καὶ
3598 3811 3702 3879 τήν
3733 3808 3859 3865 σέλε-

2202 3896 2326 3967 λαν,
2356 3898 2531 3954 πάντα
2561 3896 2844 3973 ὁλόχρυσα
2871 3899 2963 3953 καὶ
2996 3898 3061 3953 τὸ
3118 3899 3526 3976 σκαραμάγγιον
3583 3902 3700 3971 (55)
3749 3898 3853 3954 αὖα

2199 3986 2318 4045 τού.
2352 3985 2748 4061 Κωεσχὲθησαν
2781 3984 2839 4042 δὶ
2875 3985 2967 4042 καὶ
3027 3992 3226 4056 ζῶντες
3285 3986 3509 4043 πολλοί.
3552 3988 3614 4044 Ὀ
3655 3986 3713 4043 δὲ
3746 3990 3855 4062 βα-

2201 4072 2384 4137 σιλεὺς
2453 4077 2855 4151 θαρσοποιήσας
2910 4076 3003 4131 τὸν
3086 4078 3311 4152 στρατὸν
3370 4077 3506 4131 κατὰ
3598 4076 3853 4152 Χοσρόοο

2198 4161 2453 4233 ¹ἤλαυνεν,
2502 4166 2654 4228 ὁπως
2709 4169 2900 4220 τοῦτον
2954 4160 3262 4242 ἐκφοϐήσας
3308 4164 3466 4240 πείσῃ
3524 4163 3852 4221 ἀποστεῖλαι

2197 4255 2338 4328 πρὸς
2371 4248 2651 4329 Σάρϐαρον
2711 4255 3069 4334 ἀναχωρῆσαι
3125 4257 3223 4309 τοῦ
3275 4253 3583 4325 Βυζαντίου.
3645 4262 3852 4310 Διαπε-

2197 4343 2364 4419 ράσας
2411 4339 2521 4398 δὲὸ
2555 4341 2811 4417 βασιλεὺς
2867 4343 2963 4404 τάς
2994 4342 3230 4421 γεφύρας
3285 4348 3384 4398 τοῦ
3461 4348 3662 4418 μικροῦ
3704 4338 3857 4399 Ζαϐἆ

2197 4434 2601 4503 κατεσκήνωσεν
2622 4431 2698 4494 εἰς
2744 4430 2873 4494 τοὺς
2905 4429 3090 4495 οἴκους
3143 4435 3241 4487 τοῦ
3297 4429 3590 4506 ἰεσδεμὸν,
3658 4430 3855 4507 ἑορτά-

437 4519 525 4575 les
556 4522 919 4577 struthiones
940 4528 1080 4594 tres,
1112 4541 1337 4596 capreas
1387 4525 1749 4598 quingenta),
1781 4525 1909 4596 apri
1947 4542 2085 4580 cen-

2201 4542 2288 4584 σας
2333 4523 2391 4576 ἓν
2452 4519 2636 4584 αὐτοῖς
2691 4521 2791 4591 τὴν
2848 4524 3087 4596 Χριστοῦ
3167 4521 3437 4598 γέννησιν.
3495 4523 3733 4579 Ἐκεῖθεν
3790 4517 3852 4577 δὲ

1470 4723 1844 4780 XYLANDBI
1874 4723 1961 4779 ET
1994 4722 2210 4778 GOARI
2239 4722 2459 4777 NOT/E.

501 4850 839 4925 (52)B£v80v
894 4852 1228 4925 signiﬁcare
1299 4853 1565 4908 vexillum
1608 4851 1783 4925 facile
1838 4856 1929 4907 est
1957 4851 2054 4925 Si-

439 4923 777 5006 r_npczittam_
806 4923 1021 5006 legenti
1081 4940 1426 5006 agnoscere,
1448 4940 1563 5006 _ni,
1716 4923 1811 4980 Sic
1832 4923 2087 5006 "Paulu's

440 4998 736 5056 Diaconus
760 4988 960 5053 Latine
992 4988 1175 5067 vocat.
1210 4988 1420 5050 Addit’
1447 4988 1757 5067 Rigaltius
1792 4994 1973 5067 etiam
2000 4988 2089 5048 τά·

448 5091 562 5145 γμα
595 5071 792 5139 bande,
825 5077 1019 5140 troupe
1048 5066 1330 5150 indicare.
1361 5065 1681 5149 Assentiar,
1714 5066 1762 5122 si
1790 5065 1964 5121 modo
1996 5082 2087 5121 co-

442 5145 673 5199 hortem
707 5141 795 5197 vel
821 5156 1033 5212 agmen
1084 5139 1229 5212 illud
1280 5138 1590 5212 intelligat,
1641 5154 1760 5212 quo
1802 5136 2087 5212 sub__uno

442 5217 622 5271 bando
652 5214 772 5271 sive
804 5209 1035 5280 ve'xillo,
1077 5210 1236 5266 unde
1287 5209 1507 5266 nomen
1564 5210 1815 5282 accepit,
1844 5209 2085 5279 militat,

440 5304 549 5341 une
577 5286 903 5356 compagm‘e
916 5284 1093 5340 Gom.

513 5360 625 5425 (53)
648 5352 945 5427 Nusquam
1006 5355 1180 5427 lorica
1209 5358 1318 5427 est,
1376 5352 1501 5423 sed,
1534 5353 1789 5427 "balteus,
1837 5369 1909 5427 ea
1967 5370 2086 5427 quo

444 5424 676 5481 scutum
706 5424 805 5481 vel
830 5427 989 5482 ensis
1018 5424 1258 5498 pendet,
1282 5424 1482 5481 lorum.
1517 5426 1843 5482 Germanus
1884 5424 1943 5481 in
1967 5424 2088 5496 Hy-

440 5499 696 5565 stagogia
727 5500 897 5552 Goaa.

519 5568 631 5636 (54)
660 5568 816 5622 Trito
856 5567 1252 5644 magis_verbo
1284 5568 1425 5642 legit
1450 5568 1837 5644 Theophanes
1852 5566 2084 5644 βραχιό-

447 5635 564 5706 λια,
594 5635 724 5708 qum
756 5645 895 5694 sunt
939 5635 1012 5708 ad
1051 5637 1311 5707 brachia,
1346 5635 1629 5697 'armilla:
1686 5637 1773 5694 Ad
1829 5635 2087 5697 sartb'ses

444 5707 825 5767 bracliiorum
850 5707 1202 5766 indumenta
1223 5709 1535 5782 Xylandri.
1556 5712 1731 5768 Gou'.

2233 4850 2348 4932 (55)
2368 4848 2852 4937 Scaramangium
2877 4847 3026 4937 quid
3048 4848 3645 4937 isigcognosciposse
3670 4920 3684 4937 Ι
3696 4854 3848 4937 puto

2196 4937 2265 4976 ex
2298 4921 2371 4995 iis
2400 4921 2829 4995 quihlinguani
2874 4921 3536 4995 Graecamucorruptam
3595 4921 3846 4995 callent.

2198 4992 2387 5076 Audio
2419 4991 2487 5049 ea
2511 4991 2711 5076 lingua
2739 4992 2957 5049 editam
2972 4991 3850 5076 esselliadem’Homeriguam

2197 5066 2425 5146 utinam
2448 5062 2710 5146 nancisci
2746 5080 3001 5146 possem.
3034 5063 3280 5146 .Utinam‘
3301 5078 3436 5119 vero
3458 5062 3849 5146 lexiconejus

2196 5135 2410 5223 linguas
2442 5134 2798 5223 ὤμω-,συθ
2826 5134 3224 5223 posteriorum
3265 5134 3852 5223 temporum‘nptitia

2196 5205 2459 5291 apertior
2504 5205 2716 5265 fleret.‘
2751 5205 2894 5263 Χή..
2928 5205 3035 5332 έτὸ
3096 5205 3531 5334 σκαὲρμάγῗιον]
3587 5208 3850 5265 Achmes

2197 5297 2246 5336 c.
2280 5280 2377 5335 131
2406 5283 2831 5351 interpretatur
2857 5296 2923 5332 κα
2965 5268 3139 5351 ϐάδιν.
3253 5278 3543 5351 st_autem
3574 5272 3847 5351 καϐϐἀδιν

2198 5352 2317 5407 sive
2346 5345 2642 5405 καϐϐάδῖον
2674 5352 2861 5407 tunica
2893 5349 3165 5421 exterior,
3224 5348 3431 5421 stricta
3484 5349 3728 5421 quidem
3788 5359 3851 5410 et

2196 5423 2428 5505 corpori
2459 5422 2793 5487 adhaerens,
2823 5420 3144 5505 atbrevior
3171 5419 3453 5505 etglobis
3479 5419 3847 5505 aintepectus

2188 5491 2421 5568 juncta,
2470 5511 2604 5568 nee
2637 5492 3070 5568 sagqmilitari
3101 5491 3346 5568 omnino
3391 5491 3693 5568 absimilis
3751 5503 3847 5552 est

2196 5562 2371 5623 Cosa.
2403 5595 2473 5608 —
2504 5565 2645 5622 Vide
2675 5562 2938 5621 Iudicem
2968 5568 3240 5620 nostrum
3276 5563 3351 5620 ad
3381 5562 3843 5625 Constantinum

2189 5637 2765 5768 llipi‘pliyrogenitum
2792 5638 2870 5695 De
2908 5637 3258 5709 caerimoniis,
3292 5642 3422 5694 tam.
3474 5634 3640 5694 CXII.
3680 5638 3838 5698 Edit.

2237 5727 2361 5769 ATR.
3212 5743 3225 5747 '
