4148 6212
272 354 389 419 801

1425 347 1975 414 HISTORIARUM
2017 348 2526 415 COMPENDIUM

3566 358 3684 424 803

273 489 503 548 διελθὼν
549 490 579 546 6
626 487 881 566 βασιλεὺς
937 482 1234 545 κατέλαϐεν
1290 484 1473 565 ἕτερον
1531 487 1803 554 παλάτιον
1834 486 1933 540 τοῦ

2078 488 2521 558 um,multitudo
2542 491 2858 549 innumera
2870 494 3086 556 ovium.
3102 512 3416 568 porcorum
3435 498 3686 554 etboum

281 582 512 658 κοσρέου
558 578 860 655 λεγόμενον
924 574 1140 649 Ῥοῦσα,
1192 578 1283 634 καὶ
1338 583 1500 635 τοῦτο
1550 576 1923 652 κατέστρεψεν.

271 674 365 745 Ἓξ
404 672 612 729 ἐκείνου
641 668 701 726 δὲ
731 670 807 732 εἰς
835 667 1016 745 ἕτερον
1075 664 1342 725 κατέλαϐε
1388 666 1655 725 παλάτιον
1680 667 1743 722 τὸ
1772 665 1928 740 λεγό-

277 783 437 838 μενον
468 759 716 833 Βεκλᾶμ,
747 757 798 814 ἐν
828 760 874 831 ᾦ
911 760 1003 814 καὶ
1057 755 1426 830 ἱπποδρόμιον
1452 758 1520 827 ἦν
1577 757 1668 812 καὶ
1727 774 1930 830 στρου-

277 856 470 917 θιῶνες
496 854 646 923 τρεῖς
677 849 909 903 σιτευτοὶ
937 846 1029 903 καὶ
1080 844 1337 924 δορκάδες
1364 847 1414 924 φ’
1461 845 1551 902 καὶ
1610 845 1837 920 σόαργοι
1867 843 1932 917 ρ’,

278 936 527 1013 πρόϐατα
557 936 637 1004 δὲ,
666 938 756 993 καὶ
787 943 997 1013 χοῖροι,
1025 937 1116 992 καὶ
1152 936 1275 1011 βόες
1315 937 1390 990 ὧν
1446 933 1546 990 οὒκ
1570 935 1640 1004 ἧν
1678 930 1933 1009 ἀριθμός.

282 1030 389 1088 Καὶ
420 1030 506 1101 [Ρ.
538 1028 666 1100 418]
698 1027 871 1082 πάντα
896 1023 1100 1081 δέδωκε
1127 1029 1206 1098 τῷ
1236 1023 1378 1098 λαῷ.
1431 1023 1591 1086 Τινὶς
1619 1019 1679 1077 δὲ
1705 1025 1813 1077 τῶν
1842 1042 1934 1076 συ-

279 1116 374 1174 νόν
415 1138 489 1172 ων
515 1120 632 1179 τοῖς
664 1115 892 1189 Πξρσαις
925 1113 1225 1189 Ἀρμενίων
1256 1111 1573 1191 προσῆλθον
1604 1115 1684 1184 τῷ
1718 1109 1938 1189 βασιλεῖ

217 1256 223 1260 .
282 1205 538 1285 λέγοντες
569 1205 651 1261 ὅτι
673 1206 703 1261 6
733 1204 988 1280 Χοσρόης
1013 1204 1149 1279 μετᾶ
1175 1208 1283 1259 τῶν
1328 1203 1634 1280 ἐλεφάντων
1689 1201 1779 1256 καὶ
1835 1204 1935 1256 τοῦ

283 1292 428 1351 ἰδίου
449 1296 681 1370 στρατσὸ
727 1292 968 1365 πλησίον
1029 1296 1129 1349 τοῦ
1181 1290 1452 1348 παλατίου
1506 1290 1674 1347 αὐτοῦ
1731 1298 1939 1346 Δυστα-

283 1382 457 1462 γᾶρδη
488 1384 898 1454 κασεσκήνωσεν
955 1378 1319 1459 ἐκδεχόμενος
1377 1386 1714 1456 συναχθῆναι
1765 1378 1938 1435 πάντα

281 1474 375 1531 τὸν
407 1475 635 1549 στρατὸν
697 1472 861 1529 αὐτοῦ
914 1475 1011 1528 τοῦ
1067 1470 1378 1545 πολεμῆσαί
1428 1491 1515 1527 σοι
1580 1471 1684 1527 Καὶ
1741 1468 1936 1534 εὐθέως

278 1562 643 1638 πυρπολήσας
676 1574 852 1618 πάντα
883 1562 912 1617 6
964 1560 1223 1637 βασιλεὺς
1275 1558 1493 1636 ἔρχεται
1551 1558 1792 1631 πλησίον
1841 1557 1939 1614 τοῖ’»

278 1650 556 1708 παλατίου
586 1651 752 1706 αὐτοῦ
808 1647 1179 1726 Δυσταγέρδη,
1238 1649 1292 1705 ἐν
1342 1649 1389 1722 ᾦ
1445 1649 1535 1705 καὶ
1593 1646 1712 1723 εὗρε
1773 1644 1942 1725 βάνδα

284 1740 596 1815 Ῥωμαίων,
639 1740 774 1815 ἅπερ
806 1738 860 1794 ἐν
901 1736 1187 1817 διαφόροις
1228 1738 1453 1814 χρόνοις
1483 1733 1681 1794 ἔλαϐον
1711 1738 1758 1792 oi
1804 1734 1941 1811 Πέρ-

285 1849 397 1899 σαι,
427 1828 517 1884 καὶ
551 1825 670 1899 εἴδη
702 1828 844 1897 τινὰ,
875 1827 987 1882 οἷον
1025 1825 1199 1897 ἀλόην
1249 1823 1469 1894 πολλὴν
1526 1824 1617 1881 καὶ
1674 1821 1810 1896 ξύλα
1845 1832 1938 1899 μὲ-

287 1917 437 1997 γάλα
464 1915 641 1989 ἀλόης
693 1919 829 1990 (56),
886 1916 1112 1991 μέταξὰν
1178 1919 1290 1990 (57)
1348 1936 1407 1972 τε
1460 1915 1551 1970 καὶ
1602 1913 1818 1990 πέπερι,
1853 1915 1946 1969 καὶ

2039 576 2173 632 Haec
2203 579 2405 634 omnia
2434 578 2649 651 populo
2695 579 2874 636 dedit.
2924 582 3172 647 Quidam
3203 602 3339 640 vero
3396 587 3684 655 Armenii,

2038 664 2139 734 qui
2170 681 2304 719 cum
2335 666 2530 721 Persis
2559 666 2873 738 degebant,
2908 669 2981 724 ad
3011 671 3347 728 Heraclium
3382 690 3442 729 se
3484 677 3687 733 confe-

2036 758 2197 821 runt,
2255 758 2651 829 nuntiantque
2703 759 3023 816 Chosroem
3062 778 3197 818 cum
3229 764 3557 837 elephantis
3589 785 3683 822 co-

2039 844 2271 916 piisque
2330 846 2453 902 suis
2505 848 2858 904 commorari
2937 851 3094 922 apud
3151 851 3432 924 palatium
3490 872 3685 921 suum,

2039 935 2282 989 nomine
2316 937 2755 1009 Dystagerdam,
2814 955 3192 1012 pugnamque
3252 943 3488 1000 dilTerre
3548 945 3688 1000 dum

2039 1022 2303 1095 reliquos
2359 1024 2578 1080 milites
2626 1028 2956 1084 contrahat.
3018 1030 3344 1101 Imperator
3401 1049 3537 1104 ergo
3570 1034 3688 1105 igni

2041 1112 2245 1168 omnia
2276 1112 2476 1168 statim
2506 1119 2742 1170 vastans
2799 1115 2874 1171 ad
2930 1117 3214 1188 palatium
3272 1120 3689 1192 Dystagerdam

2043 1201 2290 1260 accedit.
2349 1204 2415 1258 In
2474 1220 2543 1259 eo
2600 1203 2828 1260 invenit
2854 1204 3051 1261 banda
3102 1208 3523 1277 Romanorum,
3559 1228 3690 1281 qua)

2045 1288 2296 1346 diversis
2329 1292 2698 1364 temporibus
2744 1292 2940 1349 Persas
2971 1303 3291 1368 ceperant:
3346 1304 3471 1353 tum
3501 1300 3690 1355 varias

2043 1396 2245 1436 rerum
2276 1381 2525 1452 species,
2549 1386 2615 1437 ut
2642 1380 2818 1438 aloen
2849 1388 2909 1439 et
2937 1400 3152 1458 magna
3182 1385 3343 1441 aloes
3372 1386 3554 1460 ligna,
3583 1405 3694 1444 nec

2043 1485 2166 1524 non
2196 1471 2709 1544 metaxam,piper,
2741 1472 3081 1529 carbasinas
3113 1475 3388 1532 camisias
3418 1476 3698 1532 innume-

2043 1574 2163 1628 ras,
2195 1574 2522 1625 saccarum,
2552 1560 2840 1633 gingiber,
2873 1568 3204 1635 argentum,
3241 1570 3432 1621 vestes
3463 1564 3696 1621 holose-

2044 1648 2219 1716 ricas,
2252 1648 2564 1721 pelliceam
2612 1656 2834 1706 vestem
2866 1653 3205 1725 stragulam,
3238 1661 3465 1726 tapetes
3495 1656 3698 1728 acupi-

2046 1744 2411 1810 ctos,magna
2429 1741 2619 1811 copia.
2646 1744 2777 1797 Haec
2793 1742 3013 1810 omnia,
3031 1744 3170 1815 quia
3180 1745 3254 1801 ob
3272 1747 3505 1816 pondus
3528 1752 3700 1802 erant

2052 1827 2301 1883 molesta
2346 1828 2563 1897 futura,
2624 1831 2758 1903 igne
2813 1839 3243 1891 cremaverunt.
3299 1834 3702 1908 Confugerunt

2055 1917 2235 1972 etiam
2267 1917 2341 1972 ad
2372 1918 2704 1975 Heraclium
2746 1920 2918 1976 multi
2968 1923 3178 1996 captivi
3227 1923 3532 1992 Edesseni,
3564 1924 3701 1981 Ale-

292 2002 564 2083 καρϐάσια
616 2009 730 2081 (58)
808 2004 1041 2080 καμίσια
1115 2006 1247 2081 ὑπὶρ
1305 2004 1555 2081 ἀριθμὸν,
1616 2024 1795 2081 σαχαρ
1852 2004 1944 2059 καὶ

2078 2008 2354 2077 randrini,
2380 2011 2754 2083 aliarumque
2786 2013 3092 2069 nationum
3128 2015 3337 2089 ingens
3354 2016 3697 2072 multitudo.

297 2091 543 2172 ζιγγίϐερ
575 2097 668 2151 καὶ
699 2097 914 2169 ἄσημον
946 2100 1081 2170 (59),
1114 2093 1419 2167 ὀλοσηρικά
1444 2116 1503 2151 τε
1525 2095 1739 2168 ἱμάτια,
1792 2095 2141 2166 νακοτάπητά
2169 2100 2282 2171 (60)
2331 2118 2390 2153 τε
2434 2098 2525 2153 καὶ
2579 2100 2826 2171 τάπητας
2858 2101 2962 2156 ἀπὸ
2997 2101 3250 2178 βελόνης,
3283 2104 3497 2174 πλῆθος
3528 2102 3698 2162 πολὺ.

293 2185 475 2242 Ταῦτα
506 2183 595 2240 διὰ
622 2185 687 2241 τὸ
722 2185 888 2263 βάρος
914 2186 1260 2242 κατὲκατσαν.
1296 2184 1642 2261 Προσὲφυγον
1671 2181 1728 2238 δὲ
1753 2186 1836 2257 τῷ
1892 2181 2111 2260 βασιλεῖ
2155 2182 2362 2241 πολλοὶ
2421 2185 2798 2263 αἰχμάλωτοι,
2832 2186 3132 2262 Ἐδεσηνοὶ,
3161 2191 3251 2247 καὶ
3285 2188 3701 2268 Ἀλεξανδρηνοὶ

308 2276 398 2333 καὶ
431 2275 539 2330 ἀπὸ
569 2272 757 2331 ἄλλων
791 2273 960 2340 ἐθνῶν
984 2275 1200 2346 πλῆθος
1228 2271 1397 2333 πολύ.

378 2365 644 2436 Ἐποίησε
672 2360 732 2420 δὶ
771 2365 802 2420 6
863 2362 1120 2441 βασιλεὺς
1177 2365 1398 2420 ενταῦθα
1451 2364 1551 2434 τήν
1601 2363 1794 2438 ἑορτὴν
1848 2368 1956 2419 τῶν

2136 2366 2223 2422 lbi
2243 2367 2621 2439 Theophania
2648 2368 2865 2425 festum
2896 2369 3056 2426 diem
3079 2372 3215 2443 egit.
3249 2373 3475 2429 Palatia
3503 2378 3702 2428 autem

314 2455 484 2532 ἁγίων
512 2454 819 2534 Θεοφανίων
853 2458 987 2530 (61),
1018 2454 1399 2531 καταστρέφων
1457 2455 1527 2511 τὰ
1580 2458 1678 2510 τοῦ
1707 2453 1955 2529 Χοσρόου

2078 2455 2338 2512 Ξιιοενοω
2393 2457 2826 2528 pretiosissima
2857 2500 2872 2526 ,
2921 2458 3335 2525 admirabilia,
3391 2467 3451 2516 et
3503 2476 3703 2516 rerum

314 2544 556 2602 παλάτια
586 2546 856 2622 ὖπὲρτιμα
910 2545 1001 2600 καὶ
1056 2546 1342 2618 θαυμαστὰ
1376 2545 1466 2617 κρὶ
1518 2543 1833 2615 ἐκπλήξεως
1864 2543 1960 2619 γέ-

2078 2550 2368 2618 stuporem
2413 2544 2830 2602 incutientium
2883 2547 3064 2619 plena
3117 2548 3382 2604 funditus
3414 2549 3614 2618 diruit,
3645 2555 3713 2604 ut

315 2655 490 2708 μοντα
539 2633 644 2697 ἓως
700 2631 955 2712 ἐδάφους,
1032 2632 1124 2690 ’ίνα
1179 2636 1347 2708 μαθῃ,
1405 2634 1568 2712 φησὶν
1625 2633 1654 2688 6
1709 2630 1960 2709 Χοσρόης

2078 2634 2429 2706 doceret(sic
2460 2634 2620 2690 enim
2641 2635 2857 2708 aiebat)
2885 2637 3227 2706 Chosroem,
3246 2643 3533 2709 quantum
3556 2637 3716 2693 dolo-

312 2724 433 2778 οἶον
460 2721 626 2779 πόνον
648 2725 805 2800 εἶχον
833 2724 887 2778 οἱ
907 2725 1176 2796 Ῥωμαῖοι
1204 2726 1311 2778 τῶν
1342 2720 1562 2778 πόλεων
1594 2721 1769 2779 αὐτῶν
1820 2740 1960 2797 πυρ-

2078 2722 2154 2779 ris
2184 2722 2429 2779 Romani
2459 2723 2856 2796 percepisseet
2882 2724 3010 2798 ipso
3041 2742 3245 2782 eorum
3283 2725 3461 2783 urbes
3502 2726 3713 2781 incen-

306 2811 665 2889 πολουμενων
722 2812 813 2868 ὕπ’
841 2810 1029 2870 αυτοῦ.
1064 2815 1125 2870 Ὀ
1166 2809 1225 2868 δὶ
1274 2811 1524 2886 Χοσρόης
1581 2812 1688 2887 πρὸ
1716 2816 1815 2867 τοῦ
1869 2832 1963 2867 καο

309 2896 571 2959 ταλαόεῖν
599 2902 690 2958 τὸν
749 2900 979 2977 βασιλέα
1036 2900 1114 2965 εἰς
1172 2898 1540 2977 Δυσταγὲρδην
1595 2903 1873 2977 τρυπήσας
1899 2901 1963 2957 τὸ

311 2996 503 3068 τεῖχος
533 2998 633 3062 τῆς
662 2990 879 3053 πόλεως
909 2989 1128 3064 ἐξῆλθεν
1187 2990 1525 3069 ἀγνοούντων
1577 2991 1792 3048 πάντων
1832 2992 1967 3066 μετὰ

315 3087 424 3139 τῶν
453 3085 717 3159 γυναικῶν
748 3083 841 3138 καὶ
897 3086 1009 3137 τῶν
1068 3076 1269 3137 τέκνων
1325 3081 1510 3137 αὐτοῦ.
1572 3081 1671 3137 Καὶ
1702 3083 1730 3137 6
1763 3082 1841 3156 μὴ
1873 3078 1964 3136 δυ-

317 3173 550 3245 νάμενος
581 3173 809 3241 ποιῆσαι
866 3171 943 3231 εἰς
1001 3166 1125 3226 ὁδὸν
1184 3169 1347 3245 μίλια
1401 3172 1559 3226 πέντε
1605 3173 1704 3241 τὴν
1759 3171 1969 3246 ἡμέραν

318 3259 537 3331 ἀπῆλθε
631 3261 841 3336 φεύγων
899 3281 982 3330 κε,
1037 3260 1129 3315 καὶ
1187 3257 1413 3315 διελθὼν
1456 3261 1558 3329 τήν
1606 3262 1969 3335 Κτησιφῶντα

319 3350 488 3426 πέραν
526 3353 625 3406 τοῦ
652 3347 912 3427 Τίγριδος
941 3352 1193 3422 ποταμοῦ
1223 3346 1300 3411 εἵς
1356 3370 1411 3405 τι
1468 3347 1692 3424 ωρόριον
1748 3347 1971 3420 εἰσῆλθε

2073 2812 2269 2868 dente.
2300 2818 2376 2869 At
2402 2828 2538 2868 vero
2575 2813 2884 2880 Chosroes,
2915 2820 3236 2887 antequam
3293 2816 3715 2888 Dystagerdam

2074 2901 2376 2958 Heraclius
2402 2902 2789 2975 pervenisset,
2834 2903 3113 2960 omnibus
3156 2904 3359 2960 insciis
3418 2905 3716 2977 perforato

2073 2991 2238 3047 urbis
2264 3008 2434 3047 muro
2463 3009 2600 3048 cum
2628 2992 2912 3048 uxoribus
2943 2997 3001 3048 et
3023 2992 3226 3049 liberis
3258 2992 3535 3049 exiverat.
3566 2993 3717 3048 738

2073 3080 2145 3136 Et
2172 3080 2271 3152 qui
2299 3096 2416 3136 uno
2450 3080 2543 3136 die
2577 3081 2840 3154 quinque
2869 3081 3060 3137 millia
3088 3099 3371 3154 passuum
3398 3083 3510 3137 iter
3528 3082 3722 3137 facere

2075 3170 2440 3242 nequiverat,
2476 3175 2617 3226 tunc
2645 3171 2781 3243 fuga
2806 3171 3009 3243 viginti
3042 3171 3307 3244 quinque
3348 3171 3540 3226 millia
3581 3186 3724 3226 con-

2076 3258 2256 3329 fecit;
2288 3277 2543 3333 cumque
2586 3260 2956 3317 transivisset
3007 3262 3452 3334 Ctesiphontem
3484 3266 3544 3315 et
3573 3259 3728 3315 ultra

2076 3349 2295 3422 Tigrim
2326 3349 2569 3406 ﬂuvium
2589 3350 2977 3422 pervenisset,
3002 3351 3062 3405 in
3093 3350 3402 3407 castellum
3427 3348 3725 3421 quoddam

324 3440 461 3514 μετᾶ
490 3447 588 3509 τῆς
619 3440 875 3515 γυναικὸς
903 3439 994 3493 καὶ
1031 3443 1140 3493 τῶν
1193 3442 1359 3513 τριῶν
1418 3438 1721 3514 θυγατέρων
1776 3439 1964 3498 αὐτοῦ.

2079 3457 2142 3496 se
2169 3457 2306 3496 cum
2336 3457 2518 3497 uxore
2544 3447 2604 3497 et
2631 3441 2819 3498 tribus
2851 3441 3085 3498 filiabus
3118 3441 3241 3498 suis
3280 3438 3525 3499 abdidit.
3583 3440 3727 3495 Cum

317 3528 475 3589 Τινὲς
505 3524 563 3582 δὲ
590 3532 696 3583 τῶν
742 3529 962 3601 Περσῶν
1018 3520 1271 3581 διέϐαλον
1346 3525 1438 3581 τὸν
1496 3520 1776 3601 Σάρόαρον
1832 3528 1970 3602 πρὸς

319 3615 572 3693 Χοσρόην
604 3616 681 3678 ὡς
709 3616 778 3670 τὰ
816 3614 1108 3688 Ῥωμαίων
1179 3619 1499 3697 φρονοῦντα.
1556 3615 1659 3672 Καὶ
1706 3612 1974 3672 ἀποστέλ-

323 3704 406 3763 λει
438 3705 733 3773 σπαοάριον
765 3704 938 3759 αὐτοῦ
963 3704 1100 3778 πρὸς
1159 3699 1502 3779 Καρδαρίχαν
1560 3704 1652 3760 τὸν
1711 3705 1972 3781 συστράτ-

320 3814 462 3869 ηγον
481 3798 577 3850 τοῦ
609 3788 896 3868 Σαρόάρου
922 3791 999 3854 είς
1053 3790 1402 3862 Χαλκηδόνα,
1459 3792 1551 3847 ἳνα
1609 3794 1703 3848 τὸν
1758 3787 1970 3869 Σάρϐαο

327 3903 419 3960 ρον
450 3882 744 3958 ἀποκτείνῃ
802 3882 890 3939 καὶ
942 3882 1036 3938 τὸν
1098 3880 1229 3937 λαὸν
1286 3876 1697 3955 ἆναλαόόμενος
1749 3882 1975 3958 σπεύσῃ-

328 3972 404 4035 εἷς
435 3969 686 4046 Περσίδα.
716 3973 779 4029 Ὁ
831 3968 889 4027 δὶ
927 3970 994 4027 τὰ
1020 3970 1319 4046 γράμματα
1356 3970 1587 4040 κοκίζων
1652 3966 1977 4044 συλλαμϐά-

326 4080 471 4117 νεται
499 4060 623 4136 περὶ
651 4062 750 4130 τήν
797 4059 1066 4115 Γαλατίαν
1122 4060 1228 4114 ὗπὸ
1273 4063 1382 4114 τῶν
1435 4059 1746 4134 Ῥωμαίων,
1779 4058 1979 4123 οἵτινες

330 4149 407 4212 εἷς
433 4151 497 4206 τὸ
528 4150 820 4220 Βυζάντιον
854 4148 1012 4204 αὐτὸν
1074 4148 1356 4225 ἀπήγαγον
1414 4148 1552 4224 πρὸς
1603 4151 1696 4206 τὸν
1738 4149 1853 4205 υἱὸν
1881 4155 1980 4206 τοῦ

331 4236 626 4315 βασιλέως.
657 4244 717 4297 Ὁ
772 4236 830 4294 ’ὁὶ
883 4245 1231 4315 παραχρῆμα
1291 4239 1704 4312 μεταπέμπεται
1755 4235 1980 4316 Σάρϐα-

330 4350 447 4407 ρον,
472 4329 560 4385 καὶ
611 4326 876 4384 δείκνυσιν
914 4329 1064 4400 αὐτῷ
1116 4329 1216 4397 τὴν
1277 4328 1414 4402 πρὸς
1463 4326 1806 4405 καρδαρίχαν
1864 4333 1980 4404 (62)

2078 3536 2276 3585 autem
2308 3530 2550 3601 quidam
2577 3532 2772 3586 Persas
2801 3531 3077 3587 Chosrom
3107 3548 3212 3604 per
3257 3530 3615 3588 calumniam
3647 3528 3731 3583 si-

2078 3620 2430 3691 gniﬁcarent
2458 3619 2773 3675 Sarbarum
2805 3620 2983 3677 rebus
3022 3620 3301 3677 Romanis
3333 3619 3592 3689 studere,
3624 3634 3731 3673 rex

2080 3707 2400 3764 satellitem
2434 3724 2606 3763 suum
2666 3708 2740 3764 ad
2797 3708 3079 3781 collegam
3135 3708 3263 3780 ejus
3315 3709 3733 3765 Cardaricham

2080 3796 2282 3865 mittit,
2315 3797 2413 3868 qui
2472 3802 2598 3852 tum
2655 3797 2812 3869 apud
2869 3797 3302 3862 Chalcedonem
3355 3802 3501 3866 erat,
3560 3797 3734 3866 eique

2083 3884 2406 3941 mandatut
2437 3884 2753 3941 Sarbarum
2776 3884 3009 3941 occidat
3025 3886 3470 3956 exercitumque
3494 3888 3731 3955 recepto

2086 3976 2147 4031 in
2180 3974 2483 4031 Persidem
2513 3974 2834 4031 contendat
2877 3975 3220 4031 tabellarius
3250 3974 3361 4030 iste
3420 3973 3479 4028 in
3515 3972 3734 4028 ﬁnibus

2088 4064 2328 4120 Galatia)
2357 4082 2394 4120 a
2423 4065 2707 4120 Romanis
2736 4064 3098 4135 interceptus
3128 4064 3262 4127 fuit,
3302 4069 3361 4118 et
3391 4062 3731 4134 Byzantium

2088 4154 2163 4210 ad
2192 4153 2570 4226 imperatoris
2598 4153 2787 4209 tilium
2819 4151 3127 4209 abductus.
3160 4154 3216 4207 Is
3248 4152 3498 4208 Sarbaro
3529 4151 3732 4208 confe-

2092 4244 2228 4300 stim
2313 4243 2502 4299 accito
2581 4241 2814 4299 litteros
2871 4241 2946 4299 ad
3002 4241 3409 4297 cardaricham
3485 4242 3735 4313 scriptas

2100 4332 2488 4390 demonstrat.
2528 4331 2812 4387 Sarbarus
2858 4348 2922 4386 re
2979 4335 3140 4387 certo
3197 4329 3433 4404 cognita
3462 4346 3598 4387 cum
3628 4330 3735 4384 im-

1528 4472 1891 4530 XYLANDBI
1928 4475 2016 4530 ET
2053 4475 2271 4530 GOARI
2306 4475 2536 4532 NOTAE.

401 4595 512 4679 (Ξξὸ)
540 4590 1027 4679 ξρ1λδαλόηγιιιξο,
1075 4589 1322 4679 medicis
1372 4594 1607 4679 autem“
1628 4591 1984 4679 Agallochon
2017 4601 2061 4666 D
2093 4592 2406 4679 significat:
2424 4610 2561 4675 χχι..
2577 4623 2643 4679 ῖ-
2666 4592 2989 4679 Argentum
3003 4590 3170 4647 nullo
3187 4589 3381 4646 adhuc
3397 4588 3739 4643 charactere

334 4662 512 4723 dicta;
544 4667 674 4736 Ubi
732 4666 893 4721 enim
939 4662 1294 4736 ’Discoridis
1325 4662 1511 4736 codex
1568 4663 1805 4736 Graique
1859 4664 1983 4736 περὶ

334 4735 688 4867 ἀγαλλόχου,
722 4736 1005 4863 marginis
1035 4734 1337 4817 annotatio
1368 4731 1431 4787 τὸ
1460 4735 1554 4786 νῦν
1582 4731 1824 4804 ξυλαλόη
1849 4731 1989 4791 scri-

335 4809 443 4866 bit.
484 4812 531 4866 A
577 4811 665 4868 dit
716 4810 854 4864 Matt
900 4806 1055 4880 iolus
1112 4812 1403 4880 optimum
1434 4820 1470 4880 ο
1518 4804 1756 4880 Calecut
1784 4822 1987 4880 empo-

335 4882 427 4936 rio
488 4883 796 4938 Lusitanos
852 4875 1177 4944 advehere,
1238 4876 1398 4949 quod
1456 4875 1575 4949 igni
1636 4875 1987 4935 succensum

339 4954 759 5010 suavissimum
791 4950 999 5023 perﬂet
1041 4949 1283 5005 odorem
1317 4950 1491 5023 Gem.

410 5027 521 5097 (37)
550 5018 809 5101 Μοῖραί
831 5027 1162 5101 εθῐιιιεξρεῑ
1202 5019 1400 5101 panni
1457 5018 1665 5101 serici;
1686 5019 1828 5077 Vide
1858 5038 1991 5101 quas

339 5091 646 5153 annotavit
676 5091 906 5168 Langus
928 5095 989 5168 in
1020 5091 1333 5168 Nicephori
1356 5107 1487 5168 avni,
1510 5091 1600 5147 32.
1625 5091 1762 5147 XYL.
1790 5123 1857 5134 -η
1879 5091 1991 5148 *Μέ-

336 5169 520 5242 ταξαρ.
548 5170 646 5240 ﬁla
694 5163 855 5225 serici
911 5166 1029 5242 sive
1086 5163 1660 5242 sericumjnfcctum,
1692 5180 1810 5219 non
1842 5181 1989 5236 pan-

337 5235 483 5296 num
516 5235 590 5297 ex
620 5257 687 5296 eo
715 5245 937 5295 textum
974 5237 1269 5310 significat
1321 5235 1501 5289 601m.

563 5314 887 5395 Car-basium;
914 5306 1166 5395 camisias
1196 5308 1627 5395 interpretatur
1670 5306 1989 5395 )‘(ylandeix

334 5377 628 5440 Feliciter.
661 5385 737 5437 lis
780 5388 981 5437 tamen
1040 5380 1232 5435 lineas
1293 5377 1634 5433 subtiliores
1688 5378 1994 5451 bombyci-

336 5453 684 5527 nasque,_ad
715 5453 985 5527 nitorem‘
1018 5451 1279 5527 delicias,
1319 5454 1379 5503 et
1427 5450 1993 5527 ostentationemab

342 5517 745 5582 Orientalibus
773 5522 989 5597 gestari
1040 5525 1375 5591 consuetas,
1426 5517 1603 5575 velim
1635 5520 1733 5576 hic
1762 5522 1993 5578 intelle-

341 5601 487 5653 ctas.
536 5599 711 5653 Gom.

411 5672 529 5740 (59)
559 5672 844 5740 Asemum
875 5664 1017 5738 quid
1066 5664 1144 5740 sit
1186 5662 1422 5740 nescio,
1450 5660 1757 5740 nisi_i‘o_rt_e
1786 5680 1993 5740 argen-

342 5730 471 5800 tum
501 5730 626 5799 non
657 5730 953 5812 signatum
977 5753 1081 5795 seu
1113 5736 1202 5811 (ut
1219 5736 1375 5792 Maro
1404 5730 1692 5807 loquitur)
1713 5730 1996 5796 infectum

2099 4681 2309 4720 cusum
2349 4669 2408 4738 et
2436 4666 2751 4738 signatum.
2786 4666 2962 4738 Εἰμὶ.

2168 4737 2282 4809 (60)
2311 4729 2762 4807 Νάκοςίιυὶίίεηι
2792 4735 2964 4809 uellus
2992 4734 3194 4801 refert,
3227 4738 3295 4809 at
3316 4729 3600 4809 non__ideo
3635 4747 3738 4809 να-

2096 4799 2380 4882 κοτάπητα
2408 4799 2584 4882 vestis
2600 4807 2851 4879 stragula
2881 4813 2991 4882 est,
3023 4811 3089 4861 ut
3143 4799 3386 4882 conjicit
3425 4799 3743 4882 .Xylandcl‘.

2101 4879 2207 4935 sed
2236 4872 2471 4936 animum
2502 4880 2591 4935 vel
2622 4872 2770 4950 lapis
2800 4895 2832 4933 e
2864 4872 3051 4951 serico
3086 4876 3177 4951 vel
3218 4872 3355 4931 lana
3380 4872 3626 4951 vitiosus,
3656 4875 3746 4951 ta-

2100 4952 2503 5023 pesPersicus
2532 4952 2619 5023 vel
2663 4947 3052 5023 Armeniacus
3082 4947 3545 5023 vulgo_vocatus,
3578 4947 3749 5013 cujus

2098 5020 2223 5078 villi
2253 5023 2439 5095 vellus
2469 5020 2905 5095 quodammodo
2924 5020 3219 5095 referunt.
3253 5020 3458 5095 ρυλε..
3509 5085 3520 5095 _
3633 5082 3644 5093 ,

2173 5094 2286 5166 (61)
2315 5085 2694 5166 Theophania
2723 5090 2954 5166 suntid,
2973 5089 3131 5166 quod
3161 5089 3335 5166 hodie
3360 5085 3749 5166 Epiphaniam

2173 5104 2286 5166 (61)
2315 5104 2694 5164 'l‘neopnama
2723 5104 2942 5148 suntm
2973 5104 3131 5160 quoa
3161 5104 3335 5143 noaie
3361 5104 3749 5213 u'cpipnamam

2100 5170 2334 5235 vocant,
2357 5164 2456 5236 der
2484 5164 2723 5236 heiligcn
2753 5166 2887 5233 drey
2912 5163 3099 5231 Koenig
3131 5167 3245 5236 ta_g_,
3272 5158 3356 5236 sic
3430 5153 3751 5236 icta,_quo_d

2101 5226 2331 5292 Christo
2361 5226 2653 5306 baptizato
2684 5240 2742 5290 et
2786 5226 2959 5289 Pater
2990 5250 3051 5289 se
3068 5226 3450 5306 audiendum
3484 5232 3541 5281 et
3567 5226 3752 5306 Spiri-

2102 5314 2204 5363 tuo
2228 5297 2468 5363 sanctus
2490 5306 2549 5360 iu
2571 5306 2858 5362 columbae
2882 5306 3079 5377 specie
3101 5301 3465 5377 cernendum
3489 5297 3753 5377 praebue-

2101 5381 2200 5435 rit.
2233 5378 2660 5450 Dastagerdum
2708 5383 2765 5433 et
2813 5368 3235 5450 Dystagerdum
3288 5380 3348 5429 et
3392 5368 3754 5445 Dystagerda

2103 5451 2263 5507 idem
2295 5457 2452 5507 sunt.
2487 5453 2629 5505 XvL.

2176 5522 2289 5596 (6_2)
2321 5517 2683 5596 Καρδαρῄγαχ
2727 5519 2883 5596 legit.
2923 5513 3754 5596 Theoplianes,_‘scribitque:

2101 5582 2465 5667 κςὲδσὶρήγὰς
2495 5582 2608 5667 ὁῦίέ
2650 5587 2760 5647 ἔστι
2787 5582 3035 5667 “zz-5pm
3066 5582 3262 5667 δν-ιᾳμπι,
3302 5582 3451 5667 ςάλλν
3505 5582 3625 5657 ἀξία
3660 5600 3757 5665 με-

2136 5662 2243 5734 ἀλη
2292 5662 2450 5740 ’παρὰ
2529 5662 2757 5738 Πέρσαις
2816 5666 2916 5718 τοῦ
2969 5665 3077 5718 τῶν
3145 5664 3365 5735 Περσῶν
3422 5662 3753 5735 στρατηγοῦ.

2150 5753 2280 5795 οη.
