4148 6212
475 323 595 386 803

1836 302 2151 366 GEORGII
2196 305 2538 370 CEDRENI

3698 359 3713 363 ς
3772 310 3894 373 δοε

476 458 769 533 peratoris
795 455 918 512 ﬁlio
952 458 1009 507 et
1038 446 1375 523 patriarcha
1417 459 1624 516 pacem
1654 440 1998 533 componit;
2029 439 2114 495 lit-

2240 435 2556 533 ἐπιστολὴν.
2627 443 2689 502 Ὀ
2775 441 2833 501 δὲ
2911 442 3294 525 πληφορηθείς
3362 450 3540 508 ποιεῖς
3616 447 3898 516 συνθήκας

480 529 740 619 terisque
770 545 1042 600 Chosroaa
1075 534 1446 597 adulteratis,
1478 533 1625 588 alios
1663 529 2127 603 quadringentos

477 644 742 708 satrapas
768 631 1069 705 principes
1102 642 1170 681 ac
1202 624 1475 679 tribunos
1506 621 1765 677 militum
1830 618 2127 686 inscribit,

474 725 641 798 quasi
673 739 775 778 eos
802 734 1002 775 secum
1036 714 1288 771 interﬁci
1329 730 1433 767 rex
1474 710 1776 783 jussisset.
1831 709 1975 764 Tum
2006 711 2126 763 toto

471 796 732 869 exercitu
765 814 823 864 et
850 804 1207 865 Cardaricha
1235 800 1569 858 convocatis
1619 798 1931 870 epistolam
1976 796 2124 852 reci-

471 908 575 969 tat,
667 896 1204 965 Cardarichamque
1286 888 1665 962 interrogavit
1738 888 1927 942 hocne
2011 884 2123 941 sibi

471 990 767 1062 agendum
797 990 1055 1059 putaret.
1102 980 1408 1053 Principes
1439 994 1569 1034 eam
1606 978 1681 1032 ob
1715 992 1840 1031 rem
1872 976 1960 1031 ira
1986 992 2123 1046 per-

471 1079 572 1135 citi
602 1078 878 1133 Chosroaa
909 1087 1158 1145 regnum
1180 1070 1487 1141 abrogant,
1518 1073 1578 1122 et
1605 1083 1741 1122 cum
1768 1067 2124 1137 imperatore

466 1180 676 1238 pacem
707 1162 953 1225 faciunt,
1004 1174 1074 1213 ea
1120 1155 1465 1212 conditione
1522 1153 1609 1207 uti
1656 1152 1881 1222 absque
1936 1149 2124 1205 male-

470 1254 605 1308 ﬁcio
637 1252 881 1307 domum
918 1245 1247 1303 discedant.
1290 1241 1562 1298 Heraclio
1593 1247 1794 1296 autem
1820 1255 1928 1311 per
1968 1238 2127 1293 litte-

464 1358 564 1397 ras
598 1338 1073 1413 paciﬁcationem
1107 1331 1459 1404 requirenti,
1491 1347 1624 1387 eam
1669 1329 1958 1384 Cbosroes
1987 1343 2124 1383 cum

466 1432 810 1503 denegaret,
844 1427 980 1483 odia
1011 1426 1101 1480 sui
1133 1423 1336 1496 populi
1383 1422 1445 1476 in
1490 1437 1554 1476 se
1611 1418 1947 1475 concitavit.
1981 1420 2124 1473 Rur-

465 1537 601 1575 sum
656 1518 796 1574 inde
857 1516 1229 1574 subditorum
1290 1528 1533 1568 suorum
1591 1510 1913 1565 exercitum
1944 1507 2128 1579 cogit,

468 1625 723 1679 eumque
749 1607 920 1681 jubet
945 1624 1007 1662 se
1047 1621 1181 1660 cum
1215 1601 1474 1659 Razastis
1522 1599 1709 1672 copiis
1758 1598 2120 1669 conjungere

474 1699 625 1753 134
653 1702 711 1751 et
734 1694 808 1751 ad
840 1693 1096 1749 Narbam
1127 1707 1366 1747 amnem
1397 1689 1744 1754 consistere,
1776 1703 1845 1742 ac
1874 1691 2115 1758 pontem

471 1787 744 1842 simulac
776 1784 1079 1840 Heraclius
1125 1781 1479 1848 transiisset,
1527 1778 1887 1834 rescindere.
1944 1777 2115 1830 Hera-

470 1877 621 1932 clius
652 1876 743 1930 his
775 1872 1092 1928 intellectis
1123 1872 1197 1927 ad
1228 1870 1429 1925 Siazur
1457 1869 1475 1939 (
1503 1868 1618 1923 loci
1648 1883 1867 1922 nomen
1900 1865 1959 1919 id
1990 1864 2119 1934 est)

466 1967 640 2035 redit,
698 1965 994 2034 urbesque
1052 1966 1111 2016 et
1166 1965 1353 2015 totam
1442 1957 1750 2028 regionem
1834 1953 2110 2009 incendio

468 2060 677 2111 vastat.
706 2053 794 2109 Ibi
850 2069 910 2107 se
959 2050 1011 2105 ei
1052 2048 1365 2121 conjungit
1393 2045 1846 2112 Gondufundus,
1875 2043 1976 2114 qui
2015 2042 2124 2098 sub

470 2143 720 2199 Sarbaro
744 2141 1020 2196 tribunus
1041 2139 1300 2193 militum
1322 2136 1534 2203 fuerat,
1567 2150 1704 2190 cum
1735 2133 1869 2188 aliis
1892 2131 2123 2200 multis,

469 2238 528 2288 et
555 2232 780 2287 indicat
807 2231 1127 2285 Chosroem
1172 2228 1450 2283 statuisse
1505 2225 1832 2282 Merdasam
1866 2223 2127 2279 ﬁliorum

469 2338 713 2378 suorum
746 2320 1064 2375 minimum
1094 2333 1273 2389 regno
1304 2317 1662 2389 inaugurare
1687 2331 1700 2370 :
1746 2313 1955 2369 Siroen
1985 2316 2129 2367 natu

471 2410 798 2466 maximum
827 2408 887 2464 id
917 2407 1242 2463 concedere
1275 2405 1460 2472 nolle,
1494 2421 1555 2460 se
1599 2401 1867 2473 aliosque
1926 2398 2129 2474 viginti

469 2500 617 2555 duos
651 2499 900 2555 comites
931 2504 988 2553 et
1017 2512 1289 2570 magnam
1315 2495 1628 2551 hominum
1680 2491 2129 2547 multitudinem

470 2589 583 2644 sibi
614 2588 980 2659 adjunxisse,
1005 2595 1064 2643 et
1090 2588 1365 2642 Cbosroes
1401 2586 1643 2641 exitium
1678 2582 1915 2651 moliri;
1950 2597 2127 2654 quem

468 2680 515 2734 si
556 2681 789 2752 possint
827 2678 1186 2743 interﬁcere,
1238 2680 1575 2749 pergratum
1610 2674 1755 2745 ipsis
1810 2673 1974 2727 fore:
2034 2671 2127 2726 sin

465 2784 624 2838 vero,
694 2769 1008 2823 universos
1068 2766 1141 2821 ad
1203 2767 1499 2820 Romanos
1575 2762 1930 2817 defecturos.
1992 2762 2127 2815 Hmc

468 2857 773 2912 Heraclius
800 2872 937 2911 cum
956 2854 1269 2926 probasset
1310 2852 1615 2908 hominem
1642 2851 1890 2906 comiter
1910 2854 2122 2905 tracta-

466 2952 595 3001 tum
627 2947 701 3001 ad
732 2947 939 3002 Siroen
994 2945 1247 3013 remisit,
1285 2944 1458 3015 eique
1487 2942 1782 2999 nuntiavit
1808 2947 1874 2996 ut
1902 2940 2124 3013 apertis

470 3036 812 3093 carceribus
860 3038 1156 3093 Romanos
1202 3035 1415 3090 educat
1470 3050 1689 3106 eosque
1746 3037 2003 3088 armatos
2059 3031 2121 3086 in

467 3127 789 3183 Chosroem
823 3126 1019 3183 ducat.
1053 3127 1250 3183 Siroes
1280 3126 1362 3181 ita
1391 3125 1476 3180 uti
1507 3124 1771 3179 monitus
1821 3127 1949 3179 erat
1977 3121 2114 3195 egit,

2238 528 2375 600 μετά
2402 534 2502 585 τοῦ
2554 533 2679 587 υἱοῦ
2733 538 2832 589 τοῦ
2892 532 3167 609 βασιλέως
3215 535 3306 591 καὶ
3361 539 3460 590 τοῦ
3513 536 3896 611 πατριάρχου,

2234 615 2324 671 καὶ
2356 618 2663 697 φαλσεόσας
2700 624 2801 692 τὴν
2857 621 3153 694 ἐπιστολὴν
3213 623 3462 697 Χοσρόου
3518 622 3769 694 ἐντίθησι
3802 622 3896 677 σὺν

2235 705 2382 779 αὐτῷ
2416 709 2506 763 καὶ
2538 707 2746 775 ἄλλους
2786 712 3168 787 τετρακοσίους
3225 713 3501 787 σατράπας
3556 712 3650 768 καὶ
3682 709 3900 787 ἄρχον-

2232 817 2329 858 τας
2406 800 2497 855 καὶ
2575 800 2910 880 χιλιάρχους
2993 803 3312 860 ἀποκτάναι.
3363 804 3739 879 Συναθροίσας
3801 801 3902 857 οὖν

2234 885 2469 952 ἅπαντας
2498 892 2591 947 καὶ
2618 894 2711 949 τὸν
2764 891 3129 971 καρδαρίχαν,
3160 892 3251 949 καί
3308 894 3575 972 ἀναγνοὺς
3605 894 3708 962 τήν
3770 913 3901 948 suo

2234 976 2461 1049 στολήν,
2498 982 2605 1055 ’ἔφη
2636 986 2715 1055 τῷ
2743 980 3074 1062 καρδαρίχᾳ·
3119 988 3355 1059 Συνορᾷς
3386 987 3548 1039 τοῦτο
3606 989 3842 1053 ποιῆσαι
3882 1001 3901 1051 ;

2233 1066 2297 1120 Οἱ
2323 1062 2382 1122 δὲ
2420 1065 2687 1148 ἄρχοντες
2737 1075 2914 1145 θυμοῦ
2974 1071 3303 1143 πλησθέντες
3328 1072 3420 1128 τὸν
3480 1073 3737 1147 Χοσρόην
3786 1062 3935 1127 διπ-⁵

2233 1157 2550 1231 εκήρυττον,
2596 1162 2734 1235 πρὸς
2788 1157 2847 1215 δὲ
2874 1160 2967 1216 τὸν
3008 1156 3235 1237 βασιλέα
3292 1162 3567 1232 συνθήκας
3625 1159 3902 1230 ἐποίησαν

2233 1243 2528 1319 εἰρηνικὰς,
2547 1247 2638 1303 ἳνα
2695 1250 2783 1322 [Ρ.
2841 1250 2970 1323 MO]
3030 1246 3202 1323 μηδὲν
3263 1248 3642 1324 λυμηνάμενοι
3701 1248 3798 1305 ἐπὶ
3824 1251 3900 1306 τᾶ

2234 1331 2344 1389 ἴδια
2372 1333 2700 1393 ἀπέλθωσιν.
2733 1339 2795 1396 Ὁ
2826 1334 2885 1393 δὲ
2912 1336 3239 1415 Ἡράκλειος
3295 1335 3500 1417 ἔγραψε
3528 1342 3610 1411 τῷ
3653 1340 3895 1414 Χοσρόῃ

2228 1422 2352 1496 περί
2384 1423 2587 1499 είρήνςο
2623 1426 2651 1480 6
2711 1424 2769 1482 δὲ
2822 1425 2884 1482 οὗ
2950 1424 3290 1498 κατεδέξατο,
3350 1427 3442 1483 καὶ
3500 1423 3590 1482 διὰ
3653 1431 3826 1483 τοῦτο
3862 1428 3897 1482 ὁ

2231 1508 2361 1576 λαὸς
2416 1510 2643 1584 ἐμίσησε
2704 1516 2797 1571 τὸν
2855 1516 3127 1591 Χοσρόην.
3185 1518 3282 1578 ⁸ος
3340 1514 3507 1573 πάλιν
3563 1514 3899 1591 ἐστράτευσα

2224 1599 2354 1666 τοὺς
2378 1601 2694 1677 ἀνθρώπους
2759 1609 2867 1661 τῶν
2934 1605 3221 1681 ἀρχόντων
3279 1606 3466 1677 αὐτοῦ,
3514 1605 3605 1661 καὶ
3636 1606 3899 1662 ἀπέστει-

2228 1688 2318 1744 λεν
2349 1690 2615 1761 ἓνωθῆναι
2673 1698 2754 1766 τῷ
2812 1698 3024 1768 στρατῷ
3072 1699 3171 1749 τοῦ
3218 1695 3514 1764 Ῥαζάστου
3568 1695 3661 1750 καὶ
3694 1702 3901 1764 στῆναν

2227 1778 2302 1840 εἰς
2345 1781 2438 1835 τὸν
2500 1775 2693 1856 Ναρόἄ
2747 1783 3016 1856 ποταμὸν,
3068 1783 3159 1838 καὶ
3218 1778 3331 1857 ἅμα
3381 1783 3459 1856 τῷ
3515 1788 3751 1858 περᾶσαι
3803 1784 3903 1838 seu

2239 1867 2468 1945 βασιλέα
2497 1870 2709 1945 κόψωσι
2751 1872 2850 1934 τὰς
2909 1873 3168 1951 γεφύρας.
3227 1875 3401 1948 ’Όπερ
3460 1874 3643 1947 μαθὼν
3675 1873 3706 1927 6
3738 1875 3905 1948 βασι-

2236 1955 2364 2022 λευς
2391 1957 2678 2035 ἀνέρχεται
2721 1959 2798 2022 εἷς
2857 1962 2920 2017 τὸ
2980 1964 3239 2038 Σιαζοὺρ,
3297 1961 3388 2017 καὶ
3440 1961 3694 2038 ἐμπιπρᾷ
3722 1968 3903 2018 πᾶσαν

2234 2051 2336 2121 τὴν
2372 2053 2562 2130 χώραν
2592 2053 2684 2109 καὶ
2715 2054 2811 2117 τὰς
2848 2053 3062 2116 πόλεις.
3096 2052 3411 2133 Προσεῤῥύη
3449 2051 3507 2109 δὲ
3543 2054 3697 2129 αὐτῷ
3728 2061 3901 2111 Γουν-

2236 2136 2567 2218 δουφοῦνδος
2599 2143 2628 2197 ὁ
2654 2141 2955 2219 χιλίαρχος
2998 2138 3284 2220 Σαρϐἀρου
3315 2142 3408 2198 καὶ
3441 2140 3608 2200 ἄλλοι
3655 2141 3895 2200 πολλοί*

2236 2228 2289 2284 οἳ
2320 2229 2408 2285 καὶ
2433 2232 2588 2286 εἶπον
2619 2236 2701 2305 τῷ
2732 2231 2973 2307 βασιλεῖ,
3001 2232 3085 2288 ὅτι
3106 2234 3167 2291 Ὀ
3198 2233 3449 2309 Χοσρόης
3483 2231 3681 2307 μέλλει
3704 2233 3899 2307 στέψαι

2235 2318 2328 2373 τὸν
2360 2319 2584 2377 ὕστατον
2612 2321 2730 2386 υἱὸς
2765 2323 2932 2378 αὐτοῦ
2988 2320 3292 2398 Μερδασάν,
3325 2321 3417 2377 καὶ
3447 2321 3608 2398 γνοὺς
3667 2326 3837 2378 τοῦτο
3869 2323 3900 2379 6

2237 2412 2457 2483 πρῶτος
2522 2410 2640 2473 υἱὸς
2694 2411 2861 2467 αὐτοῦ
2919 2410 3124 2487 Σιρόης
3209 2411 3276 2466 οὗ
3349 2407 3690 2484 κατεδέξατο,
3746 2409 3903 2467 ἀλλά

2236 2493 2687 2573 προσλαϐόμενος
2715 2498 2812 2574 έμὶ
2840 2499 2929 2557 καὶ
2956 2498 3167 2562 ἄλλους
3196 2499 3282 2575 κβ⁹
3328 2499 3600 2573 κόμητας,
3627 2498 3720 2555 καθ
3750 2499 3903 2571 πλη-

2237 2588 2330 2651 θος
2388 2586 2525 2643 λαοῦ
2558 2632 2575 2658 ,
2631 2587 2679 2644 εί
2739 2590 2834 2663 μὶν
2890 2585 3207 2663 δυνηθῶμεν
3265 2588 3580 2645 ἀποκτεῖναι
3636 2588 3896 2663 Χοσρόην

2236 2677 2422 2752 χάρις,
2450 2676 2496 2732 εἰ
2527 2673 2575 2731 δ’
2605 2677 2690 2748 οὖ,
2721 2677 2916 2741 πάντες
2965 2683 3326 2755 προσρυῶμεν
3358 2682 3428 2754 τῇ
3485 2677 3742 2754 βασιλείᾳ
3774 2697 3897 2736 σου.

2235 2768 2417 2824 Ταῦτα
2445 2762 2841 2840 ἀποδεξάμενος
2873 2767 2902 2821 6
2946 2766 3204 2844 βασιλεὺς
3241 2767 3333 2823 καὶ
3378 2767 3898 2843 φιλοτιμησάμενος

2236 2855 2397 2910 αὐτὸν
2428 2852 2596 2910 πάλιν
2628 2856 2765 2932 πρὸς
2826 2855 3027 2932 Σιρόην
3088 2855 3394 2926 ἀπέστειλε,
3450 2852 3708 2927 δηλώσας
3738 2855 3895 2929 αὖτῷ

2232 2942 2440 3017 ἀνοῖξαι
2470 2944 2566 3006 τάς
2619 2942 2864 3023 φυλακὰς
2916 2944 3007 3000 καὶ
3063 2943 3193 3009 τοὺς
3230 2943 3543 3019 Ῥωμαίους
3601 2943 3891 3022 ἐξαγαγεῖν

2231 3033 2319 3087 καὶ
2354 3029 2535 3088 δοῦναι
2568 3032 2751 3096 αὐτοῖς
2784 3032 2931 3090 ’ὀπλα
2958 3033 3050 3090 καὶ
3071 3034 3214 3095 οὕτω
3241 3035 3379 3090 κατά
3418 3038 3678 3110 Χοσρόου
3725 3040 3890 3104 κινῆ-

2233 3142 2342 3179 σαι.
2370 3123 2431 3180 Ὀ
2462 3120 2519 3177 δὲ
2577 3121 2783 3198 Σιρόης
2831 3122 2976 3178 οὕτω
3030 3119 3266 3194 ποιήσας
3311 3122 3520 3193 ἰπῆλθε
3573 3127 3653 3196 τῷ
3678 3143 3888 3200 πατρο-

465 3223 816 3289 patremque
864 3233 1037 3272 suum
1094 3216 1414 3271 Chosroem
1471 3212 1822 3285 patricidam
1870 3184 2114 3267 adortus

2229 3212 2404 3285 κτόνῳ
2434 3212 2598 3288 πατρὶ
2648 3184 2872 3288 Χοσρόῃ
2916 3214 3052 3287 (53),
3100 3184 3192 3268 κάῖ
3252 3184 3530 3288 κρατησικ
3581 3184 3742 3267 αδτὸν
3787 3184 3888 3268 καὶ

455 3307 633 3378 cepit,
659 3304 1041 3376 numellaque
1074 3303 1357 3375 imposita
1386 3302 1449 3356 in
1481 3301 1866 3357 tenebrosum
1912 3316 2113 3356 carce-

453 3411 583 3449 rem
614 3393 887 3463 includit,
920 3407 1190 3463 paneque
1222 3391 1432 3463 exiguo
1464 3396 1523 3445 et
1551 3407 1703 3460 aqua
1731 3390 1994 3461 prtebitis
2022 3388 2110 3445 fa-

457 3499 554 3537 me
577 3489 805 3539 enecat.
838 3483 1096 3552 Satrapm
1121 3496 1358 3551 quoque
1380 3495 1588 3534 omnes
1609 3496 1643 3534 a
1663 3479 1825 3533 Siroe
1842 3478 2012 3533 acciti
2030 3477 2110 3534 fa-

457 3572 609 3627 ciem
643 3572 916 3627 Chosroaa
960 3574 1381 3642 conspuerunt.
1413 3568 1590 3624 Filios
1621 3573 1680 3623 et
1707 3568 1926 3623 liberos
1957 3567 2107 3639 ejus,

454 3661 585 3733 ipso
631 3661 1002 3733 inspiciente,
1064 3659 1260 3716 Siroes
1307 3675 1517 3714 omnes
1565 3656 1879 3731 jugulavit,
1930 3662 2107 3728 atque

453 3750 648 3822 ipsum
685 3750 895 3822 quinto
926 3749 1156 3804 decimo
1206 3753 1339 3820 post
1394 3747 1488 3802 die
1547 3747 1774 3819 sagittis
1830 3744 2103 3801 confecit.

451 3840 595 3897 lude
625 3839 825 3897 missis
873 3838 948 3895 ad
978 3837 1313 3894 Heracliam
1346 3837 1564 3892 litteris
1593 3835 1666 3890 de
1697 3836 1944 3893 interitu
1988 3850 2108 3889 sce-

447 3928 620 3984 lerati
652 3929 930 3983 Cbosroes
960 3927 1216 3994 nuntiat,
1247 3930 1597 3998 perpetuam
1627 3939 1834 3996 pacem
1867 3939 2003 3978 cum
2034 3939 2104 3979 eo

448 4017 774 4090 componit,
810 4021 869 4073 et
898 4017 1177 4088 captivos,
1211 4018 1502 4086 quotquot
1537 4014 1599 4068 in
1636 4013 1876 4069 Perside
1909 4016 2100 4080 erant,

448 4123 658 4164 omnes
706 4105 921 4173 reddit,
985 4122 1106 4161 una
1158 4121 1292 4159 cum
1350 4102 1689 4176 patriarcha
1738 4101 2014 4157 Zacharia
2044 4106 2104 4157 et

441 4194 796 4251 venerandis
827 4193 1029 4267 lignis,
1084 4209 1216 4264 quas
1270 4191 1618 4247 Sarbarazas
1678 4190 2100 4263 Hierosolymis

446 4285 800 4341 abstulerat.

520 4374 667 4431 135
704 4375 867 4429 Anno
898 4374 963 4427 18
995 4370 1327 4441 Heraclius,
1353 4387 1497 4443 pace
1528 4370 1688 4427 inter
1717 4372 2011 4427 Romanos
2041 4375 2102 4427 et

2217 3299 2383 3356 κλοιά
2411 3301 2649 3376 περιθεὶς
2706 3301 2785 3364 εἷς
2844 3302 3121 3357 σκοτεινὸν
3185 3300 3519 3374 κατέκλεισε,
3576 3302 3668 3357 καὶ
3718 3299 3886 3376 ἄρτον

2218 3387 2407 3467 ὀλίγον
2439 3389 2529 3445 καὶ
2560 3386 2709 3463 ὕδωρ
2741 3386 2926 3453 διδοὺς
2983 3391 3133 3463 αὐτῷ
3183 3388 3627 3466 ἐλιμαγχόνησεν
3688 3388 3879 3450 αὐτόν.

2215 3476 2551 3535 Ἀπέστελλε
2580 3475 2638 3534 δὶ
2671 3479 2868 3544 πάντας
2923 3478 3054 3544 τοὺς
3107 3480 3405 3555 σατρὰπας,
3463 3479 3555 3534 καὶ
3615 3477 3876 3535 ἐνέπτυον

2215 3568 2292 3629 εἷς
2318 3569 2381 3623 τὸ
2413 3568 2707 3645 πρόσωπον
2735 3568 2924 3628 αὐτοῦ.
2974 3567 3117 3630 Τοὺς
3138 3564 3198 3624 δὲ
3253 3567 3408 3631 υἱοὺς
3467 3568 3638 3624 αὐτοῦ
3685 3568 3778 3623 καὶ
3810 3570 3883 3624 τά

2214 3653 2383 3711 λοιπά
2412 3657 2571 3713 τέκνα
2624 3655 2788 3712 αὐτοῦ
2846 3656 3079 3712 ἐνώπιον
3138 3657 3306 3714 αὐτοῦ
3364 3660 3680 3735 κατεσφαξε.
3740 3658 3881 3714 Μεθ’

2212 3747 2426 3822 ἡμέρας
2457 3743 2516 3802 δὲ
2545 3747 2604 3801 ιε’
2650 3748 2741 3802 καὶ
2797 3745 2958 3802 αὐτὸν
3014 3747 3196 3816 τόξοις
3253 3743 3453 3811 ἀνεῖλε.
3495 3747 3636 3804 Τότε
3673 3746 3878 3824 γράφει

2212 3835 2416 3911 Σιρόης
2465 3836 2603 3911 πρὸς
2660 3835 2984 3912 Ἡράκλειον
3034 3838 3138 3906 τήν
3193 3840 3292 3892 τοῦ
3362 3839 3564 3912 μιαροῦ
3619 3835 3875 3912 Χοσρόου

2209 3922 2500 3999 ἀναίρεςιν,
2531 3924 2625 3980 καὶ
2676 3923 2904 4000 εῗρήνην
2960 3924 3199 4001 ἀειπαγῆ
3248 3925 3388 4001 πρὸς
3446 3925 3608 3981 αὐτὸν
3639 3924 3878 3995 ποιησά-

2213 4035 2373 4089 μενος
2401 4015 2601 4078 πάντας
2630 4012 2759 4078 toi);
2788 4012 2841 4070 έν
2873 4011 3092 4091 Περσίδι
3140 4013 3543 4090 αἰχμαλώτους
3590 4011 3874 4070 ἀπέδωκεν

2206 4103 2352 4176 αὐτῷ
2391 4102 2483 4157 σὺν
2527 4106 2609 4176 τῷ
2663 4103 2982 4180 πατριάρχη
3036 4103 3285 4180 Ζαχαρία
3340 4103 3432 4159 καὶ
3487 4107 3604 4166 τοῖς
3656 4101 3873 4178 τιμίοις

2209 4192 2395 4265 ξύλοις
2425 4198 2544 4257 τοῖς
2590 4191 2642 4264 έξ
2696 4190 3104 4270 Ἰεροσολύμων
3157 4190 3448 4271 ληφθεῖσιν
3506 4193 3609 4249 ὑπὸ
3657 4188 3876 4270 Σαρδα-

2208 4285 2361 4355 gaza.

2274 4374 2369 4443 Τῷ
2401 4371 2472 4442 ιη’
2499 4364 2629 4445 ἔτει,
2687 4369 2914 4443 εἰρήνης
2965 4372 3269 4448 γενομένης
3341 4370 3538 4447 μεταξὺ
3568 4370 3871 4446 Ῥωμαίων

442 4463 656 4518 Persas
684 4461 860 4533 facta,
892 4462 1137 4518 fratrem
1169 4477 1343 4517 suum
1373 4459 1744 4517 Theodorum
1776 4477 1911 4517 cum
1940 4459 2099 4518 litte-

2225 4458 2295 4516 ιαὶ
2351 4462 2599 4534 Περσῶν,
2655 4457 2970 4516 ἀπέστειλεν
3029 4461 3059 4516 6
3120 4458 3375 4538 βασιλεὺς
3428 4457 3711 4538 Θεόδωρον
3770 4461 3871 4517 τὸν

444 4551 529 4607 ris
560 4556 619 4607 et
648 4551 862 4621 Persis,
895 4568 1043 4624 quos
1101 4551 1361 4624 captivos
1392 4549 1704 4620 habuerat,
1761 4549 1836 4605 ad
1892 4550 2099 4606 Siroen

2225 4545 2444 4625 ὶδελερὸν
2475 4547 2643 4605 αὐτοῦ
2693 4548 2829 4623 μετὰ
2877 4550 3222 4627 γραμμάτων
3276 4550 3445 4628 Σιρόῃ
3501 4554 3585 4624 τῷ
3646 4550 3873 4625 βασιλεῖ

443 4641 649 4709 mittit,
680 4657 879 4714 regem
921 4642 1256 4709 Persarum,
1288 4639 1598 4713 postulans
1627 4639 1688 4695 ui
1746 4639 1961 4709 Persm,
1994 4639 2096 4711 qui

445 4731 681 4787 Edessa:
712 4731 854 4786 etin
880 4731 1194 4787 Paluastina
1213 4730 1466 4801 aliisque
1495 4732 1666 4786 erant
1680 4727 1949 4796 urbibus,
1979 4728 2096 4784 ﬁde

442 4823 684 4896 publica
712 4841 819 4897 per
846 4825 1245 4879 Romanorum
1293 4822 1580 4878 ditionem
1610 4821 1852 4876 domum
1898 4837 2096 4877 rever-

442 4917 730 4968 terentur.
762 4913 861 4968 His
906 4911 1223 4984 mysticum
1282 4909 1507 4981 aliquid
1558 4908 1936 4965 considerare
1990 4924 2098 4981 par

442 5008 552 5059 est.
612 5001 1127 5068 Quemadmodum
1185 5015 1443 5071 namque
1502 4999 1657 5054 Deus
1709 5014 1812 5053 sex
1865 4997 2096 5053 dierum

2206 4642 2428 4715 Περσῶν
2459 4637 2551 4694 καὶ
2598 4639 2900 4714 ἀνθρώπων
2957 4639 3144 4712 αὐτοῦ,
3195 4641 3344 4703 ὅπως
3392 4639 3521 4703 τοὺς
3578 4638 3633 4695 έν
3665 4637 3865 4715 nam

2202 4727 2294 4784 καὶ
2324 4725 2662 4804 Παλαιστίνῃ
2694 4728 2785 4783 καὶ
2804 4733 2924 4791 ταῖς
2974 4726 3199 4795 λοιπαῖς
3246 4728 3443 4786 πόλεσι
3500 4731 3709 4805 Πέρσας
3744 4728 3870 4803 μετ’

2204 4816 2424 4894 εἷ’ρήνης
2456 4818 2870 4894 ἀποστρέψωσιν
2903 4816 2957 4873 ἐν
2992 4815 3216 4894 Περσίδι
3262 4819 3355 4875 καὶ
3419 4812 3686 4882 ἀϐλαϐῶς
3714 4837 3867 4894 παρ-

2204 4905 2406 4973 έλθωαι
2439 4909 2539 4979 τήν
2597 4912 2707 4964 τῶν
2756 4908 3043 4984 Ῥωμαίων
3101 4915 3232 4985 γῆν.
3292 4908 3569 4969 Μυστικὸν
3601 4906 3731 4965 δέτι
3772 4907 3869 4964 έν-

2201 4999 2371 5053 ταῦθα
2430 4999 2734 5073 θεωρεῖται·
2791 4998 2892 5068 τήν
2948 4998 3053 5075 γὰρ
3110 4998 3287 5054 κτίσιν
3344 5004 3518 5054 πᾶσαν
3568 4999 3596 5054 6
3643 4997 3774 5060 Θεὸς
3806 4997 3864 5054 ἓν

446 5092 637 5162 spatio
670 5090 949 5147 omnibus
979 5089 1158 5145 rebus
1188 5086 1441 5143 conditis
1470 5086 1721 5158 septima
1741 5085 1983 5157 quievit;
2015 5087 2099 5141 ita

2225 5086 2257 5158 ξ
2288 5085 2521 5163 ἡμέραις
2553 5085 2777 5158 ἐποίησε
2803 5087 2895 5142 καὶ
2952 5091 3022 5162 τῇ
3074 5088 3118 5158 ζ’
3183 5086 3521 5145 ἀνεπαύσατο
3575 5086 3665 5143 καὶ
3698 5086 3727 5142 ὁ
3762 5088 3865 5163 βα-

448 5179 752 5237 Heraclius
804 5178 1088 5235 sexennio
1138 5176 1436 5233 debellata
1480 5174 1719 5230 Perside
1776 5174 2096 5246 septimum

448 5284 678 5324 annum
735 5275 1012 5340 pacatum
1071 5267 1228 5341 egit,
1287 5266 1580 5336 laetusque
1637 5263 1843 5336 Cpolin
1894 5264 2094 5336 rediit.

439 5354 715 5411 Occurrit
735 5359 787 5413 ei
814 5358 1069 5430 populus
1090 5372 1222 5412 cum
1243 5353 1627 5410 Constantino
1644 5355 1894 5423 Cmsare,
1920 5355 2099 5411 Hera-

2205 5174 2390 5238 σιλεὺς
2442 5172 2494 5231 έν
2551 5172 2600 5245 ἔξ
2660 5169 2800 5231 ἔτεσι
2837 5176 2938 5246 τὴν
2997 5173 3237 5253 Ηερσίδα
3289 5174 3753 5249 καταπολεμήσας
3784 5178 3871 5248 τῷ

2206 5265 2250 5335 ζ’
2280 5265 2576 5341 εἶρήνευσε,
2604 5265 2696 5320 καὶ
2767 5264 2902 5338 μετὰ
2954 5269 3134 5344 χαρᾶς
3189 5266 3288 5335 τὴν
3346 5265 3868 5323 Κωνσταντινοῦποσ

2209 5354 2295 5411 λιν
2321 5347 2750 5427 καταλαμϐάνει.
2786 5354 2843 5407 ’0
2875 5350 2933 5409 δὲ
2962 5353 3094 5418 λαὸς
3124 5357 3224 5427 τῆς
3278 5352 3520 5423 πόλεως,
3576 5356 3711 5430 μετά
3765 5356 3871 5408 τοῦ

1643 5477 2008 5535 XYLANDRI
2046 5480 2135 5536 ET
2172 5478 2381 5536 GOARI
2420 5478 2641 5534 ΝΟΤᾹΞ.

519 5602 635 5678 (63)
666 5605 810 5662 Nam
836 5604 1145 5663 Hormisda
1174 5609 1340 5677 patre
1364 5609 1536 5678 capto
1566 5608 1627 5662 et
1651 5604 1714 5660 in
1743 5603 1994 5662 vinculis
2024 5610 2234 5666 necato
2266 5619 2519 5679 regnum
2548 5602 2879 5663 obtinuisse
2911 5605 3117 5665 fertur.
3152 5606 3290 5666 Χιι..
