4148 6212
333 353 451 415 809

1479 357 2016 423 HISTORIARUM
2066 363 2596 434 COMPENDIUM

3617 388 3738 449 810

335 508 426 562 ρον
458 486 547 540 καὶ
586 482 826 543 Ῥαϐίαν.
884 491 941 540 Ὀ
1008 484 1064 541 δὲ
1121 484 1407 580 Μούδαροᾲς
1466 488 1632 580 τίκτει
1665 491 1951 580 ΠΚοόσαρο

2059 500 2368 567 posteris.
2417 505 2472 559 ls
2527 506 2675 561 duos
2729 511 3058 580 procreavit
3113 513 3266 570 ﬁlios
3316 519 3622 576 Mudarum
3679 529 3742 578 et

331 577 419 632 καὶ
454 578 651 634 Καῒτον
684 578 773 632 καὶ
805 577 1038 650 Θεμίνην
1072 577 1161 633 καὶ
1198 575 1457 634 Ἀσσαδὸν
1512 579 1601 633 καὶ
1642 578 1846 646 ἄλλους
1900 603 1982 636 τι-

333 668 424 728 νὰς
454 666 791 740 ἀνωνύμους.
822 669 906 740 [Ρ.
940 669 1068 740 422]
1101 666 1154 722 οἳ
1181 668 1281 736 τὴν
1317 665 1545 741 Μαδιὰμ
1579 669 1668 722 καί
1723 671 1822 739 τὴν
1855 668 1980 745 ἔρη-

337 777 436 828 μον
467 755 896 831 κληρωσάμενοι
927 756 1362 836 ἐκτηνοτρόφουν
1418 756 1472 812 έν
1526 764 1751 828 σκηναῖς
1797 780 1982 814 κατοι-

329 849 570 907 κοῦντες·
605 845 706 900 εἶσὶ
739 843 796 900 δὲ
825 845 912 900 καὶ
961 848 1013 900 οἱ
1065 844 1337 920 ἐνδότεροι
1397 847 1571 901 αὐτῶν
1623 847 1680 901 ἐκ
1725 855 1824 917 τῆς
1879 870 1982 922 φυ-

332 932 438 1003 λῆς
469 939 565 989 τοῦ
604 935 825 1007 Ἰεκτὰν,
884 937 936 990 οἱ
997 935 1286 1012 λεγόμενοι
1344 936 1656 1008 Ἀμανῖταί,
1705 935 1980 993 τουτέστιν

327 1025 646 1096 Ὀμηρῖτάι,
697 1022 750 1077 οἳ
805 1023 894 1078 καὶ
953 1022 1209 1098 ἔμποροι,
1274 1025 1513 1099 Ἀπόρου
1569 1021 1626 1080 δὲ
1675 1023 1830 1088 ὄντος
1881 1029 1978 1080 τοῦ

336 1108 602 1184 Μωάμεδ,
635 1109 856 1181 εἷο-ἦλθε
885 1113 1020 1186 πρός
1077 1133 1193 1168 τινα
1249 1118 1475 1190 γυναῖκα
1531 1113 1800 1169 πλουσίαν
1859 1136 1979 1189 συγ-

329 1197 516 1274 γενίδα
573 1200 762 1271 αὐτόῦ,
821 1202 1045 1275 ὀνόματι
1115 1199 1354 1278 Χαδιχᾶ,
1426 1203 1697 1276 μισθωτὸς
1755 1202 1842 1258 ἐπὶ
1897 1205 1978 1276 τῷ

327 1290 661 1362 καμηλεύειν
746 1291 836 1346 καὶ
920 1292 1416 1368 πραγματεύεσθαι.
1475 1295 1608 1348 Κατ’
1667 1292 1858 1368 ὀλίγον
1921 1291 1977 1348 δὲ

326 1377 838 1455 παρρησιασάμενος
897 1381 1194 1452 ὖπεισῆλθε
1248 1387 1318 1457 τῇ
1365 1384 1574 1458 γυναικὶ
1629 1386 1781 1458 χήρᾳ
1820 1383 1974 1458 οὔσῃ,

321 1470 412 1522 καὶ
457 1464 649 1524 ἔλαϐεν
705 1470 873 1540 αὐτὴν
931 1476 1178 1547 γυναῖκα.
1240 1472 1583 1550 Ἐρχόμενος
1641 1471 1697 1527 δὲ
1753 1472 1805 1528 ἐν
1866 1479 1974 1528 Πα-

323 1555 572 1634 λαιστίνῃ
617 1560 1058 1636 συνανεστρέφετο
1116 1558 1399 1622 Ἰουδαίοις
1457 1562 1549 1616 καὶ
1613 1567 1972 1637 Χριστιανοῖς,

319 1646 410 1700 καὶ
443 1647 609 1722 ἐθήρα
639 1648 690 1718 ἐξ
722 1648 898 1704 αὐτῶν
957 1672 1074 1706 τινα
1131 1651 1390 1728 Γραφικά.
1451 1651 1600 1708 Ἐπεὶ
1661 1649 1718 1706 δὲ
1777 1648 1971 1724 δαιμο-

318 1739 446 1790 νιῶν
479 1736 567 1808 ἦν,
620 1738 840 1810 ἐνόσησε
895 1737 951 1794 δὲ
998 1741 1089 1795 καὶ
1147 1738 1470 1815 ἐπιληψίαν,
1531 1739 1818 1815 ἐθεράπευε
1869 1743 1969 1811 τὴν

2089 587 2354 644 Rabiam.
2391 593 2629 649 Mudaro
2660 597 2840 668 geniti
2876 605 3013 655 sunt
3042 603 3314 672 Cusarus,
3343 607 3561 676 Caitus,
3591 611 3736 667 The-

2088 676 2299 744 mines,
2334 682 2665 740 Asiadonus
2695 687 2915 759 aliique
2956 691 3161 762 aliqui,
3194 711 3447 765 quorum
3487 702 3736 758 nomina

2086 780 2205 818 non
2237 775 2446 824 exstat.
2481 773 2556 826 Iis
2595 790 2728 829 cum
2781 784 2936 833 sorte
2989 781 3295 852 obtigisset
3342 786 3733 845 Madianicum

2087 854 2279 909 solum
2306 864 2364 911 et
2395 860 2674 930 solitudo,
2696 864 2756 918 in
2782 866 3180 926 tabernaculis
3201 872 3378 928 vitam
3411 874 3731 934 tolerantes

2083 947 2374 1010 pecuarius
2405 950 2490 1004 rei
2524 953 2899 1011 studuerunt.
2933 960 3253 1017 Interiores
3285 963 3359 1018 iis
3391 981 3462 1018 ex
3501 968 3726 1023 Jectani

2082 1033 2239 1088 tribu
2297 1043 2452 1104 sunt,
2515 1041 2615 1110 qui
2659 1045 2868 1100 Amitae
2925 1049 3322 1119 appellantur,
3381 1055 3536 1125 quod
3576 1057 3730 1112 valet

2082 1120 2432 1190 Homeritas,
2476 1134 2531 1181 et
2553 1132 2968 1202 negotiatores.
3003 1138 3341 1194 Moamedus
3366 1147 3563 1198 autem
3588 1162 3722 1200 cum

2080 1216 2236 1264 esset
2267 1229 2506 1284 pauper,
2543 1220 2814 1276 mercede
2845 1239 3086 1294 operam
3121 1243 3288 1282 suam
3339 1229 3551 1287 locavit
3597 1236 3721 1289 cui-

2079 1297 2216 1353 dam
2247 1317 2366 1356 suze
2397 1305 2598 1374 gentili
2635 1308 2869 1364 mulieri
2895 1311 3196 1383 locupleti,
3216 1318 3459 1373 nomine
3481 1322 3721 1391 Chaida,

2079 1391 2144 1440 ut
2173 1390 2432 1446 camelos
2466 1395 2614 1450 189
2648 1405 2918 1468 pasceret
2955 1417 3143 1474 eaque
3184 1421 3247 1460 re
3297 1405 3528 1464 lucrum
3562 1428 3726 1482 quaa-

2077 1483 2260 1534 reret.
2299 1481 2590 1538 Paulatim
2620 1491 2818 1542 autem
2851 1489 3126 1546 liberiore
3176 1494 3306 1565 ejus
3355 1502 3530 1553 utens
3579 1481 3727 1557 con-

2079 1566 2412 1638 suetudine,
2447 1577 2512 1626 ut
2541 1580 2667 1630 erat
2699 1577 2891 1648 vidua,
2929 1597 2990 1634 se
3021 1581 3080 1635 in
3111 1584 3360 1654 gratiam
3393 1587 3523 1658 ejus
3581 1590 3726 1646 insi-

2076 1657 2298 1725 nuavit,
2357 1676 2721 1734 uxoremque
2774 1667 2920 1722 adeo
2979 1687 3106 1726 eam
3175 1673 3360 1730 duxit.
3423 1678 3728 1736 Profectus

2073 1760 2252 1814 porro
2285 1747 2344 1802 in
2378 1751 2755 1809 Palaastinam
2789 1756 2946 1812 inter
2972 1760 3206 1817 Judaaos
3236 1779 3304 1818 ac
3360 1765 3728 1824 Christianos

320 1831 542 1900 γυναῖκα
573 1825 924 1902 λυπουμένην
972 1826 1179 1906 σφόδρα
1216 1830 1299 1884 ’ὁτι
1355 1832 1422 1898 ἦν
1474 1829 1698 1904 εὐγενής
1743 1831 1831 1885 καὶ
1882 1829 1952 1885 ὅτι

441 1917 454 1934 ι
502 1918 566 1934 ,μ
755 1917 770 1934 ,
923 1920 935 1934 .
1005 1920 1017 1934 ,
1235 1920 1248 1934 .
1336 1917 1360 1934 ε.
1563 1925 1590 1934 _
1764 1918 1818 1934 ς.

2077 1843 2343 1892 versatus
2371 1845 2478 1908 est,
2503 1847 2562 1896 et
2591 1844 2862 1914 quaedam
2886 1847 2958 1902 de
2977 1851 3161 1905 sacris
3194 1853 3426 1909 Litteris
3459 1862 3722 1913 venatus.

322 1917 566 1995 συνήφθῆ
621 1917 856 1991 τοιούτῳ
913 1920 1105 1993 ἀπόρῳ
1162 1920 1250 1974 καὶ
1333 1917 1709 1992 δαιμονιῶντι,
1764 1918 1962 1994 λέγων·

319 2007 588 2082 Ἀγγέλου
643 2007 900 2064 ὀπτασίαν
972 2005 1265 2085 Λεγομὲνου
1324 2003 1571 2083 Γαϐριὴλ
1629 2010 1817 2084 θεωρῶ
1875 2008 1964 2063 καὶ

314 2095 517 2151 πίπτω.
551 2097 699 2168 Αὖτη
763 2095 821 2152 δὲ
878 2096 1081 2172 ἔχουσα
1150 2099 1391 2174 μοναχὸν
1458 2095 1548 2153 διὰ
1607 2098 1962 2154 κακοπιστίαν

319 2182 594 2259 ἐξόριστον
626 2185 796 2241 ἐκεῖσε
827 2182 973 2254 ὄντα,
1005 2186 1164 2266 φίλον
1213 2187 1402 2253 αὐτῆς
1453 2187 1773 2263 ἀνήγγειλεν
1815 2187 1964 2261 αὐτῷ

314 2274 488 2328 πάντα
525 2275 613 2328 καὶ
672 2275 734 2330 τὸ
793 2271 968 2349 ὄνομα
1025 2281 1120 2330 τοῦ
1171 2273 1425 2351 ἀγγέλου”
1485 2277 1731 2339 κάκεῖνος
1789 2277 1962 2340 θέλων

317 2362 742 2442 πληροφορῆσάι
783 2365 952 2435 αὐτὴν
986 2366 1152 2435 εἶπεν,
1185 2365 1268 2420 ὅτι
1311 2365 1567 2437 Ἀληθῶς
1599 2364 1764 2440 λέγει·
1800 2365 1958 2426 οὗτος

319 2453 426 2526 γὰρ
465 2449 699 2529 ἅγγελος
754 2454 1025 2528 πέμπεται
1065 2455 1202 2531 πρὸς
1259 2455 1431 2510 πάντα
1486 2457 1793 2532 προφήτην.
1855 2456 1954 2510 Καὶ

319 2540 454 2610 αὐτή
487 2541 812 2597 πιστεύσασα
850 2547 926 2615 τῷ
958 2543 1112 2618 λόγῳ
1149 2547 1251 2599 τοῦ
1281 2539 1560 2618 ψευδαϐϐἆ
1617 2543 1840 2619 ἐκήρυξε
1868 2543 1958 2598 καὶ

312 2623 510 2689 ἄλλαις
541 2629 777 2702 γυναιξὶν
807 2630 1111 2706 ὁμοφύλοις
1161 2630 1352 2700 αὐτῆς,
1400 2631 1490 2685 καὶ
1531 2630 1702 2692 οὕτως
1755 2629 1814 2685 ἐκ
1861 2650 1954 2705 γυ·

309 2721 505 2771 ναικῶν
538 2716 708 2786 ἦλθεν
758 2718 834 2780 εἷς
890 2716 1108 2794 ἄνδρας.
1171 2721 1272 2776 Καὶ
1327 2724 1544 2795 πρῶτον
1607 2713 1954 2794 Ἀϐουϐάχαρ

306 2802 569 2882 διάδοχον
627 2807 905 2864 κατέλιπε.
969 2810 1066 2865 Καὶ
1127 2808 1415 2886 ἐκράτησεν
1463 2811 1498 2878 ἡ
1531 2806 1732 2882 α’ίρεσις
1788 2806 1952 2862 αὐτοῦ

303 2896 543 2970 τὰμέρη
586 2902 683 2952 τοῦ
741 2893 999 2972 Δίθρίϐου
1053 2898 1159 2961 ἓως
1217 2903 1314 2952 τοῦ
1381 2898 1616 2976 ἐσχάτου
1677 2896 1948 2970 πολέμου,

305 2984 499 3059 πρώην
563 2987 657 3058 μὲν
714 2991 966 3062 κρυπτῶς
1022 2986 1115 3058 ἔτη
1181 2986 1329 3057 δέκα,
1384 2988 1476 3042 καὶ
1553 2984 1641 3042 διὰ
1697 2983 1950 3060 πολέμου

307 3073 516 3146 ὁμοίως
544 3073 692 3146 δέκα,
722 3076 813 3130 καὶ
869 3081 1107 3154 φανερῶς
1155 3078 1218 3133 θ’.
1252 3078 1419 3140 Οὗτος
1462 3077 1490 3131 ὁ
1540 3077 1804 3150 θεομισὴς
1856 3075 1946 3131 καὶ

302 3157 676 3237 ἐμϐρόντητος
734 3167 1048 3241 περιτυχὼν
1105 3161 1385 3243 Ἑϐραίοις
1468 3166 1558 3220 καὶ
1642 3166 1944 3241 ’Δρειανοῖς

2075 1924 2218 1979 Cum
2251 1933 2448 1983 autem
2482 1936 2540 1985 et
2569 1932 2838 1989 daamone
2872 1939 3272 2010 exagitaretur
3327 1948 3386 1998 et
3435 1946 3722 2003 comitiali

2077 2015 2278 2070 morbo
2313 2017 2626 2090 laboraret,
2658 2039 2904 2080 uxorem
2954 2043 3142 2098 suam,
3191 2047 3322 2102 qua)
3369 2050 3602 2105 gravem
3647 2053 3719 2092 ex

2071 2119 2141 2157 eo
2171 2106 2442 2176 capiebat
2469 2108 2756 2176 dolorem,
2790 2115 2949 2184 quod
2993 2117 3208 2174 nobilis
3255 2121 3384 2192 ipsa
3431 2140 3615 2196 egeno
3659 2131 3719 2180 et

2069 2191 2358 2250 daamonis
2389 2200 2796 2258 vexationibus
2825 2205 3080 2262 obnoxio
3112 2210 3340 2266 homini
3391 2215 3711 2286 nupsisset,

2071 2282 2149 2336 ita
2180 2283 2482 2355 demulsit,
2505 2290 2662 2358 quod
2687 2292 2912 2348 diceret
2935 2313 2996 2351 se
3018 2297 3092 2352 ad
3119 2282 3503 2371 conspectum
3517 2282 3710 2376 angeli

2069 2372 2321 2428 Gabrieli
2355 2376 2465 2430 sibi
2497 2383 2838 2448 apparentis
2869 2385 3201 2442 concidere.
3237 2391 3373 2444 Erat
3402 2393 3628 2449 amicus
3656 2396 3710 2449 ei

2065 2461 2302 2516 mulieri
2330 2467 2656 2522 monachus
2688 2470 2952 2540 quidam,
2995 2476 3095 2544 qui
3149 2477 3224 2531 ob
3273 2478 3482 2536 falsam
3533 2483 3710 2538 ﬁdem

2063 2550 2358 2622 relegatus
2415 2555 2496 2608 ibi
2562 2556 2804 2613 vivebat.
2869 2561 3014 2616 Huic
3073 2566 3289 2620 mulier
3339 2573 3523 2625 totam
3585 2589 3710 2628 rem

2063 2640 2272 2709 aperit,
2307 2643 2501 2714 angeli
2550 2645 2730 2701 etiam
2789 2650 3032 2706 nomine
3091 2654 3342 2724 prolato.
3399 2659 3456 2713 Is
3512 2665 3710 2716 autem

2063 2730 2408 2800 monachus,
2440 2735 2524 2788 uti
2556 2736 2900 2806 opinionem
2935 2757 3065 2796 eam
3109 2759 3353 2813 prorsus
3401 2747 3463 2802 in
3511 2751 3710 2806 animo

2060 2818 2326 2873 mulieris
2356 2823 2756 2894 confirmaret,
2790 2845 2923 2883 vere
2955 2831 3322 2888 Moamedum
3357 2836 3480 2892 ιιωο
3511 2839 3706 2896 dicere

2058 2906 2176 2961 ait:
2210 2924 2345 2963 eum
2374 2910 2532 2965 enim
2563 2914 2840 2985 angelum
2871 2916 2944 2971 ad
2987 2921 3253 2988 quemvis
3282 2929 3473 2980 vatem
3527 2928 3703 2985 mitti.

2057 2995 2263 3050 Mulier
2314 2998 2492 3054 ﬁdem
2559 3002 2752 3058 verbis
2810 3005 3151 3078 impostoris
3210 3011 3368 3068 illius
3424 3019 3701 3074 monachi

2053 3085 2279 3142 habens
2319 3090 2453 3145 aliis
2503 3093 2624 3149 suis
2671 3097 2987 3166 gentilibus
3036 3101 3388 3160 mulieribus
3433 3106 3698 3165 fabulam

2055 3178 2351 3246 narravit;
2384 3179 2456 3234 ab
2489 3180 2582 3236 his
2610 3200 2787 3254 porro
2817 3186 2892 3241 ad
2922 3189 3075 3244 viros
3107 3207 3175 3246 ea
3220 3196 3534 3251 emanavit.
3569 3199 3694 3252 Pri-

301 3234 424 3306 xal'
460 3234 861 3330 Νεστοριανοῖς,
919 3234 1008 3311 καὶ
1095 3254 1350 3320 πάντοθεν
1428 3253 1828 3352 ἐρανισάμιενος,
1890 3253 1942 3352 ἐξ

2339 3234 2350 3246 ,
2557 3234 2573 3236 ν,
2610 3234 2781 3254 Γ---
2819 3234 2892 3241 __
2933 3234 3075 3244 .--νυ
3108 3234 3175 3246 ν..
3221 3234 3534 3251 manu"...
3569 3234 3694 3252 ιι.-

2059 3281 2216 3321 mum
2250 3284 2652 3326 successorem
2678 3275 3016 3332 Moamedus
3065 3280 3308 3352 reliquit
3348 3283 3697 3344 Abubacha—

302 3339 582 3397 Ἰουδαίων
614 3344 707 3416 μὲν
749 3345 1076 3420 μοναρχίαν,
1109 3344 1160 3418 ἐξ
1197 3347 1487 3420 Ἀρειανῶν
1518 3341 1576 3399 δὲ
1623 3345 1800 3420 Λόγον
1853 3344 1944 3398 καὶ

304 3434 524 3505 Πνεῦμα
577 3435 786 3502 arma,
844 3433 951 3488 ἀπὸ
1011 3431 1068 3489 δὶ
1124 3436 1502 3507 Νεστοριανῶν
1585 3431 1944 3508 ἆνθρωπολα-

295 3520 500 3592 τρείαν,
542 3521 714 3592 ἑαυτῷ
751 3521 1039 3596 θρησκείαν
1090 3527 1475 3597 περιποιεῖται,
1532 3523 1619 3577 καὶ
1681 3523 1944 3596 προφάσει

298 3609 619 3683 θεογνωσίας
650 3609 1100 3684 εἷ’σποιησάμενος
1142 3612 1205 3666 τὸ
1262 3606 1415 3676 ἔθνος
1462 3608 1696 3684 ἐδίδαξεν
1746 3610 1944 3672 αὐτοὺς

293 3699 704 3772 περιτέμνεσθαι
733 3701 824 3755 καὶ
869 3697 1059 3775 ἄνδρας
1113 3701 1202 3756 καὶ
1259 3706 1518 3776 γυναῖκας
1553 3700 1644 3755 καὶ
1695 3697 1789 3754 ἕνα
1845 3700 1944 3772 μό-

298 3809 389 3842 νον
419 3795 739 3862 προσκυνεῖν
767 3792 918 3860 Θεὸν,
949 3791 1040 3846 τὸν
1074 3788 1130 3845 δὲ
1160 3791 1388 3859 Χριστὸν
1435 3795 1598 3864 τιμᾷν
1645 3790 1720 3852 ὡς
1771 3784 1942 3864 Λὸγον

298 3881 454 3944 Θεοῦ,
488 3877 594 3952 οὐχ
623 3880 698 3940 ὡς
729 3881 850 3934 rte»
885 3878 964 3948 δὲ,
1013 3878 1140 3935 ἀλλ’
1190 3880 1263 3944 ὡς
1314 3879 1372 3935 ἐκ
1423 3880 1737 3954 Πνεῦματος
1785 3879 1944 3952 ἁγίου

295 3966 677 4041 γεγενημένον·
715 3969 882 4046 λόγον
926 3968 982 4023 ’δὲ
1042 3970 1132 4024 καὶ
1190 3974 1401 4042 πνεῦμα
1459 3969 1794 4047 προφορικὸν
1854 3967 1944 4022 καὶ

302 4055 378 4117 εἰς
408 4052 538 4129 ἀέρα
565 4055 827 4131 χεόμενον
861 4059 1125 4128 ὑπονοεῖν,
1162 4059 1260 4114 οὐκ
1315 4058 1645 4115 ἐνυπόστατα
1691 4055 1816 4114 οὐδέ
1867 4060 1945 4128 τῷ

297 4146 583 4217 Γεννήτορι
614 4145 902 4219 ὁμοοῦσια·
933 4148 1033 4216 τήν
1094 4146 1151 4203 δὲ
1199 4148 1349 4223 ἁγίαν
1407 4149 1671 4225 Παρθένον
1730 4150 1940 4224 Μαρίαν

300 4234 376 4306 μή
413 4233 589 4309 λέγειν
623 4238 908 4307 Θεοτόκον,
957 4235 1105 4292 ἀλλά
1159 4241 1258 4308 τήν
1309 4239 1520 4314 Ἀαρὼν
1565 4241 1654 4294 καὶ
1703 4239 1944 4302 Μωσέως

293 4321 558 4402 ἀδελφήν⁸
590 4323 732 4398 μηδὲ
764 4327 1135 4401 βαπτίζεσθαι,
1194 4325 1335 4400 μηδέ
1383 4323 1746 4398 σαϐϐατίζειν,
1803 4333 1943 4403 μήτε

299 4409 356 4468 δὲ
383 4419 501 4476 τοῖς
530 4421 783 4488 νομικοῖς
811 4415 847 4486 ἤ
889 4416 1256 4490 εὖαγγελικοῖς
1304 4412 1475 4481 ἔθεσιν
1530 4417 1939 4490 ἐπακολουθεῖν,

298 4500 443 4557 ἀλλᾶ
477 4501 860 4578 βδελύττεσθαι
884 4505 976 4560 τὸν
1009 4508 1256 4581 σταυρὸν,
1289 4508 1378 4561 καὶ
1406 4509 1505 4577 τήν
1557 4507 1708 4562 σκιὰν
1750 4505 1939 4562 ἐσταυ-

2049 3370 2197 3408 rem.
2231 3356 2612 3429 Obtinuitque
2645 3377 2713 3416 ea
2743 3363 2984 3421 haeresis
3014 3367 3076 3422 in
3135 3371 3401 3440 partibus
3447 3376 3696 3431 Ethribi

2048 3459 2235 3514 usque
2265 3447 2339 3500 ad
2372 3447 2596 3503 bellum
2648 3457 3036 3524 postremum,
3089 3459 3282 3529 primo
3335 3462 3692 3523 decennium

2049 3534 2299 3600 occulte,
2331 3535 2494 3591 aliud
2525 3538 2662 3594 inde
2695 3541 2876 3609 bello,
2910 3549 2967 3600 et
2995 3553 3197 3618 aperte
3230 3567 3444 3607 novem
3487 3571 3698 3614 annos.

2051 3621 2275 3676 Invisus
2298 3623 2398 3677 ille
2421 3626 2538 3680 Deo
2562 3642 2630 3681 ac
2648 3645 2896 3686 vesanus
2921 3635 3280 3705 Moamedus,
3299 3640 3700 3716 Hebraeorum,

2049 3711 2404 3767 Arianorum
2435 3720 2494 3768 et
2520 3717 3004 3777 Nestorianorum
3035 3730 3211 3781 utens
3243 3733 3697 3802 consuetudine,

2050 3804 2226 3870 atque
2257 3801 2520 3872 undique
2552 3804 2778 3876 aliquid
2827 3809 2997 3880 stipis
3045 3815 3385 3885 corradeus,
3419 3836 3453 3874 a
3479 3801 3698 3879 Judaais

2051 3895 2286 3959 sumpta
2319 3889 2388 3944 de
2417 3909 2532 3947 uno
2566 3894 2684 3948 Deo
2715 3895 3004 3966 doctrina,
3046 3901 3118 3956 ab
3150 3904 3378 3961 Arianis
3421 3909 3608 3966 Verbo
3640 3918 3698 3967 et

2050 3977 2271 4048 Spiritu
2302 3982 2534 4048 creatis,
2568 4000 2602 4036 a
2629 3985 2994 4044 Nestorianis
3047 3991 3208 4047 cultu
3256 3994 3454 4051 divino
3503 3999 3695 4056 homi-

2049 4066 2225 4121 nibus
2255 4069 2609 4139 exhibcndo,
2635 4089 2846 4130 novam
2876 4077 2986 4131 sibi
3008 4080 3358 4152 religionem
3386 4088 3688 4157 conﬁnxit,

2048 4171 2116 4210 ac
2144 4156 2253 4210 sub
2285 4163 2571 4227 praetextu
2603 4164 2958 4234 cognitionis
2988 4167 3200 4225 divinas
3231 4175 3433 4244 populi
3471 4178 3692 4234 animis

2048 4243 2158 4298 sibi
2191 4243 2477 4300 devinctis
2509 4255 2718 4305 auctor
2746 4252 2818 4307 iis
2847 4254 2976 4325 fuit,
3029 4264 3093 4312 ut
3137 4277 3272 4315 cum
3314 4243 3519 4320 mares
3567 4272 3692 4323 tum

2045 4334 2284 4389 feminas
2317 4336 2902 4414 circumciderentur,
2940 4348 3091 4404 740
3121 4356 3186 4405 ut
3223 4369 3410 4409 unum
3459 4361 3691 4414 tantum

2047 4423 2232 4478 Deum
2263 4424 2600 4495 adorarent,
2632 4435 2698 4484 ut
2734 4433 3034 4490 Christum
3087 4450 3529 4513 venerarentur,
3569 4463 3693 4504 non

2046 4513 2213 4582 quasi
2245 4514 2479 4584 Filium,
2514 4517 2616 4572 sed
2650 4524 2875 4577 tantum
2917 4542 3024 4596 pro
3060 4529 3251 4585 Verbo
3284 4533 3386 4588 Dei
3437 4541 3574 4590 nato
3621 4552 3693 4592 ex

299 4594 505 4666 ρῶσθαι
554 4597 652 4648 τοῦ
708 4596 952 4669 Χριστοῦ
1003 4595 1319 4670 ὁμολογεῖν.
1381 4598 1834 4696 Παρηγγυήσατο.
1885 4593 1941 4652 δὲ

2059 4600 2271 4672 Spiritu
2303 4609 2544 4670 sancto;
2577 4611 2644 4660 ut
2673 4593 3003 4669 verbum—et
3033 4617 3304 4687 spiritum
3336 4623 3494 4693 quod
3552 4642 3692 4696 pro-

290 4681 481 4744 αὐτοῖς
517 4683 605 4736 καὶ
673 4687 782 4737 τῶν
831 4682 1069 4738 καθόλου
1126 4684 1584 4760 ἀπηγορευμένων
1641 4689 1721 4756 τῷ
1778 4686 1934 4758 νόμῳ

288 4771 372 4841 [Ρ.
404 4771 532 4845 425]
591 4771 862 4847 μετέχειν,
921 4770 1068 4842 πλὴν
1125 4778 1296 4848 κρεῶν
1350 4773 1632 4850 χοιρείων,
1689 4771 1824 4846 οἴνῳ
1880 4772 1938 4828 δὲ

288 4859 712 4933 παντάπασιμή
771 4867 1030 4936 χρῆσθαι.
1099 4863 1361 4918 Τοιοῦτόν
1417 4885 1470 4918 τι
1531 4863 1933 4936 μυθευσάμενος

287 4947 478 5003 ἑαυτόν
512 4970 645 5022 φησι
677 4948 1005 5026 κλειδοῦχον
1058 4959 1374 5026 γεγενῆσθαι
1429 4958 1526 5008 τοῦ
1581 4951 1932 5030 παραδείσου,

289 5037 546 5093 καὶκατᾶ
574 5041 672 5110 τήν
720 5039 928 5115 ἡμέραν
983 5047 1083 5110 τῆς
1140 5040 1390 5116 κρίσεως,
1447 5043 1580 5117 μετὰ
1636 5046 1698 5098 τὸ
1756 5062 1932 5117 παρα-

290 5132 484 5194 στῆναι
537 5129 628 5182 τὸν
690 5127 888 5184 Μωσέα
942 5129 1032 5184 σὺν
1092 5135 1208 5192 τοῖς
1269 5131 1637 5207 Ἰσραηλίταις
1707 5133 1796 5186 καὶ
1854 5133 1928 5194 ὡς

285 5209 602 5289 παραϐάτας
629 5221 726 5271 τοῦ
751 5216 924 5291 νόμου
971 5223 1039 5285 τῇ
1095 5219 1318 5275 κολάσει
1375 5226 1472 5276 τοῦ
1528 5223 1699 5298 πυρὸς
1757 5243 1926 5297 παρα⁸

287 5298 534 5372 δοθῆναι,
565 5305 715 5368 αὖθις
775 5307 984 5376 Ἰησοῦν
1043 5311 1382 5381 παραστῆναι
1435 5312 1565 5384 [καὶ]
1618 5313 1929 5387 ἀρνησάμε-

283 5411 373 5444 νον
437 5389 742 5466 ἔμπροσθεν
793 5400 930 5450 Θεοῦ
987 5395 1070 5451 ὅτι
1121 5398 1219 5452 οὑκ
1299 5399 1444 5452 εἶπεν
1532 5401 1716 5456 ἑαυτὸν
1795 5403 1928 5457 εἶναι

285 5479 406 5534 Υἱὸν
449 5486 604 5551 Θεοῦ,
634 5482 764 5545 τοὺς
793 5481 850 5538 δὲ
881 5485 1258 5561 Χριστιανοὺς,
1294 5487 1367 5548 ὡς
1407 5494 1653 5544 τοιοῦτον
1704 5491 1926 5564 τολμή-

282 5587 476 5632 σαντας
507 5575 842 5648 προστρῖψαι
871 5578 953 5646 τῷ
981 5576 1196 5647 Χριστῷ
1228 5572 1402 5648 ὄνομα
1449 5577 1538 5632 καὶ
1583 5580 1710 5634 Θεὸν
1759 5581 1924 5636 αὐτὸν

277 5659 366 5711 καὶ
408 5661 530 5716 risv
581 5661 714 5716 Θεοῦ
770 5663 859 5718 καὶ
936 5665 1112 5738 Λόγον
1167 5665 1570 5741 σεσαρκωμένον
1629 5672 1717 5724 καὶ
1772 5691 1926 5726 σταυο

563 5780 831 5848 ΡΑτιιοι..
883 5786 992 5848 Gn.
1039 5785 1246 5847 CXXI.

2045 4692 2232 4746 fertur
2279 4699 2338 4748 et
2378 4694 2436 4748 in
2485 4713 2685 4752 aerem
2740 4702 3064 4760 effunditur
3109 4711 3518 4781 opinarentur,
3567 4732 3689 4772 non

2045 4796 2176 4849 quae
2207 4781 2268 4835 in
2300 4781 2498 4838 divina
2537 4785 2928 4846 subsisterent
2967 4798 3227 4853 essentia
3273 4805 3371 4855 aut
3417 4802 3683 4872 ejusdem

2044 4885 2176 4923 cum
2210 4871 2482 4927 Genitore
2514 4882 2714 4930 essent
2741 4884 2967 4936 naturae
2995 4899 3008 4948 ;
3042 4901 3115 4939 ne
3161 4887 3396 4943 beatam
3442 4871 3682 4948 Mariam

2043 4957 2312 5013 dicerent
2339 4961 2438 5015 Dei
2490 4964 2866 5039 Genitricem,
2927 4972 3031 5026 sed
3085 4991 3347 5032 sororem
3407 4979 3579 5035 Mosis
3622 4986 3682 5037 et

2042 5049 2328 5114 Aaronis;
2360 5065 2434 5104 ne
2465 5050 2907 5122 baptizarentur
2935 5065 3037 5114 aut
3065 5063 3381 5121 Sabbatum
3415 5076 3677 5140 agerent,

2040 5153 2233 5206 neque
2292 5136 2438 5210 legis
2498 5140 2864 5213 Evangeliive
2913 5149 3182 5208 instituta
3231 5136 3521 5223 tenerent;
3574 5136 3680 5214 sed

2038 5243 2276 5281 crucem
2334 5226 2841 5303 abominarentur,
2899 5239 3289 5314 umbramque
3342 5245 3557 5301 Christi
3618 5248 3681 5304 in

2039 5333 2274 5372 crucem
2308 5324 2498 5373 actam
2528 5321 2876 5380 faterentur.
2909 5329 3060 5394 Quin
3093 5337 3152 5386 et
3180 5335 3446 5391 omnium
3478 5353 3684 5395 eorum

2040 5423 2214 5461 usum
2256 5407 2329 5461 iis
2359 5411 2678 5476 concessit,
2715 5415 2932 5482 quibus
2962 5418 3055 5472 lex
3089 5420 3412 5493 interdicit,
3445 5434 3690 5501 excepta

2041 5495 2202 5566 porci
2238 5511 2432 5551 carne.
2469 5497 2615 5553 Vino
2650 5518 2895 5571 prorsus
2925 5507 3226 5566 abstinere
3261 5513 3461 5583 jussit.
3513 5517 3694 5573 Porro

2041 5589 2238 5639 autem
2263 5583 2519 5640 fabulam
2555 5588 2731 5644 talem
2765 5603 3138 5654 commentus
3171 5607 3278 5656 est.
3315 5603 3433 5658 Sibi
3467 5606 3550 5661 ait
3577 5608 3700 5663 cla-

2037 5691 2140 5729 ves
2167 5673 2426 5744 paradisi
2449 5677 2802 5736 commissas
2850 5683 3054 5742 fuisse.
3102 5689 3206 5745 Die
3249 5691 3484 5764 judicii,
3534 5699 3697 5765 post-

3448 5809 3528 5869 26
