4148 6212
471 324 584 388 8H

1831 321 2145 385 GEORGII
2187 321 2389 384 CEDli
2400 325 2529 387 ENI

3764 326 3882 388 812

473 475 654 530 quam
670 461 859 517 Moses
879 474 1013 516 cum
1034 454 1320 513 Israelitis
1345 454 1420 512 ad
1446 454 1711 512 tribunal
1736 455 1946 523 astitit,
1998 459 2058 511 et
2084 454 2114 510 ii

2241 454 2480 528 ρωθέντα
2510 454 2958 533 δογματίσαντας,
2999 460 3070 533 τῇ
3119 458 3218 514 τοῦ
3258 456 3429 534 πυρὸς
3468 453 3656 534 γεέννῃ
3704 475 3886 532 παρα-

432 588 437 593 -
473 554 540 605 ut
568 549 668 620 qui
700 549 891 622 legem
922 546 1245 603 violassent
1272 545 1527 602 flamma
1579 545 1857 618 supplicii
1903 543 2124 602 addicti

473 637 732 703 fuerunt,
765 652 1002 693 rursum
1028 637 1232 691 Jesum
1266 652 1329 691 se
1360 635 1604 705 stitisse,
1637 651 1705 691 ac
1759 651 1958 690 coram
2006 634 2125 690 Deo

473 742 719 798 negasse
743 741 1008 797 unquam
1032 742 1093 781 se
1124 741 1347 780 nomen
1377 725 1507 780 Filii
1538 725 1641 780 Dei
1662 724 1773 779 sibi
1795 739 2123 795 arrogasse.

474 814 612 871 Ideo
643 815 1030 880 Christianos,
1063 814 1165 884 qui
1197 813 1377 870 talem
1408 814 1641 871 Christo
1664 814 1904 869 titulum
1936 813 2123 884 impo-

469 920 615 960 nere
642 905 769 962 ausi
796 904 1069 970 fuissent,
1111 919 1370 975 eumque
1405 905 1613 973 Deum,
1656 904 1757 959 Dei
1808 903 2019 958 Filium
2068 907 2128 956 et

472 993 729 1051 Verbum
752 994 1125 1051 incarnatum
1155 1009 1223 1049 ac
1250 992 1597 1049 cruciﬁxum
1616 992 2123 1064 pronuntiassent,

469 1083 535 1138 in
563 1098 855 1156 geennam
886 1082 1040 1155 ignis
1064 1082 1316 1139 deditos.
1350 1082 1685 1141 Secundum
1716 1082 1843 1137 haec
1864 1097 1927 1136 se
1948 1097 1983 1136 a
2005 1081 2124 1136 Deo

470 1175 746 1229 vocatum
778 1171 962 1227 fuisse
994 1170 1313 1227 admodum
1345 1172 1510 1244 pium
1547 1176 1605 1227 et
1659 1170 1991 1238 laudatum,
2021 1168 2123 1241 qui

471 1261 578 1316 toti
624 1260 786 1334 genti
842 1260 1080 1332 pietatis
1138 1265 1345 1316 auctor
1400 1266 1576 1330 esset,
1635 1259 1889 1331 ideoque
1935 1258 2124 1314 claves

469 1349 731 1422 paradisi
811 1349 924 1405 sibi
1008 1349 1343 1406 mandatas.
1399 1351 1721 1420 Postquam
1780 1347 2122 1420 paradisum

470 1439 827 1511 aperuisset,
884 1454 1090 1495 secum
1148 1439 1403 1495 intrasse
1484 1438 1854 1511 segtuaginta
1936 1437 2124 1493 millia

469 1527 808 1598 hominum,
845 1528 987 1583 741
1027 1527 1129 1599 qui
1160 1544 1229 1583 eo
1276 1543 1519 1600 pergere
1572 1527 1915 1583 valuissent.
1961 1526 2121 1582 Beli-

460 1632 622 1689 quos
663 1616 998 1689 judicatum
1048 1617 1141 1672 iri.
1189 1617 1318 1673 Jam
1363 1618 1556 1690 justos
1604 1616 1901 1688 voluptate
1957 1620 2124 1671 extra

469 1709 655 1768 ullam
677 1708 1141 1765 controversiam
1164 1709 1310 1764 frui:
1343 1725 1492 1779 quos
1518 1724 1653 1764 vero
1684 1707 2122 1779 deprehensum

470 1799 550 1854 sit
578 1813 879 1870 peccasse,
914 1814 1015 1855 eos
1045 1797 1118 1853 ad
1149 1797 1305 1853 colla
1335 1813 1444 1854 sua
1485 1797 1747 1868 pittaciis
1774 1796 2029 1869 alligatis
2058 1796 2118 1851 in

470 1888 815 1961 paradisum
893 1889 1141 1953 intrare,
1227 1888 1541 1959 vocarique
1596 1886 1840 1945 libertos
1893 1886 1997 1941 Dei
2052 1899 2123 1941 ac

470 1978 858 2036 Muchumeti.
883 1979 1176 2034 Praeterea
1200 1985 1455 2051 nugatur
1478 1978 1538 2033 in
1562 1977 1835 2049 paradiso
1858 1982 1977 2032 tres
1993 1993 2124 2032 esse

470 2068 800 2140 paradisos,
828 2084 1015 2123 unum
1034 2067 1258 2135 mellis,
1279 2067 1464 2123 alium
1485 2066 1675 2134 lactis,
1698 2066 1816 2121 vini
1843 2066 2081 2121 tertium
2106 2082 2121 2136 ;

471 2165 531 2215 et
557 2159 631 2214 iis
657 2157 896 2231 impleri
930 2158 1132 2214 licere.
1169 2160 1294 2214 Una
1323 2174 1452 2215 esse
1482 2156 1787 2225 mulieres,
1827 2173 1895 2213 ac
1924 2171 2125 2212 comas

468 2264 706 2313 ornare,
765 2252 825 2303 et
880 2264 1130 2319 corpora
1200 2246 1595 2319 voluptatibus
1653 2245 1854 2302 dedita
1908 2246 2121 2306 colere.

465 2337 700 2394 Judmos
731 2341 791 2393 et
818 2337 1185 2392 Christianos
1231 2336 1393 2408 ligna
1437 2336 1511 2391 ad
1558 2336 1757 2408 ignem
1805 2334 2121 2391 fovendum

464 2426 653 2483 factos
682 2442 835 2482 esse.
862 2425 1121 2482 Relictos
1151 2425 1492 2494 Samarites,
1518 2431 1585 2482 ut
1612 2426 1819 2481 (imum
1850 2441 1921 2481 ex
1948 2440 2121 2497 para~

471 2516 601 2573 diso
624 2519 886 2587 egerant,
909 2532 985 2570 ne
1007 2514 1161 2571 fetor
1188 2515 1252 2571 in
1282 2532 1349 2569 eo
1380 2515 1614 2570 existat.
1647 2514 1941 2583 Quemvis,
1975 2529 2119 2584 qua-

463 2605 584 2661 lem
614 2604 795 2660 vitam
827 2604 1013 2677 egerit
1044 2604 1106 2659 in
1137 2604 1372 2675 opibus,
1400 2603 1683 2675 pauperie
1721 2609 1823 2660 aut
1852 2603 2120 2669 infamia,

464 2696 550 2752 sic
579 2700 639 2751 et
665 2694 842 2750 isthic
868 2693 1110 2750 habere.
1160 2694 1248 2749 Ad
1299 2694 1425 2749 haec
1482 2693 1819 2765 prodigiose
1866 2698 2121 2765 nugatus

467 2788 561 2839 est
588 2783 782 2838 omnis
808 2787 871 2838 et
893 2782 1033 2837 boni
1078 2787 1135 2837 et
1192 2782 1334 2838 mali
1382 2783 1567 2839 Deum
1616 2799 1745 2839 esse
1793 2788 2118 2839 auctorem.

422 2916 427 2923 .
465 2874 772 2944 Latrones,
792 2873 1089 2928 veneﬁcos
1120 2872 1389 2944 aliosque
1415 2874 1579 2930 vetiti
1609 2872 1893 2931 facinoris
1921 2872 2122 2928 convi-

464 2968 591 3019 ctos
620 2978 655 3017 a
673 2962 792 3018 Deo
821 2961 897 3018 ad
925 2962 1038 3018 hoc
1067 2967 1229 3020 certo
1259 2963 1514 3019 consilio
1550 2961 1883 3019 destinatos
1913 2962 2118 3032 fuisse,

463 3058 531 3109 ut
561 3051 646 3108 sic
675 3056 1071 3108 morerentur.

535 3145 778 3201 Miretur
807 3160 950 3200 sane
999 3142 1218 3215 aliquis
1276 3149 1501 3200 tantam
1558 3145 1677 3200 Deo
1733 3143 2116 3216 repugnantis

462 3239 641 3306 atque
670 3232 803 3289 vani
836 3203 1540 3304 hominisdmposturam,
1582 3249 1715 3304 quas
1765 3203 1929 3288 tantuo
1958 3238 2111 3288 tem-
2144 3203 2188 3269 δ

465 3338 608 3395 pore
638 3321 893 3385 duravit,
925 3327 1027 3377 aut
1055 3326 1382 3377 extremam
1418 3322 1615 3393 potius
1667 3338 1737 3377 ac
1786 3320 2114 3377 belluinam

467 3426 676 3467 eorum
705 3409 1090 3475 dementiam,
1123 3410 1225 3480 qui
1257 3410 1319 3464 in
1351 3410 1510 3465 hunc
1540 3426 1730 3481 usque
1777 3409 1935 3465 diem
1981 3410 2114 3482 ejus

468 3498 719 3555 fallaciis
732 3498 1050 3569 mancipati
1075 3505 1235 3567 sunt,
1258 3515 1326 3553 ac
1346 3516 1452 3570 pro
1478 3498 1675 3555 divina
1695 3515 1825 3554 eam
1855 3504 1913 3553 et
1924 3498 2116 3555 valida

466 3606 531 3645 re
562 3588 806 3645 ducunt.
840 3588 1127 3646 Excmcati
1157 3589 1318 3645 enim
1343 3595 1402 3644 et
1431 3589 1573 3645 fatui
1598 3590 1869 3645 homines
1888 3605 2113 3656 veram,

468 3694 698 3735 sacram
728 3694 798 3735 ac
836 3678 1116 3735 divinitus
1164 3678 1443 3735 traditam
1494 3679 1671 3734 (idem
1721 3678 2113 3750 caligantibus

465 3768 655 3824 animi
709 3768 899 3825 oculis
954 3773 1337 3840 praetereunt,
1394 3768 1541 3824 falso
1620 3773 1818 3825 autem
1870 3769 2114 3825 nomine

463 3858 807 3932 insignitam
840 3857 1191 3931 religionem
1221 3863 1679 3929 commentaque
1712 3858 1861 3915 142
1889 3858 2115 3929 praesti-

459 3947 703 4021 giatoris
728 3947 903 4004 istius
933 3947 1378 4020 amplectuntur
1407 3946 1610 4001 miseri
1649 3951 1827 4018 atque
1867 3947 2109 4019 stupidi.

458 4036 541 4092 Ac
568 4051 773 4091 verum
804 4034 1046 4107 quidem
1076 4036 1284 4102 Deum,
1317 4051 1497 4106 quem
1528 4034 1623 4089 lex
1652 4039 1711 4090 et
1735 4040 1896 4090 vates
1927 4034 2111 4091 divini

459 4125 775 4196 perspicue
807 4123 1280 4196 praedicaverunt
1306 4123 1483 4197 eique
1523 4123 1702 4179 ﬁdem
1751 4123 2110 4192 habuerunt,

460 4212 549 4267 illi
570 4212 891 4285 repudiant
917 4218 1097 4284 atque
1130 4211 1471 4285 improbant
1496 4229 1510 4267 :
1544 4213 1662 4268 Deo
1692 4217 1890 4268 autem
1912 4213 2113 4269 adver-

459 4315 615 4367 sum,
664 4301 971 4370 insanum,
1018 4300 1336 4373 palamque
1364 4318 1400 4356 a
1429 4300 1601 4357 furiis
1649 4302 2009 4373 exagitatum
2054 4307 2113 4356 et

459 4403 663 4443 earum
694 4388 987 4444 instinctu
1016 4388 1361 4461 loquentem
1413 4390 1614 4445 vesani
1666 4396 1843 4462 atque
1887 4391 2108 4447 rabiosi

457 4492 595 4532 cum
618 4477 833 4549 gaudio
856 4477 1318 4550 amplectuntur.
1350 4480 1489 4544 Qum
1518 4479 1679 4535 enim
1709 4496 1744 4535 a
1771 4480 1889 4536 Deo
1922 4481 2073 4552 inspi
2092 4512 2105 4522 -

2232 541 2481 615 δοθῆναι.
2514 549 2645 604 Εἶτα
2674 546 2860 604 ἑαυτόν
2892 569 3055 628 φησιν
3087 546 3190 604 ὑπὸ
3246 550 3344 602 τοῦ
3391 551 3525 604 Θεοῦ
3576 545 3876 616 κεκλῆσθαι

2234 630 2383 706 μάλα
2412 630 2661 707 θεοσεϐῆ,
2705 637 2781 702 ὡς
2831 641 2929 692 τοῦ
2984 637 3185 699 παντὸς
3242 635 3401 693 αὐτὸν
3459 647 3644 701 εθνους
3700 632 3881 691 αἴτιον

2232 718 2536 782 θεοσεϐείας
2570 725 2876 802 ὑπάρξαντα
2922 725 3279 794 ἐπαινεῖσθαι,
3334 725 3425 782 καὶ
3466 724 3662 781 τούτου
3714 725 3882 800 χάριν

2231 809 2562 890 κλειδοῦχον
2590 818 2688 870 τοῦ
2718 813 3046 891 παραδείσου
3094 816 3436 892 γεγενῆσθαι.
3488 813 3595 872 Καί
3635 835 3698 891 γε
3750 814 3889 888 μετᾶ

2230 900 2293 955 τὸ
2334 900 2422 957 ὑπ’
2452 901 2618 958 αὐτοῦ
2647 904 2739 959 τὸν
2766 902 3096 981 παράδεισον
3126 904 3473 983 ἀνεῳχθῆναι
3520 900 3884 967 συνεισελθεῖν

2233 989 2389 1063 αὐτῷ
2411 985 2790 1065 ἑϐδομήκοντά
2819 991 3076 1073 χιλιάδας
3104 994 3230 1056 τοὺς
3260 990 3586 1067 δυναμένους
3634 990 3883 1070 ἐφορμῆ-

2229 1098 2317 1133 σαι
2346 1081 2484 1154 πρὸς
2512 1086 2698 1141 τοῦτο.
2728 1083 2863 1145 Τοὺς
2892 1079 2951 1137 δὲ
2982 1080 3217 1145 λοιποὺς
3265 1082 3611 1158 κριθήσεσθαι
3664 1079 3882 1159 φάσκει,

2232 1166 2321 1222 καὶ
2352 1167 2479 1233 τοὺς
2515 1171 2608 1243 μὲν
2642 1168 2882 1235 δικιοίους
2922 1166 3318 1251 ἀναμφιϐόλως
3347 1176 3448 1242 τῆς
3495 1176 3704 1247 τρυφῆς
3744 1171 3884 1225 ἀπο-

2235 1253 2454 1327 λαῦσαι,
2486 1259 2614 1323 τοὺς
2681 1256 2740 1315 δὲ
2789 1259 3205 1337 εύρισκομένους
3262 1256 3627 1337 ἁμαρτωλοὺς
3682 1258 3884 1314 πιττά-

2229 1365 2323 1401 κια
2362 1343 2416 1403 ἐν
2446 1352 2565 1411 τοῖς
2611 1348 2921 1425 τραχήλοις
2964 1348 3322 1427 περιέχοντας
3363 1344 3618 1431 δεδεμένα
3664 1347 3743 1412 είς
3790 1347 3885 1404 τὸν

2231 1433 2556 1511 παράδεισον
2606 1438 2802 1502 αὐτοὺς
2857 1436 3136 1508 εἰσελθεῖν,
3192 1438 3283 1494 καὶ
3338 1438 3568 1499 τούτους
3614 1438 3881 1512 ὀνομάζε-

2238 1527 2361 1581 σθαι
2418 1526 2812 1605 ἀπελευθέρους
2863 1532 2961 1584 τοῦ
3018 1528 3151 1584 Θεοῦ
3204 1526 3294 1584 καὶ
3367 1530 3464 1583 τοῦ
3518 1526 3883 1603 Μουχούμετ.

2227 1615 2385 1675 Εἶναι
2417 1614 2477 1671 δὲ
2502 1622 2650 1691 τρεῖς
2701 1616 3061 1693 παραδείσους
3109 1616 3164 1673 έν
3210 1620 3293 1690 τῷ
3336 1614 3647 1692 παραδείσῳ
3704 1613 3887 1693 φλυα-

2228 1708 2334 1778 ρεῖ,
2365 1700 2457 1760 ἕνα
2500 1704 2728 1779 μέλιτος
2756 1706 2847 1763 καὶ
2879 1703 3058 1782 ἕτερον
3102 1705 3374 1781 γάλακτος
3421 1705 3513 1761 καὶ
3560 1704 3742 1781 ἓτερον
3799 1702 3887 1760 οἳ-

2227 1812 2345 1864 νου,
2375 1794 2512 1868 πρὸς
2544 1794 2608 1850 τὸ
2651 1795 2769 1869 μετ’
2824 1793 3063 1868 ἐξουσίας
3110 1794 3489 1869 έμπιπλᾶσθαι
3527 1793 3726 1851 αὐτῶν.
3777 1796 3884 1856 Τάς

2233 1878 2291 1937 δὲ
2320 1888 2580 1958 γυναῖκας
2608 1883 2794 1949 αὐτοῖς
2834 1889 3067 1940 συνεῖναι
3113 1884 3204 1940 καὶ
3261 1881 3580 1964 φιλοκαλεῖν
3629 1884 3728 1946 τὰς
3782 1883 3885 1938 κόο

2233 1991 2339 2044 μας
2395 1971 2572 2027 αὐτῶν
2624 1973 2716 2030 καὶ
2772 1974 3080 2048 θεραπεύειν
3131 1973 3199 2029 τὰ
3262 1970 3532 2051 φιλήδονα
3623 1973 3878 2047 σώματα.

2226 2060 2359 2124 Τοὺς
2391 2058 2448 2116 δὲ
2477 2059 2779 2127 Ἰουδαίους
2845 2062 2936 2119 καὶ
2981 2062 3337 2139 Χριστιανοὺς
3380 2060 3513 2133 ξύλα
3557 2067 3656 2117 τοῦ
3704 2062 3880 2137 πυρὸς

2227 2151 2577 2224 γενομένους,
2637 2150 3034 2232 ὑπολειφθῆναι
3112 2152 3239 2214 τοὺς
3296 2151 3633 2227 Σαμαρείτας
3694 2151 3873 2226 λέγων

2226 2240 2366 2315 πρὸς
2403 2240 2461 2295 νὸ
2518 2238 2760 2318 ἐκφέρειν
2813 2243 2916 2310 τήν
2972 2243 3174 2317 κόπρον
3228 2241 3404 2296 αὐτῶν
3442 2240 3504 2297 έκ
3550 2238 3649 2296 τοῦ
3705 2261 3878 2315 παρα,

2228 2325 2430 2401 δείσου,
2463 2330 2612 2391 ὅπως
2646 2331 2724 2404 μή
2752 2329 2980 2406 έποζέσῃ
3013 2332 3042 2385 6
3088 2327 3435 2405 παράδεισος.
3481 2333 3745 2389 Ἕκαστον
3795 2328 3876 2403 δὲ,

2228 2417 2304 2479 ὡς
2334 2416 2396 2473 ἄν
2423 2413 2578 2490 ἐϐίω,
2609 2417 2706 2474 εἴτ’
2743 2418 2798 2475 έν
2851 2418 3080 2494 πλούτῳ
3109 2417 3145 2490 ἤ
3175 2420 3334 2492 πενίᾳ
3376 2420 3466 2475 καὶ
3515 2417 3727 2491 ἀδοξίᾳ,
3779 2419 3875 2475 τὸν

2227 2505 2388 2562 αὐτὸν
2419 2509 2635 2563 κάκεῖσε
2664 2507 2871 2584 διάγειν
2898 2510 3118 2585 τρόπον.
3155 2507 3330 2572 Οὗτος
3384 2508 3476 2564 οὗν
3511 2509 3540 2564 6
3573 2510 3877 2585 θεοστυγὴς

2225 2604 2317 2659 καὶ
2336 2607 2661 2682 παμμίαρος
2710 2608 2908 2670 παντὸς
2964 2608 3170 2683 ἀγαθοῦ
3223 2607 3316 2663 καὶ
3372 2610 3540 2663 κακοῦ
3594 2607 3688 2662 τὸν
3744 2606 3879 2661 Θεὸν

2226 2693 2404 2749 αἲτιον
2437 2694 2701 2774 ὑπάρχειν
2732 2694 3186 2774 ἐτερατολόγησε⁹
3218 2697 3307 2752 καὶ
3335 2694 3461 2758 τοὺς
3521 2694 3728 2771 λῃστὰς
3781 2695 3875 2751 καί

2227 2784 2545 2860 φαρμακοὺς
2600 2784 2691 2841 καί
2744 2784 2875 2849 τοὺς
2924 2783 3125 2848 ἂλλαις
3174 2784 3620 2862 ἀπηγορευμέναι
3676 2784 3876 2856 πράξε-

2227 2893 2308 2926 σιν
2342 2871 2591 2940 άλόντας,
2652 2873 2825 2938 οὕτως
2873 2872 3105 2953 φλυαρεῖ
3143 2875 3173 2929 6
3202 2873 3382 2944 ἄθεος,
3434 2869 3665 2950 ἔγραψεν
3713 2872 3880 2936 αὐτὸς

2226 2961 2256 3016 6
2286 2961 2435 3035 Θεὸς,
2462 2961 2551 3017 καὶ
2583 2961 2893 3039 προώρισεν
2923 2963 3212 3019 ἀποθανεῖν
3247 2960 3464 3027 αὐτούς.

2296 3139 2599 3215 Θαυμάσειε
2629 3140 2676 3198 δ’
2707 3140 2767 3198 ἄν
2797 3164 2880 3206 τις
2920 3146 3020 3214 τὴν
3077 3142 3346 3214 τοσαύτην
3399 3144 3487 3198 καὶ
3535 3140 3884 3215 τηλικαύτην

2226 3228 2422 3304 διαρκῆ
2479 3231 2691 3305 ἀπάτην
2746 3236 2844 3288 τοῦ
2917 3233 3199 3309 θεομάχου
3278 3234 3370 3288 καὶ
3456 3233 3882 3312 ματαιόφρονος,

2226 3319 2440 3392 μᾶλλον
2501 3318 2558 3377 δὶ
2613 3321 2852 3397 ἐσχάτην
2907 3321 3205 3398 παράνοιαν
3264 3322 3352 3377 καὶ
3409 3319 3715 3394 κτηνωδίαν
3766 3327 3882 3379 τῶν

2226 3407 2392 3484 μέχρι
2417 3414 2509 3465 νῦν
2546 3414 2615 3485 τῇ
2669 3411 2867 3468 τούτου
2927 3409 3109 3487 πλάνη
3166 3408 3594 3485 δεδουλωμένων
3645 3411 3738 3467 καὶ
3797 3412 3878 3475 ὡς

2224 3497 2452 3571 ἴσχυρᾶν
2512 3498 2603 3554 καὶ
2686 3498 2828 3563 θείαν
2906 3499 3157 3578 ἀφρόνως
3238 3498 3441 3570 ταύτην
3523 3499 3876 3574 ἡγουμένων·

2226 3584 2365 3659 Πρὸς
2391 3585 2493 3661 γὰρ
2524 3586 2621 3655 τήν
2653 3582 2824 3648 ὅντως
2852 3585 3038 3658 ἁληθῆ
3067 3608 3125 3643 τε
3163 3587 3255 3642 καὶ
3302 3587 3451 3662 ἱερὰν
3505 3587 3595 3642 καὶ
3645 3581 3881 3662 0306ch-

2221 3668 2409 3730 ϐευτον
2466 3674 2648 3730 πίστιν
2706 3674 2951 3751 ἐναργῶς
3006 3675 3523 3756 ἀποτυφλώττουσιν
3602 3676 3652 3731 οἱ
3713 3674 3882 3733 ἐσκο-

2216 3765 2461 3836 τισμένοι
2519 3764 2609 3820 καὶ
2662 3763 2932 3831 άσύνετοι,
2989 3766 3122 3841 πρὸς
3206 3763 3263 3820 δὲ
3342 3767 3442 3834 τήν
3507 3761 3875 3840 ψευδώνυμον

2221 3849 2471 3927 λατρείαν
2502 3852 2591 3908 καὶ
2620 3852 3028 3928 πλαστολογίαν
3082 3857 3180 3909 τοῦ
3227 3852 3452 3931 φένακος
3500 3853 3877 3929 προσέχουσιν

2219 3941 2272 3996 o't
2329 3940 2561 3998 δείλαιοι
2613 3941 2705 3997 καὶ
2763 3939 3139 4018 βαρυκάρδιοι.
3198 3942 3304 4000 Τὸν
3357 3942 3459 4019 γὰρ
3512 3940 3681 4005 ὄντως
3739 3938 3876 3998 ὅντα

2218 4029 2367 4097 Θεὸν,
2397 4031 2488 4086 τὸν
2522 4027 2611 4087 διὰ
2647 4030 2819 4104 νόμου
2875 4031 2967 4087 καὶ
3020 4035 3316 4112 προφητῶν
3369 4027 3620 4103 ἐκδήλως
3671 4051 3881 4107 κηρυτ-

2214 4118 2444 4193 τόμενόν
2479 4139 2539 4176 τε
2565 4120 2656 4176 καὶ
2696 4120 3081 4195 πιστευόμενον
3129 4120 3512 4195 ἀπωθούμενοι
3559 4122 3648 4176 καὶ
3704 4141 3882 4177 κατα-

2218 4208 2610 4287 ψηφιζόμενοι,
2646 4210 2739 4265 τὸν
2796 4209 3043 4267 ἀντίθεον
3085 4209 3174 4267 καὶ
3234 4211 3519 4286 μεμηνότα
3567 4209 3657 4266 καὶ
3711 4231 3884 4288 φανε-

2219 4301 2328 4372 ρῶ)
2360 4300 2445 4370 [Ρ.
2498 4300 2625 4370 424]
2683 4298 2786 4354 ὑπὸ
2841 4303 2949 4354 τῶν
3012 4296 3274 4373 Ἐρινύωε
3326 4297 3720 4376 ένεργούμενον
3782 4299 3884 4355 καὶ

2217 4385 2586 4464 φθεγγόμενον
2670 4388 2724 4442 οἱ
2807 4387 3139 4467 κακόφρονες
3221 4388 3312 4443 καὶ
3388 4384 3688 4451 λυσσώδεις
3746 4386 3885 4464 ipa-

2217 4475 2395 4547 σμίως
2433 4474 2521 4531 καί
2549 4477 2868 4553 γεγηθότῶς
2900 4476 3229 4552 προσίενται.
3264 4477 3402 4533 Ποία
3458 4478 3564 4554 γὰρ
3614 4476 3880 4541 θεόπνευ-

450 4569 584 4620 rata
622 4565 925 4637 Scriptura
978 4567 1053 4623 de
1096 4567 1282 4639 impio
1333 4573 1392 4622 et
1437 4567 1683 4624 vecorde
1736 4569 2109 4624 Muchumeto

2224 4584 2342 4627 στος
2387 4567 2573 4641 Γραφὴ
2632 4567 2754 4641 περί
2812 4570 2910 4621 τοῦ
2969 4561 3262 4628 δυσσεϐοῦς
3316 4566 3406 4622 καὶ
3460 4567 3880 4641 παραπαίοντος

453 4657 683 4729 aliquid
713 4658 1044 4731 praecepit?
1070 4664 1174 4715 aut
1202 4658 1337 4730 quis
1376 4659 1712 4715 divinorum
1744 4666 1942 4716 vatum
1970 4677 2105 4717 eum

452 4746 690 4819 pietatis
711 4745 1014 4804 doctorem
1037 4748 1162 4804 fore
1184 4748 1497 4820 praedixit?
1521 4748 1940 4821 Respondeant
1961 4750 2105 4806 mihi

450 4835 549 4891 isti
572 4837 766 4892 omnis
789 4853 971 4893 sacrm
1002 4836 1416 4908 inspirationis
1446 4843 1507 4893 et
1530 4837 1883 4894 initiationis
1906 4856 2105 4895 exsor-

448 4929 559 4994 tes,
591 4942 715 4995 cur,
745 4942 881 4982 cum
911 4941 1123 4982 omnes
1145 4926 1274 4997 jam
1304 4924 1443 4981 inde
1475 4925 1548 4981 ab
1569 4925 1797 4982 Adamo
1820 4944 2010 4998 usque
2030 4928 2104 4984 ad

447 5015 664 5072 Christi
721 5015 1041 5072 adventum
1090 5019 1254 5071 vates
1331 5032 1454 5070 non
1512 5015 1675 5071 inviti
1759 5023 2101 5087 agnoscant,

446 5105 686 5161 interim
717 5105 1015 5161 Christum
1062 5105 1272 5171 Deum,
1332 5103 1407 5160 de
1464 5121 1581 5176 quo
1647 5104 1735 5159 illi
1792 5107 2101 5177 perspicue

445 5194 747 5249 vaticinati
779 5201 937 5263 sunt,
970 5193 1288 5264 abnegent,
1321 5193 1647 5265 pessimum
1687 5198 1885 5250 autem
1931 5195 2099 5252 illum

449 5287 508 5336 et
536 5283 811 5339 vitiosum
844 5284 1170 5349 hominem,
1203 5283 1374 5354 cujus
1404 5282 1570 5338 nulla
1618 5300 1861 5354 prorsus
1903 5284 1977 5340 ab
2026 5285 2098 5342 iis

449 5368 604 5424 facta
632 5376 723 5426 est
754 5373 997 5440 mentio,
1052 5388 1158 5443 pro
1209 5388 1391 5427 sacrm
1441 5371 1750 5444 religionis
1798 5373 2098 5430 initiatore

448 5459 1055 5533 praistantissimoque
1086 5460 1410 5517 verissimae
1440 5460 1576 5516 ﬁdei
1600 5462 1881 5535 magistro
1900 5463 2097 5519 existi-

448 5549 634 5611 ment,
683 5562 750 5601 ac
808 5554 1090 5619 tanquam
1138 5548 1501 5605 benefactori
1555 5549 1790 5606 divinus
1836 5551 2094 5608 honores

376 5664 381 5671 ο
449 5632 739 5701 deferant,
786 5635 951 5706 impii
1010 5636 1122 5706 ipsi
1198 5642 1376 5706 atque
1432 5638 1680 5694 infandi.
1740 5641 2096 5698 Examinent

2218 4653 2557 4728 Μουχούμετ
2637 4651 3141 4729 προδιεστείλατο;
3235 4656 3271 4726 ἢ
3351 4661 3510 4718 ποῖος
3582 4656 3880 4719 θεσπέσιος

2216 4743 2376 4800 αὐτὸν
2418 4745 2709 4823 προφήτης
2756 4744 2830 4808 ὡς
2890 4741 3219 4800 διδάσκαλον
3276 4740 3550 4808 εὐσεϐείας
3588 4747 3881 4821 προανήγ-

2215 4831 2436 4910 γειλεν;
2469 4834 2677 4889 Οὐκοῦν
2717 4831 3019 4890 εἴπάτωσαν
3064 4836 3116 4890 οἱ
3172 4832 3444 4910 ἀμέτοχοι
3491 4832 3668 4906 πάσης
3716 4835 3879 4909 ἱερᾶς

2213 4923 2500 4988 ἐπιπνοίας
2556 4922 2649 4978 καὶ
2708 4925 2985 4997 μυήσεως,
3038 4928 3158 4986 πῶς
3208 4925 3337 4987 τοὺς
3393 4924 3499 4981 ἀπὸ
3555 4920 3738 4998 Ἀδάμ
3773 4924 3876 4980 καὶ

2216 5010 2382 5087 μέχρι
2436 5016 2539 5079 τῆς
2593 5013 2837 5085 Χριστοῦ
2901 5010 3201 5087 παρουσίας
3269 5012 3556 5089 προφήτας
3612 5010 3878 5083 ἀσμένως

2212 5099 2372 5171 δῆθεν
2407 5096 2811 5179 ἀποδεχόμενοι
2873 5101 2958 5157 τὸν
3018 5100 3114 5175 μὶν
3175 5101 3264 5158 ὑπ’
3321 5102 3500 5157 αὐτῶν
3554 5095 3874 5176 διαῤῥήδην

2211 5188 2767 5267 προαναφωνούμενον
2856 5190 3090 5265 Χριστὸν
3184 5191 3277 5246 τὸν
3363 5190 3492 5245 Θεὸν
3551 5189 3872 5265 ἀρνοῦνται,

2207 5280 2298 5337 τὸν
2329 5276 2387 5335 δὲ
2415 5280 2667 5334 κάκιστον
2700 5280 2787 5333 καὶ
2845 5279 3132 5358 μοχθηρὸν
3179 5278 3270 5336 καί
3322 5277 3464 5354 μηδὲ
3515 5279 3579 5335 τὸ
3628 5276 3870 5335 σύνολον

2207 5368 2296 5423 ὑπ’
2381 5366 2561 5422 αὐτῶν
2645 5367 3128 5441 μνημονευόμενον
3210 5367 3287 5434 ὡς
3381 5368 3688 5442 θεομύοτην
3766 5368 3868 5423 καὶ

2206 5456 2544 5532 ἐξοχώτατον
2610 5455 2700 5510 καὶ
2792 5454 3168 5527 ἀληθεστάτης
3225 5456 3459 5520 πίστεως
3526 5453 3870 5513 διδάσκαλον

2206 5544 2572 5621 ἀποδέχονται
2628 5545 2722 5600 καὶ
2782 5544 2857 5608 ὡς
2910 5544 3195 5623 εὐεργέτην
3252 5545 3615 5617 ἐκθειάζουσιν
3665 5547 3719 5603 οἱ
3769 5546 3873 5603 ἂν.

2202 5638 2344 5693 όσιοι
2374 5634 2464 5693 καὶ
2512 5629 2847 5706 δυσώνυμοι.
2901 5633 3361 5710 Ἀνακρινέτωσαν
3404 5631 3466 5694 δὲ,
3507 5635 3559 5689 οἳ
3609 5630 3874 5708 ἀδιάκρι-
