4148 6212
284 328 404 391 813

1426 321 1975 388 HlSTORIAIlUM
2017 323 2578 390 COMPENDIUM.

3576 327 3704 395 θη

287 461 487 521 τοικαὶ
522 457 814 535 μανιώδεις
872 457 964 514 καὶ
1018 459 1087 513 τά
1138 455 1228 512 ὑπ’
1285 456 1453 512 αύτοῦ
1498 455 1790 530 μανιωδῶς
1846 455 1936 513 καὶ

2058 459 2257 517 furiosi
2314 462 2411 517 isti
2469 478 2538 518 ac
2592 479 2794 519 rerum
2851 462 3199 520 discrimina
3263 463 3701 527 confundentes

292 548 572 616 δυσσεϐῶς
628 547 862 628 ῥηθέντα
908 546 1232 624 ληρήματα,
1285 547 1376 603 καὶ
1424 545 1730 626 λεγέτωσαν
1784 547 1942 604 ποίαν

294 641 613 724 συμφωνίαν
644 635 838 722 ἔχουσι
855 637 923 694 τὰ
952 634 1327 713 θεοπαράδοτα
1374 635 1566 713 Λόγια.
1621 638 1684 696 Ὀ
1719 639 1814 712 μὶν
1840 638 1945 713 γὰρ

287 736 434 796 θεῖος
465 731 637 809 λόγος
688 724 995 809 ἀναφανδὸν
1051 724 1291 783 διδάσκει
1340 727 1437 782 τὸν
1488 726 1617 783 Θεὸν
1678 725 1945 802 ὑπάρχειν

288 822 530 880 ἀναίτιον
563 817 763 881 παντὸς
794 820 969 873 κακοῦ
996 814 1087 872 καὶ
1133 814 1227 871 τὸν
1271 812 1550 890 ἄνθρωπον
1605 814 1945 888 αὐτεξούσιον

289 914 433 969 εἶναι
462 916 563 981 τῆς
595 909 790 965 ἑαυτοῦ
818 904 1092 982 σωτηρίας
1126 905 1220 961 καὶ
1275 903 1574 967 ἀπωλείας’
1625 904 1654 959 ὁ
1703 901 1762 959 δὲ
1789 923 1945 977 τρισ-

288 1002 485 1067 άθλιος
534 998 626 1055 καὶ
687 996 1112 1073 τρισκατάρατος
1170 995 1260 1050 καὶ
1316 998 1417 1050 τοῦ
1469 998 1606 1050 Θεοῦ
1680 990 1771 1050 καὶ
1836 997 1945 1049 τῶν

291 1090 594 1164 ἀνθρώπων
624 1083 893 1148 ἄσπονδος
932 1083 1155 1161 ἐχθρὸς,
1187 1082 1249 1140 lx
1299 1084 1617 1158 παιοτὲρου
1663 1082 1754 1138 καὶ
1812 1082 1944 1138 λαο-

288 1179 498 1238 πλάνου
562 1175 824 1251 δαίμονος
917 1172 1288 1253 ἐνηχούμενος
1358 1172 1450 1228 καὶ
1534 1170 1945 1247 ἐνεργούμενος,

287 1269 491 1331 παντὸς
514 1266 713 1341 ἀγαθοῦ
736 1263 828 1320 καὶ
858 1266 1101 1337 πονηροῦ
1157 1262 1248 1318 τὸν
1302 1262 1434 1318 Θεὸν
1496 1260 1671 1317 αἳτιον
1727 1259 1943 1334 τολμη-

290 1364 400 1436 ρῶς
457 1355 885 1434 ἀποφθέγγεται,
932 1352 1023 1408 καὶ
1104 1356 1208 1408 πᾶν
1262 1352 1398 1428 ’ὅπερ
1482 1348 1542 1407 ἄν
1602 1347 1805 1426 ἐπέλθῃ
1864 1355 1946 1423 τῷ

289 1448 583 1525 ἀνθρώπῳ,
640 1443 737 1500 κᾶν
793 1442 847 1516 ἐξ
905 1440 1163 1518 ἐπηρείας
1245 1445 1345 1496 τοῦ
1427 1443 1674 1516 πονηροῦ
1719 1438 1816 1496 κᾶν
1890 1439 1943 1513 ιε

287 1537 490 1600 οἰκείας
546 1533 813 1611 ῥᾳθυμίας
858 1531 952 1588 καὶ
1012 1528 1375 1607 ἀδιακρισίας,
1426 1536 1529 1601 τῆς
1579 1529 1724 1592 θείας
1782 1532 1944 1585 τοῦτο

285 1629 571 1704 τυγχάνειν
627 1624 892 1700 προνοίας
951 1622 980 1676 ὁ
1030 1620 1322 1695 ἀλιτήριος
1402 1616 1774 1698 ἀποφαίνεται.
1838 1621 1944 1673 Καὶ

286 1719 317 1774 ὁ
365 1717 459 1792 μὲν
513 1715 855 1792 περιφρονεῖν
902 1709 1145 1766 πλούτου
1207 1710 1298 1764 καὶ
1355 1710 1798 1787 ταπεινοφρονεῖν
1852 1704 1943 1760 καὶ

283 1808 377 1864 τὸν
406 1802 659 1877 ὲνήδονον
696 1801 812 1878 βίον
840 1798 1189 1864 ἀποσείεσθαι
1217 1799 1311 1855 καὶ
1340 1799 1418 1873 μὴ
1478 1795 1776 1852 ἀποδοῦναι
1842 1815 1941 1850 κα·

287 1898 386 1954 κὸν
441 1893 562 1951 ἀντὶ
618 1895 790 1948 κακοῦ
845 1887 1292 1967 παρακελεύεται,
1349 1889 1378 1943 ὁ
1435 1884 1494 1943 δὲ
1549 1885 1809 1943 πλουτεῖν
1847 1885 1939 1940 καὶ

292 1983 699 2063 ὑψηλοφρονεῖν
774 1979 866 2035 καὶ
939 1983 1110 2034 πᾶσαν
1209 1973 1413 2047 ἡδονὴν
1488 1975 1548 2031 ἐκ
1629 1973 1941 2052 περιουσίας

280 2075 608 2146 ἀσπάζεσθαι
654 2070 746 2127 καὶ
811 2068 1171 2139 ἀντεπεξιεωαι
1262 2063 1473 2143 σφόδρα
1550 2071 1670 2129 τοῖς
1726 2064 1934 2122 ἀντιπίο

278 2185 506 2222 πτουσιν
557 2163 633 2226 ὡς
687 2156 924 2235 ψυχικόν
983 2159 1255 2231 σωτήριον
1319 2156 1409 2211 καὶ
1462 2159 1563 2212 τοῦ
1626 2152 1938 2229 παραδείσω

278 2256 563 2331 πρόξενον.
620 2248 781 2309 ’Δλλ’
839 2247 884 2303 ὥ
936 2254 1039 2319 τῆς
1088 2246 1341 2309 ἀπονοίας
1397 2247 1486 2301 καὶ
1557 2244 1938 2321 παραπληξίας

284 2344 378 2402 καὶ
436 2341 646 2422 χλεύης
706 2343 804 2395 τοῦ
855 2337 1059 2415 γόητος
1126 2336 1218 2392 καὶ
1265 2334 1636 2411 παλαμναίου,
1694 2336 1783 2422 καὶ
1839 2337 1939 2406 τῆς

291 2421 714 2511 παραφροσύνης
742 2428 833 2485 καὶ
884 2426 1164 2489 ἀπωλείας
1210 2429 1321 2481 τῶν
1369 2426 1498 2501 παρ’
1554 2424 1719 2480 αὐτοῦ
1749 2421 1939 2488 δεινῶς

285 2518 877 2600 ὲξανδραποδισθέντων
933 2517 1023 2573 καὶ
1093 2513 1260 2592 μέχρι
1315 2519 1408 2570 νῦν
1475 2516 1939 2590 παρασυρομένων

284 2613 378 2671 καὶ
414 2609 835 2685 ἀπατωμένωνί
896 2604 1037 2666 Οὐδὲ
1119 2605 1224 2683 γὰρ
1313 2607 1586 2659 συνιοῦσιν
1665 2604 1720 2658 οἱ
1803 2600 1939 2680 ἄγαν

286 2701 569 2779 μοχθηροὶ
617 2699 706 2756 καὶ
768 2694 1062 2774 θηριώδεις
1092 2695 1180 2750 καὶ
1242 2692 1366 2750 λίαν
1410 2692 1659 2779 ἀσύνετοι
1690 2693 1767 2754 εἰς
1826 2693 1942 2749 οἷον

280 2776 527 2871 χαλεπόν
578 2789 717 2869 χάος
775 2786 867 2842 καὶ
926 2784 1232 2854 Σατανικήν
1280 2776 1557 2857 Χάρυϐδιν
1617 2781 1941 2838 κατεποντί-

291 2869 492 2952 σθησαν
520 2878 612 2934 καὶ
633 2876 820 2933 τέλεον
861 2872 1260 2944 κατεπόθησαν,
1318 2871 1411 2927 καὶ
1479 2870 1556 2933 εἰς
1613 2872 1765 2933 οἳους
1803 2869 1945 2950 ἀφύ-

287 2991 451 3035 κτους
476 2969 567 3025 καὶ
613 2963 1018 3041 ἀδιεξοδεύτους
1078 2958 1442 3039 λαϐυρίνθους
1494 2962 1588 3018 καὶ
1645 2955 1947 3026 δυσϐάτους

291 3057 567 3134 ἀτραποὺς
618 3056 707 3113 καὶ
768 3055 1162 3135 ψυχοφθόρους
1230 3052 1629 3132 φενακισθέντες
1692 3049 1943 3114 ἰλεεινῶς

289 3147 702 3219 ἐξεκυλίσθησαν
765 3145 856 3201 καὶ
914 3143 1310 3219 ουνεσχέθησαν
1406 3140 1797 3221 ὑποφθαρέντες
1861 3139 1938 3202 είς

289 3236 474 3300 τέλος.
508 3237 600 3292 Διὸ
637 3233 727 3290 καὶ
765 3232 1056 3308 θαυμάζειν
1087 3231 1209 3287 Λίαν
1239 3228 1410 3286 ἔπεισί
1469 3251 1565 3305 μοι
1611 3233 1712 3301 τὴν
1744 3229 1938 3285 τοσαύο

289 3349 391 3399 την
418 3325 644 3403 ἀλογίαν
703 3322 793 3379 καὶ
850 3320 1197 3391 ἀναισθησίαν
1258 3317 1457 3388 αύτῶν,
1520 3318 1715 3395 καίπερ
1755 3318 1941 3393 οίομὲ-

296 3439 406 3472 νων
446 3413 892 3492 ἐντρεχεστάτους
935 3409 1158 3473 ἑαυτοὺς
1187 3412 1327 3466 εἶναι
1392 3410 1485 3465 καὶ
1542 3407 1944 3484 λογιωτάτους,

293 3510 416 3566 πῶς
446 3504 512 3559 ού
541 3506 862 3559 κατανοοῦσι
891 3507 993 3570 τῆς
1023 3505 1181 3570 κενῆς
1239 3499 1450 3569 ἀπάτης
1499 3500 1586 3571 [Ρ.
1614 3501 1740 3570 425]
1770 3497 1946 3553 αὐτῶν

296 3593 389 3649 τὸν
438 3592 682 3649 ὄλισθον.
749 3586 900 3647 Ἔδει
953 3589 1080 3665 γὰρ,
1134 3582 1244 3644 ἔδει
1300 3588 1428 3650 τοὺς
1487 3584 1659 3649 ὄντως
1713 3585 1951 3662 ἄφρονας

305 3682 397 3738 καὶ
432 3675 886 3759 βοσκηματώδεις
916 3676 1203 3755 ἐπιγνῶναι
1245 3676 1338 3733 τὸν
1387 3676 1511 3752 περῖ
1564 3677 1665 3745 τῆς
1721 3675 1950 3730 ἀναστά-

306 3790 443 3833 σεως
474 3770 648 3826 αύτῶν
682 3764 962 3845 πρόδηλον
1019 3765 1110 3822 καὶ
1173 3764 1412 3841 μυσαρὸν
1473 3763 1704 3840 βρόχον,
1762 3763 1952 3837 ’ὀτιπερ

306 3856 396 3916 διὰ
438 3860 698 3936 βρώσεως
748 3857 840 3913 καὶ
900 3856 1113 3919 πόσεως
1167 3857 1225 3911 ἓν
1278 3853 1537 3928 μετουσίᾳ
1587 3852 1953 3930 τυγχάνοντες

303 3944 567 4024 ἄφθαρτοι
591 3943 835 4011 καθόλου
862 3943 954 3999 καὶ
986 3943 1236 3999 ἀθάνατοι
1268 3939 1604 4016 διαμένουσι.
1649 3940 1751 3997 Καὶ
1822 3939 1956 3995 πότε

303 4037 395 4091 καὶ
493 4040 599 4091 ποῦ
687 4034 884 4092 λοιπὸν
967 4034 1067 4103 τὴν
1152 4027 1738 4108 ἀποκαραδοκουμὲνην
1811 4029 1959 4099 ζωήν

304 4124 530 4181 αίώνιον
585 4125 676 4180 καὶ
733 4123 1007 4199 ἀκήρατον
1049 4126 1167 4184 τοῖς
1222 4126 1434 4183 πιστοῖς
1490 4120 1628 4175 κατά
1673 4118 1769 4182 τάς
1815 4116 1959 4182 θείας

306 4216 525 4291 Γραφάς
557 4215 609 4268 οἱ
662 4213 845 4285 θνητοῖ
878 4211 970 4268 καὶ
1001 4214 1156 4287 ψυχῇ
1219 4211 1309 4266 καὶ
1367 4209 1583 4282 σώματι
1638 4207 1958 4278 τεύξονταις

308 4303 408 4359 Καὶ
440 4302 576 4378 πρὸς
618 4301 800 4375 τούτῳ
859 4298 1097 4356 ’ίστωσαν
1156 4300 1209 4356 οἱ
1264 4297 1546 4375 ἀλόγιστοι
1601 4297 1691 4352 καὶ
1732 4294 1960 4359 τάλανες

306 4391 382 4456 ῶς
412 4388 632 4447 οὐδέπω
692 4389 860 4467 μέχρι
915 4391 1006 4445 καὶ
1044 4392 1288 4464 τήμερον
1336 4394 1439 4453 τῆς
1490 4385 1729 4449 παλαιᾶς
1782 4386 1960 4441 αύτῶν

310 4478 401 4534 καὶ
440 4477 601 4543 διθὲου
661 4477 881 4549 πλάνης
933 4476 1354 4552 ἀπηλλάγησαν,
1413 4472 1541 4531 ἀλλ’
1591 4474 1644 4531 ἰν
1702 4475 1964 4550 προσχή-

1971 3194 2014 3261 C

2050 548 2233 622 impia
2263 556 2322 607 et
2359 550 2597 608 rabiosa
2657 552 2818 608 illius
2867 552 3099 622 deliria,
3147 556 3205 608 et
3253 553 3552 626 explicent
3596 553 3701 625 qui

2049 653 2185 694 cum
2216 641 2400 696 sacris
2442 641 2698 698 oraculis
2754 658 2825 697 ea
2879 642 3250 701 conveniant.
3308 643 3455 700 Nam
3514 659 3699 701 sacrm

2051 728 2284 784 Littera:
2315 728 2517 787 dicent.
2552 732 2735 786 Deum
2782 730 3008 787 nullius
3062 747 3192 787 esse
3239 732 3383 788 mali
3431 747 3699 799 causam,

2051 816 2357 874 hominem
2380 835 2488 876 sua
2524 818 2830 876 voluntate
2878 819 2993 876 sibi
3051 819 3142 877 vel
3182 820 3435 877 salutem
3488 835 3701 892 parare

2049 906 2144 962 vel
2164 907 2435 963 exitium.
2458 909 2529 963 At
2550 907 2922 966 miserrimus
2952 909 3056 965 ille
3088 909 3483 982 omnibusque
3508 911 3703 977 modis

2052 994 2437 1053 detestandus
2450 1002 2510 1052 et
2526 998 2925 1070 implacabilis
2946 999 3049 1055 Dei
3066 998 3498 1071 hominumque
3512 1000 3704 1060 hostis

2050 1086 2483 1155 Muchumetus,
2515 1103 2551 1143 a
2576 1087 2929 1159 pravissimo
2980 1093 3040 1144 et
3083 1087 3487 1145 multitudinis
3538 1090 3705 1147 deci~

2050 1173 2281 1246 piendm
2330 1176 2556 1231 artifice
2610 1176 2882 1233 dmmone
2940 1175 3266 1248 inspiratus
3326 1178 3477 1235 ⁸14³
3524 1184 3705 1250 atque

2051 1263 2327 1336 agitatus,
2359 1265 2553 1321 omnis
2584 1270 2644 1321 et
2670 1264 2814 1322 boni
2865 1270 2925 1320 et
2970 1265 3114 1321 mali
3163 1270 3466 1322 auctorem
3514 1268 3702 1324 Deum

2048 1352 2333 1409 audacter
2388 1354 2784 1426 pronuntiat;
2836 1359 3016 1426 atque
3062 1354 3287 1424 omnia,
3331 1370 3704 1429 quaecunque

2054 1442 2283 1498 homini
2314 1444 2594 1500 eveniunt
2624 1443 2713 1500 vel
2744 1443 2964 1500 diaboli
2994 1443 3204 1500 fraude
3234 1443 3325 1499 vel
3362 1461 3471 1501 sua
3516 1445 3705 1517 ipsius

2051 1532 2323 1589 socordia
2363 1539 2540 1605 atque
2586 1533 3004 1607 imprudentis,
3056 1533 3270 1590 divina
3316 1534 3705 1607 providentius

2048 1621 2225 1694 jussu
2257 1623 2487 1678 evenire
2518 1623 2807 1696 flagitiose
2830 1624 3063 1680 asserit.
3096 1624 3331 1681 Eaedem
3370 1640 3554 1681 sacrm
3584 1626 3707 1685 Lit-

2055 1715 2196 1767 term
2228 1711 2587 1769 contendere
2635 1729 2801 1785 opes,
2832 1712 3095 1771 demisso
3127 1730 3254 1770 esse
3284 1714 3507 1786 animo,
3538 1714 3702 1772 volu-

1970 1823 2019 1888 B
2052 1800 2304 1871 ptariam
2336 1801 2515 1857 vitam
2564 1802 2788 1875 fugere,
2839 1819 3033 1875 neque
3093 1820 3200 1875 pro
3258 1802 3414 1861 malo
3472 1804 3701 1861 malum

2050 1888 2300 1946 reddere
2348 1889 2585 1962 jubent.
2644 1890 2750 1947 Ille
2785 1891 3006 1948 divitiis
3052 1892 3313 1962 studere,
3363 1893 3694 1966 superbire,

2049 1978 2284 2035 abunde
2305 1995 2515 2035 omnes
2532 1985 2807 2052 expetere
2826 1981 3467 2055 voluptates,omnique
3478 1988 3695 2040 conatu

2047 2068 2253 2125 ulcisci
2277 2068 2645 2125 adversarios
2664 2071 2956 2143 prmcipit,
2986 2071 3272 2129 salutaria
3300 2072 3427 2130 ιιωο
3453 2073 3693 2143 animo,

2048 2161 2108 2211 et
2135 2157 2410 2229 paradiso
2440 2159 2763 2215 immittere
2792 2158 3035 2217 docens.
3068 2162 3112 2217 Ο
3132 2160 3494 2218 dementiam
3515 2166 3695 2234 atque

2045 2247 2381 2303 vecordiam
2412 2254 2471 2305 et
2497 2248 2757 2306 ludibria
2799 2249 3203 2309 scelestissimi
3247 2252 3625 2325 impostorisl
3656 2269 3692 2309 ο

2048 2335 2361 2393 stultiliam
2393 2343 2571 2410 atque
2601 2339 2846 2395 exitium
2875 2356 3083 2396 eorum
3109 2357 3258 2411 quos
3287 2340 3389 2397 ille
3419 2341 3482 2396 in
3513 2341 3692 2397 mise-

2048 2443 2177 2483 ram
2198 2428 2542 2485 servitutem
2569 2429 2705 2502 egit,
2739 2434 2798 2484 et
2826 2432 2887 2485 in
2918 2430 3077 2486 hunc
3104 2447 3297 2503 usque
3326 2431 3485 2487 diem
3502 2447 3537 2488 ι
3554 2446 3692 2488 vero

2050 2517 2291 2573 abducit
2319 2523 2495 2589 atque
2526 2517 2780 2591 decipit!
2812 2519 3015 2591 Neque
3045 2519 3206 2576 enim
3262 2519 3694 2592 perversissimi

2050 2606 2147 2662 isti
2170 2623 2239 2663 ac
2266 2607 2423 2663 bruti
2456 2613 2516 2664 et
2540 2607 2912 2664 stolidissimi
2941 2609 3216 2666 homines
3262 2610 3605 2683 intelligunt
3633 2608 3697 2664 in

2052 2713 2231 2768 quam
2261 2712 2437 2770 grave
2467 2697 2647 2753 chaos
2676 2713 2744 2753 ac
2772 2713 2952 2769 quam
2980 2698 3041 2753 in
3073 2696 3399 2757 satanicam
3436 2697 3698 2771 Charyb-

2051 2782 2155 2838 din
2186 2782 2443 2839 demersi
2475 2790 2652 2855 atque
2683 2785 2930 2839 omnino
2962 2783 3226 2858 absorpti
3256 2786 3397 2855 sint,
3428 2786 3489 2841 in
3520 2801 3701 2858 quam

2052 2872 2499 2945 inexplicabiles
2519 2878 2580 2929 et
2607 2873 2831 2929 exitum
2861 2873 3094 2930 nullum
3123 2874 3411 2933 habentes
3439 2875 3700 2948 labyrin-

2054 2964 2190 3020 thos
2220 2961 2614 3035 difficilesque
2644 2967 2704 3018 et
2733 2963 2807 3019 ad
2853 2964 3099 3020 exitium
3149 2964 3365 3021 animm
3416 2964 3703 3022 ducentes

2055 3053 2236 3111 calles
2268 3069 2373 3124 per
2392 3051 2660 3108 fraudem
2682 3052 2908 3109 inducti
2933 3054 3268 3111 volutentur
3288 3054 3528 3123 misere,
3550 3059 3609 3109 et
3627 3054 3702 3111 ad

2057 3148 2383 3199 extremam
2406 3141 2733 3212 perniciem
2753 3141 3152 3200 detineantur.
3172 3145 3362 3215 Atque
3390 3144 3533 3201 mihi
3556 3158 3700 3199 sane

2051 3232 2212 3288 subit
2240 3231 2440 3287 mirari
2467 3236 2691 3286 tantam
2724 3247 2927 3287 eorum
2960 3233 3271 3288 stultitiam
3292 3238 3471 3304 atque
3500 3238 3701 3304 stupo-

2046 3337 2214 3389 rem;
2248 3320 2347 3391 qui
2374 3334 2509 3374 cum
2549 3336 2611 3375 se
2659 3319 3079 3377 callidissimos
3131 3338 3261 3378 esse
3310 3326 3489 3394 atque
3532 3322 3698 3394 inge-

2050 3409 2423 3466 niosissimos
2480 3413 2709 3481 putent,
2794 3409 3199 3467 lubricitatem
3276 3416 3480 3467 tamen
3538 3424 3700 3466 vane

2050 3499 2392 3571 imposturae
2448 3497 2613 3553 illius
2660 3515 2781 3553 non
2831 3498 3329 3556 animadvertunt.
3380 3497 3703 3572 Oportebat

2054 3588 2211 3643 enim
2270 3587 2513 3642 omnino
2558 3587 2772 3642 stultos
2830 3604 2930 3642 eos
2979 3593 3039 3644 et
3078 3588 3376 3645 belluinos
3425 3587 3702 3647 homines

2054 3675 2267 3731 saltem
2299 3680 2565 3746 apertam
2598 3675 2762 3731 illam
2789 3681 2848 3730 et
2867 3676 3329 3733 abominandam
3345 3677 3418 3733 de
3444 3692 3706 3734 resurre-

2055 3764 2252 3820 ctione
2272 3762 2569 3818 fallaciam
2600 3763 2959 3835 perspicere,
2997 3765 3149 3821 744
3171 3782 3289 3837 qua
3316 3764 3551 3838 decepti
3580 3766 3709 3822 exi-

2055 3854 2304 3910 stimant
2332 3868 2395 3907 se
2424 3851 2699 3907 interitus
2727 3858 3031 3924 expertem
3064 3854 3243 3910 vitam
3263 3860 3440 3926 atque
3471 3854 3711 3910 immor-

2055 3942 2235 3999 talem
2268 3942 2425 3997 inter
2452 3940 2664 4013 pocula
2694 3947 2753 3996 et
2784 3941 3051 3999 convivia
3080 3948 3342 4001 acturos.
3373 3943 3480 3999 Ubi
3509 3948 3710 4005 autem

2058 4038 2116 4088 et
2147 4030 2385 4104 quando
2416 4035 2638 4086 acterna
2666 4036 2727 4087 et
2762 4031 3112 4104 incorrupta
3142 4033 3276 4103 vita,
3316 4048 3496 4105 quam
3526 4031 3712 4089 sacris

2060 4121 2293 4176 Litteris
2322 4119 2675 4192 promissam
2708 4121 2791 4193 pii
2819 4126 2980 4177 certa
3010 4138 3113 4194 spe
3142 4126 3510 4196 exspectant,
3533 4122 3631 4178 isti
3653 4126 3714 4178 et

2060 4225 2305 4281 corpore
2365 4213 2423 4263 et
2477 4208 2679 4264 anima
2736 4210 3017 4266 mortales
3073 4210 3535 4282 adipiscentur?
3590 4210 3712 4266 Hoc

2062 4314 2299 4372 quoque
2334 4298 2481 4354 fatui
2514 4298 2601 4353 illi
2632 4305 2809 4371 atque
2840 4299 3041 4356 miseri
3072 4300 3284 4369 sciant,
3316 4300 3473 4374 quod
3504 4301 3713 4357 etiam-

2062 4404 2205 4444 num
2238 4393 2434 4443 vetere
2465 4403 2572 4442 suo
2602 4391 2661 4441 et
2690 4387 2871 4459 impio
2900 4404 3100 4444 errore
3122 4388 3355 4446 liberati
3387 4406 3510 4447 non
3548 4393 3709 4460 sunt,

2066 4476 2169 4533 sed
2202 4476 2310 4531 sub
2342 4475 2648 4548 religionis
2678 4481 2964 4548 praetextu
2995 4477 3145 4535 falsa
3189 4478 3397 4536 colunt
3435 4480 3709 4552 numina,

315 4587 443 4642 ματι
476 4562 778 4632 θεοσεϐείας
829 4564 1297 4641 είδωλολατροῦσι
1351 4562 1692 4635 λεληθότως,
1722 4562 1812 4618 καὶ
1864 4562 1950 4618 τὸν

2067 4587 2135 4627 ac
2164 4570 2225 4625 in
2252 4585 2321 4626 ea
2349 4569 2614 4625 abditum
2647 4569 2935 4626 diemonis
2965 4571 3235 4627 omnium
3279 4573 3571 4630 malorum
3601 4589 3711 4630 au-

313 4653 750 4730 ἐγκεκρυμμένον
777 4658 847 4731 τῇ
878 4655 1136 4732 θρησκείᾳ
1189 4653 1365 4710 αὐτῶν
1420 4649 1584 4708 δόλον
1636 4656 1735 4707 τοῦ
1791 4650 1963 4730 ἆρχε-

314 4744 487 4800 κάκου
516 4740 783 4820 δαίμονος
816 4743 934 4801 οὐδ’
964 4743 1113 4808 ’ὀλως
1141 4744 1193 4801 οἱ
1232 4743 1552 4799 ἀνούστατοι
1580 4740 1672 4797 καὶ
1701 4738 1963 4812 ἀπόπλη-

314 4835 912 4911 κτοιὲπιγινώσκουσι.
945 4832 1124 4890 Πάλαι
1185 4834 1279 4908 μὶν
1335 4832 1437 4909 γάρ
1495 4827 1966 4906 είδωλολατροῦν-

311 4942 398 4985 τες
453 4924 546 4979 καὶ
620 4922 690 4999 τῇ
758 4926 885 4998 παρ’
940 4921 1216 4994 Ἕλλησιν
1290 4918 1592 4999 Ἀφροδίτῃ
1674 4917 1965 4994 λεγομένῃ,

310 5012 560 5068 τουτέστι
609 5014 678 5087 τῇ
719 5008 918 5087 ἡδονῇ,
976 5014 1421 5089 προσκυνοῦντες,
1472 5011 1562 5066 καὶ
1620 5010 1717 5064 τὸν
1772 5007 1970 5083 ἀστέρα

309 5099 512 5173 ταύτης
568 5101 663 5157 τὸν
724 5101 1038 5179 Ἑωσφόρον
1095 5101 1231 5157 εἶναι
1295 5097 1725 5178 μυθολογοῦσιν,
1781 5096 1849 5169 ἤν
1899 5095 1967 5167 δὴ

309 5189 400 5244 καὶ
432 5184 658 5265 Κουϐἆρ
700 5194 771 5266 τῇ
831 5191 1034 5246 ἑαυτῶν
1089 5190 1425 5269 κακεμφάτῳ
1482 5185 1710 5265 γλώσσῃ
1775 5187 1972 5243 ἐπονο-

316 5276 606 5351 μάσαντες,
668 5276 801 5354 ὅπερ
860 5279 972 5335 ἐστὶ
1043 5279 1280 5357 μεγάλη,
1364 5275 1632 5351 διὲμειναν
1687 5273 1793 5339 ἓως
1850 5275 1968 5348 ἄρτι

310 5365 410 5433 τὴν
442 5364 779 5442 Ἀφροδίτην
808 5368 929 5425 θεὸν
976 5366 1358 5443 ὀνομάζοντες.
1390 5368 1502 5424 Ἵνα
1552 5363 1610 5422 δὲ
1670 5369 1747 5441 μὴ
1804 5363 1972 5438 δόξω-

322 5455 418 5528 μεν
457 5474 566 5509 τισι
597 5454 982 5536 ψευδολογεῖν,
1044 5456 1428 5536 σαφηνίσωμεν
1484 5456 1548 5510 τὸ
1599 5454 1738 5531 μέγα
1793 5455 1973 5511 αὐτῶν

325 5542 649 5618 μυστήριον.
682 5549 843 5623 Ἔχει
867 5544 925 5603 δὶ
953 5548 989 5616 ἠ
1023 5544 1168 5617 λέξις
1218 5550 1318 5616 τῆς
1377 5547 1615 5619 μυσαρᾶς
1650 5543 1827 5601 αὐτῶν
1883 5544 1975 5601 καὶ

325 5627 703 5709 παμόεϐήλου
742 5641 1056 5714 προσευχῆς
1086 5632 1281 5699 οὕτως.
1341 5631 1543 5702 ’Δλλᾶ,
1592 5630 1794 5707 ’Δλλᾶ,
1860 5635 1978 5695 0ύὰ

2070 4660 2250 4717 ctoris
2280 4658 2480 4714 dolum
2512 4677 2634 4732 prre
2666 4659 2854 4716 nimia
2881 4659 3184 4717 dementia
3203 4678 3272 4718 ac
3292 4661 3712 4736 stuporennllo

2072 4748 2247 4805 modo
2284 4747 2784 4806 animadvertunt.
2816 4748 2961 4806 Cum
2992 4750 3153 4806 enim
3190 4751 3519 4825 antiquitus
3562 4750 3717 4806 falsa

2074 4837 2479 4910 superstitiose
2511 4837 2737 4893 seducti
2775 4838 3057 4895 Venerem
3106 4839 3461 4907 Graecorum,
3517 4837 3578 4893 id
3626 4842 3718 4894 est

2072 4926 2451 4998 voluptatem,
2472 4925 2689 4982 divinis
2710 4926 3039 4984 honoribus
3051 4927 3718 5000 coluerint,stellamque

2076 5018 2207 5089 ejus
2238 5015 2569 5071 Luciferum
2602 5033 2734 5073 esse
2765 5017 3010 5073 fabulati
3065 5018 3205 5086 sint,
3259 5034 3438 5089 quam
3485 5019 3666 5076 etiam
3688 5034 3724 5076 a

2080 5103 2490 5177 magnitudine
2529 5104 2729 5161 Kubar
2757 5122 2865 5162 sua
2904 5106 3105 5178 inepta
3150 5106 3355 5180 lingua
3398 5107 3729 5180 appellave-

2082 5200 2243 5261 runt,
2276 5194 2337 5249 in
2396 5194 2555 5249 hunc
2611 5210 2801 5265 usque
2861 5194 3016 5250 diem
3074 5196 3287 5252 Veneri
3340 5213 3559 5253 nomen
3626 5197 3733 5254 Dei

2083 5285 2370 5339 tribuunt.
2396 5282 2562 5348 Quod
2590 5299 2663 5339 ne
2682 5283 2776 5339 cui
2807 5283 3111 5340 videamur
3130 5284 3377 5363 fingere,
3410 5284 3733 5360 explicabi-

2084 5389 2217 5429 mus
2248 5388 2527 5446 magnum
2562 5388 2767 5428 eorum
2801 5372 3174 5445 mysterium.
3216 5375 3407 5433 Verba
3462 5375 3736 5434 obscena:

2084 5479 2286 5519 eorum
2313 5467 2373 5517 et
2393 5461 2826 5534 profanissimas
2849 5463 3207 5534 precationis
3236 5464 3365 5523 haec
3394 5472 3533 5524 sunt
3556 5483 3570 5522 :
3604 5466 3740 5524 Alla

2085 5551 2218 5607 Alla
2248 5551 2331 5606 Ua
2362 5550 2560 5607 Kubar
2588 5551 2740 5607 Alia.
2774 5551 2907 5608 Alia
2932 5551 3086 5625 Alia,
3111 5553 3160 5609 si
3191 5554 3624 5630 interpreteris,
3646 5560 3740 5613 est

2087 5642 2225 5697 Deus
2254 5641 2414 5696 Deus.
2450 5639 2534 5696 Ua
2561 5641 2763 5713 major.
2814 5639 3012 5697 Kubar
3059 5658 3287 5715 magna,
3335 5646 3455 5705 sive
3498 5647 3632 5704 luna
3677 5648 3739 5701 et
