  <div class='ocr_page' id='page_1' title='image "/cluster/home/n/w/nwhite01/storage/ocr_20150623/121/hvd.32044073502478/413.png"; bbox 0 0 4148 6212; ppageno 0'>
   <div class='ocr_carea' id='block_1_1' title="bbox 494 336 2119 413">
    <p class='ocr_par' dir='ltr' id='par_1_1' title="bbox 494 337 2119 413">
     <span class='ocr_line' id='line_1_1' title="bbox 494 337 2119 413; baseline -0.009 0"><span class='ocrx_word' id='word_1_1' title='bbox 494 352 614 413; x_wconf 72' lang='grc'><strong>815</strong></span> <span class='ocrx_word' id='word_1_2' title='bbox 1817 337 2119 402; x_wconf 71' lang='lat' dir='ltr'><strong>GEORGII</strong></span> 
     </span>
    </p>
   </div>
   <div class='ocr_carea' id='block_1_2' title="bbox 2226 336 3925 413">
    <p class='ocr_par' dir='ltr' id='par_1_2' title="bbox 2231 336 3925 404">
     <span class='ocr_line' id='line_1_2' title="bbox 2231 336 3925 404; baseline 0.003 -5"><span class='ocrx_word' id='word_1_3' title='bbox 2231 336 2522 400; x_wconf 77' lang='lat' dir='ltr'><strong>EDRENI</strong></span> <span class='ocrx_word' id='word_1_4' title='bbox 3791 344 3925 404; x_wconf 79' lang='grc'><strong>816</strong></span> 
     </span>
    </p>
   </div>
   <div class='ocr_carea' id='block_1_3' title="bbox 506 464 2119 556">
    <p class='ocr_par' dir='ltr' id='par_1_3' title="bbox 506 475 2119 556">
     <span class='ocr_line' id='line_1_3' title="bbox 506 475 2119 556; baseline -0.009 -14"><span class='ocrx_word' id='word_1_5' title='bbox 506 487 705 542; x_wconf 78' lang='lat' dir='ltr'><strong>Venus.</strong></span> <span class='ocrx_word' id='word_1_6' title='bbox 731 487 819 541; x_wconf 89' lang='lat' dir='ltr'><strong>Ita</strong></span> <span class='ocrx_word' id='word_1_7' title='bbox 846 499 985 556; x_wconf 86' lang='lat' dir='ltr'><strong>ergo</strong></span> <span class='ocrx_word' id='word_1_8' title='bbox 1013 480 1229 538; x_wconf 89' lang='lat' dir='ltr'><strong>habet:</strong></span> <span class='ocrx_word' id='word_1_9' title='bbox 1260 480 1413 536; x_wconf 87' lang='lat' dir='ltr'><strong>Deus</strong></span> <span class='ocrx_word' id='word_1_10' title='bbox 1430 478 1586 534; x_wconf 89' lang='lat' dir='ltr'><strong>Deus</strong></span> <span class='ocrx_word' id='word_1_11' title='bbox 1608 475 1800 547; x_wconf 80' lang='lat' dir='ltr'><strong>major</strong></span> <span class='ocrx_word' id='word_1_12' title='bbox 1829 479 1888 530; x_wconf 89' lang='lat' dir='ltr'><strong>et</strong></span> <span class='ocrx_word' id='word_1_13' title='bbox 1914 488 2119 544; x_wconf 71' lang='lat' dir='ltr'><strong>magna</strong></span> 
     </span>
    </p>
   </div>
   <div class='ocr_carea' id='block_1_4' title="bbox 2226 464 3927 556">
    <p class='ocr_par' dir='ltr' id='par_1_4' title="bbox 2226 464 3927 550">
     <span class='ocr_line' id='line_1_4' title="bbox 2226 464 3927 550; baseline 0.003 -26"><span class='ocrx_word' id='word_1_14' title='bbox 2226 464 2482 546; x_wconf 71' lang='lat' dir='ltr'><strong>_K006dp</strong></span> <span class='ocrx_word' id='word_1_15' title='bbox 2532 469 2729 530; x_wconf 52' lang='lat' dir='ltr'><strong>una.</strong></span> <span class='ocrx_word' id='word_1_16' title='bbox 2811 470 2913 530; x_wconf 81' lang='grc' dir='ltr'>Καὶ</span> <span class='ocrx_word' id='word_1_17' title='bbox 2967 473 3032 528; x_wconf 84' lang='grc' dir='ltr'>τὸ</span> <span class='ocrx_word' id='word_1_18' title='bbox 3089 474 3185 546; x_wconf 74' lang='grc' dir='ltr'>μὶν</span> <span class='ocrx_word' id='word_1_19' title='bbox 3242 470 3420 533; x_wconf 85' lang='grc' dir='ltr'><strong>Ἀλλᾶ</strong></span> <span class='ocrx_word' id='word_1_20' title='bbox 3469 473 3831 550; x_wconf 69' lang='grc' dir='ltr'><strong>ἑρμηνεύεται</strong></span> <span class='ocrx_word' id='word_1_21' title='bbox 3895 475 3927 529; x_wconf 88' lang='lat'><strong>6</strong></span> 
     </span>
    </p>
   </div>
   <div class='ocr_carea' id='block_1_5' title="bbox 498 559 2119 642">
    <p class='ocr_par' dir='ltr' id='par_1_5' title="bbox 498 561 2117 639">
     <span class='ocr_line' id='line_1_5' title="bbox 498 561 2117 639; baseline -0.009 -8"><span class='ocrx_word' id='word_1_22' title='bbox 498 574 784 633; x_wconf 81' lang='lat' dir='ltr'><strong>nimirum</strong></span> <span class='ocrx_word' id='word_1_23' title='bbox 817 575 1010 628; x_wconf 87' lang='lat' dir='ltr'><strong>Venus</strong></span> <span class='ocrx_word' id='word_1_24' title='bbox 1070 572 1264 626; x_wconf 87' lang='lat' dir='ltr'><strong>Deus:</strong></span> <span class='ocrx_word' id='word_1_25' title='bbox 1324 575 1505 639; x_wconf 87' lang='lat' dir='ltr'><strong>atque</strong></span> <span class='ocrx_word' id='word_1_26' title='bbox 1560 567 1673 621; x_wconf 89' lang='lat' dir='ltr'><strong>hoc</strong></span> <span class='ocrx_word' id='word_1_27' title='bbox 1726 563 1861 619; x_wconf 85' lang='lat' dir='ltr'><strong>Alla</strong></span> <span class='ocrx_word' id='word_1_28' title='bbox 1916 563 1979 617; x_wconf 92' lang='lat' dir='ltr'><strong>in</strong></span> <span class='ocrx_word' id='word_1_29' title='bbox 2038 561 2117 617; x_wconf 78' lang='lat' dir='ltr'><strong>fin</strong></span> 
     </span>
    </p>
   </div>
   <div class='ocr_carea' id='block_1_6' title="bbox 2226 559 3923 642">
    <p class='ocr_par' dir='ltr' id='par_1_6' title="bbox 2265 559 3923 642">
     <span class='ocr_line' id='line_1_6' title="bbox 2265 559 3923 642; baseline 0.003 -28"><span class='ocrx_word' id='word_1_30' title='bbox 2265 560 2397 622; x_wconf 83' lang='grc' dir='ltr'>Θεὸς</span> <span class='ocrx_word' id='word_1_31' title='bbox 2431 561 2460 615; x_wconf 97' lang='lat'><strong>6</strong></span> <span class='ocrx_word' id='word_1_32' title='bbox 2490 561 2646 629; x_wconf 87' lang='grc' dir='ltr'>Θεὸς,</span> <span class='ocrx_word' id='word_1_33' title='bbox 2675 561 2739 617; x_wconf 90' lang='grc' dir='ltr'>τὸ</span> <span class='ocrx_word' id='word_1_34' title='bbox 2779 559 2837 616; x_wconf 75' lang='grc' dir='ltr'>δὲ</span> <span class='ocrx_word' id='word_1_35' title='bbox 2863 562 2979 619; x_wconf 81' lang='grc' dir='ltr'>0ύά</span> <span class='ocrx_word' id='word_1_36' title='bbox 3010 568 3215 634; x_wconf 83' lang='grc' dir='ltr'>μεῖζον,</span> <span class='ocrx_word' id='word_1_37' title='bbox 3243 564 3308 620; x_wconf 87' lang='grc' dir='ltr'>τὸ</span> <span class='ocrx_word' id='word_1_38' title='bbox 3355 561 3413 620; x_wconf 69' lang='grc' dir='ltr'>δὲ</span> <span class='ocrx_word' id='word_1_39' title='bbox 3437 559 3660 638; x_wconf 83' lang='grc' dir='ltr'>Κουϐὰρ</span> <span class='ocrx_word' id='word_1_40' title='bbox 3694 563 3923 642; x_wconf 80' lang='grc' dir='ltr'>μεγάλη</span> 
     </span>
    </p>
   </div>
   <div class='ocr_carea' id='block_1_7' title="bbox 498 648 2119 737">
    <p class='ocr_par' dir='ltr' id='par_1_7' title="bbox 498 652 2119 737">
     <span class='ocr_line' id='line_1_7' title="bbox 498 652 2119 737; baseline -0.01 -16"><span class='ocrx_word' id='word_1_41' title='bbox 498 664 798 737; x_wconf 82' lang='lat' dir='ltr'><strong>adjectum</strong></span> <span class='ocrx_word' id='word_1_42' title='bbox 830 660 1056 716; x_wconf 87' lang='lat' dir='ltr'><strong>indicat</strong></span> <span class='ocrx_word' id='word_1_43' title='bbox 1083 676 1098 727; x_wconf 88' lang='lat'><strong>;</strong></span> <span class='ocrx_word' id='word_1_44' title='bbox 1132 675 1264 730; x_wconf 73' lang='lat' dir='ltr'><strong>quae</strong></span> <span class='ocrx_word' id='word_1_45' title='bbox 1293 657 1499 713; x_wconf 89' lang='lat' dir='ltr'><strong>omnia</strong></span> <span class='ocrx_word' id='word_1_46' title='bbox 1526 655 1888 727; x_wconf 77' lang='lat' dir='ltr'><strong>proprietate</strong></span> <span class='ocrx_word' id='word_1_47' title='bbox 1916 652 2006 707; x_wconf 87' lang='lat' dir='ltr'><strong>sui</strong></span> <span class='ocrx_word' id='word_1_48' title='bbox 2037 668 2119 705; x_wconf 73' lang='lat' dir='ltr'><strong>se:</strong></span> 
     </span>
    </p>
   </div>
   <div class='ocr_carea' id='block_1_8' title="bbox 2226 648 3922 737">
    <p class='ocr_par' dir='ltr' id='par_1_8' title="bbox 2261 648 3922 729">
     <span class='ocr_line' id='line_1_8' title="bbox 2261 648 3922 729; baseline 0.005 -26"><span class='ocrx_word' id='word_1_49' title='bbox 2261 649 2388 717; x_wconf 79' lang='grc' dir='ltr'>ἤτοι</span> <span class='ocrx_word' id='word_1_50' title='bbox 2422 648 2624 720; x_wconf 81' lang='grc' dir='ltr'>σελήνη</span> <span class='ocrx_word' id='word_1_51' title='bbox 2655 648 2747 704; x_wconf 86' lang='grc' dir='ltr'><strong>καὶ</strong></span> <span class='ocrx_word' id='word_1_52' title='bbox 2792 649 3114 728; x_wconf 75' lang='grc' dir='ltr'><strong>Ἀφροδίτη.</strong></span> <span class='ocrx_word' id='word_1_53' title='bbox 3177 654 3353 729; x_wconf 79' lang='grc' dir='ltr'>’Ὀπερ</span> <span class='ocrx_word' id='word_1_54' title='bbox 3409 651 3552 709; x_wconf 73' lang='grc' dir='ltr'>ἐστὶν</span> <span class='ocrx_word' id='word_1_55' title='bbox 3589 650 3798 715; x_wconf 76' lang='grc' dir='ltr'>οὕτως·</span> <span class='ocrx_word' id='word_1_56' title='bbox 3860 655 3922 711; x_wconf 89' lang='grc'><strong>’0</strong></span> 
     </span>
    </p>
   </div>
   <div class='ocr_carea' id='block_1_9' title="bbox 499 738 2119 823">
    <p class='ocr_par' dir='ltr' id='par_1_9' title="bbox 499 741 2119 820">
     <span class='ocr_line' id='line_1_9' title="bbox 499 741 2119 820; baseline -0.01 -10"><span class='ocrx_word' id='word_1_57' title='bbox 499 753 694 811; x_wconf 87' lang='lat' dir='ltr'><strong>monis</strong></span> <span class='ocrx_word' id='word_1_58' title='bbox 724 750 1017 807; x_wconf 87' lang='lat' dir='ltr'><strong>occultata</strong></span> <span class='ocrx_word' id='word_1_59' title='bbox 1063 746 1477 820; x_wconf 85' lang='lat' dir='ltr'><strong>pronuntiant.</strong></span> <span class='ocrx_word' id='word_1_60' title='bbox 1529 744 1642 800; x_wconf 89' lang='lat' dir='ltr'><strong>Sed</strong></span> <span class='ocrx_word' id='word_1_61' title='bbox 1690 741 1878 798; x_wconf 83' lang='lat' dir='ltr'><strong>oratio</strong></span> <span class='ocrx_word' id='word_1_62' title='bbox 1926 745 2119 796; x_wconf 84' lang='lat' dir='ltr'><strong>nostra</strong></span> 
     </span>
    </p>
   </div>
   <div class='ocr_carea' id='block_1_10' title="bbox 2226 738 3918 823">
    <p class='ocr_par' dir='ltr' id='par_1_10' title="bbox 2261 738 3918 823">
     <span class='ocr_line' id='line_1_10' title="bbox 2261 738 3918 823; baseline 0.004 -31"><span class='ocrx_word' id='word_1_63' title='bbox 2261 738 2393 800; x_wconf 89' lang='grc' dir='ltr'>Θεὸς</span> <span class='ocrx_word' id='word_1_64' title='bbox 2424 739 2454 793; x_wconf 92' lang='lat'><strong>6</strong></span> <span class='ocrx_word' id='word_1_65' title='bbox 2483 739 2615 802; x_wconf 83' lang='grc' dir='ltr'><strong>Θεὸς</strong></span> <span class='ocrx_word' id='word_1_66' title='bbox 2647 740 2851 812; x_wconf 86' lang='grc' dir='ltr'>μείζων</span> <span class='ocrx_word' id='word_1_67' title='bbox 2880 740 2972 796; x_wconf 85' lang='grc' dir='ltr'><strong>καὶ</strong></span> <span class='ocrx_word' id='word_1_68' title='bbox 2996 743 3032 810; x_wconf 80' lang='grc' dir='ltr'><strong>ἡ</strong></span> <span class='ocrx_word' id='word_1_69' title='bbox 3069 743 3306 818; x_wconf 75' lang='grc' dir='ltr'>μεγάλη,</span> <span class='ocrx_word' id='word_1_70' title='bbox 3340 741 3439 798; x_wconf 75' lang='grc' dir='ltr'>εἴτ’</span> <span class='ocrx_word' id='word_1_71' title='bbox 3458 744 3552 799; x_wconf 73' lang='grc' dir='ltr'>οὖν</span> <span class='ocrx_word' id='word_1_72' title='bbox 3586 741 3918 823; x_wconf 65' lang='grc' dir='ltr'>Ἀφροδίτη,</span> 
     </span>
    </p>
   </div>
   <div class='ocr_carea' id='block_1_11' title="bbox 496 826 2119 911">
    <p class='ocr_par' dir='ltr' id='par_1_11' title="bbox 496 830 2119 911">
     <span class='ocr_line' id='line_1_11' title="bbox 496 830 2119 911; baseline -0.009 -12"><span class='ocrx_word' id='word_1_73' title='bbox 496 843 711 899; x_wconf 81' lang='lat' dir='ltr'><strong>missos</strong></span> <span class='ocrx_word' id='word_1_74' title='bbox 734 840 958 896; x_wconf 85' lang='lat' dir='ltr'><strong>faciens</strong></span> <span class='ocrx_word' id='word_1_75' title='bbox 979 837 1262 911; x_wconf 90' lang='lat' dir='ltr'><strong>porcinos</strong></span> <span class='ocrx_word' id='word_1_76' title='bbox 1280 836 1424 891; x_wconf 88' lang='lat' dir='ltr'><strong>istos</strong></span> <span class='ocrx_word' id='word_1_77' title='bbox 1454 840 1514 890; x_wconf 89' lang='lat' dir='ltr'><strong>et</strong></span> <span class='ocrx_word' id='word_1_78' title='bbox 1534 832 1832 888; x_wconf 90' lang='lat' dir='ltr'><strong>belluinos</strong></span> <span class='ocrx_word' id='word_1_79' title='bbox 1856 830 2119 885; x_wconf 76' lang='lat' dir='ltr'><strong>homines</strong></span> 
     </span>
    </p>
   </div>
   <div class='ocr_carea' id='block_1_12' title="bbox 2226 826 3921 911">
    <p class='ocr_par' dir='ltr' id='par_1_12' title="bbox 2261 826 3921 909">
     <span class='ocr_line' id='line_1_12' title="bbox 2261 826 3921 909; baseline 0.004 -28"><span class='ocrx_word' id='word_1_80' title='bbox 2261 826 2413 889; x_wconf 86' lang='grc' dir='ltr'>Θεός.</span> <span class='ocrx_word' id='word_1_81' title='bbox 2449 829 2548 883; x_wconf 78' lang='grc' dir='ltr'>Καὶ</span> <span class='ocrx_word' id='word_1_82' title='bbox 2580 832 2744 885; x_wconf 87' lang='grc' dir='ltr'>τοῦτο</span> <span class='ocrx_word' id='word_1_83' title='bbox 2775 830 3060 909; x_wconf 79' lang='grc' dir='ltr'><strong>σαφηνίζει</strong></span> <span class='ocrx_word' id='word_1_84' title='bbox 3084 832 3120 901; x_wconf 80' lang='grc' dir='ltr'>ἠ</span> <span class='ocrx_word' id='word_1_85' title='bbox 3180 831 3440 907; x_wconf 80' lang='grc' dir='ltr'>ἐπαγωγὴ</span> <span class='ocrx_word' id='word_1_86' title='bbox 3467 836 3565 888; x_wconf 90' lang='grc' dir='ltr'><strong>τοῦ</strong></span> <span class='ocrx_word' id='word_1_87' title='bbox 3591 830 3921 888; x_wconf 77' lang='grc' dir='ltr'><strong>τελευταίου</strong></span> 
     </span>
    </p>
   </div>
   <div class='ocr_carea' id='block_1_13' title="bbox 498 914 2119 1005">
    <p class='ocr_par' dir='ltr' id='par_1_13' title="bbox 498 921 2118 1005">
     <span class='ocr_line' id='line_1_13' title="bbox 498 921 2118 1005; baseline -0.01 -16"><span class='ocrx_word' id='word_1_88' title='bbox 498 934 599 1005; x_wconf 88' lang='lat' dir='ltr'><strong>qui</strong></span> <span class='ocrx_word' id='word_1_89' title='bbox 630 936 847 1005; x_wconf 64' lang='lat' dir='ltr'><strong>praeter</strong></span> <span class='ocrx_word' id='word_1_90' title='bbox 883 930 1245 1000; x_wconf 83' lang='lat' dir='ltr'><strong>voluptatem</strong></span> <span class='ocrx_word' id='word_1_91' title='bbox 1299 933 1358 981; x_wconf 89' lang='lat' dir='ltr'><strong>et</strong></span> <span class='ocrx_word' id='word_1_92' title='bbox 1402 925 1590 981; x_wconf 84' lang='lat' dir='ltr'><strong>otium</strong></span> <span class='ocrx_word' id='word_1_93' title='bbox 1636 922 1786 978; x_wconf 86' lang='lat' dir='ltr'><strong>nihil</strong></span> <span class='ocrx_word' id='word_1_94' title='bbox 1834 921 2033 976; x_wconf 90' lang='lat' dir='ltr'><strong>sciunt</strong></span> <span class='ocrx_word' id='word_1_95' title='bbox 2083 934 2118 974; x_wconf 91' lang='lat' dir='ltr'><strong>a</strong></span> 
     </span>
    </p>
   </div>
   <div class='ocr_carea' id='block_1_14' title="bbox 2226 914 3920 1005">
    <p class='ocr_par' dir='ltr' id='par_1_14' title="bbox 2261 914 3920 995">
     <span class='ocr_line' id='line_1_14' title="bbox 2261 914 3920 995; baseline 0.002 -22"><span class='ocrx_word' id='word_1_96' title='bbox 2261 914 2454 973; x_wconf 84' lang='grc' dir='ltr'>Ἀλλᾶ.</span> <span class='ocrx_word' id='word_1_97' title='bbox 2487 918 2664 993; x_wconf 82' lang='grc' dir='ltr'>Ἀπερ</span> <span class='ocrx_word' id='word_1_98' title='bbox 2690 919 2901 974; x_wconf 78' lang='grc' dir='ltr'>ἃπαντα</span> <span class='ocrx_word' id='word_1_99' title='bbox 2931 919 3413 995; x_wconf 80' lang='grc' dir='ltr'>ὲπικεκρυμμένως</span> <span class='ocrx_word' id='word_1_100' title='bbox 3442 925 3510 995; x_wconf 76' lang='grc' dir='ltr'><strong>τῇ</strong></span> <span class='ocrx_word' id='word_1_101' title='bbox 3542 920 3785 991; x_wconf 74' lang='grc' dir='ltr'><strong>ἰδιότητι</strong></span> <span class='ocrx_word' id='word_1_102' title='bbox 3814 929 3920 992; x_wconf 82' lang='grc' dir='ltr'>τῆς</span> 
     </span>
    </p>
   </div>
   <div class='ocr_carea' id='block_1_15' title="bbox 499 1005 2119 1087">
    <p class='ocr_par' dir='ltr' id='par_1_15' title="bbox 499 1011 2111 1082">
     <span class='ocr_line' id='line_1_15' title="bbox 499 1011 2111 1082; baseline -0.011 -5"><span class='ocrx_word' id='word_1_103' title='bbox 499 1022 628 1077; x_wconf 84' lang='lat' dir='ltr'><strong>sine</strong></span> <span class='ocrx_word' id='word_1_104' title='bbox 660 1035 842 1076; x_wconf 88' lang='lat' dir='ltr'><strong>sensu</strong></span> <span class='ocrx_word' id='word_1_105' title='bbox 872 1017 1163 1080; x_wconf 87' lang='lat' dir='ltr'><strong>laborant,</strong></span> <span class='ocrx_word' id='word_1_106' title='bbox 1196 1013 1459 1070; x_wconf 66' lang='lat' dir='ltr'><strong>historia:</strong></span> <span class='ocrx_word' id='word_1_107' title='bbox 1492 1011 1791 1082; x_wconf 88' lang='lat' dir='ltr'><strong>reliquum</strong></span> <span class='ocrx_word' id='word_1_108' title='bbox 1825 1012 2111 1080; x_wconf 78' lang='lat' dir='ltr'><strong>pertexat.</strong></span> 
     </span>
    </p>
   </div>
   <div class='ocr_carea' id='block_1_16' title="bbox 2226 1005 3919 1087">
    <p class='ocr_par' dir='ltr' id='par_1_16' title="bbox 2260 1005 3919 1087">
     <span class='ocr_line' id='line_1_16' title="bbox 2260 1005 3919 1087; baseline 0.005 -28"><span class='ocrx_word' id='word_1_109' title='bbox 2260 1005 2461 1060; x_wconf 79' lang='grc' dir='ltr'>ὲαυτῶν</span> <span class='ocrx_word' id='word_1_110' title='bbox 2489 1005 2748 1082; x_wconf 87' lang='grc' dir='ltr'><strong>γλώττης</strong></span> <span class='ocrx_word' id='word_1_111' title='bbox 2779 1006 3065 1066; x_wconf 80' lang='grc' dir='ltr'><strong>λαλοῦσιν.</strong></span> <span class='ocrx_word' id='word_1_112' title='bbox 3105 1008 3285 1067; x_wconf 82' lang='grc' dir='ltr'>Ἀλλά</span> <span class='ocrx_word' id='word_1_113' title='bbox 3311 1011 3439 1072; x_wconf 81' lang='grc' dir='ltr'>τοὺς</span> <span class='ocrx_word' id='word_1_114' title='bbox 3473 1011 3571 1084; x_wconf 72' lang='grc' dir='ltr'>μὲν</span> <span class='ocrx_word' id='word_1_115' title='bbox 3610 1009 3919 1087; x_wconf 82' lang='grc' dir='ltr'>χοιρώδεις</span> 
     </span>
    </p>
   </div>
   <div class='ocr_carea' id='block_1_17' title="bbox 495 1090 3922 1180">
    <p class='ocr_par' dir='ltr' id='par_1_17' title="bbox 495 1090 3922 1180">
     <span class='ocr_line' id='line_1_17' title="bbox 495 1090 3922 1180; baseline -0.002 -16"><span class='ocrx_word' id='word_1_116' title='bbox 495 1108 588 1165; x_wconf 83' lang='grc' dir='ltr'><strong>καὶ</strong></span> <span class='ocrx_word' id='word_1_117' title='bbox 613 1101 989 1180; x_wconf 75' lang='grc' dir='ltr'><strong>τελματώδεις</strong></span> <span class='ocrx_word' id='word_1_118' title='bbox 1017 1103 1108 1159; x_wconf 81' lang='grc' dir='ltr'><strong>καὶ</strong></span> <span class='ocrx_word' id='word_1_119' title='bbox 1142 1099 1313 1174; x_wconf 73' lang='grc' dir='ltr'>μηδὲν</span> <span class='ocrx_word' id='word_1_120' title='bbox 1342 1097 1511 1156; x_wconf 70' lang='grc' dir='ltr'>πλέον</span> <span class='ocrx_word' id='word_1_121' title='bbox 1537 1104 1636 1167; x_wconf 79' lang='grc' dir='ltr'>τῆς</span> <span class='ocrx_word' id='word_1_122' title='bbox 1664 1092 1871 1167; x_wconf 75' lang='grc' dir='ltr'>ἡδονῆς</span> <span class='ocrx_word' id='word_1_123' title='bbox 1900 1095 1991 1149; x_wconf 75' lang='grc' dir='ltr'><strong>καὶ</strong></span> <span class='ocrx_word' id='word_1_124' title='bbox 2023 1092 2303 1170; x_wconf 76' lang='grc' dir='ltr'><strong>ῥᾳστώνης</strong></span> <span class='ocrx_word' id='word_1_125' title='bbox 2336 1090 2545 1157; x_wconf 78' lang='grc' dir='ltr'>είδότας</span> <span class='ocrx_word' id='word_1_126' title='bbox 2574 1094 2842 1173; x_wconf 68' lang='grc' dir='ltr'>ἀφέμενος</span> <span class='ocrx_word' id='word_1_127' title='bbox 2879 1098 2909 1153; x_wconf 81' lang='grc' dir='ltr'>ὁ</span> <span class='ocrx_word' id='word_1_128' title='bbox 2939 1096 3127 1175; x_wconf 84' lang='grc' dir='ltr'><strong>λόγος,</strong></span> <span class='ocrx_word' id='word_1_129' title='bbox 3156 1100 3232 1162; x_wconf 81' lang='grc' dir='ltr'><strong>ὠς</strong></span> <span class='ocrx_word' id='word_1_130' title='bbox 3263 1098 3669 1170; x_wconf 78' lang='grc' dir='ltr'>ἀνιπαισθήτως</span> <span class='ocrx_word' id='word_1_131' title='bbox 3692 1104 3922 1156; x_wconf 81' lang='grc' dir='ltr'>νοσοῦν-</span> 
     </span>
    </p>
   </div>
   <div class='ocr_carea' id='block_1_18' title="bbox 494 1184 1734 1267">
    <p class='ocr_par' dir='ltr' id='par_1_18' title="bbox 494 1184 1734 1267">
     <span class='ocr_line' id='line_1_18' title="bbox 494 1184 1734 1267; baseline -0.007 -16"><span class='ocrx_word' id='word_1_132' title='bbox 494 1216 613 1267; x_wconf 90' lang='grc' dir='ltr'>τας,</span> <span class='ocrx_word' id='word_1_133' title='bbox 639 1194 778 1263; x_wconf 86' lang='grc' dir='ltr'>πρὸς</span> <span class='ocrx_word' id='word_1_134' title='bbox 807 1194 876 1248; x_wconf 82' lang='grc' dir='ltr'><strong>τὰ</strong></span> <span class='ocrx_word' id='word_1_135' title='bbox 906 1192 1029 1264; x_wconf 72' lang='grc' dir='ltr'><strong>ἑξῆς</strong></span> <span class='ocrx_word' id='word_1_136' title='bbox 1055 1197 1158 1260; x_wconf 82' lang='grc' dir='ltr'>τῆς</span> <span class='ocrx_word' id='word_1_137' title='bbox 1185 1186 1425 1263; x_wconf 76' lang='grc' dir='ltr'><strong>ἱστορίας</strong></span> <span class='ocrx_word' id='word_1_138' title='bbox 1457 1184 1734 1265; x_wconf 82' lang='grc' dir='ltr'><strong>χωρείτω.</strong></span> 
     </span>
    </p>
   </div>
   <div class='ocr_carea' id='block_1_19' title="bbox 572 1268 2119 1353">
    <p class='ocr_par' dir='ltr' id='par_1_19' title="bbox 572 1275 2119 1353">
     <span class='ocr_line' id='line_1_19' title="bbox 572 1275 2119 1353; baseline -0.009 -13"><span class='ocrx_word' id='word_1_139' title='bbox 572 1284 724 1340; x_wconf 71' lang='lat'><strong>745</strong></span> <span class='ocrx_word' id='word_1_140' title='bbox 754 1285 1075 1353; x_wconf 83' lang='lat' dir='ltr'><strong>Postquam</strong></span> <span class='ocrx_word' id='word_1_141' title='bbox 1104 1280 1515 1335; x_wconf 80' lang='lat' dir='ltr'><strong>Muchumetus</strong></span> <span class='ocrx_word' id='word_1_142' title='bbox 1545 1275 1649 1330; x_wconf 90' lang='lat' dir='ltr'><strong>ille</strong></span> <span class='ocrx_word' id='word_1_143' title='bbox 1678 1275 1845 1330; x_wconf 89' lang='lat' dir='ltr'><strong>dirus</strong></span> <span class='ocrx_word' id='word_1_144' title='bbox 1896 1277 2119 1328; x_wconf 73' lang='lat' dir='ltr'><strong>mortem</strong></span> 
     </span>
    </p>
   </div>
   <div class='ocr_carea' id='block_1_20' title="bbox 2226 1268 3919 1353">
    <p class='ocr_par' dir='ltr' id='par_1_20' title="bbox 2333 1268 3919 1353">
     <span class='ocr_line' id='line_1_20' title="bbox 2333 1268 3919 1353; baseline 0.002 -23"><span class='ocrx_word' id='word_1_145' title='bbox 2333 1273 2485 1330; x_wconf 81' lang='grc' dir='ltr'>Μετὰ</span> <span class='ocrx_word' id='word_1_146' title='bbox 2514 1268 2573 1329; x_wconf 78' lang='grc' dir='ltr'>δέ</span> <span class='ocrx_word' id='word_1_147' title='bbox 2600 1295 2663 1352; x_wconf 83' lang='grc' dir='ltr'><strong>γε</strong></span> <span class='ocrx_word' id='word_1_148' title='bbox 2690 1275 2783 1331; x_wconf 84' lang='grc' dir='ltr'>τὸν</span> <span class='ocrx_word' id='word_1_149' title='bbox 2805 1276 3032 1331; x_wconf 83' lang='grc' dir='ltr'>θάνατον</span> <span class='ocrx_word' id='word_1_150' title='bbox 3075 1280 3174 1332; x_wconf 89' lang='grc' dir='ltr'><strong>τοῦ</strong></span> <span class='ocrx_word' id='word_1_151' title='bbox 3232 1275 3502 1347; x_wconf 75' lang='grc' dir='ltr'><strong>θεηλάτου</strong></span> <span class='ocrx_word' id='word_1_152' title='bbox 3567 1277 3919 1353; x_wconf 83' lang='grc' dir='ltr'>Μουχούμετ</span> 
     </span>
    </p>
   </div>
   <div class='ocr_carea' id='block_1_21' title="bbox 500 1360 2119 1443">
    <p class='ocr_par' dir='ltr' id='par_1_21' title="bbox 500 1360 2118 1439">
     <span class='ocr_line' id='line_1_21' title="bbox 500 1360 2118 1439; baseline -0.009 -10"><span class='ocrx_word' id='word_1_153' title='bbox 500 1373 666 1439; x_wconf 87' lang='lat' dir='ltr'><strong>obiit,</strong></span> <span class='ocrx_word' id='word_1_154' title='bbox 696 1371 896 1428; x_wconf 91' lang='lat' dir='ltr'><strong>media</strong></span> <span class='ocrx_word' id='word_1_155' title='bbox 918 1370 1013 1425; x_wconf 90' lang='lat' dir='ltr'><strong>die</strong></span> <span class='ocrx_word' id='word_1_156' title='bbox 1058 1369 1216 1425; x_wconf 88' lang='lat' dir='ltr'><strong>visus</strong></span> <span class='ocrx_word' id='word_1_157' title='bbox 1268 1373 1359 1423; x_wconf 89' lang='lat' dir='ltr'><strong>est</strong></span> <span class='ocrx_word' id='word_1_158' title='bbox 1406 1370 1656 1433; x_wconf 80' lang='lat' dir='ltr'><strong>cometa,</strong></span> <span class='ocrx_word' id='word_1_159' title='bbox 1697 1379 1875 1435; x_wconf 88' lang='lat' dir='ltr'><strong>quem</strong></span> <span class='ocrx_word' id='word_1_160' title='bbox 1903 1379 1939 1417; x_wconf 91' lang='lat' dir='ltr'><strong>a</strong></span> <span class='ocrx_word' id='word_1_161' title='bbox 1968 1360 2118 1416; x_wconf 84' lang='lat' dir='ltr'><strong>trahi</strong></span> 
     </span>
    </p>
   </div>
   <div class='ocr_carea' id='block_1_22' title="bbox 2226 1360 3916 1443">
    <p class='ocr_par' dir='ltr' id='par_1_22' title="bbox 2260 1360 3916 1443">
     <span class='ocr_line' id='line_1_22' title="bbox 2260 1360 3916 1443; baseline 0.004 -26"><span class='ocrx_word' id='word_1_162' title='bbox 2260 1360 2428 1440; x_wconf 69' lang='grc' dir='ltr'>ἐφάνη</span> <span class='ocrx_word' id='word_1_163' title='bbox 2459 1364 2595 1419; x_wconf 78' lang='grc' dir='ltr'>κατᾶ</span> <span class='ocrx_word' id='word_1_164' title='bbox 2626 1360 2973 1442; x_wconf 89' lang='grc' dir='ltr'>μεσημϐρίαν</span> <span class='ocrx_word' id='word_1_165' title='bbox 3001 1366 3177 1443; x_wconf 74' lang='grc' dir='ltr'>ἀστὴρ</span> <span class='ocrx_word' id='word_1_166' title='bbox 3214 1368 3244 1422; x_wconf 90' lang='lat'><strong>6</strong></span> <span class='ocrx_word' id='word_1_167' title='bbox 3305 1367 3597 1442; x_wconf 87' lang='grc' dir='ltr'>λεγόμενος</span> <span class='ocrx_word' id='word_1_168' title='bbox 3656 1368 3916 1439; x_wconf 73' lang='grc' dir='ltr'>Δοκίτης,</span> 
     </span>
    </p>
   </div>
   <div class='ocr_carea' id='block_1_23' title="bbox 497 1449 2119 1532">
    <p class='ocr_par' dir='ltr' id='par_1_23' title="bbox 497 1453 2119 1523">
     <span class='ocr_line' id='line_1_23' title="bbox 497 1453 2119 1523; baseline -0.009 -5"><span class='ocrx_word' id='word_1_169' title='bbox 497 1464 693 1518; x_wconf 85' lang='lat' dir='ltr'><strong>forma</strong></span> <span class='ocrx_word' id='word_1_170' title='bbox 721 1461 907 1517; x_wconf 75' lang='lat' dir='ltr'><strong>Graaci</strong></span> <span class='ocrx_word' id='word_1_171' title='bbox 941 1459 1186 1515; x_wconf 89' lang='lat' dir='ltr'><strong>Dociten</strong></span> <span class='ocrx_word' id='word_1_172' title='bbox 1216 1457 1553 1522; x_wconf 89' lang='lat' dir='ltr'><strong>nominant,</strong></span> <span class='ocrx_word' id='word_1_173' title='bbox 1587 1453 1839 1509; x_wconf 80' lang='lat' dir='ltr'><strong>Arabum</strong></span> <span class='ocrx_word' id='word_1_174' title='bbox 1872 1466 2119 1523; x_wconf 69' lang='lat' dir='ltr'><strong>praanun</strong></span> 
     </span>
    </p>
   </div>
   <div class='ocr_carea' id='block_1_24' title="bbox 2226 1449 3919 1532">
    <p class='ocr_par' dir='ltr' id='par_1_24' title="bbox 2257 1449 3919 1532">
     <span class='ocr_line' id='line_1_24' title="bbox 2257 1449 3919 1532; baseline 0.005 -27"><span class='ocrx_word' id='word_1_175' title='bbox 2257 1452 2592 1526; x_wconf 86' lang='grc' dir='ltr'>προμηνύων</span> <span class='ocrx_word' id='word_1_176' title='bbox 2623 1454 2721 1523; x_wconf 83' lang='grc' dir='ltr'>τὴν</span> <span class='ocrx_word' id='word_1_177' title='bbox 2749 1459 2858 1510; x_wconf 82' lang='grc' dir='ltr'>τῶν</span> <span class='ocrx_word' id='word_1_178' title='bbox 2890 1449 3138 1530; x_wconf 84' lang='grc' dir='ltr'>’Δράϐων</span> <span class='ocrx_word' id='word_1_179' title='bbox 3169 1455 3537 1529; x_wconf 66' lang='grc' dir='ltr'><strong>ἐπικράτειαν.</strong></span> <span class='ocrx_word' id='word_1_180' title='bbox 3592 1459 3820 1532; x_wconf 83' lang='grc' dir='ltr'>Ἔμεινε</span> <span class='ocrx_word' id='word_1_181' title='bbox 3856 1454 3919 1513; x_wconf 63' lang='grc' dir='ltr'>δὲ</span> 
     </span>
    </p>
   </div>
   <div class='ocr_carea' id='block_1_25' title="bbox 500 1538 2119 1622">
    <p class='ocr_par' dir='ltr' id='par_1_25' title="bbox 500 1541 2119 1622">
     <span class='ocr_line' id='line_1_25' title="bbox 500 1541 2119 1622; baseline -0.009 -15"><span class='ocrx_word' id='word_1_182' title='bbox 500 1553 656 1607; x_wconf 87' lang='lat' dir='ltr'><strong>tians</strong></span> <span class='ocrx_word' id='word_1_183' title='bbox 679 1550 1019 1622; x_wconf 89' lang='lat' dir='ltr'><strong>imperium.</strong></span> <span class='ocrx_word' id='word_1_184' title='bbox 1050 1548 1290 1604; x_wconf 83' lang='lat' dir='ltr'><strong>Duravit</strong></span> <span class='ocrx_word' id='word_1_185' title='bbox 1309 1546 1437 1602; x_wconf 90' lang='lat' dir='ltr'><strong>dies</strong></span> <span class='ocrx_word' id='word_1_186' title='bbox 1460 1544 1719 1616; x_wconf 87' lang='lat' dir='ltr'><strong>triginta,</strong></span> <span class='ocrx_word' id='word_1_187' title='bbox 1742 1560 1779 1598; x_wconf 90' lang='lat' dir='ltr'><strong>a</strong></span> <span class='ocrx_word' id='word_1_188' title='bbox 1800 1541 2048 1597; x_wconf 88' lang='lat' dir='ltr'><strong>meridie</strong></span> <span class='ocrx_word' id='word_1_189' title='bbox 2074 1556 2119 1595; x_wconf 59' lang='lat' dir='ltr'><strong>a1</strong></span> 
     </span>
    </p>
   </div>
   <div class='ocr_carea' id='block_1_26' title="bbox 2226 1538 3915 1622">
    <p class='ocr_par' dir='ltr' id='par_1_26' title="bbox 2256 1539 3915 1620">
     <span class='ocr_line' id='line_1_26' title="bbox 2256 1539 3915 1620; baseline 0.005 -27"><span class='ocrx_word' id='word_1_190' title='bbox 2256 1539 2344 1594; x_wconf 78' lang='grc' dir='ltr'><strong>ἐπὶ</strong></span> <span class='ocrx_word' id='word_1_191' title='bbox 2373 1541 2585 1614; x_wconf 64' lang='grc' dir='ltr'>ἡμέρας</span> <span class='ocrx_word' id='word_1_192' title='bbox 2611 1541 2920 1617; x_wconf 82' lang='grc' dir='ltr'>τριάκοντα,</span> <span class='ocrx_word' id='word_1_193' title='bbox 2952 1540 3233 1599; x_wconf 79' lang='grc' dir='ltr'>διατείνων</span> <span class='ocrx_word' id='word_1_194' title='bbox 3284 1545 3390 1600; x_wconf 76' lang='grc' dir='ltr'>ἀπὸ</span> <span class='ocrx_word' id='word_1_195' title='bbox 3424 1541 3776 1620; x_wconf 83' lang='grc' dir='ltr'>μεσημϐρίας</span> <span class='ocrx_word' id='word_1_196' title='bbox 3807 1544 3915 1610; x_wconf 69' lang='grc' dir='ltr'>ἕως</span> 
     </span>
    </p>
   </div>
   <div class='ocr_carea' id='block_1_27' title="bbox 499 1627 2119 1712">
    <p class='ocr_par' dir='ltr' id='par_1_27' title="bbox 499 1631 2119 1712">
     <span class='ocr_line' id='line_1_27' title="bbox 499 1631 2119 1712; baseline -0.009 -14"><span class='ocrx_word' id='word_1_197' title='bbox 499 1640 969 1712; x_wconf 85' lang='lat' dir='ltr'><strong>septentrionem</strong></span> <span class='ocrx_word' id='word_1_198' title='bbox 1002 1638 1366 1710; x_wconf 79' lang='lat' dir='ltr'><strong>pertingens.</strong></span> <span class='ocrx_word' id='word_1_199' title='bbox 1396 1634 1614 1690; x_wconf 87' lang='lat' dir='ltr'><strong>Habuit</strong></span> <span class='ocrx_word' id='word_1_200' title='bbox 1638 1631 1816 1704; x_wconf 84' lang='lat' dir='ltr'><strong>gladii</strong></span> <span class='ocrx_word' id='word_1_201' title='bbox 1872 1631 2119 1685; x_wconf 81' lang='lat' dir='ltr'><strong>formam</strong></span> 
     </span>
    </p>
   </div>
   <div class='ocr_carea' id='block_1_28' title="bbox 2226 1627 3011 1712">
    <p class='ocr_par' dir='ltr' id='par_1_28' title="bbox 2255 1627 3011 1711">
     <span class='ocr_line' id='line_1_28' title="bbox 2255 1627 3011 1711; baseline 0.008 -28"><span class='ocrx_word' id='word_1_202' title='bbox 2255 1627 2479 1704; x_wconf 78' lang='grc' dir='ltr'>ἄρκτου.</span> <span class='ocrx_word' id='word_1_203' title='bbox 2511 1631 2613 1688; x_wconf 85' lang='grc' dir='ltr'>Ἦν</span> <span class='ocrx_word' id='word_1_204' title='bbox 2643 1629 3011 1711; x_wconf 75' lang='grc' dir='ltr'>δὶειφοειδής.</span> 
     </span>
    </p>
   </div>
   <div class='ocr_carea' id='block_1_29' title="bbox 568 1715 2119 1801">
    <p class='ocr_par' dir='ltr' id='par_1_29' title="bbox 568 1721 2119 1801">
     <span class='ocr_line' id='line_1_29' title="bbox 568 1721 2119 1801; baseline -0.008 -16"><span class='ocrx_word' id='word_1_205' title='bbox 568 1733 735 1785; x_wconf 89' lang='lat' dir='ltr'><strong>Anno</strong></span> <span class='ocrx_word' id='word_1_206' title='bbox 774 1728 1055 1801; x_wconf 86' lang='lat' dir='ltr'><strong>vigesimo</strong></span> <span class='ocrx_word' id='word_1_207' title='bbox 1087 1732 1298 1798; x_wconf 88' lang='lat' dir='ltr'><strong>quarto</strong></span> <span class='ocrx_word' id='word_1_208' title='bbox 1330 1724 1584 1780; x_wconf 90' lang='lat' dir='ltr'><strong>moritur</strong></span> <span class='ocrx_word' id='word_1_209' title='bbox 1606 1721 1982 1787; x_wconf 83' lang='lat' dir='ltr'><strong>Abubachar,</strong></span> <span class='ocrx_word' id='word_1_210' title='bbox 2012 1734 2119 1773; x_wconf 89' lang='lat' dir='ltr'><strong>cun</strong></span> 
     </span>
    </p>
   </div>
   <div class='ocr_carea' id='block_1_30' title="bbox 2226 1715 3911 1801">
    <p class='ocr_par' dir='ltr' id='par_1_30' title="bbox 2324 1715 3911 1799">
     <span class='ocr_line' id='line_1_30' title="bbox 2324 1715 3911 1799; baseline 0.005 -26"><span class='ocrx_word' id='word_1_211' title='bbox 2324 1722 2418 1790; x_wconf 81' lang='grc' dir='ltr'><strong>Τῷ</strong></span> <span class='ocrx_word' id='word_1_212' title='bbox 2458 1716 2543 1774; x_wconf 87' lang='grc' dir='ltr'>κδ’</span> <span class='ocrx_word' id='word_1_213' title='bbox 2571 1717 2677 1776; x_wconf 80' lang='grc' dir='ltr'>ἔτει</span> <span class='ocrx_word' id='word_1_214' title='bbox 2735 1715 3089 1797; x_wconf 81' lang='grc' dir='ltr'>Ἀϐουϐάχαρ</span> <span class='ocrx_word' id='word_1_215' title='bbox 3129 1721 3377 1794; x_wconf 82' lang='grc' dir='ltr'>τελευτᾷ,</span> <span class='ocrx_word' id='word_1_216' title='bbox 3432 1722 3751 1799; x_wconf 81' lang='grc' dir='ltr'>ἀμηρεύσας</span> <span class='ocrx_word' id='word_1_217' title='bbox 3811 1720 3911 1799; x_wconf 70' lang='grc' dir='ltr'>ἔτη</span> 
     </span>
    </p>
   </div>
   <div class='ocr_carea' id='block_1_31' title="bbox 499 1804 2119 1891">
    <p class='ocr_par' dir='ltr' id='par_1_31' title="bbox 499 1808 2119 1890">
     <span class='ocr_line' id='line_1_31' title="bbox 499 1808 2119 1890; baseline -0.009 -14"><span class='ocrx_word' id='word_1_218' title='bbox 499 1835 733 1876; x_wconf 88' lang='lat' dir='ltr'><strong>ameras</strong></span> <span class='ocrx_word' id='word_1_219' title='bbox 763 1818 848 1890; x_wconf 85' lang='lat' dir='ltr'><strong>(id</strong></span> <span class='ocrx_word' id='word_1_220' title='bbox 872 1816 1109 1889; x_wconf 88' lang='lat' dir='ltr'><strong>imperii</strong></span> <span class='ocrx_word' id='word_1_221' title='bbox 1139 1831 1359 1871; x_wconf 90' lang='lat' dir='ltr'><strong>nomen</strong></span> <span class='ocrx_word' id='word_1_222' title='bbox 1391 1814 1500 1887; x_wconf 89' lang='lat' dir='ltr'><strong>est)</strong></span> <span class='ocrx_word' id='word_1_223' title='bbox 1544 1812 1756 1868; x_wconf 87' lang='lat' dir='ltr'><strong>fuisset</strong></span> <span class='ocrx_word' id='word_1_224' title='bbox 1783 1826 1974 1866; x_wconf 87' lang='lat' dir='ltr'><strong>annos</strong></span> <span class='ocrx_word' id='word_1_225' title='bbox 2005 1808 2119 1863; x_wconf 88' lang='lat' dir='ltr'><strong>duo</strong></span> 
     </span>
    </p>
   </div>
   <div class='ocr_carea' id='block_1_32' title="bbox 2226 1804 3913 1891">
    <p class='ocr_par' dir='ltr' id='par_1_32' title="bbox 2226 1804 3913 1891">
     <span class='ocr_line' id='line_1_32' title="bbox 2226 1804 3913 1891; baseline 0.005 -29"><span class='ocrx_word' id='word_1_226' title='bbox 2226 1820 2229 1863; x_wconf 66' lang='grc' dir='ltr'>ι</span> <span class='ocrx_word' id='word_1_227' title='bbox 2259 1804 2356 1863; x_wconf 83' lang='grc' dir='ltr'><strong>δύο</strong></span> <span class='ocrx_word' id='word_1_228' title='bbox 2385 1810 2581 1883; x_wconf 69' lang='grc' dir='ltr'>ἣμισυ,</span> <span class='ocrx_word' id='word_1_229' title='bbox 2616 1809 2707 1865; x_wconf 85' lang='grc' dir='ltr'><strong>καὶ</strong></span> <span class='ocrx_word' id='word_1_230' title='bbox 2738 1810 2845 1866; x_wconf 82' lang='grc' dir='ltr'>ἀντ’</span> <span class='ocrx_word' id='word_1_231' title='bbox 2904 1810 3070 1866; x_wconf 76' lang='grc' dir='ltr'>αὐτοῦ</span> <span class='ocrx_word' id='word_1_232' title='bbox 3122 1818 3313 1889; x_wconf 89' lang='grc' dir='ltr'>κρατεῖ</span> <span class='ocrx_word' id='word_1_233' title='bbox 3339 1810 3614 1890; x_wconf 77' lang='grc' dir='ltr'>Οὕμαρος,</span> <span class='ocrx_word' id='word_1_234' title='bbox 3673 1815 3736 1877; x_wconf 78' lang='grc' dir='ltr'><strong>ὃς</strong></span> <span class='ocrx_word' id='word_1_235' title='bbox 3766 1835 3913 1891; x_wconf 79' lang='grc' dir='ltr'>παρ-</span> 
     </span>
    </p>
   </div>
   <div class='ocr_carea' id='block_1_33' title="bbox 498 1892 2119 1974">
    <p class='ocr_par' dir='ltr' id='par_1_33' title="bbox 498 1895 2119 1969">
     <span class='ocr_line' id='line_1_33' title="bbox 498 1895 2119 1969; baseline -0.009 -5"><span class='ocrx_word' id='word_1_236' title='bbox 498 1926 545 1965; x_wconf 90' lang='lat' dir='ltr'><strong>s.</strong></span> <span class='ocrx_word' id='word_1_237' title='bbox 579 1906 854 1963; x_wconf 83' lang='lat' dir='ltr'><strong>Succedit</strong></span> <span class='ocrx_word' id='word_1_238' title='bbox 881 1907 933 1961; x_wconf 90' lang='lat' dir='ltr'><strong>ei</strong></span> <span class='ocrx_word' id='word_1_239' title='bbox 967 1906 1239 1961; x_wconf 87' lang='lat' dir='ltr'><strong>Umarus.</strong></span> <span class='ocrx_word' id='word_1_240' title='bbox 1268 1903 1371 1957; x_wconf 83' lang='lat' dir='ltr'><strong>Hic</strong></span> <span class='ocrx_word' id='word_1_241' title='bbox 1395 1903 1660 1957; x_wconf 85' lang='lat' dir='ltr'><strong>Bostram</strong></span> <span class='ocrx_word' id='word_1_242' title='bbox 1683 1898 1947 1969; x_wconf 87' lang='lat' dir='ltr'><strong>aliasque</strong></span> <span class='ocrx_word' id='word_1_243' title='bbox 1977 1895 2119 1951; x_wconf 83' lang='lat' dir='ltr'><strong>urbe</strong></span> 
     </span>
    </p>
   </div>
   <div class='ocr_carea' id='block_1_34' title="bbox 2226 1892 3909 1974">
    <p class='ocr_par' dir='ltr' id='par_1_34' title="bbox 2262 1892 3909 1974">
     <span class='ocr_line' id='line_1_34' title="bbox 2262 1892 3909 1974; baseline 0.005 -22"><span class='ocrx_word' id='word_1_244' title='bbox 2262 1892 2427 1953; x_wconf 67' lang='grc' dir='ltr'>ἔλαϐε</span> <span class='ocrx_word' id='word_1_245' title='bbox 2466 1897 2707 1974; x_wconf 84' lang='grc' dir='ltr'>Βόστραν</span> <span class='ocrx_word' id='word_1_246' title='bbox 2758 1900 2860 1968; x_wconf 77' lang='grc' dir='ltr'><strong>τήν</strong></span> <span class='ocrx_word' id='word_1_247' title='bbox 2915 1897 3081 1956; x_wconf 83' lang='grc' dir='ltr'>πόλιν</span> <span class='ocrx_word' id='word_1_248' title='bbox 3140 1902 3230 1957; x_wconf 83' lang='grc' dir='ltr'>καὶ</span> <span class='ocrx_word' id='word_1_249' title='bbox 3285 1898 3463 1964; x_wconf 76' lang='grc' dir='ltr'>ἄλλας</span> <span class='ocrx_word' id='word_1_250' title='bbox 3528 1901 3773 1971; x_wconf 71' lang='grc' dir='ltr'>πολλὰς,</span> <span class='ocrx_word' id='word_1_251' title='bbox 3815 1906 3909 1960; x_wconf 81' lang='grc' dir='ltr'><strong>καὶ</strong></span> 
     </span>
    </p>
   </div>
   <div class='ocr_carea' id='block_1_35' title="bbox 494 1986 2119 2070">
    <p class='ocr_par' dir='ltr' id='par_1_35' title="bbox 494 1986 2119 2069">
     <span class='ocr_line' id='line_1_35' title="bbox 494 1986 2119 2069; baseline -0.009 -15"><span class='ocrx_word' id='word_1_252' title='bbox 494 1997 654 2069; x_wconf 86' lang='lat' dir='ltr'><strong>cepit</strong></span> <span class='ocrx_word' id='word_1_253' title='bbox 681 2002 743 2053; x_wconf 88' lang='lat' dir='ltr'><strong>et</strong></span> <span class='ocrx_word' id='word_1_254' title='bbox 769 2011 959 2068; x_wconf 89' lang='lat' dir='ltr'><strong>usque</strong></span> <span class='ocrx_word' id='word_1_255' title='bbox 989 1993 1065 2050; x_wconf 91' lang='lat' dir='ltr'><strong>ad</strong></span> <span class='ocrx_word' id='word_1_256' title='bbox 1098 1993 1409 2049; x_wconf 87' lang='lat' dir='ltr'><strong>Gabitham</strong></span> <span class='ocrx_word' id='word_1_257' title='bbox 1450 2004 1798 2062; x_wconf 89' lang='lat' dir='ltr'><strong>progressus</strong></span> <span class='ocrx_word' id='word_1_258' title='bbox 1847 1992 1941 2043; x_wconf 90' lang='lat' dir='ltr'><strong>est</strong></span> <span class='ocrx_word' id='word_1_259' title='bbox 2008 1986 2119 2041; x_wconf 71' lang='lat' dir='ltr'><strong>Cum</strong></span> 
     </span>
    </p>
   </div>
   <div class='ocr_carea' id='block_1_36' title="bbox 2226 1986 3911 2070">
    <p class='ocr_par' dir='ltr' id='par_1_36' title="bbox 2257 1986 3911 2070">
     <span class='ocr_line' id='line_1_36' title="bbox 2257 1986 3911 2070; baseline 0.002 -24"><span class='ocrx_word' id='word_1_260' title='bbox 2257 1988 2396 2059; x_wconf 76' lang='grc' dir='ltr'>ἦλθε</span> <span class='ocrx_word' id='word_1_261' title='bbox 2427 1990 2594 2067; x_wconf 71' lang='grc' dir='ltr'>μέχρι</span> <span class='ocrx_word' id='word_1_262' title='bbox 2622 1997 2721 2047; x_wconf 89' lang='grc' dir='ltr'><strong>τοῦ</strong></span> <span class='ocrx_word' id='word_1_263' title='bbox 2747 1986 2969 2051; x_wconf 82' lang='grc' dir='ltr'>Γαϐιθᾶ.</span> <span class='ocrx_word' id='word_1_264' title='bbox 3002 1993 3200 2066; x_wconf 85' lang='grc' dir='ltr'>Τούτῳ</span> <span class='ocrx_word' id='word_1_265' title='bbox 3256 1988 3559 2067; x_wconf 84' lang='grc' dir='ltr'>συμϐαλὼν</span> <span class='ocrx_word' id='word_1_266' title='bbox 3616 1991 3911 2070; x_wconf 84' lang='grc' dir='ltr'>Θεόδωρος</span> 
     </span>
    </p>
   </div>
   <div class='ocr_carea' id='block_1_37' title="bbox 494 2075 2119 2160">
    <p class='ocr_par' dir='ltr' id='par_1_37' title="bbox 494 2075 2119 2157">
     <span class='ocr_line' id='line_1_37' title="bbox 494 2075 2119 2157; baseline -0.009 -15"><span class='ocrx_word' id='word_1_267' title='bbox 494 2086 608 2142; x_wconf 86' lang='lat' dir='ltr'><strong>hoc</strong></span> <span class='ocrx_word' id='word_1_268' title='bbox 652 2084 859 2157; x_wconf 70' lang='lat' dir='ltr'><strong>prmlio</strong></span> <span class='ocrx_word' id='word_1_269' title='bbox 904 2083 1226 2140; x_wconf 87' lang='lat' dir='ltr'><strong>commisso</strong></span> <span class='ocrx_word' id='word_1_270' title='bbox 1269 2079 1614 2135; x_wconf 88' lang='lat' dir='ltr'><strong>Theodorus</strong></span> <span class='ocrx_word' id='word_1_271' title='bbox 1668 2075 1921 2133; x_wconf 86' lang='lat' dir='ltr'><strong>Heraclii</strong></span> <span class='ocrx_word' id='word_1_272' title='bbox 1970 2075 2119 2130; x_wconf 85' lang='lat' dir='ltr'><strong>frate</strong></span> 
     </span>
    </p>
   </div>
   <div class='ocr_carea' id='block_1_38' title="bbox 2226 2075 3911 2160">
    <p class='ocr_par' dir='ltr' id='par_1_38' title="bbox 2258 2078 3911 2160">
     <span class='ocr_line' id='line_1_38' title="bbox 2258 2078 3911 2160; baseline 0.003 -26"><span class='ocrx_word' id='word_1_273' title='bbox 2258 2079 2288 2134; x_wconf 89' lang='lat'><strong>6</strong></span> <span class='ocrx_word' id='word_1_274' title='bbox 2314 2084 2412 2134; x_wconf 89' lang='grc' dir='ltr'><strong>τοῦ</strong></span> <span class='ocrx_word' id='word_1_275' title='bbox 2465 2080 2792 2153; x_wconf 79' lang='grc' dir='ltr'>Ἡρακλείου</span> <span class='ocrx_word' id='word_1_276' title='bbox 2874 2078 3108 2159; x_wconf 79' lang='grc' dir='ltr'>ἀδελφὸς</span> <span class='ocrx_word' id='word_1_277' title='bbox 3161 2081 3254 2138; x_wconf 83' lang='grc' dir='ltr'><strong>καὶ</strong></span> <span class='ocrx_word' id='word_1_278' title='bbox 3309 2084 3568 2153; x_wconf 77' lang='grc' dir='ltr'>ἡττηθεὶς</span> <span class='ocrx_word' id='word_1_279' title='bbox 3616 2084 3758 2160; x_wconf 82' lang='grc' dir='ltr'>πρὸς</span> <span class='ocrx_word' id='word_1_280' title='bbox 3814 2085 3911 2139; x_wconf 77' lang='grc' dir='ltr'>τὸν</span> 
     </span>
    </p>
   </div>
   <div class='ocr_carea' id='block_1_39' title="bbox 494 2162 2119 2247">
    <p class='ocr_par' dir='ltr' id='par_1_39' title="bbox 494 2162 2119 2244">
     <span class='ocr_line' id='line_1_39' title="bbox 494 2162 2119 2244; baseline -0.009 -14"><span class='ocrx_word' id='word_1_281' title='bbox 494 2174 683 2230; x_wconf 86' lang='lat' dir='ltr'><strong>victus</strong></span> <span class='ocrx_word' id='word_1_282' title='bbox 703 2172 779 2230; x_wconf 89' lang='lat' dir='ltr'><strong>ad</strong></span> <span class='ocrx_word' id='word_1_283' title='bbox 796 2173 1215 2244; x_wconf 87' lang='lat' dir='ltr'><strong>imperatorem</strong></span> <span class='ocrx_word' id='word_1_284' title='bbox 1242 2168 1476 2224; x_wconf 56' lang='lat' dir='ltr'><strong>Edessa;</strong></span> <span class='ocrx_word' id='word_1_285' title='bbox 1506 2174 1632 2223; x_wconf 91' lang='lat' dir='ltr'><strong>tum</strong></span> <span class='ocrx_word' id='word_1_286' title='bbox 1663 2170 1937 2238; x_wconf 88' lang='lat' dir='ltr'><strong>agentem</strong></span> <span class='ocrx_word' id='word_1_287' title='bbox 1966 2162 2119 2218; x_wconf 83' lang='lat' dir='ltr'><strong>venit</strong></span> 
     </span>
    </p>
   </div>
   <div class='ocr_carea' id='block_1_40' title="bbox 2226 2162 3918 2247">
    <p class='ocr_par' dir='ltr' id='par_1_40' title="bbox 2259 2166 3918 2247">
     <span class='ocr_line' id='line_1_40' title="bbox 2259 2166 3918 2247; baseline 0.002 -24"><span class='ocrx_word' id='word_1_288' title='bbox 2259 2167 2488 2243; x_wconf 73' lang='grc' dir='ltr'>βασιλέα</span> <span class='ocrx_word' id='word_1_289' title='bbox 2517 2166 2739 2245; x_wconf 82' lang='grc' dir='ltr'>ἔρχεται</span> <span class='ocrx_word' id='word_1_290' title='bbox 2786 2168 2839 2225; x_wconf 76' lang='grc' dir='ltr'>ἐν</span> <span class='ocrx_word' id='word_1_291' title='bbox 2899 2166 3114 2245; x_wconf 75' lang='grc' dir='ltr'>Ἐδὲσῃ.</span> <span class='ocrx_word' id='word_1_292' title='bbox 3147 2171 3209 2227; x_wconf 90' lang='grc' dir='ltr'>Ὁ</span> <span class='ocrx_word' id='word_1_293' title='bbox 3254 2166 3314 2225; x_wconf 75' lang='grc' dir='ltr'>δὲ</span> <span class='ocrx_word' id='word_1_294' title='bbox 3361 2169 3617 2246; x_wconf 80' lang='grc' dir='ltr'>βασιλεὺς</span> <span class='ocrx_word' id='word_1_295' title='bbox 3674 2190 3918 2247; x_wconf 77' lang='grc' dir='ltr'>προχει-</span> 
     </span>
    </p>
   </div>
   <div class='ocr_carea' id='block_1_41' title="bbox 492 2254 2119 2338">
    <p class='ocr_par' dir='ltr' id='par_1_41' title="bbox 492 2254 2117 2337">
     <span class='ocr_line' id='line_1_41' title="bbox 492 2254 2117 2337; baseline -0.009 -15"><span class='ocrx_word' id='word_1_296' title='bbox 492 2265 821 2337; x_wconf 86' lang='lat' dir='ltr'><strong>lmperator</strong></span> <span class='ocrx_word' id='word_1_297' title='bbox 835 2262 1023 2335; x_wconf 90' lang='lat' dir='ltr'><strong>copiis</strong></span> <span class='ocrx_word' id='word_1_298' title='bbox 1050 2263 1311 2316; x_wconf 88' lang='lat' dir='ltr'><strong>Boanem</strong></span> <span class='ocrx_word' id='word_1_299' title='bbox 1342 2259 1472 2331; x_wconf 82' lang='lat' dir='ltr'><strong>ejus</strong></span> <span class='ocrx_word' id='word_1_300' title='bbox 1502 2258 1630 2314; x_wconf 92' lang='lat' dir='ltr'><strong>loco</strong></span> <span class='ocrx_word' id='word_1_301' title='bbox 1660 2255 1929 2328; x_wconf 80' lang='lat' dir='ltr'><strong>praeﬁcit.</strong></span> <span class='ocrx_word' id='word_1_302' title='bbox 1961 2254 2117 2308; x_wconf 90' lang='lat' dir='ltr'><strong>Theo</strong></span> 
     </span>
    </p>
   </div>
   <div class='ocr_carea' id='block_1_42' title="bbox 2226 2254 3947 2338">
    <p class='ocr_par' dir='ltr' id='par_1_42' title="bbox 2253 2255 3947 2338">
     <span class='ocr_line' id='line_1_42' title="bbox 2253 2255 3947 2338; baseline 0.002 -24"><span class='ocrx_word' id='word_1_303' title='bbox 2253 2258 2458 2334; x_wconf 80' lang='grc' dir='ltr'>ρίζεται</span> <span class='ocrx_word' id='word_1_304' title='bbox 2494 2255 2677 2335; x_wconf 77' lang='grc' dir='ltr'>ἓτερον</span> <span class='ocrx_word' id='word_1_305' title='bbox 2716 2259 3023 2338; x_wconf 85' lang='grc' dir='ltr'>στρατηγὸν</span> <span class='ocrx_word' id='word_1_306' title='bbox 3080 2266 3315 2332; x_wconf 79' lang='grc' dir='ltr'>Βοάνην,</span> <span class='ocrx_word' id='word_1_307' title='bbox 3372 2260 3464 2316; x_wconf 86' lang='grc' dir='ltr'>τὸν</span> <span class='ocrx_word' id='word_1_308' title='bbox 3525 2260 3583 2316; x_wconf 72' lang='grc' dir='ltr'>δὲ</span> <span class='ocrx_word' id='word_1_309' title='bbox 3638 2260 3947 2323; x_wconf 45' lang='grc' dir='ltr'>σατελλάα</span> 
     </span>
    </p>
   </div>
   <div class='ocr_carea' id='block_1_43' title="bbox 489 2346 2119 2425">
    <p class='ocr_par' dir='ltr' id='par_1_43' title="bbox 489 2346 2119 2425">
     <span class='ocr_line' id='line_1_43' title="bbox 489 2346 2119 2425; baseline -0.008 -14"><span class='ocrx_word' id='word_1_310' title='bbox 489 2355 701 2411; x_wconf 90' lang='lat' dir='ltr'><strong>dorum</strong></span> <span class='ocrx_word' id='word_1_311' title='bbox 733 2369 909 2425; x_wconf 89' lang='lat' dir='ltr'><strong>porro</strong></span> <span class='ocrx_word' id='word_1_312' title='bbox 941 2350 1319 2407; x_wconf 89' lang='lat' dir='ltr'><strong>sacellarium</strong></span> <span class='ocrx_word' id='word_1_313' title='bbox 1364 2364 1501 2404; x_wconf 89' lang='lat' dir='ltr'><strong>cum</strong></span> <span class='ocrx_word' id='word_1_314' title='bbox 1559 2346 1824 2403; x_wconf 79' lang='lat' dir='ltr'><strong>exercitu</strong></span> <span class='ocrx_word' id='word_1_315' title='bbox 1876 2347 2119 2400; x_wconf 81' lang='lat' dir='ltr'><strong>Romam</strong></span> 
     </span>
    </p>
   </div>
   <div class='ocr_carea' id='block_1_44' title="bbox 2226 2346 3916 2425">
    <p class='ocr_par' dir='ltr' id='par_1_44' title="bbox 2253 2346 3916 2425">
     <span class='ocr_line' id='line_1_44' title="bbox 2253 2346 3916 2425; baseline 0.004 -23"><span class='ocrx_word' id='word_1_316' title='bbox 2253 2367 2368 2423; x_wconf 89' lang='grc' dir='ltr'>ριον</span> <span class='ocrx_word' id='word_1_317' title='bbox 2448 2346 2737 2424; x_wconf 77' lang='grc' dir='ltr'>Θεόδωρον</span> <span class='ocrx_word' id='word_1_318' title='bbox 2798 2349 2931 2423; x_wconf 84' lang='grc' dir='ltr'><strong>μετά</strong></span> <span class='ocrx_word' id='word_1_319' title='bbox 2986 2350 3311 2424; x_wconf 81' lang='grc' dir='ltr'>Ῥωμαϊκῆς</span> <span class='ocrx_word' id='word_1_320' title='bbox 3365 2347 3653 2424; x_wconf 87' lang='grc' dir='ltr'>δυνάμεως</span> <span class='ocrx_word' id='word_1_321' title='bbox 3703 2349 3916 2425; x_wconf 68' lang='grc' dir='ltr'>πέμπει</span> 
     </span>
    </p>
   </div>
   <div class='ocr_carea' id='block_1_45' title="bbox 483 2432 2119 2514">
    <p class='ocr_par' dir='ltr' id='par_1_45' title="bbox 483 2435 2116 2503">
     <span class='ocr_line' id='line_1_45' title="bbox 483 2435 2116 2503; baseline -0.008 -4"><span class='ocrx_word' id='word_1_322' title='bbox 483 2442 765 2499; x_wconf 85' lang='lat' dir='ltr'><strong>adversus</strong></span> <span class='ocrx_word' id='word_1_323' title='bbox 792 2439 1016 2496; x_wconf 81' lang='lat' dir='ltr'><strong>Arabes</strong></span> <span class='ocrx_word' id='word_1_324' title='bbox 1043 2438 1246 2494; x_wconf 89' lang='lat' dir='ltr'><strong>mittit.</strong></span> <span class='ocrx_word' id='word_1_325' title='bbox 1278 2438 1366 2503; x_wconf 90' lang='lat' dir='ltr'><strong>Ei,</strong></span> <span class='ocrx_word' id='word_1_326' title='bbox 1418 2452 1555 2493; x_wconf 91' lang='lat' dir='ltr'><strong>cum</strong></span> <span class='ocrx_word' id='word_1_327' title='bbox 1601 2435 1677 2491; x_wconf 91' lang='lat' dir='ltr'><strong>ad</strong></span> <span class='ocrx_word' id='word_1_328' title='bbox 1726 2435 1999 2491; x_wconf 87' lang='lat' dir='ltr'><strong>Emesam</strong></span> <span class='ocrx_word' id='word_1_329' title='bbox 2050 2447 2116 2486; x_wconf 87' lang='lat' dir='ltr'><strong>ve</strong></span> 
     </span>
    </p>
   </div>
   <div class='ocr_carea' id='block_1_46' title="bbox 2226 2432 3912 2514">
    <p class='ocr_par' dir='ltr' id='par_1_46' title="bbox 2249 2432 3912 2514">
     <span class='ocr_line' id='line_1_46' title="bbox 2249 2432 3912 2514; baseline 0.002 -23"><span class='ocrx_word' id='word_1_330' title='bbox 2249 2437 2385 2493; x_wconf 85' lang='grc' dir='ltr'><strong>κατά</strong></span> <span class='ocrx_word' id='word_1_331' title='bbox 2416 2432 2687 2513; x_wconf 78' lang='grc' dir='ltr'>’Δράϐων.</span> <span class='ocrx_word' id='word_1_332' title='bbox 2733 2438 3182 2514; x_wconf 72' lang='grc' dir='ltr'>Παραγενόμενος</span> <span class='ocrx_word' id='word_1_333' title='bbox 3242 2436 3299 2494; x_wconf 77' lang='grc' dir='ltr'>δὲ</span> <span class='ocrx_word' id='word_1_334' title='bbox 3356 2437 3435 2502; x_wconf 71' lang='grc' dir='ltr'><strong>εἷς</strong></span> <span class='ocrx_word' id='word_1_335' title='bbox 3488 2442 3725 2513; x_wconf 85' lang='grc' dir='ltr'>Ἕμεσαν</span> <span class='ocrx_word' id='word_1_336' title='bbox 3782 2460 3912 2495; x_wconf 76' lang='grc' dir='ltr'>συν-</span> 
     </span>
    </p>
   </div>
   <div class='ocr_carea' id='block_1_47' title="bbox 487 2523 2119 2604">
    <p class='ocr_par' dir='ltr' id='par_1_47' title="bbox 487 2524 2119 2602">
     <span class='ocr_line' id='line_1_47' title="bbox 487 2524 2119 2602; baseline -0.007 -13"><span class='ocrx_word' id='word_1_337' title='bbox 487 2533 699 2602; x_wconf 87' lang='lat' dir='ltr'><strong>nisset,</strong></span> <span class='ocrx_word' id='word_1_338' title='bbox 728 2530 988 2588; x_wconf 87' lang='lat' dir='ltr'><strong>occurrit</strong></span> <span class='ocrx_word' id='word_1_339' title='bbox 1015 2544 1247 2585; x_wconf 86' lang='lat' dir='ltr'><strong>ameras</strong></span> <span class='ocrx_word' id='word_1_340' title='bbox 1277 2544 1412 2583; x_wconf 90' lang='lat' dir='ltr'><strong>cum</strong></span> <span class='ocrx_word' id='word_1_341' title='bbox 1440 2524 1824 2582; x_wconf 88' lang='lat' dir='ltr'><strong>multitudine</strong></span> <span class='ocrx_word' id='word_1_342' title='bbox 1869 2524 2119 2579; x_wconf 86' lang='lat' dir='ltr'><strong>Sarrace</strong></span> 
     </span>
    </p>
   </div>
   <div class='ocr_carea' id='block_1_48' title="bbox 2226 2523 3907 2604">
    <p class='ocr_par' dir='ltr' id='par_1_48' title="bbox 2247 2523 3907 2604">
     <span class='ocr_line' id='line_1_48' title="bbox 2247 2523 3907 2604; baseline 0.002 -23"><span class='ocrx_word' id='word_1_343' title='bbox 2247 2529 2379 2597; x_wconf 84' lang='grc' dir='ltr'>αντᾷ</span> <span class='ocrx_word' id='word_1_344' title='bbox 2432 2523 2649 2595; x_wconf 81' lang='grc' dir='ltr'>πλῆθος</span> <span class='ocrx_word' id='word_1_345' title='bbox 2708 2531 3033 2601; x_wconf 79' lang='grc' dir='ltr'>Σαρακηνῶν</span> <span class='ocrx_word' id='word_1_346' title='bbox 3107 2527 3196 2583; x_wconf 82' lang='grc' dir='ltr'><strong>καὶ</strong></span> <span class='ocrx_word' id='word_1_347' title='bbox 3250 2526 3344 2583; x_wconf 84' lang='grc' dir='ltr'>τὸν</span> <span class='ocrx_word' id='word_1_348' title='bbox 3429 2528 3647 2604; x_wconf 83' lang='grc' dir='ltr'>ἀμηρᾶς</span> <span class='ocrx_word' id='word_1_349' title='bbox 3696 2528 3907 2600; x_wconf 71' lang='grc' dir='ltr'>αὐτῶν,</span> 
     </span>
    </p>
   </div>
   <div class='ocr_carea' id='block_1_49' title="bbox 484 2612 2119 2696">
    <p class='ocr_par' dir='ltr' id='par_1_49' title="bbox 484 2612 2115 2690">
     <span class='ocr_line' id='line_1_49' title="bbox 484 2612 2115 2690; baseline -0.007 -12"><span class='ocrx_word' id='word_1_350' title='bbox 484 2638 734 2689; x_wconf 86' lang='lat' dir='ltr'><strong>norum,</strong></span> <span class='ocrx_word' id='word_1_351' title='bbox 759 2624 1072 2690; x_wconf 85' lang='lat' dir='ltr'><strong>castraque</strong></span> <span class='ocrx_word' id='word_1_352' title='bbox 1103 2617 1262 2673; x_wconf 86' lang='lat' dir='ltr'><strong>locat</strong></span> <span class='ocrx_word' id='word_1_353' title='bbox 1306 2615 1382 2672; x_wconf 90' lang='lat' dir='ltr'><strong>ad</strong></span> <span class='ocrx_word' id='word_1_354' title='bbox 1426 2614 1833 2671; x_wconf 87' lang='lat' dir='ltr'><strong>Bardanisium</strong></span> <span class='ocrx_word' id='word_1_355' title='bbox 1868 2612 2115 2667; x_wconf 87' lang='lat' dir='ltr'><strong>ﬂuvium</strong></span> 
     </span>
    </p>
   </div>
   <div class='ocr_carea' id='block_1_50' title="bbox 2226 2612 3907 2696">
    <p class='ocr_par' dir='ltr' id='par_1_50' title="bbox 2245 2615 3907 2696">
     <span class='ocr_line' id='line_1_50' title="bbox 2245 2615 3907 2696; baseline 0.002 -26"><span class='ocrx_word' id='word_1_356' title='bbox 2245 2615 2336 2671; x_wconf 81' lang='grc' dir='ltr'><strong>καὶ</strong></span> <span class='ocrx_word' id='word_1_357' title='bbox 2366 2615 2444 2680; x_wconf 77' lang='grc' dir='ltr'>εἷς</span> <span class='ocrx_word' id='word_1_358' title='bbox 2470 2617 2561 2672; x_wconf 92' lang='grc' dir='ltr'>τὸν</span> <span class='ocrx_word' id='word_1_359' title='bbox 2595 2619 2679 2690; x_wconf 84' lang='grc' dir='ltr'><strong>[Ρ.</strong></span> <span class='ocrx_word' id='word_1_360' title='bbox 2712 2618 2839 2689; x_wconf 70' lang='grc'><strong>426]</strong></span> <span class='ocrx_word' id='word_1_361' title='bbox 2901 2615 3258 2693; x_wconf 79' lang='grc' dir='ltr'>Βαρδανίσιον</span> <span class='ocrx_word' id='word_1_362' title='bbox 3310 2618 3561 2692; x_wconf 88' lang='grc' dir='ltr'>ποταμὸν</span> <span class='ocrx_word' id='word_1_363' title='bbox 3608 2639 3907 2696; x_wconf 73' lang='grc' dir='ltr'>παραφοσ-</span> 
     </span>
    </p>
   </div>
   <div class='ocr_carea' id='block_1_51' title="bbox 485 2703 2119 2782">
    <p class='ocr_par' dir='ltr' id='par_1_51' title="bbox 485 2703 2102 2782">
     <span class='ocr_line' id='line_1_51' title="bbox 485 2703 2102 2782; baseline -0.007 -15"><span class='ocrx_word' id='word_1_364' title='bbox 485 2711 689 2782; x_wconf 80' lang='lat' dir='ltr'><strong>Itaque</strong></span> <span class='ocrx_word' id='word_1_365' title='bbox 708 2710 1033 2779; x_wconf 83' lang='lat' dir='ltr'><strong>Heraclius,</strong></span> <span class='ocrx_word' id='word_1_366' title='bbox 1056 2708 1235 2764; x_wconf 84' lang='lat' dir='ltr'><strong>rebus</strong></span> <span class='ocrx_word' id='word_1_367' title='bbox 1256 2705 1607 2777; x_wconf 84' lang='lat' dir='ltr'><strong>desperatis,</strong></span> <span class='ocrx_word' id='word_1_368' title='bbox 1631 2704 1860 2777; x_wconf 88' lang='lat' dir='ltr'><strong>Syriam</strong></span> <span class='ocrx_word' id='word_1_369' title='bbox 1878 2703 2102 2759; x_wconf 89' lang='lat' dir='ltr'><strong>deserit</strong></span> 
     </span>
    </p>
   </div>
   <div class='ocr_carea' id='block_1_52' title="bbox 2226 2703 3903 2782">
    <p class='ocr_par' dir='ltr' id='par_1_52' title="bbox 2246 2703 3903 2780">
     <span class='ocr_line' id='line_1_52' title="bbox 2246 2703 3903 2780; baseline 0.002 -21"><span class='ocrx_word' id='word_1_370' title='bbox 2246 2704 2478 2761; x_wconf 88' lang='grc' dir='ltr'>σατεύει.</span> <span class='ocrx_word' id='word_1_371' title='bbox 2534 2704 2855 2780; x_wconf 81' lang='grc' dir='ltr'>Ἡράκλειος</span> <span class='ocrx_word' id='word_1_372' title='bbox 2897 2703 2955 2762; x_wconf 78' lang='grc' dir='ltr'>δὲ</span> <span class='ocrx_word' id='word_1_373' title='bbox 3002 2705 3306 2769; x_wconf 81' lang='grc' dir='ltr'>ἀπελπίσας</span> <span class='ocrx_word' id='word_1_374' title='bbox 3349 2705 3751 2780; x_wconf 80' lang='grc' dir='ltr'>καταλιμπάνει</span> <span class='ocrx_word' id='word_1_375' title='bbox 3798 2709 3903 2778; x_wconf 80' lang='grc' dir='ltr'><strong>τήν</strong></span> 
     </span>
    </p>
   </div>
   <div class='ocr_carea' id='block_1_53' title="bbox 486 2791 2119 2871">
    <p class='ocr_par' dir='ltr' id='par_1_53' title="bbox 486 2791 2119 2870">
     <span class='ocr_line' id='line_1_53' title="bbox 486 2791 2119 2870; baseline -0.007 -14"><span class='ocrx_word' id='word_1_376' title='bbox 486 2800 857 2870; x_wconf 86' lang='lat' dir='ltr'><strong>sublatisque</strong></span> <span class='ocrx_word' id='word_1_377' title='bbox 913 2797 1334 2868; x_wconf 85' lang='lat' dir='ltr'><strong>Hierosolymis</strong></span> <span class='ocrx_word' id='word_1_378' title='bbox 1412 2793 1850 2851; x_wconf 87' lang='lat' dir='ltr'><strong>venerabilibus</strong></span> <span class='ocrx_word' id='word_1_379' title='bbox 1936 2791 2119 2865; x_wconf 85' lang='lat' dir='ltr'><strong>lignis</strong></span> 
     </span>
    </p>
   </div>
   <div class='ocr_carea' id='block_1_54' title="bbox 2226 2791 3900 2871">
    <p class='ocr_par' dir='ltr' id='par_1_54' title="bbox 2246 2792 3900 2871">
     <span class='ocr_line' id='line_1_54' title="bbox 2246 2792 3900 2871; baseline 0.002 -23"><span class='ocrx_word' id='word_1_380' title='bbox 2246 2793 2470 2868; x_wconf 79' lang='grc' dir='ltr'>Συρίαν,</span> <span class='ocrx_word' id='word_1_381' title='bbox 2499 2793 2587 2850; x_wconf 86' lang='grc' dir='ltr'><strong>καὶ</strong></span> <span class='ocrx_word' id='word_1_382' title='bbox 2614 2792 2747 2869; x_wconf 73' lang='grc' dir='ltr'>ἄρας</span> <span class='ocrx_word' id='word_1_383' title='bbox 2777 2795 2845 2850; x_wconf 73' lang='grc' dir='ltr'>τὰ</span> <span class='ocrx_word' id='word_1_384' title='bbox 2862 2794 3022 2868; x_wconf 87' lang='grc' dir='ltr'>τίμια</span> <span class='ocrx_word' id='word_1_385' title='bbox 3050 2794 3188 2869; x_wconf 80' lang='grc' dir='ltr'>ξύλα</span> <span class='ocrx_word' id='word_1_386' title='bbox 3213 2795 3323 2851; x_wconf 90' lang='grc' dir='ltr'>ἀπὸ</span> <span class='ocrx_word' id='word_1_387' title='bbox 3367 2795 3773 2871; x_wconf 85' lang='grc' dir='ltr'>Ἰεροσολύμων</span> <span class='ocrx_word' id='word_1_388' title='bbox 3808 2795 3900 2852; x_wconf 69' lang='grc' dir='ltr'>ἐπὶ</span> 
     </span>
    </p>
   </div>
   <div class='ocr_carea' id='block_1_55' title="bbox 487 2881 2119 2959">
    <p class='ocr_par' dir='ltr' id='par_1_55' title="bbox 487 2882 2119 2958">
     <span class='ocr_line' id='line_1_55' title="bbox 487 2882 2119 2958; baseline -0.004 -15"><span class='ocrx_word' id='word_1_389' title='bbox 487 2886 1044 2958; x_wconf 75' lang='lat' dir='ltr'><strong>Censtantinopolin</strong></span> <span class='ocrx_word' id='word_1_390' title='bbox 1074 2885 1201 2941; x_wconf 89' lang='lat' dir='ltr'><strong>abit</strong></span> <span class='ocrx_word' id='word_1_391' title='bbox 1252 2887 1508 2940; x_wconf 85' lang='lat' dir='ltr'><strong>Boanem</strong></span> <span class='ocrx_word' id='word_1_392' title='bbox 1539 2889 1740 2939; x_wconf 89' lang='lat' dir='ltr'><strong>autem</strong></span> <span class='ocrx_word' id='word_1_393' title='bbox 1788 2898 1824 2938; x_wconf 87' lang='lat' dir='ltr'><strong>a</strong></span> <span class='ocrx_word' id='word_1_394' title='bbox 1851 2882 2119 2937; x_wconf 66' lang='lat' dir='ltr'><strong>Damascr</strong></span> 
     </span>
    </p>
   </div>
   <div class='ocr_carea' id='block_1_56' title="bbox 2226 2881 3901 2959">
    <p class='ocr_par' dir='ltr' id='par_1_56' title="bbox 2243 2881 3901 2959">
     <span class='ocr_line' id='line_1_56' title="bbox 2243 2881 3901 2959; baseline 0.001 -19"><span class='ocrx_word' id='word_1_395' title='bbox 2243 2881 2815 2940; x_wconf 82' lang='grc' dir='ltr'>Κωνσταντινούπολιν</span> <span class='ocrx_word' id='word_1_396' title='bbox 2845 2883 3029 2959; x_wconf 72' lang='grc' dir='ltr'>ἀπῄει.</span> <span class='ocrx_word' id='word_1_397' title='bbox 3064 2885 3276 2957; x_wconf 75' lang='grc' dir='ltr'>Βοάνην</span> <span class='ocrx_word' id='word_1_398' title='bbox 3334 2882 3393 2940; x_wconf 74' lang='grc' dir='ltr'>δὲ</span> <span class='ocrx_word' id='word_1_399' title='bbox 3438 2884 3545 2941; x_wconf 88' lang='grc' dir='ltr'>ἀπὸ</span> <span class='ocrx_word' id='word_1_400' title='bbox 3600 2890 3901 2958; x_wconf 74' lang='grc' dir='ltr'>Δαμασκοῦ</span> 
     </span>
    </p>
   </div>
   <div class='ocr_carea' id='block_1_57' title="bbox 492 2968 2119 3052">
    <p class='ocr_par' dir='ltr' id='par_1_57' title="bbox 492 2970 2119 3047">
     <span class='ocr_line' id='line_1_57' title="bbox 492 2970 2119 3047; baseline -0.004 -16"><span class='ocrx_word' id='word_1_401' title='bbox 492 2977 767 3032; x_wconf 83' lang='lat' dir='ltr'><strong>Emesam</strong></span> <span class='ocrx_word' id='word_1_402' title='bbox 798 2975 1091 3032; x_wconf 84' lang='lat' dir='ltr'><strong>divertere</strong></span> <span class='ocrx_word' id='word_1_403' title='bbox 1113 2974 1307 3047; x_wconf 85' lang='lat' dir='ltr'><strong>jubet,</strong></span> <span class='ocrx_word' id='word_1_404' title='bbox 1356 2979 1416 3029; x_wconf 91' lang='lat' dir='ltr'><strong>et</strong></span> <span class='ocrx_word' id='word_1_405' title='bbox 1459 2972 1831 3029; x_wconf 87' lang='lat' dir='ltr'><strong>Theodorum</strong></span> <span class='ocrx_word' id='word_1_406' title='bbox 1887 2970 2119 3027; x_wconf 78' lang='lat' dir='ltr'><strong>sacella</strong></span> 
     </span>
    </p>
   </div>
   <div class='ocr_carea' id='block_1_58' title="bbox 2226 2968 3900 3052">
    <p class='ocr_par' dir='ltr' id='par_1_58' title="bbox 2242 2968 3900 3052">
     <span class='ocr_line' id='line_1_58' title="bbox 2242 2968 3900 3052; baseline 0.002 -25"><span class='ocrx_word' id='word_1_407' title='bbox 2242 2972 2318 3034; x_wconf 81' lang='grc' dir='ltr'><strong>είς</strong></span> <span class='ocrx_word' id='word_1_408' title='bbox 2346 2975 2584 3047; x_wconf 85' lang='grc' dir='ltr'>Ἕμεσαν</span> <span class='ocrx_word' id='word_1_409' title='bbox 2612 2973 2849 3052; x_wconf 77' lang='grc' dir='ltr'>στρέφει,</span> <span class='ocrx_word' id='word_1_410' title='bbox 2879 2973 2970 3030; x_wconf 81' lang='grc' dir='ltr'><strong>καὶ</strong></span> <span class='ocrx_word' id='word_1_411' title='bbox 3002 2972 3282 3049; x_wconf 89' lang='grc' dir='ltr'>Θεόδωρον</span> <span class='ocrx_word' id='word_1_412' title='bbox 3306 2971 3666 3051; x_wconf 85' lang='grc' dir='ltr'>σακελλάριον</span> <span class='ocrx_word' id='word_1_413' title='bbox 3691 2968 3900 3051; x_wconf 81' lang='grc' dir='ltr'>ἔχοντα</span> 
     </span>
    </p>
   </div>
   <div class='ocr_carea' id='block_1_59' title="bbox 496 3057 2119 3138">
    <p class='ocr_par' dir='ltr' id='par_1_59' title="bbox 496 3059 2119 3136">
     <span class='ocr_line' id='line_1_59' title="bbox 496 3059 2119 3136; baseline -0.005 -13"><span class='ocrx_word' id='word_1_414' title='bbox 496 3066 651 3122; x_wconf 90' lang='lat' dir='ltr'><strong>rium</strong></span> <span class='ocrx_word' id='word_1_415' title='bbox 680 3081 818 3122; x_wconf 90' lang='lat' dir='ltr'><strong>cum</strong></span> <span class='ocrx_word' id='word_1_416' title='bbox 849 3065 1110 3121; x_wconf 81' lang='lat' dir='ltr'><strong>exercitu</strong></span> <span class='ocrx_word' id='word_1_417' title='bbox 1131 3062 1524 3136; x_wconf 77' lang='lat' dir='ltr'><strong>quadraginta</strong></span> <span class='ocrx_word' id='word_1_418' title='bbox 1541 3060 1891 3117; x_wconf 85' lang='lat' dir='ltr'><strong>millium.Hi</strong></span> <span class='ocrx_word' id='word_1_419' title='bbox 1910 3059 2119 3116; x_wconf 75' lang='lat' dir='ltr'><strong>Arabe:</strong></span> 
     </span>
    </p>
   </div>
   <div class='ocr_carea' id='block_1_60' title="bbox 2226 3057 3899 3138">
    <p class='ocr_par' dir='ltr' id='par_1_60' title="bbox 2240 3057 3899 3138">
     <span class='ocr_line' id='line_1_60' title="bbox 2240 3057 3899 3138; baseline 0.002 -22"><span class='ocrx_word' id='word_1_420' title='bbox 2240 3061 2466 3134; x_wconf 78' lang='grc' dir='ltr'>στρατὸν</span> <span class='ocrx_word' id='word_1_421' title='bbox 2498 3059 2758 3137; x_wconf 82' lang='grc' dir='ltr'>χιλιάδας</span> <span class='ocrx_word' id='word_1_422' title='bbox 2795 3068 2866 3136; x_wconf 70' lang='grc' dir='ltr'>μ’.</span> <span class='ocrx_word' id='word_1_423' title='bbox 2901 3062 2999 3117; x_wconf 82' lang='grc' dir='ltr'><strong>Καὶ</strong></span> <span class='ocrx_word' id='word_1_424' title='bbox 3031 3060 3290 3118; x_wconf 84' lang='grc' dir='ltr'>διώκουσι</span> <span class='ocrx_word' id='word_1_425' title='bbox 3317 3062 3447 3125; x_wconf 81' lang='grc' dir='ltr'>τοὺς</span> <span class='ocrx_word' id='word_1_426' title='bbox 3493 3057 3737 3138; x_wconf 64' lang='grc' dir='ltr'><strong>¹Ἄραϐας</strong></span> <span class='ocrx_word' id='word_1_427' title='bbox 3785 3063 3899 3120; x_wconf 84' lang='grc' dir='ltr'>ἀπὸ</span> 
     </span>
    </p>
   </div>
   <div class='ocr_carea' id='block_1_61' title="bbox 484 3148 2119 3230">
    <p class='ocr_par' dir='ltr' id='par_1_61' title="bbox 484 3155 1891 3224">
     <span class='ocr_line' id='line_1_61' title="bbox 484 3155 1891 3224; baseline -0.004 -12"><span class='ocrx_word' id='word_1_428' title='bbox 484 3155 559 3212; x_wconf 83' lang='lat' dir='ltr'><strong>ab</strong></span> <span class='ocrx_word' id='word_1_429' title='bbox 587 3156 801 3211; x_wconf 85' lang='lat' dir='ltr'><strong>Emesa</strong></span> <span class='ocrx_word' id='word_1_430' title='bbox 832 3155 1183 3210; x_wconf 83' lang='lat' dir='ltr'><strong>Damascum</strong></span> <span class='ocrx_word' id='word_1_431' title='bbox 1212 3168 1401 3224; x_wconf 88' lang='lat' dir='ltr'><strong>usque</strong></span> <span class='ocrx_word' id='word_1_432' title='bbox 1430 3155 1891 3223; x_wconf 88' lang='lat' dir='ltr'><strong>persequuntur.</strong></span> 
     </span>
    </p>
   </div>
   <div class='ocr_carea' id='block_1_62' title="bbox 2226 3148 2946 3230">
    <p class='ocr_par' dir='ltr' id='par_1_62' title="bbox 2247 3148 2946 3226">
     <span class='ocr_line' id='line_1_62' title="bbox 2247 3148 2946 3226; baseline -0.001 -19"><span class='ocrx_word' id='word_1_433' title='bbox 2247 3152 2485 3226; x_wconf 73' lang='grc' dir='ltr'>Ἐμέσης</span> <span class='ocrx_word' id='word_1_434' title='bbox 2501 3148 2606 3214; x_wconf 76' lang='grc' dir='ltr'>ἓως</span> <span class='ocrx_word' id='word_1_435' title='bbox 2639 3154 2946 3225; x_wconf 81' lang='grc' dir='ltr'>Δαμασκοῦ.</span> 
     </span>
    </p>
   </div>
   <div class='ocr_carea' id='block_1_63' title="bbox 553 3234 2119 3317">
    <p class='ocr_par' dir='ltr' id='par_1_63' title="bbox 553 3238 2119 3315">
     <span class='ocr_line' id='line_1_63' title="bbox 553 3238 2119 3315; baseline -0.005 -15"><span class='ocrx_word' id='word_1_436' title='bbox 553 3247 727 3300; x_wconf 76' lang='lat' dir='ltr'><strong>Anno</strong></span> <span class='ocrx_word' id='word_1_437' title='bbox 775 3242 1058 3315; x_wconf 83' lang='lat' dir='ltr'><strong>vigesimo</strong></span> <span class='ocrx_word' id='word_1_438' title='bbox 1117 3241 1326 3313; x_wconf 88' lang='lat' dir='ltr'><strong>quinto</strong></span> <span class='ocrx_word' id='word_1_439' title='bbox 1388 3239 1697 3296; x_wconf 87' lang='lat' dir='ltr'><strong>Sarraceni</strong></span> <span class='ocrx_word' id='word_1_440' title='bbox 1748 3238 2119 3294; x_wconf 63' lang='lat' dir='ltr'><strong>multitudine</strong></span> 
     </span>
    </p>
   </div>
   <div class='ocr_carea' id='block_1_64' title="bbox 2226 3234 3895 3317">
    <p class='ocr_par' dir='ltr' id='par_1_64' title="bbox 2315 3234 3895 3317">
     <span class='ocr_line' id='line_1_64' title="bbox 2315 3234 3895 3317; baseline 0.001 -21"><span class='ocrx_word' id='word_1_441' title='bbox 2315 3244 2406 3312; x_wconf 85' lang='grc' dir='ltr'><strong>Τῷ</strong></span> <span class='ocrx_word' id='word_1_442' title='bbox 2443 3240 2519 3294; x_wconf 76' lang='grc' dir='ltr'>κε’</span> <span class='ocrx_word' id='word_1_443' title='bbox 2571 3234 2680 3296; x_wconf 84' lang='grc' dir='ltr'>ἔτει</span> <span class='ocrx_word' id='word_1_444' title='bbox 2730 3239 3200 3317; x_wconf 74' lang='grc' dir='ltr'>ὲπιστρατεύουσιν</span> <span class='ocrx_word' id='word_1_445' title='bbox 3257 3241 3310 3296; x_wconf 73' lang='grc' dir='ltr'>οἱ</span> <span class='ocrx_word' id='word_1_446' title='bbox 3379 3240 3690 3317; x_wconf 81' lang='grc' dir='ltr'>Σαρακηνοί</span> <span class='ocrx_word' id='word_1_447' title='bbox 3749 3240 3895 3315; x_wconf 77' lang='grc' dir='ltr'>μετᾶ</span> 
     </span>
    </p>
   </div>
   <div class='ocr_carea' id='block_1_65' title="bbox 480 3322 2119 3406">
    <p class='ocr_par' dir='ltr' id='par_1_65' title="bbox 480 3328 2119 3403">
     <span class='ocr_line' id='line_1_65' title="bbox 480 3328 2119 3403; baseline -0.004 -14"><span class='ocrx_word' id='word_1_448' title='bbox 480 3333 746 3389; x_wconf 83' lang='lat' dir='ltr'><strong>Arabum</strong></span> <span class='ocrx_word' id='word_1_449' title='bbox 778 3331 980 3403; x_wconf 85' lang='lat' dir='ltr'><strong>stipati</strong></span> <span class='ocrx_word' id='word_1_450' title='bbox 1010 3330 1240 3386; x_wconf 90' lang='lat' dir='ltr'><strong>bellum</strong></span> <span class='ocrx_word' id='word_1_451' title='bbox 1284 3329 1572 3396; x_wconf 81' lang='lat' dir='ltr'><strong>inferunt,</strong></span> <span class='ocrx_word' id='word_1_452' title='bbox 1622 3328 1892 3398; x_wconf 76' lang='lat' dir='ltr'><strong>factaque</strong></span> <span class='ocrx_word' id='word_1_453' title='bbox 1940 3342 2119 3398; x_wconf 68' lang='lat' dir='ltr'><strong>pugna</strong></span> 
     </span>
    </p>
   </div>
   <div class='ocr_carea' id='block_1_66' title="bbox 2226 3322 3899 3406">
    <p class='ocr_par' dir='ltr' id='par_1_66' title="bbox 2236 3322 3899 3406">
     <span class='ocr_line' id='line_1_66' title="bbox 2236 3322 3899 3406; baseline 0.001 -24"><span class='ocrx_word' id='word_1_454' title='bbox 2236 3325 2489 3398; x_wconf 79' lang='grc' dir='ltr'>πλήθους</span> <span class='ocrx_word' id='word_1_455' title='bbox 2518 3322 2789 3402; x_wconf 82' lang='grc' dir='ltr'>’Λράϐων,</span> <span class='ocrx_word' id='word_1_456' title='bbox 2844 3328 2937 3384; x_wconf 78' lang='grc' dir='ltr'><strong>καὶ</strong></span> <span class='ocrx_word' id='word_1_457' title='bbox 2995 3324 3284 3402; x_wconf 78' lang='grc' dir='ltr'>συμϐολῆς</span> <span class='ocrx_word' id='word_1_458' title='bbox 3321 3327 3622 3406; x_wconf 72' lang='grc' dir='ltr'>γενομξνης</span> <span class='ocrx_word' id='word_1_459' title='bbox 3674 3330 3899 3398; x_wconf 77' lang='grc' dir='ltr'>ἡττῶν-</span> 
     </span>
    </p>
   </div>
   <div class='ocr_carea' id='block_1_67' title="bbox 479 3414 2119 3494">
    <p class='ocr_par' dir='ltr' id='par_1_67' title="bbox 479 3414 2119 3479">
     <span class='ocr_line' id='line_1_67' title="bbox 479 3414 2119 3479; baseline -0.005 -1"><span class='ocrx_word' id='word_1_460' title='bbox 479 3424 782 3479; x_wconf 81' lang='lat' dir='ltr'><strong>Romanos</strong></span> <span class='ocrx_word' id='word_1_461' title='bbox 811 3419 1073 3475; x_wconf 88' lang='lat' dir='ltr'><strong>vincunt.</strong></span> <span class='ocrx_word' id='word_1_462' title='bbox 1104 3419 1290 3472; x_wconf 92' lang='lat' dir='ltr'><strong>Porro</strong></span> <span class='ocrx_word' id='word_1_463' title='bbox 1320 3416 1543 3472; x_wconf 88' lang='lat' dir='ltr'><strong>milites</strong></span> <span class='ocrx_word' id='word_1_464' title='bbox 1580 3416 1792 3472; x_wconf 88' lang='lat' dir='ltr'><strong>Baanis</strong></span> <span class='ocrx_word' id='word_1_465' title='bbox 1840 3414 2119 3471; x_wconf 68' lang='lat' dir='ltr'><strong>seditione</strong></span> 
     </span>
    </p>
   </div>
   <div class='ocr_carea' id='block_1_68' title="bbox 2226 3414 3901 3494">
    <p class='ocr_par' dir='ltr' id='par_1_68' title="bbox 2235 3415 3901 3494">
     <span class='ocr_line' id='line_1_68' title="bbox 2235 3415 3901 3494; baseline 0.001 -23"><span class='ocrx_word' id='word_1_466' title='bbox 2235 3437 2323 3471; x_wconf 90' lang='grc' dir='ltr'><strong>ται</strong></span> <span class='ocrx_word' id='word_1_467' title='bbox 2352 3420 2642 3489; x_wconf 85' lang='grc' dir='ltr'>Ῥωμαῖοι.</span> <span class='ocrx_word' id='word_1_468' title='bbox 2676 3419 3065 3479; x_wconf 81' lang='grc' dir='ltr'>Στασιάσαντες</span> <span class='ocrx_word' id='word_1_469' title='bbox 3089 3415 3148 3473; x_wconf 75' lang='grc' dir='ltr'>δὲ</span> <span class='ocrx_word' id='word_1_470' title='bbox 3204 3420 3255 3473; x_wconf 80' lang='grc' dir='ltr'>οἱ</span> <span class='ocrx_word' id='word_1_471' title='bbox 3308 3418 3435 3492; x_wconf 85' lang='grc' dir='ltr'>περὶ</span> <span class='ocrx_word' id='word_1_472' title='bbox 3474 3417 3687 3489; x_wconf 82' lang='grc' dir='ltr'>Βαάνην</span> <span class='ocrx_word' id='word_1_473' title='bbox 3721 3417 3901 3494; x_wconf 81' lang='grc' dir='ltr'>Ἠρά-</span> 
     </span>
    </p>
   </div>
   <div class='ocr_carea' id='block_1_69' title="bbox 483 3504 2119 3583">
    <p class='ocr_par' dir='ltr' id='par_1_69' title="bbox 483 3504 2119 3579">
     <span class='ocr_line' id='line_1_69' title="bbox 483 3504 2119 3579; baseline -0.003 -14"><span class='ocrx_word' id='word_1_474' title='bbox 483 3514 665 3579; x_wconf 86' lang='lat' dir='ltr'><strong>mota,</strong></span> <span class='ocrx_word' id='word_1_475' title='bbox 700 3507 969 3565; x_wconf 82' lang='lat' dir='ltr'><strong>Heraclio</strong></span> <span class='ocrx_word' id='word_1_476' title='bbox 1027 3506 1344 3578; x_wconf 88' lang='lat' dir='ltr'><strong>imperium</strong></span> <span class='ocrx_word' id='word_1_477' title='bbox 1399 3505 1704 3577; x_wconf 80' lang='lat' dir='ltr'><strong>abrogant,</strong></span> <span class='ocrx_word' id='word_1_478' title='bbox 1755 3504 2119 3575; x_wconf 72' lang='lat' dir='ltr'><strong>Baanemque</strong></span> 
     </span>
    </p>
   </div>
   <div class='ocr_carea' id='block_1_70' title="bbox 2226 3504 3897 3583">
    <p class='ocr_par' dir='ltr' id='par_1_70' title="bbox 2234 3505 3897 3583">
     <span class='ocr_line' id='line_1_70' title="bbox 2234 3505 3897 3583; baseline 0.002 -23"><span class='ocrx_word' id='word_1_479' title='bbox 2234 3505 2418 3560; x_wconf 89' lang='grc' dir='ltr'>κλειον</span> <span class='ocrx_word' id='word_1_480' title='bbox 2492 3505 2931 3581; x_wconf 85' lang='grc' dir='ltr'>ἀποκηρύττουσι</span> <span class='ocrx_word' id='word_1_481' title='bbox 3009 3506 3100 3562; x_wconf 79' lang='grc' dir='ltr'><strong>καὶ</strong></span> <span class='ocrx_word' id='word_1_482' title='bbox 3183 3508 3394 3579; x_wconf 83' lang='grc' dir='ltr'>Βαάνην</span> <span class='ocrx_word' id='word_1_483' title='bbox 3462 3506 3897 3583; x_wconf 78' lang='grc' dir='ltr'>ἀναγορεύουσιν</span> 
     </span>
    </p>
   </div>
   <div class='ocr_carea' id='block_1_71' title="bbox 480 3592 2119 3671">
    <p class='ocr_par' dir='ltr' id='par_1_71' title="bbox 480 3592 2119 3670">
     <span class='ocr_line' id='line_1_71' title="bbox 480 3592 2119 3670; baseline -0.002 -18"><span class='ocrx_word' id='word_1_484' title='bbox 480 3597 903 3670; x_wconf 88' lang='lat' dir='ltr'><strong>imperatorem</strong></span> <span class='ocrx_word' id='word_1_485' title='bbox 960 3595 1294 3668; x_wconf 88' lang='lat' dir='ltr'><strong>designant.</strong></span> <span class='ocrx_word' id='word_1_486' title='bbox 1344 3595 1585 3649; x_wconf 85' lang='lat' dir='ltr'><strong>Interim</strong></span> <span class='ocrx_word' id='word_1_487' title='bbox 1641 3592 1948 3649; x_wconf 89' lang='lat' dir='ltr'><strong>sacellario</strong></span> <span class='ocrx_word' id='word_1_488' title='bbox 1997 3609 2119 3648; x_wconf 85' lang='lat' dir='ltr'><strong>cum</strong></span> 
     </span>
    </p>
   </div>
   <div class='ocr_carea' id='block_1_72' title="bbox 2226 3592 3901 3671">
    <p class='ocr_par' dir='ltr' id='par_1_72' title="bbox 2238 3592 3901 3671">
     <span class='ocr_line' id='line_1_72' title="bbox 2238 3592 3901 3671; baseline 0.002 -24"><span class='ocrx_word' id='word_1_489' title='bbox 2238 3592 2487 3667; x_wconf 73' lang='grc' dir='ltr'>βασιλέα.</span> <span class='ocrx_word' id='word_1_490' title='bbox 2521 3595 2611 3651; x_wconf 87' lang='grc' dir='ltr'><strong>Ἐν</strong></span> <span class='ocrx_word' id='word_1_491' title='bbox 2630 3595 2845 3658; x_wconf 86' lang='grc' dir='ltr'>τούτοις</span> <span class='ocrx_word' id='word_1_492' title='bbox 2880 3595 3265 3671; x_wconf 79' lang='grc' dir='ltr'>ὑποχωροῦσιν</span> <span class='ocrx_word' id='word_1_493' title='bbox 3297 3596 3350 3650; x_wconf 76' lang='grc' dir='ltr'>οἱ</span> <span class='ocrx_word' id='word_1_494' title='bbox 3382 3593 3507 3671; x_wconf 83' lang='grc' dir='ltr'>περὶ</span> <span class='ocrx_word' id='word_1_495' title='bbox 3535 3595 3628 3650; x_wconf 89' lang='grc' dir='ltr'>τὸν</span> <span class='ocrx_word' id='word_1_496' title='bbox 3685 3593 3901 3651; x_wconf 80' lang='grc' dir='ltr'>σακελ-</span> 
     </span>
    </p>
   </div>
   <div class='ocr_carea' id='block_1_73' title="bbox 480 3677 2119 3759">
    <p class='ocr_par' dir='ltr' id='par_1_73' title="bbox 480 3683 2119 3756">
     <span class='ocr_line' id='line_1_73' title="bbox 480 3683 2119 3756; baseline -0.003 -13"><span class='ocrx_word' id='word_1_497' title='bbox 480 3688 604 3743; x_wconf 87' lang='lat' dir='ltr'><strong>suis</strong></span> <span class='ocrx_word' id='word_1_498' title='bbox 633 3686 972 3756; x_wconf 88' lang='lat' dir='ltr'><strong>recedente,</strong></span> <span class='ocrx_word' id='word_1_499' title='bbox 1006 3685 1311 3743; x_wconf 88' lang='lat' dir='ltr'><strong>Sarraceni</strong></span> <span class='ocrx_word' id='word_1_500' title='bbox 1340 3684 1644 3740; x_wconf 87' lang='lat' dir='ltr'><strong>licentiam</strong></span> <span class='ocrx_word' id='word_1_501' title='bbox 1674 3683 1853 3753; x_wconf 89' lang='lat' dir='ltr'><strong>nacti,</strong></span> <span class='ocrx_word' id='word_1_502' title='bbox 1903 3683 2119 3739; x_wconf 86' lang='lat' dir='ltr'><strong>bellum</strong></span> 
     </span>
    </p>
   </div>
   <div class='ocr_carea' id='block_1_74' title="bbox 2226 3677 3897 3759">
    <p class='ocr_par' dir='ltr' id='par_1_74' title="bbox 2235 3677 3897 3759">
     <span class='ocr_line' id='line_1_74' title="bbox 2235 3677 3897 3759; baseline 0.002 -23"><span class='ocrx_word' id='word_1_503' title='bbox 2235 3678 2445 3757; x_wconf 84' lang='grc' dir='ltr'>λάριον,</span> <span class='ocrx_word' id='word_1_504' title='bbox 2503 3682 2595 3737; x_wconf 84' lang='grc' dir='ltr'><strong>καὶ</strong></span> <span class='ocrx_word' id='word_1_505' title='bbox 2661 3683 2714 3736; x_wconf 76' lang='grc' dir='ltr'>οἱ</span> <span class='ocrx_word' id='word_1_506' title='bbox 2770 3684 3072 3758; x_wconf 83' lang='grc' dir='ltr'>Σαρακηνοὶ</span> <span class='ocrx_word' id='word_1_507' title='bbox 3126 3684 3376 3759; x_wconf 81' lang='grc' dir='ltr'>εὑρόντες</span> <span class='ocrx_word' id='word_1_508' title='bbox 3421 3679 3602 3738; x_wconf 81' lang='grc' dir='ltr'>ἃδειαν</span> <span class='ocrx_word' id='word_1_509' title='bbox 3635 3677 3897 3757; x_wconf 76' lang='grc' dir='ltr'>συμϐάλ-</span> 
     </span>
    </p>
   </div>
   <div class='ocr_carea' id='block_1_75' title="bbox 480 3770 2119 3847">
    <p class='ocr_par' dir='ltr' id='par_1_75' title="bbox 480 3770 2119 3843">
     <span class='ocr_line' id='line_1_75' title="bbox 480 3770 2119 3843; baseline -0.003 -15"><span class='ocrx_word' id='word_1_510' title='bbox 480 3773 658 3830; x_wconf 87' lang='lat' dir='ltr'><strong>Baani</strong></span> <span class='ocrx_word' id='word_1_511' title='bbox 691 3774 841 3830; x_wconf 71' lang='grc'><strong>746</strong></span> <span class='ocrx_word' id='word_1_512' title='bbox 862 3773 1105 3843; x_wconf 78' lang='lat' dir='ltr'><strong>faciunt,</strong></span> <span class='ocrx_word' id='word_1_513' title='bbox 1125 3788 1381 3842; x_wconf 89' lang='lat' dir='ltr'><strong>eumque</strong></span> <span class='ocrx_word' id='word_1_514' title='bbox 1402 3772 1665 3827; x_wconf 87' lang='lat' dir='ltr'><strong>vincunt.</strong></span> <span class='ocrx_word' id='word_1_515' title='bbox 1689 3773 1831 3826; x_wconf 89' lang='lat' dir='ltr'><strong>Nam</strong></span> <span class='ocrx_word' id='word_1_516' title='bbox 1856 3770 2119 3838; x_wconf 78' lang='lat' dir='ltr'><strong>Romani,</strong></span> 
     </span>
    </p>
   </div>
   <div class='ocr_carea' id='block_1_76' title="bbox 2226 3770 3895 3847">
    <p class='ocr_par' dir='ltr' id='par_1_76' title="bbox 2234 3770 3895 3847">
     <span class='ocr_line' id='line_1_76' title="bbox 2234 3770 3895 3847; baseline 0.001 -21"><span class='ocrx_word' id='word_1_517' title='bbox 2234 3770 2393 3826; x_wconf 90' lang='grc' dir='ltr'>λουσι</span> <span class='ocrx_word' id='word_1_518' title='bbox 2463 3771 2595 3845; x_wconf 74' lang='grc' dir='ltr'>μετὰ</span> <span class='ocrx_word' id='word_1_519' title='bbox 2652 3772 2891 3835; x_wconf 80' lang='grc' dir='ltr'>Βαάνους</span> <span class='ocrx_word' id='word_1_520' title='bbox 2948 3772 3199 3847; x_wconf 87' lang='grc' dir='ltr'>πόλεμον</span> <span class='ocrx_word' id='word_1_521' title='bbox 3252 3773 3341 3828; x_wconf 81' lang='grc' dir='ltr'><strong>καὶ</strong></span> <span class='ocrx_word' id='word_1_522' title='bbox 3403 3775 3641 3842; x_wconf 79' lang='grc' dir='ltr'>ἡττῶσιν</span> <span class='ocrx_word' id='word_1_523' title='bbox 3700 3771 3895 3829; x_wconf 78' lang='grc' dir='ltr'>αὐτόν’</span> 
     </span>
    </p>
   </div>
   <div class='ocr_carea' id='block_1_77' title="bbox 478 3858 2119 3936">
    <p class='ocr_par' dir='ltr' id='par_1_77' title="bbox 478 3858 2119 3926">
     <span class='ocr_line' id='line_1_77' title="bbox 478 3858 2119 3926; baseline -0.004 -7"><span class='ocrx_word' id='word_1_524' title='bbox 478 3879 614 3920; x_wconf 88' lang='lat' dir='ltr'><strong>cum</strong></span> <span class='ocrx_word' id='word_1_525' title='bbox 646 3863 964 3920; x_wconf 89' lang='lat' dir='ltr'><strong>vehemens</strong></span> <span class='ocrx_word' id='word_1_526' title='bbox 1022 3866 1224 3918; x_wconf 88' lang='lat' dir='ltr'><strong>auster</strong></span> <span class='ocrx_word' id='word_1_527' title='bbox 1266 3861 1337 3916; x_wconf 85' lang='lat' dir='ltr'><strong>iis</strong></span> <span class='ocrx_word' id='word_1_528' title='bbox 1384 3865 1541 3915; x_wconf 88' lang='lat' dir='ltr'><strong>esset</strong></span> <span class='ocrx_word' id='word_1_529' title='bbox 1587 3858 1891 3926; x_wconf 87' lang='lat' dir='ltr'><strong>adversus,</strong></span> <span class='ocrx_word' id='word_1_530' title='bbox 1940 3859 2023 3914; x_wconf 85' lang='lat' dir='ltr'><strong>ita</strong></span> <span class='ocrx_word' id='word_1_531' title='bbox 2063 3863 2119 3913; x_wconf 86' lang='lat' dir='ltr'><strong>ul</strong></span> 
     </span>
    </p>
   </div>
   <div class='ocr_carea' id='block_1_78' title="bbox 2226 3858 3892 3936">
    <p class='ocr_par' dir='ltr' id='par_1_78' title="bbox 2231 3859 3892 3936">
     <span class='ocr_line' id='line_1_78' title="bbox 2231 3859 3892 3936; baseline 0.002 -21"><span class='ocrx_word' id='word_1_532' title='bbox 2231 3859 2431 3934; x_wconf 71' lang='grc' dir='ltr'>ἀνέμου</span> <span class='ocrx_word' id='word_1_533' title='bbox 2512 3861 2617 3935; x_wconf 77' lang='grc' dir='ltr'>γὰρ</span> <span class='ocrx_word' id='word_1_534' title='bbox 2664 3861 2987 3923; x_wconf 85' lang='grc' dir='ltr'>πνεύσαντος</span> <span class='ocrx_word' id='word_1_535' title='bbox 3068 3862 3258 3936; x_wconf 80' lang='grc' dir='ltr'>βιαίου</span> <span class='ocrx_word' id='word_1_536' title='bbox 3332 3861 3493 3917; x_wconf 85' lang='grc' dir='ltr'>νότου</span> <span class='ocrx_word' id='word_1_537' title='bbox 3563 3864 3700 3917; x_wconf 70' lang='grc' dir='ltr'>κατὰ</span> <span class='ocrx_word' id='word_1_538' title='bbox 3746 3863 3892 3918; x_wconf 77' lang='grc' dir='ltr'>Ῥω-</span> 
     </span>
    </p>
   </div>
   <div class='ocr_carea' id='block_1_79' title="bbox 481 3947 2119 4026">
    <p class='ocr_par' dir='ltr' id='par_1_79' title="bbox 481 3948 2119 4024">
     <span class='ocr_line' id='line_1_79' title="bbox 481 3948 2119 4024; baseline -0.004 -16"><span class='ocrx_word' id='word_1_539' title='bbox 481 3969 603 4024; x_wconf 75' lang='grc' dir='ltr'>Ρηο</span> <span class='ocrx_word' id='word_1_540' title='bbox 615 3951 1000 4009; x_wconf 88' lang='lat' dir='ltr'><strong>multitudine</strong></span> <span class='ocrx_word' id='word_1_541' title='bbox 1023 3950 1282 4024; x_wconf 86' lang='lat' dir='ltr'><strong>pulveris</strong></span> <span class='ocrx_word' id='word_1_542' title='bbox 1303 3950 1505 4005; x_wconf 88' lang='lat' dir='ltr'><strong>hostes</strong></span> <span class='ocrx_word' id='word_1_543' title='bbox 1526 3964 1770 4004; x_wconf 87' lang='lat' dir='ltr'><strong>cernere</strong></span> <span class='ocrx_word' id='word_1_544' title='bbox 1791 3948 2119 4018; x_wconf 81' lang='lat' dir='ltr'><strong>nequirentl</strong></span> 
     </span>
    </p>
   </div>
   <div class='ocr_carea' id='block_1_80' title="bbox 2226 3947 3891 4026">
    <p class='ocr_par' dir='ltr' id='par_1_80' title="bbox 2236 3947 3891 4026">
     <span class='ocr_line' id='line_1_80' title="bbox 2236 3947 3891 4026; baseline 0.002 -23"><span class='ocrx_word' id='word_1_545' title='bbox 2236 3948 2432 4023; x_wconf 86' lang='grc' dir='ltr'>μαίων,</span> <span class='ocrx_word' id='word_1_546' title='bbox 2463 3949 2552 4005; x_wconf 80' lang='grc' dir='ltr'><strong>καὶ</strong></span> <span class='ocrx_word' id='word_1_547' title='bbox 2623 3951 2699 4022; x_wconf 80' lang='grc' dir='ltr'>μή</span> <span class='ocrx_word' id='word_1_548' title='bbox 2751 3947 3061 4024; x_wconf 78' lang='grc' dir='ltr'>δυναμένων</span> <span class='ocrx_word' id='word_1_549' title='bbox 3091 3952 3220 4013; x_wconf 75' lang='grc' dir='ltr'>τοὺς</span> <span class='ocrx_word' id='word_1_550' title='bbox 3282 3949 3516 4026; x_wconf 70' lang='grc' dir='ltr'>ἐχθροὺς</span> <span class='ocrx_word' id='word_1_551' title='bbox 3561 3950 3891 4020; x_wconf 73' lang='grc' dir='ltr'>ἀπωπῆσαι</span> 
     </span>
    </p>
   </div>
   <div class='ocr_carea' id='block_1_81' title="bbox 478 4036 2119 4117">
    <p class='ocr_par' dir='ltr' id='par_1_81' title="bbox 478 4036 2119 4115">
     <span class='ocr_line' id='line_1_81' title="bbox 478 4036 2119 4115; baseline -0.005 -16"><span class='ocrx_word' id='word_1_552' title='bbox 478 4058 698 4115; x_wconf 87' lang='lat' dir='ltr'><strong>magna</strong></span> <span class='ocrx_word' id='word_1_553' title='bbox 735 4059 869 4099; x_wconf 89' lang='lat' dir='ltr'><strong>cum</strong></span> <span class='ocrx_word' id='word_1_554' title='bbox 910 4040 1076 4098; x_wconf 90' lang='lat' dir='ltr'><strong>clade</strong></span> <span class='ocrx_word' id='word_1_555' title='bbox 1108 4039 1248 4107; x_wconf 83' lang='lat' dir='ltr'><strong>fusi,</strong></span> <span class='ocrx_word' id='word_1_556' title='bbox 1284 4055 1347 4094; x_wconf 91' lang='lat' dir='ltr'><strong>se</strong></span> <span class='ocrx_word' id='word_1_557' title='bbox 1378 4038 1539 4110; x_wconf 89' lang='lat' dir='ltr'><strong>ipsos</strong></span> <span class='ocrx_word' id='word_1_558' title='bbox 1570 4038 1631 4092; x_wconf 87' lang='lat' dir='ltr'><strong>in</strong></span> <span class='ocrx_word' id='word_1_559' title='bbox 1660 4036 1798 4109; x_wconf 81' lang='lat' dir='ltr'><strong>fuga</strong></span> <span class='ocrx_word' id='word_1_560' title='bbox 1836 4038 1897 4092; x_wconf 90' lang='lat' dir='ltr'><strong>in</strong></span> <span class='ocrx_word' id='word_1_561' title='bbox 1933 4037 2119 4093; x_wconf 85' lang='lat' dir='ltr'><strong>amnis</strong></span> 
     </span>
    </p>
   </div>
   <div class='ocr_carea' id='block_1_82' title="bbox 2226 4036 3891 4117">
    <p class='ocr_par' dir='ltr' id='par_1_82' title="bbox 2233 4036 3891 4117">
     <span class='ocr_line' id='line_1_82' title="bbox 2233 4036 3891 4117; baseline 0.001 -23"><span class='ocrx_word' id='word_1_562' title='bbox 2233 4036 2322 4094; x_wconf 81' lang='grc' dir='ltr'><strong>διὰ</strong></span> <span class='ocrx_word' id='word_1_563' title='bbox 2358 4040 2450 4094; x_wconf 89' lang='grc' dir='ltr'>τὸν</span> <span class='ocrx_word' id='word_1_564' title='bbox 2509 4036 2685 4094; x_wconf 75' lang='grc' dir='ltr'>πολὺν</span> <span class='ocrx_word' id='word_1_565' title='bbox 2765 4039 3071 4117; x_wconf 87' lang='grc' dir='ltr'>κονιορτὸν,</span> <span class='ocrx_word' id='word_1_566' title='bbox 3156 4037 3347 4102; x_wconf 81' lang='grc' dir='ltr'>δεινῶς</span> <span class='ocrx_word' id='word_1_567' title='bbox 3425 4038 3738 4116; x_wconf 68' lang='grc' dir='ltr'>τρέπονται,</span> <span class='ocrx_word' id='word_1_568' title='bbox 3790 4041 3891 4096; x_wconf 76' lang='grc' dir='ltr'>καὶ</span> 
     </span>
    </p>
   </div>
   <div class='ocr_carea' id='block_1_83' title="bbox 471 4126 2129 4201">
    <p class='ocr_par' dir='ltr' id='par_1_83' title="bbox 471 4126 2129 4201">
     <span class='ocr_line' id='line_1_83' title="bbox 471 4126 2129 4201; baseline -0.004 -15"><span class='ocrx_word' id='word_1_569' title='bbox 471 4131 877 4188; x_wconf 69' lang='grc' dir='ltr'>,ιθιωοοιιῐιιω</span> <span class='ocrx_word' id='word_1_570' title='bbox 907 4130 1214 4201; x_wconf 73' lang='lat' dir='ltr'><strong>angustias</strong></span> <span class='ocrx_word' id='word_1_571' title='bbox 1249 4128 1735 4200; x_wconf 74' lang='lat' dir='ltr'><strong>prmcipitarunt;</strong></span> <span class='ocrx_word' id='word_1_572' title='bbox 1789 4131 1966 4197; x_wconf 88' lang='lat' dir='ltr'><strong>atque</strong></span> <span class='ocrx_word' id='word_1_573' title='bbox 2016 4126 2129 4182; x_wconf 90' lang='lat' dir='ltr'><strong>hoc</strong></span> 
     </span>
    </p>
   </div>
   <div class='ocr_carea' id='block_1_84' title="bbox 478 4215 2125 4292">
    <p class='ocr_par' dir='ltr' id='par_1_84' title="bbox 478 4215 2125 4292">
     <span class='ocr_line' id='line_1_84' title="bbox 478 4215 2125 4292; baseline -0.004 -17"><span class='ocrx_word' id='word_1_574' title='bbox 478 4219 658 4276; x_wconf 91' lang='lat' dir='ltr'><strong>modo</strong></span> <span class='ocrx_word' id='word_1_575' title='bbox 690 4219 794 4275; x_wconf 90' lang='lat' dir='ltr'><strong>illa</strong></span> <span class='ocrx_word' id='word_1_576' title='bbox 830 4218 1223 4292; x_wconf 83' lang='lat' dir='ltr'><strong>quadraginta</strong></span> <span class='ocrx_word' id='word_1_577' title='bbox 1252 4216 1437 4272; x_wconf 90' lang='lat' dir='ltr'><strong>millia</strong></span> <span class='ocrx_word' id='word_1_578' title='bbox 1468 4215 1791 4287; x_wconf 89' lang='lat' dir='ltr'><strong>perierunt.</strong></span> <span class='ocrx_word' id='word_1_579' title='bbox 1817 4215 2125 4271; x_wconf 88' lang='lat' dir='ltr'><strong>Sarraceni</strong></span> 
     </span>
    </p>
   </div>
   <div class='ocr_carea' id='block_1_85' title="bbox 476 4304 2122 4377">
    <p class='ocr_par' dir='ltr' id='par_1_85' title="bbox 476 4304 2122 4377">
     <span class='ocr_line' id='line_1_85' title="bbox 476 4304 2122 4377; baseline -0.002 -14"><span class='ocrx_word' id='word_1_580' title='bbox 476 4313 676 4363; x_wconf 87' lang='lat' dir='ltr'><strong>autem</strong></span> <span class='ocrx_word' id='word_1_581' title='bbox 706 4306 993 4363; x_wconf 88' lang='lat' dir='ltr'><strong>Damasco</strong></span> <span class='ocrx_word' id='word_1_582' title='bbox 1024 4307 1270 4377; x_wconf 87' lang='lat' dir='ltr'><strong>insuper</strong></span> <span class='ocrx_word' id='word_1_583' title='bbox 1294 4305 1464 4377; x_wconf 86' lang='lat' dir='ltr'><strong>potiti</strong></span> <span class='ocrx_word' id='word_1_584' title='bbox 1505 4309 1644 4360; x_wconf 90' lang='lat' dir='ltr'><strong>sunt</strong></span> <span class='ocrx_word' id='word_1_585' title='bbox 1673 4320 1741 4359; x_wconf 85' lang='lat' dir='ltr'><strong>ac</strong></span> <span class='ocrx_word' id='word_1_586' title='bbox 1798 4304 2122 4372; x_wconf 73' lang='lat' dir='ltr'><strong>thuicia,</strong></span> 
     </span>
    </p>
   </div>
   <div class='ocr_carea' id='block_1_86' title="bbox 474 4394 2123 4467">
    <p class='ocr_par' dir='ltr' id='par_1_86' title="bbox 474 4394 2123 4467">
     <span class='ocr_line' id='line_1_86' title="bbox 474 4394 2123 4467; baseline -0.001 -17"><span class='ocrx_word' id='word_1_587' title='bbox 474 4395 676 4465; x_wconf 89' lang='lat' dir='ltr'><strong>ibique</strong></span> <span class='ocrx_word' id='word_1_588' title='bbox 719 4395 989 4452; x_wconf 89' lang='lat' dir='ltr'><strong>habitare</strong></span> <span class='ocrx_word' id='word_1_589' title='bbox 1042 4400 1364 4467; x_wconf 71' lang='lat' dir='ltr'><strong>cmperunt.</strong></span> <span class='ocrx_word' id='word_1_590' title='bbox 1414 4394 1481 4449; x_wconf 84' lang='lat' dir='ltr'><strong>In</strong></span> <span class='ocrx_word' id='word_1_591' title='bbox 1533 4395 1841 4466; x_wconf 63' lang='lat' dir='ltr'><strong>Egyptum</strong></span> <span class='ocrx_word' id='word_1_592' title='bbox 1886 4409 2123 4465; x_wconf 89' lang='lat' dir='ltr'><strong>quoque</strong></span> 
     </span>
    </p>
   </div>
   <div class='ocr_carea' id='block_1_87' title="bbox 2231 4127 3892 4203">
    <p class='ocr_par' dir='ltr' id='par_1_87' title="bbox 2231 4127 3892 4203">
     <span class='ocr_line' id='line_1_87' title="bbox 2231 4127 3892 4203; baseline 0.001 -21"><span class='ocrx_word' id='word_1_593' title='bbox 2231 4128 2515 4203; x_wconf 83' lang='grc' dir='ltr'>ῥίπτοντες</span> <span class='ocrx_word' id='word_1_594' title='bbox 2545 4127 2769 4192; x_wconf 75' lang='grc' dir='ltr'>ἑαυτοὺς</span> <span class='ocrx_word' id='word_1_595' title='bbox 2807 4129 2883 4190; x_wconf 80' lang='grc' dir='ltr'><strong>εἰς</strong></span> <span class='ocrx_word' id='word_1_596' title='bbox 2928 4129 3059 4193; x_wconf 81' lang='grc' dir='ltr'>τοὺς</span> <span class='ocrx_word' id='word_1_597' title='bbox 3116 4130 3424 4193; x_wconf 86' lang='grc' dir='ltr'>στενωποὺς</span> <span class='ocrx_word' id='word_1_598' title='bbox 3472 4132 3571 4185; x_wconf 89' lang='grc' dir='ltr'><strong>τοῦ</strong></span> <span class='ocrx_word' id='word_1_599' title='bbox 3627 4133 3892 4202; x_wconf 80' lang='grc' dir='ltr'>ποταμοῦ</span> 
     </span>
    </p>
   </div>
   <div class='ocr_carea' id='block_1_88' title="bbox 2232 4214 3897 4295">
    <p class='ocr_par' dir='ltr' id='par_1_88' title="bbox 2232 4214 3897 4295">
     <span class='ocr_line' id='line_1_88' title="bbox 2232 4214 3897 4295; baseline 0.001 -24"><span class='ocrx_word' id='word_1_600' title='bbox 2232 4218 2567 4291; x_wconf 80' lang='grc' dir='ltr'>Ἰερμοχηθᾶ</span> <span class='ocrx_word' id='word_1_601' title='bbox 2623 4214 2991 4295; x_wconf 81' lang='grc' dir='ltr'>διεφθάρησαν</span> <span class='ocrx_word' id='word_1_602' title='bbox 3047 4219 3102 4273; x_wconf 76' lang='grc' dir='ltr'>αἱ</span> <span class='ocrx_word' id='word_1_603' title='bbox 3149 4216 3551 4293; x_wconf 81' lang='grc' dir='ltr'>τεσσαράκοντά</span> <span class='ocrx_word' id='word_1_604' title='bbox 3609 4215 3897 4292; x_wconf 70' lang='grc' dir='ltr'>χιλιάδες.</span> 
     </span>
    </p>
   </div>
   <div class='ocr_carea' id='block_1_89' title="bbox 2231 4300 3895 4382">
    <p class='ocr_par' dir='ltr' id='par_1_89' title="bbox 2231 4300 3895 4382">
     <span class='ocr_line' id='line_1_89' title="bbox 2231 4300 3895 4382; baseline 0.001 -22"><span class='ocrx_word' id='word_1_605' title='bbox 2231 4300 2543 4380; x_wconf 74' lang='grc' dir='ltr'>ΙΙαρὲλαϐον</span> <span class='ocrx_word' id='word_1_606' title='bbox 2577 4303 2635 4361; x_wconf 75' lang='grc' dir='ltr'>δὲ</span> <span class='ocrx_word' id='word_1_607' title='bbox 2663 4307 2752 4361; x_wconf 82' lang='grc' dir='ltr'>καὶ</span> <span class='ocrx_word' id='word_1_608' title='bbox 2778 4306 2878 4375; x_wconf 78' lang='grc' dir='ltr'>τήν</span> <span class='ocrx_word' id='word_1_609' title='bbox 2910 4307 3193 4379; x_wconf 87' lang='grc' dir='ltr'>Δαμασκὸν</span> <span class='ocrx_word' id='word_1_610' title='bbox 3220 4308 3311 4362; x_wconf 82' lang='grc' dir='ltr'><strong>καὶ</strong></span> <span class='ocrx_word' id='word_1_611' title='bbox 3379 4307 3477 4370; x_wconf 82' lang='grc' dir='ltr'><strong>τὰς</strong></span> <span class='ocrx_word' id='word_1_612' title='bbox 3535 4306 3727 4382; x_wconf 87' lang='grc' dir='ltr'>χώρας</span> <span class='ocrx_word' id='word_1_613' title='bbox 3783 4314 3895 4377; x_wconf 81' lang='grc' dir='ltr'><strong>τῆς</strong></span> 
     </span>
    </p>
   </div>
   <div class='ocr_carea' id='block_1_90' title="bbox 2228 4393 3892 4471">
    <p class='ocr_par' dir='ltr' id='par_1_90' title="bbox 2228 4393 3892 4471">
     <span class='ocr_line' id='line_1_90' title="bbox 2228 4393 3892 4471; baseline 0.001 -21"><span class='ocrx_word' id='word_1_614' title='bbox 2228 4394 2508 4465; x_wconf 81' lang='grc' dir='ltr'>Φοινίκης,</span> <span class='ocrx_word' id='word_1_615' title='bbox 2537 4396 2629 4451; x_wconf 81' lang='grc' dir='ltr'>καὶ</span> <span class='ocrx_word' id='word_1_616' title='bbox 2660 4393 2956 4466; x_wconf 83' lang='grc' dir='ltr'>οἰκίζονται</span> <span class='ocrx_word' id='word_1_617' title='bbox 2989 4394 3119 4452; x_wconf 74' lang='grc' dir='ltr'>ἐκεῖ.</span> <span class='ocrx_word' id='word_1_618' title='bbox 3155 4396 3291 4453; x_wconf 79' lang='grc' dir='ltr'>Εἶτα</span> <span class='ocrx_word' id='word_1_619' title='bbox 3347 4395 3734 4471; x_wconf 87' lang='grc' dir='ltr'>στρατεύονται</span> <span class='ocrx_word' id='word_1_620' title='bbox 3763 4408 3892 4452; x_wconf 72' lang='grc' dir='ltr'>κατ’</span> 
     </span>
    </p>
   </div>
   <div class='ocr_carea' id='block_1_91' title="bbox 472 4478 2119 4569">
    <p class='ocr_par' dir='ltr' id='par_1_91' title="bbox 472 4481 2119 4557">
     <span class='ocr_line' id='line_1_91' title="bbox 472 4481 2119 4557; baseline -0.001 -17"><span class='ocrx_word' id='word_1_621' title='bbox 472 4485 631 4541; x_wconf 83' lang='lat' dir='ltr'><strong>facta</strong></span> <span class='ocrx_word' id='word_1_622' title='bbox 652 4484 1049 4557; x_wconf 83' lang='lat' dir='ltr'><strong>expeditione,</strong></span> <span class='ocrx_word' id='word_1_623' title='bbox 1079 4500 1209 4540; x_wconf 92' lang='lat' dir='ltr'><strong>eam</strong></span> <span class='ocrx_word' id='word_1_624' title='bbox 1239 4488 1693 4554; x_wconf 88' lang='lat' dir='ltr'><strong>occupaverunt,</strong></span> <span class='ocrx_word' id='word_1_625' title='bbox 1726 4482 1926 4552; x_wconf 90' lang='lat' dir='ltr'><strong>ibique</strong></span> <span class='ocrx_word' id='word_1_626' title='bbox 1951 4481 2119 4539; x_wconf 87' lang='lat' dir='ltr'><strong>sedes</strong></span> 
     </span>
    </p>
   </div>
   <div class='ocr_carea' id='block_1_92' title="bbox 2226 4478 3897 4569">
    <p class='ocr_par' dir='ltr' id='par_1_92' title="bbox 2231 4478 3897 4557">
     <span class='ocr_line' id='line_1_92' title="bbox 2231 4478 3897 4557; baseline 0.002 -21"><span class='ocrx_word' id='word_1_627' title='bbox 2231 4481 2537 4557; x_wconf 71' lang='grc' dir='ltr'>Αἰγύπτου,</span> <span class='ocrx_word' id='word_1_628' title='bbox 2594 4483 2685 4538; x_wconf 87' lang='grc' dir='ltr'><strong>καὶ</strong></span> <span class='ocrx_word' id='word_1_629' title='bbox 2735 4478 2992 4545; x_wconf 87' lang='grc' dir='ltr'>λαϐόντες</span> <span class='ocrx_word' id='word_1_630' title='bbox 3044 4483 3135 4538; x_wconf 85' lang='grc' dir='ltr'><strong>καὶ</strong></span> <span class='ocrx_word' id='word_1_631' title='bbox 3192 4484 3362 4553; x_wconf 77' lang='grc' dir='ltr'>αὐτὴν</span> <span class='ocrx_word' id='word_1_632' title='bbox 3435 4487 3784 4539; x_wconf 86' lang='grc' dir='ltr'>κατοικοῦσιν</span> <span class='ocrx_word' id='word_1_633' title='bbox 3838 4484 3897 4539; x_wconf 80' lang='grc' dir='ltr'>ἐν</span> 
     </span>
    </p>
   </div>
   <div class='ocr_carea' id='block_1_93' title="bbox 471 4588 744 4644">
    <p class='ocr_par' dir='ltr' id='par_1_93' title="bbox 471 4588 744 4644">
     <span class='ocr_line' id='line_1_93' title="bbox 471 4588 744 4644; baseline -0.004 -16"><span class='ocrx_word' id='word_1_634' title='bbox 471 4588 744 4644; x_wconf 89' lang='lat' dir='ltr'><strong>posuere.</strong></span> 
     </span>
    </p>
   </div>
   <div class='ocr_carea' id='block_1_94' title="bbox 544 4658 2133 4733">
    <p class='ocr_par' dir='ltr' id='par_1_94' title="bbox 544 4658 2133 4733">
     <span class='ocr_line' id='line_1_94' title="bbox 544 4658 2133 4733; baseline -0.002 -16"><span class='ocrx_word' id='word_1_635' title='bbox 544 4664 717 4717; x_wconf 80' lang='lat' dir='ltr'><strong>Anno</strong></span> <span class='ocrx_word' id='word_1_636' title='bbox 766 4661 1049 4733; x_wconf 88' lang='lat' dir='ltr'><strong>vigesimo</strong></span> <span class='ocrx_word' id='word_1_637' title='bbox 1109 4664 1272 4717; x_wconf 82' lang='lat' dir='ltr'><strong>sexto</strong></span> <span class='ocrx_word' id='word_1_638' title='bbox 1325 4661 1597 4726; x_wconf 89' lang='lat' dir='ltr'><strong>Umarus,</strong></span> <span class='ocrx_word' id='word_1_639' title='bbox 1647 4658 1707 4713; x_wconf 91' lang='lat' dir='ltr'><strong>in</strong></span> <span class='ocrx_word' id='word_1_640' title='bbox 1758 4658 2133 4715; x_wconf 78' lang='lat' dir='ltr'><strong>Palaestinam</strong></span> 
     </span>
    </p>
   </div>
   <div class='ocr_carea' id='block_1_95' title="bbox 474 4747 2136 4821">
    <p class='ocr_par' dir='ltr' id='par_1_95' title="bbox 474 4747 2136 4821">
     <span class='ocr_line' id='line_1_95' title="bbox 474 4747 2136 4821; baseline -0.001 -16"><span class='ocrx_word' id='word_1_641' title='bbox 474 4767 609 4806; x_wconf 92' lang='lat' dir='ltr'><strong>cum</strong></span> <span class='ocrx_word' id='word_1_642' title='bbox 634 4749 849 4807; x_wconf 87' lang='lat' dir='ltr'><strong>infesto</strong></span> <span class='ocrx_word' id='word_1_643' title='bbox 877 4749 1139 4805; x_wconf 83' lang='lat' dir='ltr'><strong>exercitu</strong></span> <span class='ocrx_word' id='word_1_644' title='bbox 1162 4748 1745 4821; x_wconf 63' lang='lat' dir='ltr'><strong>ingressus,fsacram</strong></span> <span class='ocrx_word' id='word_1_645' title='bbox 1767 4747 1973 4802; x_wconf 89' lang='lat' dir='ltr'><strong>urbem</strong></span> <span class='ocrx_word' id='word_1_646' title='bbox 2006 4765 2136 4803; x_wconf 90' lang='lat' dir='ltr'><strong>cer-</strong></span> 
     </span>
    </p>
   </div>
   <div class='ocr_carea' id='block_1_96' title="bbox 473 4836 2133 4910">
    <p class='ocr_par' dir='ltr' id='par_1_96' title="bbox 473 4836 2133 4910">
     <span class='ocr_line' id='line_1_96' title="bbox 473 4836 2133 4910; baseline -0.002 -15"><span class='ocrx_word' id='word_1_647' title='bbox 473 4839 550 4895; x_wconf 90' lang='lat' dir='ltr'><strong>tis</strong></span> <span class='ocrx_word' id='word_1_648' title='bbox 578 4838 1024 4896; x_wconf 86' lang='lat' dir='ltr'><strong>conditionibus</strong></span> <span class='ocrx_word' id='word_1_649' title='bbox 1067 4838 1129 4893; x_wconf 88' lang='lat' dir='ltr'><strong>in</strong></span> <span class='ocrx_word' id='word_1_650' title='bbox 1176 4843 1531 4910; x_wconf 87' lang='lat' dir='ltr'><strong>potestalem</strong></span> <span class='ocrx_word' id='word_1_651' title='bbox 1584 4836 1832 4908; x_wconf 86' lang='lat' dir='ltr'><strong>accepit,</strong></span> <span class='ocrx_word' id='word_1_652' title='bbox 1882 4837 2133 4909; x_wconf 89' lang='lat' dir='ltr'><strong>Sophro-</strong></span> 
     </span>
    </p>
   </div>
   <div class='ocr_carea' id='block_1_97' title="bbox 470 4924 2129 4999">
    <p class='ocr_par' dir='ltr' id='par_1_97' title="bbox 470 4924 2129 4999">
     <span class='ocr_line' id='line_1_97' title="bbox 470 4924 2129 4999; baseline -0.001 -16"><span class='ocrx_word' id='word_1_653' title='bbox 470 4929 569 4984; x_wconf 90' lang='lat' dir='ltr'><strong>nio</strong></span> <span class='ocrx_word' id='word_1_654' title='bbox 602 4933 728 4985; x_wconf 91' lang='lat' dir='ltr'><strong>tum</strong></span> <span class='ocrx_word' id='word_1_655' title='bbox 759 4926 1112 4999; x_wconf 61' lang='lat' dir='ltr'><strong>patriarcha:</strong></span> <span class='ocrx_word' id='word_1_656' title='bbox 1143 4941 1391 4981; x_wconf 90' lang='lat' dir='ltr'><strong>munere</strong></span> <span class='ocrx_word' id='word_1_657' title='bbox 1423 4925 1726 4995; x_wconf 75' lang='lat' dir='ltr'><strong>fungente.</strong></span> <span class='ocrx_word' id='word_1_658' title='bbox 1786 4925 1856 4979; x_wconf 92' lang='lat' dir='ltr'><strong>Ut</strong></span> <span class='ocrx_word' id='word_1_659' title='bbox 1886 4924 1947 4978; x_wconf 88' lang='lat' dir='ltr'><strong>in</strong></span> <span class='ocrx_word' id='word_1_660' title='bbox 1998 4942 2129 4981; x_wconf 87' lang='lat' dir='ltr'><strong>eam</strong></span> 
     </span>
    </p>
   </div>
   <div class='ocr_carea' id='block_1_98' title="bbox 473 5012 2127 5089">
    <p class='ocr_par' dir='ltr' id='par_1_98' title="bbox 473 5012 2127 5089">
     <span class='ocr_line' id='line_1_98' title="bbox 473 5012 2127 5089; baseline -0.001 -17"><span class='ocrx_word' id='word_1_661' title='bbox 473 5017 760 5089; x_wconf 86' lang='lat' dir='ltr'><strong>pervenit,</strong></span> <span class='ocrx_word' id='word_1_662' title='bbox 795 5021 1019 5072; x_wconf 88' lang='lat' dir='ltr'><strong>vestem</strong></span> <span class='ocrx_word' id='word_1_663' title='bbox 1069 5031 1141 5070; x_wconf 78' lang='lat' dir='ltr'><strong>ex</strong></span> <span class='ocrx_word' id='word_1_664' title='bbox 1193 5014 1561 5071; x_wconf 87' lang='lat' dir='ltr'><strong>camelorum</strong></span> <span class='ocrx_word' id='word_1_665' title='bbox 1606 5012 1745 5085; x_wconf 90' lang='lat' dir='ltr'><strong>pilis</strong></span> <span class='ocrx_word' id='word_1_666' title='bbox 1792 5019 2127 5070; x_wconf 81' lang='lat' dir='ltr'><strong>contextam</strong></span> 
     </span>
    </p>
   </div>
   <div class='ocr_carea' id='block_1_99' title="bbox 464 5101 2125 5176">
    <p class='ocr_par' dir='ltr' id='par_1_99' title="bbox 464 5101 2125 5176">
     <span class='ocr_line' id='line_1_99' title="bbox 464 5101 2125 5176; baseline -0.001 -17"><span class='ocrx_word' id='word_1_667' title='bbox 464 5105 708 5162; x_wconf 90' lang='lat' dir='ltr'><strong>indutus</strong></span> <span class='ocrx_word' id='word_1_668' title='bbox 738 5110 919 5176; x_wconf 87' lang='lat' dir='ltr'><strong>atque</strong></span> <span class='ocrx_word' id='word_1_669' title='bbox 944 5102 1304 5171; x_wconf 85' lang='lat' dir='ltr'><strong>sordidatus,</strong></span> <span class='ocrx_word' id='word_1_670' title='bbox 1331 5102 1775 5171; x_wconf 85' lang='lat' dir='ltr'><strong>satanicamque</strong></span> <span class='ocrx_word' id='word_1_671' title='bbox 1801 5101 2125 5158; x_wconf 82' lang='lat' dir='ltr'><strong>simulatio-</strong></span> 
     </span>
    </p>
   </div>
   <div class='ocr_carea' id='block_1_100' title="bbox 461 5188 2090 5265">
    <p class='ocr_par' dir='ltr' id='par_1_100' title="bbox 461 5188 2090 5265">
     <span class='ocr_line' id='line_1_100' title="bbox 461 5188 2090 5265; baseline -0.002 -15"><span class='ocrx_word' id='word_1_672' title='bbox 461 5211 599 5251; x_wconf 89' lang='lat' dir='ltr'><strong>nem</strong></span> <span class='ocrx_word' id='word_1_673' title='bbox 623 5194 936 5261; x_wconf 88' lang='lat' dir='ltr'><strong>adhibens,</strong></span> <span class='ocrx_word' id='word_1_674' title='bbox 974 5190 1256 5265; x_wconf 87' lang='lat' dir='ltr'><strong>templum</strong></span> <span class='ocrx_word' id='word_1_675' title='bbox 1272 5191 1609 5247; x_wconf 70' lang='lat' dir='ltr'><strong>Judmorum</strong></span> <span class='ocrx_word' id='word_1_676' title='bbox 1630 5206 1665 5245; x_wconf 91' lang='lat' dir='ltr'><strong>a</strong></span> <span class='ocrx_word' id='word_1_677' title='bbox 1685 5188 2000 5245; x_wconf 89' lang='lat' dir='ltr'><strong>Solomone</strong></span> <span class='ocrx_word' id='word_1_678' title='bbox 2019 5207 2090 5247; x_wconf 85' lang='lat' dir='ltr'><strong>ex</strong></span> 
     </span>
    </p>
   </div>
   <div class='ocr_carea' id='block_1_101' title="bbox 459 5278 2113 5355">
    <p class='ocr_par' dir='ltr' id='par_1_101' title="bbox 459 5278 2113 5355">
     <span class='ocr_line' id='line_1_101' title="bbox 459 5278 2113 5355; baseline -0.001 -18"><span class='ocrx_word' id='word_1_679' title='bbox 459 5289 751 5340; x_wconf 87' lang='lat' dir='ltr'><strong>structum</strong></span> <span class='ocrx_word' id='word_1_680' title='bbox 775 5282 1065 5355; x_wconf 69' lang='lat' dir='ltr'><strong>quassivit,</strong></span> <span class='ocrx_word' id='word_1_681' title='bbox 1091 5287 1158 5336; x_wconf 89' lang='lat' dir='ltr'><strong>ut</strong></span> <span class='ocrx_word' id='word_1_682' title='bbox 1176 5281 1238 5336; x_wconf 89' lang='lat' dir='ltr'><strong>in</strong></span> <span class='ocrx_word' id='word_1_683' title='bbox 1261 5298 1330 5337; x_wconf 90' lang='lat' dir='ltr'><strong>eo</strong></span> <span class='ocrx_word' id='word_1_684' title='bbox 1354 5297 1474 5336; x_wconf 66' lang='lat' dir='ltr'><strong>sua:</strong></span> <span class='ocrx_word' id='word_1_685' title='bbox 1505 5278 1807 5350; x_wconf 57' lang='lat' dir='ltr'><strong>sacrilega;</strong></span> <span class='ocrx_word' id='word_1_686' title='bbox 1830 5282 2113 5351; x_wconf 88' lang='lat' dir='ltr'><strong>supersti-</strong></span> 
     </span>
    </p>
   </div>
   <div class='ocr_carea' id='block_1_102' title="bbox 463 5368 2111 5429">
    <p class='ocr_par' dir='ltr' id='par_1_102' title="bbox 463 5368 2111 5429">
     <span class='ocr_line' id='line_1_102' title="bbox 463 5368 2111 5429; baseline 0.002 -6"><span class='ocrx_word' id='word_1_687' title='bbox 463 5371 644 5429; x_wconf 86' lang='lat' dir='ltr'><strong>tionis</strong></span> <span class='ocrx_word' id='word_1_688' title='bbox 674 5372 1045 5429; x_wconf 89' lang='lat' dir='ltr'><strong>domicilium</strong></span> <span class='ocrx_word' id='word_1_689' title='bbox 1095 5371 1501 5427; x_wconf 82' lang='lat' dir='ltr'><strong>constitueret.</strong></span> <span class='ocrx_word' id='word_1_690' title='bbox 1554 5369 1720 5423; x_wconf 85' lang='lat' dir='ltr'><strong>Hunc</strong></span> <span class='ocrx_word' id='word_1_691' title='bbox 1767 5368 1971 5424; x_wconf 89' lang='lat' dir='ltr'><strong>videns</strong></span> <span class='ocrx_word' id='word_1_692' title='bbox 2010 5372 2111 5426; x_wconf 91' lang='lat' dir='ltr'><strong>So-</strong></span> 
     </span>
    </p>
   </div>
   <div class='ocr_carea' id='block_1_103' title="bbox 460 5457 2112 5529">
    <p class='ocr_par' dir='ltr' id='par_1_103' title="bbox 460 5457 2112 5529">
     <span class='ocr_line' id='line_1_103' title="bbox 460 5457 2112 5529; baseline 0.004 -20"><span class='ocrx_word' id='word_1_693' title='bbox 460 5457 860 5529; x_wconf 87' lang='lat' dir='ltr'><strong>phronius,ait</strong></span> <span class='ocrx_word' id='word_1_694' title='bbox 876 5478 888 5515; x_wconf 92' lang='lat'>:</span> <span class='ocrx_word' id='word_1_695' title='bbox 904 5484 931 5509; x_wconf 83' lang='grc'><strong><em>‹‹</em></strong></span> <span class='ocrx_word' id='word_1_696' title='bbox 950 5461 1220 5516; x_wconf 88' lang='lat' dir='ltr'><strong>Profecto</strong></span> <span class='ocrx_word' id='word_1_697' title='bbox 1244 5460 1354 5515; x_wconf 88' lang='lat' dir='ltr'><strong>hoc</strong></span> <span class='ocrx_word' id='word_1_698' title='bbox 1374 5465 1461 5513; x_wconf 84' lang='lat' dir='ltr'><strong>est</strong></span> <span class='ocrx_word' id='word_1_699' title='bbox 1482 5457 2112 5515; x_wconf 87' lang='lat' dir='ltr'><strong>abominandumillud</strong></span> 
     </span>
    </p>
   </div>
   <div class='ocr_carea' id='block_1_104' title="bbox 460 5546 2102 5621">
    <p class='ocr_par' dir='ltr' id='par_1_104' title="bbox 460 5546 2102 5621">
     <span class='ocr_line' id='line_1_104' title="bbox 460 5546 2102 5621; baseline 0.002 -24"><span class='ocrx_word' id='word_1_700' title='bbox 460 5547 803 5603; x_wconf 88' lang='lat' dir='ltr'><strong>vastationis</strong></span> <span class='ocrx_word' id='word_1_701' title='bbox 832 5554 1267 5621; x_wconf 86' lang='lat' dir='ltr'><strong>argumentum,</strong></span> <span class='ocrx_word' id='word_1_702' title='bbox 1312 5554 1474 5603; x_wconf 85' lang='lat' dir='ltr'><strong>stans</strong></span> <span class='ocrx_word' id='word_1_703' title='bbox 1518 5547 1580 5603; x_wconf 89' lang='lat' dir='ltr'><strong>in</strong></span> <span class='ocrx_word' id='word_1_704' title='bbox 1626 5546 1756 5602; x_wconf 92' lang='lat' dir='ltr'><strong>loco</strong></span> <span class='ocrx_word' id='word_1_705' title='bbox 1800 5548 2043 5604; x_wconf 88' lang='lat' dir='ltr'><strong>sancto!</strong></span> <span class='ocrx_word' id='word_1_706' title='bbox 2075 5569 2102 5601; x_wconf 74' lang='grc' dir='ltr'><strong>ι</strong></span> 
     </span>
    </p>
   </div>
   <div class='ocr_carea' id='block_1_105' title="bbox 465 5631 2106 5706">
    <p class='ocr_par' dir='ltr' id='par_1_105' title="bbox 465 5631 2106 5706">
     <span class='ocr_line' id='line_1_105' title="bbox 465 5631 2106 5706; baseline 0.004 -17"><span class='ocrx_word' id='word_1_707' title='bbox 465 5631 772 5706; x_wconf 86' lang='lat' dir='ltr'><strong>multoque</strong></span> <span class='ocrx_word' id='word_1_708' title='bbox 803 5652 940 5692; x_wconf 90' lang='lat' dir='ltr'><strong>cum</strong></span> <span class='ocrx_word' id='word_1_709' title='bbox 967 5635 1111 5692; x_wconf 87' lang='lat' dir='ltr'><strong>ﬂetu</strong></span> <span class='ocrx_word' id='word_1_710' title='bbox 1140 5652 1270 5692; x_wconf 89' lang='lat' dir='ltr'><strong>rem</strong></span> <span class='ocrx_word' id='word_1_711' title='bbox 1305 5636 1697 5693; x_wconf 85' lang='lat' dir='ltr'><strong>Christianam</strong></span> <span class='ocrx_word' id='word_1_712' title='bbox 1747 5634 2106 5695; x_wconf 88' lang='lat' dir='ltr'><strong>lamentatus</strong></span> 
     </span>
    </p>
   </div>
   <div class='ocr_carea' id='block_1_106' title="bbox 2227 4571 2392 4645">
    <p class='ocr_par' dir='ltr' id='par_1_106' title="bbox 2227 4571 2392 4645">
     <span class='ocr_line' id='line_1_106' title="bbox 2227 4571 2392 4645; baseline 0.024 -19"><span class='ocrx_word' id='word_1_713' title='bbox 2227 4571 2392 4645; x_wconf 79' lang='grc' dir='ltr'>αὐτῇ.</span> 
     </span>
    </p>
   </div>
   <div class='ocr_carea' id='block_1_107' title="bbox 2306 4662 2528 4733">
    <p class='ocr_par' dir='ltr' id='par_1_107' title="bbox 2306 4662 2528 4733">
     <span class='ocr_line' id='line_1_107' title="bbox 2306 4662 2528 4733; baseline -0.009 -16"><span class='ocrx_word' id='word_1_714' title='bbox 2306 4664 2395 4733; x_wconf 83' lang='grc' dir='ltr'><strong>Τῷ</strong></span> <span class='ocrx_word' id='word_1_715' title='bbox 2449 4662 2528 4723; x_wconf 74' lang='grc' dir='ltr'>κς¹</span> 
     </span>
    </p>
   </div>
   <div class='ocr_carea' id='block_1_108' title="bbox 2235 4745 3891 4824">
    <p class='ocr_par' dir='ltr' id='par_1_108' title="bbox 2235 4745 3891 4824">
     <span class='ocr_line' id='line_1_108' title="bbox 2235 4745 3891 4824; baseline 0 -19"><span class='ocrx_word' id='word_1_716' title='bbox 2235 4747 2443 4820; x_wconf 87' lang='grc' dir='ltr'>στίνης,</span> <span class='ocrx_word' id='word_1_717' title='bbox 2483 4750 2575 4804; x_wconf 80' lang='grc' dir='ltr'><strong>καὶ</strong></span> <span class='ocrx_word' id='word_1_718' title='bbox 2632 4745 3050 4823; x_wconf 76' lang='grc' dir='ltr'>παραλαμϐάνει</span> <span class='ocrx_word' id='word_1_719' title='bbox 3111 4748 3299 4824; x_wconf 88' lang='grc' dir='ltr'>λόγοις</span> <span class='ocrx_word' id='word_1_720' title='bbox 3352 4751 3452 4818; x_wconf 82' lang='grc' dir='ltr'><strong>τήν</strong></span> <span class='ocrx_word' id='word_1_721' title='bbox 3504 4749 3659 4824; x_wconf 82' lang='grc' dir='ltr'>ἁγίαν</span> <span class='ocrx_word' id='word_1_722' title='bbox 3716 4748 3891 4805; x_wconf 60' lang='grc' dir='ltr'>πόλι)</span> 
     </span>
    </p>
   </div>
   <div class='ocr_carea' id='block_1_109' title="bbox 2232 4836 3888 4917">
    <p class='ocr_par' dir='ltr' id='par_1_109' title="bbox 2232 4836 3888 4917">
     <span class='ocr_line' id='line_1_109' title="bbox 2232 4836 3888 4917; baseline 0 -24"><span class='ocrx_word' id='word_1_723' title='bbox 2232 4837 2555 4917; x_wconf 73' lang='grc' dir='ltr'>Σωφρονίου</span> <span class='ocrx_word' id='word_1_724' title='bbox 2583 4837 2928 4913; x_wconf 77' lang='grc' dir='ltr'>πατριάρχου</span> <span class='ocrx_word' id='word_1_725' title='bbox 2960 4836 3135 4901; x_wconf 78' lang='grc' dir='ltr'>ὄντος.</span> <span class='ocrx_word' id='word_1_726' title='bbox 3170 4836 3451 4903; x_wconf 81' lang='grc' dir='ltr'>Εἳσελθὼν</span> <span class='ocrx_word' id='word_1_727' title='bbox 3509 4836 3566 4893; x_wconf 71' lang='grc' dir='ltr'>δὲ</span> <span class='ocrx_word' id='word_1_728' title='bbox 3619 4837 3888 4914; x_wconf 75' lang='grc' dir='ltr'>Οίίμαρος</span> 
     </span>
    </p>
   </div>
   <div class='ocr_carea' id='block_1_110' title="bbox 2231 4924 3886 5004">
    <p class='ocr_par' dir='ltr' id='par_1_110' title="bbox 2231 4924 3886 5004">
     <span class='ocr_line' id='line_1_110' title="bbox 2231 4924 3886 5004; baseline 0.001 -22"><span class='ocrx_word' id='word_1_729' title='bbox 2231 4927 2308 4991; x_wconf 82' lang='grc' dir='ltr'><strong>εἷς</strong></span> <span class='ocrx_word' id='word_1_730' title='bbox 2329 4927 2429 4996; x_wconf 78' lang='grc' dir='ltr'>τὴν</span> <span class='ocrx_word' id='word_1_731' title='bbox 2454 4926 2610 5004; x_wconf 80' lang='grc' dir='ltr'>ἁγίαν</span> <span class='ocrx_word' id='word_1_732' title='bbox 2643 4926 2805 4982; x_wconf 87' lang='grc' dir='ltr'>πόλιν</span> <span class='ocrx_word' id='word_1_733' title='bbox 2833 4928 3105 5003; x_wconf 87' lang='grc' dir='ltr'>τριχίνοις</span> <span class='ocrx_word' id='word_1_734' title='bbox 3170 4927 3230 4983; x_wconf 79' lang='grc' dir='ltr'>ἐκ</span> <span class='ocrx_word' id='word_1_735' title='bbox 3283 4925 3544 5001; x_wconf 85' lang='grc' dir='ltr'>καμήλου</span> <span class='ocrx_word' id='word_1_736' title='bbox 3586 4924 3886 4999; x_wconf 75' lang='grc' dir='ltr'>ἐνδύμασιν</span> 
     </span>
    </p>
   </div>
   <div class='ocr_carea' id='block_1_111' title="bbox 2229 5015 3885 5094">
    <p class='ocr_par' dir='ltr' id='par_1_111' title="bbox 2229 5015 3885 5094">
     <span class='ocr_line' id='line_1_111' title="bbox 2229 5015 3885 5094; baseline 0 -23"><span class='ocrx_word' id='word_1_737' title='bbox 2229 5015 2598 5094; x_wconf 66' lang='grc' dir='ltr'>ἠμφιεσμένος</span> <span class='ocrx_word' id='word_1_738' title='bbox 2638 5015 3044 5091; x_wconf 76' lang='grc' dir='ltr'>ἒρῥυπωμένοις</span> <span class='ocrx_word' id='word_1_739' title='bbox 3123 5016 3409 5092; x_wconf 73' lang='grc' dir='ltr'>ὑπόκρισιν</span> <span class='ocrx_word' id='word_1_740' title='bbox 3453 5037 3513 5072; x_wconf 88' lang='grc' dir='ltr'><strong>τε</strong></span> <span class='ocrx_word' id='word_1_741' title='bbox 3571 5017 3885 5084; x_wconf 66' lang='grc' dir='ltr'>Σατανικεόυρ</span> 
     </span>
    </p>
   </div>
   <div class='ocr_carea' id='block_1_112' title="bbox 2226 5101 3892 5178">
    <p class='ocr_par' dir='ltr' id='par_1_112' title="bbox 2226 5101 3892 5178">
     <span class='ocr_line' id='line_1_112' title="bbox 2226 5101 3892 5178; baseline 0 -18"><span class='ocrx_word' id='word_1_742' title='bbox 2226 5102 2654 5178; x_wconf 73' lang='grc' dir='ltr'>ἐνδεικνύμενος,</span> <span class='ocrx_word' id='word_1_743' title='bbox 2712 5106 2803 5161; x_wconf 88' lang='grc' dir='ltr'>τὸν</span> <span class='ocrx_word' id='word_1_744' title='bbox 2855 5107 2980 5161; x_wconf 89' lang='grc' dir='ltr'>ναὸν</span> <span class='ocrx_word' id='word_1_745' title='bbox 3039 5105 3220 5177; x_wconf 79' lang='grc' dir='ltr'>ἐζήτει</span> <span class='ocrx_word' id='word_1_746' title='bbox 3298 5109 3406 5161; x_wconf 79' lang='grc' dir='ltr'>τῶν</span> <span class='ocrx_word' id='word_1_747' title='bbox 3469 5101 3770 5175; x_wconf 84' lang='grc' dir='ltr'>Ἰουδαίων,</span> <span class='ocrx_word' id='word_1_748' title='bbox 3828 5106 3892 5160; x_wconf 80' lang='grc' dir='ltr'><strong>ὅν</strong></span> 
     </span>
    </p>
   </div>
   <div class='ocr_carea' id='block_1_113' title="bbox 2225 5192 3888 5271">
    <p class='ocr_par' dir='ltr' id='par_1_113' title="bbox 2225 5192 3888 5271">
     <span class='ocr_line' id='line_1_113' title="bbox 2225 5192 3888 5271; baseline -0.001 -21"><span class='ocrx_word' id='word_1_749' title='bbox 2225 5192 2554 5269; x_wconf 83' lang='grc' dir='ltr'>ᾠκοδόμησε</span> <span class='ocrx_word' id='word_1_750' title='bbox 2612 5194 2904 5269; x_wconf 80' lang='grc' dir='ltr'>Σολομῶν,</span> <span class='ocrx_word' id='word_1_751' title='bbox 2963 5198 3434 5271; x_wconf 83' lang='grc' dir='ltr'>προσκυνητήριον</span> <span class='ocrx_word' id='word_1_752' title='bbox 3486 5198 3715 5260; x_wconf 82' lang='grc' dir='ltr'>ποιῆσαι</span> <span class='ocrx_word' id='word_1_753' title='bbox 3772 5200 3888 5264; x_wconf 80' lang='grc' dir='ltr'><strong>τῆς</strong></span> 
     </span>
    </p>
   </div>
   <div class='ocr_carea' id='block_1_114' title="bbox 2224 5279 3885 5361">
    <p class='ocr_par' dir='ltr' id='par_1_114' title="bbox 2224 5279 3885 5361">
     <span class='ocr_line' id='line_1_114' title="bbox 2224 5279 3885 5361; baseline 0.001 -25"><span class='ocrx_word' id='word_1_754' title='bbox 2224 5282 2387 5338; x_wconf 80' lang='grc' dir='ltr'>αὐτοῦ</span> <span class='ocrx_word' id='word_1_755' title='bbox 2435 5282 2815 5361; x_wconf 79' lang='grc' dir='ltr'>βλασφημίας.</span> <span class='ocrx_word' id='word_1_756' title='bbox 2898 5285 3107 5341; x_wconf 82' lang='grc' dir='ltr'>Τοῦτον</span> <span class='ocrx_word' id='word_1_757' title='bbox 3185 5281 3316 5338; x_wconf 77' lang='grc' dir='ltr'>ἰδὼν</span> <span class='ocrx_word' id='word_1_758' title='bbox 3374 5282 3693 5358; x_wconf 80' lang='grc' dir='ltr'>Σωφρόνιος</span> <span class='ocrx_word' id='word_1_759' title='bbox 3747 5279 3885 5360; x_wconf 71' lang='grc' dir='ltr'><strong>ἔφη·</strong></span> 
     </span>
    </p>
   </div>
   <div class='ocr_carea' id='block_1_115' title="bbox 2224 5367 3890 5448">
    <p class='ocr_par' dir='ltr' id='par_1_115' title="bbox 2224 5367 3890 5448">
     <span class='ocr_line' id='line_1_115' title="bbox 2224 5367 3890 5448; baseline 0 -24"><span class='ocrx_word' id='word_1_760' title='bbox 2224 5394 2251 5423; x_wconf 88' lang='grc'><em>‹‹</em></span> <span class='ocrx_word' id='word_1_761' title='bbox 2283 5371 2401 5428; x_wconf 86' lang='grc' dir='ltr'><strong>Ἐπ’</strong></span> <span class='ocrx_word' id='word_1_762' title='bbox 2459 5368 2720 5439; x_wconf 68' lang='grc' dir='ltr'>ἀληθείας</span> <span class='ocrx_word' id='word_1_763' title='bbox 2762 5372 2924 5427; x_wconf 91' lang='grc' dir='ltr'>τοῦτό</span> <span class='ocrx_word' id='word_1_764' title='bbox 2966 5372 3081 5427; x_wconf 73' lang='grc' dir='ltr'>ἐστι</span> <span class='ocrx_word' id='word_1_765' title='bbox 3128 5372 3191 5428; x_wconf 89' lang='grc' dir='ltr'>τὸ</span> <span class='ocrx_word' id='word_1_766' title='bbox 3253 5367 3540 5448; x_wconf 73' lang='grc' dir='ltr'>βδέλυγμα</span> <span class='ocrx_word' id='word_1_767' title='bbox 3595 5375 3696 5440; x_wconf 77' lang='grc' dir='ltr'>τῆς</span> <span class='ocrx_word' id='word_1_768' title='bbox 3753 5368 3890 5445; x_wconf 74' lang='grc' dir='ltr'>ἐρη-</span> 
     </span>
    </p>
   </div>
   <div class='ocr_carea' id='block_1_116' title="bbox 2223 5453 3892 5537">
    <p class='ocr_par' dir='ltr' id='par_1_116' title="bbox 2223 5453 3892 5537">
     <span class='ocr_line' id='line_1_116' title="bbox 2223 5453 3892 5537; baseline -0.001 -24"><span class='ocrx_word' id='word_1_769' title='bbox 2223 5460 2472 5533; x_wconf 80' lang='grc' dir='ltr'>μώσεως,</span> <span class='ocrx_word' id='word_1_770' title='bbox 2504 5458 2674 5521; x_wconf 78' lang='grc' dir='ltr'>ἑστὼς</span> <span class='ocrx_word' id='word_1_771' title='bbox 2711 5457 2765 5515; x_wconf 79' lang='grc' dir='ltr'>ἐν</span> <span class='ocrx_word' id='word_1_772' title='bbox 2817 5459 2972 5535; x_wconf 82' lang='grc' dir='ltr'>τόπῳ</span> <span class='ocrx_word' id='word_1_773' title='bbox 3030 5459 3174 5537; x_wconf 77' lang='grc' dir='ltr'>ἁγίῳ</span> <span class='ocrx_word' id='word_1_774' title='bbox 3217 5462 3230 5517; x_wconf 89' lang='lat' dir='ltr'><strong>l</strong></span> <span class='ocrx_word' id='word_1_775' title='bbox 3267 5483 3296 5512; x_wconf 71' lang='grc' dir='ltr'><strong>κ</strong></span> <span class='ocrx_word' id='word_1_776' title='bbox 3353 5457 3598 5519; x_wconf 78' lang='grc' dir='ltr'>πολλοῖς</span> <span class='ocrx_word' id='word_1_777' title='bbox 3652 5478 3711 5514; x_wconf 85' lang='grc' dir='ltr'><strong>τε</strong></span> <span class='ocrx_word' id='word_1_778' title='bbox 3784 5453 3892 5513; x_wconf 77' lang='grc' dir='ltr'>δά-</span> 
     </span>
    </p>
   </div>
   <div class='ocr_carea' id='block_1_117' title="bbox 2216 5543 3895 5624">
    <p class='ocr_par' dir='ltr' id='par_1_117' title="bbox 2216 5543 3895 5624">
     <span class='ocr_line' id='line_1_117' title="bbox 2216 5543 3895 5624; baseline -0.002 -22"><span class='ocrx_word' id='word_1_779' title='bbox 2216 5567 2374 5620; x_wconf 83' lang='grc' dir='ltr'>κρυσι</span> <span class='ocrx_word' id='word_1_780' title='bbox 2425 5545 2550 5609; x_wconf 76' lang='grc' dir='ltr'>τοὺς</span> <span class='ocrx_word' id='word_1_781' title='bbox 2634 5548 2997 5623; x_wconf 77' lang='grc' dir='ltr'>Χριστιανοὺς</span> <span class='ocrx_word' id='word_1_782' title='bbox 3089 5544 3442 5623; x_wconf 78' lang='grc' dir='ltr'>ἀπωδύρετο.</span> <span class='ocrx_word' id='word_1_783' title='bbox 3504 5543 3895 5624; x_wconf 84' lang='grc' dir='ltr'>Παρεκάλεσεν</span> 
     </span>
    </p>
   </div>
   <div class='ocr_carea' id='block_1_118' title="bbox 2216 5630 3887 5695">
    <p class='ocr_par' dir='ltr' id='par_1_118' title="bbox 2216 5630 3887 5695">
     <span class='ocr_line' id='line_1_118' title="bbox 2216 5630 3887 5695; baseline 0.001 -4"><span class='ocrx_word' id='word_1_784' title='bbox 2216 5636 2310 5691; x_wconf 75' lang='grc' dir='ltr'>οὖν</span> <span class='ocrx_word' id='word_1_785' title='bbox 2344 5634 2508 5692; x_wconf 82' lang='grc' dir='ltr'>αὐτὸν</span> <span class='ocrx_word' id='word_1_786' title='bbox 2541 5630 2730 5693; x_wconf 83' lang='grc' dir='ltr'>λαϐεῖν</span> <span class='ocrx_word' id='word_1_787' title='bbox 2770 5635 2982 5694; x_wconf 79' lang='grc' dir='ltr'>σινδόνα</span> <span class='ocrx_word' id='word_1_788' title='bbox 3036 5637 3126 5693; x_wconf 82' lang='grc' dir='ltr'><strong>καὶ</strong></span> <span class='ocrx_word' id='word_1_789' title='bbox 3182 5633 3521 5695; x_wconf 80' lang='grc' dir='ltr'>ἐνδύσασθαι·</span> <span class='ocrx_word' id='word_1_790' title='bbox 3577 5636 3607 5692; x_wconf 94' lang='lat'><strong>6</strong></span> <span class='ocrx_word' id='word_1_791' title='bbox 3665 5631 3725 5689; x_wconf 68' lang='grc' dir='ltr'>δὶ</span> <span class='ocrx_word' id='word_1_792' title='bbox 3773 5634 3887 5692; x_wconf 75' lang='grc' dir='ltr'>οὐκ</span> 
     </span>
    </p>
   </div>
   <div class='ocr_carea' id='block_1_119' title="bbox 2592 4657 3895 4737">
    <p class='ocr_par' dir='ltr' id='par_1_119' title="bbox 2592 4657 3895 4737">
     <span class='ocr_line' id='line_1_119' title="bbox 2592 4657 3895 4737; baseline 0 -21"><span class='ocrx_word' id='word_1_793' title='bbox 2592 4658 2723 4734; x_wconf 83' lang='grc' dir='ltr'>ἔτει,</span> <span class='ocrx_word' id='word_1_794' title='bbox 2792 4662 3071 4737; x_wconf 87' lang='grc' dir='ltr'>στρατεύει</span> <span class='ocrx_word' id='word_1_795' title='bbox 3162 4657 3422 4737; x_wconf 79' lang='grc' dir='ltr'>Οῦμαρος</span> <span class='ocrx_word' id='word_1_796' title='bbox 3477 4660 3616 4718; x_wconf 85' lang='grc' dir='ltr'><strong>κατά</strong></span> <span class='ocrx_word' id='word_1_797' title='bbox 3670 4666 3895 4716; x_wconf 71' lang='grc' dir='ltr'>Παλαι-</span> 
     </span>
    </p>
   </div>
  </div>
