  <div class='ocr_page' id='page_1' title='image "/cluster/home/n/w/nwhite01/storage/ocr_20150623/121/hvd.32044073502478/414.png"; bbox 0 0 4148 6212; ppageno 0'>
   <div class='ocr_carea' id='block_1_1' title="bbox 229 387 352 447">
    <p class='ocr_par' dir='ltr' id='par_1_1' title="bbox 229 387 352 447">
     <span class='ocr_line' id='line_1_1' title="bbox 229 387 352 447; baseline -0.016 0"><span class='ocrx_word' id='word_1_1' title='bbox 229 387 352 447; x_wconf 80' lang='grc'>817</span> 
     </span>
    </p>
   </div>
   <div class='ocr_carea' id='block_1_2' title="bbox 1389 374 2515 446">
    <p class='ocr_par' dir='ltr' id='par_1_2' title="bbox 1389 374 2515 446">
     <span class='ocr_line' id='line_1_2' title="bbox 1389 374 2515 446; baseline 0.009 -10"><span class='ocrx_word' id='word_1_2' title='bbox 1389 374 1923 437; x_wconf 73' lang='lat' dir='ltr'>HlSTOltlARUM</span> <span class='ocrx_word' id='word_1_3' title='bbox 1972 377 2515 446; x_wconf 74' lang='lat' dir='ltr'>COMPENDIUM.</span> 
     </span>
    </p>
   </div>
   <div class='ocr_carea' id='block_1_3' title="bbox 3533 392 3657 454">
    <p class='ocr_par' dir='ltr' id='par_1_3' title="bbox 3533 392 3657 454">
     <span class='ocr_line' id='line_1_3' title="bbox 3533 392 3657 454; baseline -0.024 0"><span class='ocrx_word' id='word_1_4' title='bbox 3533 392 3657 454; x_wconf 81' lang='grc'>818</span> 
     </span>
    </p>
   </div>
   <div class='ocr_carea' id='block_1_4' title="bbox 248 506 1878 591">
    <p class='ocr_par' dir='ltr' id='par_1_4' title="bbox 248 506 1878 588">
     <span class='ocr_line' id='line_1_4' title="bbox 248 506 1878 588; baseline -0.009 -18"><span class='ocrx_word' id='word_1_5' title='bbox 248 515 541 588; x_wconf 82' lang='grc' dir='ltr'>ἠνέσχετο.</span> <span class='ocrx_word' id='word_1_6' title='bbox 583 511 758 584; x_wconf 82' lang='grc' dir='ltr'>Μόγις</span> <span class='ocrx_word' id='word_1_7' title='bbox 817 511 909 564; x_wconf 78' lang='grc' dir='ltr'>οὗν</span> <span class='ocrx_word' id='word_1_8' title='bbox 963 507 1204 576; x_wconf 75' lang='grc' dir='ltr'>ἐπείσθη,</span> <span class='ocrx_word' id='word_1_9' title='bbox 1271 508 1360 562; x_wconf 87' lang='lat' dir='ltr'>xui</span> <span class='ocrx_word' id='word_1_10' title='bbox 1419 506 1756 563; x_wconf 82' lang='grc' dir='ltr'>πλυνθέντων</span> <span class='ocrx_word' id='word_1_11' title='bbox 1787 511 1878 560; x_wconf 63' lang='grc' dir='ltr'>τῶι</span> 
     </span>
    </p>
   </div>
   <div class='ocr_carea' id='block_1_5' title="bbox 1988 506 3658 591">
    <p class='ocr_par' dir='ltr' id='par_1_5' title="bbox 2010 515 3658 591">
     <span class='ocr_line' id='line_1_5' title="bbox 2010 515 3658 591; baseline 0.011 -27"><span class='ocrx_word' id='word_1_12' title='bbox 2010 517 2118 566; x_wconf 86' lang='lat' dir='ltr'>est.</span> <span class='ocrx_word' id='word_1_13' title='bbox 2155 515 2427 573; x_wconf 87' lang='lat' dir='ltr'>Hortatus</span> <span class='ocrx_word' id='word_1_14' title='bbox 2460 521 2659 591; x_wconf 81' lang='lat' dir='ltr'>itaque</span> <span class='ocrx_word' id='word_1_15' title='bbox 2690 538 2825 577; x_wconf 90' lang='lat' dir='ltr'>eum</span> <span class='ocrx_word' id='word_1_16' title='bbox 2884 528 2992 588; x_wconf 90' lang='lat' dir='ltr'>est,</span> <span class='ocrx_word' id='word_1_17' title='bbox 3043 527 3108 577; x_wconf 85' lang='lat' dir='ltr'>ut</span> <span class='ocrx_word' id='word_1_18' title='bbox 3155 524 3405 580; x_wconf 86' lang='lat' dir='ltr'>sindone</span> <span class='ocrx_word' id='word_1_19' title='bbox 3456 543 3516 581; x_wconf 91' lang='lat' dir='ltr'>se</span> <span class='ocrx_word' id='word_1_20' title='bbox 3573 528 3658 583; x_wconf 89' lang='lat' dir='ltr'>in-</span> 
     </span>
    </p>
   </div>
   <div class='ocr_carea' id='block_1_6' title="bbox 252 599 1898 677">
    <p class='ocr_par' dir='ltr' id='par_1_6' title="bbox 252 599 1898 677">
     <span class='ocr_line' id='line_1_6' title="bbox 252 599 1898 677; baseline -0.008 -14"><span class='ocrx_word' id='word_1_21' title='bbox 252 608 421 662; x_wconf 84' lang='grc' dir='ltr'>αὐτοῦ</span> <span class='ocrx_word' id='word_1_22' title='bbox 479 606 642 660; x_wconf 84' lang='grc' dir='ltr'>πάλιν</span> <span class='ocrx_word' id='word_1_23' title='bbox 704 603 1000 677; x_wconf 80' lang='grc' dir='ltr'>ἀπέστρεψε</span> <span class='ocrx_word' id='word_1_24' title='bbox 1073 601 1140 656; x_wconf 80' lang='grc' dir='ltr'>τὰ</span> <span class='ocrx_word' id='word_1_25' title='bbox 1215 606 1312 656; x_wconf 90' lang='grc' dir='ltr'>τοῦ</span> <span class='ocrx_word' id='word_1_26' title='bbox 1394 601 1764 675; x_wconf 87' lang='grc' dir='ltr'>πατριάρχου,</span> <span class='ocrx_word' id='word_1_27' title='bbox 1816 599 1898 650; x_wconf 77' lang='grc' dir='ltr'>Ἑν</span> 
     </span>
    </p>
   </div>
   <div class='ocr_carea' id='block_1_7' title="bbox 248 685 1896 762">
    <p class='ocr_par' dir='ltr' id='par_1_7' title="bbox 248 685 1896 762">
     <span class='ocr_line' id='line_1_7' title="bbox 248 685 1896 762; baseline -0.006 -13"><span class='ocrx_word' id='word_1_28' title='bbox 248 694 466 754; x_wconf 83' lang='grc' dir='ltr'>τούτοις</span> <span class='ocrx_word' id='word_1_29' title='bbox 500 686 712 746; x_wconf 74' lang='grc' dir='ltr'>ἀπεόίω</span> <span class='ocrx_word' id='word_1_30' title='bbox 741 691 1075 762; x_wconf 81' lang='grc' dir='ltr'>Σωφρόνιος,</span> <span class='ocrx_word' id='word_1_31' title='bbox 1135 687 1324 743; x_wconf 84' lang='grc' dir='ltr'>πολλά</span> <span class='ocrx_word' id='word_1_32' title='bbox 1379 689 1516 742; x_wconf 81' lang='grc' dir='ltr'>κατὰ</span> <span class='ocrx_word' id='word_1_33' title='bbox 1570 685 1896 761; x_wconf 76' lang='grc' dir='ltr'>Ἡρακλείου</span> 
     </span>
    </p>
   </div>
   <div class='ocr_carea' id='block_1_8' title="bbox 241 775 1893 859">
    <p class='ocr_par' dir='ltr' id='par_1_8' title="bbox 241 775 1893 859">
     <span class='ocr_line' id='line_1_8' title="bbox 241 775 1893 859; baseline -0.007 -20"><span class='ocrx_word' id='word_1_34' title='bbox 241 785 473 839; x_wconf 79' lang='grc' dir='ltr'>καὶτῶν</span> <span class='ocrx_word' id='word_1_35' title='bbox 503 779 827 859; x_wconf 75' lang='grc' dir='ltr'>ὁμοφρόνων</span> <span class='ocrx_word' id='word_1_36' title='bbox 887 777 1050 833; x_wconf 78' lang='grc' dir='ltr'>αὐτοῦ</span> <span class='ocrx_word' id='word_1_37' title='bbox 1109 779 1338 852; x_wconf 89' lang='grc' dir='ltr'>Σεργίου</span> <span class='ocrx_word' id='word_1_38' title='bbox 1391 779 1476 832; x_wconf 80' lang='grc' dir='ltr'>καὶ</span> <span class='ocrx_word' id='word_1_39' title='bbox 1539 775 1754 852; x_wconf 79' lang='grc' dir='ltr'>ῐΙύρῥου</span> <span class='ocrx_word' id='word_1_40' title='bbox 1786 779 1893 828; x_wconf 88' lang='grc' dir='ltr'>τῶν</span> 
     </span>
    </p>
   </div>
   <div class='ocr_carea' id='block_1_9' title="bbox 247 864 1893 943">
    <p class='ocr_par' dir='ltr' id='par_1_9' title="bbox 247 864 1893 943">
     <span class='ocr_line' id='line_1_9' title="bbox 247 864 1893 943; baseline -0.007 -14"><span class='ocrx_word' id='word_1_41' title='bbox 247 870 654 939; x_wconf 79' lang='grc' dir='ltr'>Μονοθελητῶν</span> <span class='ocrx_word' id='word_1_42' title='bbox 684 868 1112 943; x_wconf 73' lang='grc' dir='ltr'>ἀγωνισάμενος.</span> <span class='ocrx_word' id='word_1_43' title='bbox 1172 867 1366 939; x_wconf 84' lang='grc' dir='ltr'>Τούτῳ</span> <span class='ocrx_word' id='word_1_44' title='bbox 1395 871 1476 938; x_wconf 78' lang='grc' dir='ltr'>τῷ</span> <span class='ocrx_word' id='word_1_45' title='bbox 1527 864 1633 920; x_wconf 84' lang='grc' dir='ltr'><strong>ἔτει</strong></span> <span class='ocrx_word' id='word_1_46' title='bbox 1665 864 1893 920; x_wconf 83' lang='grc' dir='ltr'>ἀπολύει</span> 
     </span>
    </p>
   </div>
   <div class='ocr_carea' id='block_1_10' title="bbox 239 954 1892 1034">
    <p class='ocr_par' dir='ltr' id='par_1_10' title="bbox 239 954 1892 1034">
     <span class='ocr_line' id='line_1_10' title="bbox 239 954 1892 1034; baseline -0.005 -19"><span class='ocrx_word' id='word_1_47' title='bbox 239 961 502 1034; x_wconf 78' lang='grc' dir='ltr'>Οὕμαρος</span> <span class='ocrx_word' id='word_1_48' title='bbox 530 964 621 1014; x_wconf 83' lang='grc' dir='ltr'>τὸν</span> <span class='ocrx_word' id='word_1_49' title='bbox 643 956 751 1016; x_wconf 81' lang='grc' dir='ltr'>Ἰἁδ</span> <span class='ocrx_word' id='word_1_50' title='bbox 784 957 858 1019; x_wconf 83' lang='grc' dir='ltr'>εἷς</span> <span class='ocrx_word' id='word_1_51' title='bbox 914 956 1126 1032; x_wconf 87' lang='grc' dir='ltr'>Συρίαν,</span> <span class='ocrx_word' id='word_1_52' title='bbox 1182 956 1270 1010; x_wconf 80' lang='grc' dir='ltr'>καὶ</span> <span class='ocrx_word' id='word_1_53' title='bbox 1329 954 1550 1024; x_wconf 79' lang='grc' dir='ltr'>ὑπέταξε</span> <span class='ocrx_word' id='word_1_54' title='bbox 1579 959 1750 1008; x_wconf 83' lang='grc' dir='ltr'>πᾶσαν</span> <span class='ocrx_word' id='word_1_55' title='bbox 1776 959 1892 1015; x_wconf 89' lang='grc' dir='ltr'>τοῖς</span> 
     </span>
    </p>
   </div>
   <div class='ocr_carea' id='block_1_11' title="bbox 230 1056 600 1126">
    <p class='ocr_par' dir='ltr' id='par_1_11' title="bbox 230 1056 600 1126">
     <span class='ocr_line' id='line_1_11' title="bbox 230 1056 600 1126; baseline -0.014 -18"><span class='ocrx_word' id='word_1_56' title='bbox 230 1060 488 1126; x_wconf 87' lang='grc' dir='ltr'>Σαρακην</span> <span class='ocrx_word' id='word_1_57' title='bbox 498 1056 600 1112; x_wconf 85' lang='grc' dir='ltr'>οῖς.</span> 
     </span>
    </p>
   </div>
   <div class='ocr_carea' id='block_1_12' title="bbox 311 1223 1890 1304">
    <p class='ocr_par' dir='ltr' id='par_1_12' title="bbox 311 1223 1890 1304">
     <span class='ocr_line' id='line_1_12' title="bbox 311 1223 1890 1304; baseline -0.004 -20"><span class='ocrx_word' id='word_1_58' title='bbox 311 1228 440 1304; x_wconf 85' lang='grc' dir='ltr'>Περὶ</span> <span class='ocrx_word' id='word_1_59' title='bbox 473 1226 531 1283; x_wconf 74' lang='grc' dir='ltr'>δέ</span> <span class='ocrx_word' id='word_1_60' title='bbox 557 1248 621 1302; x_wconf 90' lang='grc' dir='ltr'>γε</span> <span class='ocrx_word' id='word_1_61' title='bbox 649 1235 748 1296; x_wconf 83' lang='grc' dir='ltr'>τῆς</span> <span class='ocrx_word' id='word_1_62' title='bbox 771 1226 924 1303; x_wconf 80' lang='grc' dir='ltr'>ἁγίας</span> <span class='ocrx_word' id='word_1_63' title='bbox 956 1229 1058 1300; x_wconf 70' lang='grc' dir='ltr'>γῆς</span> <span class='ocrx_word' id='word_1_64' title='bbox 1115 1231 1143 1280; x_wconf 86' lang='grc' dir='ltr'><strong>ὸ</strong></span> <span class='ocrx_word' id='word_1_65' title='bbox 1182 1226 1459 1287; x_wconf 72' lang='grc' dir='ltr'>θεσπέσιος</span> <span class='ocrx_word' id='word_1_66' title='bbox 1495 1223 1645 1300; x_wconf 78' lang='grc' dir='ltr'>ἔλεγε</span> <span class='ocrx_word' id='word_1_67' title='bbox 1726 1229 1890 1278; x_wconf 67' lang='lat' dir='ltr'>Mum”-</span> 
     </span>
    </p>
   </div>
   <div class='ocr_carea' id='block_1_13' title="bbox 226 1313 1892 1391">
    <p class='ocr_par' dir='ltr' id='par_1_13' title="bbox 226 1313 1892 1391">
     <span class='ocr_line' id='line_1_13' title="bbox 226 1313 1892 1391; baseline -0.005 -16"><span class='ocrx_word' id='word_1_68' title='bbox 226 1326 336 1390; x_wconf 85' lang='grc' dir='ltr'>σῆς</span> <span class='ocrx_word' id='word_1_69' title='bbox 369 1318 504 1390; x_wconf 82' lang='grc' dir='ltr'>πρὸς</span> <span class='ocrx_word' id='word_1_70' title='bbox 531 1317 622 1372; x_wconf 83' lang='grc' dir='ltr'>τὸν</span> <span class='ocrx_word' id='word_1_71' title='bbox 655 1317 898 1391; x_wconf 71' lang='grc' dir='ltr'>Ἰσραήλ·</span> <span class='ocrx_word' id='word_1_72' title='bbox 926 1313 1064 1370; x_wconf 77' lang='grc' dir='ltr'>Ἰδοὺ</span> <span class='ocrx_word' id='word_1_73' title='bbox 1100 1314 1292 1388; x_wconf 78' lang='grc' dir='ltr'>Κύριος</span> <span class='ocrx_word' id='word_1_74' title='bbox 1354 1316 1382 1369; x_wconf 98' lang='lat'>6</span> <span class='ocrx_word' id='word_1_75' title='bbox 1440 1316 1570 1376; x_wconf 91' lang='grc' dir='ltr'>Θεός</span> <span class='ocrx_word' id='word_1_76' title='bbox 1630 1335 1726 1368; x_wconf 89' lang='grc' dir='ltr'>σου</span> <span class='ocrx_word' id='word_1_77' title='bbox 1785 1313 1892 1367; x_wconf 81' lang='grc' dir='ltr'>εἰσ-</span> 
     </span>
    </p>
   </div>
   <div class='ocr_carea' id='block_1_14' title="bbox 229 1401 1892 1483">
    <p class='ocr_par' dir='ltr' id='par_1_14' title="bbox 229 1401 1892 1483">
     <span class='ocr_line' id='line_1_14' title="bbox 229 1401 1892 1483; baseline -0.004 -19"><span class='ocrx_word' id='word_1_78' title='bbox 229 1411 359 1479; x_wconf 82' lang='grc' dir='ltr'>ἀζει</span> <span class='ocrx_word' id='word_1_79' title='bbox 387 1430 444 1463; x_wconf 90' lang='grc' dir='ltr'>σε</span> <span class='ocrx_word' id='word_1_80' title='bbox 474 1407 548 1468; x_wconf 80' lang='grc' dir='ltr'>είς</span> <span class='ocrx_word' id='word_1_81' title='bbox 581 1411 683 1483; x_wconf 83' lang='grc' dir='ltr'>γῆν</span> <span class='ocrx_word' id='word_1_82' title='bbox 717 1408 924 1481; x_wconf 75' lang='grc' dir='ltr'>ἀγαθὴν</span> <span class='ocrx_word' id='word_1_83' title='bbox 952 1405 1041 1460; x_wconf 84' lang='grc' dir='ltr'>καὶ</span> <span class='ocrx_word' id='word_1_84' title='bbox 1072 1404 1314 1475; x_wconf 74' lang='grc' dir='ltr'>πολλὴν,</span> <span class='ocrx_word' id='word_1_85' title='bbox 1337 1406 1402 1474; x_wconf 77' lang='grc' dir='ltr'>ἧς</span> <span class='ocrx_word' id='word_1_86' title='bbox 1434 1404 1730 1480; x_wconf 83' lang='grc' dir='ltr'>χείμαρῥοι</span> <span class='ocrx_word' id='word_1_87' title='bbox 1764 1401 1892 1458; x_wconf 78' lang='grc' dir='ltr'>ὑδά-</span> 
     </span>
    </p>
   </div>
   <div class='ocr_carea' id='block_1_15' title="bbox 221 1491 1891 1572">
    <p class='ocr_par' dir='ltr' id='par_1_15' title="bbox 221 1491 1891 1572">
     <span class='ocr_line' id='line_1_15' title="bbox 221 1491 1891 1572; baseline -0.004 -19"><span class='ocrx_word' id='word_1_88' title='bbox 221 1520 339 1554; x_wconf 89' lang='grc' dir='ltr'>των</span> <span class='ocrx_word' id='word_1_89' title='bbox 367 1498 456 1553; x_wconf 86' lang='grc' dir='ltr'>καὶ</span> <span class='ocrx_word' id='word_1_90' title='bbox 497 1496 667 1572; x_wconf 84' lang='grc' dir='ltr'>πηγαὶ</span> <span class='ocrx_word' id='word_1_91' title='bbox 710 1491 946 1550; x_wconf 80' lang='grc' dir='ltr'>ἀϐύσσου</span> <span class='ocrx_word' id='word_1_92' title='bbox 1005 1495 1428 1570; x_wconf 82' lang='grc' dir='ltr'>ἐκπορευόμεναι</span> <span class='ocrx_word' id='word_1_93' title='bbox 1489 1492 1578 1548; x_wconf 71' lang='grc' dir='ltr'>διὰ</span> <span class='ocrx_word' id='word_1_94' title='bbox 1631 1498 1739 1549; x_wconf 90' lang='grc' dir='ltr'>τῶν</span> <span class='ocrx_word' id='word_1_95' title='bbox 1794 1513 1891 1547; x_wconf 88' lang='grc' dir='ltr'>πε-</span> 
     </span>
    </p>
   </div>
   <div class='ocr_carea' id='block_1_16' title="bbox 226 1581 1891 1660">
    <p class='ocr_par' dir='ltr' id='par_1_16' title="bbox 226 1581 1891 1660">
     <span class='ocr_line' id='line_1_16' title="bbox 226 1581 1891 1660; baseline -0.004 -18"><span class='ocrx_word' id='word_1_96' title='bbox 226 1585 434 1642; x_wconf 82' lang='grc' dir='ltr'>διάδων</span> <span class='ocrx_word' id='word_1_97' title='bbox 469 1587 559 1641; x_wconf 83' lang='grc' dir='ltr'>καὶ</span> <span class='ocrx_word' id='word_1_98' title='bbox 586 1591 694 1641; x_wconf 90' lang='grc' dir='ltr'>τῶν</span> <span class='ocrx_word' id='word_1_99' title='bbox 731 1585 922 1660; x_wconf 85' lang='grc' dir='ltr'>ὀρέων.</span> <span class='ocrx_word' id='word_1_100' title='bbox 957 1590 1030 1654; x_wconf 86' lang='grc' dir='ltr'><strong>Γῆ</strong></span> <span class='ocrx_word' id='word_1_101' title='bbox 1097 1589 1271 1658; x_wconf 91' lang='grc' dir='ltr'>πυροῦ</span> <span class='ocrx_word' id='word_1_102' title='bbox 1333 1583 1424 1638; x_wconf 86' lang='grc' dir='ltr'>καὶ</span> <span class='ocrx_word' id='word_1_103' title='bbox 1471 1591 1688 1657; x_wconf 82' lang='grc' dir='ltr'>κριθῆς,</span> <span class='ocrx_word' id='word_1_104' title='bbox 1722 1581 1891 1655; x_wconf 77' lang='grc' dir='ltr'>ἄμπε-</span> 
     </span>
    </p>
   </div>
   <div class='ocr_carea' id='block_1_17' title="bbox 227 1671 1890 1752">
    <p class='ocr_par' dir='ltr' id='par_1_17' title="bbox 227 1671 1890 1752">
     <span class='ocr_line' id='line_1_17' title="bbox 227 1671 1890 1752; baseline -0.005 -19"><span class='ocrx_word' id='word_1_105' title='bbox 227 1677 328 1733; x_wconf 90' lang='grc' dir='ltr'>λοι</span> <span class='ocrx_word' id='word_1_106' title='bbox 354 1675 442 1731; x_wconf 85' lang='grc' dir='ltr'>καὶ</span> <span class='ocrx_word' id='word_1_107' title='bbox 475 1681 634 1730; x_wconf 84' lang='grc' dir='ltr'>συκαῖ</span> <span class='ocrx_word' id='word_1_108' title='bbox 661 1674 753 1730; x_wconf 85' lang='grc' dir='ltr'>καὶ</span> <span class='ocrx_word' id='word_1_109' title='bbox 785 1675 928 1749; x_wconf 79' lang='grc' dir='ltr'>ῥοιαὶ</span> <span class='ocrx_word' id='word_1_110' title='bbox 985 1674 1075 1729; x_wconf 80' lang='grc' dir='ltr'>καὶ</span> <span class='ocrx_word' id='word_1_111' title='bbox 1135 1673 1398 1752; x_wconf 60' lang='grc' dir='ltr'>φοίνικες</span> <span class='ocrx_word' id='word_1_112' title='bbox 1463 1679 1534 1749; x_wconf 87' lang='grc' dir='ltr'>γῆ</span> <span class='ocrx_word' id='word_1_113' title='bbox 1585 1671 1772 1728; x_wconf 80' lang='grc' dir='ltr'>ἐλαίου</span> <span class='ocrx_word' id='word_1_114' title='bbox 1801 1671 1890 1725; x_wconf 86' lang='grc' dir='ltr'>καὶ</span> 
     </span>
    </p>
   </div>
   <div class='ocr_carea' id='block_1_18' title="bbox 233 1759 1892 1840">
    <p class='ocr_par' dir='ltr' id='par_1_18' title="bbox 233 1759 1892 1840">
     <span class='ocr_line' id='line_1_18' title="bbox 233 1759 1892 1840; baseline -0.004 -19"><span class='ocrx_word' id='word_1_115' title='bbox 233 1765 484 1840; x_wconf 81' lang='grc' dir='ltr'>μέλιτος·</span> <span class='ocrx_word' id='word_1_116' title='bbox 516 1772 588 1839; x_wconf 83' lang='grc' dir='ltr'>γῆ</span> <span class='ocrx_word' id='word_1_117' title='bbox 623 1764 704 1838; x_wconf 83' lang='grc' dir='ltr'>ἐφ’</span> <span class='ocrx_word' id='word_1_118' title='bbox 734 1763 801 1834; x_wconf 79' lang='grc' dir='ltr'>ἤν</span> <span class='ocrx_word' id='word_1_119' title='bbox 833 1763 895 1818; x_wconf 85' lang='grc' dir='ltr'>ού</span> <span class='ocrx_word' id='word_1_120' title='bbox 933 1764 1065 1835; x_wconf 76' lang='grc' dir='ltr'>μετὰ</span> <span class='ocrx_word' id='word_1_121' title='bbox 1124 1763 1406 1838; x_wconf 80' lang='grc' dir='ltr'>πτωχείας</span> <span class='ocrx_word' id='word_1_122' title='bbox 1438 1762 1580 1840; x_wconf 82' lang='grc' dir='ltr'>φάγῃ</span> <span class='ocrx_word' id='word_1_123' title='bbox 1605 1762 1697 1816; x_wconf 84' lang='grc' dir='ltr'>τὸν</span> <span class='ocrx_word' id='word_1_124' title='bbox 1732 1759 1892 1836; x_wconf 84' lang='grc' dir='ltr'>ἄρτον</span> 
     </span>
    </p>
   </div>
   <div class='ocr_carea' id='block_1_19' title="bbox 2005 600 3650 686">
    <p class='ocr_par' dir='ltr' id='par_1_19' title="bbox 2005 600 3650 686">
     <span class='ocr_line' id='line_1_19' title="bbox 2005 600 3650 686; baseline 0.01 -31"><span class='ocrx_word' id='word_1_125' title='bbox 2005 600 2249 658; x_wconf 88' lang='lat' dir='ltr'>ducret:</span> <span class='ocrx_word' id='word_1_126' title='bbox 2287 624 2485 663; x_wconf 85' lang='lat' dir='ltr'>verum</span> <span class='ocrx_word' id='word_1_127' title='bbox 2542 611 2590 663; x_wconf 89' lang='lat' dir='ltr'>is</span> <span class='ocrx_word' id='word_1_128' title='bbox 2635 612 2850 665; x_wconf 89' lang='lat' dir='ltr'>renuit.</span> <span class='ocrx_word' id='word_1_129' title='bbox 2907 612 3009 666; x_wconf 84' lang='lat' dir='ltr'>Vix</span> <span class='ocrx_word' id='word_1_130' title='bbox 3063 612 3301 668; x_wconf 84' lang='lat' dir='ltr'>tandem</span> <span class='ocrx_word' id='word_1_131' title='bbox 3350 630 3650 686; x_wconf 85' lang='lat' dir='ltr'>assensus,</span> 
     </span>
    </p>
   </div>
   <div class='ocr_carea' id='block_1_20' title="bbox 2003 692 3651 770">
    <p class='ocr_par' dir='ltr' id='par_1_20' title="bbox 2003 692 3651 770">
     <span class='ocr_line' id='line_1_20' title="bbox 2003 692 3651 770; baseline 0.008 -24"><span class='ocrx_word' id='word_1_132' title='bbox 2003 692 2140 748; x_wconf 92' lang='lat' dir='ltr'>lotis</span> <span class='ocrx_word' id='word_1_133' title='bbox 2173 698 2295 751; x_wconf 87' lang='lat' dir='ltr'><strong>suis</strong></span> <span class='ocrx_word' id='word_1_134' title='bbox 2329 699 2605 767; x_wconf 84' lang='lat' dir='ltr'>vestibus,</span> <span class='ocrx_word' id='word_1_135' title='bbox 2663 702 3008 770; x_wconf 70' lang='lat' dir='ltr'>patriarchae</span> <span class='ocrx_word' id='word_1_136' title='bbox 3055 719 3190 757; x_wconf 90' lang='lat' dir='ltr'>suas</span> <span class='ocrx_word' id='word_1_137' title='bbox 3239 703 3513 759; x_wconf 75' lang='lat' dir='ltr'>reddidit.</span> <span class='ocrx_word' id='word_1_138' title='bbox 3571 707 3651 760; x_wconf 88' lang='lat' dir='ltr'>Ea</span> 
     </span>
    </p>
   </div>
   <div class='ocr_carea' id='block_1_21' title="bbox 1999 787 3648 862">
    <p class='ocr_par' dir='ltr' id='par_1_21' title="bbox 1999 787 3648 862">
     <span class='ocr_line' id='line_1_21' title="bbox 1999 787 3648 862; baseline 0.008 -26"><span class='ocrx_word' id='word_1_139' title='bbox 1999 787 2351 855; x_wconf 76' lang='lat' dir='ltr'>tempestate</span> <span class='ocrx_word' id='word_1_140' title='bbox 2383 788 2541 843; x_wconf 89' lang='lat' dir='ltr'>diem</span> <span class='ocrx_word' id='word_1_141' title='bbox 2575 806 2746 844; x_wconf 90' lang='lat' dir='ltr'>suum</span> <span class='ocrx_word' id='word_1_142' title='bbox 2778 791 2925 845; x_wconf 90' lang='lat' dir='ltr'>obiit</span> <span class='ocrx_word' id='word_1_143' title='bbox 2963 792 3349 862; x_wconf 76' lang='lat' dir='ltr'>Sophronias,</span> <span class='ocrx_word' id='word_1_144' title='bbox 3381 809 3514 848; x_wconf 89' lang='lat' dir='ltr'>cum</span> <span class='ocrx_word' id='word_1_145' title='bbox 3547 795 3648 849; x_wconf 91' lang='lat' dir='ltr'>diu</span> 
     </span>
    </p>
   </div>
   <div class='ocr_carea' id='block_1_22' title="bbox 1999 874 3648 947">
    <p class='ocr_par' dir='ltr' id='par_1_22' title="bbox 1999 874 3648 947">
     <span class='ocr_line' id='line_1_22' title="bbox 1999 874 3648 947; baseline 0.008 -21"><span class='ocrx_word' id='word_1_146' title='bbox 1999 874 2374 947; x_wconf 89' lang='lat' dir='ltr'>multumque</span> <span class='ocrx_word' id='word_1_147' title='bbox 2406 878 2685 933; x_wconf 89' lang='lat' dir='ltr'>adversus</span> <span class='ocrx_word' id='word_1_148' title='bbox 2719 880 3071 946; x_wconf 76' lang='lat' dir='ltr'>Heracliam,</span> <span class='ocrx_word' id='word_1_149' title='bbox 3106 886 3163 935; x_wconf 87' lang='lat' dir='ltr'>et</span> <span class='ocrx_word' id='word_1_150' title='bbox 3211 898 3343 937; x_wconf 90' lang='lat' dir='ltr'>cum</span> <span class='ocrx_word' id='word_1_151' title='bbox 3393 899 3461 938; x_wconf 90' lang='lat' dir='ltr'>eo</span> <span class='ocrx_word' id='word_1_152' title='bbox 3512 900 3648 938; x_wconf 83' lang='lat' dir='ltr'>sen-</span> 
     </span>
    </p>
   </div>
   <div class='ocr_carea' id='block_1_23' title="bbox 1997 961 3645 1039">
    <p class='ocr_par' dir='ltr' id='par_1_23' title="bbox 1997 961 3645 1039">
     <span class='ocr_line' id='line_1_23' title="bbox 1997 961 3645 1039; baseline 0.008 -25"><span class='ocrx_word' id='word_1_153' title='bbox 1997 961 2214 1018; x_wconf 88' lang='lat' dir='ltr'>tientes</span> <span class='ocrx_word' id='word_1_154' title='bbox 2246 967 2509 1038; x_wconf 84' lang='lat' dir='ltr'>Sergium</span> <span class='ocrx_word' id='word_1_155' title='bbox 2542 985 2608 1022; x_wconf 91' lang='lat' dir='ltr'>ac</span> <span class='ocrx_word' id='word_1_156' title='bbox 2640 970 2930 1039; x_wconf 87' lang='lat' dir='ltr'>Pyrrhum</span> <span class='ocrx_word' id='word_1_157' title='bbox 2963 971 3393 1027; x_wconf 83' lang='lat' dir='ltr'>monotheletas</span> <span class='ocrx_word' id='word_1_158' title='bbox 3441 973 3645 1029; x_wconf 90' lang='lat' dir='ltr'>decer-</span> 
     </span>
    </p>
   </div>
   <div class='ocr_carea' id='block_1_24' title="bbox 1997 1055 3642 1131">
    <p class='ocr_par' dir='ltr' id='par_1_24' title="bbox 1997 1055 3642 1131">
     <span class='ocr_line' id='line_1_24' title="bbox 1997 1055 3642 1131; baseline 0.008 -28"><span class='ocrx_word' id='word_1_159' title='bbox 1997 1055 2196 1106; x_wconf 90' lang='lat' dir='ltr'>tasset.</span> <span class='ocrx_word' id='word_1_160' title='bbox 2233 1056 2352 1109; x_wconf 86' lang='lat' dir='ltr'>Hoc</span> <span class='ocrx_word' id='word_1_161' title='bbox 2381 1072 2538 1109; x_wconf 86' lang='lat' dir='ltr'>anno</span> <span class='ocrx_word' id='word_1_162' title='bbox 2575 1058 2821 1112; x_wconf 87' lang='lat' dir='ltr'>Umarus</span> <span class='ocrx_word' id='word_1_163' title='bbox 2841 1058 3052 1113; x_wconf 90' lang='lat' dir='ltr'>Jadum</span> <span class='ocrx_word' id='word_1_164' title='bbox 3085 1059 3144 1113; x_wconf 91' lang='lat' dir='ltr'>in</span> <span class='ocrx_word' id='word_1_165' title='bbox 3176 1061 3402 1131; x_wconf 81' lang='lat' dir='ltr'>Syriam</span> <span class='ocrx_word' id='word_1_166' title='bbox 3437 1063 3642 1130; x_wconf 82' lang='lat' dir='ltr'>mittit,</span> 
     </span>
    </p>
   </div>
   <div class='ocr_carea' id='block_1_25' title="bbox 1996 1142 3539 1222">
    <p class='ocr_par' dir='ltr' id='par_1_25' title="bbox 1996 1142 3539 1222">
     <span class='ocr_line' id='line_1_25' title="bbox 1996 1142 3539 1222; baseline 0.007 -29"><span class='ocrx_word' id='word_1_167' title='bbox 1996 1142 2299 1212; x_wconf 83' lang='lat' dir='ltr'>totamque</span> <span class='ocrx_word' id='word_1_168' title='bbox 2332 1143 2392 1196; x_wconf 93' lang='lat' dir='ltr'>in</span> <span class='ocrx_word' id='word_1_169' title='bbox 2427 1143 2888 1200; x_wconf 84' lang='lat' dir='ltr'>Sarracenorum</span> <span class='ocrx_word' id='word_1_170' title='bbox 2923 1153 3276 1217; x_wconf 85' lang='lat' dir='ltr'>potestatem</span> <span class='ocrx_word' id='word_1_171' title='bbox 3304 1147 3539 1222; x_wconf 81' lang='lat' dir='ltr'>redigit.</span> 
     </span>
    </p>
   </div>
   <div class='ocr_carea' id='block_1_26' title="bbox 2069 1230 3646 1294">
    <p class='ocr_par' dir='ltr' id='par_1_26' title="bbox 2069 1230 3646 1294">
     <span class='ocr_line' id='line_1_26' title="bbox 2069 1230 3646 1294; baseline 0.006 -11"><span class='ocrx_word' id='word_1_172' title='bbox 2069 1230 2213 1284; x_wconf 73' lang='grc'>7-17</span> <span class='ocrx_word' id='word_1_173' title='bbox 2271 1231 2562 1287; x_wconf 70' lang='lat' dir='ltr'>Cmterum</span> <span class='ocrx_word' id='word_1_174' title='bbox 2622 1234 2694 1288; x_wconf 94' lang='lat' dir='ltr'>de</span> <span class='ocrx_word' id='word_1_175' title='bbox 2747 1239 2902 1289; x_wconf 89' lang='lat' dir='ltr'>terra</span> <span class='ocrx_word' id='word_1_176' title='bbox 2945 1242 3152 1291; x_wconf 85' lang='lat' dir='ltr'>sancta</span> <span class='ocrx_word' id='word_1_177' title='bbox 3202 1238 3390 1292; x_wconf 84' lang='lat' dir='ltr'>Moses</span> <span class='ocrx_word' id='word_1_178' title='bbox 3438 1239 3520 1293; x_wconf 87' lang='lat' dir='ltr'>ita</span> <span class='ocrx_word' id='word_1_179' title='bbox 3565 1241 3646 1294; x_wconf 89' lang='lat' dir='ltr'>Is-</span> 
     </span>
    </p>
   </div>
   <div class='ocr_carea' id='block_1_27' title="bbox 1994 1318 3646 1382">
    <p class='ocr_par' dir='ltr' id='par_1_27' title="bbox 1994 1318 3646 1382">
     <span class='ocr_line' id='line_1_27' title="bbox 1994 1318 3646 1382; baseline 0.007 -11"><span class='ocrx_word' id='word_1_180' title='bbox 1994 1318 2220 1373; x_wconf 87' lang='lat' dir='ltr'>raelitis</span> <span class='ocrx_word' id='word_1_181' title='bbox 2254 1325 2344 1374; x_wconf 90' lang='lat' dir='ltr'>est</span> <span class='ocrx_word' id='word_1_182' title='bbox 2376 1322 2728 1378; x_wconf 83' lang='lat' dir='ltr'>vaticinatus</span> <span class='ocrx_word' id='word_1_183' title='bbox 2762 1341 2773 1377; x_wconf 94' lang='lat'><strong>:</strong></span> <span class='ocrx_word' id='word_1_184' title='bbox 2805 1327 2952 1378; x_wconf 91' lang='lat' dir='ltr'>Ecce</span> <span class='ocrx_word' id='word_1_185' title='bbox 2986 1325 3271 1380; x_wconf 88' lang='lat' dir='ltr'>Dominus</span> <span class='ocrx_word' id='word_1_186' title='bbox 3311 1327 3465 1381; x_wconf 90' lang='lat' dir='ltr'>Deus</span> <span class='ocrx_word' id='word_1_187' title='bbox 3509 1332 3646 1382; x_wconf 88' lang='lat' dir='ltr'>tuus</span> 
     </span>
    </p>
   </div>
   <div class='ocr_carea' id='block_1_28' title="bbox 1993 1409 3644 1486">
    <p class='ocr_par' dir='ltr' id='par_1_28' title="bbox 1993 1409 3644 1486">
     <span class='ocr_line' id='line_1_28' title="bbox 1993 1409 3644 1486; baseline 0.005 -24"><span class='ocrx_word' id='word_1_188' title='bbox 1993 1409 2332 1464; x_wconf 88' lang='lat' dir='ltr'>introducet</span> <span class='ocrx_word' id='word_1_189' title='bbox 2377 1416 2432 1465; x_wconf 88' lang='lat' dir='ltr'>te</span> <span class='ocrx_word' id='word_1_190' title='bbox 2495 1412 2558 1466; x_wconf 92' lang='lat' dir='ltr'>in</span> <span class='ocrx_word' id='word_1_191' title='bbox 2615 1414 2917 1486; x_wconf 81' lang='lat' dir='ltr'>regionem</span> <span class='ocrx_word' id='word_1_192' title='bbox 2973 1415 3192 1471; x_wconf 88' lang='lat' dir='ltr'>bonam</span> <span class='ocrx_word' id='word_1_193' title='bbox 3246 1422 3305 1471; x_wconf 92' lang='lat' dir='ltr'>et</span> <span class='ocrx_word' id='word_1_194' title='bbox 3360 1416 3644 1486; x_wconf 85' lang='lat' dir='ltr'>amplam,</span> 
     </span>
    </p>
   </div>
   <div class='ocr_carea' id='block_1_29' title="bbox 1993 1500 3642 1577">
    <p class='ocr_par' dir='ltr' id='par_1_29' title="bbox 1993 1500 3642 1577">
     <span class='ocr_line' id='line_1_29' title="bbox 1993 1500 3642 1577; baseline 0.004 -24"><span class='ocrx_word' id='word_1_195' title='bbox 1993 1500 2164 1570; x_wconf 88' lang='lat' dir='ltr'>cujus</span> <span class='ocrx_word' id='word_1_196' title='bbox 2193 1517 2360 1572; x_wconf 56' lang='lat' dir='ltr'>aqua!</span> <span class='ocrx_word' id='word_1_197' title='bbox 2395 1509 2685 1558; x_wconf 85' lang='lat' dir='ltr'>torrentes</span> <span class='ocrx_word' id='word_1_198' title='bbox 2719 1509 2773 1558; x_wconf 86' lang='lat' dir='ltr'>et</span> <span class='ocrx_word' id='word_1_199' title='bbox 2823 1506 3017 1561; x_wconf 89' lang='lat' dir='ltr'>fontes</span> <span class='ocrx_word' id='word_1_200' title='bbox 3067 1505 3262 1577; x_wconf 83' lang='lat' dir='ltr'>abyssi</span> <span class='ocrx_word' id='word_1_201' title='bbox 3312 1512 3530 1562; x_wconf 87' lang='lat' dir='ltr'>exeunt</span> <span class='ocrx_word' id='word_1_202' title='bbox 3573 1523 3642 1560; x_wconf 84' lang='lat' dir='ltr'>ex</span> 
     </span>
    </p>
   </div>
   <div class='ocr_carea' id='block_1_30' title="bbox 1993 1588 3641 1659">
    <p class='ocr_par' dir='ltr' id='par_1_30' title="bbox 1993 1588 3641 1659">
     <span class='ocr_line' id='line_1_30' title="bbox 1993 1588 3641 1659; baseline 0.005 -18"><span class='ocrx_word' id='word_1_203' title='bbox 1993 1588 2353 1659; x_wconf 91' lang='lat' dir='ltr'>planitiebus</span> <span class='ocrx_word' id='word_1_204' title='bbox 2385 1598 2443 1647; x_wconf 88' lang='lat' dir='ltr'>et</span> <span class='ocrx_word' id='word_1_205' title='bbox 2471 1593 2777 1648; x_wconf 86' lang='lat' dir='ltr'>montibus</span> <span class='ocrx_word' id='word_1_206' title='bbox 2807 1611 2818 1648; x_wconf 93' lang='lat'>:</span> <span class='ocrx_word' id='word_1_207' title='bbox 2853 1601 3071 1650; x_wconf 90' lang='lat' dir='ltr'>terram</span> <span class='ocrx_word' id='word_1_208' title='bbox 3103 1596 3298 1650; x_wconf 88' lang='lat' dir='ltr'>tritico</span> <span class='ocrx_word' id='word_1_209' title='bbox 3330 1601 3388 1650; x_wconf 89' lang='lat' dir='ltr'>et</span> <span class='ocrx_word' id='word_1_210' title='bbox 3419 1596 3641 1650; x_wconf 89' lang='lat' dir='ltr'>hordeo</span> 
     </span>
    </p>
   </div>
   <div class='ocr_carea' id='block_1_31' title="bbox 1993 1677 3641 1756">
    <p class='ocr_par' dir='ltr' id='par_1_31' title="bbox 1993 1677 3641 1756">
     <span class='ocr_line' id='line_1_31' title="bbox 1993 1677 3641 1756; baseline 0.005 -25"><span class='ocrx_word' id='word_1_211' title='bbox 1993 1677 2417 1748; x_wconf 85' lang='lat' dir='ltr'>abundantem,</span> <span class='ocrx_word' id='word_1_212' title='bbox 2451 1682 2685 1751; x_wconf 84' lang='lat' dir='ltr'>vitibus,</span> <span class='ocrx_word' id='word_1_213' title='bbox 2719 1683 2966 1752; x_wconf 83' lang='lat' dir='ltr'>ficubus,</span> <span class='ocrx_word' id='word_1_214' title='bbox 3000 1683 3173 1739; x_wconf 87' lang='lat' dir='ltr'>malis</span> <span class='ocrx_word' id='word_1_215' title='bbox 3203 1685 3459 1755; x_wconf 76' lang='lat' dir='ltr'>punicis,</span> <span class='ocrx_word' id='word_1_216' title='bbox 3511 1685 3641 1756; x_wconf 90' lang='lat' dir='ltr'>pal-</span> 
     </span>
    </p>
   </div>
   <div class='ocr_carea' id='block_1_32' title="bbox 1994 1765 3642 1844">
    <p class='ocr_par' dir='ltr' id='par_1_32' title="bbox 1994 1765 3642 1844">
     <span class='ocr_line' id='line_1_32' title="bbox 1994 1765 3642 1844; baseline 0.005 -24"><span class='ocrx_word' id='word_1_217' title='bbox 1994 1765 2144 1832; x_wconf 89' lang='lat' dir='ltr'>mis;</span> <span class='ocrx_word' id='word_1_218' title='bbox 2178 1771 2395 1824; x_wconf 80' lang='lat' dir='ltr'>terram</span> <span class='ocrx_word' id='word_1_219' title='bbox 2444 1771 2574 1826; x_wconf 92' lang='lat' dir='ltr'>oleo</span> <span class='ocrx_word' id='word_1_220' title='bbox 2629 1777 2686 1826; x_wconf 92' lang='lat' dir='ltr'>et</span> <span class='ocrx_word' id='word_1_221' title='bbox 2745 1771 2921 1827; x_wconf 87' lang='lat' dir='ltr'>melle</span> <span class='ocrx_word' id='word_1_222' title='bbox 2979 1773 3345 1842; x_wconf 83' lang='lat' dir='ltr'>afﬂuentem,</span> <span class='ocrx_word' id='word_1_223' title='bbox 3405 1774 3466 1828; x_wconf 92' lang='lat' dir='ltr'>in</span> <span class='ocrx_word' id='word_1_224' title='bbox 3522 1790 3642 1844; x_wconf 90' lang='lat' dir='ltr'>qua</span> 
     </span>
    </p>
   </div>
   <div class='ocr_carea' id='block_1_33' title="bbox 227 1850 1878 1933">
    <p class='ocr_par' dir='ltr' id='par_1_33' title="bbox 227 1850 1878 1930">
     <span class='ocr_line' id='line_1_33' title="bbox 227 1850 1878 1930; baseline -0.004 -20"><span class='ocrx_word' id='word_1_225' title='bbox 227 1874 353 1910; x_wconf 86' lang='grc' dir='ltr'>σου·</span> <span class='ocrx_word' id='word_1_226' title='bbox 381 1858 454 1930; x_wconf 77' lang='grc' dir='ltr'>γῆ</span> <span class='ocrx_word' id='word_1_227' title='bbox 482 1856 549 1924; x_wconf 80' lang='grc' dir='ltr'>ἧς</span> <span class='ocrx_word' id='word_1_228' title='bbox 582 1855 632 1909; x_wconf 79' lang='lat' dir='ltr'>oi</span> <span class='ocrx_word' id='word_1_229' title='bbox 665 1854 814 1909; x_wconf 83' lang='grc' dir='ltr'>λίθοι</span> <span class='ocrx_word' id='word_1_230' title='bbox 847 1850 1091 1928; x_wconf 85' lang='grc' dir='ltr'>σίδηρος,</span> <span class='ocrx_word' id='word_1_231' title='bbox 1139 1852 1228 1906; x_wconf 79' lang='grc' dir='ltr'>καὶ</span> <span class='ocrx_word' id='word_1_232' title='bbox 1283 1851 1343 1906; x_wconf 83' lang='grc' dir='ltr'>ἐκ</span> <span class='ocrx_word' id='word_1_233' title='bbox 1399 1857 1508 1906; x_wconf 86' lang='grc' dir='ltr'>τῶν</span> <span class='ocrx_word' id='word_1_234' title='bbox 1541 1851 1710 1926; x_wconf 80' lang='grc' dir='ltr'>ἀρέων</span> <span class='ocrx_word' id='word_1_235' title='bbox 1780 1851 1878 1905; x_wconf 84' lang='grc' dir='ltr'>αύ-</span> 
     </span>
    </p>
   </div>
   <div class='ocr_carea' id='block_1_34' title="bbox 1988 1850 3639 1933">
    <p class='ocr_par' dir='ltr' id='par_1_34' title="bbox 1995 1858 3639 1933">
     <span class='ocr_line' id='line_1_34' title="bbox 1995 1858 3639 1933; baseline 0.005 -24"><span class='ocrx_word' id='word_1_236' title='bbox 1995 1871 2147 1925; x_wconf 87' lang='lat' dir='ltr'>pane</span> <span class='ocrx_word' id='word_1_237' title='bbox 2179 1862 2277 1913; x_wconf 91' lang='lat' dir='ltr'>tuo</span> <span class='ocrx_word' id='word_1_238' title='bbox 2307 1858 2530 1929; x_wconf 86' lang='lat' dir='ltr'>absque</span> <span class='ocrx_word' id='word_1_239' title='bbox 2557 1861 2807 1931; x_wconf 89' lang='lat' dir='ltr'>penuria</span> <span class='ocrx_word' id='word_1_240' title='bbox 2836 1862 3091 1915; x_wconf 87' lang='lat' dir='ltr'>vescaris</span> <span class='ocrx_word' id='word_1_241' title='bbox 3119 1877 3132 1916; x_wconf 76' lang='grc' dir='ltr'>ε</span> <span class='ocrx_word' id='word_1_242' title='bbox 3159 1867 3376 1916; x_wconf 90' lang='lat' dir='ltr'>terram</span> <span class='ocrx_word' id='word_1_243' title='bbox 3407 1863 3500 1918; x_wconf 91' lang='lat' dir='ltr'>cui</span> <span class='ocrx_word' id='word_1_244' title='bbox 3535 1879 3639 1933; x_wconf 91' lang='lat' dir='ltr'>pro</span> 
     </span>
    </p>
   </div>
   <div class='ocr_carea' id='block_1_35' title="bbox 226 1939 1886 2019">
    <p class='ocr_par' dir='ltr' id='par_1_35' title="bbox 226 1939 1886 2019">
     <span class='ocr_line' id='line_1_35' title="bbox 226 1939 1886 2019; baseline -0.004 -18"><span class='ocrx_word' id='word_1_245' title='bbox 226 1948 336 2011; x_wconf 80' lang='grc' dir='ltr'>τῆς</span> <span class='ocrx_word' id='word_1_246' title='bbox 371 1944 758 2019; x_wconf 86' lang='grc' dir='ltr'>μεταλλεύσεις</span> <span class='ocrx_word' id='word_1_247' title='bbox 791 1943 1022 2018; x_wconf 83' lang='grc' dir='ltr'>χαλκόν’</span> <span class='ocrx_word' id='word_1_248' title='bbox 1083 1949 1157 2017; x_wconf 84' lang='grc' dir='ltr'>γῆ</span> <span class='ocrx_word' id='word_1_249' title='bbox 1219 1940 1413 2017; x_wconf 82' lang='grc' dir='ltr'>ῥέουσα</span> <span class='ocrx_word' id='word_1_250' title='bbox 1444 1945 1530 2016; x_wconf 90' lang='grc' dir='ltr'>[Ρ.</span> <span class='ocrx_word' id='word_1_251' title='bbox 1587 1944 1714 2015; x_wconf 72' lang='grc'>427]</span> <span class='ocrx_word' id='word_1_252' title='bbox 1743 1939 1886 2015; x_wconf 82' lang='grc' dir='ltr'>γάλα</span> 
     </span>
    </p>
   </div>
   <div class='ocr_carea' id='block_1_36' title="bbox 223 2032 1886 2108">
    <p class='ocr_par' dir='ltr' id='par_1_36' title="bbox 223 2032 1886 2108">
     <span class='ocr_line' id='line_1_36' title="bbox 223 2032 1886 2108; baseline -0.004 -19"><span class='ocrx_word' id='word_1_253' title='bbox 223 2034 321 2090; x_wconf 87' lang='lat' dir='ltr'>xui</span> <span class='ocrx_word' id='word_1_254' title='bbox 359 2033 508 2108; x_wconf 81' lang='grc' dir='ltr'>μέλι·</span> <span class='ocrx_word' id='word_1_255' title='bbox 543 2041 612 2108; x_wconf 80' lang='grc' dir='ltr'>γῆ</span> <span class='ocrx_word' id='word_1_256' title='bbox 647 2035 707 2102; x_wconf 75' lang='grc' dir='ltr'>ἣν</span> <span class='ocrx_word' id='word_1_257' title='bbox 741 2034 942 2108; x_wconf 85' lang='grc' dir='ltr'>Κύριος</span> <span class='ocrx_word' id='word_1_258' title='bbox 999 2033 1027 2086; x_wconf 89' lang='lat'>6</span> <span class='ocrx_word' id='word_1_259' title='bbox 1084 2033 1214 2094; x_wconf 89' lang='grc' dir='ltr'>Θεός</span> <span class='ocrx_word' id='word_1_260' title='bbox 1273 2053 1368 2086; x_wconf 92' lang='grc' dir='ltr'>σου</span> <span class='ocrx_word' id='word_1_261' title='bbox 1410 2032 1712 2098; x_wconf 81' lang='grc' dir='ltr'>ἐπισκοπεῖ,</span> <span class='ocrx_word' id='word_1_262' title='bbox 1769 2032 1886 2099; x_wconf 84' lang='grc' dir='ltr'>ἣτις</span> 
     </span>
    </p>
   </div>
   <div class='ocr_carea' id='block_1_37' title="bbox 233 2121 1885 2198">
    <p class='ocr_par' dir='ltr' id='par_1_37' title="bbox 233 2121 1885 2198">
     <span class='ocr_line' id='line_1_37' title="bbox 233 2121 1885 2198; baseline -0.003 -19"><span class='ocrx_word' id='word_1_263' title='bbox 233 2123 591 2198; x_wconf 83' lang='grc' dir='ltr'>εὐλογημένη</span> <span class='ocrx_word' id='word_1_264' title='bbox 647 2123 758 2178; x_wconf 84' lang='grc' dir='ltr'>ἐστὶ</span> <span class='ocrx_word' id='word_1_265' title='bbox 816 2124 905 2176; x_wconf 88' lang='grc' dir='ltr'>καὶ</span> <span class='ocrx_word' id='word_1_266' title='bbox 961 2124 1312 2197; x_wconf 76' lang='grc' dir='ltr'>καρποφόρος</span> <span class='ocrx_word' id='word_1_267' title='bbox 1377 2122 1509 2196; x_wconf 71' lang='grc' dir='ltr'>ὑπὲρ</span> <span class='ocrx_word' id='word_1_268' title='bbox 1562 2125 1732 2176; x_wconf 86' lang='grc' dir='ltr'>πᾶσαν</span> <span class='ocrx_word' id='word_1_269' title='bbox 1786 2121 1885 2188; x_wconf 80' lang='grc' dir='ltr'>τὴν</span> 
     </span>
    </p>
   </div>
   <div class='ocr_carea' id='block_1_38' title="bbox 229 2204 1884 2290">
    <p class='ocr_par' dir='ltr' id='par_1_38' title="bbox 229 2204 1884 2290">
     <span class='ocr_line' id='line_1_38' title="bbox 229 2204 1884 2290; baseline -0.001 -26"><span class='ocrx_word' id='word_1_270' title='bbox 229 2219 366 2290; x_wconf 80' lang='grc' dir='ltr'>γῆν,</span> <span class='ocrx_word' id='word_1_271' title='bbox 413 2212 499 2266; x_wconf 87' lang='grc' dir='ltr'>καὶ</span> <span class='ocrx_word' id='word_1_272' title='bbox 570 2211 649 2281; x_wconf 80' lang='grc' dir='ltr'>τῷ</span> <span class='ocrx_word' id='word_1_273' title='bbox 705 2208 1017 2286; x_wconf 83' lang='grc' dir='ltr'>παραδείσῳ</span> <span class='ocrx_word' id='word_1_274' title='bbox 1071 2213 1172 2264; x_wconf 89' lang='grc' dir='ltr'>τοῦ</span> <span class='ocrx_word' id='word_1_275' title='bbox 1237 2213 1370 2264; x_wconf 83' lang='grc' dir='ltr'>Θεοῦ</span> <span class='ocrx_word' id='word_1_276' title='bbox 1425 2204 1884 2282; x_wconf 81' lang='grc' dir='ltr'>παρεικαζομένη.</span> 
     </span>
    </p>
   </div>
   <div class='ocr_carea' id='block_1_39' title="bbox 231 2295 1884 2374">
    <p class='ocr_par' dir='ltr' id='par_1_39' title="bbox 231 2295 1884 2374">
     <span class='ocr_line' id='line_1_39' title="bbox 231 2295 1884 2374; baseline -0.004 -20"><span class='ocrx_word' id='word_1_277' title='bbox 231 2303 656 2374; x_wconf 82' lang='grc' dir='ltr'>Προσμαρτυρεῖ</span> <span class='ocrx_word' id='word_1_278' title='bbox 687 2295 744 2351; x_wconf 75' lang='grc' dir='ltr'>δὲ</span> <span class='ocrx_word' id='word_1_279' title='bbox 771 2297 986 2357; x_wconf 76' lang='grc' dir='ltr'>τούτοις</span> <span class='ocrx_word' id='word_1_280' title='bbox 1035 2297 1124 2350; x_wconf 83' lang='grc' dir='ltr'>καὶ</span> <span class='ocrx_word' id='word_1_281' title='bbox 1184 2297 1212 2350; x_wconf 87' lang='lat'>6</span> <span class='ocrx_word' id='word_1_282' title='bbox 1270 2296 1586 2372; x_wconf 85' lang='grc' dir='ltr'>σοφώτατος</span> <span class='ocrx_word' id='word_1_283' title='bbox 1642 2295 1884 2367; x_wconf 78' lang='grc' dir='ltr'>Ἀριστο-</span> 
     </span>
    </p>
   </div>
   <div class='ocr_carea' id='block_1_40' title="bbox 232 2381 1884 2465">
    <p class='ocr_par' dir='ltr' id='par_1_40' title="bbox 232 2381 1884 2465">
     <span class='ocr_line' id='line_1_40' title="bbox 232 2381 1884 2465; baseline -0.002 -23"><span class='ocrx_word' id='word_1_284' title='bbox 232 2387 406 2458; x_wconf 81' lang='grc' dir='ltr'>τέλης</span> <span class='ocrx_word' id='word_1_285' title='bbox 457 2388 653 2465; x_wconf 80' lang='grc' dir='ltr'>λέγων’</span> <span class='ocrx_word' id='word_1_286' title='bbox 681 2387 781 2444; x_wconf 78' lang='grc' dir='ltr'>Καὶ</span> <span class='ocrx_word' id='word_1_287' title='bbox 809 2386 913 2462; x_wconf 77' lang='grc' dir='ltr'>γὰρ</span> <span class='ocrx_word' id='word_1_288' title='bbox 949 2385 1382 2459; x_wconf 82' lang='grc' dir='ltr'>πολυάνθρωπός</span> <span class='ocrx_word' id='word_1_289' title='bbox 1439 2381 1580 2439; x_wconf 78' lang='grc' dir='ltr'>ἔστιν</span> <span class='ocrx_word' id='word_1_290' title='bbox 1609 2386 1644 2452; x_wconf 81' lang='grc' dir='ltr'><strong>ἡ</strong></span> <span class='ocrx_word' id='word_1_291' title='bbox 1683 2390 1752 2459; x_wconf 83' lang='grc' dir='ltr'>γῆ</span> <span class='ocrx_word' id='word_1_292' title='bbox 1786 2390 1884 2450; x_wconf 82' lang='grc' dir='ltr'>τῆς</span> 
     </span>
    </p>
   </div>
   <div class='ocr_carea' id='block_1_41' title="bbox 228 2473 1885 2556">
    <p class='ocr_par' dir='ltr' id='par_1_41' title="bbox 228 2473 1885 2556">
     <span class='ocr_line' id='line_1_41' title="bbox 228 2473 1885 2556; baseline -0.004 -22"><span class='ocrx_word' id='word_1_293' title='bbox 228 2477 586 2556; x_wconf 74' lang='grc' dir='ltr'>ἐπαγγελίας,</span> <span class='ocrx_word' id='word_1_294' title='bbox 618 2478 706 2532; x_wconf 84' lang='grc' dir='ltr'>καὶ</span> <span class='ocrx_word' id='word_1_295' title='bbox 737 2478 1016 2538; x_wconf 80' lang='grc' dir='ltr'>παντοίοις</span> <span class='ocrx_word' id='word_1_296' title='bbox 1048 2481 1276 2552; x_wconf 81' lang='grc' dir='ltr'>καρποῖς</span> <span class='ocrx_word' id='word_1_297' title='bbox 1333 2475 1656 2545; x_wconf 80' lang='grc' dir='ltr'>εύθηνοῦσα,</span> <span class='ocrx_word' id='word_1_298' title='bbox 1705 2473 1885 2546; x_wconf 80' lang='grc' dir='ltr'>ἀμπέ-</span> 
     </span>
    </p>
   </div>
   <div class='ocr_carea' id='block_1_42' title="bbox 227 2563 1884 2642">
    <p class='ocr_par' dir='ltr' id='par_1_42' title="bbox 227 2563 1884 2642">
     <span class='ocr_line' id='line_1_42' title="bbox 227 2563 1884 2642; baseline -0.004 -18"><span class='ocrx_word' id='word_1_299' title='bbox 227 2567 349 2624; x_wconf 89' lang='grc' dir='ltr'>λων</span> <span class='ocrx_word' id='word_1_300' title='bbox 373 2589 430 2622; x_wconf 89' lang='grc' dir='ltr'>τε</span> <span class='ocrx_word' id='word_1_301' title='bbox 459 2567 547 2621; x_wconf 84' lang='grc' dir='ltr'>καὶ</span> <span class='ocrx_word' id='word_1_302' title='bbox 578 2564 889 2641; x_wconf 78' lang='grc' dir='ltr'>ἀκροδρύων</span> <span class='ocrx_word' id='word_1_303' title='bbox 921 2566 1010 2620; x_wconf 87' lang='lat' dir='ltr'>xui</span> <span class='ocrx_word' id='word_1_304' title='bbox 1043 2564 1300 2642; x_wconf 86' lang='grc' dir='ltr'>φοινίκων</span> <span class='ocrx_word' id='word_1_305' title='bbox 1360 2563 1573 2633; x_wconf 84' lang='grc' dir='ltr'>πλῆθος</span> <span class='ocrx_word' id='word_1_306' title='bbox 1630 2563 1884 2635; x_wconf 80' lang='grc' dir='ltr'>ἄπλετον,</span> 
     </span>
    </p>
   </div>
   <div class='ocr_carea' id='block_1_43' title="bbox 224 2652 1881 2732">
    <p class='ocr_par' dir='ltr' id='par_1_43' title="bbox 224 2652 1881 2732">
     <span class='ocr_line' id='line_1_43' title="bbox 224 2652 1881 2732; baseline -0.004 -19"><span class='ocrx_word' id='word_1_307' title='bbox 224 2659 320 2714; x_wconf 91' lang='lat' dir='ltr'>xui</span> <span class='ocrx_word' id='word_1_308' title='bbox 355 2660 526 2729; x_wconf 74' lang='grc' dir='ltr'>κτήνη</span> <span class='ocrx_word' id='word_1_309' title='bbox 587 2655 894 2725; x_wconf 80' lang='grc' dir='ltr'>πάμπολλα</span> <span class='ocrx_word' id='word_1_310' title='bbox 947 2658 1034 2710; x_wconf 86' lang='grc' dir='ltr'>καὶ</span> <span class='ocrx_word' id='word_1_311' title='bbox 1095 2653 1349 2732; x_wconf 83' lang='grc' dir='ltr'>διάφορα,</span> <span class='ocrx_word' id='word_1_312' title='bbox 1408 2655 1498 2709; x_wconf 85' lang='grc' dir='ltr'>καὶ</span> <span class='ocrx_word' id='word_1_313' title='bbox 1557 2652 1800 2728; x_wconf 75' lang='grc' dir='ltr'>δαψιλὴς</span> <span class='ocrx_word' id='word_1_314' title='bbox 1847 2657 1881 2724; x_wconf 83' lang='grc' dir='ltr'><strong>ἡ</strong></span> 
     </span>
    </p>
   </div>
   <div class='ocr_carea' id='block_1_44' title="bbox 227 2742 1882 2821">
    <p class='ocr_par' dir='ltr' id='par_1_44' title="bbox 227 2742 1882 2821">
     <span class='ocr_line' id='line_1_44' title="bbox 227 2742 1882 2821; baseline -0.004 -17"><span class='ocrx_word' id='word_1_315' title='bbox 227 2749 443 2805; x_wconf 88' lang='grc' dir='ltr'>τούτων</span> <span class='ocrx_word' id='word_1_316' title='bbox 473 2748 617 2821; x_wconf 80' lang='grc' dir='ltr'>νομὴ</span> <span class='ocrx_word' id='word_1_317' title='bbox 671 2745 740 2802; x_wconf 80' lang='grc' dir='ltr'>δι’</span> <span class='ocrx_word' id='word_1_318' title='bbox 773 2746 906 2802; x_wconf 81' lang='grc' dir='ltr'>ὅλου</span> <span class='ocrx_word' id='word_1_319' title='bbox 960 2751 1057 2801; x_wconf 91' lang='grc' dir='ltr'>τοῦ</span> <span class='ocrx_word' id='word_1_320' title='bbox 1115 2747 1323 2820; x_wconf 81' lang='grc' dir='ltr'>χρόνου</span> <span class='ocrx_word' id='word_1_321' title='bbox 1381 2745 1584 2820; x_wconf 81' lang='grc' dir='ltr'>γίνεται</span> <span class='ocrx_word' id='word_1_322' title='bbox 1645 2742 1733 2798; x_wconf 84' lang='grc' dir='ltr'>διὰ</span> <span class='ocrx_word' id='word_1_323' title='bbox 1783 2745 1882 2812; x_wconf 77' lang='grc' dir='ltr'>τὴν</span> 
     </span>
    </p>
   </div>
   <div class='ocr_carea' id='block_1_45' title="bbox 226 2831 1884 2911">
    <p class='ocr_par' dir='ltr' id='par_1_45' title="bbox 226 2831 1884 2911">
     <span class='ocr_line' id='line_1_45' title="bbox 226 2831 1884 2911; baseline -0.003 -18"><span class='ocrx_word' id='word_1_324' title='bbox 226 2836 454 2907; x_wconf 72' lang='grc' dir='ltr'>πολλὴν</span> <span class='ocrx_word' id='word_1_325' title='bbox 505 2837 787 2909; x_wconf 80' lang='grc' dir='ltr'>εὐκρασίαν</span> <span class='ocrx_word' id='word_1_326' title='bbox 870 2843 971 2905; x_wconf 69' lang='grc' dir='ltr'>τῆς</span> <span class='ocrx_word' id='word_1_327' title='bbox 1027 2843 1129 2911; x_wconf 74' lang='grc' dir='ltr'>γῆς</span> <span class='ocrx_word' id='word_1_328' title='bbox 1179 2835 1268 2889; x_wconf 88' lang='lat' dir='ltr'>xui</span> <span class='ocrx_word' id='word_1_329' title='bbox 1319 2834 1572 2904; x_wconf 83' lang='grc' dir='ltr'>πιότητα’</span> <span class='ocrx_word' id='word_1_330' title='bbox 1624 2833 1768 2888; x_wconf 72' lang='grc' dir='ltr'>πελὺ</span> <span class='ocrx_word' id='word_1_331' title='bbox 1827 2831 1884 2888; x_wconf 73' lang='grc' dir='ltr'>δὲ</span> 
     </span>
    </p>
   </div>
   <div class='ocr_carea' id='block_1_46' title="bbox 229 2922 1882 3001">
    <p class='ocr_par' dir='ltr' id='par_1_46' title="bbox 229 2922 1882 3001">
     <span class='ocr_line' id='line_1_46' title="bbox 229 2922 1882 3001; baseline -0.004 -19"><span class='ocrx_word' id='word_1_332' title='bbox 229 2928 448 2996; x_wconf 79' lang='grc' dir='ltr'>πλῆθος</span> <span class='ocrx_word' id='word_1_333' title='bbox 504 2927 593 2981; x_wconf 88' lang='lat' dir='ltr'>xui</span> <span class='ocrx_word' id='word_1_334' title='bbox 647 2931 753 2981; x_wconf 88' lang='grc' dir='ltr'>τῶν</span> <span class='ocrx_word' id='word_1_335' title='bbox 825 2926 1129 3001; x_wconf 79' lang='grc' dir='ltr'>ἀρωμάτων</span> <span class='ocrx_word' id='word_1_336' title='bbox 1179 2925 1268 2978; x_wconf 85' lang='grc' dir='ltr'>καὶ</span> <span class='ocrx_word' id='word_1_337' title='bbox 1338 2923 1506 2986; x_wconf 79' lang='grc' dir='ltr'>λίθων</span> <span class='ocrx_word' id='word_1_338' title='bbox 1561 2922 1882 2978; x_wconf 83' lang='grc' dir='ltr'>πολυτελῶν</span> 
     </span>
    </p>
   </div>
   <div class='ocr_carea' id='block_1_47' title="bbox 226 3008 1881 3092">
    <p class='ocr_par' dir='ltr' id='par_1_47' title="bbox 226 3008 1881 3092">
     <span class='ocr_line' id='line_1_47' title="bbox 226 3008 1881 3092; baseline -0.003 -21"><span class='ocrx_word' id='word_1_339' title='bbox 226 3017 327 3072; x_wconf 84' lang='grc' dir='ltr'>καὶ</span> <span class='ocrx_word' id='word_1_340' title='bbox 387 3021 595 3092; x_wconf 78' lang='grc' dir='ltr'>χρυσοῦ</span> <span class='ocrx_word' id='word_1_341' title='bbox 679 3013 1196 3088; x_wconf 86' lang='grc' dir='ltr'>παρακομιζομένου</span> <span class='ocrx_word' id='word_1_342' title='bbox 1255 3010 1344 3067; x_wconf 73' lang='grc' dir='ltr'>διὰ</span> <span class='ocrx_word' id='word_1_343' title='bbox 1423 3016 1530 3066; x_wconf 86' lang='grc' dir='ltr'>τῶν</span> <span class='ocrx_word' id='word_1_344' title='bbox 1613 3008 1881 3084; x_wconf 74' lang='grc' dir='ltr'>Ἀράϐωνο</span> 
     </span>
    </p>
   </div>
   <div class='ocr_carea' id='block_1_48' title="bbox 227 3101 1887 3181">
    <p class='ocr_par' dir='ltr' id='par_1_48' title="bbox 227 3101 1887 3181">
     <span class='ocr_line' id='line_1_48' title="bbox 227 3101 1887 3181; baseline -0.003 -18"><span class='ocrx_word' id='word_1_345' title='bbox 227 3109 490 3168; x_wconf 83' lang='grc' dir='ltr'>Ωσαύτως</span> <span class='ocrx_word' id='word_1_346' title='bbox 519 3108 608 3161; x_wconf 73' lang='grc' dir='ltr'>οὗν</span> <span class='ocrx_word' id='word_1_347' title='bbox 642 3106 730 3160; x_wconf 85' lang='lat' dir='ltr'>xui</span> <span class='ocrx_word' id='word_1_348' title='bbox 765 3107 1044 3176; x_wconf 85' lang='grc' dir='ltr'>Ἰώσηπος</span> <span class='ocrx_word' id='word_1_349' title='bbox 1102 3101 1224 3181; x_wconf 78' lang='grc' dir='ltr'>ἔφη·</span> <span class='ocrx_word' id='word_1_350' title='bbox 1289 3103 1582 3181; x_wconf 81' lang='grc' dir='ltr'>Πάμφορος</span> <span class='ocrx_word' id='word_1_351' title='bbox 1623 3105 1722 3179; x_wconf 76' lang='grc' dir='ltr'>γὰρ</span> <span class='ocrx_word' id='word_1_352' title='bbox 1755 3104 1887 3158; x_wconf 78' lang='grc' dir='ltr'>οὖσα</span> 
     </span>
    </p>
   </div>
   <div class='ocr_carea' id='block_1_49' title="bbox 1995 1943 3641 2021">
    <p class='ocr_par' dir='ltr' id='par_1_49' title="bbox 1995 1943 3641 2021">
     <span class='ocr_line' id='line_1_49' title="bbox 1995 1943 3641 2021; baseline 0.005 -24"><span class='ocrx_word' id='word_1_353' title='bbox 1995 1943 2292 2015; x_wconf 88' lang='lat' dir='ltr'>lapidibus</span> <span class='ocrx_word' id='word_1_354' title='bbox 2324 1953 2412 2002; x_wconf 89' lang='lat' dir='ltr'>est</span> <span class='ocrx_word' id='word_1_355' title='bbox 2461 1949 2707 2014; x_wconf 86' lang='lat' dir='ltr'>ferrum,</span> <span class='ocrx_word' id='word_1_356' title='bbox 2764 1955 2821 2004; x_wconf 92' lang='lat' dir='ltr'>et</span> <span class='ocrx_word' id='word_1_357' title='bbox 2872 1951 3040 2021; x_wconf 86' lang='lat' dir='ltr'>cujus</span> <span class='ocrx_word' id='word_1_358' title='bbox 3094 1967 3164 2005; x_wconf 87' lang='lat' dir='ltr'>ex</span> <span class='ocrx_word' id='word_1_359' title='bbox 3211 1951 3516 2006; x_wconf 89' lang='lat' dir='ltr'>montibus</span> <span class='ocrx_word' id='word_1_360' title='bbox 3560 1969 3641 2006; x_wconf 68' lang='lat' dir='ltr'>ass</span> 
     </span>
    </p>
   </div>
   <div class='ocr_carea' id='block_1_50' title="bbox 1993 2032 3640 2093">
    <p class='ocr_par' dir='ltr' id='par_1_50' title="bbox 1993 2032 3640 2093">
     <span class='ocr_line' id='line_1_50' title="bbox 1993 2032 3640 2093; baseline 0.005 -8"><span class='ocrx_word' id='word_1_361' title='bbox 1993 2032 2238 2088; x_wconf 85' lang='lat' dir='ltr'>effodias</span> <span class='ocrx_word' id='word_1_362' title='bbox 2264 2051 2277 2088; x_wconf 91' lang='lat'><strong>:</strong></span> <span class='ocrx_word' id='word_1_363' title='bbox 2314 2041 2530 2091; x_wconf 89' lang='lat' dir='ltr'>terram</span> <span class='ocrx_word' id='word_1_364' title='bbox 2555 2037 2707 2092; x_wconf 89' lang='lat' dir='ltr'>lacte</span> <span class='ocrx_word' id='word_1_365' title='bbox 2730 2043 2787 2091; x_wconf 90' lang='lat' dir='ltr'>et</span> <span class='ocrx_word' id='word_1_366' title='bbox 2808 2037 2984 2091; x_wconf 92' lang='lat' dir='ltr'>melle</span> <span class='ocrx_word' id='word_1_367' title='bbox 3009 2042 3350 2093; x_wconf 88' lang='lat' dir='ltr'>manantem</span> <span class='ocrx_word' id='word_1_368' title='bbox 3376 2055 3388 2092; x_wconf 92' lang='lat'><strong>:</strong></span> <span class='ocrx_word' id='word_1_369' title='bbox 3423 2044 3640 2093; x_wconf 90' lang='lat' dir='ltr'>terram</span> 
     </span>
    </p>
   </div>
   <div class='ocr_carea' id='block_1_51' title="bbox 1993 2123 3642 2198">
    <p class='ocr_par' dir='ltr' id='par_1_51' title="bbox 1993 2123 3642 2198">
     <span class='ocr_line' id='line_1_51' title="bbox 1993 2123 3642 2198; baseline 0.004 -25"><span class='ocrx_word' id='word_1_370' title='bbox 1993 2136 2171 2190; x_wconf 89' lang='lat' dir='ltr'>quam</span> <span class='ocrx_word' id='word_1_371' title='bbox 2196 2123 2478 2180; x_wconf 89' lang='lat' dir='ltr'>Dominus</span> <span class='ocrx_word' id='word_1_372' title='bbox 2511 2127 2666 2180; x_wconf 90' lang='lat' dir='ltr'>Deus</span> <span class='ocrx_word' id='word_1_373' title='bbox 2699 2131 2834 2180; x_wconf 91' lang='lat' dir='ltr'>tuus</span> <span class='ocrx_word' id='word_1_374' title='bbox 2865 2131 3164 2198; x_wconf 86' lang='lat' dir='ltr'>procurat,</span> <span class='ocrx_word' id='word_1_375' title='bbox 3217 2127 3310 2182; x_wconf 90' lang='lat' dir='ltr'>cui</span> <span class='ocrx_word' id='word_1_376' title='bbox 3361 2127 3642 2182; x_wconf 86' lang='lat' dir='ltr'>divinitus</span> 
     </span>
    </p>
   </div>
   <div class='ocr_carea' id='block_1_52' title="bbox 1993 2215 3642 2286">
    <p class='ocr_par' dir='ltr' id='par_1_52' title="bbox 1993 2215 3642 2286">
     <span class='ocr_line' id='line_1_52' title="bbox 1993 2215 3642 2286; baseline 0.002 -19"><span class='ocrx_word' id='word_1_377' title='bbox 1993 2215 2323 2286; x_wconf 88' lang='lat' dir='ltr'>properitas</span> <span class='ocrx_word' id='word_1_378' title='bbox 2355 2221 2444 2270; x_wconf 86' lang='lat' dir='ltr'>est</span> <span class='ocrx_word' id='word_1_379' title='bbox 2473 2217 2707 2282; x_wconf 88' lang='lat' dir='ltr'>collata,</span> <span class='ocrx_word' id='word_1_380' title='bbox 2767 2222 2834 2271; x_wconf 90' lang='lat' dir='ltr'>ut</span> <span class='ocrx_word' id='word_1_381' title='bbox 2889 2217 3191 2272; x_wconf 85' lang='lat' dir='ltr'>fertilitate</span> <span class='ocrx_word' id='word_1_382' title='bbox 3239 2234 3449 2272; x_wconf 90' lang='lat' dir='ltr'>omnes</span> <span class='ocrx_word' id='word_1_383' title='bbox 3495 2217 3642 2273; x_wconf 88' lang='lat' dir='ltr'>alias</span> 
     </span>
    </p>
   </div>
   <div class='ocr_carea' id='block_1_53' title="bbox 1995 2305 3644 2376">
    <p class='ocr_par' dir='ltr' id='par_1_53' title="bbox 1995 2305 3644 2376">
     <span class='ocr_line' id='line_1_53' title="bbox 1995 2305 3644 2376; baseline 0.002 -19"><span class='ocrx_word' id='word_1_384' title='bbox 1995 2308 2182 2358; x_wconf 88' lang='lat' dir='ltr'>terras</span> <span class='ocrx_word' id='word_1_385' title='bbox 2213 2310 2474 2374; x_wconf 88' lang='lat' dir='ltr'>superet,</span> <span class='ocrx_word' id='word_1_386' title='bbox 2505 2321 2573 2359; x_wconf 87' lang='lat' dir='ltr'>ac</span> <span class='ocrx_word' id='word_1_387' title='bbox 2603 2305 2876 2376; x_wconf 79' lang='lat' dir='ltr'>paradiso</span> <span class='ocrx_word' id='word_1_388' title='bbox 2910 2307 3009 2359; x_wconf 91' lang='lat' dir='ltr'>Dei</span> <span class='ocrx_word' id='word_1_389' title='bbox 3044 2306 3120 2360; x_wconf 91' lang='lat' dir='ltr'>sit</span> <span class='ocrx_word' id='word_1_390' title='bbox 3157 2307 3458 2360; x_wconf 89' lang='lat' dir='ltr'>assimilis.</span> <span class='ocrx_word' id='word_1_391' title='bbox 3511 2306 3644 2360; x_wconf 90' lang='lat' dir='ltr'>Suf-</span> 
     </span>
    </p>
   </div>
   <div class='ocr_carea' id='block_1_54' title="bbox 1991 2393 3639 2464">
    <p class='ocr_par' dir='ltr' id='par_1_54' title="bbox 1991 2393 3639 2464">
     <span class='ocr_line' id='line_1_54' title="bbox 1991 2393 3639 2464; baseline 0.001 -17"><span class='ocrx_word' id='word_1_392' title='bbox 1991 2394 2257 2460; x_wconf 82' lang='lat' dir='ltr'>fragatur</span> <span class='ocrx_word' id='word_1_393' title='bbox 2287 2393 2378 2445; x_wconf 91' lang='lat' dir='ltr'>his</span> <span class='ocrx_word' id='word_1_394' title='bbox 2408 2393 2584 2447; x_wconf 86' lang='lat' dir='ltr'>etiam</span> <span class='ocrx_word' id='word_1_395' title='bbox 2621 2393 3097 2464; x_wconf 81' lang='lat' dir='ltr'>sapientissimus</span> <span class='ocrx_word' id='word_1_396' title='bbox 3145 2394 3492 2448; x_wconf 82' lang='lat' dir='ltr'>Aristoteles</span> <span class='ocrx_word' id='word_1_397' title='bbox 3547 2395 3639 2449; x_wconf 89' lang='lat' dir='ltr'>his</span> 
     </span>
    </p>
   </div>
   <div class='ocr_carea' id='block_1_55' title="bbox 1992 2481 3635 2554">
    <p class='ocr_par' dir='ltr' id='par_1_55' title="bbox 1992 2481 3635 2554">
     <span class='ocr_line' id='line_1_55' title="bbox 1992 2481 3635 2554; baseline 0.002 -19"><span class='ocrx_word' id='word_1_398' title='bbox 1992 2481 2222 2537; x_wconf 88' lang='lat' dir='ltr'>verbis:</span> <span class='ocrx_word' id='word_1_399' title='bbox 2275 2482 2418 2554; x_wconf 82' lang='lat' dir='ltr'>Nam</span> <span class='ocrx_word' id='word_1_400' title='bbox 2468 2487 2625 2537; x_wconf 87' lang='lat' dir='ltr'>terra</span> <span class='ocrx_word' id='word_1_401' title='bbox 2653 2483 3067 2552; x_wconf 89' lang='lat' dir='ltr'>promissionis</span> <span class='ocrx_word' id='word_1_402' title='bbox 3111 2489 3170 2537; x_wconf 89' lang='lat' dir='ltr'>et</span> <span class='ocrx_word' id='word_1_403' title='bbox 3216 2485 3528 2539; x_wconf 89' lang='lat' dir='ltr'>hominum</span> <span class='ocrx_word' id='word_1_404' title='bbox 3577 2490 3635 2540; x_wconf 88' lang='lat' dir='ltr'>et</span> 
     </span>
    </p>
   </div>
   <div class='ocr_carea' id='block_1_56' title="bbox 1992 2571 3636 2642">
    <p class='ocr_par' dir='ltr' id='par_1_56' title="bbox 1992 2571 3636 2642">
     <span class='ocr_line' id='line_1_56' title="bbox 1992 2571 3636 2642; baseline 0.002 -18"><span class='ocrx_word' id='word_1_405' title='bbox 1992 2571 2261 2625; x_wconf 90' lang='lat' dir='ltr'>omnium</span> <span class='ocrx_word' id='word_1_406' title='bbox 2316 2571 2548 2642; x_wconf 90' lang='lat' dir='ltr'>frugum</span> <span class='ocrx_word' id='word_1_407' title='bbox 2607 2571 2776 2642; x_wconf 88' lang='lat' dir='ltr'>copia</span> <span class='ocrx_word' id='word_1_408' title='bbox 2855 2571 3135 2627; x_wconf 89' lang='lat' dir='ltr'>abundat.</span> <span class='ocrx_word' id='word_1_409' title='bbox 3202 2573 3499 2628; x_wconf 87' lang='lat' dir='ltr'>Immensa</span> <span class='ocrx_word' id='word_1_410' title='bbox 3555 2573 3636 2627; x_wconf 89' lang='lat' dir='ltr'>ibi</span> 
     </span>
    </p>
   </div>
   <div class='ocr_carea' id='block_1_57' title="bbox 1991 2658 3637 2731">
    <p class='ocr_par' dir='ltr' id='par_1_57' title="bbox 1991 2658 3637 2731">
     <span class='ocr_line' id='line_1_57' title="bbox 1991 2658 3637 2731; baseline 0.002 -17"><span class='ocrx_word' id='word_1_411' title='bbox 1991 2658 2310 2714; x_wconf 89' lang='lat' dir='ltr'>multitudo</span> <span class='ocrx_word' id='word_1_412' title='bbox 2363 2659 2591 2725; x_wconf 88' lang='lat' dir='ltr'>vitium,</span> <span class='ocrx_word' id='word_1_413' title='bbox 2639 2659 2944 2731; x_wconf 81' lang='lat' dir='ltr'>glandium</span> <span class='ocrx_word' id='word_1_414' title='bbox 2989 2665 3046 2714; x_wconf 91' lang='lat' dir='ltr'>et</span> <span class='ocrx_word' id='word_1_415' title='bbox 3088 2660 3460 2731; x_wconf 88' lang='lat' dir='ltr'>palmarum:</span> <span class='ocrx_word' id='word_1_416' title='bbox 3512 2667 3637 2717; x_wconf 89' lang='lat' dir='ltr'>tum</span> 
     </span>
    </p>
   </div>
   <div class='ocr_carea' id='block_1_58' title="bbox 1993 2748 3641 2821">
    <p class='ocr_par' dir='ltr' id='par_1_58' title="bbox 1993 2748 3641 2821">
     <span class='ocr_line' id='line_1_58' title="bbox 1993 2748 3641 2821; baseline 0.002 -19"><span class='ocrx_word' id='word_1_417' title='bbox 1993 2749 2188 2802; x_wconf 90' lang='lat' dir='ltr'>omnis</span> <span class='ocrx_word' id='word_1_418' title='bbox 2211 2748 2442 2818; x_wconf 81' lang='lat' dir='ltr'>generis</span> <span class='ocrx_word' id='word_1_419' title='bbox 2462 2764 2662 2818; x_wconf 90' lang='lat' dir='ltr'>pecus,</span> <span class='ocrx_word' id='word_1_420' title='bbox 2689 2749 2972 2818; x_wconf 89' lang='lat' dir='ltr'>omnique</span> <span class='ocrx_word' id='word_1_421' title='bbox 2985 2749 3127 2803; x_wconf 90' lang='lat' dir='ltr'>anni</span> <span class='ocrx_word' id='word_1_422' title='bbox 3144 2754 3408 2820; x_wconf 83' lang='lat' dir='ltr'>tempore</span> <span class='ocrx_word' id='word_1_423' title='bbox 3421 2767 3641 2821; x_wconf 85' lang='lat' dir='ltr'>pascua</span> 
     </span>
    </p>
   </div>
   <div class='ocr_carea' id='block_1_59' title="bbox 1992 2835 3638 2909">
    <p class='ocr_par' dir='ltr' id='par_1_59' title="bbox 1992 2835 3638 2909">
     <span class='ocr_line' id='line_1_59' title="bbox 1992 2835 3638 2909; baseline 0.003 -19"><span class='ocrx_word' id='word_1_424' title='bbox 1992 2837 2064 2891; x_wconf 90' lang='lat' dir='ltr'>iis</span> <span class='ocrx_word' id='word_1_425' title='bbox 2094 2835 2331 2891; x_wconf 88' lang='lat' dir='ltr'>abunde</span> <span class='ocrx_word' id='word_1_426' title='bbox 2374 2837 2836 2907; x_wconf 86' lang='lat' dir='ltr'>suppeditantia,</span> <span class='ocrx_word' id='word_1_427' title='bbox 2904 2844 3144 2908; x_wconf 85' lang='lat' dir='ltr'>prOpter</span> <span class='ocrx_word' id='word_1_428' title='bbox 3190 2839 3473 2909; x_wconf 90' lang='lat' dir='ltr'>optimam</span> <span class='ocrx_word' id='word_1_429' title='bbox 3527 2841 3638 2895; x_wconf 86' lang='lat' dir='ltr'>soli</span> 
     </span>
    </p>
   </div>
   <div class='ocr_carea' id='block_1_60' title="bbox 1993 2925 3635 2998">
    <p class='ocr_par' dir='ltr' id='par_1_60' title="bbox 1993 2925 3635 2998">
     <span class='ocr_line' id='line_1_60' title="bbox 1993 2925 3635 2998; baseline 0.003 -19"><span class='ocrx_word' id='word_1_430' title='bbox 1993 2925 2340 2995; x_wconf 90' lang='lat' dir='ltr'>temperiem</span> <span class='ocrx_word' id='word_1_431' title='bbox 2373 2932 2548 2995; x_wconf 87' lang='lat' dir='ltr'>atque</span> <span class='ocrx_word' id='word_1_432' title='bbox 2602 2927 3024 2997; x_wconf 83' lang='lat' dir='ltr'>pinguedinem</span> <span class='ocrx_word' id='word_1_433' title='bbox 3052 2943 3063 2979; x_wconf 93' lang='lat'><strong>:</strong></span> <span class='ocrx_word' id='word_1_434' title='bbox 3102 2943 3315 2998; x_wconf 84' lang='lat' dir='ltr'>magna</span> <span class='ocrx_word' id='word_1_435' title='bbox 3347 2929 3523 2984; x_wconf 89' lang='lat' dir='ltr'>etiam</span> <span class='ocrx_word' id='word_1_436' title='bbox 3556 2930 3635 2984; x_wconf 90' lang='lat' dir='ltr'>ibi</span> 
     </span>
    </p>
   </div>
   <div class='ocr_carea' id='block_1_61' title="bbox 1991 3017 3637 3093">
    <p class='ocr_par' dir='ltr' id='par_1_61' title="bbox 1991 3017 3637 3093">
     <span class='ocr_line' id='line_1_61' title="bbox 1991 3017 3637 3093; baseline 0.004 -22"><span class='ocrx_word' id='word_1_437' title='bbox 1991 3017 2309 3072; x_wconf 87' lang='lat' dir='ltr'>multitudo</span> <span class='ocrx_word' id='word_1_438' title='bbox 2324 3025 2679 3083; x_wconf 84' lang='lat' dir='ltr'>aromatum,</span> <span class='ocrx_word' id='word_1_439' title='bbox 2699 3019 2960 3090; x_wconf 88' lang='lat' dir='ltr'>lapidum</span> <span class='ocrx_word' id='word_1_440' title='bbox 2983 3019 3374 3089; x_wconf 89' lang='lat' dir='ltr'>pretiosorum</span> <span class='ocrx_word' id='word_1_441' title='bbox 3390 3023 3637 3093; x_wconf 88' lang='lat' dir='ltr'>aurique</span> 
     </span>
    </p>
   </div>
   <div class='ocr_carea' id='block_1_62' title="bbox 1991 3108 3636 3179">
    <p class='ocr_par' dir='ltr' id='par_1_62' title="bbox 1991 3108 3636 3179">
     <span class='ocr_line' id='line_1_62' title="bbox 1991 3108 3636 3179; baseline 0.002 -17"><span class='ocrx_word' id='word_1_442' title='bbox 1991 3125 2062 3162; x_wconf 80' lang='lat' dir='ltr'>ex</span> <span class='ocrx_word' id='word_1_443' title='bbox 2096 3109 2312 3163; x_wconf 88' lang='lat' dir='ltr'>Arabia</span> <span class='ocrx_word' id='word_1_444' title='bbox 2343 3109 2813 3179; x_wconf 90' lang='lat' dir='ltr'>importatorum.</span> <span class='ocrx_word' id='word_1_445' title='bbox 2851 3110 2913 3162; x_wconf 91' lang='lat' dir='ltr'>In</span> <span class='ocrx_word' id='word_1_446' title='bbox 2944 3108 3102 3163; x_wconf 90' lang='lat' dir='ltr'>hunc</span> <span class='ocrx_word' id='word_1_447' title='bbox 3135 3110 3377 3164; x_wconf 91' lang='lat' dir='ltr'>modum</span> <span class='ocrx_word' id='word_1_448' title='bbox 3409 3112 3636 3166; x_wconf 89' lang='lat' dir='ltr'>etJose-</span> 
     </span>
    </p>
   </div>
   <div class='ocr_carea' id='block_1_63' title="bbox 224 3191 1878 3300">
    <p class='ocr_par' dir='ltr' id='par_1_63' title="bbox 224 3191 1878 3300">
     <span class='ocr_line' id='line_1_63' title="bbox 224 3191 1878 3272; baseline -0.004 -20"><span class='ocrx_word' id='word_1_449' title='bbox 224 3195 305 3252; x_wconf 85' lang='grc' dir='ltr'>δι’</span> <span class='ocrx_word' id='word_1_450' title='bbox 337 3198 593 3272; x_wconf 74' lang='grc' dir='ltr'>εὔκρατον</span> <span class='ocrx_word' id='word_1_451' title='bbox 624 3196 755 3270; x_wconf 85' lang='grc' dir='ltr'>ἀέρα</span> <span class='ocrx_word' id='word_1_452' title='bbox 787 3195 874 3248; x_wconf 86' lang='lat' dir='ltr'>xui</span> <span class='ocrx_word' id='word_1_453' title='bbox 905 3193 1121 3263; x_wconf 71' lang='grc' dir='ltr'>πολλὴν</span> <span class='ocrx_word' id='word_1_454' title='bbox 1155 3193 1391 3264; x_wconf 87' lang='grc' dir='ltr'>πιότητα</span> <span class='ocrx_word' id='word_1_455' title='bbox 1437 3197 1710 3268; x_wconf 86' lang='grc' dir='ltr'>χειμῶνος</span> <span class='ocrx_word' id='word_1_456' title='bbox 1767 3191 1878 3268; x_wconf 76' lang='grc' dir='ltr'>ὥρᾳ</span> 
     </span>
     <span class='ocr_line' id='line_1_64' title="bbox 224 3282 1746 3300; baseline -0.001 0"><span class='ocrx_word' id='word_1_457' title='bbox 224 3286 239 3300; x_wconf 86' lang='grc'><strong>.</strong></span> <span class='ocrx_word' id='word_1_458' title='bbox 340 3286 352 3300; x_wconf 88' lang='grc'><strong><em>,</em></strong></span> <span class='ocrx_word' id='word_1_459' title='bbox 519 3287 529 3300; x_wconf 88' lang='grc'><strong><em>,</em></strong></span> <span class='ocrx_word' id='word_1_460' title='bbox 735 3285 746 3300; x_wconf 82' lang='lat'>.</span> <span class='ocrx_word' id='word_1_461' title='bbox 782 3284 795 3300; x_wconf 80' lang='lat'>.</span> <span class='ocrx_word' id='word_1_462' title='bbox 945 3283 957 3300; x_wconf 67' lang='grc' dir='ltr'>ν</span> <span class='ocrx_word' id='word_1_463' title='bbox 1225 3283 1237 3300; x_wconf 86' lang='grc'><strong><em>,</em></strong></span> <span class='ocrx_word' id='word_1_464' title='bbox 1545 3284 1559 3300; x_wconf 64' lang='grc' dir='ltr'>ι</span> <span class='ocrx_word' id='word_1_465' title='bbox 1666 3282 1685 3300; x_wconf 58' lang='grc' dir='ltr'><strong>κ</strong></span> <span class='ocrx_word' id='word_1_466' title='bbox 1729 3289 1746 3299; x_wconf 74' lang='lat'>.</span> 
     </span>
    </p>
   </div>
   <div class='ocr_carea' id='block_1_64' title="bbox 1988 3191 3632 3300">
    <p class='ocr_par' dir='ltr' id='par_1_64' title="bbox 1992 3196 3632 3271">
     <span class='ocr_line' id='line_1_65' title="bbox 1992 3196 3632 3271; baseline 0.002 -20"><span class='ocrx_word' id='word_1_467' title='bbox 1992 3197 2146 3267; x_wconf 88' lang='lat' dir='ltr'>phus</span> <span class='ocrx_word' id='word_1_468' title='bbox 2172 3197 2291 3252; x_wconf 88' lang='lat' dir='ltr'>ait:</span> <span class='ocrx_word' id='word_1_469' title='bbox 2325 3196 2769 3252; x_wconf 86' lang='lat' dir='ltr'>Fecundissima</span> <span class='ocrx_word' id='word_1_470' title='bbox 2810 3197 2970 3252; x_wconf 90' lang='lat' dir='ltr'>enim</span> <span class='ocrx_word' id='word_1_471' title='bbox 3020 3214 3155 3252; x_wconf 90' lang='lat' dir='ltr'>cum</span> <span class='ocrx_word' id='word_1_472' title='bbox 3200 3198 3278 3252; x_wconf 88' lang='lat' dir='ltr'>sit</span> <span class='ocrx_word' id='word_1_473' title='bbox 3325 3215 3394 3253; x_wconf 90' lang='lat' dir='ltr'>ea</span> <span class='ocrx_word' id='word_1_474' title='bbox 3451 3199 3632 3271; x_wconf 88' lang='lat' dir='ltr'>regio,</span> 
     </span>
    </p>
   </div>
   <div class='ocr_carea' id='block_1_65' title="bbox 221 3282 1878 3364">
    <p class='ocr_par' dir='ltr' id='par_1_65' title="bbox 221 3282 1878 3364">
     <span class='ocr_line' id='line_1_66' title="bbox 221 3282 1878 3364; baseline -0.003 -22"><span class='ocrx_word' id='word_1_475' title='bbox 221 3286 440 3364; x_wconf 81' lang='grc' dir='ltr'>ἐκφέρει</span> <span class='ocrx_word' id='word_1_476' title='bbox 468 3287 638 3360; x_wconf 84' lang='grc' dir='ltr'>κάρυα</span> <span class='ocrx_word' id='word_1_477' title='bbox 662 3285 749 3338; x_wconf 89' lang='lat' dir='ltr'>xui</span> <span class='ocrx_word' id='word_1_478' title='bbox 777 3284 827 3338; x_wconf 82' lang='grc' dir='ltr'>ἐν</span> <span class='ocrx_word' id='word_1_479' title='bbox 862 3283 1098 3356; x_wconf 84' lang='grc' dir='ltr'>καύματι</span> <span class='ocrx_word' id='word_1_480' title='bbox 1145 3283 1416 3356; x_wconf 83' lang='grc' dir='ltr'>φοίνικας,</span> <span class='ocrx_word' id='word_1_481' title='bbox 1475 3284 1561 3337; x_wconf 86' lang='grc' dir='ltr'>καὶ</span> <span class='ocrx_word' id='word_1_482' title='bbox 1622 3282 1878 3338; x_wconf 82' lang='grc' dir='ltr'>πλεῖστον</span> 
     </span>
    </p>
   </div>
   <div class='ocr_carea' id='block_1_66' title="bbox 217 3369 1879 3454">
    <p class='ocr_par' dir='ltr' id='par_1_66' title="bbox 217 3369 1879 3454">
     <span class='ocr_line' id='line_1_67' title="bbox 217 3369 1879 3454; baseline -0.001 -24"><span class='ocrx_word' id='word_1_483' title='bbox 217 3380 461 3454; x_wconf 83' lang='grc' dir='ltr'>γεωργεῖ</span> <span class='ocrx_word' id='word_1_484' title='bbox 517 3369 720 3430; x_wconf 74' lang='grc' dir='ltr'>ἔλαιον.</span> <span class='ocrx_word' id='word_1_485' title='bbox 778 3374 882 3429; x_wconf 80' lang='grc' dir='ltr'>Καὶ</span> <span class='ocrx_word' id='word_1_486' title='bbox 942 3373 1217 3452; x_wconf 74' lang='grc' dir='ltr'>σταφυλὴν</span> <span class='ocrx_word' id='word_1_487' title='bbox 1277 3373 1372 3445; x_wconf 74' lang='grc' dir='ltr'>μὲν</span> <span class='ocrx_word' id='word_1_488' title='bbox 1423 3372 1514 3426; x_wconf 87' lang='grc' dir='ltr'>καὶ</span> <span class='ocrx_word' id='word_1_489' title='bbox 1598 3377 1730 3426; x_wconf 89' lang='grc' dir='ltr'>σῦκα</span> <span class='ocrx_word' id='word_1_490' title='bbox 1789 3370 1879 3428; x_wconf 80' lang='grc' dir='ltr'>διά</span> 
     </span>
    </p>
   </div>
   <div class='ocr_carea' id='block_1_67' title="bbox 223 3458 1875 3538">
    <p class='ocr_par' dir='ltr' id='par_1_67' title="bbox 223 3458 1875 3538">
     <span class='ocr_line' id='line_1_68' title="bbox 223 3458 1875 3538; baseline -0.001 -19"><span class='ocrx_word' id='word_1_491' title='bbox 223 3469 421 3538; x_wconf 82' lang='grc' dir='ltr'>μηνῶν</span> <span class='ocrx_word' id='word_1_492' title='bbox 463 3462 587 3518; x_wconf 86' lang='grc' dir='ltr'>δέκα</span> <span class='ocrx_word' id='word_1_493' title='bbox 647 3462 914 3526; x_wconf 85' lang='grc' dir='ltr'>ἐσθίουσιν</span> <span class='ocrx_word' id='word_1_494' title='bbox 977 3463 1032 3516; x_wconf 76' lang='lat' dir='ltr'>o&#39;t</span> <span class='ocrx_word' id='word_1_495' title='bbox 1102 3460 1294 3530; x_wconf 82' lang='grc' dir='ltr'>ἐκεῖσε,</span> <span class='ocrx_word' id='word_1_496' title='bbox 1351 3461 1476 3523; x_wconf 76' lang='grc' dir='ltr'>τοὺς</span> <span class='ocrx_word' id='word_1_497' title='bbox 1536 3458 1593 3516; x_wconf 77' lang='grc' dir='ltr'>δὲ</span> <span class='ocrx_word' id='word_1_498' title='bbox 1647 3460 1875 3524; x_wconf 77' lang='grc' dir='ltr'>λοιποὺς</span> 
     </span>
    </p>
   </div>
   <div class='ocr_carea' id='block_1_68' title="bbox 217 3548 1875 3628">
    <p class='ocr_par' dir='ltr' id='par_1_68' title="bbox 217 3548 1875 3628">
     <span class='ocr_line' id='line_1_69' title="bbox 217 3548 1875 3628; baseline -0.003 -18"><span class='ocrx_word' id='word_1_499' title='bbox 217 3553 469 3628; x_wconf 78' lang='grc' dir='ltr'>καρποὺς</span> <span class='ocrx_word' id='word_1_500' title='bbox 522 3551 604 3614; x_wconf 81' lang='grc' dir='ltr'>δὶς</span> <span class='ocrx_word' id='word_1_501' title='bbox 658 3557 757 3608; x_wconf 89' lang='grc' dir='ltr'>τοῦ</span> <span class='ocrx_word' id='word_1_502' title='bbox 809 3550 1056 3606; x_wconf 79' lang='grc' dir='ltr'>ἐνιαυτοῦ</span> <span class='ocrx_word' id='word_1_503' title='bbox 1091 3554 1348 3626; x_wconf 88' lang='grc' dir='ltr'>τρυγῶσι.</span> <span class='ocrx_word' id='word_1_504' title='bbox 1398 3551 1474 3606; x_wconf 88' lang='grc' dir='ltr'>Τὸ</span> <span class='ocrx_word' id='word_1_505' title='bbox 1535 3548 1592 3604; x_wconf 74' lang='grc' dir='ltr'>δὲ</span> <span class='ocrx_word' id='word_1_506' title='bbox 1647 3549 1875 3626; x_wconf 85' lang='grc' dir='ltr'>μέγεθος</span> 
     </span>
    </p>
   </div>
   <div class='ocr_carea' id='block_1_69' title="bbox 215 3635 1871 3718">
    <p class='ocr_par' dir='ltr' id='par_1_69' title="bbox 215 3635 1871 3718">
     <span class='ocr_line' id='line_1_70' title="bbox 215 3635 1871 3718; baseline -0.005 -19"><span class='ocrx_word' id='word_1_507' title='bbox 215 3648 334 3699; x_wconf 80' lang='grc' dir='ltr'>τῶν</span> <span class='ocrx_word' id='word_1_508' title='bbox 397 3643 640 3717; x_wconf 86' lang='grc' dir='ltr'>βοτρύων</span> <span class='ocrx_word' id='word_1_509' title='bbox 695 3648 795 3711; x_wconf 78' lang='grc' dir='ltr'>τῆς</span> <span class='ocrx_word' id='word_1_510' title='bbox 870 3639 1148 3718; x_wconf 78' lang='grc' dir='ltr'>σταφυλῆς</span> <span class='ocrx_word' id='word_1_511' title='bbox 1231 3637 1435 3708; x_wconf 81' lang='grc' dir='ltr'>ἐκείνης</span> <span class='ocrx_word' id='word_1_512' title='bbox 1494 3635 1767 3709; x_wconf 80' lang='grc' dir='ltr'>ἐδήλωσεν</span> <span class='ocrx_word' id='word_1_513' title='bbox 1837 3643 1871 3709; x_wconf 81' lang='grc' dir='ltr'>ἠ</span> 
     </span>
    </p>
   </div>
   <div class='ocr_carea' id='block_1_70' title="bbox 219 3725 1875 3810">
    <p class='ocr_par' dir='ltr' id='par_1_70' title="bbox 219 3725 1875 3810">
     <span class='ocr_line' id='line_1_71' title="bbox 219 3725 1875 3810; baseline -0.002 -24"><span class='ocrx_word' id='word_1_514' title='bbox 219 3732 412 3810; x_wconf 84' lang='grc' dir='ltr'>Γραφὴ</span> <span class='ocrx_word' id='word_1_515' title='bbox 457 3729 690 3807; x_wconf 81' lang='grc' dir='ltr'>λέγουσα</span> <span class='ocrx_word' id='word_1_516' title='bbox 737 3731 862 3805; x_wconf 89' lang='grc' dir='ltr'>περί</span> <span class='ocrx_word' id='word_1_517' title='bbox 915 3733 1023 3782; x_wconf 92' lang='grc' dir='ltr'>τῶν</span> <span class='ocrx_word' id='word_1_518' title='bbox 1073 3727 1425 3781; x_wconf 86' lang='grc' dir='ltr'>κατασκόπων</span> <span class='ocrx_word' id='word_1_519' title='bbox 1485 3727 1558 3780; x_wconf 82' lang='grc' dir='ltr'>ὧν</span> <span class='ocrx_word' id='word_1_520' title='bbox 1590 3725 1875 3782; x_wconf 85' lang='grc' dir='ltr'>ἀπέστειλε</span> 
     </span>
    </p>
   </div>
   <div class='ocr_carea' id='block_1_71' title="bbox 221 3814 1872 3894">
    <p class='ocr_par' dir='ltr' id='par_1_71' title="bbox 221 3814 1872 3894">
     <span class='ocr_line' id='line_1_72' title="bbox 221 3814 1872 3894; baseline -0.004 -19"><span class='ocrx_word' id='word_1_521' title='bbox 221 3825 491 3888; x_wconf 76' lang='grc' dir='ltr'>Μωυσῆς,</span> <span class='ocrx_word' id='word_1_522' title='bbox 525 3819 607 3874; x_wconf 79' lang='grc' dir='ltr'>ὅτι</span> <span class='ocrx_word' id='word_1_523' title='bbox 642 3817 810 3888; x_wconf 74' lang='grc' dir='ltr'>ἦλθον</span> <span class='ocrx_word' id='word_1_524' title='bbox 841 3814 944 3878; x_wconf 73' lang='grc' dir='ltr'>ἓως</span> <span class='ocrx_word' id='word_1_525' title='bbox 1004 3817 1286 3894; x_wconf 86' lang='grc' dir='ltr'>φάραγγος</span> <span class='ocrx_word' id='word_1_526' title='bbox 1345 3816 1598 3890; x_wconf 86' lang='grc' dir='ltr'>βότρυος,</span> <span class='ocrx_word' id='word_1_527' title='bbox 1628 3817 1713 3870; x_wconf 88' lang='lat' dir='ltr'>xui</span> <span class='ocrx_word' id='word_1_528' title='bbox 1777 3817 1872 3869; x_wconf 81' lang='grc' dir='ltr'>κό-</span> 
     </span>
    </p>
   </div>
   <div class='ocr_carea' id='block_1_72' title="bbox 219 3903 1869 3985">
    <p class='ocr_par' dir='ltr' id='par_1_72' title="bbox 219 3903 1869 3985">
     <span class='ocr_line' id='line_1_73' title="bbox 219 3903 1869 3985; baseline -0.004 -20"><span class='ocrx_word' id='word_1_529' title='bbox 219 3915 422 3985; x_wconf 72' lang='grc' dir='ltr'>ψαντες</span> <span class='ocrx_word' id='word_1_530' title='bbox 480 3908 678 3972; x_wconf 78' lang='grc' dir='ltr'>ἐκεῖθεν</span> <span class='ocrx_word' id='word_1_531' title='bbox 740 3907 933 3979; x_wconf 81' lang='grc' dir='ltr'>κλῆμα</span> <span class='ocrx_word' id='word_1_532' title='bbox 993 3905 1083 3960; x_wconf 88' lang='grc' dir='ltr'>καὶ</span> <span class='ocrx_word' id='word_1_533' title='bbox 1143 3906 1338 3980; x_wconf 85' lang='grc' dir='ltr'>βότρυν</span> <span class='ocrx_word' id='word_1_534' title='bbox 1422 3903 1699 3978; x_wconf 80' lang='grc' dir='ltr'>σταφυλῆς</span> <span class='ocrx_word' id='word_1_535' title='bbox 1755 3904 1869 3972; x_wconf 87' lang='grc' dir='ltr'>’ἐνα,</span> 
     </span>
    </p>
   </div>
   <div class='ocr_carea' id='block_1_73' title="bbox 217 3993 1869 4075">
    <p class='ocr_par' dir='ltr' id='par_1_73' title="bbox 217 3993 1869 4075">
     <span class='ocr_line' id='line_1_74' title="bbox 217 3993 1869 4075; baseline -0.003 -23"><span class='ocrx_word' id='word_1_536' title='bbox 217 4001 361 4072; x_wconf 83' lang='grc' dir='ltr'>ἦραν</span> <span class='ocrx_word' id='word_1_537' title='bbox 397 3996 555 4052; x_wconf 72' lang='grc' dir='ltr'>αὑτὸν</span> <span class='ocrx_word' id='word_1_538' title='bbox 589 3996 1072 4075; x_wconf 72' lang='grc' dir='ltr'>ἐπ’ἆναφορεῦσιψ</span> <span class='ocrx_word' id='word_1_539' title='bbox 1134 3993 1184 4047; x_wconf 84' lang='grc' dir='ltr'>ἐν</span> <span class='ocrx_word' id='word_1_540' title='bbox 1245 3993 1392 4066; x_wconf 79' lang='grc' dir='ltr'>ξύλῳ</span> <span class='ocrx_word' id='word_1_541' title='bbox 1449 3994 1552 4068; x_wconf 77' lang='grc' dir='ltr'>γὰρ</span> <span class='ocrx_word' id='word_1_542' title='bbox 1610 3993 1869 4068; x_wconf 78' lang='grc' dir='ltr'>ἐσχημα-</span> 
     </span>
    </p>
   </div>
   <div class='ocr_carea' id='block_1_74' title="bbox 211 4080 1868 4161">
    <p class='ocr_par' dir='ltr' id='par_1_74' title="bbox 211 4080 1868 4161">
     <span class='ocr_line' id='line_1_75' title="bbox 211 4080 1868 4161; baseline -0.006 -17"><span class='ocrx_word' id='word_1_543' title='bbox 211 4086 460 4160; x_wconf 86' lang='grc' dir='ltr'>τισμένῳ</span> <span class='ocrx_word' id='word_1_544' title='bbox 490 4085 746 4161; x_wconf 84' lang='grc' dir='ltr'>πλαγίως</span> <span class='ocrx_word' id='word_1_545' title='bbox 781 4085 940 4158; x_wconf 85' lang='grc' dir='ltr'>μέσον</span> <span class='ocrx_word' id='word_1_546' title='bbox 1003 4083 1347 4159; x_wconf 76' lang='grc' dir='ltr'>κρεμασθεῖς,</span> <span class='ocrx_word' id='word_1_547' title='bbox 1405 4083 1495 4136; x_wconf 86' lang='lat' dir='ltr'>xui</span> <span class='ocrx_word' id='word_1_548' title='bbox 1561 4080 1644 4137; x_wconf 80' lang='grc' dir='ltr'>ἐπ’</span> <span class='ocrx_word' id='word_1_549' title='bbox 1702 4083 1868 4154; x_wconf 83' lang='grc' dir='ltr'>ὤμων</span> 
     </span>
    </p>
   </div>
   <div class='ocr_carea' id='block_1_75' title="bbox 217 4169 1868 4250">
    <p class='ocr_par' dir='ltr' id='par_1_75' title="bbox 217 4169 1868 4250">
     <span class='ocr_line' id='line_1_76' title="bbox 217 4169 1868 4250; baseline -0.004 -18"><span class='ocrx_word' id='word_1_550' title='bbox 217 4175 318 4232; x_wconf 86' lang='grc' dir='ltr'>δύο</span> <span class='ocrx_word' id='word_1_551' title='bbox 347 4173 554 4250; x_wconf 78' lang='grc' dir='ltr'>ανδρῶν</span> <span class='ocrx_word' id='word_1_552' title='bbox 618 4174 1034 4250; x_wconf 79' lang='grc' dir='ltr'>βασταζόμενος,</span> <span class='ocrx_word' id='word_1_553' title='bbox 1114 4177 1274 4226; x_wconf 82' lang='grc' dir='ltr'>πᾶσιν</span> <span class='ocrx_word' id='word_1_554' title='bbox 1333 4169 1538 4242; x_wconf 70' lang='grc' dir='ltr'>ἐδήλου</span> <span class='ocrx_word' id='word_1_555' title='bbox 1565 4178 1664 4240; x_wconf 83' lang='grc' dir='ltr'>τῆς</span> <span class='ocrx_word' id='word_1_556' title='bbox 1715 4171 1868 4248; x_wconf 84' lang='grc' dir='ltr'>ἁγίας</span> 
     </span>
    </p>
   </div>
   <div class='ocr_carea' id='block_1_76' title="bbox 215 4258 1870 4341">
    <p class='ocr_par' dir='ltr' id='par_1_76' title="bbox 215 4258 1870 4341">
     <span class='ocr_line' id='line_1_77' title="bbox 215 4258 1870 4341; baseline -0.003 -21"><span class='ocrx_word' id='word_1_557' title='bbox 215 4273 322 4341; x_wconf 83' lang='grc' dir='ltr'>γῆς</span> <span class='ocrx_word' id='word_1_558' title='bbox 383 4264 590 4334; x_wconf 82' lang='grc' dir='ltr'>ἐκείνης</span> <span class='ocrx_word' id='word_1_559' title='bbox 643 4266 744 4333; x_wconf 78' lang='grc' dir='ltr'>τήν</span> <span class='ocrx_word' id='word_1_560' title='bbox 799 4261 1110 4334; x_wconf 77' lang='grc' dir='ltr'>εὐκαρπίαν.</span> <span class='ocrx_word' id='word_1_561' title='bbox 1183 4263 1258 4316; x_wconf 90' lang='grc' dir='ltr'>Δι’</span> <span class='ocrx_word' id='word_1_562' title='bbox 1309 4261 1377 4330; x_wconf 82' lang='grc' dir='ltr'>ἦς</span> <span class='ocrx_word' id='word_1_563' title='bbox 1432 4258 1791 4334; x_wconf 81' lang='grc' dir='ltr'>Ἀλέξανδρος</span> <span class='ocrx_word' id='word_1_564' title='bbox 1843 4262 1870 4315; x_wconf 92' lang='grc' dir='ltr'>ὁ</span> 
     </span>
    </p>
   </div>
   <div class='ocr_carea' id='block_1_77' title="bbox 226 4349 1869 4431">
    <p class='ocr_par' dir='ltr' id='par_1_77' title="bbox 226 4349 1869 4431">
     <span class='ocr_line' id='line_1_78' title="bbox 226 4349 1869 4431; baseline -0.004 -21"><span class='ocrx_word' id='word_1_565' title='bbox 226 4355 392 4431; x_wconf 82' lang='grc' dir='ltr'>μέγας</span> <span class='ocrx_word' id='word_1_566' title='bbox 425 4353 906 4430; x_wconf 85' lang='grc' dir='ltr'>διαπορευόμενος,</span> <span class='ocrx_word' id='word_1_567' title='bbox 960 4353 1049 4407; x_wconf 82' lang='grc' dir='ltr'>καὶ</span> <span class='ocrx_word' id='word_1_568' title='bbox 1109 4350 1245 4421; x_wconf 77' lang='grc' dir='ltr'>ξύλα</span> <span class='ocrx_word' id='word_1_569' title='bbox 1302 4351 1642 4428; x_wconf 83' lang='grc' dir='ltr'>καρποφόρα,</span> <span class='ocrx_word' id='word_1_570' title='bbox 1696 4349 1748 4405; x_wconf 85' lang='grc' dir='ltr'>ἐν</span> <span class='ocrx_word' id='word_1_571' title='bbox 1780 4352 1869 4411; x_wconf 78' lang='grc' dir='ltr'>οἷς</span> 
     </span>
    </p>
   </div>
   <div class='ocr_carea' id='block_1_78' title="bbox 221 4439 1868 4521">
    <p class='ocr_par' dir='ltr' id='par_1_78' title="bbox 221 4439 1868 4521">
     <span class='ocr_line' id='line_1_79' title="bbox 221 4439 1868 4521; baseline -0.004 -21"><span class='ocrx_word' id='word_1_572' title='bbox 221 4447 311 4500; x_wconf 83' lang='grc' dir='ltr'>καὶ</span> <span class='ocrx_word' id='word_1_573' title='bbox 371 4448 612 4521; x_wconf 76' lang='grc' dir='ltr'>πήγανον</span> <span class='ocrx_word' id='word_1_574' title='bbox 675 4446 1000 4516; x_wconf 82' lang='grc' dir='ltr'>Θεασάμενος</span> <span class='ocrx_word' id='word_1_575' title='bbox 1057 4443 1117 4496; x_wconf 82' lang='grc' dir='ltr'>τὸ</span> <span class='ocrx_word' id='word_1_576' title='bbox 1177 4439 1311 4515; x_wconf 76' lang='grc' dir='ltr'>ὕψος</span> <span class='ocrx_word' id='word_1_577' title='bbox 1368 4441 1456 4496; x_wconf 88' lang='lat' dir='ltr'>xui</span> <span class='ocrx_word' id='word_1_578' title='bbox 1515 4440 1721 4502; x_wconf 89' lang='grc' dir='ltr'>πλάτος</span> <span class='ocrx_word' id='word_1_579' title='bbox 1779 4439 1868 4520; x_wconf 82' lang='grc' dir='ltr'>ἐφ-</span> 
     </span>
    </p>
   </div>
   <div class='ocr_carea' id='block_1_79' title="bbox 227 4529 1868 4606">
    <p class='ocr_par' dir='ltr' id='par_1_79' title="bbox 227 4529 1868 4606">
     <span class='ocr_line' id='line_1_80' title="bbox 227 4529 1868 4606; baseline -0.002 -19"><span class='ocrx_word' id='word_1_580' title='bbox 227 4533 466 4605; x_wconf 84' lang='grc' dir='ltr'>άμιλλον</span> <span class='ocrx_word' id='word_1_581' title='bbox 499 4539 687 4600; x_wconf 79' lang='grc' dir='ltr'>συκῆς,</span> <span class='ocrx_word' id='word_1_582' title='bbox 720 4531 987 4603; x_wconf 73' lang='grc' dir='ltr'>ἐθαύμασε</span> <span class='ocrx_word' id='word_1_583' title='bbox 1017 4529 1222 4606; x_wconf 86' lang='grc' dir='ltr'>σφόδρα</span> <span class='ocrx_word' id='word_1_584' title='bbox 1250 4536 1350 4598; x_wconf 80' lang='grc' dir='ltr'>τῆς</span> <span class='ocrx_word' id='word_1_585' title='bbox 1396 4535 1499 4604; x_wconf 83' lang='grc' dir='ltr'>γῆς</span> <span class='ocrx_word' id='word_1_586' title='bbox 1529 4529 1736 4597; x_wconf 79' lang='grc' dir='ltr'>ἐκείνης</span> <span class='ocrx_word' id='word_1_587' title='bbox 1771 4531 1868 4596; x_wconf 76' lang='grc' dir='ltr'>τήν</span> 
     </span>
    </p>
   </div>
   <div class='ocr_carea' id='block_1_80' title="bbox 230 4610 1877 4695">
    <p class='ocr_par' dir='ltr' id='par_1_80' title="bbox 230 4610 1877 4695">
     <span class='ocr_line' id='line_1_81' title="bbox 230 4610 1877 4695; baseline -0.002 -19"><span class='ocrx_word' id='word_1_588' title='bbox 230 4621 522 4695; x_wconf 78' lang='grc' dir='ltr'>εὐκαρπίαν</span> <span class='ocrx_word' id='word_1_589' title='bbox 580 4642 639 4674; x_wconf 93' lang='grc' dir='ltr'>τε</span> <span class='ocrx_word' id='word_1_590' title='bbox 684 4610 774 4674; x_wconf 81' lang='lat' dir='ltr'>xui</span> <span class='ocrx_word' id='word_1_591' title='bbox 830 4621 1082 4689; x_wconf 79' lang='grc' dir='ltr'>πιότητα.</span> <span class='ocrx_word' id='word_1_592' title='bbox 1145 4618 1318 4676; x_wconf 73' lang='grc' dir='ltr'>Ἀλλά</span> <span class='ocrx_word' id='word_1_593' title='bbox 1351 4620 1458 4692; x_wconf 70' lang='grc' dir='ltr'>μὴν</span> <span class='ocrx_word' id='word_1_594' title='bbox 1485 4617 1574 4672; x_wconf 87' lang='lat' dir='ltr'>xui</span> <span class='ocrx_word' id='word_1_595' title='bbox 1633 4613 1877 4672; x_wconf 79' lang='grc' dir='ltr'>ὀποϐάλ-</span> 
     </span>
    </p>
   </div>
   <div class='ocr_carea' id='block_1_81' title="bbox 233 4705 1864 4785">
    <p class='ocr_par' dir='ltr' id='par_1_81' title="bbox 233 4705 1864 4785">
     <span class='ocr_line' id='line_1_82' title="bbox 233 4705 1864 4785; baseline -0.002 -20"><span class='ocrx_word' id='word_1_596' title='bbox 233 4732 405 4784; x_wconf 83' lang='grc' dir='ltr'>σαμον</span> <span class='ocrx_word' id='word_1_597' title='bbox 458 4715 686 4785; x_wconf 89' lang='grc' dir='ltr'>γεωργεῖ</span> <span class='ocrx_word' id='word_1_598' title='bbox 740 4709 1014 4777; x_wconf 87' lang='grc' dir='ltr'>πλεῖστον,</span> <span class='ocrx_word' id='word_1_599' title='bbox 1075 4710 1164 4763; x_wconf 90' lang='lat' dir='ltr'>xui</span> <span class='ocrx_word' id='word_1_600' title='bbox 1215 4707 1368 4782; x_wconf 82' lang='grc' dir='ltr'>ἔτερα</span> <span class='ocrx_word' id='word_1_601' title='bbox 1424 4707 1610 4762; x_wconf 84' lang='grc' dir='ltr'>πολλᾶ</span> <span class='ocrx_word' id='word_1_602' title='bbox 1667 4705 1864 4762; x_wconf 73' lang='grc' dir='ltr'>δυσπόο</span> 
     </span>
    </p>
   </div>
   <div class='ocr_carea' id='block_1_82' title="bbox 230 4796 1863 4874">
    <p class='ocr_par' dir='ltr' id='par_1_82' title="bbox 230 4796 1863 4874">
     <span class='ocr_line' id='line_1_83' title="bbox 230 4796 1863 4874; baseline -0.002 -21"><span class='ocrx_word' id='word_1_603' title='bbox 230 4819 387 4874; x_wconf 87' lang='grc' dir='ltr'>ριστα</span> <span class='ocrx_word' id='word_1_604' title='bbox 443 4799 531 4852; x_wconf 82' lang='grc' dir='ltr'>καὶ</span> <span class='ocrx_word' id='word_1_605' title='bbox 597 4797 906 4872; x_wconf 84' lang='grc' dir='ltr'>ἀνθρώποις</span> <span class='ocrx_word' id='word_1_606' title='bbox 959 4797 1240 4872; x_wconf 82' lang='grc' dir='ltr'>ἐπέραστα.</span> <span class='ocrx_word' id='word_1_607' title='bbox 1315 4796 1607 4858; x_wconf 78' lang='grc' dir='ltr'>Κάντεῦθεν</span> <span class='ocrx_word' id='word_1_608' title='bbox 1663 4796 1863 4865; x_wconf 85' lang='grc' dir='ltr'>τοίνυν,</span> 
     </span>
    </p>
   </div>
   <div class='ocr_carea' id='block_1_83' title="bbox 227 4883 1864 4966">
    <p class='ocr_par' dir='ltr' id='par_1_83' title="bbox 227 4883 1864 4966">
     <span class='ocr_line' id='line_1_84' title="bbox 227 4883 1864 4966; baseline -0.002 -24"><span class='ocrx_word' id='word_1_609' title='bbox 227 4890 300 4950; x_wconf 86' lang='grc' dir='ltr'>ὡς</span> <span class='ocrx_word' id='word_1_610' title='bbox 382 4888 649 4963; x_wconf 81' lang='grc' dir='ltr'>ἐξαίρετον</span> <span class='ocrx_word' id='word_1_611' title='bbox 725 4888 816 4942; x_wconf 90' lang='grc' dir='ltr'>καὶ</span> <span class='ocrx_word' id='word_1_612' title='bbox 873 4885 1231 4966; x_wconf 80' lang='grc' dir='ltr'>διαφέρουσαν</span> <span class='ocrx_word' id='word_1_613' title='bbox 1289 4883 1628 4961; x_wconf 88' lang='grc' dir='ltr'>ἀσυγκρίτως</span> <span class='ocrx_word' id='word_1_614' title='bbox 1686 4887 1864 4955; x_wconf 81' lang='grc' dir='ltr'>πάσης</span> 
     </span>
    </p>
   </div>
   <div class='ocr_carea' id='block_1_84' title="bbox 218 4973 1868 5053">
    <p class='ocr_par' dir='ltr' id='par_1_84' title="bbox 218 4973 1868 5053">
     <span class='ocr_line' id='line_1_85' title="bbox 218 4973 1868 5053; baseline -0.003 -21"><span class='ocrx_word' id='word_1_615' title='bbox 218 4985 320 5047; x_wconf 84' lang='grc' dir='ltr'>τῆς</span> <span class='ocrx_word' id='word_1_616' title='bbox 352 4984 480 5053; x_wconf 84' lang='grc' dir='ltr'>γῆς,</span> <span class='ocrx_word' id='word_1_617' title='bbox 515 4977 740 5038; x_wconf 83' lang='grc' dir='ltr'>εἰκότως</span> <span class='ocrx_word' id='word_1_618' title='bbox 784 4973 984 5030; x_wconf 85' lang='grc' dir='ltr'>ἔδωκεν</span> <span class='ocrx_word' id='word_1_619' title='bbox 1037 4973 1206 5043; x_wconf 72' lang='grc' dir='ltr'>αὐτὴν</span> <span class='ocrx_word' id='word_1_620' title='bbox 1269 4974 1296 5028; x_wconf 90' lang='lat'>6</span> <span class='ocrx_word' id='word_1_621' title='bbox 1355 4975 1482 5034; x_wconf 87' lang='grc' dir='ltr'>Θεὸς</span> <span class='ocrx_word' id='word_1_622' title='bbox 1536 4977 1615 5044; x_wconf 79' lang='grc' dir='ltr'>τῷ</span> <span class='ocrx_word' id='word_1_623' title='bbox 1644 4976 1868 5048; x_wconf 78' lang='grc' dir='ltr'>ἠγαπη-</span> 
     </span>
    </p>
   </div>
   <div class='ocr_carea' id='block_1_85' title="bbox 225 5061 1867 5141">
    <p class='ocr_par' dir='ltr' id='par_1_85' title="bbox 225 5061 1867 5141">
     <span class='ocr_line' id='line_1_86' title="bbox 225 5061 1867 5141; baseline -0.001 -20"><span class='ocrx_word' id='word_1_624' title='bbox 225 5067 370 5141; x_wconf 82' lang='grc' dir='ltr'>μένῳ</span> <span class='ocrx_word' id='word_1_625' title='bbox 402 5067 490 5120; x_wconf 85' lang='grc' dir='ltr'>καὶ</span> <span class='ocrx_word' id='word_1_626' title='bbox 521 5065 861 5139; x_wconf 87' lang='grc' dir='ltr'>πρωτοτόκῳ</span> <span class='ocrx_word' id='word_1_627' title='bbox 892 5065 995 5135; x_wconf 77' lang='grc' dir='ltr'>υἱῷ</span> <span class='ocrx_word' id='word_1_628' title='bbox 1039 5064 1207 5118; x_wconf 85' lang='grc' dir='ltr'>αὐτοῦ</span> <span class='ocrx_word' id='word_1_629' title='bbox 1267 5062 1344 5126; x_wconf 80' lang='grc' dir='ltr'>εἷς</span> <span class='ocrx_word' id='word_1_630' title='bbox 1401 5061 1777 5136; x_wconf 88' lang='grc' dir='ltr'>κληρονομίαν</span> <span class='ocrx_word' id='word_1_631' title='bbox 1808 5086 1867 5119; x_wconf 90' lang='grc' dir='ltr'>τε</span> 
     </span>
    </p>
   </div>
   <div class='ocr_carea' id='block_1_86' title="bbox 216 5151 1867 5229">
    <p class='ocr_par' dir='ltr' id='par_1_86' title="bbox 216 5151 1867 5229">
     <span class='ocr_line' id='line_1_87' title="bbox 216 5151 1867 5229; baseline -0.003 -17"><span class='ocrx_word' id='word_1_632' title='bbox 216 5159 304 5212; x_wconf 86' lang='grc' dir='ltr'>καὶ</span> <span class='ocrx_word' id='word_1_633' title='bbox 364 5157 690 5212; x_wconf 78' lang='grc' dir='ltr'>ἀπόλαυσιν.</span> <span class='ocrx_word' id='word_1_634' title='bbox 754 5154 1025 5229; x_wconf 75' lang='grc' dir='ltr'>Εἰσήγαγε</span> <span class='ocrx_word' id='word_1_635' title='bbox 1108 5153 1213 5228; x_wconf 72' lang='grc' dir='ltr'>γάρ</span> <span class='ocrx_word' id='word_1_636' title='bbox 1268 5151 1486 5222; x_wconf 84' lang='grc' dir='ltr'>αὐτοὺς,</span> <span class='ocrx_word' id='word_1_637' title='bbox 1545 5153 1732 5226; x_wconf 84' lang='grc' dir='ltr'>φησὶν,</span> <span class='ocrx_word' id='word_1_638' title='bbox 1791 5154 1867 5215; x_wconf 81' lang='grc' dir='ltr'>είς</span> 
     </span>
    </p>
   </div>
   <div class='ocr_carea' id='block_1_87' title="bbox 221 5238 1864 5321">
    <p class='ocr_par' dir='ltr' id='par_1_87' title="bbox 221 5238 1864 5321">
     <span class='ocr_line' id='line_1_88' title="bbox 221 5238 1864 5321; baseline -0.002 -21"><span class='ocrx_word' id='word_1_639' title='bbox 221 5247 348 5321; x_wconf 84' lang='grc' dir='ltr'>’ὀρος</span> <span class='ocrx_word' id='word_1_640' title='bbox 379 5247 716 5321; x_wconf 82' lang='grc' dir='ltr'>ἁγιάσματος</span> <span class='ocrx_word' id='word_1_641' title='bbox 785 5242 968 5310; x_wconf 81' lang='grc' dir='ltr'>αὐτοῦ,</span> <span class='ocrx_word' id='word_1_642' title='bbox 1028 5238 1156 5314; x_wconf 81' lang='grc' dir='ltr'>ὅρος</span> <span class='ocrx_word' id='word_1_643' title='bbox 1221 5246 1383 5298; x_wconf 89' lang='grc' dir='ltr'>τοῦτο</span> <span class='ocrx_word' id='word_1_644' title='bbox 1435 5243 1465 5297; x_wconf 84' lang='grc' dir='ltr'><strong>’ὀ</strong></span> <span class='ocrx_word' id='word_1_645' title='bbox 1523 5241 1772 5298; x_wconf 80' lang='grc' dir='ltr'>ἐκτίσατο</span> <span class='ocrx_word' id='word_1_646' title='bbox 1831 5246 1864 5312; x_wconf 85' lang='grc' dir='ltr'><strong>ἡ</strong></span> 
     </span>
    </p>
   </div>
   <div class='ocr_carea' id='block_1_88' title="bbox 219 5331 1867 5410">
    <p class='ocr_par' dir='ltr' id='par_1_88' title="bbox 219 5331 1867 5410">
     <span class='ocr_line' id='line_1_89' title="bbox 219 5331 1867 5410; baseline -0.002 -20"><span class='ocrx_word' id='word_1_647' title='bbox 219 5333 362 5408; x_wconf 82' lang='grc' dir='ltr'>δεξιᾶ</span> <span class='ocrx_word' id='word_1_648' title='bbox 394 5335 578 5390; x_wconf 81' lang='grc' dir='ltr'>αὐτοῦ.</span> <span class='ocrx_word' id='word_1_649' title='bbox 631 5337 931 5410; x_wconf 83' lang='grc' dir='ltr'>Τοιγαροῦν</span> <span class='ocrx_word' id='word_1_650' title='bbox 993 5331 1043 5386; x_wconf 81' lang='grc' dir='ltr'>ἐν</span> <span class='ocrx_word' id='word_1_651' title='bbox 1099 5336 1166 5406; x_wconf 79' lang='grc' dir='ltr'>τῇ</span> <span class='ocrx_word' id='word_1_652' title='bbox 1226 5332 1349 5406; x_wconf 76' lang='grc' dir='ltr'>ἁγίᾳ</span> <span class='ocrx_word' id='word_1_653' title='bbox 1400 5331 1568 5406; x_wconf 80' lang='grc' dir='ltr'>ταύτῃ</span> <span class='ocrx_word' id='word_1_654' title='bbox 1616 5333 1703 5386; x_wconf 72' lang='grc' dir='ltr'>καὶ</span> <span class='ocrx_word' id='word_1_655' title='bbox 1770 5354 1867 5406; x_wconf 88' lang='grc' dir='ltr'>μα-</span> 
     </span>
    </p>
   </div>
   <div class='ocr_carea' id='block_1_89' title="bbox 217 5421 1862 5498">
    <p class='ocr_par' dir='ltr' id='par_1_89' title="bbox 217 5421 1862 5498">
     <span class='ocr_line' id='line_1_90' title="bbox 217 5421 1862 5498; baseline -0.001 -18"><span class='ocrx_word' id='word_1_656' title='bbox 217 5426 379 5498; x_wconf 81' lang='grc' dir='ltr'>καρίᾳ</span> <span class='ocrx_word' id='word_1_657' title='bbox 407 5429 480 5498; x_wconf 78' lang='grc' dir='ltr'>γῇ</span> <span class='ocrx_word' id='word_1_658' title='bbox 510 5424 599 5480; x_wconf 88' lang='lat' dir='ltr'>xui</span> <span class='ocrx_word' id='word_1_659' title='bbox 631 5425 803 5498; x_wconf 82' lang='grc' dir='ltr'>ἀγαθῇ</span> <span class='ocrx_word' id='word_1_660' title='bbox 862 5429 959 5492; x_wconf 83' lang='grc' dir='ltr'>τῆς</span> <span class='ocrx_word' id='word_1_661' title='bbox 1019 5421 1343 5498; x_wconf 83' lang='grc' dir='ltr'>ἐπαγγελίας</span> <span class='ocrx_word' id='word_1_662' title='bbox 1397 5422 1729 5496; x_wconf 85' lang='grc' dir='ltr'>πολυμερῶς</span> <span class='ocrx_word' id='word_1_663' title='bbox 1777 5427 1862 5479; x_wconf 83' lang='lat' dir='ltr'>xui</span> 
     </span>
    </p>
   </div>
   <div class='ocr_carea' id='block_1_90' title="bbox 215 5511 1866 5589">
    <p class='ocr_par' dir='ltr' id='par_1_90' title="bbox 215 5511 1866 5589">
     <span class='ocr_line' id='line_1_91' title="bbox 215 5511 1866 5589; baseline -0.001 -20"><span class='ocrx_word' id='word_1_664' title='bbox 215 5514 580 5587; x_wconf 87' lang='grc' dir='ltr'>πολυτρόπως</span> <span class='ocrx_word' id='word_1_665' title='bbox 635 5511 806 5568; x_wconf 86' lang='grc' dir='ltr'>πάλαι</span> <span class='ocrx_word' id='word_1_666' title='bbox 866 5512 894 5566; x_wconf 87' lang='grc' dir='ltr'>ὁ</span> <span class='ocrx_word' id='word_1_667' title='bbox 951 5512 1081 5573; x_wconf 83' lang='grc' dir='ltr'>Θεὸς</span> <span class='ocrx_word' id='word_1_668' title='bbox 1151 5511 1330 5587; x_wconf 85' lang='grc' dir='ltr'>Λόγος</span> <span class='ocrx_word' id='word_1_669' title='bbox 1403 5518 1517 5572; x_wconf 90' lang='grc' dir='ltr'>τοῖς</span> <span class='ocrx_word' id='word_1_670' title='bbox 1557 5515 1866 5589; x_wconf 72' lang='grc' dir='ltr'>προφήταις</span> 
     </span>
    </p>
   </div>
   <div class='ocr_carea' id='block_1_91' title="bbox 295 5685 882 5756">
    <p class='ocr_par' dir='ltr' id='par_1_91' title="bbox 295 5685 882 5756">
     <span class='ocr_line' id='line_1_92' title="bbox 295 5685 882 5756; baseline -0.005 -13"><span class='ocrx_word' id='word_1_671' title='bbox 295 5687 338 5726; x_wconf 76' lang='grc' dir='ltr'>ιδ</span> <span class='ocrx_word' id='word_1_672' title='bbox 365 5685 520 5743; x_wconf 75' lang='lat' dir='ltr'>Psal.</span> <span class='ocrx_word' id='word_1_673' title='bbox 556 5701 762 5756; x_wconf 69' lang='lat' dir='ltr'>una,</span> <span class='ocrx_word' id='word_1_674' title='bbox 795 5685 882 5741; x_wconf 71' lang='grc'>54.</span> 
     </span>
    </p>
   </div>
   <div class='ocr_carea' id='block_1_92' title="bbox 1992 3288 3634 3361">
    <p class='ocr_par' dir='ltr' id='par_1_92' title="bbox 1992 3288 3634 3361">
     <span class='ocr_line' id='line_1_93' title="bbox 1992 3288 3634 3361; baseline -0.003 -13"><span class='ocrx_word' id='word_1_675' title='bbox 1992 3292 2066 3347; x_wconf 90' lang='lat' dir='ltr'>ob</span> <span class='ocrx_word' id='word_1_676' title='bbox 2097 3306 2293 3347; x_wconf 90' lang='lat' dir='ltr'>aerem</span> <span class='ocrx_word' id='word_1_677' title='bbox 2327 3289 2476 3343; x_wconf 91' lang='lat' dir='ltr'>bene</span> <span class='ocrx_word' id='word_1_678' title='bbox 2507 3293 2922 3359; x_wconf 89' lang='lat' dir='ltr'>temperatum,</span> <span class='ocrx_word' id='word_1_679' title='bbox 2954 3305 3022 3342; x_wconf 91' lang='lat' dir='ltr'>ac</span> <span class='ocrx_word' id='word_1_680' title='bbox 3052 3288 3300 3343; x_wconf 88' lang='lat' dir='ltr'>multam</span> <span class='ocrx_word' id='word_1_681' title='bbox 3328 3289 3634 3361; x_wconf 88' lang='lat' dir='ltr'>pinguedi-</span> 
     </span>
    </p>
   </div>
   <div class='ocr_carea' id='block_1_93' title="bbox 1985 3378 3632 3451">
    <p class='ocr_par' dir='ltr' id='par_1_93' title="bbox 1985 3378 3632 3451">
     <span class='ocr_line' id='line_1_94' title="bbox 1985 3378 3632 3451; baseline -0.001 -14"><span class='ocrx_word' id='word_1_682' title='bbox 1985 3399 2144 3447; x_wconf 90' lang='lat' dir='ltr'>nem,</span> <span class='ocrx_word' id='word_1_683' title='bbox 2177 3381 2370 3435; x_wconf 89' lang='lat' dir='ltr'>hieme</span> <span class='ocrx_word' id='word_1_684' title='bbox 2398 3395 2580 3434; x_wconf 89' lang='lat' dir='ltr'>nuces</span> <span class='ocrx_word' id='word_1_685' title='bbox 2611 3379 2854 3450; x_wconf 81' lang='lat' dir='ltr'>profert,</span> <span class='ocrx_word' id='word_1_686' title='bbox 2887 3384 3035 3434; x_wconf 76' lang='lat' dir='ltr'>testu</span> <span class='ocrx_word' id='word_1_687' title='bbox 3085 3378 3371 3450; x_wconf 88' lang='lat' dir='ltr'>dactylos,</span> <span class='ocrx_word' id='word_1_688' title='bbox 3413 3385 3472 3434; x_wconf 86' lang='lat' dir='ltr'>et</span> <span class='ocrx_word' id='word_1_689' title='bbox 3499 3380 3632 3451; x_wconf 90' lang='lat' dir='ltr'>plu-</span> 
     </span>
    </p>
   </div>
   <div class='ocr_carea' id='block_1_94' title="bbox 1983 3467 3628 3535">
    <p class='ocr_par' dir='ltr' id='par_1_94' title="bbox 1983 3467 3628 3535">
     <span class='ocr_line' id='line_1_95' title="bbox 1983 3467 3628 3535; baseline -0.001 -10"><span class='ocrx_word' id='word_1_690' title='bbox 1983 3472 2201 3525; x_wconf 89' lang='lat' dir='ltr'>rimum</span> <span class='ocrx_word' id='word_1_691' title='bbox 2234 3469 2314 3524; x_wconf 90' lang='lat' dir='ltr'>ibi</span> <span class='ocrx_word' id='word_1_692' title='bbox 2345 3469 2458 3524; x_wconf 91' lang='lat' dir='ltr'>olei</span> <span class='ocrx_word' id='word_1_693' title='bbox 2490 3468 2723 3523; x_wconf 89' lang='lat' dir='ltr'>colitur.</span> <span class='ocrx_word' id='word_1_694' title='bbox 2757 3467 2864 3532; x_wconf 90' lang='lat' dir='ltr'>Qui</span> <span class='ocrx_word' id='word_1_695' title='bbox 2896 3468 2976 3522; x_wconf 89' lang='lat' dir='ltr'>ibi</span> <span class='ocrx_word' id='word_1_696' title='bbox 3005 3469 3219 3535; x_wconf 90' lang='lat' dir='ltr'>vivunt,</span> <span class='ocrx_word' id='word_1_697' title='bbox 3251 3468 3455 3525; x_wconf 90' lang='lat' dir='ltr'>decem</span> <span class='ocrx_word' id='word_1_698' title='bbox 3479 3469 3628 3524; x_wconf 86' lang='lat' dir='ltr'>inte-</span> 
     </span>
    </p>
   </div>
   <div class='ocr_carea' id='block_1_95' title="bbox 1981 3557 3628 3631">
    <p class='ocr_par' dir='ltr' id='par_1_95' title="bbox 1981 3557 3628 3631">
     <span class='ocr_line' id='line_1_96' title="bbox 1981 3557 3628 3631; baseline 0 -17"><span class='ocrx_word' id='word_1_699' title='bbox 1981 3577 2114 3631; x_wconf 86' lang='lat' dir='ltr'>gros</span> <span class='ocrx_word' id='word_1_700' title='bbox 2146 3576 2386 3613; x_wconf 89' lang='lat' dir='ltr'>menses</span> <span class='ocrx_word' id='word_1_701' title='bbox 2419 3558 2543 3612; x_wconf 90' lang='lat' dir='ltr'>uvis</span> <span class='ocrx_word' id='word_1_702' title='bbox 2573 3574 2640 3612; x_wconf 89' lang='lat' dir='ltr'>ac</span> <span class='ocrx_word' id='word_1_703' title='bbox 2679 3557 2908 3612; x_wconf 84' lang='lat' dir='ltr'>ﬁcubus</span> <span class='ocrx_word' id='word_1_704' title='bbox 2961 3563 3316 3614; x_wconf 89' lang='lat' dir='ltr'>vescuntur:</span> <span class='ocrx_word' id='word_1_705' title='bbox 3364 3559 3628 3629; x_wconf 89' lang='lat' dir='ltr'>reliqua-</span> 
     </span>
    </p>
   </div>
   <div class='ocr_carea' id='block_1_96' title="bbox 1979 3645 3620 3719">
    <p class='ocr_par' dir='ltr' id='par_1_96' title="bbox 1979 3645 3620 3719">
     <span class='ocr_line' id='line_1_97' title="bbox 1979 3645 3620 3719; baseline 0 -17"><span class='ocrx_word' id='word_1_706' title='bbox 1979 3665 2111 3702; x_wconf 90' lang='lat' dir='ltr'>rum</span> <span class='ocrx_word' id='word_1_707' title='bbox 2143 3648 2374 3718; x_wconf 86' lang='lat' dir='ltr'>frugum</span> <span class='ocrx_word' id='word_1_708' title='bbox 2413 3651 2532 3699; x_wconf 88' lang='lat' dir='ltr'>toto</span> <span class='ocrx_word' id='word_1_709' title='bbox 2563 3662 2718 3699; x_wconf 90' lang='lat' dir='ltr'>anno</span> <span class='ocrx_word' id='word_1_710' title='bbox 2753 3651 2841 3700; x_wconf 91' lang='lat' dir='ltr'>est</span> <span class='ocrx_word' id='word_1_711' title='bbox 2869 3645 3209 3700; x_wconf 88' lang='lat' dir='ltr'>collectura.</span> <span class='ocrx_word' id='word_1_712' title='bbox 3243 3648 3367 3701; x_wconf 73' lang='lat' dir='ltr'>1am</span> <span class='ocrx_word' id='word_1_713' title='bbox 3401 3648 3620 3719; x_wconf 86' lang='lat' dir='ltr'>magni-</span> 
     </span>
    </p>
   </div>
   <div class='ocr_carea' id='block_1_97' title="bbox 1983 3735 3620 3806">
    <p class='ocr_par' dir='ltr' id='par_1_97' title="bbox 1983 3735 3620 3806">
     <span class='ocr_line' id='line_1_98' title="bbox 1983 3735 3620 3806; baseline 0 -14"><span class='ocrx_word' id='word_1_714' title='bbox 1983 3738 2246 3792; x_wconf 89' lang='lat' dir='ltr'>tudinem</span> <span class='ocrx_word' id='word_1_715' title='bbox 2289 3736 2592 3790; x_wconf 88' lang='lat' dir='ltr'>botrorum</span> <span class='ocrx_word' id='word_1_716' title='bbox 2625 3735 2760 3789; x_wconf 89' lang='lat' dir='ltr'>vitis</span> <span class='ocrx_word' id='word_1_717' title='bbox 2791 3735 2958 3789; x_wconf 87' lang='lat' dir='ltr'>istius</span> <span class='ocrx_word' id='word_1_718' title='bbox 2989 3736 3292 3806; x_wconf 89' lang='lat' dir='ltr'>Scriptura</span> <span class='ocrx_word' id='word_1_719' title='bbox 3328 3737 3620 3803; x_wconf 87' lang='lat' dir='ltr'>indicans,</span> 
     </span>
    </p>
   </div>
   <div class='ocr_carea' id='block_1_98' title="bbox 1980 3825 3623 3896">
    <p class='ocr_par' dir='ltr' id='par_1_98' title="bbox 1980 3825 3623 3896">
     <span class='ocr_line' id='line_1_99' title="bbox 1980 3825 3623 3896; baseline -0.001 -13"><span class='ocrx_word' id='word_1_720' title='bbox 1980 3829 2115 3883; x_wconf 89' lang='lat' dir='ltr'>dea</span> <span class='ocrx_word' id='word_1_721' title='bbox 2163 3829 2315 3881; x_wconf 84' lang='lat' dir='ltr'>Mose</span> <span class='ocrx_word' id='word_1_722' title='bbox 2373 3825 2570 3879; x_wconf 89' lang='lat' dir='ltr'>missis</span> <span class='ocrx_word' id='word_1_723' title='bbox 2632 3826 2781 3879; x_wconf 70' lang='lat'>148</span> <span class='ocrx_word' id='word_1_724' title='bbox 2841 3825 3212 3896; x_wconf 84' lang='lat' dir='ltr'>exploratum</span> <span class='ocrx_word' id='word_1_725' title='bbox 3269 3833 3469 3882; x_wconf 88' lang='lat' dir='ltr'>narrat</span> <span class='ocrx_word' id='word_1_726' title='bbox 3521 3845 3623 3882; x_wconf 91' lang='lat' dir='ltr'>eos</span> 
     </span>
    </p>
   </div>
   <div class='ocr_carea' id='block_1_99' title="bbox 1978 3915 3623 3987">
    <p class='ocr_par' dir='ltr' id='par_1_99' title="bbox 1978 3915 3623 3987">
     <span class='ocr_line' id='line_1_100' title="bbox 1978 3915 3623 3987; baseline -0.001 -16"><span class='ocrx_word' id='word_1_727' title='bbox 1978 3933 2165 3987; x_wconf 88' lang='lat' dir='ltr'>usque</span> <span class='ocrx_word' id='word_1_728' title='bbox 2188 3917 2261 3970; x_wconf 87' lang='lat' dir='ltr'>ad</span> <span class='ocrx_word' id='word_1_729' title='bbox 2283 3915 2496 3970; x_wconf 88' lang='lat' dir='ltr'>vallem</span> <span class='ocrx_word' id='word_1_730' title='bbox 2521 3931 2764 3970; x_wconf 89' lang='lat' dir='ltr'>uvarum</span> <span class='ocrx_word' id='word_1_731' title='bbox 2799 3915 3157 3986; x_wconf 88' lang='lat' dir='ltr'>pervenisse,</span> <span class='ocrx_word' id='word_1_732' title='bbox 3191 3915 3391 3984; x_wconf 88' lang='lat' dir='ltr'>ibique</span> <span class='ocrx_word' id='word_1_733' title='bbox 3412 3917 3623 3987; x_wconf 85' lang='lat' dir='ltr'>palmi-</span> 
     </span>
    </p>
   </div>
   <div class='ocr_carea' id='block_1_100' title="bbox 1979 4004 3620 4076">
    <p class='ocr_par' dir='ltr' id='par_1_100' title="bbox 1979 4004 3620 4076">
     <span class='ocr_line' id='line_1_101' title="bbox 1979 4004 3620 4076; baseline -0.002 -15"><span class='ocrx_word' id='word_1_734' title='bbox 1979 4012 2095 4061; x_wconf 82' lang='lat' dir='ltr'>tem</span> <span class='ocrx_word' id='word_1_735' title='bbox 2129 4022 2263 4059; x_wconf 89' lang='lat' dir='ltr'>cum</span> <span class='ocrx_word' id='word_1_736' title='bbox 2286 4005 2460 4059; x_wconf 88' lang='lat' dir='ltr'>unica</span> <span class='ocrx_word' id='word_1_737' title='bbox 2477 4020 2587 4059; x_wconf 88' lang='lat' dir='ltr'>uva</span> <span class='ocrx_word' id='word_1_738' title='bbox 2611 4009 2903 4059; x_wconf 89' lang='lat' dir='ltr'>resectum</span> <span class='ocrx_word' id='word_1_739' title='bbox 2933 4004 3078 4058; x_wconf 86' lang='lat' dir='ltr'>vecti</span> <span class='ocrx_word' id='word_1_740' title='bbox 3111 4004 3455 4074; x_wconf 91' lang='lat' dir='ltr'>impositum</span> <span class='ocrx_word' id='word_1_741' title='bbox 3487 4023 3620 4076; x_wconf 87' lang='lat' dir='ltr'>por-</span> 
     </span>
    </p>
   </div>
   <div class='ocr_carea' id='block_1_101' title="bbox 1979 4091 3621 4165">
    <p class='ocr_par' dir='ltr' id='par_1_101' title="bbox 1979 4091 3621 4165">
     <span class='ocr_line' id='line_1_102' title="bbox 1979 4091 3621 4165; baseline -0.001 -16"><span class='ocrx_word' id='word_1_742' title='bbox 1979 4101 2132 4149; x_wconf 85' lang='lat' dir='ltr'>tasse</span> <span class='ocrx_word' id='word_1_743' title='bbox 2160 4111 2172 4148; x_wconf 90' lang='lat'><strong>:</strong></span> <span class='ocrx_word' id='word_1_744' title='bbox 2206 4095 2424 4165; x_wconf 89' lang='lat' dir='ltr'>quippe</span> <span class='ocrx_word' id='word_1_745' title='bbox 2457 4093 2528 4147; x_wconf 93' lang='lat' dir='ltr'>de</span> <span class='ocrx_word' id='word_1_746' title='bbox 2560 4093 2716 4165; x_wconf 88' lang='lat' dir='ltr'>ligno</span> <span class='ocrx_word' id='word_1_747' title='bbox 2749 4093 2995 4164; x_wconf 83' lang='lat' dir='ltr'>ﬁgurato</span> <span class='ocrx_word' id='word_1_748' title='bbox 3027 4091 3259 4147; x_wconf 89' lang='lat' dir='ltr'>medius</span> <span class='ocrx_word' id='word_1_749' title='bbox 3298 4110 3621 4164; x_wconf 89' lang='lat' dir='ltr'>suspensus</span> 
     </span>
    </p>
   </div>
   <div class='ocr_carea' id='block_1_102' title="bbox 1976 4182 3622 4255">
    <p class='ocr_par' dir='ltr' id='par_1_102' title="bbox 1976 4182 3622 4255">
     <span class='ocr_line' id='line_1_103' title="bbox 1976 4182 3622 4255; baseline -0.001 -17"><span class='ocrx_word' id='word_1_750' title='bbox 1976 4184 2077 4238; x_wconf 91' lang='lat' dir='ltr'>ille</span> <span class='ocrx_word' id='word_1_751' title='bbox 2110 4199 2400 4251; x_wconf 87' lang='lat' dir='ltr'>racemus,</span> <span class='ocrx_word' id='word_1_752' title='bbox 2432 4199 2499 4237; x_wconf 92' lang='lat' dir='ltr'>ac</span> <span class='ocrx_word' id='word_1_753' title='bbox 2528 4182 2780 4236; x_wconf 91' lang='lat' dir='ltr'>duorum</span> <span class='ocrx_word' id='word_1_754' title='bbox 2813 4182 3070 4236; x_wconf 89' lang='lat' dir='ltr'>virorum</span> <span class='ocrx_word' id='word_1_755' title='bbox 3113 4183 3377 4236; x_wconf 90' lang='lat' dir='ltr'>humeris</span> <span class='ocrx_word' id='word_1_756' title='bbox 3429 4189 3622 4255; x_wconf 87' lang='lat' dir='ltr'>gesta-</span> 
     </span>
    </p>
   </div>
   <div class='ocr_carea' id='block_1_103' title="bbox 1979 4270 3622 4334">
    <p class='ocr_par' dir='ltr' id='par_1_103' title="bbox 1979 4270 3622 4334">
     <span class='ocr_line' id='line_1_104' title="bbox 1979 4270 3622 4334; baseline 0 -8"><span class='ocrx_word' id='word_1_757' title='bbox 1979 4278 2092 4334; x_wconf 85' lang='lat' dir='ltr'>tus.</span> <span class='ocrx_word' id='word_1_758' title='bbox 2125 4271 2454 4326; x_wconf 84' lang='lat' dir='ltr'>ubertatem</span> <span class='ocrx_word' id='word_1_759' title='bbox 2487 4287 2668 4324; x_wconf 66' lang='lat' dir='ltr'>sacrae</span> <span class='ocrx_word' id='word_1_760' title='bbox 2691 4271 2862 4325; x_wconf 88' lang='lat' dir='ltr'>istius</span> <span class='ocrx_word' id='word_1_761' title='bbox 2885 4275 3055 4324; x_wconf 63' lang='lat' dir='ltr'>terrae</span> <span class='ocrx_word' id='word_1_762' title='bbox 3079 4270 3354 4326; x_wconf 89' lang='lat' dir='ltr'>omnibus</span> <span class='ocrx_word' id='word_1_763' title='bbox 3383 4271 3622 4326; x_wconf 90' lang='lat' dir='ltr'>demon-</span> 
     </span>
    </p>
   </div>
   <div class='ocr_carea' id='block_1_104' title="bbox 1977 4359 3622 4425">
    <p class='ocr_par' dir='ltr' id='par_1_104' title="bbox 1977 4359 3622 4425">
     <span class='ocr_line' id='line_1_105' title="bbox 1977 4359 3622 4425; baseline 0.001 -11"><span class='ocrx_word' id='word_1_764' title='bbox 1977 4361 2200 4415; x_wconf 85' lang='lat' dir='ltr'>stravit.</span> <span class='ocrx_word' id='word_1_765' title='bbox 2243 4362 2355 4414; x_wconf 86' lang='lat' dir='ltr'>Per</span> <span class='ocrx_word' id='word_1_766' title='bbox 2383 4360 2534 4413; x_wconf 91' lang='lat' dir='ltr'>hanc</span> <span class='ocrx_word' id='word_1_767' title='bbox 2565 4360 2678 4413; x_wconf 87' lang='lat' dir='ltr'>iter</span> <span class='ocrx_word' id='word_1_768' title='bbox 2707 4359 2931 4413; x_wconf 83' lang='lat' dir='ltr'>faciens</span> <span class='ocrx_word' id='word_1_769' title='bbox 2965 4359 3316 4425; x_wconf 83' lang='lat' dir='ltr'>Alexander,</span> <span class='ocrx_word' id='word_1_770' title='bbox 3348 4361 3622 4415; x_wconf 86' lang='lat' dir='ltr'>arbores-</span> 
     </span>
    </p>
   </div>
   <div class='ocr_carea' id='block_1_105' title="bbox 1977 4449 3622 4521">
    <p class='ocr_par' dir='ltr' id='par_1_105' title="bbox 1977 4449 3622 4521">
     <span class='ocr_line' id='line_1_106' title="bbox 1977 4449 3622 4521; baseline 0.001 -17"><span class='ocrx_word' id='word_1_771' title='bbox 1977 4467 2091 4521; x_wconf 86' lang='lat' dir='ltr'>que</span> <span class='ocrx_word' id='word_1_772' title='bbox 2144 4450 2348 4503; x_wconf 86' lang='lat' dir='ltr'>videns</span> <span class='ocrx_word' id='word_1_773' title='bbox 2400 4449 2728 4520; x_wconf 76' lang='lat' dir='ltr'>frugiferas,</span> <span class='ocrx_word' id='word_1_774' title='bbox 2788 4454 2964 4518; x_wconf 90' lang='lat' dir='ltr'>atque</span> <span class='ocrx_word' id='word_1_775' title='bbox 3046 4449 3202 4504; x_wconf 89' lang='lat' dir='ltr'>inter</span> <span class='ocrx_word' id='word_1_776' title='bbox 3258 4449 3373 4504; x_wconf 87' lang='lat' dir='ltr'>alia</span> <span class='ocrx_word' id='word_1_777' title='bbox 3430 4453 3622 4505; x_wconf 89' lang='lat' dir='ltr'>rutam</span> 
     </span>
    </p>
   </div>
   <div class='ocr_carea' id='block_1_106' title="bbox 1981 4537 3626 4608">
    <p class='ocr_par' dir='ltr' id='par_1_106' title="bbox 1981 4537 3626 4608">
     <span class='ocr_line' id='line_1_107' title="bbox 1981 4537 3626 4608; baseline -0.001 -14"><span class='ocrx_word' id='word_1_778' title='bbox 1981 4539 2293 4594; x_wconf 88' lang='lat' dir='ltr'>altitudine</span> <span class='ocrx_word' id='word_1_779' title='bbox 2309 4555 2376 4592; x_wconf 87' lang='lat' dir='ltr'>ac</span> <span class='ocrx_word' id='word_1_780' title='bbox 2388 4537 2777 4608; x_wconf 84' lang='lat' dir='ltr'>amplitudine</span> <span class='ocrx_word' id='word_1_781' title='bbox 2793 4538 2929 4591; x_wconf 83' lang='lat' dir='ltr'>ficui</span> <span class='ocrx_word' id='word_1_782' title='bbox 2944 4539 3217 4592; x_wconf 63' lang='lat' dir='ltr'>aemulam</span> <span class='ocrx_word' id='word_1_783' title='bbox 3229 4540 3626 4606; x_wconf 87' lang='lat' dir='ltr'>,vehementer</span> 
     </span>
    </p>
   </div>
   <div class='ocr_carea' id='block_1_107' title="bbox 1987 4627 3623 4698">
    <p class='ocr_par' dir='ltr' id='par_1_107' title="bbox 1987 4627 3623 4698">
     <span class='ocr_line' id='line_1_108' title="bbox 1987 4627 3623 4698; baseline -0.001 -15"><span class='ocrx_word' id='word_1_784' title='bbox 1987 4629 2096 4683; x_wconf 91' lang='lat' dir='ltr'>soli</span> <span class='ocrx_word' id='word_1_785' title='bbox 2156 4628 2310 4682; x_wconf 88' lang='lat' dir='ltr'>illius</span> <span class='ocrx_word' id='word_1_786' title='bbox 2363 4627 2732 4682; x_wconf 87' lang='lat' dir='ltr'>fertilitatem</span> <span class='ocrx_word' id='word_1_787' title='bbox 2789 4633 2967 4697; x_wconf 88' lang='lat' dir='ltr'>atque</span> <span class='ocrx_word' id='word_1_788' title='bbox 3035 4628 3454 4698; x_wconf 80' lang='lat' dir='ltr'>pinguedinem</span> <span class='ocrx_word' id='word_1_789' title='bbox 3515 4633 3623 4695; x_wconf 88' lang='lat' dir='ltr'>est,</span> 
     </span>
    </p>
   </div>
   <div class='ocr_carea' id='block_1_108' title="bbox 1975 4715 3626 4787">
    <p class='ocr_par' dir='ltr' id='par_1_108' title="bbox 1975 4715 3626 4787">
     <span class='ocr_line' id='line_1_109' title="bbox 1975 4715 3626 4787; baseline 0 -14"><span class='ocrx_word' id='word_1_790' title='bbox 1975 4717 2301 4773; x_wconf 83' lang='lat' dir='ltr'>admiratus</span> <span class='ocrx_word' id='word_1_791' title='bbox 2357 4719 2646 4771; x_wconf 72' lang='lat' dir='ltr'>Prmterea</span> <span class='ocrx_word' id='word_1_792' title='bbox 2677 4715 2968 4786; x_wconf 90' lang='lat' dir='ltr'>plurimus</span> <span class='ocrx_word' id='word_1_793' title='bbox 3009 4716 3087 4770; x_wconf 90' lang='lat' dir='ltr'>ibi</span> <span class='ocrx_word' id='word_1_794' title='bbox 3121 4717 3484 4787; x_wconf 89' lang='lat' dir='ltr'>opobalsami</span> <span class='ocrx_word' id='word_1_795' title='bbox 3538 4725 3626 4773; x_wconf 87' lang='lat' dir='ltr'>est</span> 
     </span>
    </p>
   </div>
   <div class='ocr_carea' id='block_1_109' title="bbox 1978 4805 3621 4877">
    <p class='ocr_par' dir='ltr' id='par_1_109' title="bbox 1978 4805 3621 4877">
     <span class='ocr_line' id='line_1_110' title="bbox 1978 4805 3621 4877; baseline -0.002 -15"><span class='ocrx_word' id='word_1_796' title='bbox 1978 4825 2045 4862; x_wconf 80' lang='lat' dir='ltr'>ex</span> <span class='ocrx_word' id='word_1_797' title='bbox 2076 4806 2308 4861; x_wconf 88' lang='lat' dir='ltr'>cultura</span> <span class='ocrx_word' id='word_1_798' title='bbox 2338 4810 2677 4877; x_wconf 82' lang='lat' dir='ltr'>proventus.</span> <span class='ocrx_word' id='word_1_799' title='bbox 2711 4805 3080 4875; x_wconf 84' lang='lat' dir='ltr'>aliorumque</span> <span class='ocrx_word' id='word_1_800' title='bbox 3137 4806 3456 4860; x_wconf 90' lang='lat' dir='ltr'>multorum</span> <span class='ocrx_word' id='word_1_801' title='bbox 3491 4822 3621 4875; x_wconf 74' lang='lat' dir='ltr'>quea</span> 
     </span>
    </p>
   </div>
   <div class='ocr_carea' id='block_1_110' title="bbox 1977 4893 3622 4968">
    <p class='ocr_par' dir='ltr' id='par_1_110' title="bbox 1977 4893 3622 4968">
     <span class='ocr_line' id='line_1_111' title="bbox 1977 4893 3622 4968; baseline -0.002 -17"><span class='ocrx_word' id='word_1_802' title='bbox 1977 4902 2184 4968; x_wconf 86' lang='lat' dir='ltr'>paratu</span> <span class='ocrx_word' id='word_1_803' title='bbox 2210 4894 2494 4961; x_wconf 82' lang='lat' dir='ltr'>difficilia,</span> <span class='ocrx_word' id='word_1_804' title='bbox 2529 4893 2869 4948; x_wconf 89' lang='lat' dir='ltr'>hominibus</span> <span class='ocrx_word' id='word_1_805' title='bbox 2899 4899 3044 4948; x_wconf 88' lang='lat' dir='ltr'>sunt</span> <span class='ocrx_word' id='word_1_806' title='bbox 3064 4894 3432 4950; x_wconf 87' lang='lat' dir='ltr'>charissima.</span> <span class='ocrx_word' id='word_1_807' title='bbox 3461 4895 3622 4948; x_wconf 87' lang='lat' dir='ltr'>Hanc</span> 
     </span>
    </p>
   </div>
   <div class='ocr_carea' id='block_1_111' title="bbox 1976 4982 3620 5056">
    <p class='ocr_par' dir='ltr' id='par_1_111' title="bbox 1976 4982 3620 5056">
     <span class='ocr_line' id='line_1_112' title="bbox 1976 4982 3620 5056; baseline -0.001 -16"><span class='ocrx_word' id='word_1_808' title='bbox 1976 4985 2173 5056; x_wconf 88' lang='lat' dir='ltr'>itaque</span> <span class='ocrx_word' id='word_1_809' title='bbox 2204 4989 2444 5047; x_wconf 88' lang='lat' dir='ltr'>terram,</span> <span class='ocrx_word' id='word_1_810' title='bbox 2486 4987 2551 5037; x_wconf 93' lang='lat' dir='ltr'>ut</span> <span class='ocrx_word' id='word_1_811' title='bbox 2580 4982 2859 5037; x_wconf 85' lang='lat' dir='ltr'>eximiam</span> <span class='ocrx_word' id='word_1_812' title='bbox 2891 4988 2949 5037; x_wconf 90' lang='lat' dir='ltr'>et</span> <span class='ocrx_word' id='word_1_813' title='bbox 3011 4982 3104 5037; x_wconf 91' lang='lat' dir='ltr'>cui</span> <span class='ocrx_word' id='word_1_814' title='bbox 3155 4983 3406 5038; x_wconf 89' lang='lat' dir='ltr'>conferri</span> <span class='ocrx_word' id='word_1_815' title='bbox 3455 4984 3620 5039; x_wconf 90' lang='lat' dir='ltr'>nulla</span> 
     </span>
    </p>
   </div>
   <div class='ocr_carea' id='block_1_112' title="bbox 1976 5070 3622 5143">
    <p class='ocr_par' dir='ltr' id='par_1_112' title="bbox 1976 5070 3622 5143">
     <span class='ocr_line' id='line_1_113' title="bbox 1976 5070 3622 5143; baseline 0 -14"><span class='ocrx_word' id='word_1_816' title='bbox 1976 5074 2093 5130; x_wconf 89' lang='lat' dir='ltr'>alia</span> <span class='ocrx_word' id='word_1_817' title='bbox 2115 5077 2433 5139; x_wconf 87' lang='lat' dir='ltr'>mereatur,</span> <span class='ocrx_word' id='word_1_818' title='bbox 2456 5071 2876 5126; x_wconf 89' lang='lat' dir='ltr'>convenienter</span> <span class='ocrx_word' id='word_1_819' title='bbox 2895 5072 3048 5126; x_wconf 89' lang='lat' dir='ltr'>Deus</span> <span class='ocrx_word' id='word_1_820' title='bbox 3069 5070 3285 5125; x_wconf 89' lang='lat' dir='ltr'>dilecto</span> <span class='ocrx_word' id='word_1_821' title='bbox 3317 5087 3422 5126; x_wconf 87' lang='lat' dir='ltr'>suo</span> <span class='ocrx_word' id='word_1_822' title='bbox 3445 5077 3622 5143; x_wconf 84' lang='lat' dir='ltr'>atque</span> 
     </span>
    </p>
   </div>
   <div class='ocr_carea' id='block_1_113' title="bbox 1977 5158 3622 5233">
    <p class='ocr_par' dir='ltr' id='par_1_113' title="bbox 1977 5158 3622 5233">
     <span class='ocr_line' id='line_1_114' title="bbox 1977 5158 3622 5233; baseline 0.001 -17"><span class='ocrx_word' id='word_1_823' title='bbox 1977 5161 2367 5233; x_wconf 80' lang='lat' dir='ltr'>primogenito</span> <span class='ocrx_word' id='word_1_824' title='bbox 2414 5159 2535 5214; x_wconf 81' lang='lat' dir='ltr'>filio</span> <span class='ocrx_word' id='word_1_825' title='bbox 2594 5158 2959 5212; x_wconf 73' lang='lat' dir='ltr'>hmreditatis</span> <span class='ocrx_word' id='word_1_826' title='bbox 3016 5159 3145 5212; x_wconf 92' lang='lat' dir='ltr'>loco</span> <span class='ocrx_word' id='word_1_827' title='bbox 3204 5159 3622 5228; x_wconf 89' lang='lat' dir='ltr'>possidendam</span> 
     </span>
    </p>
   </div>
   <div class='ocr_carea' id='block_1_114' title="bbox 1975 5245 3625 5321">
    <p class='ocr_par' dir='ltr' id='par_1_114' title="bbox 1975 5245 3625 5321">
     <span class='ocr_line' id='line_1_115' title="bbox 1975 5245 3625 5321; baseline 0.001 -16"><span class='ocrx_word' id='word_1_828' title='bbox 1975 5250 2406 5320; x_wconf 86' lang='lat' dir='ltr'>fruendamque</span> <span class='ocrx_word' id='word_1_829' title='bbox 2437 5247 2618 5303; x_wconf 88' lang='lat' dir='ltr'>dedit.</span> <span class='ocrx_word' id='word_1_830' title='bbox 2670 5245 3002 5301; x_wconf 83' lang='lat' dir='ltr'>Introduxit</span> <span class='ocrx_word' id='word_1_831' title='bbox 3049 5247 3209 5302; x_wconf 88' lang='lat' dir='ltr'>enim</span> <span class='ocrx_word' id='word_1_832' title='bbox 3258 5245 3394 5316; x_wconf 77' lang='lat' dir='ltr'>eos,</span> <span class='ocrx_word' id='word_1_833' title='bbox 3428 5248 3625 5321; x_wconf 89' lang='lat' dir='ltr'>inquit</span> 
     </span>
    </p>
   </div>
   <div class='ocr_carea' id='block_1_115' title="bbox 1979 5335 3621 5409">
    <p class='ocr_par' dir='ltr' id='par_1_115' title="bbox 1979 5335 3621 5409">
     <span class='ocr_line' id='line_1_116' title="bbox 1979 5335 3621 5409; baseline 0 -15"><span class='ocrx_word' id='word_1_834' title='bbox 1979 5339 2299 5408; x_wconf 88' lang='lat' dir='ltr'>Scriptura,</span> <span class='ocrx_word' id='word_1_835' title='bbox 2351 5338 2408 5391; x_wconf 91' lang='lat' dir='ltr'>in</span> <span class='ocrx_word' id='word_1_836' title='bbox 2460 5353 2596 5391; x_wconf 88' lang='lat' dir='ltr'>eum</span> <span class='ocrx_word' id='word_1_837' title='bbox 2645 5339 2909 5391; x_wconf 87' lang='lat' dir='ltr'>montem</span> <span class='ocrx_word' id='word_1_838' title='bbox 2962 5351 3139 5404; x_wconf 90' lang='lat' dir='ltr'>quem</span> <span class='ocrx_word' id='word_1_839' title='bbox 3181 5335 3386 5392; x_wconf 85' lang='lat' dir='ltr'>dextra</span> <span class='ocrx_word' id='word_1_840' title='bbox 3434 5339 3621 5409; x_wconf 89' lang='lat' dir='ltr'>ipsius</span> 
     </span>
    </p>
   </div>
   <div class='ocr_carea' id='block_1_116' title="bbox 1978 5424 3622 5495">
    <p class='ocr_par' dir='ltr' id='par_1_116' title="bbox 1978 5424 3622 5495">
     <span class='ocr_line' id='line_1_117' title="bbox 1978 5424 3622 5495; baseline 0.002 -14"><span class='ocrx_word' id='word_1_841' title='bbox 1978 5425 2324 5481; x_wconf 88' lang='lat' dir='ltr'>condiderat</span> <span class='ocrx_word' id='word_1_842' title='bbox 2347 5426 2408 5479; x_wconf 77' lang='grc'>¹⁸.</span> <span class='ocrx_word' id='word_1_843' title='bbox 2444 5427 2647 5494; x_wconf 88' lang='lat' dir='ltr'>Itaque</span> <span class='ocrx_word' id='word_1_844' title='bbox 2679 5440 2814 5495; x_wconf 88' lang='lat' dir='ltr'>ergo</span> <span class='ocrx_word' id='word_1_845' title='bbox 2847 5424 2907 5477; x_wconf 92' lang='lat' dir='ltr'>in</span> <span class='ocrx_word' id='word_1_846' title='bbox 2955 5429 3159 5478; x_wconf 88' lang='lat' dir='ltr'>sancta</span> <span class='ocrx_word' id='word_1_847' title='bbox 3188 5425 3297 5480; x_wconf 91' lang='lat' dir='ltr'>hac</span> <span class='ocrx_word' id='word_1_848' title='bbox 3345 5431 3403 5480; x_wconf 88' lang='lat' dir='ltr'>et</span> <span class='ocrx_word' id='word_1_849' title='bbox 3449 5427 3622 5485; x_wconf 85' lang='lat' dir='ltr'>beata</span> 
     </span>
    </p>
   </div>
   <div class='ocr_carea' id='block_1_117' title="bbox 1975 5512 3620 5588">
    <p class='ocr_par' dir='ltr' id='par_1_117' title="bbox 1975 5512 3620 5588">
     <span class='ocr_line' id='line_1_118' title="bbox 1975 5512 3620 5588; baseline 0.002 -17"><span class='ocrx_word' id='word_1_850' title='bbox 1975 5516 2248 5588; x_wconf 86' lang='lat' dir='ltr'>bonaque</span> <span class='ocrx_word' id='word_1_851' title='bbox 2283 5522 2439 5571; x_wconf 89' lang='lat' dir='ltr'>terra</span> <span class='ocrx_word' id='word_1_852' title='bbox 2468 5514 2886 5587; x_wconf 71' lang='lat' dir='ltr'>promissionis</span> <span class='ocrx_word' id='word_1_853' title='bbox 2917 5512 3301 5570; x_wconf 87' lang='lat' dir='ltr'>multifariam</span> <span class='ocrx_word' id='word_1_854' title='bbox 3334 5533 3402 5572; x_wconf 90' lang='lat' dir='ltr'>ac</span> <span class='ocrx_word' id='word_1_855' title='bbox 3445 5519 3620 5574; x_wconf 85' lang='lat' dir='ltr'>variis</span> 
     </span>
    </p>
   </div>
  </div>
