4148 6212
474 374 597 439 819

1792 371 2196 435 GEORGIGII
2237 370 2549 434 CEDREN
2555 372 2584 432 Ι

3785 365 3911 428 820

481 510 675 567 modis
704 510 847 567 olim
879 511 1032 564 Deus
1064 508 1317 564 Verbum
1349 507 1581 564 vatibus
1630 525 1760 564 sese
1808 506 2128 564 videndum

2242 502 2482 577 ὁραθεὶς,
2511 502 2824 575 θεοπρεπῶς
2871 521 2930 556 τε
2992 502 3089 562 τάς
3145 500 3433 577 θεοφανίας
3490 501 3890 574 ποιησάμενος,

485 598 775 667 exhibuit,
799 613 1037 668 suaeque
1060 597 1331 653 essentia:
1352 596 1776 655 convenienter
1800 597 2105 669 apparitio
2120 625 2136 638 -

490 706 599 746 nes
630 688 754 754 Dei,
786 691 1085 759 operatus,
1118 687 1200 742 ita
1215 686 1395 742 dixit:
1428 689 1544 759 Ego
1565 688 1968 760 apparitiones
1983 687 2140 742 mul-

492 776 774 850 tiplicavi,
807 781 864 832 et
892 776 1050 831 inter
1085 792 1300 832 manus
1348 781 1545 832 vatum
1592 777 1861 834 initiatus
1905 794 2036 833 sum
2070 776 2136 832 η.

485 867 651 925 Idem
680 866 755 924 ad
786 871 1118 922 extremum
1144 882 1382 922 carnem
1412 872 1669 939 gestans,
1694 867 1850 923 inter
1869 868 2140 925 homines

487 956 802 1031 perspicue
832 960 923 1011 est
951 958 1235 1011 versatus.
1269 954 1329 1010 id
1378 972 1616 1027 quoque
1669 957 1975 1012 oraculum
2023 957 2139 1012 im-

486 1045 906 1118 plcnszMater
953 1043 1114 1111 Sion,
1172 1044 1331 1100 dicet
1378 1044 1575 1112 homo,
1622 1050 1680 1100 et
1725 1046 1904 1100 homo
1954 1046 2016 1101 in
2068 1063 2138 1102 ea

485 1140 665 1192 natus
694 1139 803 1190 est.
837 1133 965 1205 Ipse
996 1132 1334 1189 Altissimus
1363 1132 1751 1190 tundamenta
1798 1135 1928 1206 ejus
1978 1135 2139 1191 loca-

488 1223 652 1281 vit“.
684 1222 903 1279 Eadem
934 1222 996 1277 in
1027 1220 1266 1295 regione
1288 1222 1548 1279 salutare
1576 1222 1724 1278 obiit
1752 1224 2135 1296 supplicium,

490 1329 680 1386 eoque
703 1313 811 1369 toti
831 1311 1055 1367 mundo
1078 1311 1332 1369 salutem
1353 1312 1595 1384 paravit.
1611 1314 1742 1385 Ipse
1763 1313 1911 1371 adeo
1939 1313 2140 1370 Domi-

487 1420 604 1459 nus
634 1400 1043 1473 Ilierosolyma
1071 1417 1174 1457 cor
1205 1402 1355 1458 149
1388 1407 1559 1457 terrae
1617 1402 1953 1474 appellavit,
2002 1420 2138 1460 cum

490 1492 755 1548 diceret:
784 1490 947 1547 Sicut
975 1489 1133 1545 enim
1163 1492 1339 1547 Ionas
1369 1490 1432 1546 in
1462 1497 1664 1547 ventre
1693 1492 1807 1548 ceti
1856 1492 1968 1549 fuit
2018 1498 2138 1552 tres

492 1580 622 1637 dies
651 1578 1016 1651 totidemque
1048 1584 1275 1649 noctes,
1319 1581 1403 1636 sic
1443 1585 1503 1636 et
1544 1581 1727 1637 Filius
1772 1582 2034 1638 hominis
2075 1583 2138 1639 in

491 1674 696 1726 ventre
727 1674 900 1725 terra:
930 1667 1301 1725 tantumdem
1358 1671 1643 1742 temporis
1692 1671 2022 1727 morabitur
2068 1670 2134 1727 ‘7.

489 1759 635 1815 Inde
666 1762 727 1814 et
753 1757 922 1814 divus
951 1758 1403 1830 Chrysostomus
1434 1759 1559 1815 bene
1588 1758 1765 1815 verba
1813 1760 2132 1833 explicans,

2243 585 2449 665 ἔλεγεν·
2485 590 2631 666 Ἐγὼ
2661 590 2876 665 ὁράσεις
2917 587 3198 662 έπλήθυνα
3254 590 3346 644 καὶ
3401 589 3454 645 έν
3487 591 3649 670 χερσὶ
3677 611 3900 669 προφη-

2239 684 2346 736 τῶν
2411 678 2681 753 έμυήθην.
2739 680 2859 737 Ἐπ’
2914 677 3162 756 ἐσχάτων
3221 677 3278 735 δὲ
3345 680 3685 757 σαρκοφόρος
3733 678 3893 758 ὤφθη

2241 768 2330 824 καὶ
2367 773 2484 830 τοῖς
2514 768 2825 844 ἀνθρώποις
2856 767 3284 846 συνανεστράφη,
3314 767 3617 844 πληρώσας
3670 771 3763 825 καὶ
3809 772 3895 839 τὸ,

2241 859 2443 932 Μήτηρ
2475 858 2636 929 Σιὼν,
2668 857 2782 934 ἐρεῖ
2810 854 3116 933 ἅνθρωπος,
3147 858 3237 911 καὶ
3297 857 3583 934 ἅνθρωπος
3624 858 3893 932 ἐγεννήθη

2240 945 2294 1002 έν
2314 948 2474 1023 αὐτῇ,
2523 947 2613 1002 καὶ
2653 946 2813 1009 αὐτὸς
2882 946 3244 1021 έθεμελίωσεν
3301 949 3474 1017 αὐτὴν
3534 948 3563 1002 6
3613 949 3896 1021 Ὕψιστος.

2241 1037 2330 1093 Ἐν
2434 1036 2522 1091 καὶ
2583 1037 2646 1093 τὸ
2707 1038 2978 1112 σωτήριον
3036 1036 3325 1110 ὑπομείνας
3376 1038 3548 1101 πάθος
3601 1038 3701 1105 τήν
3758 1059 3900 1114 παγ-

2238 1127 2472 1198 κόσμιον
2522 1124 2812 1204 εῗργάσατο
2870 1125 3166 1201 σωτηρίαν.
3232 1125 3398 1189 Αὐτὸς
3451 1126 3557 1201 γὰρ
3614 1126 3641 1180 6
3700 1126 3904 1201 Κύριος

2239 1211 2460 1289 καρδίαν
2509 1221 2610 1285 τῆς
2659 1221 2761 1290 γῆς
2820 1212 3043 1270 ἐκάλεσε
3097 1215 3199 1284 τὴν
3252 1213 3637 1290 Ἰερουσαλήμ·
3689 1217 3903 1289 Ὠσπερ

2239 1305 2326 1376 [Ρ.
2358 1308 2487 1379 428]
2517 1305 2621 1380 γὰρ
2653 1308 2718 1375 ἦν
2752 1307 2938 1366 Ἰωνᾶς
2959 1304 3011 1360 ἐν
3038 1308 3107 1373 τῇ
3123 1303 3315 1377 κοιλίᾳ
3332 1309 3429 1359 τοῦ
3457 1308 3659 1377 κήτους
3682 1306 3902 1381 ἡμέρας

2238 1401 2383 1472 τρεῖς
2409 1394 2500 1451 καὶ
2527 1400 2676 1472 τρεῖς
2703 1395 2918 1469 νύκτας,
2945 1395 3119 1461 οὕτως
3147 1390 3293 1451 ἔσται
3321 1395 3411 1451 καὶ
3463 1396 3494 1452 6
3522 1397 3649 1462 Υἱὸς
3673 1402 3775 1453 τοῦ
3804 1397 3903 1453 ἆν-

2239 1484 2461 1561 θρώπου
2491 1484 2542 1540 έν
2573 1490 2642 1560 τῇ
2672 1482 2860 1557 κοιλίᾳ
2895 1492 2995 1555 τῆς
3025 1492 3129 1561 γῆς
3161 1491 3307 1561 τρεῖς
3372 1485 3584 1560 ἡμέρας
3628 1487 3719 1541 καὶ
3748 1493 3902 1562 τρεῖς

2246 1573 2463 1637 νύκτας.
2493 1575 2652 1632 ’Ὁθεν
2682 1574 2772 1628 καὶ
2830 1575 2859 1628 6
2916 1576 3059 1637 θεῖος
3114 1574 3505 1649 Χρυσόστομος
3557 1575 3635 1636 εὶς
3689 1576 3755 1630 τὸ
3786 1575 3897 1655 φά-

2247 1682 2373 1718 σκον
2408 1662 2595 1740 ῥητὸν,
2625 1664 2724 1720 Ἐκ
2781 1663 2925 1718 Σιὼν
2954 1665 2990 1733 ἡ
3051 1661 3340 1739 εὐπρέπεια
3388 1671 3491 1733 τῆς
3548 1661 3897 1740 ὡραιότητος

2240 1752 2428 1822 αὐτοῦ,
2459 1752 2613 1833 φησί’
2643 1752 2747 1809 Καὶ
2771 1753 2872 1829 γὰρ
2930 1752 3018 1808 ἐπὶ
3070 1761 3173 1824 τῆς
3204 1753 3442 1817 παλαιᾶς
3487 1752 3687 1811 ἒκεῖθεν
3721 1755 3899 1831 γέγο-

489 1852 580 1905 Ex
607 1849 772 1905 Sione
798 1849 962 1904 decor
986 1850 1288 1903 venustatis
1311 1849 1453 1918 ejus,
1482 1849 1564 1904 ita
1595 1849 1835 1907 scribit:
1893 1851 2038 1906 Nam
2077 1857 2133 1909 et

2238 1862 2319 1896 νεν
2347 1844 2383 1912 ἡ
2413 1846 2511 1898 τοῦ
2542 1847 2676 1900 Θεοῦ
2706 1842 3018 1919 εὐπρέπεια,
3070 1844 3187 1899 οἷον
3245 1843 3275 1899 6
3334 1843 3550 1919 βωμὸς,
3578 1845 3648 1900 τὰ
3672 1847 3745 1900 ’Ἃ
3807 1865 3901 1900 ux-

489 1943 685 1994 vetere
707 1936 958 1993 durante
984 1935 1201 1992 foedere
1223 1936 1360 1992 inde
1382 1937 1561 1993 decus
1582 1938 1685 1993 Dei
1703 1955 1832 1995 sese
1850 1940 2131 2010 exseruit,

486 2032 554 2084 ut
577 2043 702 2092 ara,
723 2030 790 2082 ut
808 2025 1115 2104 penetrale
1144 2025 1467 2082 sacrarium
1503 2043 1831 2100 omnesque
1861 2045 2133 2086 caaremo-

486 2116 603 2172 nias
633 2120 693 2171 et
719 2114 979 2187 antiquae
1008 2113 1154 2187 legis
1183 2114 1641 2184 administratio,
1667 2120 1793 2171 tum
1817 2117 2132 2175 multitudo

488 2203 883 2268 sacerdotum,
918 2202 1295 2269 sacriﬁcium,
1331 2203 1520 2260 solida
1548 2205 1761 2271 hostia,
1802 2222 1970 2262 sacra
2009 2224 2132 2263 car-

487 2294 671 2363 mina,
696 2292 1003 2349 cantiones
1034 2292 1419 2364 psalmorum.
1451 2294 1603 2360 Quin
1636 2300 1695 2350 et
1750 2295 1948 2352 futura
1977 2314 2130 2368 quaa-

491 2399 725 2454 cunque
756 2385 976 2451 essent,
1008 2381 1147 2438 inde
1178 2384 1509 2455 perscripta
1549 2390 1688 2441 sunt
1735 2387 2011 2444 oraculis.
2060 2390 2133 2445 At

486 2476 801 2544 postquam
859 2469 1288 2542 promissorum
1345 2473 1560 2529 veritas
1611 2475 1878 2531 exhiberi
1933 2479 2128 2550 saepit,

488 2560 618 2634 ejus
647 2576 882 2633 quoque
907 2560 993 2615 rei
1026 2560 1197 2616 initia
1229 2560 1307 2616 ibi
1339 2562 1595 2619 fuerunt.
1631 2564 1771 2620 Inde
1801 2583 1943 2622 crux
1966 2568 2133 2624 etl‘ul-

490 2651 588 2721 sit,
643 2650 783 2705 inde
840 2650 1157 2706 innumera
1209 2650 1315 2707 illa
1378 2652 1783 2723 pulcherrima
1843 2655 2130 2713 facinora.

488 2738 714 2796 Idcirco
764 2744 823 2797 et
878 2738 950 2793 de
1009 2739 1336 2809 posteriore
1391 2740 1607 2797 Christi
1663 2742 1859 2816 legum
1912 2745 2132 2802 latione

487 2843 739 2900 magnus
764 2826 866 2881 ille
892 2826 1073 2882 Isaias
1094 2827 1178 2883 sic
1202 2826 1390 2884 fatur:
1415 2831 1497 2884 Ex
1521 2830 1695 2887 Sione
1725 2832 1822 2888 lex
1850 2835 2130 2906 prodibit,

491 2921 551 2972 et
579 2931 775 2971 sermo
804 2914 908 2970 Dei
941 2931 1012 2970 ex
1050 2915 1490 2989 Hierosolymis,
1531 2935 1598 2975 ac
1637 2919 1932 2991 judicium
1982 2924 2137 2980 inter

486 3009 694 3079 gentes
712 3002 866 3060 feret
892 3002 1155 3060 “ﬁSionis
1173 3006 1333 3061 enim
1355 3008 1597 3064 nomine
1620 3008 1703 3064 ibi
1717 3013 1900 3067 totam
1921 3012 2139 3070 intelli.

487 3094 572 3169 git
600 3093 902 3166 regionem
933 3109 1003 3150 ac
1028 3093 1082 3149 ei
1112 3081 1483 3165 adjacentem
1529 3097 1744 3154 Iudaeae
1788 3101 2134 3172 primariam

484 3181 716 3239 urbem.
748 3180 913 3248 Inde,
946 3181 1124 3238 veluti
1163 3185 1501 3240 carceribus
1530 3186 1605 3242 ad
1645 3203 1883 3243 cursum
1933 3191 2131 3248 idonei

2237 1936 2345 1987 τῶν
2378 1931 2568 2007 ἁγίων,
2599 1935 2634 2003 ἡ
2669 1932 2895 2009 λατρεία
2923 1938 3066 1989 πᾶσα
3095 1934 3185 1990 καὶ
3244 1935 3277 2003 ἡ
3318 1931 3571 1989 πολιτεία
3625 1935 3726 2005 τῆς
3780 1956 3899 1989 πα-

2240 2018 2400 2081 λαιᾶς
2431 2019 2772 2094 νομοθεσίας,
2802 2020 2893 2076 καί
2952 2021 3139 2097 ἱερέων
3196 2021 3411 2092 πλῆθος
3468 2021 3556 2077 καὶ
3617 2021 3777 2085 θυσία
3803 2024 3903 2078 καὶ

2240 2107 2614 2172 ὀλοκαύτωσις
2670 2110 2761 2165 καὶ
2822 2109 2984 2185 ὕμνοι
3060 2109 3199 2185 ἱεροὶ
3282 2111 3371 2165 καὶ
3431 2109 3756 2185 ψαλμῳδίαι
3804 2112 3901 2166 καὶ

2234 2197 2409 2253 πάντα
2435 2199 2502 2253 τὰ
2530 2197 2752 2269 ἐκεῖθεν,
2798 2199 2886 2254 καὶ
2946 2200 3013 2254 τὰ
3066 2198 3344 2273 μέλλοντα
3395 2199 3895 2276 προδιεγέγραπτο.

2235 2284 2457 2357 Ἐπειδή
2493 2284 2550 2342 δὲ
2578 2286 2668 2342 καὶ
2711 2289 2746 2357 ἠ
2807 2287 3038 2359 ἀλήθεια
3088 2287 3474 2365 παραγέγονεν,
3531 2288 3731 2345 ἐκεῖθεν
3786 2291 3895 2360 τήν

2232 2374 2412 2451 ἀρχὴν
2459 2371 2677 2449 ἔλαϐεν,
2742 2374 2941 2440 ἐκεῖθεν
2997 2378 3026 2431 ὁ
3077 2379 3305 2452 σταυρὸς
3365 2376 3629 2452 ἔλαμψεν,
3685 2378 3894 2437 ἐκεῖθεν

2230 2463 2298 2519 τὰ
2331 2463 2501 2539 μυρία
2527 2465 2946 2539 κατορθώματα.
2990 2465 3086 2519 Διᾶ
3145 2462 3212 2535 δὴ
3270 2471 3432 2522 τοῦτο
3489 2468 3735 2541 καὶπερὶ
3789 2477 3896 2538 τῆς

2230 2555 2327 2609 τοῦ
2378 2556 2619 2628 Χριστοῦ
2677 2551 2924 2628 δευτέρας
2991 2554 3316 2628 νομοθεσίας
3375 2556 3403 2611 6
3453 2556 3619 2632 μέγας
3661 2558 3892 2621 Ἡσαῖας

2235 2642 2401 2717 λέγει·
2435 2643 2531 2699 Ἐκ
2563 2643 2703 2697 Σιὼν
2736 2639 3067 2712 ἐξελεύσεται
3117 2643 3307 2718 νόμος,
3338 2644 3427 2699 καὶ
3482 2644 3651 2722 λόγος
3681 2646 3887 2722 Κυρίου

2235 2730 2286 2803 ἐξ
2311 2731 2693 2806 Ἰερουσαλὴμ,
2726 2731 2814 2787 καὶ
2847 2737 3022 2808 κρινεῖ
3053 2732 3147 2787 άνᾶ
3181 2735 3341 2806 μέσον
3368 2739 3476 2790 τῶν
3506 2734 3691 2800 ἐθνῶν.
3737 2738 3887 2791 Σιὼν

2233 2824 2335 2897 γὰρ
2377 2821 2599 2878 ἐνταῦθα
2621 2821 2931 2899 ὁλόκληρον
2962 2822 3107 2900 λέγει
3132 2824 3194 2879 τὸ
3226 2825 3435 2902 χωρίον
3466 2828 3553 2883 καὶ
3586 2828 3685 2897 τὴν
3706 2850 3895 2904 παρα-

2236 2910 2489 2986 κειμένην
2522 2912 2673 2985 αὐτῷ
2731 2912 3075 2987 μητρόπολιν
3133 2918 3240 2969 τῶν
3289 2913 3590 2975 Ἰουδαίων.
3652 2920 3896 2983 Ἐκεῖθεν

2236 3000 2441 3071 τοίνυν,
2472 2999 2654 3075 ὥσπερ
2670 3001 2728 3057 ἐκ
2751 2996 3015 3077 βαλϐἷδός
3046 3024 3188 3067 τινος
3202 3001 3461 3080 εὕδρομοι
3483 3008 3570 3062 καὶ
3604 3008 3897 3071 εὐσταλεῖς

2232 3087 2421 3157 ἵπποι,
2463 3090 2539 3152 εἷς
2566 3091 2665 3159 τὴν
2700 3090 3022 3164 οἰκουμένην
3088 3093 3293 3147 ἅπασαν
3381 3095 3432 3149 οἱ
3478 3096 3781 3152 ἀπόστολοι
3812 3096 3900 3168 ἐξα

2243 3178 2617 3255 επέμιρθησαν,
2647 3177 2846 3244 ἐκεῖθεν
2876 3179 2943 3235 τὰ
2973 3185 3177 3253 σημεῖα
3240 3187 3417 3237 ποιεῖν
3471 3180 3726 3258 ἤρξαντο³
3783 3185 3905 3242 ἰκεῖ

486 3278 665 3344 atque
694 3270 885 3344 parati
917 3270 1158 3342 quidam
1218 3273 1378 3343 equi,
1424 3274 1485 3329 in
1538 3276 1880 3333 universum
1926 3280 2128 3337 orbem

2241 3267 2425 3342 γέγονε
2458 3269 2522 3324 τὸ
2574 3270 2844 3343 σωτήριον
2905 3271 3077 3331 πάθος
3130 3269 3220 3325 καὶ
3274 3271 3308 3341 ἠ
3370 3272 3655 3336 ἀνάστασις
3705 3274 3802 3330 καὶ
3856 3278 3897 3346 ἦ

487 3360 687 3417 emissi
735 3362 875 3415 sunt
922 3360 1223 3431 apostoli:
1284 3361 1422 3417 inde
1482 3363 1772 3420 miracula
1827 3375 2133 3439 coeperunt

2240 3356 2532 3430 ἀνάληψις,
2565 3356 2677 3413 ἐκεῖ
2703 3357 2771 3413 τὰ
2796 3359 3069 3435 προοίμια
3107 3360 3196 3414 καὶ
3249 3363 3284 3430 ἡ
3318 3359 3463 3436 ἀρχή
3493 3370 3597 3433 τῆς
3616 3366 3897 3440 ἡμετέρας

486 3449 686 3505 edere.
738 3446 823 3503 Ibi
871 3446 1145 3505 salutaris
1200 3449 1524 3522 perpessio,
1567 3455 1924 3511 resurrectio
1972 3463 2031 3513 et
2070 3458 2132 3514 in

2240 3444 2537 3521 σωτηρίας.
2569 3448 2715 3504 Ἐκεῖ
2755 3447 2821 3501 τὰ
2887 3446 3171 3523 ἀπόρρητα
3226 3446 3473 3527 δόγματα
3525 3453 3896 3528 κηρύττεσθαι

494 3535 708 3593 οωιιιῐη
739 3536 1065 3609 assumptio
1095 3537 1355 3609 fuerunt,
1386 3539 1465 3595 ibi
1518 3541 1758 3598 exordia
1805 3548 1864 3599 et
1908 3546 2132 3617 princi-

490 3625 658 3698 pium
705 3627 923 3680 nostrm
979 3624 1223 3693 salutis;
1282 3627 1363 3683 ibi
1421 3634 1675 3702 emptum
1723 3638 1813 3689 est
1853 3649 2131 3692 arcanam

488 3712 821 3770 doctrinam
852 3715 1266 3789 promulgare;
1296 3717 1376 3773 ibi
1408 3719 1668 3789 primum
1690 3722 2016 3794 patefactus
2043 3730 2134 3783 est

483 3805 679 3874 Pater,
712 3807 770 3859 et
798 3803 1059 3860 innotuit
1087 3805 1427 3878 unigenitus
1464 3808 1669 3872 Filius.
1702 3815 1985 3884 tantaque
2003 3815 2131 3887 Spi-

483 3892 636 3949 ritus
665 3892 855 3949 sancti
883 3894 1074 3966 gratia
1105 3894 1360 3963 donata;
1412 3896 1493 3952 ibi
1543 3897 1615 3954 de
1664 3901 1817 3957 750
1862 3901 2133 3975 incorpo-

478 3983 598 4039 reis
628 3981 807 4038 rebus
837 3988 1232 4039 exercuerunt
1260 3983 1754 4057 disputationem,
1784 4005 1854 4045 ac
1876 3992 2130 4063 promis-

477 4071 676 4127 siones
706 4069 779 4126 de
801 4069 996 4138 donis,
1019 4070 1401 4128 facultatibus
1433 4080 1492 4129 et
1519 4073 1735 4132 futuris
1765 4076 1937 4134 bonis
1962 4096 1975 4146 ;
1999 4096 2130 4152 qua:

477 4161 682 4217 omnia
709 4164 1050 4216 venustates
1081 4161 1182 4216 Dei
1213 4162 1491 4234 appellat.
1527 4164 1915 4223 Pulchritudo
1969 4169 2131 4225 enim

478 4249 582 4304 Dei
613 4254 670 4304 et
706 4253 1004 4316 venustas,
1036 4250 1269 4305 bonitas
1303 4250 1432 4323 ejus
1472 4257 1563 4308 est
1612 4260 1670 4309 et
1701 4254 2042 4314 humanitas
2074 4264 2132 4315 et

480 4352 618 4408 erga
646 4336 953 4391 universos
984 4336 1404 4395 beneﬁcentia.
1450 4340 1536 4396 Ibi
1582 4342 1760 4415 igitur
1808 4350 1867 4399 et
1919 4346 2130 4402 Adami

479 4440 683 4480 casum
715 4424 990 4493 correxit,
1023 4431 1082 4481 et
1101 4426 1479 4485 celerrimum
1502 4447 1570 4486 ac
1591 4432 1761 4503 quasi
1780 4450 1915 4489 cum
1933 4436 2131 4493 volatu

478 4512 746 4569 futurum
803 4519 1158 4570 conventum
1215 4522 1579 4589 sanctorum,
1639 4520 1750 4576 sibi
1802 4523 2132 4580 secundum

480 4598 816 4655 advenienti
893 4617 1300 4669 occursurum,
1404 4612 1892 4677 prmmonstrans,

478 4689 696 4761 inquit,
756 4689 1025 4757 cadaver,
1088 4689 1165 4744 ibi
1217 4693 1731 4765 congregabuntur
1781 4699 2016 4769 aquilae.
2063 4700 2131 4754 In

479 4778 640 4835 hunc
656 4777 900 4834 modum
920 4778 1096 4834 etiam
1114 4795 1364 4852 magnus
1386 4783 1742 4840 Athanasius
1756 4786 1827 4841 de
1841 4787 2130 4859 supplicio

481 4865 699 4923 Christi
729 4866 1029 4939 loquitur:
1068 4866 1310 4932 Idcirco,
1345 4869 1447 4937 ait,
1471 4887 1593 4926 non
1610 4871 1753 4928 alibi
1773 4875 2128 4947 supplicium

483 4949 642 5013 subit
670 4957 959 5023 Christus,
993 4973 1186 5029 neque
1216 4956 1333 5014 alio
1363 4958 1425 5014 in
1454 4958 1583 5015 loco
1615 4960 1676 5016 in
1724 4979 1961 5021 crucem
2010 4966 2131 5039 agi-

482 5051 812 5118 tur,,quam
843 5045 905 5101 in
927 5045 1057 5102 loco
1084 5046 1303 5113 Cranii,
1335 5046 1436 5102 ubi
1458 5047 1730 5106 doctores
1751 5051 2133 5111 Hebrmorum

480 5134 692 5193 Adami
752 5134 1092 5209 sepulcrum
1146 5152 1275 5192 esse
1333 5134 1558 5205 dicunt,
1626 5138 1993 5197 affirmantes
2050 5142 2132 5199 ibi

479 5242 642 5292 eum,
669 5231 983 5297 postquam
1007 5241 1143 5280 eum
1162 5232 1499 5283 exsecratus
1523 5228 1795 5294 estDeus,
1823 5230 2130 5288 humatum

479 5313 683 5369 fuisse.
718 5316 1039 5387 Propterea
1066 5313 1181 5370 loci
1214 5316 1633 5387 prOprietatem
1668 5317 1870 5375 miror.
1898 5321 2136 5393 Oporte-

480 5398 582 5456 bat
610 5402 896 5457 nimirum
929 5403 1271 5472 Dominum,
1304 5422 1438 5460 cum
1470 5405 1520 5460 is
1549 5422 1833 5463 renovare
1873 5409 2133 5480 primum

480 5486 783 5545 hominem
814 5490 1011 5561 vellet,
1070 5491 1150 5547 ibi
1197 5497 1449 5549 mortem
1494 5493 1681 5551 obire.
1732 5497 1802 5551 Et
1847 5499 2132 5568 quoniam

2239 3535 2338 3603 τὴν
2366 3534 2546 3610 ἀρχὴν
2575 3531 2783 3593 ἔλαϐεν.
2837 3537 2988 3593 Ἐκεῖ
3031 3542 3248 3611 πρῶτον
3308 3538 3660 3620 ἀπεκαλύφθη
3695 3547 3895 3620 Πατὴρ

2237 3623 2327 3679 καὶ
2387 3622 2679 3700 ἐγνωρίσθη
2742 3625 3041 3702 μονογενὴς
3097 3627 3221 3690 Υἱὸς
3274 3629 3365 3683 καὶ
3423 3626 3584 3701 ἐδόθη
3643 3632 3890 3705 τοσαύτη

2242 3711 2555 3787 Πνεύματος
2584 3713 2743 3789 ἁγίου
2774 3714 2958 3789 χάρις.
3011 3714 3109 3769 Καὶ
3164 3714 3256 3770 τὸν
3310 3716 3437 3793 περὶ
3492 3723 3601 3774 τῶν
3655 3720 3897 3796 ἀσωμά-

2237 3824 2345 3858 των
2416 3802 2577 3877 λόγον
2635 3802 2747 3858 ἐκεῖ
2798 3801 3118 3878 ἐγύμναζον,
3166 3804 3256 3860 καὶ
3313 3802 3531 3883 δωρεῶν
3579 3810 3669 3864 καὶ
3726 3809 3895 3866 δυνά-

2243 3912 2387 3964 μεων
2419 3889 2509 3945 καὶ
2538 3896 2648 3947 τῶν
2701 3889 3019 3965 μελλόντων
3095 3892 3314 3968 ἀγαθῶν
3372 3896 3465 3959 τὰς
3529 3895 3893 3976 ἐπαγγελίας,

2240 3978 2374 4054 ἅπερ
2406 3980 2610 4036 ἅπαντα
2635 3976 2977 4054 ὡραιότητας
3007 3986 3104 4037 τοῦ
3135 3986 3268 4038 Θεοῦ
3307 3982 3476 4061 λέγει’
3533 3984 3718 4060 κάλλη
3781 3992 3896 4065 γὰρ

2239 4073 2374 4124 θεοῦ
2402 4070 2492 4124 καὶ
2526 4070 2800 4145 ὡραιότης
2832 4070 2867 4140 ἠ
2917 4070 3183 4148 ἂγαθότης
3234 4072 3321 4128 καὶ
3384 4074 3771 4152 φιλανθρωπία
3799 4081 3901 4135 καὶ

2239 4158 2274 4226 ἡ
2316 4156 2390 4219 εἷς
2425 4157 2626 4220 πάντας
2652 4157 2951 4234 εὐεργεσία.
3002 4159 3151 4217 Ἐκεῖ
3201 4159 3384 4217 τοίνυν
3428 4164 3517 4219 καὶ
3571 4164 3634 4221 τὸ
3686 4171 3904 4241 πτῶμα

2239 4246 2326 4300 καὶ
2357 4251 2601 4320 πταῖσμα
2660 4251 2757 4302 τοῦ
2824 4245 3000 4322 Ἀδὰμ
3052 4250 3402 4324 θεραπεύσας,
3434 4253 3524 4308 καὶ
3580 4255 3680 4325 τήν
3724 4258 3901 4334 ταχί-

2240 4357 2392 4406 στην,
2436 4334 2616 4405 ὥσπερ
2670 4336 2761 4393 καὶ
2823 4335 3151 4415 ὑπόπτερον,
3203 4343 3307 4395 τῶν
3366 4342 3531 4418 ἁγίων
3579 4339 3903 4403 συνέλευσιν

2237 4426 2329 4480 καὶ
2361 4425 2656 4496 ὑπάντησιν
2716 4425 2767 4481 ἐν
2825 4429 2893 4500 τῇ
2953 4423 3174 4503 δευτέρᾳ
3230 4428 3395 4487 αὐτοῦ
3450 4434 3719 4508 παρουσίᾳ
3745 4457 3901 4512 προ-

2240 4513 2610 4592 ϋπεμφαίνων,
2639 4512 2843 4592 ἔλεγενο
2886 4516 3065 4572 Ὅπου
3113 4517 3177 4572 τὸ
3225 4522 3445 4593 πτῶμα,
3476 4519 3589 4577 ἐκεῖ
3615 4528 3907 4601 συναχθῇ-

1997 4611 2126 4679 Ubi,
2159 4612 2205 4677 D
2236 4624 2419 4658 σονται
2450 4604 2503 4657 ol
2535 4602 2701 4662 ἀετοί.
2754 4603 3027 4666 Ὡσαύτως
3085 4602 3141 4660 δὲ
3197 4607 3288 4662 καὶ
3343 4609 3373 4665 6
3434 4609 3605 4688 μέγας
3663 4613 3901 4670 Ἀθανά-

2238 4712 2354 4756 σιος
2385 4690 2461 4754 εἰς
2489 4693 2550 4746 τὸ
2601 4691 2774 4757 πάθος
2831 4695 2928 4747 τοῦ
2975 4694 3213 4770 Χριστοῦ
3297 4692 3469 4772 λέγει·
3531 4697 3729 4776 Διόπερ
3792 4701 3901 4759 οὐκ

2237 4780 2520 4840 ἀλλαχόσε
2549 4785 2752 4860 πάσχει
2781 4784 3012 4857 Χριστὸς
3069 4784 3191 4843 οὔτε
3249 4789 3358 4861 μὴν
3413 4789 3490 4853 είς
3521 4789 3693 4849 ἃλλον
3726 4814 3898 4851 σταυ-

2243 4876 2427 4946 ροῦται
2454 4871 2620 4928 τόπον
2649 4874 2684 4943 ἢ
2708 4873 2784 4937 εἷς
2813 4877 2912 4928 τοῦ
2951 4874 3183 4950 Κρανίου
3211 4877 3400 4952 τόπον,
3458 4879 3511 4934 έν
3558 4880 3605 4954 ᾧ
3662 4878 3731 4953 δὴ
3776 4890 3897 4940 τῶν

2238 4956 2507 5038 Ἑϐραίων
2540 4962 2592 5018 οἱ
2652 4959 2974 5019 διδάσκαλοί
3030 4984 3158 5039 φασι
3209 4969 3306 5021 τοῦ
3362 4965 3542 5043 Ἀδὰμ
3603 4972 3741 5027 εἶναι
3801 4975 3901 5030 τὸν

2237 5050 2427 5128 τάφον·
2460 5049 2572 5107 ἒκεῖ
2611 5050 2712 5128 γάρ
2771 5051 2929 5107 αὐτὸν
3001 5052 3134 5127 μετὰ
3188 5056 3288 5125 τήν
3341 5057 3576 5134 κατάραν
3627 5062 3900 5141 τεθάφθαι

2242 5134 2700 5197 διαϐεϐαιοῦνται.
2761 5140 2859 5196 Διᾶ
2912 5144 3075 5197 τοῦτο
3120 5144 3382 5219 θαυμάζω
3426 5152 3525 5202 τοῦ
3582 5134 3896 5221 τόπουϋτὴν

2240 5227 2573 5300 οἰκειότητα.
2604 5227 2754 5287 Ἔδει
2785 5229 2885 5307 γὰρ
2916 5230 3010 5286 τὸν
3065 5232 3262 5307 Κύριον
3310 5234 3609 5293 ἀνανεῶσαι
3662 5239 3903 5299 θέλοντα

2240 5319 2331 5374 τὸν
2362 5325 2579 5393 πρῶτον
2611 5318 2916 5395 ἄνθρωπον,
2972 5316 3025 5374 ἐν
3081 5320 3269 5396 ἐκείνῳ
3323 5331 3515 5389 παθεῖν
3572 5333 3652 5401 τῷ
3707 5330 3895 5404 τόπῳ.

2243 5407 2345 5465 Καὶ
2377 5404 2563 5479 ἐπειδή
2596 5407 2823 5477 ἤκουσεν
2859 5404 3056 5482 Ἀδάμ’
3115 5414 3192 5479 Γῆ
3253 5411 3304 5466 εἶ
3355 5415 3444 5469 καὶ
3494 5415 3570 5477 εἰς
3626 5424 3733 5493 γῆν
3763 5419 3903 5475 ἀπε-

2242 5494 2430 5568 λεύσῃ,
2459 5496 2627 5573 ταύτῃ
2656 5499 2742 5572 [Ρ.
2773 5497 2899 5570 429]
2929 5494 3095 5553 πάλιν
3158 5498 3270 5555 ἐκεῖ
3321 5503 3576 5574 τέθειται,
3627 5503 3724 5561 ἵνα
3754 5506 3813 5562 ἐν
3845 5508 3897 5582 ᾧ

552 5683 598 5719 ﬂ
626 5681 760 5740 Osc.
789 5698 889 5754 xu,
924 5688 1011 5740 10.
1086 5686 1134 5728 ⁸⁸
1165 5688 1257 5743 [sa
1282 5706 1398 5760 xiv,
1427 5693 1517 5748 32.
1594 5693 1638 5731 ⁸⁷
1666 5694 1868 5754 Matth.
1901 5713 2006 5769 xu,
2037 5698 2126 5754 40.

2238 5695 2252 5733 ³
2279 5699 2392 5756 Isa.
2424 5714 2485 5769 ιι,
2516 5701 2567 5757 3.

4119 5820 4122 5991 ι
