4148 6212
337 357 446 417 821

1473 357 2025 422 HISTORIARUM
2072 365 2585 432 {'OMPENDIUM

3625 378 3744 438 822

336 511 489 563 τοπῳ
518 491 619 560 τὴν
650 493 884 566 κατάραν
917 485 1130 561 ἔλαϐεν,
1164 489 1273 546 ἐκεῖ
1323 493 1416 547 καὶ
1463 493 1565 560 τήν
1595 489 1750 546 λῦσιν
1781 491 1964 562 ταύτηι

2098 499 2322 556 dictum
2355 508 2446 558 est
2471 504 2716 570 Adamo,
2749 507 2927 559 Terra
2955 521 3038 574 es,
3067 510 3126 559 et
3156 506 3216 560 in
3247 511 3466 564 terram
3498 509 3740 576 redibis,

339 577 551 650 δέξηται
563 625 576 638 .

400 850 551 906 Ὃντι
611 847 667 902 δὲ
723 853 801 920 τῷ
857 847 1072 924 βασιλεῖ
1117 849 1423 924 Ἡρακλείῳ
1474 848 1525 904 ἐν
1583 854 1652 924 τῇ
1705 847 1976 922 Ἀνατολῇ

328 937 591 1012 ἐγεννήθη
625 938 776 1011 αὐτῷ
807 938 920 1000 υἱὸς
953 939 980 992 6
1013 934 1205 996 Δαϐἲδ.
1247 941 1332 1012 Τῇ
1389 939 1525 1013 αὐτῇ
1557 939 1739 1012 ἡμέρᾳ
1769 937 1966 1013 ἐτέχθη

327 1027 418 1080 καὶ
472 1027 858 1100 Κωνσταντίνῳ
921 1032 1000 1099 τῷ
1067 1029 1169 1101 υἱῷ
1239 1026 1584 1102 Ἡράκλειος,
1637 1025 1978 1101 Ἡράκλειος,

328 1117 390 1177 ’ὸς
446 1111 739 1186 ἐϐαπτίσθη
802 1117 904 1171 ὑπὸ
963 1117 1196 1192 Σεργίου
1252 1121 1348 1172 τοῦ
1405 1117 1774 1194 πατριάρχου.
1817 1119 1905 1187 Τῷ
1931 1113 1977 1169 δ’

328 1203 478 1276 αὖτῷ
535 1203 642 1260 ἔτει
704 1204 1065 1276 ἐπανέστησαν
1127 1207 1177 1260 οἱ
1258 1205 1454 1278 Πέρσαι
1512 1207 1630 1260 κατ’
1685 1203 1975 1275 ἀλλήλων,

326 1293 416 1348 καὶ
459 1292 664 1348 πολλοὶ
699 1291 1080 1371 διεφθάρησαν.
1113 1295 1246 1349 Τότε
1295 1295 1322 1348 6
1376 1293 1632 1368 βασιλεὺς
1659 1297 1763 1348 τῶν
1798 1290 1979 1350 Ἰνδῶν

325 1379 527 1455 πέμπει
560 1385 836 1461 συγχάρια
868 1383 946 1456 τῷ
998 1382 1240 1459 βασιλεῖ,
1303 1382 1635 1460 μαργαρίτας
1666 1382 1754 1435 καὶ
1790 1379 1975 1443 λίθους

320 1472 543 1544 τιμίους
575 1471 839 1535 πολλούς.
890 1473 990 1529 Ἦν
1041 1470 1096 1526 δὲ
1153 1474 1182 1527 6
1240 1471 1484 1546 Μωάμεδ
1516 1470 1972 1548 προτελευτήσας,

321 1559 380 1622 ὃς
413 1559 606 1631 ἔστησε
642 1561 902 1635 τέσσαρας
936 1560 1223 1637 ἂμηράδας
1256 1561 1521 1633 πολεμεῖν
1551 1567 1665 1622 τοῖς
1816 1560 1968 1635 Ἀρά-

322 1645 433 1704 ϐων
491 1650 802 1724 γενομένοις
860 1653 1228 1726 Χριστιανοῖς.
1303 1651 1404 1707 Καὶ
1461 1649 1634 1719 ἦλθον
1691 1651 1969 1704 κατέναντι

324 1737 608 1812 Θεοδώρου
645 1736 1130 1816 κουϐικουλαρίου,
1177 1741 1266 1795 καὶ
1325 1735 1698 1813 συμϐαλόντες
1730 1739 1974 1813 πόλεμον

2093 589 2173 644 ibi
2205 591 2253 644 is
2283 593 2627 648 reconditus
2653 593 2785 660 fuit,
2818 600 2882 648 ut
2917 610 3032 664 quo
3063 595 3124 648 in
3177 595 3305 651 loco
3335 596 3740 655 damnationis

2089 683 2447 736 sententiam
2479 683 2763 754 percepit,
2799 699 2866 737 eo
2894 689 2952 738 et
2982 683 3417 741 absolutionem
3448 687 3739 759 adipisce-

2089 775 2253 824 retur
2283 769 2348 825 ιθ.

2159 859 2425 914 Heraclio
2457 860 2518 914 in
2549 861 2786 916 Oriente
2818 861 3052 932 degenti
3089 862 3245 916 (ilius
3275 863 3540 918 nascitur
3572 864 3736 920 Davi-

2085 946 2214 1002 dus.
2244 949 2573 1019 Eademque
2606 950 2700 1004 die
2727 951 3109 1005 Constantino
3132 952 3377 1007 Heraclii
3403 953 3525 1008 filio
3547 955 3734 1009 nasci-

2083 1040 2180 1090 tur
2207 1038 2528 1106 Heraclius,
2561 1055 2736 1109 quem
2769 1040 3004 1110 Sergius
3037 1041 3371 1110 patriarcha
3400 1042 3731 1113 baptizavit.

2083 1127 2304 1181 Eodem
2343 1143 2498 1182 anno
2545 1130 2761 1195 Persas,
2823 1129 2979 1183 inter
3033 1146 3163 1184 sese
3212 1136 3373 1186 mota
3417 1131 3731 1202 seditione,

2083 1229 2358 1288 magnam
2394 1214 2504 1268 sibi
2533 1214 2679 1286 ipsis
2702 1214 2931 1270 cladem
2956 1217 3306 1271 intulerunt.
3328 1219 3472 1273 Tum
3505 1225 3733 1291 tempo-

2080 1303 2162 1358 ris
2194 1303 2474 1358 lndorum
2499 1321 2600 1359 rex
2621 1321 2868 1360 munera
2889 1305 3303 1376 gratulationis
3325 1323 3463 1376 erga
3485 1308 3736 1380 impera-

2080 1393 2192 1447 tori
2213 1393 2652 1458 misit,uniones
2670 1399 2727 1447 et
2741 1410 3004 1465 gemmas
3023 1394 3612 1450 multas.Decesserat
3616 1397 3734 1468 jam

2083 1484 2121 1536 7
2132 1483 2223 1540 51
2259 1488 2378 1538 tum
2403 1484 2954 1553 Moamedus,consti
2965 1484 3105 1540 tutis
3127 1489 3382 1555 quatuor
3406 1485 3723 1557 ameradis,

2079 1574 2178 1644 qui
2213 1573 2502 1628 Arabibus
2523 1574 2916 1629 Christianam
2948 1574 3296 1646 religionem
3319 1575 3727 1646 complecten-

2078 1662 2236 1717 tibus
2283 1663 2507 1717 bellum
2569 1662 2850 1717 facerent.
2915 1664 2979 1718 lli
3040 1663 3319 1718 adversus
3349 1665 3720 1722 Theodorum

2077 1753 2507 1808 cubicularium
2541 1753 2784 1822 profecti
2815 1769 3069 1823 cumque
3091 1770 3160 1808 eo
3183 1754 3388 1825 praalio
3421 1757 3725 1828 congressi

322 1828 662 1904 ἆναιροῦνται
723 1830 777 1883 οἱ
833 1834 980 1904 τρεῖς
1038 1827 1317 1904 ἀμηράδες
1369 1829 1457 1883 καὶ
1507 1829 1721 1897 πλῆθος
1747 1828 1891 1883 πολὺ
1920 1827 1964 1898 ἐξ

2081 1846 2234 1896 sunt.
2269 1840 2378 1895 Sed
2410 1858 2478 1895 eo
2513 1842 2570 1895 in
2603 1841 2805 1911 prmlio
2866 1846 2983 1895 tres
3041 1843 3350 1899 amerades
3395 1827 3726 1917 magnaque

321 1918 519 1974 αὐτῶν.
555 1917 780 1987 ἙξῆλΘε
828 1917 884 1974 δὲ
942 1919 1030 1973 καὶ
1091 1920 1118 1972 ὁ
1176 1919 1253 1981 εἷς
1305 1920 1521 1990 ἄμηρᾶς
1551 1918 1579 1971 6
1608 1913 1874 1986 Χάλεϐος,
1908 1917 1966 1971 ὃν

324 2006 571 2082 λέγουσιν
638 2007 910 2082 μάχαιραν
967 2012 1063 2062 τοῦ
1122 2012 1272 2064 Θεοῦ,
1333 2010 1503 2063 Ἦσαν
1563 2005 1618 2061 δέ
1673 2027 1814 2068 τινες
1860 2010 1968 2060 τῶν

318 2095 557 2164 πλησίον
618 2094 863 2170 Ἀράϐων
951 2092 1324 2169 λαμϐάνοντες
1400 2097 1546 2171 παρά
1604 2100 1682 2166 τῷ
1754 2094 1970 2168 βασιλεῖ

313 2184 602 2256 Ῥωμαίων
635 2184 797 2260 ῥόγάν
853 2187 966 2257 (74)
1027 2186 1160 2259 πρὸς
1210 2186 1274 2240 τὸ
1331 2183 1619 2264 φυλάττειν
1668 2185 1734 2238 τὰ
1766 2185 1966 2255 στόμια

308 2277 410 2337 τῆς
458 2273 690 2349 ἐρήμου.
755 2277 842 2331 Ἑν
899 2275 1050 2346 αὐτῷ
1103 2273 1159 2330 δὲ
1216 2279 1296 2346 τῷ
1341 2279 1517 2348 καιρῷ
1567 2273 1814 2335 ἐλθόντες
1864 2275 1966 2328 οὐκ

310 2357 508 2417 ἔλαϐον
555 2365 655 2432 τήν
717 2362 904 2439 ῥόγαν,
965 2362 1091 2417 ἀλλ’
1133 2361 1501 2438 ἐδιώχθησαν.
1535 2362 1874 2432 Λυπηθέντες
1907 2359 1964 2416 δὲ

308 2451 558 2520 ἀπῆλθον
589 2453 724 2528 πρὸς
755 2453 880 2514 τοὺς
912 2452 1255 2527 ὁμοφύλους,
1305 2453 1392 2506 καὶ
1443 2450 1737 2527 ὡδήγησαν
1771 2451 1962 2514 αὐτοὺς

317 2539 405 2596 ἐπὶ
457 2543 554 2612 τήν
616 2541 802 2620 χώραν
855 2545 1051 2613 Γάζης,
1111 2543 1339 2615 στόμιον
1389 2541 1546 2595 οὖσαν
1603 2547 1703 2610 τῆς
1753 2540 1963 2615 ἐρήμου

314 2630 450 2685 κατά
479 2632 540 2685 τὸ
573 2631 788 2686 Σίναιον
820 2630 969 2703 ὄρος,
1001 2631 1269 2686 πλουσίαν
1299 2629 1526 2710 σφόδρα.
1577 2629 1640 2683 Οἳ
1693 2630 1780 2684 καὶ
1824 2650 1966 2702 παρ-

319 2715 520 2774 έλαϐον
545 2721 645 2789 τήν
674 2722 842 2796 Ἥραν
867 2722 954 2775 καὶ
980 2726 1150 2776 πᾶσαν
1175 2723 1276 2790 τήν
1309 2722 1494 2794 χώραν
1525 2721 1720 2789 Γάζης.
1753 2717 1962 2774 Ἐλθὼν

323 2805 378 2862 δὲ
439 2809 657 2884 Σέργιος
713 2810 819 2864 ἀπὸ
879 2809 1196 2881 Καισαρείας
1269 2816 1370 2878 τῆς
1443 2807 1804 2878 Παλαιστίνης
1870 2811 1960 2861 σὺν

326 2895 541 2973 ὀλίγοις
572 2901 925 2974 στρατιώταις
958 2901 1213 2955 κτείνεται
1242 2904 1458 2974 πρῶτος
1493 2899 1583 2952 σὺν
1619 2902 1700 2970 τῷ
1730 2901 1960 2974 στρατῷ.

321 2989 388 3044 Οἱ
448 2985 506 3042 δὲ
563 2984 825 3053 λαϐόντες
873 2988 1262 3068 αἰχμαλωσίαν
1320 2987 1537 3056 πολλὴν
1612 2986 1960 3061 ὑπέστρεψαν.

383 3261 480 3332 Τῷ
509 3261 587 3328 κζ’
618 3256 720 3314 ἔτει
754 3257 918 3328 ἦλθεν
966 3257 1221 3330 Ἰώαννης
1281 3260 1309 3314 6
1374 3261 1613 3327 Κατζᾶς,
1671 3257 1961 3332 ἐπίτροπος

314 3349 639 3422 Ὀσροηνῆς,
693 3349 829 3424 πρὸς
900 3345 1012 3405 Ἰἆδ
1093 3348 1169 3410 εἰς
1230 3346 1580 3417 Χαλκηδόνα,
1639 3349 1728 3402 καὶ
1787 3347 1963 3402 ἐστοί-

313 3457 453 3512 χησε
484 3435 690 3493 διδόναι
723 3438 869 3510 αὐτῷ
911 3437 1036 3492 δέκα
1098 3435 1361 3514 μυριάδας
1419 3439 1774 3512 νομισμάτων
1825 3437 1961 3512 πρὸς

308 3528 371 3582 τὸ
406 3530 480 3599 μή
526 3532 751 3601 περᾶσαι
804 3527 897 3582 τὸν
953 3525 1240 3603 Εὕφράτην
1306 3529 1444 3599 μήτε
1502 3526 1790 3599 εἰρηνικῶς
1825 3529 1963 3599 μήτε

312 3615 653 3688 πολεμικῶς.
713 3615 1042 3691 Ἡράκλειος
1111 3613 1166 3670 δὲ
1246 3621 1407 3670 τοῦτο
1472 3616 1657 3688 μαθὼν
1707 3615 1781 3676 ὡς
1837 3617 1961 3669 ἄνευ

313 3704 572 3776 εἷδήσεως
646 3705 812 3760 αὐτοῦ
877 3711 1042 3760 τοῦτο
1116 3705 1402 3776 πεποίηκε,
1478 3708 1665 3759 τοῦτον
1744 3703 1961 3778 ἐξώρισε

314 3796 403 3849 καὶ
433 3795 547 3850 ἀντ’
572 3793 736 3848 αὐτοῦ
771 3793 1114 3867 Πτολεμαῖον
1144 3795 1446 3868 στρατηγὸν
1480 3791 1708 3868 ἔπεμψε.

382 3978 473 4046 Τῷ
502 3995 570 4044 κη
642 3971 747 4028 ἔτει
811 3967 1121 4046 παρέλαϐον
1184 3973 1235 4025 οἳ
1298 3965 1529 4045 ’Ἄραϐες
1572 3973 1671 4040 τήν
1738 3973 1959 4026 Ἀντιό-

308 4083 490 4138 χειαν,
550 4062 642 4118 καὶ
698 4061 946 4141 ἐπέμφθη
1005 4055 1216 4122 Μαϐίας
1276 4061 1379 4115 ὑπὸ
1436 4060 1699 4135 Οδμάρου
1761 4081 1958 4136 στρατ-

310 4152 441 4228 ηγὸς
471 4153 558 4208 καὶ
603 4151 822 4226 ἇμηρᾶς
870 4150 1048 4222 πάσης
1103 4157 1203 4220 τῆς
1261 4150 1364 4206 ὑπὸ
1419 4151 1550 4212 τοὺς
1604 4150 1957 4224 Σαρακηνοὺς

313 4245 499 4319 χώρας
531 4243 636 4299 ἀπὸ
669 4242 946 4318 Αὶγόπτου
970 4242 1076 4306 ἓως
1105 4242 1411 4322 Εὖφράτου.
1953 4313 1984 4326 ‘-

380 4337 474 4405 Τῷ
501 4335 580 4388 κθ¹
610 4331 714 4388 ἔτει
743 4327 1159 4409 παραλαμϐάνει
1192 4329 1300 4388 Ἰὰδ
1344 4333 1444 4400 τήν
1489 4328 1711 4386 Ἔδεσαν
1742 4330 1959 4408 λόγοις,

306 4427 406 4492 τήν
442 4421 498 4478 δὲ
532 4423 930 4480 Κωνστάντειαν
981 4422 1236 4496 πολέμῳ,
1293 4420 1499 4494 ὁμοίως
1547 4421 1638 4475 καὶ
1668 4422 1728 4475 τὸ
1761 4421 1957 4495 Δαράς,

311 4512 400 4567 καὶ
432 4511 677 4574 πολλοὺς
709 4511 759 4566 έν
787 4512 956 4586 ταύτῃ
1012 4507 1282 4567 ἀπώλεσε.
1320 4511 1412 4564 Καὶ
1448 4505 1622 4570 οὕτως
1653 4505 1954 4585 παρέλαϐεν

315 4599 423 4657 Ἰἆδ
455 4606 625 4656 πᾶσαν
647 4604 744 4670 τήν
781 4601 1231 4674 Μεσοποταμίαν.

387 4693 482 4762 Τῷ
525 4688 581 4746 δὲ
637 4690 684 4746 λ’
737 4689 839 4746 ἔτει
897 4690 1314 4765 ἐπεστράτευσαν
1360 4688 1412 4744 οἳ
1470 4688 1779 4764 Σαρακηνοὶ
1822 4691 1957 4744 κατὰ

315 4776 598 4854 Περσίδος,
671 4781 760 4834 καὶ
833 4780 1146 4849 νικήσαντες
1234 4778 1438 4838 πάντας
1522 4777 1650 4839 τοὺς
1752 4777 1958 4852 Πέρσας

313 4870 594 4938 ὑπέταξαν.
655 4865 959 4943 Ὀρμίσδας
1022 4865 1075 4922 δὲ
1161 4867 1188 4922 6
1249 4864 1507 4940 βασιλεὺς
1567 4869 1690 4920 τῶν·
1735 4870 1956 4940 Περσῶν

309 4957 452 5037 φυγῇ
477 4959 826 5033 χρησάμενος
889 4956 976 5012 ἐπὶ
1033 4954 1158 5017 τοὺς
1212 4952 1474 5030 ἐνδοτέρω
1533 4954 1741 5030 Πέρσας
1789 4975 1958 5010 κατα-

383 5073 428 5110 ”
458 5076 598 5130 Gen.
632 5091 713 5130 ιιι.
751 5077 831 5128 19.

2081 1947 2214 1985 cum
2243 1931 2334 1984 his
2367 1929 2683 1984 multitudo
2727 1931 3153 1986 occubuerunt.
3203 1933 3390 1988 Exivit
3420 1935 3598 1989 etiam
3633 1951 3729 1989 re-

2079 2020 2279 2089 liqnus
2309 2035 2560 2086 ameras,
2593 2019 2886 2074 Chalebus
2934 2021 3199 2088 nomine,
3233 2024 3332 2093 qui
3364 2023 3592 2094 gladius
3625 2023 3727 2079 Dei

2077 2109 2504 2180 appellabatur.
2552 2110 2732 2162 Erant
2788 2109 3029 2179 quidam
3089 2111 3264 2165 vicini
3325 2112 3564 2178 Arabes,
3626 2112 3727 2182 qui

2076 2196 2148 2250 ab
2181 2197 2534 2267 imperatore
2565 2199 2826 2252 Romano
2854 2199 3214 2269 stipendium
3243 2200 3596 2255 tuendarum
3631 2217 3728 2255 so-

2074 2286 2346 2340 litudinis
2377 2287 2635 2340 faucium
2659 2303 2837 2342 causa
2857 2289 3124 2359 accipere
3146 2289 3566 2345 solebant.Hoc
3589 2305 3724 2346 cum

2076 2371 2172 2426 isti
2207 2371 2262 2425 id
2299 2373 2581 2442 temporis
2605 2373 2856 2443 petitum
2885 2375 3206 2441 venissent,
3243 2375 3539 2444 repulsam
3562 2377 3719 2446 passi

2074 2461 2368 2532 ejectique
2401 2467 2556 2515 sunt.
2598 2461 2763 2526 Quod
2815 2462 3058 2534 indigne
3117 2462 3376 2517 ferentes
3401 2463 3718 2534 gentilibus

2074 2567 2135 2604 se
2169 2549 2290 2604 suis
2321 2550 2780 2621 conjunxerunt,
2805 2549 3010 2620 eisque
3033 2550 3108 2604 ad
3131 2552 3388 2604 Gamam
3420 2551 3725 2622 regionem

2073 2639 2253 2693 duces
2285 2639 2514 2693 itineris
2545 2657 2606 2692 se
2639 2638 3042 2709 praebuerunt,
3067 2655 3199 2709 quae
3223 2638 3447 2692 aditum
3473 2644 3636 2693 tenet
3656 2639 3718 2693 in

2073 2728 2456 2783 solitudinem
2481 2730 2653 2801 juxta
2683 2729 2942 2784 Sinaeum
2969 2732 3252 2795 montem,
3282 2733 3488 2799 estque
3517 2728 3723 2783 admo-

2074 2819 2214 2873 dum
2247 2819 2428 2876 dives.
2481 2819 2602 2872 Hoc
2649 2818 2826 2872 modo
2873 2818 2947 2872 ab
2977 2817 3048 2872 iis
3076 2819 3188 2872 Era
3217 2817 3527 2887 omnisque
3560 2819 3719 2874 Gazae

2072 2907 2218 2963 ditio
2249 2913 2418 2979 capta
2449 2913 2555 2961 est.
2587 2907 2823 2979 Sergius
2868 2912 3066 2961 autem
3094 2907 3360 2960 Cmsarea
3391 2906 3719 2961 Palaestina)

2072 2998 2314 3052 veniens
2345 3014 2477 3051 cum
2529 2997 2739 3068 exigua
2797 2995 3048 3050 militum
3102 3011 3302 3062 manu,
3336 2994 3564 3066 primus
3594 2995 3720 3066 ipse

2073 3105 2205 3143 cum
2247 3087 2509 3142 exercitu
2552 3086 2931 3140 interﬁcitur.
2990 3084 3228 3140 Barbari
3279 3100 3492 3157 magna
3521 3084 3722 3154 praada

2073 3177 2240 3248 potiti
2273 3175 2606 3230 discedunt.
2653 3203 2670 3216 -

2145 3268 2316 3320 Anno
2374 3267 2440 3317 27
2492 3264 2651 3318 venit
2704 3264 2960 3318 Joannes
3039 3268 3428 3334 cognomento
3494 3263 3716 3328 Catzas,

2067 3357 2342 3410 Osroenaa
2371 3353 2700 3424 praafectus,
2724 3353 3156 3408 Chalcedonem
3190 3352 3264 3406 ad
3293 3352 3521 3416 Jadum,
3548 3352 3718 3422 eique

2067 3451 2304 3500 centum
2338 3441 2526 3497 millia
2565 3443 2989 3497 numismatum
3039 3442 3316 3497 daturum
3348 3459 3409 3496 se
3441 3441 3719 3513 promisit

2067 3551 2133 3589 eo
2167 3541 2335 3605 pacto
2368 3552 2440 3588 ne
2475 3534 2524 3587 is
2570 3533 2656 3585 vel
2709 3533 2846 3587 belli
2895 3532 2981 3586 vel
3031 3532 3193 3603 pacis
3222 3532 3409 3603 gratia
3439 3531 3708 3602 Euphra-

2067 3627 2184 3676 tem
2235 3627 2514 3677 transeat.
2589 3620 2891 3675 Heraclius
2965 3637 3121 3686 vero,
3205 3619 3308 3674 ubi
3366 3618 3426 3672 id
3484 3618 3713 3674 Catzam

2065 3729 2128 3767 se
2196 3712 2380 3766 inscio
2447 3711 2740 3783 pepigisse
2809 3710 3128 3774 intellexit,
3199 3709 3504 3764 hominem
3563 3709 3719 3763 rele-

2063 3802 2232 3874 gavit,
2293 3801 2534 3872 ejusque
2593 3800 2725 3854 loco
2784 3799 3065 3854 exercitui
3125 3798 3513 3853 Ptolemaeum
3565 3814 3720 3868 prm-

2063 3890 2224 3946 fecit.

2137 3982 2304 4034 Anno
2349 3980 2416 4032 '28
2476 3978 2698 4034 Arabes
2753 3977 3130 4032 Antiochiam
3163 3981 3471 4047 ceperunt.
3507 3975 3717 4030 Missus

2064 4084 2300 4138 quoque
2334 4066 2405 4120 ab
2438 4068 2652 4122 Umaro
2690 4067 2839 4124 752
2873 4071 2962 4120 est
2992 4065 3202 4120 Mavias
3232 4064 3443 4120 ductor
3464 4068 3524 4117 et
3551 4079 3718 4118 ame-

2063 4173 2158 4211 ras
2190 4155 2383 4210 omnis
2441 4172 2572 4226 qua;
2632 4154 2968 4210 Sarracenis
3034 4153 3273 4208 suberat
3325 4151 3586 4223 regionis
3641 4150 3716 4205 ab

2063 4247 2304 4320 Egypto
2333 4262 2522 4318 usque
2553 4243 2626 4300 ad
2659 4245 3017 4316 Euphraten.

2138 4338 2305 4390 Anno
2344 4336 2412 4389 29
2442 4333 2619 4389 Jadus
2650 4334 2927 4388 Edessam
2957 4329 3276 4400 colloquio,
3307 4329 3714 4385 Constantiam

2065 4425 2116 4478 vi
2151 4425 2323 4495 capit,
2357 4426 2616 4494 itemque
2678 4424 2876 4487 Daras,
2937 4422 2998 4476 in
3051 4437 3168 4492 quo
3223 4421 3442 4477 multos
3472 4418 3717 4475 interfe-

2066 4513 2166 4568 cit.
2221 4515 2410 4582 Atque
2466 4512 2550 4566 sic
2603 4510 2785 4566 Jadus
2841 4515 3026 4566 totam
3086 4511 3318 4584 subegit
3384 4511 3710 4582 Mesopota-

1993 4583 2038 4647 θ
2072 4602 2274 4657 miam.

2140 4692 2308 4745 Anno
2359 4691 2429 4744 30
2486 4690 2759 4744 Saraceni
2818 4689 3043 4744 Persidi
3096 4689 3321 4744 bellum
3353 4687 3710 4756 intulerunt,

2070 4780 2366 4850 victosque
2396 4782 2606 4834 Persas
2637 4795 2844 4834 omnes
2875 4779 2986 4833 sibi
3011 4778 3421 4851 subjugarunt.
3448 4777 3708 4831 Hormis-

2069 4867 2174 4922 das
2203 4869 2515 4923 Persarum
2547 4883 2650 4922 rex
2707 4868 2842 4940 fuga
2873 4868 2946 4922 ad
2979 4868 3288 4924 interiores
3335 4868 3543 4920 Persas
3574 4879 3710 4920 eva-

2068 4958 2162 5013 sit.
2199 4957 2499 5012 Sarraceni
2551 4957 2828 5014 Chosroas
2889 4955 3042 5012 filias
3094 4955 3352 5028 captivas
3381 4969 3515 5009 cum
3547 4954 3710 5009 omni

1510 5170 1872 5227 XYLANDRI
1911 5172 1997 5226 ET
2035 5171 2248 5227 GOARI
2286 5171 2508 5226 NOTAE.

374 5300 490 5366 (74)
523 5301 606 5353 Ex
636 5299 924 5354 Choniata
953 5295 1131 5351 didici
1163 5296 1274 5350 hoc
1295 5310 1426 5350 esse
1450 5293 1604 5365 quod
1637 5294 1819 5349 (ἴτ’ωοί
1864 5315 1958 5364 μι-

307 5369 430 5422 σθόν
461 5371 686 5426 dicunt.
720 5373 801 5426 Ac
836 5368 1023 5424 multo
1057 5366 1276 5422 clarius
1321 5383 1390 5420 ex
1438 5371 1640 5420 nostro
1673 5366 1734 5420 in
1767 5367 1956 5421 Leone

309 5443 702 5497 lconomacho
743 5441 851 5496 sub
884 5441 1084 5500 ﬁnem.
1110 5438 1208 5492 ubi
1232 5439 1474 5509 verbum
1505 5442 1597 5491 est
1625 5435 1956 5509 ῥογεύεσθαι.

313 5514 382 5566 Ει
414 5530 534 5585 non
564 5513 767 5585 procul
799 5529 834 5567 a
865 5513 981 5585 fine
1031 5510 1342 5585 Nicephori
1392 5508 1497 5561 ἀπὸ
1539 5508 1961 5585 γενικῶνῃδεινα-

314 5584 447 5639 ceni
471 5580 769 5656 stipendia
783 5583 1042 5656 militum
1069 5580 1960 5656 intercipiunt,cen_tenariorum

317 5658 381 5711 13
411 5650 632 5729 rogatu.
665 5659 748 5712 Ac
778 5655 838 5710 in
867 5651 1254 5710 Constantino
1306 5651 1510 5706 Leonis
1547 5651 1668 5705 filio
1700 5650 1832 5724 ῥόγα
1861 5668 1963 5707 ex-

2065 5293 2308 5364 ponitur
2337 5295 2572 5363 συνήθης
2631 5292 2866 5364 διανομὴ
2919 5296 3027 5346 τῶν
3048 5361 3058 5364 Δ
3085 5293 3519 5364 στρατευμάτων.
3555 5300 3620 5350 [ει
3647 5296 3711 5352 in

2069 5361 2468 5439 fineRomani
2491 5361 2695 5437 Argyri
2715 5361 3562 5439 p'é'yageu-{xlyjc'txﬁwrefertur
3588 5365 3710 5420 δια-

2067 5435 2543 5510 νομή“.-Πθηξ(ιιιιβ
2577 5434 2810 5510 Ἑαὶἀξιε
2833 5434 3011 5510 etiam
3046 5434 3231 5510 eam
3290 5436 3714 5510 interpretatur

2074 5503 2342 5587 βασιλέων
2372 5503 2643 5587 εὐσέϐειαν
2663 5507 2772 5587 ’καῖ’
2801 5503 3159 5587 φιλοτιμίαν.’
3192 5508 3372 5587 Paulo
3419 5503 3553 5587 alite
3584 5532 3714 5587 συγ-

2074 5577 2243 5661 χάρια
2274 5582 2501 5652 conjeci
2541 5581 2686 5655 παρᾶ
2715 5580 2790 5661 τὸ.
2814 5577 3150 5661 ’συγχαίρειν
3183 5579 3362 5652 dicta,
3394 5577 3709 5652 gluokwuri-

2071 5651 2295 5722 sChung,
2327 5668 2576 5711 munera
2603 5651 3008 5726 gratulatoria.
3040 5651 3178 5707 XYL.
