4148 6212
419 321 539 382 823
1775 301 2092 365 GEORGII
2137 298 2481 359 CEDRENI
3699 297 3828 357 324

418 452 583 525 regia
611 447 964 522 supellectili
993 445 1066 500 ad
1101 447 1376 500 Umarum
1399 440 1794 497 abduxerunt.
1824 437 1903 490 Eo
1936 435 2065 525 ipso

2203 428 2386 508 ρεύγει.
2457 428 2524 486 Ol
2593 425 2650 484 δὶ
2711 430 3018 503 Σαρακηνοὶ
3091 427 3487 504 αἰχμαλώτους
3572 428 3670 490 τὰς
3735 432 3838 482 τοῦ

421 524 686 613 tempore
719 540 963 595 Umarus
985 549 1226 589 censum
1251 532 1369 603 egit
1391 548 1495 602 per
1517 544 1722 584 omnes
1745 543 1881 582 suas
1904 524 2073 579 ditio-

425 648 552 696 nes,
584 629 914 692 hominum,
947 624 1179 696 pecoris
1211 627 1269 676 et
1301 620 1595 692 stirpium.

2181 520 2436 594 Χοσρὸου
2513 520 2807 593 θυγατέρας
2883 521 2969 592 [Ρ.
3035 521 3162 592 430]
3254 519 3366 591 ἅμα
3429 519 3498 588 τῇ
3568 517 3839 593 βασιλικῇ

2181 608 2454 682 ἀποσκευῇ
2515 605 2706 683 ἄγουσι
2738 607 2872 678 πρὸς
2931 604 3200 682 Οὕμαρον.
3261 610 3359 680 Τῷ
3391 605 3437 662 δ’
3465 607 3613 680 αύτῷ
3645 610 3842 684 χρόνῳ

422 720 572 772 ποιεῖ
625 713 941 788 ἀναγραφην
1002 710 1260 785 Οὕμαρος
1316 709 1490 778 πάσης
1542 713 1642 775 τῆς
1696 706 1784 760 ὑπ’
1840 701 1999 757 αὐτὸν
2061 696 2411 771 οἰκουμένης,
2466 703 2575 751 τῶν
2633 717 2691 752 τε
2747 697 3050 772 ἀνθρώπων
3105 697 3192 753 καὶ
3250 719 3458 768 κτηνων
3508 699 3597 752 καὶ
3629 702 3840 774 φυτῶν.

491 810 656 862 Anno
689 807 750 858 31
788 803 1112 870 Heraclius,
1174 801 1269 856 die
1332 802 1390 853 11
1455 798 1644 853 Martii
1692 813 1762 851 ex
1807 794 2070 864 hydrope

421 896 694 962 moritur,
725 909 860 949 cum
891 892 1242 962 imperasset
1274 905 1464 944 annos
1490 890 1577 955 30,
1605 901 1842 940 menses
1879 883 2074 937 lO.Hic

421 986 494 1043 ab
527 983 849 1040 Athanasio
905 979 1302 1036 Jacobitarum
1365 983 1423 1032 et
1475 976 1674 1048 Sergio
1705 976 1848 1046 Syro
1880 971 2074 1043 Cpolis

423 1073 778 1149 patriarchis
809 1071 1108 1137 seductus,
1132 1069 1207 1124 ad
1237 1066 1511 1122 haeresim
1545 1063 2074 1120 Monotheletarum

423 1163 735 1220 devolutus
765 1161 893 1218 fuit.
929 1164 1138 1214 Postea
1179 1158 1242 1212 in
1293 1173 1460 1226 aquae
1492 1153 1770 1209 intecutis
1801 1150 2076 1208 morbum

428 1255 705 1324 delapsus
736 1250 836 1322 qui
870 1254 930 1304 et
970 1246 1201 1303 necavit
1233 1261 1367 1301 eum
1400 1249 1628 1299 atroces
1659 1258 1862 1314 pmnas
1894 1238 2074 1293 dedit.

429 1341 592 1399 Adeo
645 1339 804 1395 enim
850 1337 1075 1394 malum
1106 1337 1371 1403 increvit,
1404 1340 1469 1389 ut
1499 1333 1708 1388 lotium
1737 1329 2079 1386 redditurus

429 1429 696 1487 inferiori
717 1427 906 1484 ventri
929 1427 1190 1483 tabulam
1213 1427 1519 1498 imponere
1541 1440 1688 1496 opus
1709 1421 2078 1488 habuerit,eo

430 1520 588 1594 quod
618 1525 912 1575 veretrum
965 1517 1150 1590 ipsius
1208 1517 1508 1570 inversum
1565 1513 1801 1568 urinam
1841 1525 2079 1566 sursum

426 1627 630 1667 versus
671 1609 884 1664 faciem
937 1606 1253 1662 emitteret.
1311 1605 1430 1660 Hoc
1478 1609 1605 1658 erat
1663 1606 2080 1674 argumentum

427 1698 660 1770 ﬂagitii,
694 1697 854 1768 quod
883 1694 1244 1768 perpetravit
1264 1694 1479 1766 juncta
1525 1692 1637 1747 sibi
1669 1687 2084 1746 incestissimis

429 1787 656 1859 nuptiis
686 1785 1042 1841 consobrina
1101 1800 1208 1839 sua
1258 1783 1526 1838 Martina.
1577 1782 1800 1852 Corpus
1861 1779 1990 1850 ejus
2021 1778 2082 1832 in

432 1893 629 1932 arcam
653 1875 978 1946 repositum
999 1889 1105 1945 per
1120 1876 1153 1927 4
1170 1872 1297 1928 dies
1320 1873 1471 1929 758
1495 1873 1624 1926 sine
1644 1869 1896 1942 tegmine
1913 1885 2081 1960 iman-
2113 1895 2159 1960 Β

433 1967 528 2024 sit.
565 1967 691 2020 Una
734 1964 966 2036 sepulta
1021 1969 1112 2018 est
1165 1963 1342 2017 etiam
1391 1978 1574 2017 aurea
1606 1975 1843 2025 corona,
1878 1959 2079 2028 sicque

435 2059 624 2110 tectus
651 2053 784 2110 fuit.

507 2235 647 2288 Post
675 2247 812 2286 eum
857 2230 1018 2286 ﬁlius
1074 2228 1260 2300 ipsius
1317 2227 1740 2284 Constantinus
1768 2224 2084 2296 imperium

435 2322 617 2396 gessit
645 2337 750 2392 per
779 2335 1015 2374 menses
1054 2320 1107 2374 4.
1155 2319 1407 2389 Corpore
1465 2317 1577 2370 fuit
1607 2315 1906 2386 languido,
1940 2331 2084 2385 quo-

437 2412 580 2467 tidie
611 2407 1040 2481 propemodum
1100 2412 1407 2478 aegrotans.
1449 2406 1503 2460 Is
1533 2422 1567 2460 a
1599 2403 1950 2474 quibusdam
1981 2402 2089 2458 ad-

434 2499 697 2557 monitus
729 2513 1032 2566 coronam,
1067 2513 1183 2567 qua
1213 2513 1394 2568 regno
1441 2495 1826 2566 inauguratus
1875 2493 2088 2562 fuerat,

399 2587 567 2647 ‘cum
599 2592 764 2661 patre
811 2603 941 2642 esse
1003 2585 1318 2656 sepultam,
1379 2584 1666 2639 Callinico
1725 2582 2089 2638 cubiculario

433 2678 682 2735 mandat
711 2676 796 2730 uti
829 2692 959 2730 eam
997 2675 1108 2729 sibi
1142 2674 1368 2729 all‘erat.
1403 2673 1536 2728 Abit
1576 2673 1696 2740 ille,
1731 2679 1788 2726 et
1819 2671 2089 2742 sepulcro

443 2768 677 2824 recluso
711 2765 958 2820 cadaver
991 2763 1242 2818 Heraclii
1298 2779 1465 2832 aqua)
1526 2763 1713 2816 instar
1739 2762 2090 2832 dissipatum

445 2855 686 2928 reperit,
735 2869 1134 2923 coronamque
1184 2852 1360 2923 capiti
1393 2851 1915 2906 adlimrescentem.
1950 2853 2091 2905 Eam

446 2962 582 3002 cum
613 2942 874 3000 crinibus
905 2942 1134 2998 revellit
1163 2949 1406 2998 mmstus
1437 2948 1612 3012 atque
1649 2942 2004 3010 lamentans,
2037 2946 2095 2995 et

447 3033 833 3090 Constantino
860 3033 1048 3088 affert.
1083 3033 1136 3086 Is
1176 3031 1317 3086 solvi
1371 3048 1437 3086 ac
1485 3031 1765 3086 aestimari
1791 3030 1964 3102 jubet
1993 3046 2091 3084 co-

449 3139 680 3189 ronam,
710 3128 768 3176 et
821 3121 1106 3176 aestimata
1161 3125 1250 3175 est
1301 3119 1469 3174 libris
1509 3120 1900 3192 septuaginta.
1936 3125 2091 3172 Con-

449 3213 776 3270 stantinum
808 3212 967 3267 hunc
997 3211 1244 3265 Martina
1264 3225 1513 3264 noverca
1544 3214 1602 3264 et
1634 3210 1888 3280 Pyrrhus
1919 3207 2097 3278 patri-

2253 785 2346 859 Τῷ
2404 787 2486 840 Au‘
2538 783 2641 840 ἔτει
2701 785 2925 857 τελευτᾷ
2979 784 3297 862 Ἡράκλειος
3329 786 3582 863 βασιλεὺς
3616 785 3846 860 ὑδεριά-

2183 897 2298 946 σας,
2360 876 2492 947 μηνὶ
2553 876 2778 950 Μαρτίῳ
2837 877 2922 944 ια’,
2983 875 3312 950 βασιλεύσας
3369 870 3461 946 ἔτη
3530 874 3596 948 λ’,
3657 882 3845 948 μῆνας

2186 965 2236 1020 ι’.
2269 965 2440 1026 Οὗτος
2511 964 2614 1020 ὑπὸ
2680 964 2998 1019 Ἀθανασίου
3064 965 3406 1040 πατριάρχου
3470 970 3577 1020 τῶν
3647 966 3848 1020 Ἰακω-

2184 1048 2352 1107 ϐιτῶν
2409 1051 2499 1108 καὶ
2561 1053 2784 1128 Σεργίου
2841 1058 2936 1108 τοῦ
2994 1054 3171 1130 Σύρου
3213 1049 3844 1115 Κωνσταντινουπόλεως

2186 1143 2480 1213 ἀπατηθεὶς
2535 1142 2609 1205 εἷς
2665 1143 2766 1212 τὴν
2824 1142 3027 1218 αἳρεσιν
3078 1148 3187 1199 τῶν
3222 1143 3620 1214 Μονοθελητῶν
3655 1143 3845 1214 ἐξεκυ-

2186 1230 2371 1302 λίσθη,
2404 1233 2493 1286 καὶ
2526 1229 2592 1300 δὴ
2648 1232 2782 1305 μετᾶ
2833 1237 3001 1288 ταῦτα
3056 1234 3198 1306 νόσῳ
3250 1233 3555 1309 περιπεσὼν
3587 1230 3848 1306 ὕδερικῇ,

2189 1318 2262 1376 δι’
2290 1321 2354 1396 ᾖς
2398 1320 2489 1375 καὶ
2529 1320 2768 1391 τέθνηκε,
2828 1319 3018 1383 δεινῶς
3077 1323 3422 1398 ἐτιμωρεῖτο-
3456 1322 3546 1377 ἐπὶ
3574 1326 3845 1376 τοσοῦτον

2188 1410 2292 1486 γὰρ
2319 1411 2382 1465 τὸ
2413 1411 2582 1474 πάθος
2633 1409 2922 1482 ἐπεκτάθη,
2978 1412 3052 1474 ὠς
3107 1412 3271 1481 ἡνίκα
3323 1413 3578 1486 ἀπουρεῖν
3613 1407 3846 1485 ἔμελλε,

2191 1497 2379 1554 σανίδα
2433 1501 2672 1564 τίθεσθαι
2731 1500 2866 1555 κιοτά
2920 1505 3017 1556 τοῦ
3073 1501 3245 1575 ἤτρου
3306 1499 3395 1556 διὰ
3423 1502 3486 1556 τὸ
3517 1502 3848 1579 στρέφεσθαι

2189 1589 2252 1644 τὸ
2281 1585 2488 1643 αἰδοῖον
2539 1587 2704 1643 αὐτοῦ
2758 1589 2848 1643 καὶ
2902 1589 3038 1644 κατὰ
3087 1593 3184 1644 τοῦ
3237 1591 3537 1664 προσώπου
3583 1591 3646 1644 τὸ
3677 1588 3844 1662 οὖρον

2191 1677 2542 1750 ἀναπέμπειν.
2612 1677 2884 1754 Ἔλεγχος
2950 1675 3006 1734 δὲ
3079 1679 3145 1747 ἦν
3225 1683 3386 1734 τοῦτο
3443 1686 3544 1748 τῆς
3648 1679 3848 1733 ἑαυτοῦ

2193 1769 2540 1844 παρανομίας
2643 1767 2816 1826 ἕνεκεν
2893 1775 2989 1826 τοῦ
3056 1771 3134 1834 εἴς
3236 1773 3334 1841 τὴν
3405 1770 3545 1827 ΐδίαν
3621 1773 3847 1846 ἀνεψιὰν

2191 1863 2464 1934 Μαρτῖναν
2559 1857 3027 1932 παρανομωτᾶτου
3109 1861 3311 1935 γάμου,
3399 1861 3585 1930 Ἐτέθη
3657 1858 3715 1915 δὲ
3783 1861 3846 1915 τὸ

2191 1952 2350 2021 σῶμα
2378 1947 2541 2002 αὐτοῦ
2598 1947 2648 2002 ἐν
2710 1947 2958 2022 λάρνακι,
2991 1949 3080 2004 xui
3135 1947 3341 2023 ἓμεινεν
3375 1950 3598 2010 ἀσκεπὲς
3627 1949 3842 2024 ἡμέρας

2193 2035 2254 2093 δ’.
2326 2036 2603 2114 Συνετάφη
2674 2035 2729 2092 δὲ
2795 2037 2944 2110 αύτῷ
3007 2040 3098 2093 καὶ
3162 2040 3381 2112 στέμμα
3445 2043 3684 2113 χρυσοῦν
3749 2040 3842 2093 xui

2193 2124 2365 2186 οὕτως
2395 2127 2717 2198 ἐσκεπάσθη.

2263 2213 2411 2268 Μετά
2481 2217 2675 2268 τοῦτον
2773 2212 3046 2286 βασιλεύει
3144 2218 3542 2277 Κωνσταντῖνος
3627 2217 3656 2271 ὁ
3733 2217 3850 2280 υἱὸς

2194 2306 2360 2360 αὐτοῦ
2428 2313 2625 2378 μῆνας,
2695 2303 2758 2360 δ”
2825 2307 2923 2361 ἾΙν
2994 2305 3051 2362 δὲ
3117 2308 3338 2378 ἀσθενὴς
3395 2308 3458 2364 τὸ
3515 2313 3698 2381 σῶμα,
3731 2309 3850 2363 καθ’

2195 2393 2442 2464 ἑκάστην,
2509 2395 2585 2458 ὠς
2645 2395 2838 2464 εἰπεῖν,
2906 2395 3360 2470 νοσηλευόμενος.
3453 2397 3642 2470 Τούτῳ
3708 2399 3844 2458 τινὲς

2197 2483 2468 2559 λέγουσιν,
2524 2485 2604 2539 δτι
2665 2487 2742 2541 Τὸ
2801 2484 3038 2558 στέμμα,
3093 2485 3144 2540 ἐν
3205 2488 3250 2559 ᾦ
3305 2485 3592 2562 ἐστὲφθης,
3647 2485 3742 2541 σὺν
3771 2487 3850 2559 τῷ

2197 2573 2363 2646 πατρί
2418 2594 2512 2628 σου
2567 2571 2757 2652 ἐτάφη.
2819 2575 2916 2628 Καὶ
2972 2573 3219 2630 ἐκέλευσε
3281 2573 3591 2649 Καλλινίκῳ
3655 2570 3848 2631 x0061.-

2198 2661 2477 2738 κουλαρίῳ
2523 2662 2747 2735 κομίσαι
2816 2659 2969 2720 αὐτό.
3033 2663 3312 2720 ’Δπελοὼν
3370 2665 3460 2720 οὗν
3516 2665 3609 2720 καὶ
3641 2665 3850 2735 ἀνοίξας

2199 2751 2319 2826 εὗρε
2371 2752 2432 2805 τὸ
2492 2755 2651 2825 σῶμα
2717 2749 2968 2817 διαλυθὲν
3029 2753 3158 2808 ὡσεὶ
3213 2750 3380 2828 ὕδωρ,
3435 2754 3497 2808 τὸ
3547 2750 3604 2808 δὲ
3634 2754 3851 2825 στέμμα

2201 2841 2479 2916 συμπαγέν
2535 2844 2604 2913 τῇ
2655 2840 2888 2919 κεφαλῇ.
2950 2841 3052 2898 Καὶ
3110 2843 3397 2898 ἀνέσπασεν
3454 2843 3586 2898 αότὸ
3647 2842 3739 2896 σὺν
3781 2846 3847 2916 τῇ

2200 2930 2373 3003 κόμῃ,
2432 2933 2639 2992 πενθῶν
2691 2931 2780 2983 καί
2839 2929 3192 3004 ὀδυρόμενος,
3250 2933 3340 2986 καὶ
3398 2933 3649 3008 ἀπήγαγε
3688 2931 3848 2986 τοῦτο

2199 3024 2278 3090 τῷ
2335 3019 2747 3091 Κωνσταντίνῳ.
2808 3020 2869 3075 Ὁ
2928 3017 2984 3074 δὲ
3033 3019 3280 3076 ἐκέλευσε
3335 3023 3493 3076 10-310
3527 3020 3850 3096 παραλυθῆ-

2202 3129 2288 3162 ναι
2355 3108 2444 3162 καὶ
2518 3110 2842 3178 τιμηθῆναι·
2915 3110 2945 3163 ὅ
3010 3109 3099 3164 καὶ
3163 3107 3454 3184 διετιμήθη
3525 3109 3718 3186 λίτρας
3783 3111 3850 3167 θ’.

2203 3196 2443 3266 Τελευτᾷ
2499 3193 2556 3250 δὲ
2614 3200 3010 3260 Κωνσταντῖνος
3062 3199 3456 3275 φαρμακευθεὶς
3507 3199 3612 3254 ὑπὸ
3645 3198 3853 3275 Μαρτί-

445 3301 626 3357 archa
653 3317 876 3356 veneno
909 3302 1286 3363 necaverunt,
1311 3296 1672 3367 cadaverque
1705 3297 1834 3368 ejus
1866 3296 1926 3349 in
1958 3294 2088 3348 fano

2205 3306 2300 3355 νης
2334 3292 2431 3355 τῆς
2461 3285 2626 3341 αὐτοῦ
2660 3294 2928 3362 μητρυιᾶς
2974 3289 3061 3342 xui
3122 3288 3336 3365 Πύρρου
3365 3269 3850 3365 πατριάρχουίκαὶ

443 3393 755 3446 Beatorum
804 3387 1217 3458 Apostolorum
1295 3389 1618 3456 repositum
1678 3391 1785 3441 est.
1842 3387 2091 3439 Uxorem

444 3478 652 3535 habuit
679 3477 1071 3541 Anastasiam,
1103 3491 1234 3546 quae
1273 3479 1407 3545 post
1435 3480 1683 3528 mortem
1707 3475 1879 3545 juxta
1911 3473 2090 3527 mari-

448 3573 576 3622 tum
609 3571 696 3621 est
721 3565 978 3620 condita.

518 3655 839 3726 Imperium
866 3653 1079 3709 deinde
1104 3653 1457 3708 Heraclonas
1477 3669 1610 3707 cum
1636 3658 1822 3707 matre
1847 3653 2092 3707 Martina

442 3745 635 3801 tenuit
663 3760 900 3798 menses
932 3746 983 3800 6.
1038 3744 1091 3797 Is
1145 3743 1218 3797 ad
1281 3742 1568 3813 templum
1601 3742 1827 3796 Sanctae
1859 3743 2090 3812 Sophiaa

441 3834 688 3906 protulit
715 3849 1018 3899 coronam,
1051 3848 1229 3902 quam
1269 3831 1688 3886 Constantinus
1719 3847 1786 3884 ex
1821 3831 2090 3901 sepulcro

442 3925 626 3995 patris
683 3921 1029 3978 abstulerat.
1097 3921 1373 3992 Legatum
1433 3937 1666 3990 quoque
1717 3921 2090 3974 Constantini

439 4013 644 4071 fratris
678 4011 967 4067 militibus
987 4010 1204 4065 viritim
1237 4011 1350 4064 tria
1379 4010 1738 4065 nomismata
1768 4009 2088 4064 distribuit.

447 4105 566 4158 Hoc
623 4118 779 4157 anno
839 4101 1059 4156 Mahias
1111 4100 1404 4155 Caesarem
1451 4099 1783 4154 Palaestina:
1823 4103 2091 4169 occupat,

445 4196 671 4263 septem
703 4205 892 4245 annos
925 4195 1322 4261 oppugnatam
1349 4204 1362 4252 ;
1421 4204 1488 4242 ac
1520 4187 1581 4242 in
1627 4203 1696 4242 ea
1727 4193 1952 4258 septem
1981 4190 2092 4242 Ro-

445 4295 760 4335 manorum
791 4277 981 4332 millia
1033 4277 1332 4331 interficit.
1391 4276 1606 4330 Eodem
1665 4292 1820 4330 anno
1853 4281 2093 4331 senatus

446 4367 832 4423 Heraclonam
860 4382 993 4420 cum
1027 4370 1214 4420 matre
1245 4381 1352 4420 sua
1385 4366 1536 4422 754
1566 4370 1625 4420 et
1657 4365 1966 4420 Valentino
1997 4365 2094 4420 de~

440 4457 594 4529 jicit.
629 4459 686 4509 et
716 4454 1024 4510 Martinam
1051 4459 1283 4510 exsecta
1301 4455 1520 4524 lingua,
1545 4454 1928 4509 Heraclonam
1951 4472 2094 4510 naso

451 4544 788 4601 mutilatum
819 4548 1082 4598 extorres
1113 4543 1266 4614 agit:
1299 4544 1678 4598 Constantem
1725 4544 2094 4599 Constantini

451 4633 641 4689 [illum
665 4631 916 4687 Heraclii
941 4637 1220 4702 nepotem
1243 4632 1492 4703 imperio
1518 4631 1868 4705 praeﬁciunt.
1892 4633 2088 4687 Tenuit

2205 4632 2352 4682 τῖναν
2427 4626 2517 4681 καὶ
2611 4627 3066 4700 ῥινοκοπήσαντες
3143 4626 3493 4702 Ἡρακλωνᾶν

449 4724 560 4778 hoc
591 4737 782 4776 annos
813 4724 901 4774 27.
935 4720 1224 4775 Caeterum
1258 4720 1616 4776 Heraclonas
1645 4738 1765 4776 non
1795 4727 1886 4776 est
1916 4722 2097 4792 impe-

447 4811 666 4867 ratoria
733 4809 1040 4882 sepultura
1095 4809 1362 4879 affectus,
1421 4809 1524 4864 sed
1581 4825 1762 4881 regno
1828 4810 2091 4880 ejectus;

449 4901 854 4974 privatamque
887 4914 1067 4971 agens
1098 4898 1299 4966 vitam,
1333 4914 1465 4953 cum
1499 4903 1686 4953 matre
1719 4899 1968 4953 Martina
1995 4898 2100 4953 hu-

454 4993 648 5044 matus
682 4991 771 5042 est
819 4985 878 5040 in
910 4984 1205 5040 dominico
1253 4985 1631 5040 monasterio.
1667 4985 1891 5056 Pyrrho
1923 4985 2100 5039 etiam

453 5078 763 5150 proﬂigato
790 5075 1125 5148 patriarcha
1146 5074 1343 5146 Cpolis
1365 5080 1598 5130 creatur
1619 5074 1835 5130 Paulus
1857 5075 2102 5147 presby-

378 5181 381 5184 '
454 5171 545 5221 ter
600 5173 658 5222 et
713 5166 1104 5238 dispensator,
1165 5164 1264 5234 qui
1329 5165 1736 5236 episcopatum
1782 5164 1962 5236 gessit
1991 5181 2100 5218 an-

456 5267 584 5306 nos.
620 5257 708 5308 12.

2204 3374 2407 3437 τίθεται
2467 3376 2530 3430 τὸ
2596 3380 2756 3448 σῶμα
2823 3376 2988 3431 αὐτοῦ
3055 3377 3106 3431 ἐν
3171 3383 3250 3448 τῷ
3515 3383 3625 3434 τῶν
3660 3379 3852 3454 Ἀγίων

2207 3464 2578 3521 Ἀποστόλων.
2640 3467 2782 3534 Γυνή
2844 3463 2901 3520 δὲ
2959 3465 3150 3522 τούτον
3185 3469 3523 3540 Ἀναστασία,
3565 3467 3686 3536 ἣτις
3723 3469 3855 3542 μετά

2205 3551 2464 3620 τελευτὴν
2494 3555 2756 3631 συνετάφη
2788 3555 2867 3626 τῷ
2900 3551 3023 3628 ἰδίῳ
3052 3552 3228 3631 ἀκδρί.

2280 3641 2562 3698 Βασιλεύει
2625 3641 2681 3697 δὲ
2744 3641 3096 3717 Ἡρακλωνᾶς
3173 3645 3264 3699 σὺν
3356 3647 3521 3718 μητρὶ
3610 3646 3850 3720 Μαρτίνῃ

2212 3740 2385 3805 μῆνας
2417 3741 2478 3796 ς’.
2531 3733 2702 3793 Οὗτος
2754 3735 3101 3809 προσήγαγεν
3161 3733 3238 3797 εἰς
3295 3736 3396 3802 τήν
3431 3734 3615 3808 Ἀγίαν
3653 3734 3852 3812 Σοφίαν

2206 3825 2268 3878 τὸ
2337 3822 2550 3895 στέμμα
2615 3821 2748 3896 ὅπερ
2833 3821 3084 3900 ἀφείλετο
3163 3827 3566 3886 Κωνσταντῖνος
3635 3824 3693 3879 ἐκ
3757 3831 3850 3879 τοῦ

2211 3912 2482 3986 μνημείου
2574 3915 2670 3966 τοῦ
2737 3912 2938 3985 πατρὸς
3033 3911 3220 3982 αὐτοῦ,
3297 3911 3422 3975 δοὺς
3486 3915 3576 3968 καὶ
3646 3915 3850 3987 ἑκάστῳ

2209 4001 2618 4078 στρατευομένῳ
2709 4000 2959 4077 λεγάτον,
3058 4003 3369 4074 νομίσματα
3469 4004 3614 4077 τρία,
3723 4005 3850 4078 ὑπὲρ

2211 4089 2618 4148 Κωνσταντίνου
2669 4086 2908 4166 ἀδελφοῦ
2965 4090 3154 4148 αὐτοῦ.
3211 4090 3405 4165 Τούτῳ
3429 4097 3508 4165 τῷ
3538 4091 3645 4148 ἔτει
3676 4113 3852 4168 παρα-

2208 4175 2476 4252 λαμϐάνει
2535 4174 2744 4240 Μαϐίας
2805 4181 3128 4254 Καισάρειαν
3179 4188 3279 4251 τῆς
3326 4181 3693 4252 Παλαιστίνης
3729 4185 3856 4256 μετὰ

2199 4269 2340 4323 ἑπτὰ
2391 4265 2482 4337 ἔτη
2531 4274 2632 4336 τῆς
2687 4265 3011 4340 πολιορκίας
3064 4269 3258 4339 αὐτῆς,
3287 4270 3377 4324 καὶ
3409 4271 3604 4326 κτείνει
3635 4269 3690 4326 ἐν
3723 4270 3855 4344 αὐτῇ

2207 4357 2494 4432 Ῥωμαίων
2550 4355 2807 4433 χιλιάδας
2864 4358 3014 4413 ἑπτα.
3076 4358 3264 4432 Τούτῳ
3319 4365 3398 4431 τῷ
3449 4354 3552 4416 ἔτει
3603 4361 3857 4416 ἀπώσατο

2206 4451 2242 4518 ἡ
2302 4446 2612 4521 σύγκλητος
2665 4445 3012 4518 Ἡρακλωνᾶν
3069 4448 3182 4520 ἃμα
3252 4449 3493 4524 Μαρτίνῃ
3554 4454 3622 4524 τῇ
3693 4453 3855 4526 μητρὶ

2210 4538 2370 4592 αὑτοῦ
2427 4537 2515 4590 καὶ
2577 4535 2906 4608 Βαλεντίνῳ,
2958 4537 3047 4592 xui
3105 4536 3670 4613 γλωσσοκοπήσαντες
3708 4543 3855 4614 Μαρ-

3598 4629 3852 4704 ἐξώρισαν

2207 4715 2570 4790 ἀμφοτέρους.
2641 4715 2739 4769 Καὶ
2807 4710 3125 4770 ἂνεϐίϐασαν
3192 4718 3513 4774 Κώνσταντα
3576 4721 3669 4774 τὸν
3739 4721 3851 4775 υἱὸν

2205 4805 2638 4874 Κωνσταντίνου,
2695 4801 2912 4882 ἔγγονον
2961 4804 3309 4881 Ἡρακλείου,
3369 4806 3456 4862 ἐπὶ
3495 4809 3596 4878 τήν
3649 4808 3853 4888 ἀρχὴν,

2211 4893 2270 4954 ὃς
2328 4891 2616 4968 ἐκράτησεν
2671 4893 2756 4966 [Ρ.
2789 4895 2914 4966 431]
2972 4890 3064 4963 ἔτη
3125 4895 3224 4963 κζ’.
3282 4898 3340 4952 Ὁ
3395 4892 3454 4949 δὲ
3509 4895 3856 4968 Ἠρακλωνᾶς

2212 4981 2311 5036 οὐκ
2353 4981 2519 5060 ἐτάφη
2577 4982 2900 5057 βασιλικῶς,
2953 4981 3098 5038 ἀλλᾶ
3149 4980 3408 5058 διωχθεὶς
3452 4982 3512 5039 ἐκ
3556 4989 3657 5051 τῆς
3713 4987 3859 5060 βασι·

2214 5070 2362 5135 λείας
2403 5073 2489 5126 καὶ
2553 5069 2850 5127 ἰδιωτεύων
2911 5071 3078 5152 ἐτάφη
3135 5071 3192 5126 ἐν
3246 5078 3326 5145 τῷ
3388 5077 3740 5150 μοναστηρίῳ
3772 5075 3858 5130 σὺν

2210 5164 2279 5235 τῇ
2314 5160 2481 5236 μητρὶ
2530 5162 2800 5237 Μαρτίνᾳ.
2842 5160 3058 5238 Πύρῥου
3108 5160 3167 5217 δὲ
3213 5158 3575 5233 ἐκϐληθέντος
3607 5169 3866 5241 Χειροτο-

2214 5255 2385 5304 νεῖται
2478 5252 2826 5325 πατριάρχης
2930 5251 3551 5316 Κωνσταντινουπόλεως
3652 5255 3862 5316 Παῦλος

2216 5335 2580 5414 πρεσϐύτερος
2628 5339 2717 5393 καὶ
2767 5337 3080 5414 οἰκονόμος,
3128 5339 3498 5412 ἐπισκοπήσας
3530 5336 3624 5413 ἔτη
3661 5345 3709 5418 β’
3733 5345 3860 5417 (75).

1667 5457 2020 5527 XYLANDRI
2061 5457 2146 5510 ET
2185 5457 2396 5512 GOARI
2437 5458 2657 5511 NOTAE.

539 5550 652 5622 (75)
682 5549 843 5605 ldem
893 5555 982 5622 est
1031 5552 1188 5622 apud
1231 5527 1522 5608 Zonarum
1552 5555 1613 5608 in
1646 5553 1963 5610 Constante
1997 5555 2108 5608 lle-

469 5621 636 5679 raclii
687 5623 750 5676 N.
781 5622 848 5674 In
893 5621 1284 5693 Chronologia
1328 5625 1638 5695 Nicephori
1681 5625 2109 5696 archiepiscopi

2221 5554 2512 5636 Cpolitani
2540 5553 2752 5636 legitur
2779 5557 2991 5636 anni-.2
3023 5555 3080 5611 d.
3131 5560 3220 5636 26.
3270 5558 3411 5613 Eam
3443 5559 3704 5636 Grajcam
3735 5561 3854 5636 ipse

2222 5641 2343 5682 non
2401 5625 2553 5680 vidi:
2605 5625 2820 5684 Latine
2877 5626 3036 5686 edita
3090 5634 3202 5704 est,
3259 5646 3430 5689 versa
3467 5646 3503 5689 ιι
3530 5625 3855 5694 Germania
