4124 6210
215 363 359 426 825

1381 342 1919 422 HISTORIARUM
1966 358 2532 424 CUMPENDIUM.

3540 365 3660 422 826

316 494 548 569 Κόσμου
576 487 696 557 ἔτος
729 490 907 568 ςρλδ’,
937 499 1038 563 τῆς
1093 490 1239 557 θείας
1270 492 1598 567 σαρκώσεως
1628 488 1747 553 ἔτος
1779 496 1899 570 χμ’.

2088 500 2259 550 Anno
2289 496 2496 551 mundi
2554 499 2713 565 6134,
2772 514 2928 553 anno
2988 497 3198 552 divinae
3227 497 3662 553 Incarnationis

221 583 537 657 Ῥωμαίων
597 580 854 658 βασιλεὺς
912 582 1169 643 Κώνστας
1227 581 1256 636 ὁ
1310 581 1429 644 υίὸς
1486 580 1900 637 Κωνσταντίνου

226 673 369 727 υἱοῦ
398 667 752 746 Ἡρακλείου,
784 666 1179 744 αἱρετικὸς,⁹ἑτη
1210 675 1309 740 xC.
1341 670 1439 731 ’ος
1468 670 1904 743 παρακλητικοῖς

226 759 435 835 λόγοις
467 759 606 833 πρὸς
654 759 755 827 τήν
797 756 1108 832 σύγκλητον
1162 756 1462 833 ἐχρήσατο,
1494 754 1774 816 ἐπαινέσας
1805 755 1902 810 αύ-

223 851 343 919 τήν
380 849 513 923 ὑπὲρ
543 851 641 904 τοῦ
675 848 868 921 μίσους
898 845 1223 922 Ἡρακλωνᾶ
1260 847 1350 901 καὶ
1382 845 1659 921 Μαρτίνῃς
1690 844 1764 907 ὡς
1789 862 1903 919 φο-

229 939 381 995 νέων
414 935 716 1014 γεγονότων
749 940 851 991 τοῦ
872 936 1075 1011 πατρὸς
1103 935 1293 1006 αὐτοῦ,
1311 936 1402 991 καὶ
1427 932 1658 1010 δωρεαῖς
1687 932 1906 1011 φιλοτι-

239 1027 570 1102 μησάμενος
594 1024 847 1081 ἀπέλυσε.
996 1076 1003 1083 .

314 1117 416 1188 Τῷ
448 1116 495 1190 β’
537 1108 645 1170 ἔτει
702 1112 904 1188 ἤρξατο
960 1115 1218 1189 Οίίμαρος
1273 1109 1586 1187 οἰκοδομεῖν
1634 1113 1725 1168 τὸν
1779 1112 1907 1167 ναὸν

235 1204 639 1281 Ἰερουσαλὴμ,
686 1205 779 1259 καὶ
836 1204 948 1279 οὐχ
999 1203 1188 1260 ἳστατο
1241 1204 1303 1259 τὸ
1332 1204 1557 1278 κτίσμα.
1591 1200 1909 1276 Πυθομὲνου

241 1294 306 1352 δὲ
336 1296 438 1366 τήν
471 1296 648 1350 αἰτίαν
679 1295 831 1350 ε’ίπον
871 1295 925 1349 οἱ
974 1290 1253 1364 Ἰουδαῖοι,
1313 1293 1403 1349 καὶ
1453 1295 1766 1368 κατήγαγον
1818 1291 1910 1346 16v

242 1387 482 1461 σταυρὸν
527 1386 621 1441 τὸν
680 1383 811 1439 ὄντα
866 1382 1047 1439 ἐπάνω
1121 1388 1220 1438 τοῦ
1268 1388 1396 1438 ναοῦ
1441 1386 1538 1439 τοῦ
1587 1382 1747 1458 ὅρους
1803 1385 1911 1437 τῶν

248 1475 521 1547 Ἐλαιῶν,
550 1474 642 1530 καὶ
695 1473 870 1535 οὕτως
928 1472 1151 1543 συνέστη
1210 1472 1387 1528 αὐτῶν
1419 1474 1455 1542 ἡ
1487 1470 1780 1545 οἰκοδομή.
1815 1470 1911 1525 Διὰ

243 1566 455 1636 ταύτην
512 1564 610 1633 τήν
665 1562 841 1618 αἰτίαν
910 1560 1158 1625 πολλοὺς
1218 1560 1479 1637 σταυροὺς
1510 1562 1826 1637 κατήγαγον
1858 1560 1911 1614 οἱ

254 1652 634 1730 μισόχριστοι.

325 1748 417 1817 Τῷ
447 1744 495 1819 γ’
523 1737 630 1798 ἔτει
653 1744 871 1819 γέγονεν
902 1736 1149 1815 ἔκλειψις
1182 1739 1370 1810 ἡλίου.

2006 586 2133 652 640,
2163 588 2452 641 Constans
2484 588 2879 642 Romanorum
2904 587 3219 658 imperium
3262 588 3514 658 adoptus
3546 592 3657 649 est,

2008 672 2187 745 idque
2216 676 2399 746 gessit
2427 692 2617 731 annos
2663 677 2757 743 2‘7,
2787 675 3157 731 Constantini
3192 675 3369 740 filius,
3398 675 3656 729 Heraclii

2008 778 2193 833 nepos
2259 763 2592 820 hmreticus.
2658 766 2711 819 ls
2773 771 3047 819 senatum
3114 764 3383 819 oratione
3441 762 3661 819 blanda

2010 853 2395 924 compellavit,
2430 853 2775 909 collandans
2805 870 2906 909 eos
2940 854 3013 908 ob
3053 852 3505 909 insectationem
3538 853 3663 907 He-

2010 942 2268 997 raclonaa
2300 949 2359 997 et
2396 943 2679 1009 Martium,
2703 958 2737 997 ει
2758 942 2977 1013 quibus
3006 948 3235 1013 patrem
3267 956 3439 996 suum
3474 941 3660 994 inter-

2012 1033 2232 1089 fectum
2263 1033 2535 1102 dicebat;
2566 1033 3015 1103 liberaliterque
3060 1033 3311 1088 donatos
3344 1032 3589 1087 dimisit.

2083 1125 2250 1178 Anno
2283 1123 2462 1194 hujus
2516 1122 2701 1177 altero
2756 1123 3005 1178 Umarus
3055 1122 3349 1177 mdiﬁcare
3376 1120 3665 1192 templum

2015 1210 2614 1283 Hierosolymitanum
2669 1211 2886 1282 cmpit;
2947 1225 3201 1281 cumque
3260 1210 3512 1265 aedificia
3542 1225 3664 1264 non

2014 1300 2428 1357 consisterent.
2459 1299 2645 1356 Judaei
2697 1315 2936 1355 causam
2983 1299 3171 1370 rogati
3204 1314 3336 1353 eam
3369 1313 3667 1369 exposue-

2015 1394 2175 1460 runt,
2205 1405 2273 1445 ac
2303 1405 2539 1446 crucem
2570 1405 2702 1460 qum
2745 1388 2966 1460 templo
3000 1387 3219 1442 montis
3249 1386 3521 1442 Olearum
3554 1387 3668 1441 im-

2016 1479 2209 1552 posita
2238 1484 2366 1535 erat
2394 1479 2820 1550 deposuerunt.
2854 1478 2939 1532 lta
2986 1477 3226 1532 demum
3281 1475 3533 1532 edificia
3564 1476 3668 1530 lir-

2017 1573 2177 1623 mata
2208 1572 2366 1623 sunt.
2389 1570 2583 1639 Atque
2605 1568 2731 1623 haac
2753 1583 2847 1621 res
2869 1566 3085 1621 Christi
3115 1564 3387 1621 osoribus
3406 1564 3671 1621 occasio-

2018 1674 2156 1713 nem
2184 1656 2440 1729 przebuit
2469 1655 2688 1712 multas
2718 1672 2927 1711 cruces
2956 1652 3331 1710 deturbandi.

2090 1750 2259 1802 Anno
2293 1746 2465 1801 tertio
2494 1745 2761 1801 defectus
2792 1744 2937 1800 solis
2966 1744 3097 1799 fuit.

324 1835 422 1906 Τῷ
480 1840 523 1897 ς’
580 1826 685 1888 ἔτει
740 1830 957 1907 γέγονεν
1012 1831 1213 1903 ’ἄνεμος
1293 1829 1496 1905 βίαιος,
1579 1831 1668 1884 καί
1725 1827 1913 1885 πολλὰ

2087 1838 2257 1892 Anno
2311 1841 2475 1891 sexto
2516 1836 2724 1907 ingens
2774 1840 2986 1889 ventns
3038 1833 3259 1888 multas
3296 1831 3676 1904 praagrandes

255 1919 452 1997 δένδρα
480 1921 807 1995 παμμεγέθη
842 1917 1055 1988 ἔπεσον,
1087 1917 1178 1973 καὶ
1209 1916 1443 1983 στύλους
1470 1914 1677 1995 ἔῤῥιψε.

330 2015 427 2085 Τῷ
490 2012 531 2081 ζ’
595 2005 701 2066 ἔτει
765 2008 1150 2084 ἐπεστράτευσε
1233 2003 1442 2071 Μαϐίας
1524 2008 1599 2071 εἰς
1667 2008 1906 2083 Κύπρον,

258 2101 405 2179 ἔχων
464 2101 643 2180 σκάφη
702 2101 812 2175 αφ’,
870 2098 959 2154 καὶ
1030 2093 1308 2172 παρέλαϐε
1361 2099 1761 2156 Κωνστάντειαν
1820 2098 1911 2153 καὶ

260 2199 436 2250 πᾶσαν
478 2192 577 2262 τὴν
602 2197 790 2260 νῆσον.

330 2285 427 2355 Τῷ
460 2281 510 2352 η’
541 2276 648 2335 ἔτει
694 2273 909 2339 Μαϐίας
954 2280 1053 2347 τήν
1092 2275 1326 2352 Ἀραδον
1373 2274 1623 2353 σφοδρῶς
1654 2275 1912 2350 πολεμή-

260 2396 354 2438 σας
419 2373 622 2445 ταύτην
706 2369 864 2449 λόγῳ
935 2366 1214 2445 παρέλαϐε
1276 2370 1367 2427 καὶ
1432 2369 1749 2445 ἀπετείχισε
1821 2369 1912 2424 καὶ

260 2464 545 2539 ἰνὲπρησε,
600 2461 689 2518 καὶ
743 2462 844 2530 τὴν
903 2467 1066 2531 νῆσον
1097 2458 1282 2516 ἄοικον
1341 2458 1617 2531 ἑποιίησεν
1671 2454 1777 2519 ἕως
1813 2462 1912 2514 τοῦ

262 2552 375 2608 νῦν.
407 2553 501 2623 Τῷ
532 2548 577 2605 δ’
609 2551 762 2623 αὐτῷ
807 2547 913 2606 ἔτει
950 2548 1167 2626 γέγονεν
1224 2547 1278 2604 ἑν
1327 2549 1519 2622 Ῥώμῃ
1553 2544 1776 2608 σύνοδος
1810 2547 1915 2602 ὑπὸ

270 2641 555 2717 Μαρτίνου
583 2638 718 2694 κατὰ
745 2644 852 2694 τῶν
886 2636 1308 2709 Μονοθελητῷν.

338 2730 430 2800 Τῷ
463 2733 528 2782 ια’
553 2723 658 2781 ἔτει
688 2724 840 2787 κόνις
870 2723 930 2780 ἐκ
958 2728 1056 2779 τοῦ
1088 2723 1319 2799 ούρανοῦ
1349 2721 1681 2798 κατηνὲγθη.

335 2822 423 2890 Τῷ
484 2817 553 2891 ιβ’
609 2809 829 2878 Μαϐίας
904 2810 1227 2872 καταλαϐὼν
1297 2815 1399 2883 τὴν
1457 2810 1641 2869 Ῥόδον
1695 2811 1915 2869 καθεῖλε

266 2908 356 2964 16v
416 2903 682 2961 κολοσσὸν
742 2903 875 2978 μετᾶ
929 2905 1061 2973 ατεε⁸
1116 2899 1210 2973 ἔτη
1268 2905 1367 2973 τῆς
1423 2902 1588 2958 αὐτοῦ
1625 2899 1912 2978 ἱδρύσεως·

270 2997 328 3052 6v
387 2994 740 3067 ὠνησάμενος
794 2991 1035 3067 ἔμπορος
1118 2990 1399 3047 ἐννακόσια
1455 2989 1707 3064 καμήλια
1761 2989 1917 3070 ἐφόρ-

266 3105 408 3141 τωσε
435 3085 525 3139 τὸν
586 3080 815 3159 χαλκόν.
875 3082 976 3139 Καὶ
1035 3082 1138 3158 γὰρ
1196 3082 1248 3137 οἱ
1306 3078 1508 3138 Ῥόδιοι
1542 3081 1912 3152 θαλασκοκρα-

266 3177 524 3245 τήσαντες
555 3174 848 3243 ἀνέστησαν
871 3168 1152 3246 ἀνδριάντα
1182 3168 1425 3246 χαλκοῦν
1470 3174 1552 3244 τῷ
1599 3169 1775 3244 Ἥλίφ
1802 3192 1913 3243 πη.

270 3268 387 3341 χῶν
418 3270 491 3334 π’,
522 3262 598 3326 ὡς
626 3260 779 3335 λέγει
801 3261 865 3316 τὸ
890 3257 945 3315 ἐν
976 3257 1123 3331 αὐτῷ
1148 3257 1488 3335 ἐπίγραμμα·

377 3351 485 3410 Τὸν
518 3350 572 3406 ἂν
602 3346 775 3421 Ῥόδῳ
800 3346 1069 3404 κολοσσὸν
1100 3346 1317 3410 ὀκτάκις
1348 3345 1476 3405 δέκα

382 3439 575 3515 Λάχης
609 3438 836 3509 ἐποίησε
865 3438 1094 3513 πήχεων
1124 3437 1151 3491 6
1184 3434 1419 3501 Λίνδιος.

274 3534 372 3589 Ὃν
404 3528 495 3585 διὰ
550 3528 613 3584 τὸ
674 3528 898 3605 μέγεθος
960 3526 1218 3583 ἐκάλεσαν
1274 3525 1571 3596 κολοσσὸν,
1618 3528 1710 3604 ἀφ’
1740 3528 1802 3583 οῦ
1827 3528 1918 3583 καὶ

276 3619 432 3676 αὐτοὶ
466 3617 798 3680 Κολοσσαεῖς
828 3621 941 3693 (76)
966 3618 1385 3692 ὠνομάσθησαν.

341 3714 429 3781 Τῷ
534 3710 601 3784 ιγ’
684 3703 788 3763 ἔτει
884 3702 1098 3769 Μαϐίας
1198 3703 1474 3777 ἐξόπλισιν
1541 3706 1594 3762 ἐν
1661 3706 1920 3781 Τριπόλει

277 3796 498 3869 ἇποίησε
563 3796 820 3872 μεγάλων
876 3794 1088 3852 πλοίων
1141 3800 1238 3851 τοῦ
1296 3794 1536 3860 ἀνελθεῖν
1591 3798 1727 3852 κατά
1768 3799 1919 3855 Κων-

278 3887 794 3950 σταντινουπόλεως.
871 3891 1047 3945 Τοῦτο
1123 3889 1439 3962 θεασάμενοι
1517 3886 1613 3945 δύο
1692 3886 1921 3968 ἀδελφοὶ

277 3977 656 4059 φιλόχριστοι,
707 3976 818 4032 υἱοὶ
881 3976 1258 4052 βυκινάτορος,
1319 3977 1474 4049 ζήλῳ
1533 3976 1662 4050 θείῳ
1690 3976 1921 4052 τρωθέν-

277 4089 358 4123 τεε
412 4069 494 4141 [Ρ.
527 4069 654 4138 432‘;
711 4064 799 4120 ἐπὶ
853 4064 917 4119 τὸ
975 4062 1354 4139 δεσμωτήριον
1405 4063 1786 4140 παρεγένοντο,
1832 4066 1924 4121 καὶ

277 4158 367 4218 τὰς
423 4153 600 4217 πύλας
659 4151 1044 4231 διαρρήξαντες
1101 4154 1189 4208 καὶ
1246 4154 1373 4216 τοὺς
1432 4151 1687 4228 δεσμίους
1724 4153 1925 4212 λύσαν-

279 4266 362 4308 τες
389 4244 484 4300 τὸν
543 4243 761 4316 ἀμηρᾶς
820 4241 1145 4318 Τριπόλεως
1204 4242 1516 4298 ἀπέκτειναν
1548 4244 1638 4299 καὶ
1668 4244 1799 4307 τοὺς
1830 4244 1923 4300 σὺν

282 4335 445 4407 αύτῷ,
501 4334 591 4388 καὶ
647 4334 747 4402 τήν
804 4332 1109 4401 ἀποσκευήν
1157 4338 1331 4387 πᾶσαν
1382 4331 1760 4407 ἐμπρήσαντες
1836 4334 1925 4390 ἐπὶ

285 4422 587 4498 Ῥωμανίαν
646 4419 1009 4479 ἀπίπλευσαν.
1069 4420 1173 4479 Καὶ
1226 4423 1256 4477 ὁ
1317 4422 1411 4495 μὶν
1471 4418 1687 4486 Μαϐίας
1765 4444 1924 4500 στρα-

286 4515 423 4570 τεύει
482 4510 806 4584 Καισάρειαν
880 4518 982 4580 τῆς
1072 4508 1480 4579 Καππαδοκίας,
1550 4509 1926 4590 Ἀϐουλαούαρ

2017 1925 2260 1982 arbores
2293 1943 2362 1981 ac
2393 1925 2702 1981 columnas
2733 1924 2969 1996 dejecit.

2092 2016 2239 2073 755
2274 2016 2443 2069 Anno
2475 2017 2505 2067 7
2537 2013 2756 2068 Mabias
2810 2014 2871 2067 in
2927 2013 3180 2084 Cyprum
3229 2008 3673 2081 expeditionem

2016 2103 2178 2171 fecit,
2228 2104 2475 2160 navibus
2521 2106 2678 2173 l700,
2728 2102 3034 2173 occupavit
3062 2099 3467 2156 Constantiam
3492 2103 3552 2153 et
3578 2104 3672 2153 to-

2018 2198 2140 2249 tam
2172 2193 2451 2249 insulam.

2089 2285 2260 2337 Anno
2291 2283 2324 2335 8
2351 2282 2570 2337 Mabias
2600 2282 2859 2336 Aradum
2890 2285 3024 2353 post
3052 2295 3249 2336 acrem
3280 2276 3673 2349 Oppugnatio-

2019 2387 2159 2426 nem
2190 2375 2360 2442 pacto
2391 2371 2568 2441 cepit,
2598 2370 2901 2440 murisque
2925 2368 3172 2439 dejectis
3192 2365 3480 2432 incendit,
3503 2365 3671 2419 fecit-

2020 2476 2135 2530 que
2167 2463 2232 2515 ut
2261 2458 2459 2514 insula
2501 2459 2563 2513 in
2612 2458 2770 2513 hunc
2818 2472 3004 2527 usque
3049 2456 3205 2510 diem
3239 2453 3670 2508 habitatoribus

2022 2553 2237 2604 careat.
2272 2550 2351 2603 Eo
2386 2548 2513 2619 ipso
2570 2563 2727 2601 anno
2786 2548 2984 2601 Romen
3043 2543 3324 2598 Martinus
3350 2540 3670 2595 concilium

2022 2638 2141 2710 egit
2169 2642 2375 2694 contra
2406 2635 2856 2693 Monotheletas.
3120 2698 3133 2709 ι

2094 2731 2265 2782 Anno
2298 2730 2359 2781 11
2396 2724 2583 2797 pulvis
2612 2724 2685 2779 de
2715 2722 2862 2780 caalo
2894 2727 2984 2777 est
3012 2721 3263 2777 delatus.

2094 2818 2266 2871 Anuo
2299 2818 2365 2869 12
2409 2812 2628 2869 Mabias
2676 2811 2879 2868 Rhodo
2927 2811 3124 2881 potius
3172 2808 3468 2863 colossum
3507 2821 3669 2860 ever-

2023 2906 2115 2975 tit,
2161 2921 2319 2960 anno
2351 2908 2665 2975 postquam
2710 2902 2761 2956 is
2811 2901 3035 2972 positus
3071 2900 3264 2953 fuerat
3295 2899 3451 2951 1365.
3486 2897 3672 2960 Quem

2024 3012 2159 3050 cum
2190 2993 2434 3064 quidam
2462 2997 2757 3048 mercator
2785 2990 3045 3054 emisset,
3069 3004 3185 3042 aare
3216 2987 3318 3042 illo
3349 2986 3454 3040 900
3480 3001 3677 3039 came-

2024 3084 2112 3141 los
2141 3082 2425 3140 oneravit.
2459 3081 2689 3137 Etenim
2722 3078 2929 3135 Rhodii
2961 3078 3143 3134 maris
3173 3075 3490 3147 imperium
3521 3073 3675 3129 obti-

2029 3178 2241 3230 nentes
2270 3188 2485 3227 aaream
2517 3171 2633 3226 Soli
2652 3174 2905 3225 statuam
2928 3171 3274 3240 posuerunt,
3296 3164 3475 3220 altam
3507 3162 3676 3219 cubi-

2031 3273 2121 3322 tos
2151 3268 2240 3332 80,
2273 3263 2431 3336 quod
2460 3260 2767 3332 inscriptio
2799 3259 2929 3332 ejus
2958 3257 3168 3313 docet:

2105 3357 2211 3422 Qui
2238 3359 2348 3409 stat
2376 3352 2559 3408 Rhodi
2595 3350 2849 3413 colossus,
2881 3349 3043 3403 octies
3072 3347 3253 3401 decem

2105 3448 2252 3503 Fecit
2280 3444 2481 3500 Laches
2511 3443 2655 3497 hunc
2684 3442 2857 3497 altum
2888 3440 3097 3496 cubitos
3128 3437 3375 3492 Lindius.

2031 3540 2080 3592 A
2106 3534 2512 3609 magnitudine
2540 3532 2593 3587 ei
2616 3530 2839 3586 Colossi
2862 3545 3081 3583 nomen
3106 3526 3451 3581 indiderunt
3475 3540 3489 3590 ;
3523 3525 3582 3577 et
3605 3519 3677 3574 ab

2034 3643 2104 3681 eo
2136 3626 2246 3697 ipsi
2279 3640 2513 3695 quoque
2541 3621 2921 3677 Colossenses
2953 3623 3093 3673 sunt
3121 3612 3511 3671 denominati.

2108 3718 2278 3769 Anno
2311 3716 2371 3767 l3
2400 3711 2620 3771 Mabias
2658 3708 2815 3782 apud
2861 3707 3143 3778 Tripolim
3184 3720 3426 3775 magnas
3456 3703 3681 3756 instru-

2034 3805 2121 3859 xit
2176 3819 2375 3869 noves,
2433 3800 2660 3872 Cpolim
2719 3797 3030 3871 petiturus.
3081 3794 3144 3849 Id
3201 3798 3510 3848 cernentes
3564 3789 3682 3843 duo

2032 3890 2353 3950 Christiani
2378 3889 2612 3955 fratres,
2644 3884 3043 3941 buccinatoris
3094 3881 3222 3946 lilii,
3265 3878 3462 3932 divino
3494 3875 3679 3930 animi

2034 3983 2262 4038 fervore
2294 3978 2571 4052 exagitati
2618 3978 2691 4033 ad
2741 3990 3041 4031 carcerem
3088 3973 3474 4026 accurrerunt
3504 3966 3681 4020 elfra—

2035 4074 2262 4143 ctisque
2292 4070 2600 4136 foribus,et
2631 4066 2731 4137 qui
2759 4064 2970 4135 captivi
3000 4066 3168 4117 erant
3201 4057 3485 4125 liberatis,
3515 4071 3684 4110 ame-

2036 4180 2164 4219 ram
2194 4158 2624 4232 Tripolitanum
2657 4161 2714 4211 et
2743 4171 2845 4211 eos
2884 4152 2985 4224 qui
3034 4150 3143 4222 ipsi
3174 4148 3422 4203 aderant
3451 4144 3685 4200 occide-

2038 4258 2215 4315 runt;
2265 4249 2660 4317 universeque
2717 4246 3004 4316 apparatu
3060 4242 3319 4294 cremato
3367 4236 3429 4290 in
3473 4236 3687 4288 Roma-

2039 4341 2200 4396 niam
2248 4337 2476 4409 navigio
2528 4334 2855 4390 abiverunt.
2904 4331 3055 4387 756
3102 4330 3284 4382 Porro
3318 4322 3537 4379 Mabias
3566 4321 3686 4376 Cte-

2038 4445 2267 4485 saream
2323 4424 2706 4498 Cappadociae
2766 4420 2923 4477 bello
2983 4424 3190 4491 petens
3230 4412 3685 4485 elassipraaﬁcit

2041 4519 2449 4575 Abulavarem.
2480 4517 2533 4570 ls
2562 4513 2636 4571 ad
2674 4512 3009 4568 Pllaanicem
3041 4508 3227 4579 Lycia)
3259 4520 3393 4561 cum
3425 4502 3686 4575 appulis-

293 4602 346 4660 δὶ
401 4582 668 4681 ἄρχηγὸν-
707 4600 1002 4670 κατίστησε
1055 4604 1163 4655 τῶν
1222 4600 1452 4656 πλοίων
1514 4600 1574 4664 ὅς
1633 4582 1919 4678 παραγενᾶ.

2039 4615 2149 4677 set,
2173 4609 2271 4664 ubi
2302 4608 2625 4678 imperator
2653 4620 2789 4659 eum
2822 4604 3085 4657 Romana
3114 4597 3303 4652 classe
3326 4598 3473 4661 erat,
3493 4590 3684 4647 navali

294 4714 442 4768 μενον
475 4691 549 4754 εἰς
578 4691 670 4746 τὸν
730 4690 957 4746 Φοίνικα
1006 4696 1106 4759 τῆς
1163 4690 1387 4757 Λυκίας,
1445 4688 1568 4747 ἔνθα
1611 4691 1677 4761 ἦν
1711 4693 1740 4746 6
1772 4696 1931 4765 βασι-

286 4780 406 4843 λεὺς
485 4780 619 4853 μετά
667 4782 765 4834 τοῦ
824 4779 1139 4850 Ῥωμαϊκοῦ
1197 4776 1417 4851 στόλου,
1479 4787 1754 4856 ναυμαχεῑ
1813 4785 1930 4855 μετ’

286 4870 463 4927 αὐτοῦ.
499 4870 588 4942 Τῇ
628 4868 719 4923 οῦν
760 4867 867 4941 πρὸ
894 4870 992 4921 τοῦ
1022 4865 1273 4940 παλέμου
1313 4866 1512 4941 ἑσπέρᾳ
1566 4871 1761 4945 θεωρεῖ
1811 4874 1931 4929 κατ’

287 4960 405 5031 ὄναρ
435 4960 465 5013 ὁ
497 4954 756 5032 βασιλεὺς
787 4954 871 5012 ὅτι
914 4956 982 5025 ἦν
1032 4954 1084 5011 ἐν
1142 4955 1531 5033 Θεσσαλονίκῃ.
1592 4963 1930 5027 Διυπνισθεὶς

288 5046 343 5104 δὲ
398 5045 703 5121 διηγήσατο
761 5049 841 5116 τῷ
900 5044 1260 5122 όνειροκρίτῃ.
1323 5047 1384 5105 Ὀ
1441 5044 1497 5103 δὲ
1548 5042 1673 5127 ἔφη·
1731 5056 1796 5105 Ὦ
1832 5052 1926 5127 βα-

290 5136 455 5205 σιλεῧ,
522 5134 633 5198 εἲθε
697 5136 773 5207 μή
843 5132 1093 5195 ὕπνωσας
1158 5138 1226 5207 τῇ
1291 5136 1438 5190 νυκτὶ
1526 5136 1721 5213 ταύτῃ,
1790 5142 1930 5214 μήτε

291 5226 486 5301 δνειρον
541 5222 781 5279 ἔθεμέσωί
839 5223 901 5277 τὸ
956 5224 1062 5299 γὰρ
1118 5223 1255 5278 εἶναί
1316 5243 1374 5278 σε
1430 5224 1484 5280 ἐν
1534 5225 1926 5306 Θεσσαλονίκῃ,

2036 4716 2233 4772 pugna
2261 4714 2395 4753 cum
2422 4713 2491 4752 eo
2520 4692 2914 4766 congreditur.
2940 4690 3079 4755 Qum
3107 4702 3238 4743 eam
3261 4698 3519 4756 pugnam
3549 4697 3686 4751 pro-

2039 4790 2194 4845 xime
2216 4786 2537 4844 antecessit
2559 4798 2820 4855 vespera,
2850 4795 2918 4834 ea
2942 4779 3265 4849 imperator
3284 4790 3390 4845 per
3411 4785 3687 4826 somnum

2039 4876 2397 4950 imaginatus
2445 4875 2643 4930 fuerat
2691 4887 2753 4926 se
2805 4884 2935 4923 esse
2982 4861 3459 4924 Thessalonica;
3509 4856 3688 4926 idque

2039 4946 2403 5024 insomnium
2456 4960 2779 5034 conjectori
2853 4958 3259 5029 proposuerat.
3322 4953 3511 5018 Atque
3566 4946 3686 5034 hic,

2041 5057 2298 5123 Utinam,
2330 5055 2431 5124 ait,
2464 5070 2497 5109 o
2527 5053 2872 5122 imperator,
2895 5047 3005 5100 hac
3027 5046 3199 5098 nocte
3229 5053 3421 5108 neque
3454 5033 3685 5124 dormit

2037 5145 2244 5209 visses,
2268 5120 2459 5213 neque
2486 5120 2850 5194 insomnium
2873 5131 2976 5186 tibi
3009 5133 3167 5184 esset
3194 5124 3457 5180 oblatum
3484 5121 3496 5175 ί
3521 5120 3686 5187 Quod

2040 5234 2200 5289 enim
2234 5232 2338 5287 tibi
2364 5209 2551 5284 —visus
2609 5243 2672 5281 es
2725 5220 2879 5293 apud
2932 5213 3410 5274 Thessalonicam
3443 5227 3591 5277 esse,
3626 5209 3685 5264 id

1486 5327 1853 5387 XYLANDRI
1892 5334 1978 5389 ET
2016 5334 2233 5392 GOABI
2271 5328 2494 5385 NOTAE.

296 5423 504 5481 eximio
526 5425 875 5476 ornamento
895 5424 953 5474 et
972 5419 1263 5475 bonarum
1282 5419 1615 5479 litterarum
1638 5426 1937 5486 columine

294 5493 644 5562 Camerario,
674 5508 853 5563 quem
875 5491 1119 5563 honoris
1148 5507 1328 5546 causa
1357 5493 1621 5551 nomino.
1655 5497 1790 5553 XvL.

361 5570 470 5637 (76)
500 5562 776 5637 Errorem
823 5562 1095 5637 sequitur
1122 5578 1157 5617 a
1185 5564 1710 5637 geographical-um
1735 5586 1935 5629 rerum
1968 5578 1981 5589 κ

299 5646 352 5720 ει
370 5634 689 5720 nominum
711 5634 1079 5720 ignoratione
1101 5639 1509 5720 propagatum,
1533 5636 1613 5720 de.
1627 5655 1743 5720 quo
1764 5642 1930 5699 alias.

297 5713 362 5769 Et
386 5704 767 5770 Colassenses
792 5704 971 5780 paulo
1019 5704 1176 5780 post,
1206 5704 1313 5767 ubi
1349 5704 1423 5764 de
1449 5704 1933 5776 Paulicianorum

2048 5429 2244 5485 haresi
2277 5425 2442 5487 dieit,
2466 5437 2601 5478 cum
2627 5416 2858 5473 Asianis
2877 5416 3287 5487 numerantur.
3312 5409 3450 5487 Xvn.
3478 5407 3688 5487 -τ-ρῐοῐι

2044 5480 2258 5558 ﬁli—odii
2288 5480 2597 5559 modo,sed
2627 5495 2686 5544 et
2712 5486 3012 5543 Choniataa
3042 5480 3309 5559 Phrygii,_
3334 5480 3434 5559 qui
3464 5484 3521 5532 et
3548 5480 3687 5559 Pas-

2045 5549 2346 5631 ἑὲῑέᾱὲὲέῖ
2364 5549 2515 5622 sunt
2562 5563 2982 5631 Colossenses;
3033 5549 3554 5631 quod'adn'otasse
3583 5549 3684 5604 de-

2042 5628 2256 5701 buerat
2284 5628 2604 5711 Xylander,
2636 5650 2711 5689 ne
2746 5630 3119 5702 impingeret.
3153 5628 3328 5682 Goxs.
