4148 6212
434 366 551 425 827

1748 352 2062 415 GEORGII
2107 352 2472 419 CEDBENI

3726 356 3855 419 828

440 495 741 571 signiﬁcat
769 496 900 552 Thes
928 496 1041 551 allo
1069 497 1288 549 nicum:
1340 490 1523 547 Alteri
1582 491 1726 547 cede
1751 488 2083 546 victoriam.

2204 488 2302 553 Θὶς
2330 486 2490 565 ἄλλῳ
2517 493 2617 562 τὴν
2672 495 2851 566 νίκην,
2912 494 3170 569 κρίνεται.
3230 495 3373 570 Πρὸς
3399 495 3492 551 τὸν
3519 491 3719 569 ἐχθρὸν
3751 512 3855 548 σου

440 590 692 646 Proinde
722 588 796 643 ad
828 589 1027 643 hostes
1058 585 1301 641 victoria
1326 582 1592 640 inclinat.
1615 585 1807 654 Atque
1839 582 1923 638 ita
1950 582 2084 652 qui-

441 679 577 734 dem
609 677 819 733 evenit.
856 677 935 730 Eo
969 674 1127 730 enim
1176 673 1381 745 prmlio
1437 672 1571 728 victi
1626 678 1769 728 sunt
1809 670 2082 740 Romani,

437 781 758 836 eorumque
790 765 1030 836 sanguis
1056 763 1203 823 mari
1236 762 1571 835 permistus.
1602 763 1930 832 Imperator
1958 766 2084 816 tum

432 855 618 911 alium
650 853 969 925 quemdam
1001 853 1124 908 suis
1154 851 1418 906 vestibus
1439 850 1654 906 induit.
1680 849 1956 906 Insiliens
1982 865 2087 905 au-

434 951 547 999 tem
584 944 644 998 in
678 943 875 998 navim
906 943 955 997 is
987 945 1159 1013 cujus
1182 941 1353 1012 paulo
1375 946 1511 996 ante
1544 941 1911 995 mentionem
1942 937 2087 993 feci—

434 1049 566 1089 mus
598 1032 997 1087 buccinatoris
1018 1030 1197 1096 ﬁlius,
1225 1030 1537 1101 abreptum
1568 1030 1985 1100 imperatorem
2022 1027 2085 1082 in

437 1122 601 1179 aliud
656 1121 955 1193 navigium
1024 1120 1322 1175 transfert.
1385 1123 1718 1189 praaterque
1774 1117 2083 1172 hominum

435 1213 779 1286 opinionem
805 1214 1016 1265 servat.
1042 1209 1060 1264 Ι
1068 1224 1169 1280 pse
1191 1207 1589 1279 imperatoria)
1618 1207 1749 1262 navi
1778 1207 2082 1273 insistens,

430 1301 756 1358 fortissime
786 1298 1128 1372 pugnando,
1161 1297 1367 1352 multis
1396 1296 1665 1368 dejectis,
1698 1295 1938 1351 tandem
1960 1297 2085 1368 ipse

434 1406 671 1462 quoque
702 1389 877 1445 cadit.
912 1389 1239 1459 Imperator
1284 1386 1380 1441 vix
1418 1402 1571 1457 aegre
1601 1386 1810 1442 salutis
1840 1402 2084 1457 compos

436 1496 570 1536 cum
602 1478 891 1535 dedecore
920 1476 1128 1548 Cpolin
1160 1474 1333 1531 redit.

507 1569 674 1624 Circa
702 1569 812 1622 hoc
843 1572 1077 1637 tempus
1108 1565 1333 1620 exstitit
1362 1564 1785 1620 Constantinus
1816 1566 2082 1637 quidam,

439 1658 540 1730 qui
572 1663 631 1713 et
661 1656 875 1713 Silvani
934 1669 1151 1710 nomen
1209 1652 1552 1724 usurpabat,
1604 1653 2083 1711 Paulicianorum

439 1753 614 1804 sectae
644 1746 938 1818 princeps.
999 1744 1141 1815 Ejus
1197 1744 1493 1798 haereseos
1522 1743 1648 1799 haac
1678 1749 1766 1800 est
1793 1744 2080 1802 historia:

435 1835 741 1893 Manichtei
764 1832 1242 1889 Paulicianorum
1264 1848 1483 1887 nomen
1510 1832 1621 1887 sibi
1645 1838 2030 1905 sumpserunt
2050 1851 2085 1889 a
2114 1864 2163 1929 Β

437 1926 618 1982 Paulo
649 1923 905 1996 quodam
936 1923 1341 1987 Samosateno,
1390 1922 1731 1977 Manicheam
1773 1922 2084 1994 cujusdam

436 2017 706 2075 mulieris
738 2015 1047 2071 Callinices
1078 2014 1319 2069 nomine
1367 2014 1510 2069 ﬁlio.
1560 2016 1641 2070 Ea
1670 2030 1804 2070 cum
1836 2016 2080 2071 haberet

437 2107 587 2164 duos
618 2107 794 2172 ﬁlios,
855 2104 1104 2160 Paulum
1161 2104 1389 2158 scilicet
1441 2108 1501 2158 et
1545 2103 1727 2159 alium
1771 2105 2086 2175 Joannem,

444 2196 589 2253 757
622 2193 943 2249 Manichaea
972 2208 1074 2247 eos
1104 2192 1315 2247 haeresi
1345 2191 1625 2259 instituit,
1649 2192 2087 2263 Samosatisque

441 2284 499 2339 in
532 2282 873 2338 Armeniam
903 2279 1120 2347 emisit,
1143 2280 1226 2335 uti
1252 2279 1331 2335 ibi
1355 2296 1486 2335 eam
1517 2279 1791 2336 hieresim
1822 2280 2086 2352 promul-

437 2377 664 2446 garent.
688 2370 753 2426 Id
772 2368 932 2441 quod
960 2369 1000 2423 ii
1032 2369 1302 2425 fecerunt
1322 2369 1383 2423 in
1408 2368 1532 2424 vico
1552 2368 1809 2439 quodam
1833 2369 2090 2425 Phanar—

435 2478 591 2516 rtem.
625 2457 850 2514 Exinde
878 2457 1007 2512 vico
1037 2456 1424 2528 Episparidis,
1458 2456 1850 2512 sectatoribus
1880 2457 2087 2513 Pauli-

440 2550 743 2606 cianorum
777 2563 996 2602 nomen
1024 2546 1241 2601 factum
1274 2545 1402 2601 fuit.
1447 2546 1515 2601 Hi
1562 2545 1737 2619 longo
1767 2552 1901 2618 post
1929 2547 2089 2603 hunc

439 2638 689 2694 Paulum
745 2641 1012 2707 tempore
1072 2635 1420 2708 magistrum
1487 2634 1827 2690 habuerunt
1881 2634 2087 2700 alium,

435 2724 891 2783 Constantinum
922 2723 1093 2779 illum
1116 2724 1215 2794 qui
1246 2729 1705 2795 cognomentum
1724 2723 1943 2779 Silvani
1965 2741 2091 2797 ges-

439 2818 533 2874 sit.
577 2818 745 2871 Hunc
799 2814 1128 2886 principem
1193 2830 1432 2869 suarum
1466 2814 1871 2870 doctrinarum
1901 2830 2083 2886 agno-

441 2909 635 2972 scunt,
667 2919 788 2957 non
818 2901 1094 2958 Paulum.
1136 2904 1238 2958 llic
1284 2903 1447 2957 enim
1496 2902 1571 2958 iis
1600 2902 1911 2974 opiniones
1942 2918 2090 2974 quas

439 2998 763 3061 sectantur,
787 2991 1010 3063 absque
1038 2992 1258 3063 scripto
1287 3007 1393 3063 per
1420 2990 1772 3047 traditiones
1800 2992 2088 3060 exhibuit,

442 3081 818 3154 Evangelium
837 3079 1079 3153 quidem
1096 3096 1165 3136 ex
1185 3080 1874 3152 traditione.Apostolum
1892 3085 2089 3137 autem

2190 580 2225 649 ἡ
2278 579 2400 651 νίκη
2458 580 2734 656 τρέπεται.
2795 584 2898 641 Καὶ
2951 581 3019 655 δή
3077 588 3240 641 τοῦτο
3295 584 3387 640 καὶ
3429 578 3631 653 ἀπέϐη*
3690 603 3849 656 συμ-

2190 663 2448 735 ϐαλόντες
2508 673 2613 748 γὰρ
2697 672 2946 748 πόλεμον
3048 676 3323 744 ἡττῶνται
3390 673 3681 746 Ῥωμαῖοι,
3749 671 3847 725 καὶ

2191 765 2541 834 συγκιρνᾶται
2598 764 2634 832 ἡ
2693 760 2935 819 θάλασσα
2986 767 3069 836 τῷ
3127 760 3316 837 αἵματι
3372 765 3480 817 τῶν
3524 759 3850 833 Ῥωμαίων.

2190 845 2399 905 Ένδύει
2427 846 2486 905 δὲ
2537 850 2565 906 ὁ
2626 849 2881 927 βασιλεὺς
2940 848 3083 907 ἄλλο
3139 852 3238 920 τήν
3299 849 3498 919 ἐσθῆτα
3526 849 3716 919 αὐτοῦ,
3747 847 3846 902 καὶ

2191 935 2527 1009 εἰσπηδήσας
2559 940 2588 994 ὁ
2620 938 2952 1016 προλεχθεὶς
3009 941 3127 1003 υἱὸς
3182 943 3283 995 τοῦ
3339 935 3693 1013 βυκινάτορος
3730 939 3850 1009 (77)

2189 1029 2280 1083 τὸν
2317 1027 2541 1103 βασιλέα
2572 1026 2874 1106 ἀφαρπάζει
2931 1030 3020 1085 καὶ
3077 1030 3153 1093 εἷς
3209 1026 3393 1105 ἕτερον
3442 1028 3647 1103 σκάφος
3678 1045 3855 1100 μετα-

2191 1112 2391 1173 ϐάλλει
2419 1118 2508 1174 καὶ
2568 1116 2887 1194 παραδόξως
2944 1116 3219 1189 διασώζει.
3279 1118 3453 1180 Αὐτὸς
3511 1114 3569 1173 δὲ
3622 1115 3857 1178 ἐπιστὰς

2189 1211 2258 1281 τῇ
2329 1207 2592 1282 βασιλικῇ
2664 1210 2755 1280 νηΐ
2819 1207 3067 1272 πολλοὺς
3124 1207 3330 1265 ἀνεῖλεν
3372 1210 3401 1262 ὁ
3437 1207 3856 1283 γενναιότατος,

2191 1295 2414 1374 ὕστερον
2472 1296 2531 1354 δὶ
2579 1298 2876 1376 ἀναιρεῖται
2930 1298 3020 1355 καὶ
3105 1296 3288 1362 αύτός.
3351 1299 3414 1356 ’0
3470 1294 3527 1352 δὲ
3584 1294 3853 1372 βασιλεὺς

2194 1384 2357 1461 μόλις
2409 1384 2695 1450 διασωθεὶς
2746 1388 3045 1464 ὒπὲστρεψε
3104 1391 3222 1463 μετ’
3276 1386 3545 1462 αἰσχύνης
3590 1384 3644 1441 ἐν
3685 1388 3857 1443 Κωνο

2191 1477 2657 1538 σταντινουπόλει,

2262 1566 2379 1645 Ἐφ’
2407 1566 2483 1621 ὧν
2514 1567 2732 1646 χρόνων
2786 1567 2877 1622 καὶ
2907 1568 2936 1623 ὁ
2964 1566 3214 1643 ἀρχηγὸς
3272 1570 3383 1623 τῶν
3449 1562 3853 1623 Παυλικιάνων

2189 1654 2423 1732 ἀνεφάνη
2493 1657 2916 1724 Κωνσταντῖνος,
3011 1656 3040 1710 ὁ
3130 1655 3221 1710 καὶ
3309 1653 3611 1711 Σιλουανὸν
3673 1651 3851 1709 αὐτὸν

2190 1741 2481 1819 ὀνομάσας.
2542 1746 2697 1802 Ἔστι
2750 1743 2809 1800 δὲ
2864 1748 2899 1814 ἡ
2959 1743 3165 1820 αἵρεσις
3219 1743 3396 1800 αὐτῶν
3452 1745 3649 1806 οὕτως’
3696 1748 3849 1797 Παυ-

2189 1832 2445 1904 λικιάνοι,
2504 1836 2556 1889 οἱ
2629 1835 2719 1890 καὶ
2795 1836 3121 1911 Μανιχαῖοι,
3200 1833 3701 1907 Μετωνομάσθησαν
3781 1828 3848 1887 δὶ

2191 1923 2308 1979 ἀντὶ
2372 1923 2694 2001 Μανιχαίων
2762 1923 3121 1980 Παυλικιάνοι
3200 1923 3308 1979 ἀπὸ
3401 1920 3625 1977 ΙιαύΑου
3687 1922 3850 1983 τινὸς

2190 2012 2575 2087 Σαμοσατέως,
2638 2013 2759 2068 υἱοῦ
2817 2015 3074 2089 γυναικὸς
3142 2011 3448 2088 Μανιχαίας
3504 2009 3855 2082 Καλλινίκης

2187 2101 2451 2175 τοῦνομα,
2506 2101 2632 2172 ἥτις
2689 2099 2786 2158 δύο
2844 2101 2993 2165 υἱοὺς
3052 2096 3201 2179 ἔσχε,
3253 2107 3445 2157 τοῦτον
3500 2102 3593 2158 τὸν
3625 2099 3849 2155 Παῦλον

2190 2191 2280 2247 καὶ
2313 2191 2593 2262 Ἰωάννην.
2653 2191 2895 2254 Τούτους
2954 2192 3047 2246 οὖν
3098 2192 3199 2260 τήν
3260 2196 3607 2266 Μανιχαϊκῆν
3634 2190 3850 2263 αἳρεσιν

2192 2278 2449 2351 διδάξασα
2530 2278 2591 2336 ἐκ
2682 2284 2779 2336 τοῦ
2883 2281 3212 2354 Σάμοσάτου
3291 2280 3368 2342 εἰς
3450 2277 3849 2356 Ἀρμενιακοὺς

2191 2371 2433 2444 κήρυκας
2487 2373 2587 2435 τῆς
2663 2369 2923 2445 αἱρέσεως
2994 2367 3189 2431 αὐτοὺς
3254 2366 3590 2425 ἀπέστειλεν
3651 2366 3853 2428 οἵτινες

2192 2457 2440 2522 ἐλθόντες
2500 2457 2579 2523 είς
2630 2459 2826 2532 κώμην
2902 2458 3026 2514 τινὰ
3107 2465 3213 2529 τῆς
3270 2455 3611 2532 Φωαβροίας
3668 2454 3855 2512 ἐκεῖσε

2190 2549 2292 2617 τήν
2346 2548 2550 2604 ἑαυτῶν
2608 2548 2814 2624 αἳρεσιν
2875 2545 3204 2622 ὲνὲσπειραν.
3262 2546 3488 2603 Ἔκτοτε
3543 2545 3637 2600 οὗν
3668 2547 3704 2615 ἡ
3745 2546 3849 2620 μὶν

2191 2640 2354 2712 κώμη
2447 2637 2845 2711 μετωνομάσθη
2924 2636 3273 2711 Ἐπίσπαρις,
3335 2637 3388 2691 οἱ
3473 2633 3531 2691 δὶ
3598 2637 3848 2709 μαθηταὶ

2193 2729 2372 2785 αὐτῶν
2408 2724 2766 2783 Παυλικιάνοι
2827 2726 3153 2799 ἐκλήθησαν,
3211 2726 3376 2784 Οὗτοι
3436 2726 3573 2800 μετά
3602 2726 3851 2801 χρόνους

2194 2816 2479 2894 προλλοὺς
2527 2825 2629 2888 τῆς
2692 2815 2960 2894 διαδοχῆς
3017 2815 3177 2873 τοῦδε
3233 2822 3332 2872 τοῦ
3390 2816 3610 2873 Παύλου
3663 2813 3855 2892 ’ἕτερον

2196 2905 2360 2983 ἔσχον
2412 2902 2740 2961 διδάσκαλον
2830 2908 3232 2963 Κωνσταντῖνον
3312 2904 3671 2979 καλούμενον,
3756 2906 3854 2960 τὸν

2196 2994 2538 3072 ποῤῥηθὲντα
2623 2988 2909 3051 Σιλϐανόν.
3000 2997 3211 3052 Τοῦτον
3288 2992 3510 3069 ἔχουσιν
3596 2993 3856 3069 ἀρχηγὸν

2195 3089 2303 3140 τῶν
2331 3080 2698 3139 διδασκαλιῶν
2731 3082 2928 3155 αὐτῶν,
2958 3083 3051 3138 καὶ
3100 3083 3227 3159 οὐχὶ
3276 3082 3368 3138 τὸν
3406 3081 3639 3140 [Ιαὸλον.
3674 3083 3861 3147 Οὗτος

440 3171 679 3244 scripto.
712 3169 976 3226 Tradidit
1021 3175 1219 3225 autem
1274 3170 1357 3227 ita
1405 3174 1469 3225 ut
1506 3169 1656 3224 nihil
1703 3185 1739 3225 a
1784 3170 2087 3240 Scriptura

447 3262 746 3285 .1:ﬂ‘-....-..a
780 3259 931 3285 ...κηιι
964 3275 1072 3285 ..υ-ι..
1106 3263 1336 3285 ..ΑΛΑ-ιιιι
1397 3257 1496 3285 ...ιιι-Ι
1533 3257 1758 3285 ..ἒ-ιηηιι.
1795 3258 1979 3285 ,ιη-ιιι.-
2017 3256 2085 3285 ..λ

2201 3176 2305 3251 γὰρ
2362 3173 2551 3236 αὐτοῖς
2606 3169 2890 3247 παρέδωκε
2943 3172 3040 3235 τὰς
3092 3173 3323 3247 αῖρὲσεις
3376 3169 3542 3227 αὗτοῦ
3592 3171 3860 3250 ἀγράφως

2202 3262 2331 3285 μμκὶ
2368 3258 2663 3285 ςμ-ρ.ὓ--η-
2748 3262 2798 3285 _1
2863 3259 3131 3285 m_2_r,__l\_
3172 3282 3196 3285 η
3261 3261 3354 3285 “id
3411 3261 3547 3285 --μρλ
3608 3258 3817 3285 ᾉῌΑΔᾏ-

441 3262 750 3316 differrent
778 3259 935 3330 apud
964 3275 1075 3314 nos
1106 3263 1362 3329 recepta,
1397 3257 1501 3313 sed
1533 3257 1766 3328 singula
1793 3258 1987 3329 capita
2014 3256 2090 3313 ad

442 3367 611 3407 suam
643 3348 891 3404 detorsit
919 3348 1196 3403 hmresin.
1247 3350 1391 3403 Nam
1432 3352 1492 3402 et
1538 3348 1691 3403 hanc
1729 3347 1874 3419 ipsis
1904 3346 2094 3420 legem

450 3439 668 3511 posuit,
702 3454 775 3492 ne
807 3437 1418 3509 praeterEvangelium
1448 3441 1507 3491 et
1527 3435 1875 3509 Apostolum
1904 3435 2096 3491 ullum

442 3527 627 3582 alium
644 3526 858 3581 librum
877 3525 1501 3598 legerent.8ecundum
1518 3526 2096 3598 postConstantinum

446 3615 621 3671 illum
650 3614 953 3671 Silvanum
978 3614 1161 3669 alium
1184 3614 1522 3670 habuerunt
1544 3619 1989 3687 praseeptorem,
2012 3617 2096 3672 Si-

452 3720 726 3760 meonem
756 3703 1019 3767 nomine,
1054 3704 1158 3759 sed
1206 3704 1306 3775 qui
1338 3720 1401 3759 se
1430 3703 1803 3759 Timotheum
1834 3710 2092 3764 vocaret.

444 3797 728 3862 Quartum
758 3795 1098 3867 .losephum,
1131 3794 1229 3864 qui
1273 3794 1385 3849 sibi
1417 3793 1799 3866 Epaphroditi
1831 3795 2090 3867 appella-

443 3886 670 3941 tionem
702 3883 1000 3957 imposuit.
1029 3883 1115 3939 Ab
1146 3884 1258 3939 hoc
1286 3884 1649 3953 Zachariam,
1680 3900 1860 3955 quem
1894 3889 2093 3941 tamen

442 3974 620 4031 veluti
646 3975 1076 4031 mercenarium
1099 3978 1292 4029 etnon
1311 3978 1516 4029 verum
1536 3978 1836 4046 pastorem
1858 3974 2092 4045 quidam

443 4066 707 4138 ipsorum
736 4065 1072 4137 repudiant.
1105 4064 1344 4120 Sextum
1390 4065 1667 4133 Baanem,
1697 4070 2089 4136 cognomento

444 4154 778 4210 Sordidum.
814 4154 1143 4225 Septimum
1173 4152 1461 4225 Sergium,
1491 4151 1593 4223 qui
1617 4152 1934 4224 Tychicum
1959 4169 2089 4210 sese

445 4243 867 4299 denominavit.
900 4244 982 4297 Ac
1014 4244 1303 4297 Manetem
1326 4240 1590 4313 quidem,
1613 4241 1883 4305 Paulum,
1917 4244 2089 4299 Joan-

443 4348 603 4397 nem,
624 4337 683 4386 et
702 4329 847 4387 alios
878 4331 1216 4402 quicunque
1237 4330 1382 4402 ipsis
1403 4330 2092 4402 proponantur,libenter

444 4421 486 4474 ii
507 4420 829 4475 damnant:
864 4419 1310 4475 Constantinum
1340 4424 1557 4488 autem,
1588 4419 1738 4478 758
1770 4419 2087 4490 Silvanum,

447 4509 784 4564 Simeonem
816 4509 916 4580 qui
947 4508 1078 4576 Titi,
1111 4508 1429 4565 Genesium
1460 4509 1561 4580 qui
1594 4509 1906 4577 Timothei,
1930 4510 2089 4566 lose-

2200 3262 2337 3318 κατά
2363 3258 2685 3337 παράδοσιν,
2743 3262 2806 3317 τὸ
2863 3259 3198 3339 Εὖαγγὲλιον
3259 3261 3355 3335 μὶν
3411 3261 3548 3316 κατά
3604 3258 3861 3337 παράδο-

2199 3373 2307 3419 σιν,
2344 3352 2436 3407 τὸν
2484 3348 2541 3406 δὲ
2589 3349 2929 3406 ’Δπόστολον
2975 3348 3275 3427 ἐγγράφως,
3325 3346 3719 3425 ἀπαράλλακτα
3754 3351 3859 3423 μὲν

2197 3446 2267 3518 τῇ
2301 3445 2488 3521 Γραφῇ
2527 3441 2617 3497 καὶ
2649 3447 2766 3504 τοῖς
2800 3439 2993 3517 λόγοις
3026 3442 3102 3504 ὡς
3148 3441 3240 3497 καὶ
3287 3445 3354 3496 τὰ
3397 3441 3522 3516 παρ’
3552 3443 3688 3513 ἡμῖν
3721 3438 3855 3495 ὄντα

2198 3530 2492 3608 παραδοὺς,
2526 3529 2879 3608 ἓδιαστρέψας
2944 3528 3002 3587 δὶ
3056 3527 3280 3586 ἕκαστον
3339 3531 3636 3607 κεφάλαιον
3710 3530 3854 3604 πρὸς

2194 3606 2291 3685 τὰς
2366 3606 2559 3678 ἑαυτοῦ
2650 3606 2904 3695 αἱρέσεις,
2998 3621 3372 3694 νομοθετήσας
3416 3606 3423 3607 ί
3472 3618 3654 3680 αότοῖς
3754 3619 3856 3675 καὶ

2194 3714 2376 3782 τοῦτο,
2437 3712 2513 3785 μή
2573 3708 2684 3765 δεῖν
2733 3710 2919 3785 ἑτὲραν
2980 3704 3173 3785 βίϐλον
3217 3711 3430 3764 οἱανοῦν
3459 3710 3853 3783 ἀναγινώσκειν

2197 3799 2243 3855 εἰ
2299 3800 2375 3873 μή
2433 3800 2496 3854 τὸ
2556 3797 2885 3874 Εὗαγγὲλιον
2941 3797 3034 3854 rei
3104 3799 3195 3853 τὸν
3280 3795 3638 3854 Ἀπόστολον.
3698 3798 3855 3853 Μετὰ

2196 3893 2283 3965 [Ρ.
2316 3892 2444 3963 433]
2475 3886 2534 3945 δὶ
2567 3891 2958 3946 Κωνσταντῖνον
2983 3888 3075 3944 καὶ
3104 3882 3373 3944 ausam
3404 3885 3649 3964 δεύτερον
3679 3884 3857 3964 ἔσχον

2195 3976 2524 4035 διδάσκαλον
2554 3982 2814 4052 Συμεῶνα
2843 3981 2962 4051 (78)
3007 3976 3373 4051 καλούμενον,
3404 3976 3852 4051 μετονομάσαντα

2195 4065 2252 4124 δὲ
2309 4068 2494 4124 ἑαυτὸν
2552 4066 2841 4142 Τιμόθεον.
2899 4065 3167 4140 Τέταρτον
3228 4063 3287 4122 δὲ
3343 4066 3545 4145 Ἰωσὴφ
3612 4085 3852 4139 μετονο-

2197 4157 2438 4232 μάσαντα
2466 4157 2653 4213 ἑαυτὸν
2687 4153 3101 4235 Ἐπαφρόδιτον,
3131 4156 3222 4211 καὶ
3275 4155 3411 4231 μετᾶ
3436 4158 3626 4211 τοῦτον
3658 4161 3847 4230 Ζαχα-

2194 4245 2335 4319 ρίαν.
2356 4244 2531 4303 Ἀλλὰ
2548 4249 2743 4301 τοῦτον
2765 4244 2840 4307 ὡς
2863 4245 3136 4318 μισθωτὸν
3156 4245 3246 4300 καὶ
3277 4244 3379 4301 οὐκ
3399 4242 3586 4315 ἀληθῆ
3602 4263 3698 4298 ποι
3707 4241 3849 4316 μὲνα

2192 4330 2603 4391 ἀποϐάλλονται
2646 4327 2776 4389 ἔνιοι
2834 4333 2885 4407 ἐξ
2942 4332 3137 4389 αὐτῶν.
3170 4334 3362 4390 Ἕκτον
3387 4334 3483 4389 τὸν
3516 4332 3724 4403 Βαάνην
3750 4332 3851 4388 τὸν

2194 4424 2452 4501 ῥυπαρὸν,
2511 4423 2601 4479 καὶ
2654 4419 2895 4496 ’ἕϐδομον
2949 4423 3041 4479 τὸν
3102 4421 3321 4500 Σέργιον
3355 4422 3449 4479 τὸν
3474 4422 3565 4477 καὶ
3596 4423 3847 4497 Τυχικὸν

2192 4512 2381 4569 ἑαυτὸν
2439 4510 2901 4587 μετονομάταντα.
2960 4509 3209 4570 Μάνεντα
3263 4510 3441 4568 τοίνυν
3501 4511 3593 4566 καὶ
3628 4510 3848 4566 Παῦλον

446 4599 629 4671 phum
661 4598 760 4669 qui
794 4597 1197 4670 Epaphroditi,
1223 4599 1477 4653 Baanem
1510 4597 1845 4668 Sordidum,
1871 4604 1932 4654 et
1952 4599 2080 4655 Ser-

2196 4600 2280 4656 καὶ
2312 4580 2593 4670 Ἰωάννην,
2631 4580 2722 4655 καὶ
2776 4597 2988 4661 ἄλλους
3046 4598 3141 4660 οὕς
3194 4597 3286 4653 ἐάν
3346 4618 3432 4661 τις
3476 4596 3603 4670 ε’ἰπῃ
3630 4597 3849 4667 αὐτοῖς,

444 4689 605 4761 gium
636 4687 737 4758 qui
767 4686 1002 4759 Tychici
1036 4687 1204 4742 titulo
1234 4702 1297 4741 se
1336 4686 1679 4759 insignibat,
1711 4702 2087 4758 nequaquam

2197 4686 2496 4765 προθύμως
2585 4685 3057 4760 ἀναθεματίζουσι’
3165 4688 3560 4742 Κωνσταντῖνον
3620 4681 3679 4740 δὲ
3748 4685 3850 4740 τὸν

446 4779 752 4844 damnant,
786 4776 1003 4849 quippe
1032 4793 1134 4832 eos
1182 4793 1287 4848 pro
1334 4776 1458 4832 suis
1487 4781 1872 4847 agnoscentes
1902 4775 2087 4848 magi-

2196 4777 2287 4832 καὶ
2358 4771 2627 4831 ΣιΛϐανὸν
2691 4772 3075 4845 ἐπικληθέντα.
3134 4773 3223 4830 καὶ
3286 4777 3551 4843 Συμεῶνα
3593 4773 3688 4829 τὸν
3753 4773 3855 4828 καὶ

443 4868 621 4924 stris:
668 4866 772 4923 sed
820 4883 922 4922 eos
978 4865 1108 4922 loco
1165 4863 1571 4936 apostolorum
1599 4863 1815 4920 Christi
1847 4864 2087 4923 habent.

2198 4866 2385 4932 Τῖτον,
2442 4864 2533 4919 καὶ
2593 4861 2833 4918 Γενέσιον
2891 4863 2984 4919 τὸν
3043 4863 3133 4917 καὶ
3189 4862 3481 4935 Τιμόθεον,
3519 4859 3609 4916 καὶ
3638 4862 3853 4940 Ἰωσὴφ

442 4957 766 5014 Nominant
797 4972 899 5012 sex
924 4953 1216 5011 Ecclesiae
1245 4954 1309 5009 in
1339 4969 1447 5009 sua
1474 4952 1868 5023 confessione,
1900 4955 2087 5009 Mace-

2196 4952 2288 5009 τὸν
2348 4951 2441 5008 καὶ
2505 4947 2920 5031 Ἐπαφρόδιτον,
2974 4949 3067 5007 καὶ
3140 4952 3352 5022 Βαάνην
3434 4950 3528 5005 τὸν
3609 4950 3855 5026 ῥυπαρον

442 5048 705 5117 doniam,
729 5063 861 5119 quin
883 5049 973 5102 est
993 5050 1254 5102 castrum
1280 5043 1550 5113 coloniae,
1580 5043 1877 5111 Cibosam,
1908 5060 2087 5116 quam

2196 5042 2287 5098 καὶ
2344 5040 2571 5118 Σέργιον
2623 5040 2713 5097 καὶ
2780 5040 3025 5116 Τυγικὸν
3097 5039 3173 5103 ὡς
3248 5035 3612 5103 ὂιδασκάΛὸυς
3665 5040 3853 5095 αὐτῶν

1652 5157 2016 5214 XYLANDBI
2053 5160 2140 5215 ET
2177 5159 2395 5216 (ἶοΑΒί
2433 5158 2656 5214 NOTAE.

2202 5274 2481 5331 stinetam
2528 5272 2709 5345 legas,
2744 5270 3035 5345 quamvis
3067 5270 3194 5345 Leo
3237 5270 3451 5345 citatus
3481 5269 3661 5345 etiam
3690 5270 3853 5345 hanc

2200 5362 2337 5401 cum
2366 5345 2472 5414 illa
2503 5335 2850 5414 confundat,
2872 5342 3121 5414 cumait
3151 5341 3385 5414 signum
3414 5342 3545 5397 ﬁeri
3574 5343 3645 5414 τῇ
3672 5335 3853 5413 τούϐᾳ

2199 5414 2266 5485 ἢν
2298 5417 2390 5490 νῦν
2417 5413 2650 5490 λέγουσι
2686 5412 2966 5490 βούκινονλ
2998 5413 3173 5490 Goan.

2268 5489 2385 5559 (78)
2417 5484 2603 5559 Locus
2653 5484 2761 5559 est
2797 5484 3071 5559 mutilus,
3125 5488 3186 5540 et
3212 5489 3280 5539 ut
3337 5499 3410 5539 ex
3459 5487 3856 5559 sequentibus

2201 5555 2406 5632 liquet,
2438 5558 2525 5613 sic
2554 5556 2874 5632 legendum
2900 5571 2913 5610 :
2945 5555 3281 5632 Simeonem
3309 5555 3576 5632 nomine,
3610 5557 3716 5632 sed
3746 5560 3855 5630 qui

2200 5626 2491 5703 se__Titum
2522 5626 2863 5703 nuncupari
2884 5626 3270 5703 vellet.'Pos_t
3319 5626 3479 5685 hunc
3506 5626 3856 5703 Genesium,

2200 5700 2305 5775 qui
2332 5706 2534 5759 tamen
2560 5715 2627 5758 κ
2652 5698 3049 5770 Timotheum,
3078 5702 3192 5759 etc.
3223 5698 3365 5761 ΧΠ..

509 5278 619 5349 (77)
652 5276 872 5331 Βύκινον
932 5280 1036 5332 aut
1093 5274 1341 5348 βούκινον
1402 5273 1632 5349 buccin_a
1677 5277 1791 5349 est“
1803 5288 2092 5349 corneum

443 5352 498 5401 et
515 5343 842 5403 'recurvum
874 5343 1360 5405 instrumentum.
1381 5349 1554 5400 vento
1585 5345 1646 5400 in
1677 5343 1849 5400 bellis
1876 5344 2093 5401 inﬂan-

444 5418 622 5472 vium.
658 5419 865 5474 Din‘ert
916 5436 951 5473 a
1005 5419 1157 5483 tuba,
1210 5433 1357 5488 quas
1400 5416 1598 5488 minor
1653 5421 1764 5485 est,
1796 5422 1855 5471 et
1912 5416 2090 5472 Leoni

443 5488 731 5561 Constij
791 5490 1006 5545 dicitur
1064 5485 1257 5561 μικρὸν
1335 5485 1608 5561 βοόκινονο
1670 5489 1899 5561 buccina
1952 5504 2090 5561 vero

447 5558 611 5629 juxta
640 5558 901 5615 Nicetam
934 5561 996 5614 in
1028 5556 1291 5629 Manuele
1337 5556 1641 5616 Comneno
1673 5557 1952 5629 ἐπιμήκης
1983 5556 2090 5612 αό-

483 5627 559 5703 ῲν
590 5634 707 5703 est.
733 5648 799 5684 ac
829 5629 962 5684 ideo
996 5628 1392 5703 pangovjcbosi
1440 5630 1664 5703 βούκινα
1696 5627 1935 5703 scripsit
1960 5629 2085 5703 Ι.

444 5701 594 5761 Hinc
622 5697 904 5778 σάλπιγγα
960 5692 1081 5757 sive
1122 5692 1332 5755 ’τοῦϐαν
1393 5692 1452 5759 α’
1486 5701 1718 5758 buccina
1754 5692 1972 5775 smpius
1998 5699 2092 5757 di-
