4148 6212
374 405 494 468 829

1511 407 2046 476 HlSTOltlARUM
2092 403 2630 467 COMPENDIUM.

3661 410 3782 473 830

374 534 630 610 οὐδαμῶς
712 535 1219 611 ἀναθεματίζουσιν,
1310 538 1438 597 ἀλλ’
1521 536 1739 618 ἔχουσιν
1819 539 2020 603 αὐτοὺς

2149 536 2340 593 iocuit
2385 522 2830 606 Constantinus,
2886 538 3153 594 Silvanus
3209 547 3270 596 et
3316 543 3558 599 Simeon
3596 543 3783 613 Titus,

378 627 561 703 ὥσπερ
628 626 974 691 ἀποστόλους
1066 631 1323 705 Χριστοῦ.
1383 630 1612 707 Λέγουσι
1693 629 1751 688 δὲ
1825 628 1915 687 καί
1970 626 2025 700 ἔξ

374 715 702 786 Ἐκκλησίας
733 717 883 792 έντῇ
933 715 1210 794 ὁμολογίᾳ
1256 721 1457 791 αὐτῶν,
1510 722 1609 791 τὴν
1663 716 2027 790 Μακεδονίαν,

380 806 503 877 ἣτις
557 805 671 862 έστὶ
756 808 1004 881 Κάστρον
1090 807 1413 879 κολωνείας,
1471 812 1572 880 τήν
1633 805 1903 880 Κίϐωσαν,
1958 809 2025 880 ἢν

376 895 715 970 ἐμαθήτευσε
764 901 1170 961 Κωνσταντῖνος
1225 898 1253 952 ὁ
1305 900 1393 953 καὶ
1456 894 1721 962 Σιλόανὸς
1775 900 1867 954 καὶ
1925 905 2025 953 Συο

380 987 530 1060 μεὼν
570 985 599 1040 6
651 984 742 1040 καὶ
795 986 981 1054 Τῖτος,
1038 986 1138 1054 τήν
1199 988 1451 1063 Ἀχαῖαν,
1502 988 1627 1059 ἣτις
1683 988 1795 1044 ἐστὶ
1861 987 2026 1060 κώμη

390 1074 741 1148 Σαμοσάτου,
779 1074 880 1142 τὴν
946 1073 1207 1147 Μάναλιν,
1263 1072 1331 1145 ἤν
1398 1075 1731 1150 ἐμαθήτευσε
1788 1072 2031 1138 Γενέσιος

378 1167 410 1222 ὁ
449 1164 540 1220 καί
567 1164 860 1237 Τιμόθεος,
892 1164 992 1234 τήν
1024 1167 1131 1219 τῶν
1165 1164 1584 1235 Φιλιππησίων,
1613 1165 1743 1229 τοῦς
1785 1166 2031 1240 μαθητὰς

382 1253 632 1330 λέγοντες
682 1254 886 1333 Ἰωσὴφ
943 1257 1043 1309 τοῦ
1097 1255 1187 1308 καὶ
1247 1252 1647 1335 Ἐπαφροδίτου
1692 1255 1783 1312 καὶ
1850 1259 2031 1331 Ζαχα-

376 1341 499 1420 ρίου
527 1347 625 1397 τοῦ
658 1346 937 1416 μισθωτοῦ
986 1342 1244 1417 ποιμένος
1302 1346 1432 1419 παρ’
1477 1344 1654 1400 αὐτῶν
1706 1343 2028 1422 λεγομένου,

372 1433 613 1501 τὴντῶν
653 1428 985 1501 Λαοδικέων,
1045 1430 1270 1506 λέγουσι
1324 1430 1384 1488 δὲ
1439 1433 1852 1510 Κυνοχωρίτας.
1914 1434 2029 1503 Τὴν

381 1522 567 1597 μέντοι
599 1525 707 1576 τῶν
736 1520 1017 1598 Ἐφεσίων,
1046 1521 1175 1584 τοῦς
1218 1524 1275 1577 ἐν
1331 1522 1528 1598 Μόψου
1582 1521 1732 1595 ἑστίᾳ
1785 1523 1876 1579 καὶ
1926 1524 2028 1593 τήν

377 1615 486 1667 τῶν
512 1608 871 1667 Κολοσσαέων
906 1608 1159 1685 λέγουσιν
1205 1610 1281 1676 ὡς
1318 1610 1549 1688 Σέργιος
1580 1611 1610 1666 ὁ
1663 1612 1753 1667 καὶ
1800 1613 2033 1692 Τυχινὸς

375 1704 743 1777 ἀνεθεμάτισε.
801 1702 1038 1765 Τούτους
1097 1703 1190 1758 οὖν
1249 1702 1376 1766 τοὺς
1452 1701 1588 1758 ἑπτὰ
1669 1700 2030 1767 διδασκάλοτς

376 1793 559 1849 αὐτῶν
589 1791 815 1853 καὶτὰς
867 1789 920 1861 ἕξ
979 1790 1310 1863 Ἑκκλησίας
1360 1789 1586 1872 ἔχουσιν
1635 1791 1885 1867 ἐντίμως*
1936 1792 2031 1854 οὕς

2129 626 2435 694 Achaiam,
2500 627 2601 698 qui
2634 632 2723 682 est
2771 627 2935 683 vicus
2990 628 3457 699 Samosatornm,
3507 632 3787 701 Manalin,

2132 731 2305 786 quam
2335 716 2597 772 instituit
2625 718 2914 773 Genesius
2943 718 3791 793 Timotheus,Philippensem,

2131 804 2400 861 dicentes
2422 806 2483 860 in
2516 823 2585 862 ea
2616 823 2744 861 esse
2778 806 3101 879 discipulos
3120 808 3363 880 Iosephi
3395 811 3780 882 Epaphroditi

2133 899 2193 950 et
2240 895 2556 963 Zachariae,
2598 912 2775 965 quem
2834 896 2946 968 ipsi
3000 897 3439 953 mercenarium
3487 903 3789 969 pastorem

2135 984 2911 1056 appellant.Laodicensem,
2930 1001 3077 1054 quos
3098 985 3523 1057 Cynochoritas
3553 993 3785 1044 vocant.

2133 1073 2303 1144 quasi
2334 1089 2370 1129 a
2401 1089 2617 1128 canum
2664 1074 2922 1146 regione.
2956 1073 3068 1129 Sed
3113 1075 3448 1146 Ephesiam,
3482 1093 3613 1133 eam
3655 1095 3786 1148 quaa

2138 1166 2228 1216 est
2256 1162 2650 1233 Mopsuestia,
2683 1167 2742 1217 et
2767 1161 3177 1218 Colossensem
3208 1180 3244 1218 a
3287 1165 3486 1237 Sergio
3533 1166 3786 1238 Tychico

2132 1250 2443 1307 damnatas
2472 1251 2680 1307 dicunt
2720 1251 2834 1307 Hos
2865 1268 3001 1323 ergo
3029 1258 3255 1324 septem
3292 1254 3555 1326 ipsorum
3582 1255 3789 1312 docto-

2132 1354 2228 1394 res
2258 1344 2317 1395 et
2346 1358 2450 1397 sex
2482 1340 2773 1396 Ecclesias
2804 1341 2865 1395 in
2895 1341 3117 1397 honore
3150 1342 3372 1398 habent
3402 1360 3469 1399 ac
3500 1359 3786 1400 veneran-

2133 1434 2249 1497 tur,
2280 1430 2543 1503 reliquos
2590 1446 2817 1497 omnes,
2869 1447 3253 1505 quoscunque
3303 1434 3448 1505 ipsis
3488 1435 3785 1502 nomines,

2133 1518 2419 1575 damnant
2446 1525 2624 1591 atque
2676 1525 2984 1592 respuunt.
3019 1520 3267 1577 Servant
3315 1522 3571 1595 primam
3600 1522 3785 1578 Mani-

2133 1609 2432 1665 chaeorum
2462 1610 2740 1679 haaresin,
2785 1611 2901 1666 duo
2948 1612 3241 1684 principia
3290 1630 3427 1669 eum
3462 1614 3607 1686 ipsis
3637 1612 3793 1668 afﬁr-

2131 1702 2383 1755 mantes.
2442 1701 2636 1756 Unum
2682 1704 2913 1756 tantum
2963 1716 3093 1756 esse
3145 1701 3332 1773 aiunt,
3369 1703 3527 1773 quod
3567 1703 3726 1775 ipsos
3755 1718 3791 1758 a

2132 1789 2396 1844 Romana
2424 1788 2687 1844 Ecclesia
2718 1789 3016 1863 disjungat
3047 1807 3060 1845 :
3086 1808 3147 1846 se
3171 1792 3333 1847 enim
3363 1794 3583 1848 sentire
3607 1792 3792 1848 alium

378 1885 469 1940 καὶ
527 1879 792 1941 σέϐονται.
870 1885 1078 1945 Πάντας
1153 1879 1211 1938 δὲ
1272 1885 1400 1947 τοὺς
1466 1881 1718 1956 λοιποὺς,
1783 1885 1881 1947 οὕς
1938 1882 2029 1939 ἐὰν

2149 1892 2267 1932 esse
2299 1878 2483 1933 Deum
2514 1879 2746 1933 Patrem
2779 1879 3100 1948 caalestem,
3132 1881 3233 1952 qui
3284 1881 3346 1936 in
3402 1883 3511 1938 hoc
3566 1880 3791 1936 mundo

384 1974 514 2048 εἲπῃ
572 1994 655 2035 τις
721 1972 927 2041 αὐτοῖς,
986 1973 1077 2029 καὶ
1134 1973 1580 2047 ἆναθεματίζουσι
1634 1972 1724 2045 καὶ
1783 1968 2031 2029 ἀποϐάλ-

2149 1965 2290 2021 nihil
2322 1965 2538 2021 habeat
2586 1968 2916 2039 potestatis,
2946 1969 3161 2025 habeat
3206 1974 3406 2025 autem
3458 1971 3521 2025 in
3569 1971 3791 2027 futuro.

389 2061 595 2119 λονται.
627 2062 862 2138 Ἔχουσι
892 2059 949 2118 δὲ
986 2062 1211 2138 πρώτην
1272 2059 1475 2132 α’ίρεσιν
1530 2064 1631 2133 τὴν
1688 2065 1794 2117 τῶν
1855 2062 2028 2119 Μανι-

390 2152 588 2229 χαίων,
620 2150 718 2207 δύο
746 2152 923 2228 ἀρχὰς
955 2151 1355 2227 ὁμολογοῦντες
1387 2153 1462 2214 ὡς
1491 2152 1747 2209 κάκεῖνοι.
1802 2152 2031 2225 Λέγουσι

390 2239 448 2297 δὲ
477 2240 652 2308 οὗτοι,
679 2239 764 2296 ὅτι
793 2245 890 2299 Ἕν
922 2240 1032 2297 ἔστι
1082 2241 1242 2313 μόνον
1292 2242 1356 2296 τὸ
1396 2238 1728 2317 διαχωρίζον
1776 2243 1924 2314 ἡμᾶς
1974 2240 2035 2297 ἐκ

387 2335 495 2387 τῶν
523 2329 832 2404 Ῥωμαίων,
864 2331 949 2387 ὃτι
987 2332 1159 2405 ἠμοῖς
1222 2331 1318 2403 μὲν
1369 2329 1553 2405 ἓτερον
1609 2331 1737 2386 Θεὸν
1796 2328 2033 2406 λέγομεν

392 2419 656 2496 ὑπάρχειν
688 2420 779 2475 τὸν
820 2417 1029 2495 Πατέρα
1082 2420 1173 2474 τὸν
1234 2417 1572 2494 έπουράνιον,
1626 2419 1688 2482 ὃς
1746 2418 1799 2474 ἐν
1855 2420 2038 2493 τούτῳ

391 2513 474 2583 τῷ
500 2509 694 2582 κόσμῳ
722 2508 821 2565 ούκ
850 2506 968 2584 ἔχει
1024 2506 1283 2579 ἐξουσίαν,
1337 2506 1466 2562 ἀλλ’
1515 2507 1567 2563 ἐν
1616 2506 1695 2580 τῷ
1755 2506 2039 2581 μέλλοντι,

396 2595 580 2674 ἓτερον
613 2597 671 2654 δὲ
700 2598 827 2654 Θεὸν
854 2600 946 2654 τὸν
984 2599 1194 2671 κόσμου
1225 2599 1483 2669 ποιητὴν,
1536 2595 1683 2659 ὅστις
1731 2596 1846 2673 ἔχει
1883 2594 2043 2653 τοῦδε

395 2691 494 2742 τοῦ
524 2687 790 2761 παρόντος
827 2694 927 2756 τῆν
987 2685 1255 2756 ἐξουσίαν·
1317 2685 1370 2740 οἱ
1409 2682 1468 2740 δὲ
1517 2686 1802 2759 Ῥωμαῖοι,
1862 2686 2041 2763 φασὶν,

395 2773 488 2831 ἵνα
516 2776 606 2831 καὶ
635 2776 725 2830 τὸν
756 2774 917 2830 αὐτὸν
950 2775 1079 2830 Θεὸν
1110 2772 1486 2848 ὁμολογοῦσιν
1525 2775 1660 2830 εἶναι
1690 2773 1780 2829 καὶ
1829 2775 2046 2850 Πατέρα

394 2866 486 2921 τὸν
519 2865 682 2921 αὐτὸν
712 2863 1038 2936 ἐπουράνιον
1063 2864 1155 2919 καὶ
1208 2867 1307 2919 τοῦ
1371 2864 1584 2937 κόσμου
1641 2864 1838 2926 παντὸς
1878 2883 2047 2934 ποιη-

392 2956 515 3026 τήν.
546 2951 792 3011 Καλοῦσι
829 2951 886 3009 δὲ
934 2951 1157 3015 ἑαυτοὺς
1221 2954 1316 3025 μὲν
1368 2953 1749 3028 Χριστιανοὺς,
1790 2955 1939 3026 ἡμᾶς
1990 2949 2048 3007 δὲ

394 3042 732 3116 Ῥωμαίους.
768 3041 998 3118 Λέγουσι
1028 3039 1087 3096 δὶ
1117 3042 1252 3115 πρὸς
1301 3043 1428 3104 τοὺς
1480 3040 1802 3118 ἀγνοοῦντας
1850 3041 2048 3103 αὐτοὺς

406 3130 725 3207 προθύμως.
815 3129 1145 3204 Πιστεύομεν
1226 3129 1306 3193 εἰς
1364 3131 1576 3205 Πατέρα
1631 3129 1720 3185 καὶ
1778 3130 1899 3184 Υἱὸν
1958 3129 2049 3184 καὶ

2140 2053 2325 2110 alium
2356 2056 2542 2112 Deum
2572 2056 2781 2113 mundi
2812 2058 3207 2125 conditorem,
3231 2061 3325 2114 cui
3357 2060 3417 2115 in
3440 2064 3794 2132 praesentem

2142 2143 2434 2201 mundum
2466 2145 2568 2218 jus
2617 2147 2713 2216 sit,
2765 2148 3065 2203 Romanos
3117 2154 3315 2205 autem
3374 2147 3639 2220 profiteri
3667 2163 3794 2202 esse

2142 2250 2330 2292 unum
2363 2236 2974 2309 Deum,eumdemque
2994 2240 3229 2295 Patrem
3261 2239 3559 2295 ccelestem
3584 2244 3643 2294 et
3659 2236 3794 2293 uni-

2144 2326 2297 2381 versi
2327 2326 2629 2381 factorem.
2665 2327 2814 2384 759
2847 2328 2918 2383 Se
2948 2328 3336 2399 Christianos,
3367 2347 3477 2384 nos
3498 2332 3794 2389 Romanos

2147 2413 2469 2487 appellant.
2519 2414 2596 2470 Iis
2627 2415 2841 2485 quibus
2874 2417 3057 2487 ignoti
3098 2422 3253 2484 sunt,
3288 2417 3565 2474 alacriter
3592 2418 3799 2473 dicunt

2151 2503 2390 2560 credere
2418 2520 2480 2558 se
2511 2504 2571 2558 in
2591 2505 3069 2567 Patrem,Filium
3097 2512 3155 2560 et
3184 2506 3466 2577 Spiritum
3502 2512 3800 2573 sanctum,

2150 2591 2450 2648 cmlestem
2470 2591 2699 2648 Patrem
2721 2601 3246 2665 ;exsecranturque
3259 2595 3407 2649 adeo
3422 2611 3546 2650 eum
3564 2595 3664 2666 qui
3678 2612 3799 2650 non

2153 2681 2264 2736 hoc
2277 2681 2453 2736 modo
2468 2682 2807 2738 credat.Sed
2823 2682 2879 2736 ni
2891 2683 3002 2738 mis
3014 2682 3295 2740 meditate
3317 2700 3483 2740 suam
3508 2685 3798 2741 malitiam

2154 2774 2571 2826 consectantur
2624 2773 2767 2827 Cum
2800 2772 2959 2827 enim
2992 2774 3225 2829 Patrem
3269 2773 3566 2830 caelestem
3608 2773 3803 2829 nomi-

2156 2865 2321 2927 nant,
2338 2876 2457 2915 non
2480 2860 2733 2916 addunt:
2758 2861 2958 2917 Solum
2986 2878 3185 2918 verum
3210 2863 3801 2929 Deum,Conditorem

2157 2948 2289 3005 οωιί
2310 2954 2368 3004 et
2388 2954 2562 3005 terraa
2585 2956 2759 3021 atque
2780 2951 3047 3007 omnium
3072 2969 3199 3023 qua;
3220 2954 3282 3008 in
3307 2953 3379 3007 iis
3407 2957 3564 3008 sunt.
3600 2952 3801 3006 Enim-

2154 3055 2293 3093 vero
2304 3037 2673 3095 Christianus
2689 3056 2825 3094 cum
2842 3041 3157 3097 Manicbaao
3173 3041 3481 3113 disputans
3502 3041 3804 3113 postulare

2158 3127 2232 3183 ab
2263 3142 2332 3183 eo
2364 3127 2542 3184 debet
2566 3134 2630 3183 ut
2659 3129 2992 3200 symbolum
3029 3130 3165 3186 fidei
3195 3131 3404 3187 recitet
3434 3132 3544 3186 hoc
3572 3147 3586 3185 :
3619 3130 3803 3186 Credo

402 3220 559 3290 ἅγιον
595 3225 830 3296 Πνεῦμα,
859 3222 955 3277 τὸν
986 3220 1307 3296 ἐπουράνιον
1358 3222 1592 3298 Πατέρα’
1642 3221 1731 3278 καὶ
1780 3220 2041 3295 ἀυάθεμα,

2159 3216 2223 3271 iu
2263 3232 2451 3272 unum
2502 3219 2682 3273 Deum
2714 3219 2948 3273 Patrem
3003 3219 3496 3291 omnipotentem,
3539 3220 3639 3290 qui
3669 3218 3810 3273 fecit

402 3312 553 3393 φασὶ,
625 3316 707 3383 τῷ
774 3313 852 3383 μὴ
921 3310 1094 3374 οὕτως
1160 3310 1491 3379 πιστεύοντι,
1588 3306 2048 3385 μεμελετημένως

402 3399 527 3458 λίαν
555 3402 653 3471 τήν
684 3401 888 3457 ἑαυτῶν
917 3399 1105 3456 κακίαν
1157 3395 1552 3473 μεθοδεύοντες.
1618 3398 1695 3458 Ού
1742 3398 1846 3475 γὰρ
1884 3417 2050 3473 προσ⁴⁵

398 3490 658 3558 τιθέασιδ,
715 3489 807 3545 ’ὀτε
871 3487 1090 3563 λέγουσι
1145 3489 1238 3542 τὸν
1286 3489 1494 3563 Πατέρα
1563 3487 1656 3544 τὸν
1708 3487 2052 3562 ἐπουράνιον,

405 3578 492 3636 ὅτι
549 3580 659 3636 Τὸν
717 3579 880 3651 μόνον
936 3575 1198 3648 ἀληθινὸν
1271 3576 1401 3631 Θεὸν
1456 3576 1547 3631 τὸν
1606 3577 1911 3645 ποιήσαντα
1957 3575 2053 3631 τὸν

409 3668 631 3745 οὐρανὸν
661 3667 753 3723 καὶ
782 3668 883 3735 τήν
926 3673 1031 3742 γῆν
1077 3665 1168 3721 καὶ
1215 3665 1388 3721 πάντα
1440 3665 1510 3719 τὰ
1564 3662 1617 3718 έν
1674 3663 1883 3725 αὐτοῖς.
1932 3664 2050 3737 Χρή

407 3755 465 3814 δὲ
486 3759 579 3814 τὸν
629 3753 1160 3833 προσδιαλεγόμενον
1222 3750 1510 3829 ὁρθόδοξον
1569 3753 1738 3809 αἰτεῖν
1789 3753 1881 3807 τὸν
1937 3754 2054 3808 Μα-

403 3851 622 3923 νιχαῖον
647 3850 745 3902 τοῦ
786 3845 958 3901 εἰπεῖν
1013 3846 1076 3900 τὸ
1134 3837 1418 3916 σύμϐολον
1475 3845 1558 3916 [Ρ.
1615 3842 1741 3914 434]
1799 3848 1901 3910 τῆς
1957 3839 2052 3894 πί-

404 3956 600 4001 στεως,
663 3935 749 4003 τὸ,
807 3933 1052 3990 Πιστεύω
1113 3930 1209 3988 ἕνα
1265 3931 1420 3999 Θεὸν,
1478 3929 1690 4003 Πατέρα
1742 3927 2051 4002 παντοκρά-

398 4045 557 4100 τορα,
590 4024 827 4095 ποιητὴν
868 4021 1099 4097 ούρανοῦ
1155 4022 1246 4077 καὶ
1301 4028 1429 4095 γῆς,
1482 4020 1693 4095 ὁρατῶν
1744 4038 1804 4074 τε
1830 4017 2048 4073 πάντων

396 4116 487 4170 καὶ
520 4112 903 4188 ἀοράτων,καὶ
941 4112 1011 4168 τὰ
1054 4112 1199 4182 ἑξῆς.
1259 4111 1482 4167 Ἔπειτα
1541 4105 1600 4164 δὲ
1659 4106 2046 4185 βλασφημοῦσι

407 4205 501 4280 μὲν
558 4203 633 4266 εἰς
691 4203 790 4272 τήν
848 4200 1109 4278 παναγίαν
1173 4200 1438 4257 Θεοτόκον
1517 4196 1745 4274 ἄμετρα·
1834 4195 1921 4251 ἐὰν
1990 4192 2049 4251 δὲ

408 4295 670 4370 βιασθῶσι
700 4297 827 4365 παρ’
852 4292 1012 4365 ἡμῶν
1045 4287 1393 4367 ὁμολογῆσαι
1424 4287 1612 4360 αὐτὴν,
1652 4285 2045 4361 ἀλληγορικῶς

2103 3264 2113 3273 .
2159 3264 2223 3271 -..
2269 3264 2451 3272 ---_-..
2503 3264 2682 3273 νη---
2714 3264 2948 3273 “me...
3005 3264 3496 3291 νμητηνμηηη
3541 3264 3639 3290 ιι..-
3672 3264 3809 3273 ην--

2079 3264 2369 3361 θοωιιιω
2400 3311 2458 3360 et
2488 3311 2725 3371 terram,
2768 3308 2972 3364 omnia
3018 3324 3149 3379 quea
3179 3313 3240 3364 et
3265 3308 3540 3364 videntur
3587 3312 3645 3363 et
3680 3307 3810 3366 visu

2159 3410 2280 3450 non
2313 3395 2863 3466 deprehenduntur,
2896 3402 2955 3452 et
2986 3403 3218 3453 caetera.
3266 3397 3489 3453 Deinde
3528 3398 3809 3455 immode-

2162 3489 2292 3539 rata
2327 3483 2721 3541 maledicendi
2771 3486 3076 3557 impietate
3114 3487 3507 3542 sanctissimas
3546 3487 3810 3558 Deiparaa

2165 3571 2517 3628 obtrectant.
2551 3575 2815 3645 Cumque
2846 3590 2881 3629 a
2918 3574 3092 3629 nobis
3121 3581 3413 3646 coguntur
3441 3592 3570 3631 eam
3613 3576 3809 3642 fateri,

2164 3661 2358 3716 verbis
2386 3661 2549 3716 aliud
2572 3662 3042 3735 significantibus
3073 3663 3316 3719 dicunt:
3374 3665 3557 3721 Credo
3588 3665 3649 3719 in
3667 3682 3808 3720 san-

2163 3750 2489 3805 ctissimam
2536 3750 2871 3821 Deiparam.
2921 3750 2981 3805 in
3027 3769 3206 3823 quam
3238 3753 3478 3808 intravit
3502 3758 3560 3808 et
3588 3770 3657 3807 ex
3689 3769 3808 3823 qua
3877 3816 3882 3822 ,

2160 3839 2337 3894 exivit
2368 3839 2676 3895 Dominus.
2728 3840 2828 3894 His
2857 3841 3051 3896 verbis
3097 3842 3326 3897 occulte
3365 3848 3575 3898 notant
3608 3842 3809 3897 Hiero-

2159 3928 2525 4000 solymorum
2555 3928 2764 3984 urbem
2794 3944 3136 4000 supernam,
3168 3930 3230 3985 in
3262 3947 3439 4002 quam
3478 3947 3812 4002 praecursor

2158 4023 2346 4078 nostri
2392 4038 2569 4078 causa
2624 4023 2865 4079 intravit
2893 4024 3182 4089 Christus,
3222 4031 3289 4080 ut
3335 4025 3418 4081 ait
3468 4026 3809 4096 Apostolus.

2157 4110 2356 4181 Neque
2412 4126 2547 4165 vere
2621 4111 2925 4182 appellant
2978 4111 3212 4168 beatam
3290 4112 3529 4167 Mariam
3594 4112 3810 4184 Deipa-

2155 4215 2304 4265 ram,
2385 4214 2579 4271 neque
2636 4200 2954 4255 Dominum
3012 4218 3082 4255 ex
3126 4217 3196 4257 ea
3252 4217 3493 4257 carnem
3568 4218 3804 4257 assum-

2155 4303 2364 4358 psnsse.

401 4381 647 4460 λέγουσι’
708 4379 951 4436 Πιστεύω
1017 4378 1095 4440 εἷς
1149 4379 1250 4447 τὴν
1309 4378 1470 4454 ἁγίαν
1554 4374 1840 4444 Θεοτόκου,
1900 4372 1952 4429 ἐν
2005 4371 2290 4448 ῇείσῆλθε
2344 4374 2436 4460 καὶ
2492 4372 2710 4447 ἐξῆλθεν
2770 4376 2799 4430 6
2857 4375 3072 4450 Κύριος.
3138 4376 3365 4450 Λέγουσι
3422 4374 3480 4432 δὲ
3532 4378 3632 4444 τήν
3692 4375 3802 4433 ἅνω

403 4447 772 4543 Ιεόουσαλήμ,
832 4467 884 4525 έν
940 4467 977 4543 ᾖ
1036 4447 1369 4543 πρόδρομος·
1418 4464 1548 4541 ὁπὲρ
1600 4465 1762 4536 ἡμῶν
1840 4447 2076 4528 εἰσῆλθε
2131 4447 2624 4543 Χριστὸςῖδτκαθώς
2687 4485 2851 4542 φησιν
2912 4447 3264 4532 Ἀπόστολος,
3322 4466 3413 4520 καὶ
3471 4465 3532 4521 οὐ
3586 4465 3809 4540 λέγουσι

401 4528 539 4616 κατᾶ
567 4528 828 4631 ἀλήξείαν
857 4528 1144 4635 esis-1:22»
1180 4528 1388 4631 λίαρίαν
1422 4528 1710 4621 Θεοιτὸκον,
1742 4549 1866 4607 οὐδὲ
1894 4550 1946 4623 ἐξ
1974 4552 2147 4620 αὐτῆς
2179 4528 2895 4635 ᾗρκῶῖῆξῇςταλτὸνίξύριον.

481 4627 875 4725 Βλασφημοῦσι
917 4627 983 4701 δὲ
1033 4627 1124 4700 καὶ
1191 4627 1282 4706 εἷς*
1318 4642 1385 4699 τὰ
1444 4647 1561 4707 θεῖα
1616 4642 1889 4731 μυστήρια
1945 4646 2041 4709 τῆς

2226 4627 2780 4720 Ιωρίίείᾲιιοήίιθςάῥ
2811 4644 3026 4699 divinis
3061 4646 3358 4717 mysteriis
3388 4652 3606 4702 sanctae
3642 4663 3805 4731 com:

408 4737 566 4813 ἁγίας
622 4735 903 4797 κοινωνίας
956 4738 1054 4789 τοῦ
1107 4731 1296 4807 τιμίου
1348 4731 1601 4805 σώματος
1669 4729 1761 4786 καὶ
1815 4726 2051 4801 αἵματος

403 4832 500 4883 τοῦ
532 4828 728 4902 Κυρίου
765 4827 928 4897 ἡμῶν
982 4824 1168 4895 Ἰησοῦ
1224 4823 1481 4896 Χριστοῦ,
1539 4819 1786 4896 λέγοντες
1842 4818 1927 4902 ’ὁτι
1983 4818 2052 4872 τὰ

403 4900 624 4992 ῥήματα
641 4913 814 4971 πύτοῦ
852 4913 882 4968 ὁ
915 4911 1113 4986 Κύριος
1141 4907 1329 4973 διδοὺς
1366 4914 1483 4973 τοῖς
1512 4906 1842 4970 ἀποστόλοις
1870 4900 2045 4981 ἔλεγε·

404 4999 630 5072 Λάϐετε,
688 5000 881 5081 φάγετε
940 4999 1032 5055 καὶ
1109 5000 1285 5069 πίετε,
1359 4997 1458 5054 οὐκ
1517 4995 1674 5072 ἄρτον
1741 4996 1830 5051 καὶ
1883 4996 2047 5050 οῖνονο

403 5095 495 5149 καὶ
546 5093 608 5147 ού
683 5091 822 5165 χρὴ,
881 5087 1038 5166 φησὶ,
1095 5088 1458 5164 προσάγεσθαι
1512 5086 1674 5162 ἄρτον
1732 5083 1822 5141 καὶ
1878 5086 2047 5139 οἶνον*

403 5182 801 5260 Βλασφημοῦσι
834 5175 893 5234 δὲ
921 5178 1008 5233 καὶ
1041 5177 1118 5241 εἰς
1165 5178 1258 5233 τὸν
1315 5176 1498 5252 τίμιον
1555 5176 1809 5251 σταυρὸν,
1857 5174 2049 5249 λέγον-

403 5293 491 5336 τες
521 5270 606 5327 ὅτι
636 5268 863 5344 σταυρὸς
892 5268 921 5323 6
954 5266 1186 5344 Χριστός
1216 5265 1380 5340 ἔστιν,
1423 5267 1485 5321 ού
1528 5267 1638 5342 χρή
1696 5261 1755 5319 δὲ
1800 5284 2048 5339 προσκυ-

401 5366 608 5425 νεῖσθαι
635 5359 699 5414 τὸ
746 5356 904 5429 ξύκον
972 5358 1049 5420 ὡς
1107 5356 1543 5429 κεκατηραμένον
1598 5351 1850 5431 ὄργανον.
1910 5350 2051 5415 Τοὺς

403 5449 461 5506 δὲ
516 5449 797 5528 προφήτας
856 5446 947 5502 καὶ
1032 5444 1264 5510 λοιποὺς
1342 5443 1526 5518 ἁγίους
1618 5437 2049 5500 ἀποϐάλλονται.

402 5540 526 5597 Ἔτι
552 5537 612 5593 δὶ
636 5537 727 5593 τὸν
782 5532 933 5611 ἅγιον
986 5535 1215 5609 Πέτρον,
1271 5531 1366 5589 τόν
1434 5532 1603 5608 μέγαν
1656 5532 2055 5607 πρωταπόστο-

406 5630 528 5700 λον,
558 5630 725 5687 πλέον
756 5629 973 5684 πάντων
999 5627 1091 5683 καὶ
1142 5624 1486 5705 δυσφημοῦσι
1544 5624 1633 5680 καὶ
1685 5624 2051 5701 ἀποστρέφον-

405 5741 526 5796 ταν,
551 5718 605 5797 ἐξ
633 5717 810 5779 αὐτῶν
843 5713 1053 5795 μηδένα
1078 5715 1201 5775 τινὰ
1248 5712 1302 5773 ἂν
1350 5712 1503 5793 μάρει
1555 5715 1663 5769 τῶν
1721 5709 2048 5788 σωζομένων

2158 4732 2458 4809 munionis
2486 4723 3051 4815 pretiosi",corporis
3098 4740 3155 4790 et
3202 4736 3507 4808 sanguinis
3569 4723 3803 4789 Domini

2158 4821 2345 4877 nostri
2386 4823 2523 4877 Jesu
2831 4823 3122 4895 garriunt,
3173 4823 3438 4880 dicentes
3488 4824 3805 4879 Dominum

2158 4909 2335 4966 verba
2376 4926 2484 4965 sua
2531 4910 2818 4989 apostolis
2863 4911 3122 4981 dedisse,
3154 4928 3343 4984 eaque
3365 4912 3619 4984 jussisse
3650 4911 3804 4967 acci-

2158 5015 2317 5071 pere,
2355 4986 2753 5072 edere’atque
2799 5000 3025 5070 bibere,
3074 5016 3195 5056 non
3242 5017 3459 5073 panem
3491 5006 3550 5055 et
3579 5001 3807 5068 vinum,

2159 5105 2290 5159 qum
2322 5088 2564 5159 quidem
2596 5089 2775 5145 etiam
2805 5089 3147 5146 adhibenda
3174 5096 3414 5163 negant.
3438 5091 3590 5155 Quin
3623 5096 3681 5144 et
3712 5105 3810 5145 ve-

2158 5177 2438 5234 nerandte
2477 5178 2637 5234 cruci
2661 5177 2946 5234 scelerate
2986 5178 3487 5244 detrahunt,760
3509 5179 3809 5235 Christum

2159 5284 2289 5323 esse
2333 5284 2573 5323 crucem
2632 5267 2915 5329 dicentes.
2978 5284 3171 5339 neque
3237 5267 3608 5324 adorandum
3681 5286 3809 5324 esse

2160 5356 2407 5429 lignum,
2460 5355 2969 5412 exsecrationibus
3017 5356 3283 5412 deditum
3318 5358 3803 5415 instrumentum.

2161 5449 2336 5501 Vates
2384 5462 2622 5517 quoque
2671 5445 2895 5500 divinos
2945 5450 3004 5500 et
3051 5446 3314 5519 reliquos
3343 5452 3578 5502 sanctos
3605 5447 3807 5519 explo-

2160 5535 2326 5591 dunt.
2362 5536 2606 5590 Beatum
2636 5535 3178 5607 Petrum,maguum
3208 5536 3375 5591 illum
3399 5536 3804 5608 apostolorum

2158 5626 2514 5699 principem,
2547 5627 2782 5699 gravius
2828 5626 3075 5697 reliquis
3118 5627 3394 5685 omnibus
3425 5636 3484 5685 et
3513 5629 3806 5685 infamant

2160 5716 2221 5773 et
2272 5724 2518 5790 prorsus
2548 5731 2584 5775 a
2612 5732 2675 5775 se
2703 5715 3006 5789 rejiciunt,
3038 5723 3323 5792 negantes
3351 5734 3490 5777 eum
3520 5716 3584 5774 in
3620 5715 3803 5774 ullam
