4148 6212
335 367 448 424 831
1688 347 1973 410 GEOBGI

2108 350 2201 409 ΕΙ)
2211 352 2397 415 ΡιΕΝΙ
3275 376 3284 383 ·
3620 352 3746 414 832

337 497 546 555 salutis
578 501 804 568 partem
829 494 1042 549 venire.
1077 491 1336 546 Concilia
1368 506 1474 546 sua
1521 483 1842 543 Ecclesiam
1883 495 1975 536 ca-

2113 481 2238 537 εἶναι
2294 483 2559 560 λέγοντες.
2630 485 2942 554 Καθολικὴν
3021 484 3349 554 Ἐκκλησίαν
3417 487 3484 540 τὰ
3541 487 3751 541 ἑαυτῶν

340 587 620 644 tholicam
657 585 966 638 nominant
996 583 1054 635 in
1091 581 1214 636 suis
1235 581 1307 634 ad
1329 597 1438 634 nos
1466 575 1758 648 allegoriis
1784 590 1796 626 :
1829 572 1978 625 inter

2113 571 2362 647 τυνέδρεα,
2395 577 2531 650 πρὸς
2559 577 2708 648 ἡμᾶς
2740 575 2792 631 ἐν
2823 579 2892 649 τῇ
2943 574 3262 649 ἀλληγορία
3312 575 3486 630 αὐτῶν
3543 575 3751 650 λέγον-

340 694 401 732 se
447 674 607 730 enim
635 689 669 728 a
699 671 974 743 precibus
1005 686 1072 724 ea
1103 669 1463 740 proseuchas
1516 663 1837 738 appellant.
1872 662 1978 714 Pro

2117 685 2198 728 ἐςο
2267 668 2404 742 πρὸς
2495 669 2720 730 ἑαυτοὺς
2807 668 2908 744 γὰρ
2996 667 3192 723 ἐκεῖνοι
3249 668 3560 743 προσευχὰς
3611 668 3755 723 αὐτὰ

339 764 632 836 baptismo
677 760 895 815 habent
942 760 1116 813 verba
1165 757 1484 828 Evangelii,
1532 754 1671 825 quia
1704 750 1977 806 Dominus

2113 753 2334 830 ιὲγουσι.
2381 761 2668 830 Βάπτισμα
2722 756 2778 812 δὲ
2832 759 2898 812 τὰ
2955 759 3173 832 ῥήματα
3225 763 3322 812 τοῦ
3385 758 3751 832 Εὐαγγελίου,

339 854 553 910 dixerit
584 869 644 905 se
677 868 804 904 esse
835 866 1047 920 aquam
1081 849 1126 882 2°
1158 849 1361 902 vivam.
1398 844 1608 900 Omnia
1643 845 1766 897 haec
1809 846 1977 908 atque

2109 847 2268 908 ιαθώς
2301 869 2462 924 φησιν
2493 849 2521 902 6
2553 847 2772 922 Κύριος·
2822 848 2966 921 Ἐγώ
3012 847 3125 919 εἰμι
3171 848 3232 902 τὸ
3285 845 3431 920 ὓδωρ
3488 849 3550 901 τὸ
3610 853 3747 917 ζῶν.

337 945 514 999 etiam
547 941 738 1012 plura,
771 940 868 994 ubi
899 937 1253 1009 deprehensi
1301 941 1602 1001 tenentur,
1633 931 1795 986 aliud
1825 935 1975 983 recte

2115 938 2271 990 Γαῦτα
2327 936 2523 1008 πάντα,
2580 937 2666 990 καὶ
2725 935 2902 991 πλείω
2957 937 3184 1004 τούτων,
3245 938 3334 991 ὅτε
3390 941 3753 1012 φωραθῶσιν,

337 1029 810 1104 significantibus
859 1028 1050 1081 verbis
1099 1027 1181 1095 (id
1229 1025 1386 1080 enim
1431 1041 1574 1078 voco
1619 1017 1975 1091 allegoriamj

2113 1022 2523 1100 ὶλληγοροῦσιν.
2560 1022 2733 1081 Ἀλλὰ
2765 1027 2874 1099 χρὴ
2909 1030 3185 1100 νουνεχῶς
3217 1026 3306 1080 καὶ
3364 1023 3751 1099 διωρισμένως

337 1123 658 1178 involvunt.
713 1121 957 1190 Oportet
1008 1123 1205 1172 autem
1234 1121 1481 1170 atttente
1523 1118 1580 1167 et
1611 1111 1885 1166 distincte
1916 1109 1975 1162 de

2106 1111 2277 1175 ιύτοῖς
2338 1113 2413 1176 εἷς
2510 1113 2683 1169 πάντα
2769 1110 3133 1187 διαλέγεσθαι.
3197 1114 3299 1170 Καὶ
3362 1114 3464 1188 γὰρ
3530 1114 3618 1168 καὶ
3674 1115 3744 1167 τὸ

339 1211 590 1284 singulis
639 1216 844 1264 contra
889 1225 988 1262 eos
1019 1207 1342 1277 disputare.
1385 1206 1526 1258 Nam
1560 1208 1618 1256 et
1647 1199 1883 1256 mentiri
1917 1198 1977 1251 iis

2119 1200 2290 1264 ιεῦδος
2320 1201 2637 1282 προχείρως
2665 1197 2890 1280 ἔχουσιν
2924 1202 2999 1265 ὡς
3027 1205 3198 1275 νόμον
3246 1203 3468 1268 οἰκεῖον,
3519 1203 3757 1258 πάντοτε

341 1301 402 1354 in
433 1305 708 1372 promptu
742 1302 850 1360 est,
883 1297 964 1351 ita
996 1294 1320 1350 ferentibus
1352 1294 1617 1364 ipsorum
1648 1287 1897 1361 legibus,
1930 1291 1979 1342 el

2111 1291 2214 1358 λεν,
2250 1289 2577 1364 μάλισταδέ
2633 1290 2758 1346 ὅταν
2825 1292 3116 1366 βιασθῶσι,
3175 1288 3594 1366 διαψευδόμενοι
3650 1293 3749 1346 καὶ

339 1407 474 1444 cum
506 1389 652 1443 alias
703 1402 956 1456 semper,
1017 1391 1142 1440 tum
1199 1383 1496 1455 prmcipue
1550 1380 1651 1435 ubi
1682 1381 1977 1449 urgentur,

2119 1381 2343 1454 .έγοντες
2398 1381 2577 1443 καθὼς
2633 1382 2724 1436 ἐὰν
2783 1383 3207 1456 προσταχθῶσιν
3266 1379 3302 1450 ἤ
3365 1386 3757 1456 προτραπῶσι,

340 1477 651 1532 mendacio
681 1475 1029 1545 interposito
1063 1473 1400 1538 elabuntur,
1433 1470 1798 1526 atfirmantes
1821 1465 1978 1537 quid-

2116 1469 2420 1546 ὶνέγκλητοι
2449 1467 2594 1532 ὄντες
2653 1473 2778 1546 παρ’
2835 1472 3068 1534 ἑαυτοῖς.
3132 1472 3322 1534 Οὖτως
3367 1473 3472 1547 γὰρ
3499 1473 3528 1527 6
3557 1473 3754 1542 Μάνης

341 1567 482 1638 quid
514 1567 854 1636 imperetur.
891 1566 1088 1634 Neque
1119 1563 1192 1616 0b
1227 1562 1340 1616 tale
1371 1559 1748 1615 mendacium
1778 1557 1840 1610 in
1884 1555 1979 1609 ali-

2113 1558 2277 1620 ιὺτοῖς
2320 1559 2653 1633 παρέδωκεν,
2722 1558 2808 1615 ὅτι
2865 1559 2974 1614 Οὐκ
3033 1559 3145 1633 εἰμὶ
3209 1559 3313 1636 ἐγὼ
3372 1558 3751 1635 ἄσπλαγχνος,

341 1671 457 1724 qua
487 1653 642 1725 apud
672 1670 808 1708 suos
839 1658 975 1706 sunt
1017 1651 1210 1722 culpa,
1257 1650 1396 1721 quia
1438 1647 1722 1702 nimirum
1770 1645 1881 1698 hoc
1908 1644 1979 1698 fe-

2128 1649 2282 1718 ξησὶν,
2317 1648 2391 1709 ὡς
2423 1649 2452 1702 ὁ
2483 1649 2708 1722 Χριστὸς
2769 1649 2797 1702 6
2840 1647 3029 1703 εἷ’πών·
3084 1651 3270 1710 Ὅστις
3327 1669 3394 1721 με
3445 1648 3766 1723 ἀρνήσεται,

339 1744 420 1798 cit
453 1745 665 1798 Manes.
716 1744 769 1795 Is
801 1742 960 1796 enim
991 1741 1138 1795 dixit
1163 1756 1282 1794 non
1321 1756 1382 1793 se
1433 1737 1826 1792 inhumanum
1856 1749 1977 1788 esse

2118 1740 2401 1812 ιρνήσομαι
2435 1735 2592 1792 αὺτὸν
2621 1739 2796 1814 κάγώ.
2833 1735 2991 1794 Ἀλλ’
3023 1735 3130 1812 ἐγὼ
3175 1738 3341 1814 λέγω,
3398 1741 3504 1794 Τοῦ
3551 1739 3756 1812 ἀρνου-

339 1835 530 1889 instar
571 1831 808 1897 Christi,
843 1830 1095 1884 dicentis
1144 1847 1205 1883 se
1249 1827 1507 1883 vicissim
1541 1842 1640 1880 eos
1671 1824 1977 1894 abnegatu-

2117 1831 2262 1880 ιένου
2294 1848 2360 1899 με
2392 1821 2694 1902 ἔμπροσθεν
2754 1831 2865 1880 τῶν
2917 1827 3216 1900 ἀνθρώπων
3277 1825 3368 1880 καὶ
3423 1830 3502 1898 τῷ
3561 1823 3755 1899 ψεύδει

341 1939 472 1976 rum
504 1939 538 1976 a
568 1921 781 1992 quibus
813 1920 1022 1974 fuisset
1053 1923 1298 1990 negatus
1323 1918 1362 1950 ει
1394 1933 1406 1970 :
1443 1933 1504 1970 se
1527 1932 1628 1970 eos
1658 1915 1756 1984 qui
1788 1914 1979 1984 ipsum

2118 1916 2193 1983 τὴν
2225 1915 2430 1970 οἰκείαν
2471 1915 2743 1990 σωτηρίαν
2776 1915 3191 1990 ποριζομένους,
3226 1915 3300 1977 ὡς
3353 1917 3429 1986 μὴ
3481 1914 3756 1989 ἀρνόυμέ-

337 2028 531 2065 coram
567 2010 908 2064 hominibus
931 2009 1154 2063 diffessi
1179 2008 1431 2062 fuissent
1456 2021 1640 2075 eoque
1673 2002 1975 2058 mendacio

2107 2025 2210 2075 mu,
2278 2005 2411 2076 μετὰ
2467 2009 2642 2080 χαρᾶς
2701 2001 2937 2082 δέχομαι
2998 2005 3085 2059 καὶ
3144 2005 3247 2072 τήν
3314 2002 3610 2073 ἇνάκλησιν
3649 2003 3745 2058 καὶ

339 2100 452 2155 sibi
483 2100 735 2154 salutem
769 2098 1198 2170 quasivissent,
1246 2101 1528 2165 tanquam
1563 2111 1681 2148 non
1712 2092 1977 2146 diffessos

2107 2094 2154 2149 :6
2185 2091 2380 2167 ψεῦδος
2411 2094 2486 2156 ὡς
2545 2096 2644 2164 τὴν
2701 2094 2838 2169 πρὸς
2895 2093 2994 2165 έμὶ
3059 2091 3362 2169 ὁμολογίαν
3418 2093 3745 2158 ἀνευθύνως.

338 2205 470 2244 cum
503 2188 716 2259 gaudio
749 2188 1031 2259 recipere,
1064 2186 1612 2254 revocationemque
1644 2189 1702 2237 et
1739 2181 1976 2236 menda-

2111 2183 2332 2257 Ομοίως
2364 2183 2550 2257 μέντοι
2607 2185 2697 2239 καὶ
2751 2183 2880 2245 τοὺς
2921 2180 3320 2259 πρεσϐυτέρους
3367 2185 3456 2238 καὶ
3514 2183 3749 2246 λοιποὺς

341 2281 497 2334 cium
531 2295 649 2332 non
682 2278 866 2349 magis
914 2277 1153 2348 culpare
1183 2291 1363 2345 quam
1396 2273 1444 2328 si
1505 2273 1698 2343 ipsum
1734 2270 1979 2342 professi

2110 2281 2258 2349 ,ερεῖς
2288 2280 2396 2330 τῶν
2427 2277 2554 2349 παρ’
2584 2277 2720 2348 ἡμῖν
2772 2271 3206 2330 ἆποϐάλλονται.
3264 2276 3493 2332 Ἐκεῖνοι
3546 2272 3604 2329 δὲ
3654 2275 3748 2329 καὶ

338 2366 906 2423 fuissent.Similiter
929 2371 1124 2420 tamen
1167 2363 1432 2418 seniores
1461 2367 1517 2416 et
1539 2360 1874 2416 sacerdotes
1900 2376 1976 2412 re-

2115 2363 2220 2428 τους
2267 2366 2432 2440 ἱερεῖς
2471 2363 2666 2426 αὐτοὺς
2726 2361 3102 2438 συνεκδήμους
3161 2363 3380 2441 λέγουσι
3439 2365 3530 2418 καὶ
3588 2385 3753 2418 νοτα-

338 2457 538 2528 liquos
570 2461 864 2511 nostrates
896 2459 1262 2509 aversantur.
1299 2454 1446 2507 Suos
1486 2448 1976 2522 peregrinationis

2117 2455 2267 2519 ιίους,
2351 2451 2681 2532 ἀδιαφόρους
2768 2458 2931 2509 πᾶσιν
3013 2454 3202 2516 αὐτοῖς
3259 2449 3415 2516 ὄντας
3483 2453 3572 2508 καὶ
3631 2458 3755 2516 τοῖς

340 2547 479 2601 ’161
523 2563 643 2600 sua;
675 2545 865 2599 socios
895 2548 1105 2598 vocant
1146 2547 1204 2596 et
1242 2540 1542 2607 notarios;
1595 2539 1774 2609 hique
1805 2554 1839 2593 a
1869 2555 1978 2592 cm-

2115 2544 2344 2620 πχήμασι
2373 2543 2463 2598 καὶ
2492 2548 2612 2606 ταῖς
2641 2540 2872 2606 διαίταις
2899 2542 2990 2598 καὶ
3022 2545 3168 2617 πάσῃ
3216 2546 3286 2616 τῇ
3339 2545 3423 2616 [Ρ.
3478 2545 3606 2615 435]
3649 2547 3753 2596 τοῦ

343 2637 483 2690 teris
515 2635 680 2690 nulla
711 2650 953 2705 prorsus
985 2650 1070 2702 re,
1122 2648 1241 2686 non
1272 2630 1500 2694 habitu,
1544 2645 1662 2682 non
1682 2628 1868 2682 victus
1891 2643 1981 2681 ra-

2113 2636 2293 2686 tomoﬁ
2326 2631 2450 2707 βίου
2508 2635 2836 2705 κατασκευῇ.
2893 2634 3128 2707 Ἔχουσι
3179 2630 3236 2686 δὲ
3293 2631 3467 2687 πάντα
3519 2632 3589 2686 τὰ
3647 2635 3751 2687 τοῦ

343 2726 524 2791 tione,
557 2741 676 2778 non
708 2723 938 2792 reliquo
969 2722 1100 2775 vita:
1132 2725 1417 2791 apparatu
1447 2717 1748 2771 differunt.
1773 2715 1981 2770 Omnia

2111 2719 2430 2796 Βὺαγγελίου
2484 2721 2575 2776 καὶ
2626 2725 2724 2775 τοῦ
2783 2719 3122 2777 ’Λποστόλου
3209 2720 3349 2795 ῥητᾶ
3419 2719 3749 2798 διάστροφα,

337 2813 633 2883 Evangelii
667 2817 725 2865 et
754 2810 1016 2881 Apostoli
1049 2810 1205 2863 dicta
1237 2808 1457 2862 habent
1485 2821 1759 2877 perversa
1789 2810 1845 2857 et
1877 2821 1975 2858 no-

2109 2809 2227 2884 τρὸς
2284 2809 2353 2864 τὰ
2402 2811 2530 2884 παρ’
2581 2811 2717 2882 ἡμῖν
2784 2808 2916 2864 ὄντα
2971 2807 3205 2876 ἐναντία,
3261 2811 3387 2883 παρ’
3447 2808 3625 2864 αὐτῶν
3685 2807 3747 2864 δὲ

336 2902 474 2956 stris
526 2899 835 2955 sententiis
890 2898 1206 2964 contraria,
1261 2897 1332 2952 ab
1371 2897 1512 2968 ipsis
1547 2897 1627 2950 ita
1657 2895 1974 2966 composita

2108 2897 2401 2954 τυντεθέντα
2457 2900 2532 2960 ὡς
2591 2897 2752 2968 δῆθεν
2813 2900 3118 2972 ἁρμόζοντα
3173 2905 3293 2961 ταῖς
3352 2898 3577 2959 οἰκείαις
3641 2899 3746 2953 αὐ-

332 2996 391 3046 et
448 2991 546 3060 qui
597 2990 718 3044 suis
777 3005 846 3043 ea
895 2987 1194 3043 erroribus
1243 2985 1778 3042 accommodarent.
1835 2985 1970 3039 Nam

2106 2995 2199 3045 τῶν
2230 2991 2517 3065 αἱρέσεσιν.
2574 2991 2661 3052 Ὧς
2713 2989 2813 3066 γὰρ
2859 2988 3070 3064 εἷ’ρηται
3117 2994 3186 3063 τῇ
3241 2994 3425 3070 Γραφῇ
3479 2991 3570 3044 καὶ
3621 2995 3744 3052 τοῖς

335 3081 632 3154 quomodo
666 3099 734 3136 ea
759 3081 976 3152 scripta
1031 3085 1170 3135 sunt
1214 3085 1390 3150 atque
1435 3083 1669 3146 sonant,
1705 3078 1786 3131 ita
1825 3075 1973 3146 apud

2100 3079 2299 3154 λόγοις,
2335 3079 2509 3142 οὓτως
2551 3080 2682 3134 εἰσὶν
2718 3080 2793 3142 ὣς
2822 3079 2910 3133 καὶ
2950 3079 3015 3135 τὰ
3045 3081 3170 3156 παρ’
3226 3083 3363 3151 ἡμῖν
3415 3077 3738 3154 ἀπαράλλα-

331 3174 491 3244 ipsos
542 3172 856 3238 habentur,
906 3170 1056 3224 nihil
1105 3185 1346 3240 prorsus
1377 3186 1410 3222 a
1443 3169 1659 3222 nostris
1710 3165 1969 3219 deflexa:

339 3262 434 3283 __J
474 3261 796 3283 ____A-__.:--
841 3263 1179 3283 _-_-_-_n---n
1229 3261 1376 3283 ,.;η..ι
1411 3255 1542 3283 ..ιεῑιε
1581 3255 1813 3283 “Ann”...
1839 3260 1921 3283 nn‘
1947 3271 1969 3283 η

2109 3190 2208 3240 ιτα,
2276 3169 2343 3223 τὰ
2393 3165 2452 3223 δί
2515 3170 2765 3242 νοήματα
2831 3166 3208 3247 διαστρέφουσι
3278 3169 3458 3232 καθὼς
3517 3167 3570 3223 ἐν
3625 3173 3747 3228 τοῖς

2109 3258 2178 3283 LL
2213 3257 2556 3283 _\_'.___I-:n\
2595 3278 2680 3283 η-.
2745 3255 2990 3283 ἸΜ----...
3049 3258 3171 3283 ---ι
3225 3257 3370 3283 __.'__
3405 3280 3431 3283 _.
3489 3257 3708 3283 ___l__-

334 3262 437 3317 sed
471 3261 796 3316 sententias
841 3263 1202 3330 pervertunt,
1228 3261 1380 3313 sicut
1409 3255 1544 3310 alibi
1578 3255 1814 3326 copiose
1838 3260 1926 3308 est
1945 3271 1972 3308 a

2106 3257 2180 3312 Ξιὰ
2210 3257 2416 3321 πλάτος
2442 3260 2557 3329 (79)
2592 3278 2685 3330 μοι
2745 3255 2995 3312 λέλεκται
3047 3258 3174 3332 περὶ
3224 3257 3432 3313 τούτων
3484 3257 3744 3332 σαφέστε-

331 3370 425 3408 me
463 3354 533 3407 de
572 3358 693 3407 tota
727 3353 834 3406 hac
866 3368 928 3404 re
981 3351 1226 3404 dictum.
1277 3351 1553 3403 Nostrum
1603 3345 1969 3417 Evangelium

2102 3365 2194 3400 ιον.
2259 3349 2630 3419 Προσκυνοῦσι
2688 3342 2746 3399 δὲ
2797 3345 2860 3400 τὸ
2941 3347 3067 3419 παρ’
3149 3347 3287 3418 ἡμῖν
3374 3345 3740 3420 Εὖαγγέλιον,

335 3440 589 3495 adorant
621 3439 718 3492 ubi
750 3438 981 3492 occasio
1011 3437 1164 3504 tulit,
1213 3436 1481 3490 dicentes
1542 3450 1662 3488 nou
1716 3433 1775 3487 in
1807 3448 1973 3487 cruce

2107 3453 2176 3488 ιτε
2202 3433 2367 3508 τύχῃ,
2401 3432 2501 3487 οὐκ
2538 3432 2590 3487 ἐν
2636 3438 2716 3505 τῷ
2768 3438 3002 3508 σταυρῷ,
3062 3431 3190 3489 ἀλλ’
3258 3433 3310 3488 ἐν
3364 3438 3445 3504 τῷ
3506 3429 3745 3508 βιϐλίῳ,

334 3543 464 3580 esse
495 3526 712 3580 Christi
744 3525 1048 3592 verba,sed
1082 3525 1142 3578 in
1177 3524 1348 3587 tibro,
1383 3522 1632 3593 ideoque
1663 3521 1823 3576 hunc
1857 3537 1889 3574 a
1918 3537 1972 3575 se

2107 3525 2366 3596 Κέγοντες,
2407 3521 2489 3577 ὅτι
2525 3521 2808 3595 Λόγοιτοῦ
2861 3525 3096 3596 Χριστοῦ
3151 3523 3252 3578 εἶσι
3309 3523 3400 3577 καὶ
3449 3520 3539 3576 διὰ
3579 3527 3745 3577 τοῦτο

335 3615 590 3669 adorari.
625 3613 874 3679 Quidam
907 3631 978 3668 ex
1011 3613 1154 3682 ipsis
1184 3629 1316 3667 cum
1352 3611 1577 3666 morbis
1607 3609 1973 3664 doloribusve

2105 3611 2269 3672 ιῦτοῖς
2324 3611 2752 3684 προσκυνοῦμεν.
2845 3612 2931 3668 Ἐν
3014 3611 3263 3682 ἀσθενείᾳ
3330 3609 3387 3666 δὲ
3437 3612 3527 3665 ναὶ
3585 3612 3743 3682 πόνῳ

335 3708 708 3775 premuntur,
753 3718 986 3757 crucem
1037 3702 1149 3756 sibi
1205 3702 1550 3773 imponunt;
1591 3699 1973 3769 eamdemque

2108 3701 2223 3762 τινὲς
2256 3699 2304 3769 ἐξ
2337 3699 2514 3754 αὐτῶν
2563 3699 2652 3754 ὅτε
2719 3699 3075 3772 περιπέσωσι,
3130 3700 3222 3754 τὸν
3274 3701 3498 3774 σταυρὸν
3566 3699 3746 3754 ἐπιτι-

331 3798 568 3863 recepta
602 3791 854 3846 sanitate
885 3789 1350 3862 confringunt,in
1383 3789 1576 3861 ignem
1608 3788 1969 3858 abjiciuntac

2103 3791 2258 3844 iéaaw
2327 3791 2561 3850 ἑαυτοῖς·
2638 3787 2728 3842 καὶ
2823 3787 3026 3862 ὑγιείας
3116 3788 3476 3867 τυγχάνοντες
3571 3787 3741 3844 πάλιν

335 3887 622 3948 cremant,
659 3885 762 3936 aut
792 3881 966 3936 etiam
1001 3880 1366 3934 conculcant.
1401 3879 1548 3932 Sunt
1579 3878 1732 3931 inter
1749 3893 1850 3932 eos
1879 3876 1973 3947 qui

2099 3878 2246 3934 ιύτὸν
2279 3883 2559 3952 συγκλῶσι
2591 3877 2680 3931 καὶ
2722 3877 2796 3938 εἰς
2849 3881 2955 3952 πῦρ
3016 3875 3284 3951 βάλλουσι
3345 3877 3434 3931 καὶ
3491 3878 3737 3932 καίουσιν

338 3971 598 4026 infantes
652 3988 789 4026 suos
839 3987 872 4024 a
912 3969 1132 4024 nostris
1181 3967 1541 4040 presbyteris
1574 3966 1851 4036 baptizari
1886 3983 1976 4020 cu-

2108 3968 2550 4037 Ξκαταπατοῦσιν
2591 3967 2772 4022 αὐτόν·
2837 3967 2987 4028 Τινὲς
3049 3963 3105 4020 δὲ
3163 3965 3213 4037 ἐξ
3270 3967 3448 4022 αὐτῶν
3501 3968 3565 4020 τὰ
3619 3987 3746 4022 παι-

341 4068 492 4116 rent.
543 4061 654 4115 Alii
709 4063 768 4116 in
819 4066 1086 4114 nostram
1154 4059 1616 4114 orthodoxorum
1660 4057 1979 4111 Ecclesiam

2105 4056 2175 4109 ῐία
2232 4056 2434 4110 ἑαυτῶν
2501 4054 2855 4128 βαπτίζουσιν
2915 4055 3018 4108 ὑπὸ
3082 4059 3193 4108 τῶν
3281 4054 3558 4128 ἡμετέρων
3614 4075 3743 4127 πρε·

335 4168 470 4206 cum
503 4151 766 4217 veniunt,
801 4149 1028 4204 occulte
1060 4148 1523 4210 communicant,
1556 4153 1620 4200 ut
1650 4163 1719 4201 eo
1750 4146 1973 4201 facilius

2105 4138 2377 4218 r60tépwv.
2440 4148 2656 4219 ’Έτεροι
2716 4140 2774 4198 δὶ
2827 4142 3202 4217 εἰσερχόμενοι
3266 4141 3319 4198 έν
3377 4146 3446 4215 τῇ
3497 4142 3743 4216 ἡμετέρᾳ

336 4237 801 4308 simplicioribus
833 4238 1160 4308 imponant.
1199 4235 1545 4307 l'lujusmodi
1577 4234 1804 4290 artibus
1829 4251 1895 4290 ac
1914 4235 1974 4288 si-

2110 4231 2356 4304 ,κκλησίᾳ
2440 4236 2548 4286 τῶν
2636 4228 2940 4306 ὀρθοδόξων
3017 4230 3329 4301 λεκηθότως
3392 4227 3748 4303 μεταλαμϐά-

334 4326 758 4380 mulationibus
788 4326 827 4378 ii
850 4325 1349 4391 utentes,interim
1367 4325 1590 4394 absque
1621 4323 1744 4378 ullo
1784 4323 1972 4378 discri-

2106 4341 2238 4375 ιουσι
2271 4324 2382 4393 (80)
2413 4321 2548 4395 πρὸς
2608 4319 2838 4374 πλείονα
2897 4319 3220 4391 ἐξαπάτησιν
3273 4323 3381 4374 τῶν
3436 4317 3744 4374 ἁπλουστέ-

343 4415 506 4469 mine
537 4419 594 4468 et
617 4420 777 4468 metu
805 4414 1000 4468 omnis
1021 4413 1254 4484 generis
1278 4411 1510 4466 libidini
1539 4415 1595 4466 et
1613 4412 1981 4466 obscmnitati

2105 4434 2214 4468 >ων.
2275 4414 2404 4473 Ταῖς
2480 4410 2756 4473 τοιαύταις
2834 4406 3137 4480 μεθοδιίαις
3221 4409 3311 4463 καὶ
3419 4409 3743 4478 ὑποκρίσεσι

337 4510 566 4568 vacant,
597 4503 929 4572 promiscue
982 4509 1298 4572 utrumque
1345 4517 1552 4556 sexum
1611 4501 1846 4556 lascivia
1881 4519 1975 4556 sua

2102 4503 2402 4577 χρώμενοι,
2463 4500 2605 4573 πάσῃ
2689 4497 2961 4554 ἀκολασία
3041 4498 3130 4552 καὶ
3193 4503 3421 4570 μιασμῷ
3489 4499 3740 4570 ἑκατέρας

334 4589 644 4658 fmdantes,
677 4590 912 4661 quando
934 4589 1207 4644 nonnulli
1239 4588 1310 4644 de
1341 4605 1544 4643 eorum
1577 4605 1822 4659 corpore
1855 4595 1972 4644 tan-

2100 4561 2392 4664 ῖνθρώπων
2453 4590 2662 4667 φύσεως
2721 4584 3032 4664 ἀδιαφόρως
3088 4586 3173 4640 καὶ
3235 4561 3406 4648 ἀδεῶς
3472 4561 3738 4661 χρῶνται.

339 4684 462 4734 tum
495 4678 859 4749 parentibus,
895 4684 952 4733 et
977 4677 1215 4750 quidem
1249 4677 1522 4748 propriis,
1559 4676 1977 4734 abstinendum

2103 4680 2246 4741 Τινὲς
2277 4677 2333 4734 δὲ
2372 4677 2424 4749 ἐξ
2447 4678 2621 4733 αὐτῶν
2664 4679 2800 4750 πρὸς
2848 4676 2977 4739 τοὺς
3028 4680 3202 4751 γονεῖς
3249 4676 3340 4730 καὶ
3397 4676 3560 4748 μόνον
3616 4678 3741 4731 ὲαυ-

341 4769 675 4841 perhibent.

2088 4775 2195 4825 τῶν
2230 4766 2570 4846 διαφέρεσθαι
2605 4766 2843 4841 λέγουσι.

407 4863 580 4913 Anno
634 4862 697 4912 16
746 4859 1068 4928 imperator
1117 4857 1176 4910 in
1225 4855 1488 4910 Slavinos
1545 4855 1981 4926 expeditionem

2159 4862 2248 4928 Τῷ
2280 4864 2344 4921 ις’
2375 4856 2479 4912 ἔτει
2537 4855 2946 4929 ἐπεστράτευσεν
2991 4854 3020 4908 ὁ
3069 4852 3325 4928 βασιλεὺς
3374 4852 3511 4908 κατᾶ
3559 4851 3740 4908 Σκλα-

333 4949 492 5015 fecit,
531 4948 854 5018 multisque
886 4945 1074 5018 captis
1101 4950 1159 4998 et
1189 4943 1436 5015 imperio
1469 4960 1574 4998 suo
1597 4943 1857 5000 subactis
1877 4945 1971 5001 do-

2100 4941 2255 5000 ὅίνων
2289 4945 2544 5019 (81),καὶ
2605 4941 2860 5004 πολλοὺς
2917 4940 3337 5020 αἰχμαλωτίσας
3395 4940 3738 5014 ὑπέστρεψεν.

408 5049 455 5084 ²⁰
483 5051 650 5104 Joan.
685 5065 756 5116 iv,
788 5050 871 5101 to.
949 5046 990 5081 ²¹
1026 5045 1227 5100 Matth.
1262 5061 1314 5110 x,
1347 5043 1434 5101 33.

1525 5170 1884 5226 XYLANDRI
1933 5174 2019 5228 ET
2060 5174 2275 5230 GOARI
2319 5175 2538 5230 NOTAE.

407 5291 516 5358 (79)
558 5290 743 5345 Credo
776 5307 911 5345 eum
939 5290 1200 5362 rinnuere
1225 5287 1442 5362 librum
1474 5286 1735 5362 aliquem
1758 5289 1982 5344 theolo-
2093 5297 2160 5347 ut
2191 5291 2359 5362 plura
2388 5292 2461 5345 iis
2491 5308 2623 5362 quaa
2655 5290 2734 5344 ibi
2775 5288 3110 5343 referantur
3161 5289 3224 5342 in
3275 5287 3374 5343 illa
3423 5290 3503 5344 sis
3536 5291 3743 5347 inven-

333 5361 524 5428 gicum
557 5379 590 5414 a
631 5380 692 5413 se
723 5361 1154 5433 conscriptum;
1187 5359 1288 5433 qui
1322 5359 1588 5433 fortassis
1619 5376 1738 5433 non
1764 5377 1982 5433 magna
2093 5359 2281 5417 turus.
2317 5363 2451 5418 XYL.

334 5446 468 5506 cum
506 5449 699 5506 rerum
725 5428 1493 5506 jactura—intercidit.Quid
1534 5430 1583 5484 si
1613 5430 1728 5486 fuit
1769 5428 1980 5506 SOﬁu-
2164 5435 2272 5506 (80)
2305 5433 2709 5506 Acceduntad
2740 5447 3008 5506 mensam
3041 5430 3422 5506 dominicam.
3454 5434 3594 5506 Χγι.

337 5500 462 5575 τι-κὴ
496 5500 790 5575 πανοπλία,
824 5507 1125 5575 armatura
1153 5501 1340 5573 (puto)
1373 5507 1581 5575 contra
1609 5520 1816 5574 pravas
1849 5500 1975 5575 opi-

2163 5500 2273 5575 (8t)
2305 5505 2491 5575 Supra
2520 5505 2580 5558 in
2611 5503 2932 5575 Iustiniani
2957 5519 3112 5557 anno
3141 5506 3200 5557 3t
3255 5505 3540 5560 Sthlavini
3591 5508 3735 5561 scri-

339 5571 548 5646 niones
583 5572 861 5646 derebus
891 5574 1095 5646 sacris,
1129 5571 1259 5646 quae
1291 5571 1489 5646 supra,
1520 5571 1626 5628 ubi
1660 5575 1732 5629 de
1781 5571 1981 5630 Malio-
2091 5571 2332 5645 buntur,
2363 5571 2421 5631 et
2449 5575 2664 5630 deinde
2689 5573 3026 5646 aliquoties.
3059 5575 3197 5630 XYL.

341 5641 482 5697 meti
514 5641 741 5697 deliriis
766 5644 1057 5710 narrat,in
1079 5641 1343 5715 margine
1365 5641 1691 5716 citatur,ita
1713 5646 1978 5716 quidem.
