4148 6212
387 338 507 404 833

1530 352 2065 417 HISTORIARUM
2110 356 2663 430 COMPENDIUM.

3672 370 3793 434 ssi
3856 336 3861 345 ’

376 473 560 576 Οςὶτος
592 478 621 532 ὁ
652 475 926 576 Κώνσταςᾳ
1055 474 1309 551 δυνηθεὶς
1333 482 1424 538 τὸν
1459 483 1615 559 ἅγιον
1654 485 1907 562 Μάξιμον
1956 487 2011 542 ει

2151 512 2315 554 mum
2346 499 2541 555 rediit.
2568 501 2732 558 Idem
2775 502 3064 558 Constans
3093 508 3297 560 sancto
3344 505 3617 576 Maximo,
3651 522 3787 563 cum

384 566 485 636 τήν
515 567 709 622 ἑαυτοῦ
756 564 1079 639 κακοδοξίαν
1121 578 1483 649 μετενεγκεῖν,
1520 577 1622 646 τήν
1673 596 1733 631 τε
1780 577 2033 651 γλῶσσαν

380 654 472 709 καὶ
500 656 602 725 τὴν
633 659 797 733 χεῖρα
825 656 991 711 αὐτοῦ
1019 656 1279 733 ἀπέκοψε.
1339 661 1436 716 Καὶ
1486 662 1580 718 τὸν
1634 664 1785 741 ἅγιον
1827 667 2040 740 Μαρτῖ-

380 763 471 799 νον
498 743 681 799 πάπαν
713 744 939 818 Ῥώμης
972 744 1194 820 ἐξώρισε
1224 745 1315 805 διὰ
1350 750 1416 807 τὸ
1447 749 1771 829 ἐλέγχεσθαι
1824 754 1914 808 ὑπ’
1942 755 2038 810 αύ-

381 836 491 888 τῶν
520 833 584 888 τὸ
620 833 990 907 μονοθέλητον
1022 837 1193 892 αὐτοῦ
1223 835 1424 915 δόγμα.

453 1016 542 1086 Τῷ
576 1014 642 1083 ιζ’
689 1007 792 1099 ἔτει
840 1010 1059 1079 Μαϐίας
1098 1017 1128 1072 ὁ
1157 1022 1265 1073 τῶν
1307 1014 1556 1095 Ἀράϐων
1600 1021 1847 1099 ἀρχηγὸς
1896 1024 2031 1097 μετὰ

377 1105 549 1158 ταῦτα
578 1097 867 1177 ἐπρέσϐευε
922 1105 1047 1178 περὶ
1104 1105 1331 1182 εἰρήνης
1382 1109 1520 1182 πρὸς
1567 1097 1894 1166 Κώνσταντα
1942 1109 2032 1168 διὰ

384 1189 484 1258 τήν
517 1189 594 1252 είς
626 1188 786 1245 αὐτὸν
816 1191 1120 1266 γενομένην
1153 1194 1260 1248 ὗπὸ
1296 1198 1404 1251 τῶν
1437 1192 1684 1273 Ἀράϐων
1722 1197 2029 1274 ἀνταρσίαν,

383 1277 473 1333 καὶ
504 1275 587 1334 ἵνα
615 1277 847 1335 τελῶσιν
880 1279 1013 1355 ὑπὲρ
1043 1287 1145 1352 τῆς
1174 1283 1439 1355 τοιαύτης
1464 1284 1689 1360 εἰρήνης
1722 1292 1841 1350 τοῖς
1893 1290 2030 1345 Ῥω-

386 1365 569 1454 μαίοις
600 1368 652 1422 οἱ
680 1363 917 1454 ’ᾼραϐες
946 1371 1066 1434 καθ’
1106 1370 1317 1448 ἡμέραν
1359 1372 1672 1448 νομίσματα
1719 1375 1884 1454 χίλια
1934 1377 2023 1432 καὶ

374 1452 553 1511 ἵππον
582 1455 674 1511 καὶ
705 1453 922 1516 δοῦλον.
952 1460 1015 1516 '0
1043 1455 1100 1515 δὲ
1129 1459 1228 1516 ούκ
1256 1461 1496 1533 ἐπείσθη.

441 1547 543 1617 Τῷ
576 1545 646 1616 ιη’
676 1543 782 1601 ἔτει
821 1546 1004 1604 ἀνεῖλε
1054 1548 1311 1613 Κώνστας
1358 1551 1388 1605 ὁ
1429 1553 1685 1626 βασιλεὺς
1736 1550 2023 1610 Θεοδόσιον

373 1632 464 1688 τὸν
508 1630 654 1688 ἴδιον
707 1633 964 1714 άδελφόψ
1022 1636 1516 1712 σκανδαλιζόμενος
1570 1642 1676 1718 γὰρ
1736 1642 1813 1705 εἰς
1861 1642 2023 1698 αὐτὸν

370 1718 544 1798 ἔκειρε
568 1722 830 1799 πρότερον
876 1726 1039 1782 αὐτὸν
1095 1724 1183 1782 διὰ
1234 1727 1453 1784 Παύλου
1507 1733 1857 1809 πατριάρχου
1911 1729 2024 1787 διά-

367 1831 551 1882 κονον,
583 1810 645 1876 ὅς
687 1813 779 1868 καὶ
842 1811 1112 1888 μετέδωκε
1164 1820 1245 1889 τῷ
1306 1816 1523 1894 βασιλεῖ
1562 1822 1672 1873 τῶν
1727 1816 2017 1897 ἀχράντων

369 1901 681 1977 μυστηρίων
713 1900 766 1957 έν
798 1904 941 1981 ἁγίῳ
970 1906 1243 1981 ποτηρίῳ.
1273 1908 1373 1969 Ὅς
1432 1907 1567 1982 μετὰ
1612 1908 1713 1978 τὴν
1750 1907 2008 1977 τελευτὴν

364 1988 530 2046 αὐτοῦ
571 1994 691 2047 καθ’
720 1991 921 2055 ὕπνους
975 1999 1192 2070 συχνῶς
1249 1993 1495 2073 ἐφαίνετο
1551 1996 1718 2069 αὐτῷ,
1762 1993 2013 2053 διακόνου

364 2084 548 2158 φορῶν
574 2079 802 2150 στολήν,
835 2082 927 2137 καὶ
960 2079 1238 2146 ἐπιδιδοὺς
1276 2087 1543 2162 ποτήριον
1570 2084 1804 2160 αἳματος
1834 2079 2009 2162 ἔλεγε·

362 2167 482 2239 Πίε,
509 2169 556 2224 ὦ
584 2166 804 2250 ἀδελφέ.
832 2173 992 2237 Ὅθεν
1024 2171 1329 2245 έκκαγήσας
1359 2175 1388 2230 δ
1425 2172 1635 2249 ἄθυμος
1676 2177 1843 2230 ταῦτα
1882 2176 2010 2252 ὁρᾷν

366 2255 631 2333 ἐσκέψατο
655 2257 938 2316 κατελθεῖν
970 2259 1023 2317 ἓν
1056 2259 1304 2333 Σικελίᾳ.
1338 2261 1664 2319 Καταλιπὼν
1719 2261 1812 2318 οὖν
1856 2262 1911 2319 ἐν
1940 2270 2009 2340 τῇ

363 2345 526 2402 πόλει
555 2349 656 2419 τήν
682 2368 741 2404 τε
769 2355 998 2426 γυναῖκα
1021 2351 1111 2406 καὶ
1139 2350 1270 2416 τοὺς
1296 2356 1441 2426 τρεῖς
1481 2353 1657 2423 υἱοὺς,
1686 2351 1777 2407 καὶ
1831 2349 2009 2408 εἰσελ-

361 2434 470 2500 θὼν
503 2434 580 2500 εἷς
605 2432 696 2492 ἕνα
721 2442 836 2493 τῶν
876 2435 1181 2514 δρομώνων
1240 2439 1332 2496 καὶ
1378 2440 1699 2517 ἀναχωρῶν,
1753 2441 2008 2517 στραφεὶς

361 2526 707 2602 ἐνέπτυσετῇ
742 2526 1106 2605 βασιλευούσῃ
1160 2528 1347 2605 πόλει,
1392 2528 1484 2585 καὶ
1532 2529 1704 2593 οὕτως
1749 2528 2005 2590 ἀπέπλει.

362 2613 520 2673 Ἀλλ’
551 2613 676 2672 οὐδὲ
705 2619 794 2691 [Ρ.
827 2620 958 2692 436]
989 2617 1044 2674 ἰν
1077 2616 1308 2692 Σικελίᾳ
1354 2613 1685 2694 διατρίϐοντι
1729 2618 1944 2690 ἀπέπτη
1977 2620 2007 2674 ὁ

361 2703 569 2778 ὄνειρος
595 2706 688 2760 ἀπ’
719 2707 909 2767 αὐτοῦ.
962 2701 1302 2764 Καταλαϐὼν
1340 2705 1398 2763 δὲ
1450 2705 1795 2783 Συράκουσαν
1841 2708 2006 2766 πόλιν

356 2800 459 2864 τῆς
490 2793 746 2857 Σικελίας
776 2792 1039 2873 διέτριϐεν
1080 2797 1134 2852 ἐν
1158 2796 1320 2872 αὐτῇ,
1354 2796 1698 2871 βουλόμενος
1726 2796 1779 2853 ἐν
1810 2798 2003 2875 Ῥώμῃ

355 2884 459 2953 τήν
493 2882 773 2959 βασιλείαν
822 2894 1155 2962 μεταστῆσαι
1211 2886 1302 2945 διὰ
1355 2888 1420 2943 τὸ
1480 2893 1782 2962 μισηθῆναι
1839 2887 2003 2944 αὐτὸν

358 2970 462 3026 ὑπὸ
491 2977 601 3027 τῶν
630 2974 935 3044 Βυζαντίων
968 2975 1044 3040 ὡς
1100 2976 1486 3048 Μονοθελήτην
1537 2976 1626 3032 καὶ
1686 2974 2002 3049 κακόδοξον.

356 3058 563 3135 Πέμπει
594 3060 689 3118 οὖν
711 3063 938 3141 ἀγαγεῖν
966 3066 1072 3135 τήν
1118 3070 1345 3140 γυναῖκα
1391 3064 1485 3121 καὶ
1528 3064 1657 3129 τοὺς
1710 3064 1860 3127 υἱοὺς
1903 3064 2004 3121 αύ-

349 3153 467 3205 τοῦ·
496 3151 549 3206 οἱ
578 3148 637 3206 δὲ
668 3153 952 3222 Βυζάντιοι
983 3175 1088 3210 ουκ
1125 3152 1397 3211 ἀπέλυσαν
1424 3154 1642 3218 αύτούς.

2138 601 2273 642 eum
2304 587 2377 643 ad
2408 606 2601 660 pravm
2631 592 2944 646 sententia)
2974 592 3317 649 societatem
3340 596 3664 667 perducere
3687 613 3788 653 ne-

2134 674 2351 743 quiret,
2412 677 2675 751 linguam
2737 679 2885 735 762
2944 684 3003 734 et
3057 697 3299 736 manum
3357 682 3647 752 abscidit;
3718 701 3787 740 ac

2133 768 2403 819 sanctum
2456 767 2767 822 Martinam
2817 770 3016 823 Romae
3065 771 3410 841 episcopum
3476 772 3780 845 relegavit.

2132 851 2321 909 Causa
2350 853 2772 928 indignationis
2812 857 2873 911 in
2921 863 3238 930 utrumque
3286 858 3398 914 fuit
3451 859 3783 930 improbata

2134 941 2682 1013 Monotheletarum,
2715 945 2808 1000 cui
2838 945 2962 1018 ipse
2993 947 3242 1017 favebat,
3270 949 3584 1003 sententia.

2202 1032 2373 1087 Anno
2407 1036 2471 1086 l7
2519 1033 2758 1103 Mabias,
2792 1035 3052 1091 Arabum
3100 1036 3375 1108 princeps
3406 1053 3648 1093 suorum
3682 1054 3776 1093 se—

2132 1117 2356 1175 ditione
2386 1122 2750 1193 compulsus,
2783 1123 2857 1178 de
2886 1140 3029 1195 pace
3079 1124 3338 1180 ineunda
3366 1125 3439 1180 ad
3487 1128 3774 1181 Constan-

2130 1210 2248 1261 tem
2298 1208 2480 1277 misit,
2531 1211 2662 1282 ejus
2708 1211 2871 1282 pacis
2916 1213 3155 1267 nomine
3206 1213 3269 1267 in
3316 1213 3583 1285 singulos
3647 1214 3776 1269 dies

2127 1294 2200 1350 ab
2231 1296 2520 1354 Arabibus
2553 1298 2718 1355 mille
2760 1316 3039 1355 nummos
3064 1300 3392 1372 depensum
3423 1302 3493 1355 iri
3528 1303 3775 1372 promit-

2126 1387 2281 1454 tens,
2310 1390 2369 1440 et
2405 1401 2622 1457 equum
2670 1404 2925 1445 servum.
2993 1389 3198 1443 Verum
3228 1388 3285 1442 id
3317 1389 3604 1444 Constans
3652 1406 3773 1444 non

2130 1472 2396 1529 admisit.
3283 1526 3291 1534 .

2196 1564 2367 1619 Anno
2423 1565 2491 1619 18
2538 1564 2829 1622 Constans
2883 1583 3231 1639 germanum
3290 1583 3464 1622 suum
3530 1567 3772 1623 fratrem

2123 1651 2517 1708 Theodosium
2548 1654 2865 1721 interfecit,
2901 1672 3035 1711 cum
3068 1654 3310 1726 quidem
3340 1661 3476 1711 ante
3508 1657 3777 1712 offensus

2123 1739 2197 1795 ab
2227 1756 2296 1796 eo
2327 1758 2510 1814 opera
2536 1744 2703 1800 Pauli
2722 1744 3074 1816 patriarchae
3107 1749 3344 1800 tonsum
3380 1745 3614 1800 diaconi
3646 1762 3774 1801 mu-

2048 1867 2094 1932 B
2124 1846 2268 1886 nere
2342 1832 2658 1898 affecisset,
2707 1833 2779 1888 ab
2842 1849 3032 1904 eoque
3105 1833 3232 1905 ipse
3291 1839 3492 1889 sancto
3560 1833 3773 1906 poculo

2123 1921 2516 1976 sacrosanctis
2546 1922 2846 1994 mysteriis
2885 1923 3225 1994 impertitus
3274 1922 3501 1978 fuisset.
3553 1924 3606 1976 Is
3636 1939 3773 1995 ergo

2120 2009 2485 2066 Theodosius
2542 2028 2577 2066 a
2628 2017 2822 2068 morte
2880 2029 2988 2069 sua
3035 2014 3337 2069 Constanti
3403 2014 3611 2073 crebro
3668 2029 3774 2085 per

2122 2099 2385 2170 quietem
2415 2098 2575 2155 visus
2629 2106 2739 2170 est,
2770 2101 2977 2157 habitu
3023 2102 3281 2169 diaconi,
3330 2102 3611 2174 poculum
3642 2118 3771 2156 sau-

2119 2187 2296 2260 guine
2322 2188 2565 2260 plenum
2583 2190 2892 2263 porrigens
2907 2196 3088 2262 atque
3110 2190 3350 2259 dicens;
3398 2190 3770 2259 Bibe,frater,

2119 2278 2261 2350 Ejus
2290 2278 2398 2333 visi
2428 2278 2746 2335 acerbitate
2767 2281 2953 2336 victus
2984 2280 3193 2336 infelix
3222 2281 3546 2352 imperator
3566 2279 3773 2337 statuit

2120 2365 2182 2420 in
2208 2365 2468 2422 Siciliam
2490 2367 2674 2422 abire.
2702 2369 2904 2439 Itaque
2922 2369 3141 2425 inurbe
3160 2367 3505 2440 relinquens
3525 2383 3768 2423 uxorem
3848 2404 3863 2421 ι

2119 2459 2178 2510 et
2206 2460 2326 2510 tres
2356 2454 2512 2510 ﬁlios
2542 2456 2803 2512 celocem
2834 2457 3182 2512 conscendit
3207 2474 3223 2524 ;
3273 2474 3528 2528 cumque
3568 2456 3768 2511 solvis-

2126 2548 2565 2613 set,conversus
2579 2549 2737 2600 retro
2752 2546 2963 2601 urbem
2980 2545 3215 2617 imperii
3237 2544 3443 2600 cedem
3465 2544 3758 2614 conspuit,

2118 2632 2231 2688 Sed
2262 2649 2335 2689 ne
2366 2633 2429 2689 in
2469 2634 2670 2690 Sicilia
2698 2634 2940 2705 quidem
2968 2634 3333 2690 insomnium
3375 2632 3521 2688 illud
3552 2649 3765 2689 vexare

2115 2723 2498 2777 Constantem
2527 2722 2722 2778 desiit.
2757 2723 3076 2794 Syracusas
3108 2723 3219 2778 sibi
3266 2721 3505 2794 delegit,
3547 2721 3645 2776 ubi
3678 2722 3765 2776 vi-

2113 2814 2236 2865 tam
2266 2816 2482 2883 ageret.
2514 2812 2729 2867 Statuit
2785 2811 3102 2885 imperium
3133 2814 3379 2868 Romam
3410 2810 3757 2876 transferre,

2114 2914 2250 2953 cum
2283 2898 2507 2954 invisus
2562 2899 2852 2970 Byzantiis
2899 2906 3053 2955 esset
3105 2899 3177 2954 ob
3228 2898 3759 2955 Monotheletarum

2114 2989 2369 3045 haaresin
2399 2991 2665 3063 aliasque
2719 3009 2926 3065 pravas
2956 2992 3027 3047 de
3072 2991 3357 3064 religione
3411 2991 3758 3047 sententias.

2114 3078 2269 3134 Misit
2324 3096 2461 3152 ergo
2516 3081 2666 3136 768
2725 3080 2827 3152 qui
2883 3096 3127 3136 uxorem
3181 3087 3240 3135 et
3304 3080 3523 3135 liberos
3571 3078 3761 3133 abdu-

2111 3173 2315 3222 cerent
2346 3184 2360 3222 :
2395 3168 2500 3224 sed
2556 3169 2710 3226 hanc
2748 3185 2886 3225 cum
2941 3169 3147 3223 liberis
3178 3169 3437 3247 Byzantii
3495 3167 3761 3223 detinue-

2030 3226 2074 3295 α
2111 3261 2273 3311 runt.

418 3341 512 3412 Τῷ
535 3341 616 3405 κς“
645 3333 750 3396 ἔτει
779 3340 1018 3398 ἀπέλυσε
1056 3337 1282 3408 Μαϐίας
1309 3343 1402 3399 τὸν
1458 3344 1576 3399 υἱὸν
1622 3345 1793 3400 αὐτοῦ
1838 3341 2004 3415 Ἐζὴδ

363 3431 499 3504 μετά
528 3427 791 3507 Βαρϐάρω
832 3431 1060 3489 πολλῶν
1108 3434 1245 3490 κατὰ
1299 3433 1609 3508 Ῥωμαίων·
1665 3435 1755 3490 καὶ
1810 3433 2006 3500 ἰλθόν-

354 3539 444 3584 τες
473 3520 552 3582 εἷς
583 3520 921 3594 Χαλκηδόνα
948 3522 1393 3599 ᾐχμαλώτευσαν
1421 3522 1694 3588 πολλούς.
1756 3523 2005 3600 ΙΙαρέλα-

355 3604 451 3664 ϐον
479 3606 538 3665 δὲ
564 3611 655 3666 καὶ
691 3612 756 3667 τὸ
783 3613 1063 3687 Ἀμώριον
1091 3620 1194 3683 τῆς
1234 3614 1499 3689 Φρυγίας,
1531 3613 1622 3669 καὶ
1680 3614 1899 3691 ἀφέντες
1929 3614 2005 3676 εἰς

357 3699 606 3774 φυλακήν
632 3699 800 3757 αὐτοῦ
830 3700 1095 3776 χιλιάδας
1132 3703 1293 3758 πέντε
1347 3699 1548 3776 ἄνδρας
1599 3700 1868 3766 ἐνόπλους
1919 3702 2007 3758 ἀν-

360 3785 605 3862 έκαμψαν
638 3788 714 3851 εἰς
746 3789 963 3864 Συρίαν.
996 3792 1271 3863 Χειμῶνος
1304 3786 1361 3845 δὲ
1391 3792 1686 3867 γινομένου
1732 3788 1939 3865 πέμπει
1977 3792 2006 3847 ὁ

360 3874 616 3949 βασιλεὺς
645 3876 740 3931 τὸν
796 3872 1256 3953 κουϐικουλάριον
1314 3875 1586 3952 ’Δνδρέαν.
1637 3879 1741 3936 Καὶ
1784 3878 2007 3951 πολλῆς

354 3961 522 4035 οὔσης
553 3965 746 4041 χιόνος
766 3967 821 4021 ἐν
851 3966 1003 4023 νυκτί
1057 3964 1493 4039 καταλαμϐάνει,
1544 3968 1633 4023 καὶ
1690 3964 1781 4023 διὰ
1828 3968 2004 4040 ξύλων

351 4052 639 4129 ἀνέρχεται
678 4054 769 4110 ἐπὶ
796 4057 861 4112 τὸ
889 4062 1108 4132 τεῖχος,
1138 4057 1228 4111 καὶ
1261 4056 1568 4132 εἰσέρχεται
1600 4057 1677 4120 είς
1705 4059 1769 4113 τὸ
1812 4058 2006 4131 Ἀμώ-

356 4162 493 4218 ριον,
524 4143 615 4199 καὶ
644 4144 838 4201 κτείνει
869 4145 967 4208 τὰς
997 4146 1163 4201 πέντε
1193 4142 1456 4220 χελιάδας
1480 4149 1592 4201 τῶν
1648 4140 1899 4222 Ἀράϐων
1929 4146 2005 4210 ὡς

2182 3347 2352 3400 Anno
2381 3348 2450 3400 26
2481 3345 2701 3401 Mabias
2748 3345 2939 3401 filium
2995 3362 3169 3402 suum
3202 3345 3435 3402 lzedum
3466 3361 3602 3401 cum
3640 3359 3768 3401 ma-

2112 3433 2243 3504 gnis
2274 3433 2593 3489 barbarum
2648 3435 2837 3506 copiis
2891 3435 3173 3490 adversus
3230 3437 3532 3490 Romanus
3575 3434 3758 3490 misit.

2114 3524 2183 3578 Hi
2214 3540 2349 3579 cum
2378 3524 2679 3580 venissent
2702 3524 3158 3592 Chalcedonem,
3218 3523 3440 3580 multos
3498 3524 3760 3595 captivos

2113 3611 2507 3668 abduxerunt.
2538 3613 2713 3667 Potiti
2737 3614 2915 3669 etiam
2944 3619 3082 3670 sunt
3109 3615 3349 3669 Amorio
3365 3613 3635 3686 Phrygias
3657 3629 3759 3668 ur-

2112 3700 2187 3756 be
2215 3718 2230 3768 ;
2262 3702 2464 3771 ibique
2491 3718 2597 3772 pro
2626 3702 2903 3773 praesidio
2932 3703 3155 3758 relictis
3186 3705 3290 3758 600
3349 3702 3594 3758 armatis
3625 3700 3763 3755 viris

2115 3790 2177 3844 in
2206 3790 2433 3860 Syriam
2464 3789 2790 3845 redierunt.
2828 3791 3029 3846 Hieme
3068 3791 3223 3846 facta
3281 3792 3603 3861 imperator
3648 3792 3762 3843 An-

2114 3877 2317 3933 dream
2377 3877 2808 3934 cubicularium
2869 3879 3073 3946 mittit,
3133 3894 3268 3933 cum
3326 3878 3428 3932 nix
3504 3878 3766 3949 plurima

2106 3953 2356 4039 jaceret.
2417 3968 2472 4022 Is
2531 3972 2712 4022 noctu
2778 3983 2882 4039 per
2936 3966 3095 4040 ligna
3152 3968 3212 4022 in
3272 3983 3509 4021 murum
3570 3966 3764 4021 evadit

2114 4055 2359 4118 Amorii,
2389 4055 2721 4127 urbemque
2752 4072 3045 4127 occupans
3077 4055 3385 4111 occidione
3414 4054 3761 4126 praesidium

2113 4142 2417 4215 interﬁcit,
2450 4160 2525 4198 ne
2554 4160 2673 4200 uno
2718 4143 2959 4216 quidem
2991 4144 3063 4200 de
3094 4147 3197 4199 600
3227 4144 3358 4200 istis
3417 4145 3756 4216 superstite.

357 4233 434 4305 μή
476 4232 880 4312 ὑπολειφθῆναι
908 4230 1003 4289 ἳνα
1036 4233 1087 4305 ἐξ
1113 4233 1314 4291 αὐτῶν.

421 4322 620 4395 Τῷκζ¹
648 4319 753 4378 ἔτει
798 4320 1179 4402 ἐδολοφονήθη
1238 4324 1267 4379 ὁ
1330 4321 1588 4393 βασιλεὺς
1644 4322 1897 4388 Κώνστας
1953 4322 2008 4380 ἔν

2183 4327 2353 4381 Anno
2397 4329 2464 4380 27
2514 4326 2838 4398 imperator
2883 4329 3171 4384 Constans
3202 4326 3506 4399 Syracusis
3543 4326 3606 4381 in
3637 4326 3761 4382 bal-

354 4411 673 4487 Συρακούσῃ
702 4419 805 4481 τῆς
838 4410 1121 4481 Σικελίας,
1151 4412 1209 4468 έν
1258 4417 1340 4485 τῷ
1386 4411 1658 4488 βαλανείῳ
1691 4412 1744 4468 ’ὃ
1787 4410 2005 4490 λέγεται

2123 4431 2248 4484 ueo,
2278 4415 2374 4471 cui
2399 4416 2641 4487 Daphne
2666 4432 2909 4484 nomen,
2943 4416 3296 4472 interficitur
3323 4415 3481 4471 dolo.
3509 4416 3758 4481 Quidam

353 4500 560 4580 Δάφνη.
595 4502 929 4572 Συνεισῆλθε
966 4502 1068 4579 γάρ
1125 4523 1209 4565 τις
1265 4501 1415 4574 αύτῷ
1473 4498 1749 4576 Ἀνδρέας,
1788 4502 1881 4558 καὶ
1929 4502 2005 4565 ὡς

2123 4505 2275 4560 enim
2288 4503 2553 4560 Andreas
2565 4503 2847 4561 balneum
2864 4521 2984 4560 una
2995 4505 3296 4579 ingressus
3309 4505 3728 4577 imperatorem
3739 4547 3753 4573 ,

353 4579 556 4662 ἤρξατο
598 4592 911 4666 σμήχεσθαι
968 4592 998 4646 ὁ
1054 4588 1330 4667 βασιλεὺς,
1378 4587 1608 4646 δέδωκεν
1657 4590 1819 4646 αὐτὸν
1868 4591 2004 4665 μετὰ

2123 4593 2252 4649 ium
2286 4593 2336 4648 is
2367 4609 2430 4649 se
2462 4597 2688 4665 tergere
2736 4594 2966 4665 incipit,
2997 4594 3141 4650 cado
3171 4595 3426 4668 graviter
3454 4595 3633 4666 capiti
3657 4595 3754 4649 in-

352 4680 452 4730 τοῦ
479 4673 684 4733 κάδδου
711 4680 850 4735 κατᾶ
885 4686 987 4749 τῆς
1024 4681 1267 4760 κορυφῆς
1294 4678 1387 4734 καί
1440 4678 1735 4737 ἀπέκτεινε.
1783 4681 1889 4738 Τὸν
1944 4677 2004 4736 δὲ

2123 4683 2272 4738 [licto
2317 4688 2510 4738 necat.
2543 4683 2625 4737 De
2683 4687 2874 4738 morte
2924 4684 3279 4755 Constantis,
3338 4700 3408 4739 ea
3464 4684 3595 4755 ipsa
3633 4699 3751 4753 qua

352 4764 575 4821 θάνατον
609 4766 776 4823 αὐτοῦ
805 4767 1116 4842 αὐθημερὸν
1146 4767 1383 4839 ἤκουσαν
1438 4768 1491 4823 ὲν
1544 4772 1615 4843 τῇ
1664 4769 1846 4839 πόλει,
1894 4792 2004 4849 φω-

2123 4771 2436 4828 exstinctus
2474 4776 2565 4827 est
2591 4771 2707 4839 die,
2741 4773 2802 4827 in
2828 4772 2974 4828 urbe
3022 4774 3322 4845 cognitum
3370 4777 3463 4827 est
3504 4788 3643 4826 voce
3675 4787 3750 4825 ex

347 4858 443 4923 νῆς
474 4854 533 4910 ἐκ
562 4860 662 4910 τοῦ
722 4856 880 4929 ἀέρος
934 4857 1269 4933 ἐνεχθείσης.
1330 4858 1438 4913 Καὶ
1495 4853 1905 4935 προϐάλλονται
1944 4861 2001 4914 οἱ

2123 4878 2245 4918 iere
2276 4861 2492 4917 delata.
2526 4862 2881 4934 Syracusani
2913 4864 3195 4919 Mizizium
3248 4862 3592 4918 Armenium
3638 4861 3753 4915 im-

350 4943 715 5020 Συρακούσιοι
744 4946 999 5017 Μιζίζιον
1032 4946 1318 5023 Ἀρμένιον
1373 4946 1624 5024 βασιλέα,
1677 4949 1999 5022 βιασάμενοι

2123 4956 2442 5021 peratorem
2473 4955 2701 5017 creant,
2757 4951 3004 5009 invitum
3062 4952 3303 5024 quidem
3363 4955 3423 5005 et
3476 4966 3583 5021 per
3610 4949 3749 5003 vim.

345 5033 530 5103 αὐτὸν,
565 5032 696 5090 ὄντα
736 5034 856 5091 λίαν
884 5036 1124 5113 εὐπρεπῆ
1186 5037 1275 5092 καὶ
1328 5036 1685 5113 ὡραιότατον.
1736 5037 2002 5103 ’Δκούσας

2123 5039 2245 5095 Fuis
2276 5040 2328 5095 is
2355 5039 2533 5094 homo
2564 5039 2734 5112 longe
2779 5042 3307 5111 praestantissimus
3360 5039 3569 5095 forma.
3604 5039 3752 5093 Con-

345 5117 403 5175 δὶ
460 5124 872 5187 Κωνσταντῖνος
924 5125 1024 5193 τήν
1079 5129 1176 5179 τοῦ
1229 5125 1437 5200 πατρὸς
1501 5120 1805 5181 ἀποϐίωσιν
1865 5128 2001 5200 μετά

2123 5128 2405 5185 stantinus
2454 5133 2644 5184 morte
2675 5130 2858 5200 patris
2903 5132 2994 5186 sui
3025 5129 3257 5202 cognita
3312 5145 3448 5185 cum
3494 5128 3756 5183 maxima

342 5205 607 5279 πλείστης
638 5210 964 5273 ναυστολίας
991 5206 1397 5286 καταλαμϐάνει
1436 5213 1534 5282 τήν
1583 5211 1859 5284 Σικελίαν,
1906 5214 1997 5269 καὶ

2123 5218 2295 5274 :lasse
2353 5217 2615 5272 Siciliam
2674 5224 2943 5290 occupat,
2975 5218 3256 5274 Mizizium
3287 5224 3345 5274 et
3408 5217 3595 5289 patris
3631 5230 3755 5272 una

341 5296 599 5366 Μιζίζιον
630 5298 838 5374 ἀναιρεῖ
867 5299 961 5355 σὺν
995 5306 1074 5373 τῷ
1103 5306 1258 5380 φονεῖ
1283 5305 1380 5357 τοῦ
1431 5301 1575 5358 ἰδίου
1619 5302 1847 5376 πατρός.
1892 5303 1995 5360 Καὶ

339 5389 685 5457 καταστήσας
714 5388 780 5444 τὰ
832 5389 1087 5465 Ἐσπέρια
1136 5389 1225 5445 ἐπὶ
1285 5388 1858 5447 Κωνσταντινούπολιν
1907 5389 1995 5465 ἔρα

340 5492 520 5551 χεται,
550 5474 900 5551 ἀποκομίσας
930 5478 1021 5533 καὶ
1078 5479 1169 5534 τὸν
1212 5480 1397 5553 νεκρὸν
1435 5484 1533 5535 τοῦ
1582 5478 1727 5535 ἲδίου
1764 5481 1991 5556 πατρός.

341 5562 439 5618 Καὶ
466 5569 660 5621 τοῦτον
698 5568 794 5641 μὲν
821 5566 875 5622 ἐν
908 5572 986 5641 τῷ
1042 5572 1156 5640 ναῷ
1212 5574 1322 5622 τῶν
1374 5569 1577 5643 Ἀγίων
1637 5570 1992 5628 ’Λποστόλων

342 5653 484 5726 μετά
518 5657 928 5713 Κωνσταντίνου
979 5661 1077 5713 τοῦ
1133 5657 1334 5733 πατρὸς
1392 5657 1557 5713 αὐτοῦ
1614 5661 1990 5732 κατατίθησιν,

2106 5320 2517 5378 percussorem
2547 5306 2849 5377 inteiﬁcit,
2882 5307 3177 5384 rebusque
3225 5306 3558 5364 Occidentis
3608 5323 3751 5362 con-

2105 5395 2326 5450 stitutis
2356 5395 2695 5467 Byzantium
2726 5396 2900 5464 redit,
2925 5396 3101 5452 allato
3133 5413 3335 5452 secum
3364 5396 3550 5469 patris
3581 5396 3753 5453 cada-

2103 5498 2239 5539 vere
2262 5487 2474 5554 ;atque
2505 5484 2616 5539 hoc
2638 5484 2699 5539 in
2720 5485 2857 5540 Iano
2878 5486 3293 5558 Apostolorum
3314 5487 3487 5559 juxta
3515 5492 3749 5558 patrem

2105 5572 2235 5643 ejus
2255 5571 2543 5628 condidit.
2568 5572 2857 5647 7641pse
2874 5576 3205 5632 Romanum
3228 5575 3544 5648 imperium
3567 5580 3751 5645 tenet,

2103 5661 2349 5733 collegis
2377 5661 2609 5719 Tiberio
2640 5669 2700 5719 et
2730 5663 2998 5721 Heraclio
3029 5665 3746 5722 fratribus..lustinanum.
