4148 6212
459 348 579 411 839

1815 346 2137 409 GEORGII
2178 346 2532 413 GEDRENI

3750 350 3876 412 840

460 484 701 540 unicam
729 485 870 540 Jesu
908 482 1123 539 Christi
1180 496 1309 538 esse
1368 497 1502 537 cum
1556 481 1921 538 voluntatem
1976 486 2084 537 tun

2222 479 2349 554 μίαν
2377 477 2641 558 ἐνέργειαν
2669 480 2760 538 ἐπὶ
2784 484 2883 537 τοῦ
2908 480 3118 555 Κυρίου
3160 482 3324 553 ἡμῶν
3381 482 3563 552 Ἰησοῦ
3611 483 3877 557 Χριστοῦ.

460 573 671 646 agendi
703 573 837 627 vim.
872 573 1027 637 Quos
1059 570 1322 643 synodus
1347 571 1658 634 damnans,
1706 571 2084 642 pronuntiavi

2217 568 2321 633 Οὕς
2351 570 2784 646 ἆναθεματίσασα
2830 570 3133 649 ἐξεφώνησε
3186 567 3284 625 δύο
3334 563 3620 643 θελήματα
3672 571 3873 648 φυσικὰ

461 662 608 715 duas
636 660 938 716 naturales
997 660 1333 715 voluntates
1386 660 1752 731 totidemque
1805 660 2110 716 naturales

459 748 668 820 agendi
693 747 1006 803 facultates
1037 764 1099 804 se
1130 765 1249 803 uno
1279 749 1529 804 Domino
1551 754 1756 804 nostro
1784 750 1921 804 Jesu
1949 748 2110 805 Chri-

457 843 548 892 sto
579 836 995 894 demonstrari.
1028 837 1316 893 Similiter
1337 838 1408 893 de
1432 839 1614 895 sacris
1650 839 1885 894 Domini
1918 838 2107 894 nostri

457 926 517 980 in
550 942 731 981 carne
761 926 1300 983 administrationis
1332 927 1616 999 symbolis
1656 927 1737 983 ita
1767 928 2007 983 statuit:
2039 927 2108 982 In

454 1015 812 1086 quibusdam
828 1016 1300 1071 venerandarum
1317 1016 1641 1090 imaginum
1662 1016 1907 1088 picturis
1919 1031 2107 1087 agnus

455 1103 831 1175 exprimitur,
884 1105 1067 1176 digito
1102 1105 1493 1161 Praecursoris
1540 1110 1949 1172 monstratus;
2003 1104 2105 1176 qui

374 1196 383 1207 '
451 1199 511 1248 et
530 1211 637 1265 pro
659 1193 925 1264 exempla
937 1194 983 1248 ri
1002 1195 1205 1265 gratim
1226 1200 1505 1266 acceptus
1529 1199 2105 1266 est,praamonstrans

452 1299 559 1355 per
589 1283 779 1356 legem
810 1283 982 1339 nobis
1011 1300 1218 1340 verum
1269 1291 1497 1356 Agnum
1536 1284 1861 1341 Christum.
1900 1286 2104 1355 Itaque

454 1378 651 1428 vetera
681 1372 1002 1428 simulacra
1030 1380 1091 1429 et
1118 1374 1381 1445 umbras,
1411 1374 1499 1429 uti
1549 1374 1810 1430 veritatis
1849 1379 2102 1429 tesseras

451 1462 879 1533 ac‘propositas
911 1463 1096 1519 multo
1122 1470 1259 1519 ante
1288 1463 1533 1536 efﬁgies,
1558 1463 1802 1519 traditas
1823 1462 2100 1519 Ecclesia)

450 1550 898 1622 amplectentes,
923 1551 1017 1606 his
1050 1558 1249 1607 tamen
1272 1552 1641 1623 praeferimus
1653 1552 1902 1625 gratiam
1920 1557 2097 1622 atque

448 1638 775 1707 veritatem,
807 1656 985 1710 quam
1014 1644 1081 1695 ut
1108 1639 1250 1713 legis
1272 1640 1718 1713 implectionem
1737 1640 2095 1712 accepimus.

448 1727 705 1783 Proinde
724 1733 788 1783 ut
816 1729 1145 1800 perfectum
1169 1730 1247 1785 sit
1275 1729 1335 1784 id
1358 1729 1513 1800 quod
1538 1730 1715 1784 etiam
1743 1729 1806 1785 in
1832 1728 2100 1784 colorum

452 1816 703 1889 picturis
714 1818 984 1873 omnium
1007 1819 1351 1890 conspectui
1367 1817 2023 1890 exponitur,statuimus
2034 1820 2100 1872 ut

452 1922 629 1977 porro
663 1906 790 1962 loco
824 1907 1036 1962 veteris
1068 1908 1204 1979 agni
1230 1907 1492 1963 humana
1516 1907 1865 1978 Christi,qui
1894 1908 2096 1979 Agnus

450 1995 654 2049 mundi
687 2000 927 2066 peccata
959 1996 1217 2063 sustulit,
1253 1996 1474 2067 effigies
1508 1997 1568 2051 in
1620 1995 1769 2051 768
1818 1995 2092 2067 imagini-

447 2084 560 2141 bus
590 2091 865 2156 ponatur,
898 2102 968 2140 ex
997 2088 1128 2157 ipsa
1156 2086 1489 2141 humilitate
1520 2085 1897 2141 altitudinem
1923 2085 2091 2141 Verbi

446 2170 869 2241 iutelligentes,
902 2176 1026 2226 tum
1057 2172 1132 2226 ad
1162 2172 1247 2226 rei
1281 2172 1342 2226 in
1374 2188 1551 2228 carne
1580 2189 1615 2227 a
1652 2171 1896 2227 Domino
1913 2176 2091 2244 gestaa

447 2259 844 2332 suppliciique
884 2260 957 2316 ab
990 2276 1059 2315 eo
1093 2260 1323 2316 tolerati
1355 2267 1414 2316 et
1442 2261 1720 2317 salutaris
1777 2260 1985 2315 mortis
2035 2266 2094 2316 et

441 2347 678 2402 liberati
709 2363 815 2419 per
845 2348 998 2403 hanc
1028 2347 1233 2403 mundi
1260 2349 1606 2407 memoriam
1631 2354 1697 2403 ut
1715 2348 1884 2419 quasi
1911 2364 2089 2403 manu

443 2436 750 2494 ducamur.

511 2618 856 2675 Tenendum
886 2624 976 2675 est
1005 2620 1185 2675 etiam
1215 2618 1362 2675 alias
1391 2619 1573 2675 fuisse
1604 2619 1778 2675 certis
1830 2618 1890 2675 in
1942 2617 2089 2674 locis

439 2709 720 2780 synodos,
752 2725 1001 2781 quarum
1032 2710 1271 2765 decreta
1300 2708 1611 2778 habemus,
1645 2709 1876 2765 tametsi
1909 2726 1993 2763 ea)
2025 2708 2086 2763 in

437 2816 686 2854 numero
745 2815 847 2854 sex
900 2799 1150 2854 istorum
1207 2799 1596 2855 conciliorum
1654 2816 1775 2855 non
1831 2802 2083 2855 exstant.

435 2887 570 2942 Tale
602 2887 716 2941 fuit
745 2887 903 2958 quod
932 2890 1179 2959 Ancyrae
1209 2894 1406 2944 actum
1437 2895 1547 2957 est,
1583 2889 1723 2943 item
1780 2889 2086 2944 Neocaesa-

434 2992 575 3043 reae,
609 2976 873 3047 Gangris,
903 2977 1254 3046 Antiochiae,
1285 2976 1612 3046 Laodicea),
1634 2977 1910 3045 Sardicaa,
1944 2977 2086 3033 Car-

436 3065 694 3138 thagine.
719 3067 852 3122 Haec
881 3068 1039 3122 enim
1063 3072 1265 3123 coacta
1298 3073 1437 3123 sunt
1465 3067 1538 3123 ob
1565 3067 1925 3139 quaestiones
1955 3084 2082 3123 cer-

432 3156 507 3212 tis
538 3157 685 3214 locis
715 3157 974 3227 obortas,
1006 3176 1200 3231 neque
1218 3159 1393 3230 jussu
1416 3159 1863 3230 imperatorum,
1889 3174 2083 3230 neque

432 3245 508 3301 iis
530 3247 958 3318 praesentibus:
983 3248 1127 3319 quin
1152 3247 1330 3303 etiam
1354 3248 1565 3303 horum
1588 3247 1859 3319 quaedam
1883 3248 2083 3304 habita

436 3340 576 3390 sunt
600 3336 948 3407 priusquam
967 3336 1281 3391 Christiani
1307 3336 1662 3392 exsisterent
1676 3336 2081 3409 imperatores.

432 3424 724 3479 Caeterum
756 3424 875 3479 illae
904 3425 1284 3481 aecumenicze
1316 3425 1575 3493 fuerunt,
1605 3426 1690 3482 sic
1719 3426 1912 3496 dictae,
1946 3427 2086 3498 quia

426 3513 603 3584 jussu
631 3512 1059 3584 imperatorum
1083 3515 1297 3569 summi
1313 3516 1648 3587 pontiﬁces,
1668 3521 1960 3587 quotquot
1980 3533 2084 3589 per

432 3601 751 3672 imperium
782 3604 1113 3659 Romanum
1149 3610 1337 3673 erant,
1371 3610 1917 3673 convocarentur,et
1942 3607 2084 3678 quia

431 3690 493 3744 in
519 3690 724 3762 quavis
746 3694 1309 3765 earum,prresertim
1324 3710 1458 3749 vero
1478 3695 1819 3760 sexistis,de
1842 3694 1958 3751 fide
1970 3695 2083 3752 fuit

429 3781 746 3853 quassitum
760 3784 1175 3857 suffragiisque
1188 3791 1383 3841 actum
1400 3785 1846 3841 etdeﬂnitiones
1862 3802 1966 3842 seu
1983 3786 2081 3841 de-

427 3876 590 3925 creta
619 3870 800 3927 edita.
837 3872 1033 3927 Prima
1055 3873 1274 3928 etenim
1305 3889 1440 3929 cum
1469 3872 1835 3929 deﬁnivisset
1863 3874 2078 3929 Filium

424 3959 582 4014 Patri
605 3977 734 4015 esse
756 3960 1043 4032 aequalem
1057 3961 1523 4030 essentia,simul
1538 3962 1792 4017 etiamin
1807 3969 2077 4019 sanctum

425 4048 709 4120 Spiritum
740 4049 898 4104 credi
937 4049 1137 4121 jussit.
1172 4050 1443 4106 Secunda
1474 4051 1753 4122 Spiritum
1806 4051 2077 4123 ejusdem

423 4153 559 4191 cum
576 4138 748 4192 Patre
763 4136 976 4193 etFilio
999 4144 1225 4194 natura:
1249 4156 1376 4195 esse
1395 4141 1706 4212 perspicue
1723 4140 2074 4210 decernens,

426 4224 703 4280 eumdem
741 4226 915 4297 juxta
968 4226 1204 4283 adorari
1259 4228 1457 4283 voluit.
1511 4229 1705 4284 Tertia
1760 4230 2075 4286 Dominum

428 4320 699 4368 nostrum
754 4315 955 4370 Iesum
1010 4316 1274 4372 Chistum
1335 4317 1593 4389 perfecta
1667 4335 1804 4374 cum
1880 4318 2077 4376 divina

432 4406 555 4457 tum
584 4402 845 4459 humana
872 4405 1187 4476 praeditum
1208 4413 1424 4462 natura
1449 4408 1866 4479 pronuntians,
1889 4426 2075 4465 unum

437 4496 497 4546 et
525 4508 646 4547 non
679 4492 827 4549 duos
858 4494 1036 4549 Filios
1064 4512 1194 4551 esse
1241 4497 1465 4552 statuit.
1499 4499 1715 4563 Quarta
1761 4498 2075 4571 praedictas

2213 659 2382 734 ἢγουν
2412 659 2666 731 θελήσεις
2722 659 2814 716 καὶ
2854 657 2951 714 δύο
3010 659 3236 721 φυσικὰς
3296 658 3567 734 ἐνεργείας
3625 658 3717 715 ἐπὶ
3772 663 3872 715 τοῦ

2215 747 2332 810 ἐνὸς
2363 745 2669 814 δείκνυσθαι
2712 750 2951 823 Χριστοῦ
3003 751 3104 803 τοῦ
3162 750 3299 802 Θεοῦ
3354 749 3530 820 ἡμῶν.
3592 747 3870 810 Ὡσαύτως

2211 835 2300 890 καὶ
2333 837 2456 913 περὶ
2485 843 2594 894 τῶν
2621 839 2784 913 ἱερῶν
2811 844 2912 907 τῆς
2965 839 3211 914 Χριστοῦ
3252 839 3351 891 τοῦ
3399 840 3535 890 Θεοῦ
3596 838 3751 909 ἡμῶν
3786 837 3871 891 οἱ·

2211 926 2477 1000 κονομίας
2510 922 2806 1001 συμϐόλων
2834 925 3040 997 ἐξέθετο
3078 925 3277 987 οὕτως·
3331 926 3428 983 Ἐν
3475 946 3584 980 τισι
3628 930 3740 980 τῶν
3780 947 3871 982 σε·

2211 1021 2361 1072 πτῶν
2390 1016 2612 1073 εἰκόνων
2639 1022 2869 1096 γραφαῖς
2914 1016 3088 1090 ἀμνὸς
3121 1012 3375 1090 δακτύλῳ
3408 1019 3505 1070 τοῦ
3538 1013 3869 1092 Προδρόμου

2212 1100 2559 1180 δεικνύμενος
2597 1104 3015 1185 ἐγχαράττεται·
3047 1104 3107 1167 ὃς
3140 1106 3227 1160 καὶ
3278 1103 3356 1167 είς
3402 1104 3571 1160 τύπον
3628 1102 3871 1181 παρελή-

2210 1205 2318 1272 φθη
2344 1202 2445 1266 τῆς
2475 1196 2725 1272 χάριτος,
2760 1196 2853 1252 τὸν
2885 1193 3147 1268 ἀληθινὸν
3180 1196 3317 1269 ἡμῖν
3367 1192 3457 1250 διὰ
3503 1194 3679 1269 νόμου
3729 1216 3867 1269 προ.

2210 1285 2564 1364 ὒπεμφαίνων
2594 1286 2798 1359 ’Δμνὸν
2832 1285 3066 1359 Χριστὸν
3096 1285 3192 1340 τὸν
3222 1284 3351 1340 Θεὸν
3382 1286 3565 1358 ἡμῶν.
3597 1282 3738 1346 Τοὺς
3770 1284 3865 1339 οὖν

2207 1371 2477 1436 παλαιοὺς
2503 1374 2710 1439 τύπους
2736 1374 2829 1431 καὶ
2879 1373 3077 1446 σκηνὰς
3125 1373 3201 1435 ὡς
3245 1379 3348 1443 τῆς
3402 1371 3663 1444 ἀληθείας
3720 1372 3867 1447 σύμ·

2206 1455 2350 1517 ϐολά
2378 1482 2438 1517 τε
2464 1461 2555 1517 καὶ
2603 1464 3046 1540 προχαράγματα
3090 1466 3160 1537 τῇ
3208 1459 3510 1533 Ἐκκλησία
3556 1458 3870 1538 παραδεδο-

2208 1546 2399 1621 μένους
2428 1548 2896 1622 κατασπαζόμενοι
2923 1550 3024 1619 τήν
3061 1548 3224 1623 χάριν
3264 1547 3623 1622 προτιμῶμεν
3646 1546 3739 1602 καὶ
3763 1549 3869 1618 τὴν

2204 1634 2490 1707 ἀλήθειαν,
2531 1638 2605 1699 ὡς
2637 1638 2789 1711 [439]
2820 1634 3104 1711 πλήρωμα
3135 1636 3312 1711 νόμου
3340 1636 3545 1706 ταύτην
3602 1632 3871 1705 ὑποδεξά-

2210 1745 2384 1799 μενοι.
2416 1727 2505 1789 Ὧς
2536 1723 2597 1781 ἄν
2631 1726 2726 1781 οῦν
2752 1727 2816 1782 τὸ
2843 1724 3052 1781 τέλειον
3080 1726 3178 1781 κᾶν
3205 1730 3327 1790 ταῖς
3369 1725 3867 1802 ’χρωματουργίαις

2208 1812 2263 1870 ἐν
2290 1818 2407 1877 ταῖς
2434 1815 2686 1870 ἁπάντων
2715 1809 2900 1889 ὄψεσιν
2949 1813 3355 1894 ὑπογράφηται,
3397 1813 3489 1868 τὸν
3538 1818 3639 1870 τοῦ
3681 1810 3871 1889 αῗρονο

2201 1922 2296 1968 τος
2324 1904 2424 1974 τήν
2455 1904 2722 1980 ἁμαρτίαν
2751 1907 2849 1959 τοῦ
2876 1900 3090 1978 κόσμου
3112 1905 3315 1978 Ἀμνοῦ
3344 1906 3579 1979 Χριστοῦ
3595 1907 3701 1957 τοῦ
3721 1907 3863 1958 Θεοῦ

2199 1993 2363 2065 ἡμῶν
2395 1994 2527 2048 κατᾶ
2552 1994 2617 2049 τὸ
2655 1994 2992 2065 ἀνθρώπινον
3051 1999 3375 2069 χαρακτῆρα
3402 1993 3489 2047 καὶ
3525 1991 3579 2048 ἐν
3607 1996 3730 2053 ταῖς
3782 1990 3865 2047 εἲ-

2199 2079 2349 2136 κόσιν
2380 2081 2486 2137 ἀπὸ
2511 2086 2608 2138 τοῦ
2636 2086 2724 2139 νῦν
2780 2082 2896 2138 ἀντὶ
2950 2087 3049 2137 τοῦ
3097 2081 3336 2137 παλαιοῦ
3389 2081 3566 2154 ἀμνοῦ
3615 2081 3857 2152 ἀναστη-

2199 2169 2421 2226 λοῦσθαι
2452 2171 2731 2249 ὁρίζομεν,
2762 2167 2834 2227 δι’
2863 2172 3032 2227 αὐτοῦ
3061 2172 3124 2226 τὸ
3151 2178 3252 2241 τῆς
3282 2172 3656 2233 ταπεινώσεως
3710 2169 3851 2244 ὕψος

2193 2263 2291 2315 τοῦ
2320 2264 2454 2316 Θεοῦ
2486 2259 2672 2339 Λόγου
2699 2265 3107 2330 κατανοοῦντες,
3139 2258 3231 2315 καὶ
3280 2260 3414 2335 πρὸς
3469 2261 3697 2334 μνήμην
3746 2266 3852 2328 τῆς

2195 2348 2250 2405 ἐν
2283 2351 2439 2426 σαρκὶ
2468 2351 2750 2415 πολιτείας
2777 2352 2879 2408 τοῦ
2908 2372 2967 2408 τε
2994 2349 3199 2416 πάθους
3231 2350 3394 2406 ἅύτοῦ
3448 2350 3537 2405 καὶ
3586 2353 3684 2404 τοῦ
3735 2370 3854 2403 σω-

2190 2438 2390 2515 τηρίου
2447 2442 2678 2505 θανάτου
2734 2441 3240 2519 χειραγωγούμενοι
3297 2438 3387 2494 καὶ
3450 2445 3552 2510 τῆς
3608 2436 3859 2502 ἐντεῦθεν

2192 2530 2484 2606 γινομένης
2508 2533 2590 2603 τῷ
2620 2530 2816 2605 κόσμῳ
2847 2529 3302 2603 ἀπολυτρώσεως.

2266 2616 2459 2676 Ἰστὲον
2490 2615 2547 2674 δὲ
2576 2618 2650 2682 ὡς
2670 2618 2762 2673 καὶ
2818 2615 2995 2695 ἕτεραι
3042 2617 3290 2694 γεγόνασι
3352 2617 3513 2672 τόποι
3569 2618 3659 2673 καὶ
3724 2616 3855 2672 σύν.

2194 2704 2335 2777 οδοι,
2359 2709 2450 2764 καὶ
2478 2706 2700 2770 κανόνας
2747 2708 2952 2764 τούτων
3001 2709 3333 2783 κατέχομεν,
3384 2707 3430 2762 εἰ
3474 2706 3564 2762 καὶ
3615 2707 3693 2779 μή
3745 2726 3848 2761 κυο

2194 2796 2325 2873 ρίως
2354 2797 2445 2852 καὶ
2475 2801 2554 2870 τῷ
2594 2798 2812 2871 ἀριθμῷ
2856 2800 2966 2853 τῶν
3011 2790 3063 2870 ἕξ
3105 2798 3460 2872 ἀριθμοῦνται
3508 2793 3775 2851 συνόδωνο
3809 2798 3848 2865 ἡ

2191 2883 2247 2942 ἐν
2278 2886 2536 2963 Ἀγκύρᾳ,
2563 2885 2676 2957 ἡέν
2729 2884 3144 2960 Νεοκαισαρείᾳ.
3196 2887 3231 2955 ἡ
3281 2884 3334 2940 ἐν
3379 2885 3665 2962 Γάγγραις,
3710 2887 3750 2955 ἡ
3782 2885 3840 2941 ἕν

2192 2976 2523 3053 Ἀντιοχείᾳ,
2545 2979 2580 3048 ἡ
2609 2976 2665 3034 ἓν
2718 2974 3029 3049 Λαοδικείᾳ,
3060 2979 3096 3046 ἡ
3146 2977 3198 3032 ἐν
3233 2974 3498 3052 Σαρδικῇ,
3529 2978 3564 3046 ἡ
3603 2975 3658 3031 ἐν
3701 2978 3851 3050 Καρ-

2188 3064 2402 3143 ταγένῃ.
2437 3065 2507 3122 Ai
2563 3065 2657 3139 μὶν
2714 3067 2818 3142 γὰρ
2871 3069 3115 3121 τοπικῶν
3174 3067 3452 3136 ζητήσεων
3503 3063 3659 3120 ἓνεκα
3716 3085 3847 3120 συν-

2191 3154 2442 3226 έστησαν,
2478 3156 2618 3229 μήτε
2650 3151 2919 3231 βασιλέων
2949 3150 3409 3229 συνεδρετσάντων
3461 3152 3646 3216 αὐταῖς
3697 3155 3847 3227 μήτε

2192 3245 2626 3320 προσταξάντων,
2662 3248 2826 3300 τινῶν
2868 3241 2926 3299 δὲ
2971 3244 3153 3300 αὐτῶν
3204 3242 3297 3300 καὶ
3353 3244 3461 3320 πρὸ
3514 3250 3616 3313 τῆς
3673 3262 3843 3300 κατα-

2191 3333 2425 3397 στάσεως
2463 3338 2570 3389 τῶν
2600 3337 2945 3409 Χριστιανῶν
2979 3330 3251 3409 βασιλέων
3306 3332 3710 3411 γεγενημένων.
3765 3336 3843 3391 Αἱ

2193 3421 2250 3479 δὲ
2275 3422 2650 3497 οἱκουμενικαὶ
2680 3422 2986 3499 γεγόνασιν.
3039 3419 3384 3494 Ἐκλήθησαν
3429 3419 3486 3478 δδ
3532 3422 3849 3496 οἶκουμενι-

2187 3514 2300 3582 καὶ,
2334 3509 2477 3569 διότι
2533 3510 2593 3568 ἐκ
2646 3510 2943 3567 κελεύσεων
3004 3509 3311 3587 βασιλικῶν
3367 3511 3419 3567 οἱ
3473 3510 3609 3567 κατᾶ
3662 3515 3846 3568 πᾶσα-

2185 3603 2284 3671 τήν
2335 3602 2622 3675 Ῥωμαίων
2689 3600 2971 3656 πολιτείαν
3050 3599 3329 3677 ἀρχιερεῖς
3390 3597 3834 3674 μετεκλήθησαν,

2185 3692 2275 3748 καὶ
2304 3690 2388 3748 ὅτι
2419 3689 2472 3746 ἐν
2505 3691 2723 3765 ἑκάστῃ,
2753 3691 2843 3746 καὶ
2878 3688 3116 3764 μάλιστα
3174 3695 3282 3744 τῶν
3338 3686 3392 3763 EE
3448 3689 3657 3745 τούτων
3707 3710 3845 3745 συν-

2186 3779 2351 3851 όδων,
2387 3780 2511 3854 περὶ
2542 3782 2776 3843 πίστεως
2805 3783 2841 3850 ὴ
2876 3781 3100 3851 ζήτησις
3130 3779 3320 3855 γὲγονε
3347 3779 3440 3834 καὶ
3471 3779 3656 3859 ψῆφος
3702 3778 3837 3849 ἢτοι

2183 3873 2311 3946 ὅρος
2345 3868 2675 3947 δογματικὸς
2711 3868 3039 3943 ἐξενήνεκτο.
3071 3870 3134 3924 Ἦ
3177 3869 3274 3941 μὲν
3316 3869 3419 3945 γὰρ
3464 3868 3657 3945 πρώτη
3712 3867 3839 3942 ὁρί-

2184 3979 2318 4015 σασα
2347 3958 2642 4034 ὁμοούσιον
2669 3964 2750 4033 τῷ
2782 3958 2953 4034 Πατρὶ
2991 3959 3083 4014 τὸν
3134 3958 3284 4025 me»,
3337 3956 3689 4034 παρηγγύησε
3741 3957 3835 4012 καὶ

2183 4049 2260 4112 είς
2287 4051 2351 4104 τὸ
2381 4052 2597 4122 Πνεῦμα
2620 4048 2682 4103 τὸ
2739 4048 2895 4123 όίγιον
2931 4047 3225 4103 πιστεύειν·
3250 4048 3287 4117 ἡ
3318 4044 3377 4102 δὲ
3419 4042 3642 4121 δευτέρα
3697 4046 3836 4119 ὁμο-

2183 4139 2365 4194 ούσιον
2393 4143 2491 4194 τοῦ
2522 4136 2730 4211 [ἰατρὸς
2762 4136 2852 4192 καὶ
2888 4140 2986 4192 τοῦ
3038 4136 3168 4192 Υίοῦ
3211 4135 3276 4191 τὸ
3328 4139 3549 4208 Πνεῦμα
3600 4134 3832 4209 ὁρίσασα

2179 4232 2390 4304 τρανῶς
2422 4227 2950 4302 συμπροσκυνεῖσθαι
3003 4225 3295 4290 ἐθεσπισεν·
3349 4226 3385 4295 ἡ
3442 4220 3501 4279 δὲ
3554 4222 3710 4300 τρίτη
3742 4221 3828 4280 τέ·-

2183 4314 2331 4372 λειον
2372 4315 2425 4369 ὲν
2455 4315 2672 4384 θεότητι
2699 4311 2790 4368 καὶ
2817 4310 3028 4368 τέλειον
3056 4310 3110 4367 ἐν
3138 4305 3519 4386 ἀνθρωπότητι
3567 4310 3659 4366 τὸν
3712 4310 3828 4366 Κύ-

2182 4426 2299 4483 ριον
2330 4407 2493 4479 ἡμῶν
2554 4404 2764 4475 Ἰησοῦν
2814 4403 3048 4480 Χριστὸν
3090 4401 3336 4478 ὁρίσασα,
3374 4398 3470 4457 ἕνα
3492 4401 3584 4457 καὶ
3614 4401 3680 4456 ού
3728 4396 3827 4455 δύο

2179 4495 2339 4558 “ob;
2371 4493 2741 4570 ἐδογμάτισεν.
2775 4496 2811 4564 ἡ
2842 4490 2900 4549 δὶ
2924 4494 3155 4568 τετάρτη
3186 4494 3253 4549 τὰ
3306 4490 3682 4568 προλεχθὲντα
3726 4511 3827 4546 κυ-

424 4584 750 4639 sententias
783 4585 933 4640 769
965 4591 1124 4641 ratas
1145 4586 1388 4659 jubens,
1447 4604 1721 4660 expresse
1771 4589 2073 4645 mandavit

2195 4585 2418 4657 >ώσασα,
2450 4580 2549 4638 δύο
2578 4580 2763 4659 φύσεις
2808 4580 2862 4636 ἦν
2911 4581 3060 4655 αύτῷ
3105 4581 3458 4658 γνωρίζεσθαι
3506 4577 3829 4657 ἆσυγχύτως

417 4671 480 4727 in
509 4671 656 4727 Filio
688 4673 835 4730 duas
866 4681 1110 4731 naturas
1142 4675 1366 4748 absque
1395 4677 1743 4733 confusione
1776 4683 1833 4733 et
1871 4678 2061 4735 divul-

2169 4675 2260 4731 καὶ
2318 4671 2637 4747 ἀδιαιρέτως
2687 4675 2899 4747 τρανῶς
2954 4667 3324 4746 διηγόρευσεν·
3386 4672 3422 4741 ἡ
3479 4667 3539 4725 δὲ
3593 4671 3822 4742 πέμπτη

414 4760 583 4818 sione
614 4762 795 4819 credi.
829 4764 1045 4830 Quinta
1076 4765 1282 4821 eadem
1314 4765 1439 4821 haec
1480 4767 1861 4834 confirmans,
1895 4768 2066 4825 Chri-

2195 4768 2337 4820 ςαῦτα
2387 4756 2756 4838 βεϐαιώσασα,
2811 4761 2933 4825 καθ’
2982 4760 3232 4836 ἑκατέραν
3318 4760 3476 4838 φύσιν
3531 4756 3823 4829 θελητικόν

416 4858 573 4907 stum
605 4852 934 4909 secundum
980 4859 1295 4925 utramque
1345 4860 1619 4911 naturam
1658 4855 1959 4912 voluntate
2008 4863 2068 4913 et

414 4941 766 4998 efﬁcacitate
798 4941 1112 5014 praeditum
1143 4943 1382 5014 agnosci
1413 4945 1715 5016 priecepit.
1747 4946 1919 5001 Sexta
1945 4962 2067 5001 om-

414 5031 582 5087 nium
613 5033 1005 5088 conciliorum
1035 5033 1273 5089 decreta
1302 5050 1620 5090 recensens
1649 5041 1825 5107 atque
1851 5053 2061 5110 appro-

412 5118 583 5190 bans,
619 5120 749 5193 ipsa
779 5138 1015 5193 quoque
1046 5123 1340 5178 Christum
1396 5123 1722 5195 perfectum
1773 5130 1830 5180 et
1878 5127 2064 5182 Deum

413 5214 471 5262 et
500 5210 809 5266 hominem
866 5228 996 5267 esse
1048 5211 1317 5283 professa
1372 5218 1480 5267 est.
1540 5214 1722 5269 Porro
1780 5231 1816 5270 a
1870 5215 2063 5287 primo

415 5296 668 5351 concilio
726 5316 915 5372 usque
972 5301 1046 5356 ad
1123 5301 1451 5357 secundum
1538 5303 1679 5358 anni
1764 5302 2067 5361 ﬂuxerunt

414 5384 569 5450 56,a
601 5389 861 5445 secundo
911 5390 1163 5446 concilio
1221 5389 1296 5446 ad
1356 5392 1595 5447 tertium
1655 5395 1745 5459 50,
1799 5410 1835 5449 a
1892 5395 2064 5450 tertio

414 5469 489 5524 ad
524 5479 801 5541 quartum
831 5479 921 5543 30,
953 5494 987 5533 a
1016 5485 1226 5550 quarto
1257 5479 1331 5535 ad
1357 5481 1630 5551 quintum
1658 5485 1775 5547 102,
1800 5500 1835 5539 a
1856 5484 2064 5555 quinto

409 5559 482 5615 ad
515 5565 748 5619 sextum
779 5568 902 5633 I29,
933 5583 969 5621 a
992 5571 1156 5622 sexto
1185 5568 1265 5623 ad
1296 5570 1617 5640 septimum
1659 5574 1781 5628 122.

478 5650 559 5705 Ea
592 5654 963 5722 tempestate,
993 5670 1128 5710 cum
1160 5656 1405 5726 quidam
1440 5659 1626 5727 solus,
1682 5675 1827 5716 cane
1877 5665 2064 5718 comi-

2172 4854 2262 4908 καὶ
2294 4850 2636 4928 ἐνεργητικὸν
2669 4850 2832 4905 αὐτὸν
2862 4848 3005 4904 εἶναί
3050 4868 3109 4905 τε
3162 4850 3252 4905 καὶ
3309 4849 3671 4926 γνωρίζεσθαι
3725 4868 3822 4902 σα·

2173 4946 2288 5020 φῶς
2317 4942 2608 5014 ἀπέφηνεν
2641 4941 2677 5009 ἡ
2709 4936 2766 4994 δὲ
2794 4935 2923 5010 ἕκτη
2954 4938 3021 4994 τὰ
3048 4943 3156 4995 τῶν
3196 4937 3346 4995 ’ὀλων
3376 4934 3615 4994 συνόδων
3675 4935 3825 5006 ἐπεξ-

2172 5031 2404 5089 ελθοῦσα
2458 5028 2550 5084 καὶ
2613 5022 2979 5105 βεϐαιώσασα,
3061 5026 3275 5083 τέλειον
3348 5028 3436 5084 καὶ
3514 5025 3651 5097 αύτῆ
3722 5026 3821 5081 τὸν

2175 5122 2367 5197 Κύριον
2396 5122 2558 5193 ἡμῶν
2587 5119 2800 5188 Ἰησοῦν
2848 5118 3079 5192 Χριστὸν
3124 5115 3182 5172 ἐν
3233 5117 3450 5188 θεότητι
3492 5115 3582 5171 καὶ
3633 5113 3687 5169 ἐν
3735 5113 3825 5169 ἆν-
3896 5124 3906 5131 “

2173 5210 2487 5288 θρωπότητι
2515 5206 2864 5284 ἐξεφώνησεν.
2898 5206 3030 5263 Ἀπὸ
3057 5210 3186 5281 γοῦν
3213 5213 3313 5276 τῆς
3343 5207 3389 5261 α’

2176 5287 2276 5369 τῆς
2308 5296 2558 5372 δευτέρας
2586 5288 2680 5365 ἔτη
2710 5295 2810 5361 νς’,
2842 5292 2948 5349 ἀπὸ
2998 5301 3100 5364 τῆς
3153 5296 3199 5367 β’
3226 5294 3332 5357 ἓως
3380 5300 3482 5363 τῆς
3528 5294 3578 5370 γ’
3620 5287 3714 5362 ἔτη
3760 5293 3826 5362 ν’,

2172 5388 2280 5445 ἀπὸ
2309 5394 2409 5457 τῆς
2432 5386 2479 5459 γ’
2506 5380 2611 5443 ἓως
2639 5386 2740 5448 τῆς
2774 5378 2819 5436 δ’
2846 5376 2941 5452 ἔτη
2975 5381 3047 5453 λ’,
3079 5384 3185 5438 ἀπὸ
3214 5389 3313 5454 τῆς
3339 5381 3382 5438 δ’
3407 5378 3515 5445 ἕως
3552 5388 3653 5451 τῆς
3674 5382 3713 5435 ε’
3729 5378 3829 5452 ἔτη

2175 5480 2278 5553 ρβ’,
2311 5476 2417 5531 ἀπὸ
2443 5480 2544 5543 τῆς
2576 5479 2611 5527 s‘
2638 5469 2746 5536 ἕως
2770 5477 2870 5542 τῆς
2905 5473 2946 5541 ζ’
2974 5470 3066 5542 ἔτη
3104 5473 3237 5547 ρκθ“,
3269 5472 3357 5527 καὶ
3390 5472 3496 5527 ἀπὸ
3526 5473 3627 5541 τῆς
3657 5471 3700 5540 ζ’
3720 5466 3834 5533 ἕως

2174 5577 2274 5640 τῆς
2301 5568 2342 5637 ζ’
2371 5562 2463 5637 ἔτη
2499 5564 2640 5642 φιβό

2244 5661 2332 5717 ’Ev
2359 5653 2576 5717 τούτοις
2620 5654 2737 5714 τοῖς
2795 5650 3022 5726 χρόνοις
3080 5650 3352 5729 ἀνθρώπῳ
3407 5651 3516 5708 τινὶ
3576 5648 3826 5707 ὁδεύοντι
