4148 6212
356 324 467 387 8H

1475 330 1844 393 HISTORIA
1859 331 2025 393 RUM
2070 330 2619 394 COMPENDIUM.

3645 340 3767 401 842

355 458 504 534 μόνῳ
531 457 676 513 κύων
706 456 1025 528 ἠκολούθει.
1065 459 1287 533 Λῃστὴς
1316 455 1385 535 *δὲ
1415 456 1624 523 ἐνόδιος
1653 460 1745 517 τὸν
1794 460 1989 538 ἄνθρω·

2120 468 2302 529 tante,
2334 464 2448 520 iter
2474 463 2718 533 faceret,
2776 469 2867 521 est
2912 480 2948 521 a
2998 467 3247 538 latrone,
3296 469 3504 542 quales
3552 472 3771 532 itinera

348 570 453 605 πον
513 546 838 610 ἀποκτείνας
894 543 1185 623 ἀπέδρασε,
1245 552 1343 603 τοῦ
1400 549 1564 614 κυνὸς
1623 549 1906 624 μείναντος
1961 549 2012 605 ἰν

344 643 425 711 τῷ
455 639 618 711 τόπῳ
645 636 737 692 καὶ
768 636 1145 714 φυλάσσοντος
1175 636 1238 693 τὸ
1271 642 1431 711 σῶμα
1461 642 1560 694 τοῦ
1592 636 1857 695 δεσπότου
1910 640 2012 695 αύ-

344 732 473 786 τοῦ.
524 728 748 802 Ἕτερος
802 723 859 782 δὲ
914 745 997 786 τις
1047 724 1334 802 ἅνθρωπος
1382 728 1517 783 κατά
1570 728 1862 804 συγκυρίαν
1917 728 2014 784 ἀνά

342 820 449 889 τήν
483 813 609 873 ὁδὸν
642 813 852 886 ἐκείνην
906 811 1284 890 διερχόμενος,
1332 816 1395 872 τὸ
1450 820 1610 891 σῶμα
1643 814 1772 872 ἰδὼν
1822 817 2006 893 νεκρὸν

347 908 675 986 ἐῤῥιμμένον
707 906 798 962 καὶ
829 905 1277 986 σπλαγχνισθεὶς,
1310 907 1501 982 ὀρύξας
1532 905 1721 973 ἔθαψεν
1775 910 1908 964 αὐτὸ
1956 908 2008 964 ἐν

345 983 414 1072 τῇ
444 983 538 1075 γῇ.
573 1000 758 1056 Τοῦτο
792 983 920 1052 ἰδῶν
950 997 979 1052 6
1008 983 1154 1050 κύων
1171 994 1263 1051 καὶ
1291 993 1688 1071 ἀποδεξάμενος
1712 997 2009 1068 ἠκολούθει

344 1093 425 1162 τῷ
458 1089 703 1162 θάψαντι,
751 1085 1000 1156 εὐνοϊκὴν
1031 1081 1284 1141 δουλείαν
1313 1084 1680 1160 ἀποπληρῶν.
1713 1092 1812 1143 Ἦν
1844 1084 1902 1143 δὲ
1941 1087 2004 1142 τὸ

346 1172 696 1248 ἐπιτήδευμα
722 1177 821 1230 τοῦ
852 1174 1144 1250 ἀνθρώπου
1183 1173 1457 1247 κάπηλος,
1508 1177 1711 1239 πάντας
1766 1179 1849 1250 [Ρ.
1881 1178 2008 1250 440]

347 1263 405 1322 δὲ
430 1265 561 1329 τοὺς
584 1264 853 1326 εἰσιόντας
909 1265 1003 1319 καὶ
1062 1262 1298 1334 ἐξιόντας
1348 1262 1551 1321 ἔσαινεν
1581 1265 1610 1320 6
1640 1265 1808 1324 κύων.
1865 1265 2007 1341 Χρό-

346 1379 446 1413 νου
477 1354 537 1413 δὲ
567 1355 974 1432 παρῳχηκότος
1004 1349 1202 1427 συνὲϐη
1245 1356 1335 1411 καὶ
1385 1356 1478 1411 τὸν
1533 1358 1700 1437 φονέα
1744 1356 2005 1422 εἰσελθεῖν

340 1450 439 1502 τοῦ
471 1450 614 1501 πιεῖν
638 1444 714 1507 εἷς
740 1444 803 1501 τὸ
830 1443 1161 1515 καπηλεῖον,
1192 1442 1250 1499 ὅν
1280 1442 1544 1522 ἐπιγνοὺς
1570 1446 1598 1500 6
1620 1445 1762 1502 κύων
1785 1444 2004 1503 ὑλάκτει

341 1534 434 1589 καὶ
467 1530 715 1604 ἐπεπήδα
743 1534 820 1596 εἷς
850 1534 914 1589 τὸ
945 1532 1243 1609 πρόσωπον
1301 1533 1486 1590 αὐτοῦ.
1536 1538 1709 1590 Τοῦτο
1760 1530 1818 1590 δὲ
1862 1534 2002 1590 πολε

340 1621 499 1680 λάκις
529 1622 814 1698 γινόμενον
852 1620 941 1686 εἷς
972 1623 1205 1697 ὑποψίαν
1265 1620 1514 1685 πολλοὺς
1562 1624 1696 1696 θείῳ
1741 1625 2004 1697 κινήματι

340 1715 538 1790 ἤγαγε,
583 1713 675 1768 καὶ
735 1712 1018 1788 συσχεθεὶς
1073 1712 1153 1776 εἰς
1212 1713 1394 1786 κρίσιν
1452 1709 1754 1787 παρεδόθη,
1812 1711 2004 1768 καὶτὸ

345 1805 590 1904 πραχθεν
631 1799 991 1904 ὁμολογῄσας
1025 1802 1162 1904 μετὰ
1206 1800 1386 1904 πάσης
1427 1798 1688 1874 ἀληθείας
1740 1798 2000 1875 ἀνῃρέθη,
2030 1839 2079 1904 Β

338 1899 442 1963 τῆς
470 1890 619 1957 θείας
651 1889 808 1962 δίκης
836 1889 1188 1965 ἀμυναμένης
1218 1890 1403 1950 αὐτόν.

411 1985 589 2052 Τῷια⁸
618 1977 749 2049 ἔτει,
789 1980 853 2035 τὸ
906 1984 1017 2035 τῶν
1074 1979 1406 2056 Βουλγάρων
1460 1973 1614 2042 ἔθνος
1669 1977 1994 2054 διαπερᾶσαν

337 2069 429 2125 τὸν
471 2064 760 2141 Δάνουϐιν,
792 2069 881 2124 καὶ
913 2067 1295 2148 ἀποχωρισθὶν
1325 2073 1435 2125 τῶν
1466 2067 1771 2147 ὁμοφύλων
1803 2070 1993 2144 αὐτοῦ,

338 2159 638 2229 ἐσκήνωσεν
670 2156 722 2213 ἰν
756 2159 986 2233 Βάρναις
1016 2151 1069 2214 ἔν
1101 2179 1214 2215 τισι
1275 2157 1484 2234 όχμαῖς
1533 2158 1626 2214 καὶ
1678 2153 1851 2235 ὄρεσι.
1890 2163 1995 2215 Τοῦ

337 2243 397 2302 δὲ
449 2245 723 2323 βασιλέως
754 2245 1062 2317 ἐξελθόντος
1116 2247 1207 2301 σὺν
1265 2246 1421 2302 ναυσὶ
1474 2246 1566 2302 καὶ
1616 2250 1851 2321 στρατῷ,
1902 2247 1994 2303 καὶ

336 2336 403 2410 δὴ
437 2340 528 2395 καὶ
558 2337 884 2402 ἐπελθόντος
930 2340 1047 2395 κατ’
1101 2338 1301 2406 αὐτῶν,
1361 2339 1416 2395 οἱ
1472 2336 1782 2414 Βούλγαροι
1829 2343 1993 2396 τοῦτο

334 2427 549 2501 ἀθρόως
582 2429 924 2501 θεασάμενοι,
954 2430 1056 2498 τὴν
1116 2427 1326 2484 ἑαυτῶν
1387 2427 1764 2503 ἀπεγνωκότες
1808 2448 1991 2501 σωτη-

333 2518 476 2594 ρίαν,
511 2516 591 2580 εῗς
643 2538 697 2573 τι
755 2518 1031 2596 ὀχύρωμα
1086 2518 1490 2594 καταφεύγουσι
1527 2517 1619 2573 καὶ
1666 2516 1888 2581 ἑαυτοὺς
1920 2518 1991 2573 ἀ-

333 2606 706 2684 σφαλίζονται.
740 2611 862 2663 Τῶν
899 2603 957 2661 δὲ
986 2606 1276 2681 Ῥωμαίων
1312 2608 1390 2677 μή
1417 2603 1730 2679 δυναμένων
1760 2608 1992 2681 συνάψαι

332 2696 580 2771 πόλεμον
614 2694 707 2753 διά
735 2718 793 2753 τε
821 2695 889 2752 τά
916 2695 1181 2771 πάλματα
1228 2701 1337 2769 (90)
1384 2697 1474 2752 καὶ
1522 2698 1620 2767 τήν
1670 2700 1769 2752 τοῦ
1817 2696 1990 2752 τόπου

334 2783 648 2861 δυσχωρίαν
678 2784 977 2860 ἔθρασύνθη
1009 2786 1073 2841 τὸ
1105 2786 1297 2861 μιαρὸν
1331 2780 1505 2850 ἔθνος.
1538 2783 1753 2857 Συνέϐη
1787 2783 1867 2842 δὶ.
1912 2827 1926 2843 .
1970 2827 1987 2843 .

333 2875 424 2930 καὶ
452 2876 544 2931 τὸν
578 2873 803 2951 βασιλέα
856 2875 1074 2952 φεύγειν
1134 2872 1299 2955 διαφη
1312 2874 1564 2949 μίσαντες
1618 2877 1760 2952 φυγῇ
1812 2873 1985 2953 ἐχρή-

332 2985 494 3020 σαντο
530 2961 765 3037 μηδενὸς
791 2961 1109 3027 διώκαντος.
1141 2964 1312 3039 Ὅπερ
1373 2963 1694 3038 θεασάμενοι
1727 2965 1778 3019 οἱ
1813 2962 1990 3020 Βούλ-

328 3075 487 3131 γαροι
521 3051 742 3125 ἐδίωξαν
783 3053 1002 3119 ὄπισθεν
1057 3053 1233 3110 αύτῶν
1295 3053 1385 3109 καὶ
1440 3052 1688 3117 πολλοὺς
1743 3053 1984 3115 ἀνεῖλον,

330 3144 434 3201 Καὶ
487 3142 673 3200 ἔκτοτε
729 3141 1149 3219 διαπεράσαντες
1207 3145 1400 3207 πάντες
1454 3143 1546 3199 καὶ
1603 3144 1984 3218 θραωνθὲντες

330 3234 417 3288 καὶ
452 3232 915 3307 ἐμπλατυνθέντες
946 3235 1045 3304 τὴν
1091 3234 1407 3307 Ῥωμαϊκήν
1455 3233 1643 3309 χώραν
1698 3232 1981 3310 ᾐχμαλώ-

326 3327 496 3392 τιζον.
528 3324 688 3381 Ὅθεν
735 3322 827 3379 καὶ
893 3322 1247 3399 ἀναγκασθεὶς
1303 3323 1332 3378 6
1396 3321 1653 3397 βασιλεὺς
1710 3322 1985 3398 εἰρήνευσε

331 3412 446 3484 μετ’
476 3411 679 3479 αὐτῶν,
712 3411 788 3475 ὡς
846 3409 1126 3472 λέλεκται.
1181 3413 1495 3488 Ἦρεμήσας
1554 3409 1612 3467 δὲ
1651 3409 1712 3467 ἐκ
1763 3410 1981 3468 πάντων

322 3501 506 3571 ἣνωσε
534 3501 632 3564 τὰς
664 3497 1019 3571 Ἐκκλησίας,
1071 3501 1162 3555 καὶ
1218 3502 1320 3570 τήν
1375 3499 1776 3576 προλεχθεῖσαν
1826 3500 1981 3576 ἁγίαν

323 3584 486 3661 ἕκτην
513 3586 742 3646 σύνοδον
772 3588 1123 3665 συναθροίσας
1172 3588 1226 3646 ἰν
1269 3587 1841 3647 Κωνσταντινουπόλει
1880 3590 1982 3659 τὴν

326 3683 435 3735 τῶν
468 3679 870 3751 Μονοθελητῶν
903 3679 1106 3755 αἳρεσιν
1136 3678 1505 3754 ἀνεθεμάτισε.

396 3771 488 3840 Τῷ
518 3765 577 3823 6‘s
604 3774 667 3845 ιγ¹
705 3764 812 3824 ἔτει
867 3767 1125 3825 ἀπώσατο
1164 3765 1295 3831 τοὺς
1341 3765 1613 3847 ἀδελφοὺς
1662 3767 1834 3824 αὐτοῦ
1879 3774 1981 3838 τῆς

327 3855 634 3932 βασιλείας,
687 3859 777 3913 καὶ
839 3858 1003 3932 μόνος
1057 3852 1373 3913 ἐϐασίλευσε
1456 3856 1552 3912 σὺν
1609 3857 1981 3931 Ἰουστινιανῷ

329 3949 412 4018 τῷ
441 3947 543 4018 υἱῷ
571 3945 760 4003 αὐτοῦ.

398 4038 491 4108 Τῷ
525 4038 587 4106 ιζ’
614 4030 720 4093 ἔτει
768 4033 1115 4108 ἐτελεύτησεν
1176 4035 1205 4090 6
1251 4029 1481 4106 εὐσεϐὴς
1548 4040 1978 4104 Κωνσταντῖνος,

323 4127 595 4199 κρατήσας
653 4120 748 4198 ἔτη
811 4127 899 4196 ιζ’,
955 4125 1047 4181 καὶ
1103 4119 1447 4181 ἐϐασίλευσεν
1503 4124 1889 4188 Ἰουστινιανός
1949 4124 1979 4180 6

324 4216 444 4277 υἱὸς
470 4214 568 4271 αύτ
578 4219 662 4274 οὖ.

393 4305 771 4366 Ἰουστινιανὸς
802 4306 832 4361 6
862 4305 981 4370 υἱὸς
1006 4308 1106 4360 τοῦ
1156 4304 1523 4379 Πωγωνάτου,
1557 4304 1585 4358 6
1617 4301 1977 4380 ρινότμητος,

320 4388 668 4449 ἐϐασίλευσεν
713 4391 806 4465 ἔτη
872 4394 921 4450 ι’.
981 4390 1157 4456 Οὗτος
1212 4394 1283 4464 ἦν
1340 4391 1626 4468 ἄνθρωπος
1685 4391 1978 4456 ἀκάθεκτος

319 4485 421 4554 τὴν
452 4484 633 4557 ὁρμὴν
660 4485 750 4538 καὶ
781 4481 1188 4560 ἀσυλλόγιστος
1220 4482 1273 4538 ἂν
1305 4482 1463 4539 παντὶ
1495 4480 1797 4559 πράγματι.

396 4660 587 4734 Τούτῳ
623 4665 706 4732 τῷ
761 4659 867 4718 ἔτει
916 4665 1030 4738 (91)
1082 4659 1417 4719 ἀποστέλλει
1470 4657 1778 4741 Ἀϐιμέλεχ
1841 4662 1977 4737 πρὸς

324 4748 485 4806 αὐτὸν
548 4744 845 4824 βεϐαιῶσαι
909 4755 1012 4824 τὴν
1068 4752 1307 4827 εἰρήνην.
1376 4751 1467 4806 καὶ
1525 4749 1827 4830 ἐστοιχήθη
1882 4746 1976 4805 ’ίνα

322 4841 505 4916 παύσῃ
538 4840 567 4894 6
603 4840 859 4916 βασιλεὺς
890 4843 952 4899 τὸ
982 4846 1090 4898 τῶν
1138 4838 1467 4917 Μαρδαϊτῶν
1517 4845 1557 4915 (ξ
1577 4847 1632 4912 2)
1682 4841 1869 4919 τάγμα
1915 4839 1974 4897 ἔκ

316 4940 416 4992 τοῦ
441 4932 680 4994 Λιϐάνου
709 4933 800 4990 καὶ
844 4932 1071 5009 κωλύσῃ
1129 4932 1225 4995 τὰς
1282 4927 1581 5007 ἰπιδρομάς
1632 4929 1822 4998 αὐτοῦ,
1880 4929 1972 4986 καὶ

317 5025 535 5107 παρέχῃ
560 5025 682 5081 καθ’
740 5023 971 5093 εκάστην
1016 5020 1226 5098 ἡμέραν
1284 5019 1599 5095 νομίσματα
1654 5018 1818 5096 χίλια
1879 5019 1971 5076 καὶ

2120 554 2315 610 solent
2341 554 2624 619 insidere,
2648 554 3013 612 interfectus.
3042 557 3289 614 Latrone
3310 559 3445 633 fuga
3467 579 3528 618 se
3550 563 3770 620 subdu-

2120 650 2312 709 cente,
2343 644 2510 699 canis
2539 660 2608 699 eo
2638 644 2701 699 in
2732 643 2861 700 loco
2892 646 3218 717 permansit
3246 648 3473 705 domini
3518 652 3770 709 cadaver

2118 732 2475 789 custodiens.
2510 733 2682 789 Forte
2712 732 2866 789 alius
2896 735 3139 806 quidam
3171 752 3240 793 ea
3266 754 3519 812 pergens
3560 758 3764 814 super-

2117 821 2296 885 venit,
2329 822 2692 893 cadaverque
2718 823 3048 895 projectum
3081 841 3353 896 cernens,
3378 832 3574 885 motus
3594 832 3767 888 mise-

2116 910 2394 981 ricordia,
2426 911 2637 966 tellure
2668 912 2881 968 effossa
2911 915 3164 985 sepeliit.
3197 916 3374 972 Canis
3415 917 3475 973 id
3497 919 3762 977 ofﬁcium

2116 1005 2456 1073 pergratum
2486 999 2712 1070 habuit,
2746 1017 2926 1072 seque
2955 1002 3110 1058 ultro
3142 1004 3369 1060 homini
3389 1009 3667 1065 comitem
3694 1027 3764 1069 ac

2118 1105 2351 1145 servum
2381 1088 2673 1160 adjunxit.
2707 1091 2845 1144 Erat
2872 1095 3071 1146 autem
3102 1092 3154 1147 is
3191 1093 3368 1150 homo
3421 1097 3761 1156 conditione

2115 1193 2323 1249 caupo,
2356 1182 2416 1232 et
2444 1175 2672 1233 solebat
2701 1178 2866 1234 canis
2897 1178 2969 1235 iis
2993 1181 3094 1251 qui
3119 1197 3446 1254 cauponam
3469 1185 3764 1245 intrarent

2114 1267 2464 1338 exirentque
2493 1265 2745 1323 adulari.
2780 1269 2920 1322 Post
2952 1269 3325 1340 aliquantum
3375 1277 3659 1346 temporis
3710 1278 3762 1334 is

2113 1356 2295 1413 etiam
2329 1355 2501 1425 latro,
2533 1357 2704 1430 cujus
2734 1357 3141 1426 meminimus,
3175 1360 3238 1416 in
3269 1377 3399 1416 eam
3432 1380 3763 1435 cauponam

2110 1444 2353 1502 bibendi
2385 1463 2562 1503 causa
2592 1447 2846 1504 intravit.
2879 1448 3063 1513 Quem
3094 1450 3260 1506 canis
3299 1467 3626 1524 agnoscens
3673 1457 3759 1512 a1-

2110 1533 2363 1599 latravit,
2393 1534 2592 1607 inquit
2630 1536 2758 1607 ejus
2811 1536 3024 1593 faciem
3073 1538 3321 1595 insiluit.
3372 1542 3491 1598 Hoc
3540 1546 3758 1617 saepius

2107 1622 2330 1678 factum
2361 1624 2463 1678 Dei
2521 1623 2809 1680 instinctu
2868 1625 3027 1698 apud
3082 1627 3303 1685 multos
3354 1631 3756 1703 suspicionem

2109 1711 2419 1779 excitavit;
2453 1713 3036 1785 comprehensusque
3070 1715 3221 1772 latro
3254 1723 3312 1772 et
3339 1735 3538 1776 coram
3551 1722 3755 1794 judice

2113 1802 2490 1867 constitutus,
2524 1818 2657 1858 cum
2689 1803 2919 1860 facinus
2948 1805 3033 1860 uti
3066 1812 3194 1863 erat
3222 1807 3295 1863 ab
3327 1826 3395 1864 eo
3452 1819 3759 1883 perpetra-

2107 1893 2234 1945 tum
2264 1890 2668 1959 conﬁteretur,
2700 1891 2913 1949 divinas
2942 1894 3218 1951 vindicta)
3248 1914 3453 1969 poenas
3482 1899 3665 1959 dedit.

2174 1980 2347 2034 Anno
2377 1983 2436 2035 11
2470 1979 3001 2053 Bulgari,Danubio
3030 1984 3340 2057 trajecto,a
3360 1988 3483 2043 suis
3504 1990 3757 2062 popula-

2101 2065 2291 2137 ribus,
2324 2067 2603 2139 separati,
2638 2067 2699 2123 in
2731 2068 2938 2125 Barnis
2958 2070 3392 2143 habitaverunt,
3420 2076 3482 2132 in
3503 2077 3752 2136 saltibus

2100 2155 2456 2226 quibusdam
2498 2163 2559 2213 et
2620 2157 2945 2215 montibus.
2999 2162 3217 2219 Contra
3271 2164 3380 2221 bos
3432 2166 3755 2240 imperator

2099 2245 2351 2303 classem
2384 2246 2828 2319 exercitumque
2859 2248 3047 2305 duxit.
3107 2252 3222 2309 Sed
3268 2253 3503 2328 Bulgari
3554 2259 3747 2330 primo

2101 2337 2505 2393 Romanorum
2538 2336 2764 2407 impetu
2794 2354 2896 2393 sua
2940 2339 3130 2396 salute
3161 2341 3475 2414 desperata
3506 2346 3566 2401 in
3625 2364 3751 2405 mu-

2100 2423 2393 2481 nitionem
2427 2422 2746 2495 quamdam
2774 2433 3168 2490 recesserunt.
3203 2429 3403 2501 ibique
3433 2448 3496 2487 se
3526 2433 3588 2487 in
3622 2439 3748 2489 tuto

2099 2512 2510 2580 collocarunt;
2541 2529 2794 2584 cumque
2827 2529 2926 2570 eos
2954 2514 3177 2572 adoriri
3205 2519 3455 2574 Romani
3504 2521 3578 2576 ob
3630 2522 3750 2577 ini-

2098 2601 2386 2672 quitatem
2420 2600 2684 2657 locorum
2743 2618 2863 2658 non
2917 2610 3181 2674 possent,
3236 2606 3556 2665 ferociores
3607 2610 3747 2668 facti

2099 2695 2255 2746 sunt.
2291 2690 2522 2747 Accidit
2548 2694 2816 2747 autem...
2848 2696 2908 2747 et
2936 2709 3142 2764 sparso
3173 2711 3409 2752 rumore
3432 2697 3749 2771 imperato-

2097 2796 2225 2836 rem
2256 2779 2495 2852 fugisse,
2534 2780 2775 2835 nemine
2805 2787 3049 2854 urgente
3080 2783 3277 2856 fugam
3300 2785 3592 2844 fecerunt.
3626 2790 3748 2847 Hoc

2098 2869 2636 2925 animadvertentes
2658 2869 2940 2943 Bulgaria
2969 2876 3130 2944 tergo
3165 2890 3264 2929 eos
3295 2873 3548 2932 insecuti
3580 2884 3742 2946 sunt,

2095 2958 2436 3030 multosque
2465 2958 2829 3016 occiderunt.
2856 2960 3000 3016 Inde
3030 2967 3204 3018 aucta
3233 2962 3453 3021 ﬁducia
3478 2966 3741 3025 universi

2098 3047 2161 3102 in
2190 3049 2485 3133 ﬁomanas
2514 3047 2847 3119 provincias
2875 3049 3046 3105 effusi
3074 3066 3318 3124 magnas
3350 3053 3581 3125 praedas
3605 3072 3738 3127 ege-

2094 3142 2253 3192 runt.
2286 3138 2491 3207 Itaque
2516 3135 2841 3209 imperator
2868 3144 3108 3194 coactus
3138 3146 3229 3195 est
3255 3158 3393 3197 cum
3414 3142 3488 3199 iis
3510 3161 3740 3216 pacem,

2096 3227 2181 3282 uti
2213 3225 2494 3289 diximus,
2536 3241 2916 3299 componere.
2964 3229 3192 3285 Pacatis
3239 3231 3417 3287 rebus
3465 3235 3743 3292 omnibus

2087 3315 2488 3371 Ecclesiarum
2516 3315 2897 3373 concordiam
2927 3318 3253 3375 constituit.
3277 3318 3621 3395 dictumque
3654 3341 3743 3381 sa-

2087 3421 2255 3461 crum
2286 3410 2520 3462 sextum
2550 3405 2868 3462 concilium
2897 3406 3107 3480 Cpolin
3136 3424 3353 3483 cogens
3379 3412 3742 3470 Monothele-

2086 3501 2282 3552 tarum
2322 3496 2577 3553 hearesin
2608 3496 2932 3565 damnavit,

2154 3778 2328 3829 Anno
2361 3775 2425 3828 t3
2452 3772 2664 3829 fratres
2694 3789 2834 3831 suos
2863 3774 3116 3847 imperio
3145 3776 3419 3847 detrusit,
3452 3779 3737 3853 solusque

2084 3878 2220 3920 cum
2253 3862 2375 3919 filio
2407 3878 2514 3918 suo
2542 3863 2876 3921 Justiniano
2916 3864 3246 3937 imperavit.

2151 4034 2323 4089 Anno
2358 4033 2423 4087 17
2451 4035 2722 4088 mortuus
2781 4036 2870 4088 est
2919 4034 3341 4093 Constantinus
3387 4036 3547 4105 Pius,
3597 4054 3733 4095 cum

2084 4122 2151 4179 17
2180 4138 2370 4178 annos
2402 4121 2775 4193 imperasset.
2807 4121 3103 4179 Successit
3140 4124 3194 4180 ei
3239 4124 3401 4182 tilins
3447 4127 3734 4185 Iustinia-

2082 4228 2218 4268 nus.

2157 4302 2299 4357 7³11
2335 4299 2701 4356 Justinianus
2728 4301 3013 4372 Pogonati
3044 4301 3226 4374 filius,
3270 4304 3319 4360 is
3351 4305 3451 4377 qui
3502 4322 3537 4362 a
3579 4324 3735 4380 prae-

2080 4391 2204 4447 ciso
2235 4406 2379 4445 naso
2412 4389 2628 4445 deinde
2666 4390 3041 4447 Rinotmetus
3099 4392 3212 4450 fuit
3258 4396 3733 4469 cognominatus,

2080 4480 2394 4553 imperavit
2411 4495 2603 4535 annos
2615 4479 2843 4536 decem.
2870 4481 3056 4538 Homo
3078 4482 3192 4539 fuit
3209 4483 3508 4558 impotens
3523 4487 3736 4557 animi,

2005 4572 2049 4637 Β
2082 4570 2427 4641 nulliusque
2457 4568 2583 4624 ulla
2611 4568 2675 4623 in
2705 4586 2771 4625 re
2800 4569 3060 4626 consilii.

2156 4659 2357 4717 Primo
2389 4659 2522 4730 ejus
2554 4673 2712 4714 anno
2744 4658 3166 4718 Abimelechus
3195 4661 3269 4718 ad
3301 4680 3437 4720 eum
3497 4667 3740 4722 nuntios

2084 4750 2270 4807 mittit
2298 4748 2722 4806 confirmandae
2750 4750 2914 4821 pacis
2946 4767 3125 4808 causa
3151 4769 3167 4820 ;
3228 4754 3622 4826 convenitque
3671 4762 3738 4813 ut

2086 4839 2412 4910 imperator
2490 4836 2909 4894 Mardaitarum
2993 4855 3207 4913 agmen
3290 4847 3591 4898 coerceret
3672 4844 3735 4899 in

2086 4929 2304 4986 Libano
2336 4927 2586 5000 ejusque
2618 4926 3046 4999 impressiones
3075 4937 3500 5002 compesceret,
3547 4948 3738 5005 eoque

2082 5017 2329 5077 nomine
2351 5014 2577 5073 Arabes
2595 5016 2876 5073 Romanis
2898 5016 3012 5089 (93)
3038 5017 3370 5090 penderent
3387 5019 3451 5077 in
3476 5020 3743 5096 singulos

1513 5122 1877 5178 XYLANDRI
1917 5123 2004 5179 ΕΤ
2042 5119 2271 5180 GOABI
2311 5116 2536 5172 ΝΟΤᾸΞ.

392 5226 505 5299 (9Q)
537 5222 998 5299 Ila'ltl-Q‘ta‘gqid
1059 5220 1484 5299 sint,‘_nescio.
1542 5220 1631 5299 Et_
1669 5225 1803 5299 post
1858 5239 1976 5273 συν-

317 5289 417 5367 ἒϐη
451 5289 622 5354 deest
650 5289 891 5365 aliquid
913 5294 1051 5367 Xirc.
1097 5289 1191 5334 —’
1219 5289 1509 5364 Πάλματα,
1547 5289 1804 5361 salebra,
1858 5307 1979 5349 sco-

313 5366 576 5441 pulorum
607 5368 901 5437 asperitas.
932 5366 1112 5441 βολίς.

391 5441 503 5522 (91)
537 5434 684 5495 Nota
713 5435 945 5494 numeri
979 5435 1203 5522 omissa
1232 5451 1246 5503 ;
1281 5435 1384 5522 sed
1414 5440 1613 5522 actum
1644 5435 1757 5522 hoc
1781 5434 1975 5522 fuisse

317 5506 512 5585 primo
534 5526 728 5585 anno.
762 5526 832 5585 ei;
888 5506 1276 5585 sequentibus
1309 5507 1532 5585 _lique_t.
1568 5537 1633 5548 —
1681 5507 1975 5585 Caeterum

313 5578 736 5642 Abimelecbus
767 5580 865 5638 hic
922 5578 1183 5638 Arabum
1239 5579 1353 5637 fuit
1394 5578 1706 5652 princeps,
1762 5578 1971 5636 Maniaa

313 5668 645 5719 successor.
678 5653 826 5714 XYL.

601 5775 851 5832 Panos.
892 5768 997 5828 Gn.
1038 5767 1238 5828 CXXI.

2156 5212 2613 5290 (92)_Mardaitm_
2631 5216 2769 5290 sunt
2798 5228 2834 5290 α
2861 5212 2989 5290 lege
3029 5215 3385 5290 _Sgaracenica
3432 5223 3738 5290 apostatao,

2088 5284 2235 5363 ipsis
2252 5284 2577 5363 §aracenis
2599 5284 3004 5363 infensissimi.
3027 5288 3294 5363 Nominis
3316 5306 3450 5363 cum
3471 5284 3742 5350 Hebrazo;

2086 5356 2218 5418 r'um
2251 5356 2504 5413 Maranis
2533 5356 2868 5412 communis
2918 5362 3009 5413 est
3059 5358 3248 5416 radix.
3303 5362 3736 5432 (Leunclaviusl

2085 5435 2276 5577 “(6%)
2301 5498 2514 5577 Hoc_i_n
2547 5499 2744 5557 Graeco
2775 5499 3053 5559 mutilum
3083 5508 3191 5561 est.
3233 5504 3347 5563 Sed
3393 5521 3467 5564 ex
3510 5508 3737 5566 Zonara

2084 5571 2397 5648 complevi.
2432 5571 2571 5628 XYL.

3379 5765 3455 5820 27
