4124 6210
250 375 371 437 845

1393 371 1947 435 HISTORIARUM
1988 373 2500 440 COMPENDIUM

3542 385 3670 447 346

246 532 349 581 την
382 510 471 567 ἐπὶ
503 508 857 581 φλαμουλίου
905 511 982 583 (1)
1023 507 1385 581 κρεμάσαντες
1432 509 1525 564 καὶ
1576 508 1905 584 προάγοντες

2019 512 2355 583 pharetram
2406 512 2761 570 nomismate
2794 514 3070 571 refertam
3116 516 3300 586 misit,
3333 520 3659 593 multisque

248 601 387 657 κατὰ
438 604 548 656 τῶν
605 600 897 671 Ῥωμαίων
967 598 1257 673 ὥρμησαν,
1315 596 1555 671 Μωάμεδ
1605 597 1907 673 στρατηγὸν

249 686 493 766 ἔχοντες.
528 689 632 746 Καὶ
662 689 724 743 τὸ
759 688 856 761 μὲν
908 693 1126 763 πρῶτον
1165 690 1477 758 ἡττήθησαν
1506 683 1762 763 Ἄραϐες,
1796 689 1824 741 ὁ
1855 683 1914 740 δὲ

251 777 494 854 Μωάμεδ
524 785 602 851 τῷ
634 784 925 854 στρατηγῷ
957 784 1063 834 τῶν
1095 774 1360 843 Σθλάϐων
1386 781 1484 853 (1⁸)
1505 777 1806 853 κοῦκουρον

252 871 495 948 γέμοντα
526 868 883 943 νομισμάτων
910 870 1154 944 πέμψας,
1188 870 1279 924 καὶ
1310 869 1549 933 πολλαῖς
1584 868 1910 943 ὑποσχέσεσι

249 963 442 1015 τοῦτον
493 959 798 1030 ἀπατήσας,
854 958 1028 1014 πείθει
1083 963 1417 1036 προσφυγεῖν
1473 958 1625 1029 αὐτῷ
1668 958 1804 1031 μετὰ
1834 954 1912 1011 ε’ί-

247 1070 372 1105 κοσι
427 1046 705 1125 χιλιάδων
764 1043 1052 1115 Σθλάϐων,
1094 1048 1184 1103 καὶ
1253 1048 1398 1103 οὕτω
1457 1045 1757 1120 Ῥωμαίοις
1812 1046 1912 1114 τήν

2020 599 2261 657 inducto
2312 603 2809 673 promissionibus
2867 606 3162 676 persuasit
3198 608 3285 661 uti
3335 610 3409 664 ad
3442 627 3505 665 se
3534 627 3671 667 cum

2022 689 2389 747 Slavinorum
2421 692 2623 765 viginti
2654 692 2918 749 millibus
2967 694 3382 767 transfugeret.
3417 699 3539 763 Quo
3584 699 3671 755 fa-

2022 784 2114 833 cto
2147 781 2396 835 Romani
2435 780 2571 835 victi
2611 781 2883 852 pulsique
2944 789 3103 840 sunt.
3138 783 3220 839 Ob
3254 784 3365 841 hoc
3393 787 3671 844 Justinia-

2021 885 2156 934 nus,
2190 870 2480 941 quidquid
2513 870 2881 925 Slavinorum
2904 872 3201 943 reliquum
3230 873 3360 942 fuit,
3384 892 3504 931 una
3534 894 3669 933 cum

2022 959 2372 1014 mulieribus
2408 963 2465 1014 et
2507 959 2711 1015 liberis
2757 961 3057 1017 interfecit
3088 962 3149 1018 in
3180 964 3466 1021 Leucacta
3496 967 3668 1023 Nico-

2023 1046 2255 1101 medim.

250 1139 467 1215 τροπὴν
498 1134 953 1213 περιεποιήσατο.
984 1138 1138 1194 Ὅθεν
1169 1138 1555 1199 Ἰουστινιανὸς
1586 1136 1649 1191 τὸ
1679 1134 1886 1191 τούτων
1942 1132 2355 1210 ἐγκατάλειμμα
2414 1132 2592 1189 ἀνεῖλε
2630 1134 2724 1190 σὺν
2755 1135 2963 1211 γυναιξὶ
2991 1137 3080 1192 καὶ
3111 1135 3316 1202 τέκνοις
3346 1140 3398 1197 ἐν
3426 1145 3505 1214 τῷ
3536 1144 3671 1219 πρὸς

250 1224 627 1300 Νικομήδειαν
663 1227 971 1301 Λευκάκτῃ.

325 1322 420 1391 Τῷ
450 1319 501 1389 η’
529 1312 660 1387 ἔτει,
693 1311 998 1378 Σαϐϐάτιος
1043 1319 1120 1391 (3)
1177 1317 1207 1373 ὁ
1264 1316 1556 1392 Ἀρμένιος
1592 1314 1776 1389 μαθὼν
1806 1315 1905 1383 τήν

247 1409 358 1463 τῶν
389 1405 675 1479 Ῥωμαίων
722 1407 915 1476 ἧτταν,
972 1407 1073 1476 τὴν
1133 1405 1423 1482 ’Λρμενίαν
1480 1403 1761 1480 παρέδωκε
1788 1409 1905 1467 τοῖς

250 1499 504 1570 Ἄραψιν.
568 1495 831 1569 ’Υπετάγη
893 1492 951 1550 δὲ
1008 1495 1195 1557 αὐτοῖς
1246 1495 1336 1550 καὶ
1395 1497 1430 1565 ἡ
1489 1490 1595 1549 ἔσω
1636 1493 1830 1570 Περσὶς
1870 1495 1905 1562 ἡ

254 1584 528 1660 λεγομένη
564 1584 829 1657 Χοροσάν.

323 1677 405 1749 [Ρ.
438 1675 566 1747 442]
597 1675 692 1746 Τῷ
725 1679 768 1737 θ’
797 1666 901 1728 ἔτει
932 1672 1152 1751 γέγονεν
1182 1667 1424 1748 ἔκλειψις
1455 1672 1621 1743 ἡλίου
1652 1672 1727 1736 ὠς
1759 1671 1907 1727 ἀστέ-

2086 1315 2256 1369 Anno
2287 1314 2319 1368 8
2352 1312 2666 1369 Sabbatius
2713 1315 3031 1371 Armenius
3084 1319 3319 1390 cognita
3377 1322 3669 1380 Romano-

2014 1419 2148 1457 rum
2196 1402 2364 1459 clade
2422 1403 2675 1458 Arabius
2725 1405 3069 1462 Armeniam
3126 1407 3390 1465 tradidit.
3428 1410 3673 1468 Subdita

2014 1494 2195 1548 etiam
2229 1492 2302 1547 iis
2362 1498 2452 1549 est
2509 1493 2758 1549 interior
2810 1496 3028 1562 Persis,
3064 1497 3157 1552 cui
3190 1515 3408 1555 nomen
3448 1500 3670 1557 Choro-

2015 1602 2119 1641 san
2131 1626 2142 1637 .

2086 1676 2256 1728 Anno
2287 1677 2318 1728 9
2352 1678 2550 1728 tantus
2580 1672 2693 1728 fuit
2744 1673 2883 1730 solis
2932 1675 3198 1732 defectus
3247 1683 3313 1733 ut
3362 1684 3523 1736 astra
3551 1682 3674 1737 visa

253 1785 347 1841 ρας
404 1770 656 1842 φανῆναι.
719 1766 816 1837 Τῷ
870 1760 1017 1835 αἱ)τῷ
1074 1758 1180 1819 ἔτει
1233 1762 1617 1838 ἐπεστράτευσε
1665 1760 1905 1838 Μωάμεδ

2019 1762 2252 1818 fuerint.
2286 1763 2505 1818 Eodem
2549 1780 2704 1819 anno
2756 1765 3095 1821 Moamedus
3145 1769 3546 1826 Romanorum
3582 1771 3669 1826 di-

250 1856 318 1925 τῇ
350 1850 639 1922 Ῥωμαίων
678 1855 774 1928 γῇ,
820 1845 966 1926 ἔχων
1030 1853 1147 1925 μεθ’
1202 1853 1400 1907 ἑαυτοῦ
1428 1853 1555 1915 τοὺς
1585 1850 1904 1930 πρόσφνγας

250 1935 528 2005 Σθλάδους
561 1940 638 2001 ὡς
665 1938 960 2013 ἐμπείρους
1006 1947 1108 2010 τῆς
1156 1941 1367 2016 Libyas,
1398 1940 1488 1995 καὶ
1519 1939 1766 2002 πολλοὺς
1795 1941 1905 2021 ᾐχ-

253 2029 621 2105 μαλώτευσεν.
665 2030 1038 2093 ἰουστινιανὸς
1087 2026 1143 2085 δὲ
1190 2034 1297 2085 τῶν
1348 2031 1659 2104 κτισμάτων
1708 2024 1903 2104 ἕπιμε-

251 2118 519 2193 λο·3μενος
567 2120 739 2189 κτίζει
797 2120 861 2174 τὸ
919 2121 1301 2182 Ἰουστινιανρῦ
1340 2119 1641 2196 λεγόμενον
1689 2119 1900 2196 τρικλί-

252 2230 366 2264 νιον
399 2209 487 2264 καὶ
518 2209 584 2265 τὰ
619 2213 716 2264 τοῦ
769 2207 1040 2264 παλατίου
1096 2210 1574 2289 περιτειχίσματα.
1607 2211 1902 2280 Ἐπέστησε

252 2297 310 2354 δὲ
339 2298 556 2359 τούτοις
614 2293 879 2377 Στέφανον
938 2298 1029 2353 τὸν
1086 2300 1316 2374 Πέρσην,
1377 2298 1739 2373 σακελλάριον
1772 2298 1899 2356 ὅντα

238 2385 328 2440 καὶ
384 2389 828 2461 πρωτε·)νοῦχον,
891 2386 1075 2460 κύριον
1137 2386 1226 2441 καὶ
1267 2384 1615 2456 ἒξουσιαστήν
1648 2390 1741 2460 (li),
1776 2384 1899 2441 λίαν

241 2474 364 2530 ὄντα
396 2469 695 2548 αἱμοόόρον
723 2476 811 2529 καὶ
845 2475 1055 2546 ἀπηνῆ,
1094 2476 1184 2529 καὶ
1237 2473 1485 2544 ἀνηλεῶς
1535 2472 1728 2532 ἔτυπτε
1772 2478 1899 2538 τοὺς

241 2558 576 2638 ἐργολάϐους
604 2562 693 2617 καὶ
742 2558 1079 2620 ἐλιθοϐόλει.
1128 2567 1238 2619 Τοῦ
1284 2561 1339 2618 δὲ
1385 2563 1655 2639 βασιλέως
1686 2563 1900 2636 ἀποδη-

241 2655 521 2725 μήσαντος
577 2652 666 2707 καὶ
723 2654 822 2719 τὴν
889 2656 1098 2737 μητέρα
1168 2651 1333 2708 αὐτοῦ
1393 2653 1738 2711 Ἀναστασίαν
1793 2657 1893 2726 τήν

239 2744 560 2817 Αὖγοῦσταν
619 2740 691 2797 δι’
738 2737 955 2813 ἀόηνων
1008 2748 1086 2813 (5)
1139 2741 1535 2817 ἐμαστίγωσενε
1563 2744 1805 2817 Ὁμοίως
1839 2743 1897 2800 δὲ

242 2833 332 2888 καὶ
364 2835 392 2887 ὁ
425 2826 596 2896 ἆϐϐἆς
623 2828 887 2894 Θεόδοτος
936 2836 1014 2906 (6)
1072 2833 1101 2887 8
1159 2853 1291 2887 ποτε
1322 2827 1654 2908 ἔγκλειστος,
1685 2835 1898 2911 γενικὸς

245 2918 546 2996 λογοθέτης
604 2917 980 2988 κατασταθεὶς,
1033 2916 1281 2980 πολλοὺς
1340 2924 1450 2974 τῶν
1507 2918 1760 2996 ἐμφανῶν
1798 2922 1897 2995 ἀρ·-

240 3008 451 3064 χόντων
497 3007 751 3070 ἀναιτίως
806 3004 1132 3083 ἔτιμωρεῖτο
1185 3007 1275 3062 καὶ
1326 3006 1587 3081 δημεύσει
1620 3006 1897 3067 ὑπέϐαλλε

2010 1854 2235 1908 tionem
2266 1852 2424 1907 bello
2455 1852 2646 1925 petiit,
2697 1854 3013 1910 comitatus
3062 1857 3387 1930 transfugis
3420 1858 3668 1916 Slaviuis

2007 1947 2074 1997 ut
2102 1942 2412 2013 regionum
2444 1941 2673 2013 peritis,
2707 1942 3044 2014 multosque
3083 1946 3367 2001 mortales
3398 1948 3663 2006 abduxit.

2004 2031 2372 2087 Justinianus
2390 2047 2526 2085 vero
2549 2030 2820 2086 aadiﬂciis
2838 2032 3102 2088 intentus
3120 2034 3326 2090 condit
3342 2037 3665 2095 triclinium

2007 2122 2079 2178 ab
2106 2122 2234 2192 ipso
2268 2120 2719 2177 denominatum
2753 2126 2811 2176 et
2841 2124 3058 2179 moenia
3081 2124 3305 2196 palatii.
3329 2128 3502 2197 Operi
3527 2129 3665 2186 huic

2007 2211 2271 2283 przefecit
2302 2210 2667 2282 Stephanum
2700 2216 2939 2267 Persam
2972 2228 3104 2268 cum
3139 2213 3316 2285 plena
3347 2222 3663 2287 potestate,

2006 2299 2377 2355 sacellarium
2411 2303 2470 2354 et
2513 2299 2924 2355 eunuchorum
2972 2302 3327 2373 principem.
3355 2305 3658 2363 hominem

2005 2389 2182 2444 nimis
2212 2405 2390 2458 quam
2418 2389 2862 2460 sanguinarium
2887 2394 2945 2444 et
2965 2390 3287 2453 crudelem,
3312 2394 3413 2464 qui
3434 2395 3658 2465 absque

2005 2477 2132 2532 ulta
2162 2476 2573 2532 misericordia
2630 2477 2933 2547 operarios
2987 2479 3336 2534 verberabat
3366 2487 3541 2552 atque
3575 2483 3664 2537 la-

2005 2566 2465 2638 pidabat.Atque
2497 2564 2645 2619 adeo
2694 2565 3054 2636 imperatore
3106 2584 3369 2641 peraagre
3401 2571 3662 2641 profecto

2006 2662 2256 2712 matrem
2291 2655 2423 2726 ejus
2453 2654 2829 2710 Anastasiam
2877 2657 3197 2728 Augustam
3226 2657 3370 2714 loris
3399 2658 3664 2731 ﬂagella-

2007 2746 2106 2800 vit.
2165 2744 2377 2799 Itidem
2436 2747 2494 2798 et
2546 2743 2889 2798 Theodotus
2940 2746 3292 2809 monachus,
3334 2747 3566 2817 pridem
3598 2750 3662 2805 in

2004 2833 2263 2889 claustro
2321 2833 2499 2887 vitam
2551 2831 2790 2903 degens,
2847 2838 2969 2887 tum
3019 2833 3313 2905 generalis
3365 2834 3669 2909 logotheta

2005 2922 2385 2990 constitutus,
2420 2920 2640 2976 multos
2665 2936 2979 2992 procerum
3009 2922 3176 2977 nulla
3201 2922 3465 2993 ipsorum
3489 2926 3668 2998 culpa

2001 3011 2312 3083 suppliciis
2341 3010 2564 3076 affecit,
2602 3008 2760 3065 bona
2790 3026 2994 3065 eorum
3029 3010 3369 3083 publicavit,
3401 3015 3551 3069 774
3582 3014 3671 3070 fu-

243 3099 332 3153 καὶ
363 3097 630 3172 σχοινίοις
661 3101 877 3173 κρεμῶν
927 3099 1061 3152 κατὰ
1107 3096 1355 3174 κεφαλῆς
1403 3098 1636 3174 ἀχύροις
1675 3098 1893 3156 ἐκάπνι-

2019 3101 2303 3171 aibusque
2330 3100 2412 3154 ita
2434 3116 2755 3170 suspensos
2768 3104 2835 3154 ut
2856 3100 3051 3170 capita
3073 3099 3350 3156 deorsum
3369 3108 3669 3161 verterent

248 3193 352 3257 ζεν.
409 3184 583 3244 Ἀλλά
637 3187 726 3242 καὶ
787 3188 815 3241 ὁ
850 3180 1116 3262 ’ἔπαρχος
1179 3185 1442 3264 βασιλικῇ
1472 3187 1717 3245 κελεύσει
1748 3189 1901 3246 πλεί-

247 3297 406 3338 στους
460 3274 914 3336 ἐναποκλείστους
962 3273 1160 3334 ἔποίει.
1219 3278 1403 3334 Ταῦτα
1470 3277 1641 3332 πάντα
1699 3277 1902 3351 ηὔξησε

243 3368 307 3422 τὸ
339 3365 476 3441 πρὸς
504 3366 594 3420 τὸν
622 3363 848 3441 βασιλέα
898 3369 1058 3437 μῖσον
1087 3368 1188 3419 τοῦ
1242 3362 1402 3422 λαοῦ.
1439 3365 1679 3438 Πλησίον
1719 3366 1776 3424 δὲ
1804 3374 1902 3425 τοῦ

247 3453 517 3511 παλατίου
580 3453 918 3528 βουλόμενος
979 3454 1152 3529 βάθρα
1201 3459 1311 3510 τῶν
1372 3456 1611 3512 Βενὲτων
1654 3459 1744 3513 καὶ
1777 3458 1901 3537 φιά-

247 3542 350 3613 λην
388 3548 461 3616 (7;
501 3542 679 3600 κτίσαι
739 3542 815 3604 εἰς
871 3543 934 3597 τὸ
992 3540 1264 3598 τελεῖσθαι
1322 3542 1437 3599 ἐκεῖ
1490 3545 1555 3600 τὸ
1613 3544 1902 3619 σαξιμοδὲ-

2007 3190 2315 3263 palearum
2340 3188 2501 3243 fumo
2522 3189 2767 3243 vexavit.
2796 3188 2909 3243 Sed
2935 3195 2991 3243 et
3015 3189 3181 3244 urbis
3206 3191 3515 3262 praefectus
3536 3193 3668 3265 plu-

2007 3281 2194 3335 rimos
2227 3278 2506 3333 mandato
2535 3278 2915 3349 imperatoris
2940 3278 2999 3333 in
3023 3295 3319 3334 carcerem
3353 3284 3665 3355 compegit.

2007 3368 2230 3435 Quibus
2257 3366 2538 3423 omnibus
2571 3367 2708 3421 odia
2739 3365 2942 3438 populi
2974 3367 3035 3422 in
3069 3368 3491 3439 imperatorem
3542 3388 3673 3427 cre-

2005 3462 2237 3515 verunt.
2271 3458 2410 3512 Erat
2442 3456 2634 3511 vicina
2664 3456 2885 3528 palatio
2918 3456 3074 3511 aades
3106 3458 3368 3529 Deiparaa
3400 3460 3670 3533 Virginis,

2007 3547 2462 3620 Metropolitana
2521 3547 2718 3605 dicta:
2779 3563 2907 3602 eam
2968 3547 3243 3603 demoliri
3307 3550 3676 3607 Justinianus

1455 3643 1821 3702 XYLANDRI
1861 3649 1947 3702 ET
1975 3647 2190 3702 GOARI
2230 3645 2450 3701 NOTAE.

321 3742 396 3815 (_l)
426 3742 680 3815 zonaras
711 3735 923 3811 δόρατι.
956 3741 1151 3815 Apud;
1178 3741 1442 3815 Nicetam
1486 3742 1782 3815 signiﬁcat
1812 3763 1912 3813 ση-

255 3813 440 3886 μαίαν.
474 3813 869 3886 Hastilehergo
900 3813 1095 3886 vexilli
1126 3812 1258 3878 fuit,
1295 3817 1353 3868 et
1382 3830 1488 3884 pro
1534 3812 1700 3881 signo
1756 3812 1912 3886 mili-

251 3883 381 3956 tari
409 3884 646 3956 foederis
693 3883 921 3939 litteras
950 3885 1171 3939 Arabes
1192 3883 1515 3956 gestarant.
1550 3883 1913 3940 Χη.-Φλα-

260 3953 618 4031 μουλίουηιῑι
648 3956 1007 4031 ipso_conto,
1041 3953 1475 4031 undejﬂamuia,
1508 3959 1912 4031 prmliantium

253 4026 473 4099 signum
494 4026 924 4102 _sive_oe;riltum
975 4027 1366 4099 dependebat.
1395 4029 1477 4083 De
1512 4026 1745 4099 ’ﬂamula
1776 4030 1911 4102 plu-

258 4103 412 4157 rima
441 4098 748 4157 Rigaltius.
784 4101 960 4153 (Son.

333 4173 436 4243 (l')
471 4163 753 4243 Σλαϐίνων
778 4170 905 4241 lege
936 4170 1033 4224 hic
1066 4174 1125 4225 et
1154 4169 1328 4224 infra.

332 4238 609 4313 (2)'Apud
638 4238 900 4297 Nicetam
931 4243 1042 4296 hoc
1101 4258 1206 4313 pro
1238 4238 1483 4314 γωρυτᾶς
1509 4243 1767 4313 positum
1798 4248 1906 4298 est.

256 4315 401 4370 Inde
433 4320 705 4386 nostrum
734 4314 1122 4369 Teutonicum
1169 4314 1400 4370 kocher:
1440 4321 1541 4368 aut
1572 4315 1771 4386 potius
1800 4316 1912 4371 hoc

258 4405 294 4443 a
321 4392 524 4441 nostro
556 4385 957 4455 desumptum.
992 4386 1129 4440 Χη.

330 4460 406 4528 (3)
436 4458 628 4583 δὲιὸὁὶε
652 4459 946 4527 patricius,
999 4461 1057 4511 et
1109 4458 1309 4512 Cerasa
1367 4460 1455 4511 est
1501 4457 1658 4529 apud
1704 4458 1912 4513 Diaco-

330 4546 424 4583 lm.
459 4570 475 4583 .
510 4544 596 4583 γι.

258 4546 424 4585 num.
459 4544 596 4585 Ᾱῗῐι.

327 4601 404 4672 (li)
437 4602 574 4666 Qum
606 4598 763 4672 infra,
788 4599 848 4672 i_n
882 4598 1092 4655 Basilio
1115 4670 1122 4672 _
1143 4604 1201 4654 et
1248 4600 1631 4656 Constantino
1662 4600 1911 4656 Romani

256 4674 344 4729 FF
389 4667 628 4797 "(iiqetur
667 4667 975 4739 Ἐπείκτης,
1027 4670 1127 4743 qui
1184 4677 1402 4743 praeest
1458 4672 1675 4744 operis,
1709 4679 1767 4727 et
1813 4689 1913 4727 eas

261 4760 405 4797 urge
441 4787 453 4797 .
524 4759 652 4797 om.

261 4750 453 4800 urget.
477 4750 652 4798 Goan.

759 4818 919 4888 puto.
984 4811 1156 4888 Apud
1214 4813 1465 4888 Suidame
1516 4820 1607 4871 est
1648 4814 1915 4888 iniqu-{etc

263 4883 401 4957 αὐτῇ
432 4883 778 4959 ἐνίόχήματῖ
808 4884 899 4959 ⁸ὡς
944 4885 1011 4959 οἱ
1039 4883 1471 4959 ’γραμματισταῖ
1519 4883 1703 4939 παισὶν
1734 4883 1914 4947 ἐπιθέ-

269 4957 623 5031 μενοςαΧχι.
670 4988 744 5031 έ-
795 4957 1302 5031 δοαζξςίεέᾳιιειιθιι.
1334 4964 1470 5031 sunt
1491 4959 1921 5031 _equorum_[ea-

270 5024 436 5085 benae.
471 5028 758 5084 Meursius
788 5027 860 5084 de
892 5028 1007 5083 illis
1039 5024 1208 5084 docte
1238 5029 1416 5084 verbo
1446 5024 1628 5084 ἀϐίναι
1659 5030 1753 5086 vel
1782 5024 1922 5098 ἀϐῆ-

268 5120 378 5158 ναι.
410 5102 591 5156 ΟΟΑΒ.

340 5175 420 5255 (ϐξ
450 5172 543 5226 Sic
575 5175 634 5226 et
656 5186 833 5255 supra
864 5169 936 5226 de
961 5171 1257 5252 monacho
1283 5171 1918 5255 ‘quihltlaho‘metisﬁa-

268 5243 523 5299 brielum
549 5259 653 5297 suo
674 5243 1013 5298 testimonio
1035 5244 1535 5314 comprobavit.Et
1554 5245 1701 5299 alias
1718 5245 1919 5299 etiam.

268 5316 348 5371 De
371 5314 634 5387 generali
670 5314 970 5386 logotheta
990 5331 1179 5387 supra
1205 5315 1403 5370 adnot.
1434 5319 1481 5369 l.
1516 5317 1653 5387 XYL.

339 5385 417 5455 (7)
451 5385 718 5440 Phialam
748 5385 944 5455 puto.
972 5385 1170 5441 dicere
1226 5402 1384 5453 eum,
1440 5386 1599 5457 quod
1647 5385 1794 5441 alias
1835 5389 1926 5441 est

267 5458 794 5529 amphitheatrum,
829 5457 888 5511 in
922 5474 1038 5529 quo
1062 5457 1277 5529 sedens
1310 5460 1563 5529 populus
1595 5458 1926 5529 ludosrspe-

266 5527 473 5600 claret.
507 5527 716 5583 Suidas
768 5545 889 5583 non
939 5528 1181 5600 videtur
1225 5527 1508 5600 abludere
1536 5529 1596 5583 in
1627 5527 1924 5600 ἀμφίθετος

264 5599 462 5676 φιάλη.
501 5600 719 5676 Diacen
775 5600 814 5676 l.
849 5616 943 5655 xxx
977 5600 1060 5655 ait
1090 5598 1514 5676 phialamideo
1539 5598 1924 5676 exstructam.

265 5671 333 5728 ut
363 5671 447 5728 ibi
486 5672 739 5742 p0pulus
782 5672 1206 5743 imperatorem
1248 5671 1758 5743 exciperet;quos
1790 5671 1926 5743 huic

270 5740 588 5804 sententia)
611 5759 735 5803 non
763 5740 1075 5819 repugnat.
1093 5743 1242 5802 Nam
1264 5740 1642 5819 σαξιξιοδέξιον
1661 5742 1809 5817 quid
1829 5744 1927 5810 sit,

2023 3743 2222 3813 sciunt
2260 3742 2514 3813 (opinor)
2569 3741 2826 3797 barbari.
2887 3742 3029 3800 XYL.
3064 3774 3132 3784 —
3163 3740 3406 3812 Πλησίον
3465 3740 3523 3798 δὲ
3573 3749 3672 3799 τοῦ

2020 3810 2337 3886 mulatth
2374 3815 2453 3867 Ex
2500 3810 2683 3886 regiae
2742 3814 2847 3867 ΟΡ.
2908 3810 3329 3884 descriptione,
3361 3822 3674 3886 penetrata

2022 3886 2177 3941 obvii
2210 3885 2467 3956 primum
2520 3884 2672 3939 muri
2731 3888 2918 3954 porta,
2978 3884 3414 3956 amplissimum
3453 3887 3671 3943 atrium

2022 3957 2370 4012 ﬁdelissimo
2402 3956 2680 4011 satellitio
2727 3957 3021 4011 munitum
3066 3956 3452 4027 popularibus
3485 3959 3671 4014 turbis

2020 4029 2283 4101 pervium
2332 4033 2390 4101 et
2437 4043 2786 4101 concessum
2835 4026 3162 4101 occurrisse
3203 4026 3409 4101 liquet.
3444 4029 3527 4083 lbi
3564 4031 3670 4084 Ve-

2020 4098 2171 4155 neta:
2197 4100 2368 4171 parti,
2386 4099 2479 4153 cui
2503 4098 2854 4171 propensius
2868 4098 3064 4153 affecti
3088 4104 3257 4154 erant
3278 4100 3568 4171 imperato
3578 4117 3669 4155 res

2021 4117 2171 4155 netzn
2193 4117 2368 4225 Eam,
2386 4117 2479 4153 cun
2503 4117 2854 4170 propensms
2868 4117 3064 4153 auecu
3088 4117 3257 4154 erant
3278 4117 3669 4171 imperatores

2021 4172 2094 4227 ob
2126 4187 2187 4252 re
2218 4171 2497 4252 Aelliqnes.
2535 4187 2567 4252 a
2618 4170 2865 4252 Prasina
2925 4187 3034 4252 ceu
3092 4170 3423 4252 potentiore
3454 4172 3670 4252 saepius

2020 4245 2322 4307 excitatas,
2354 4242 2720 4313 Justinianus
2766 4241 2863 4296 hic
2911 4241 3099 4296 sedes
3135 4241 3420 4312 lapideas,
3454 4241 3670 4313 quibus

2021 4332 2150 4371 sese
2183 4314 2531 4369 redeuntem
2562 4312 2649 4367 vel
2671 4329 3045 4379 egressurum
3068 4314 3274 4368 faustis
3295 4312 3671 4369 acclamatio-

1945 4393 1990 4456 υ
2020 4387 2197 4441 nibus
2228 4390 2545 4454 exceptura
2565 4385 2939 4445 consisteret,
2964 4392 3268 4440 exstruere
3294 4386 3671 4442 moliebatur.

2023 4457 2211 4512 Vicini
2244 4456 2635 4529 nihilominus
2666 4456 2873 4529 templi
2904 4456 3189 4529 religione
3224 4457 3562 4518 deterritus.
3596 4475 3671 4513 ne

2020 4546 2081 4585 se
2112 4528 2315 4600 populi
2350 4528 2610 4598 querelis
2663 4527 2967 4599 objiceret,
3021 4527 3373 4600 patriarchae
3405 4529 3673 4586 Callinici

2018 4599 2151 4681 vota
2173 4600 2386 4681 emptis
2418 4599 2997 4681 auxiliariexpetiit.
3024 4599 3137 4654 'llle
3169 4616 3288 4655 non
3317 4600 3674 4681 dejiciendis

2020 4672 2123 4728 sed
2155 4670 2503 4727 dedicandis
2546 4671 2783 4742 templis
2836 4687 2973 4726 cum
3028 4688 3235 4742 preces
3279 4673 3351 4728 ab
3391 4670 3676 4728 'Ecclesia

2021 4750 2271 4816 statutas
2302 4744 2494 4816 primo
2524 4741 2947 4816 respondisset,
2982 4741 3120 4799 mox
3170 4743 3548 4816 imperatoris
3579 4759 3679 4796 au-

2021 4813 2528 4876 ctoritate'victus,
2562 4813 2679 4869 vim
2713 4814 2928 4869 factam
2952 4819 3011 4869 et
3040 4813 3353 4869 assensum
3385 4815 3676 4869 violenter

2024 4891 2319 4942 extortum
2351 4902 2497 4940 novo
2527 4884 2631 4956 Dei
2664 4886 2957 4956 praeconio
2988 4886 3305 4941 adinvento
3336 4884 3675 4956 manifesta—

2022 4960 2104 5013 vit
2156 4957 2419 5028 apertius
2503 4953 2680 5024 Βὲορά
2738 4974 2914 5028 porro
2971 4959 3080 5008 τῶν
3115 4956 3380 5028 ῨΒενέτων
3414 4953 3672 5028 -ιαρίᾀρεε

2022 5032 2167 5085 sedes
2194 5025 2363 5084 erant
2399 5030 2620 5083 Veneta:
2646 5025 2883 5095 factioni
2906 5027 3193 5096 parandae.
3219 5032 3297 5087 et.
3320 5032 3387 5082 ut
3413 5025 3679 5095 loquitur

2023 5101 2243 5159 Paulus
2272 5100 2585 5156 Diaconus.
2619 5099 2765 5154 bases
2791 5097 2989 5169 papuli
3019 5099 3420 5169 construenda}.
3455 5104 3527 5169 at,
3558 5095 3676 5150 illic

2024 5176 2411 5243 imperatorem
2439 5167 2969 5243 susciperent—ﬁam
3014 5175 3077 5243 et
3123 5168 3345 5243 ibidem
3391 5167 3484 5222 vel
3506 5167 3681 5243 justa

2027 5238 2361 5300 constitisse
2411 5238 2708 5309 Prasinos,
2733 5240 2944 5312 colligo
2972 5255 3040 5312 ex
3064 5240 3265 5312 Leone
3282 5238 3679 5312 Grammatice

2027 5317 2091 5371 in
2146 5313 2467 5383 Tlieophilo
2549 5304 3036 5383 scribenter-ta‘zc
3095 5304 3403 5383 ἀναϐᾴορας
3452 5306 3570 5363 ἔνθα
3629 5307 3683 5360 οἱ

2032 5383 2203 5454 δῆμοι
2232 5380 2732 5455 ἳσταγταιηΑιὶιιω
2790 5380 2977 5455 nihilo
3019 5381 3211 5436 secius
3245 5380 3440 5455 locum
3472 5398 3507 5437 a
3537 5383 3686 5436 Pra-

2032 5452 2180 5513 sinis
2215 5452 2463 5508 Venetos
2505 5452 2793 5525 delegisse
2844 5452 3194 5525 Simocatta,
3218 5453 3316 5508 ubi
3348 5454 3419 5508 de
3450 5469 3694 5508 corona-

2032 5528 2193 5584 tione
2218 5525 2478 5581 Leontim
2511 5523 2723 5579 Phocaa
2758 5525 2995 5595 tyranni
3030 5523 3254 5591 uxoris,
3287 5525 3492 5581 scribit
3520 5528 3691 5593 vm,2.

2031 5598 2146 5664 Τὴν
2176 5595 2418 5673 935:1;qu
2442 5596 2746 5673 Machina,
2777 5612 2896 5668 qua
2955 5613 2990 5673 e_
3044 5597 3253 5673 statuis
3313 5598 3690 5673 marmoreis,

2036 5666 2355 5727 metallicis
2386 5666 2603 5741 fistulis
2661 5666 3027 5741 veluapertis
3089 5667 3243 5723 tubis
3291 5669 3694 5741 profunditur,

2033 5741 2354 5819 spargitur,
2385 5739 2448 5797 in
2477 5739 2664 5799 altum
2685 5739 3002 5811 evibratur,
3023 5755 3093 5798 ac
3117 5747 3244 5797 tum
3264 5739 3575 5800 oculorum
3595 5753 3695 5796 cu-
3772 5744 3779 5751 '
