4148 6212
446 325 561 385 851
1812 325 2096 389 GEORGI

2213 325 2484 386 ιΕΒΗΕΝ
2491 323 2516 385 Ι
3743 322 3879 382 852

441 458 516 510 At
545 459 611 511 ut
639 455 786 512 urbe
817 455 945 511 lues
988 455 1292 513 bubonum
1340 461 1605 530 grassata
1635 464 1893 530 quatuor
1923 475 2088 515 men-

2213 455 2552 533 ὑπάργοντα,
2610 450 2862 529 Τιϐἐριον
2920 456 3005 527 [Ρ.
3038 455 3166 527 444]
3228 451 3384 508 αὐτὸν
3449 451 3868 525 μετονομάσας.

445 544 599 600 sium
633 546 779 599 777
817 545 1006 617 spatio
1038 562 1313 618 magnam
1345 547 1461 603 vim
1492 547 1801 604 hominum
1835 548 2099 605 sustulit.

444 634 786 705 Apsimarus
818 633 1059 690 interim
1107 652 1243 691 cum
1297 652 1407 692 sua
1456 636 1645 693 classe
1686 637 1759 694 ad
1793 639 1970 709 Sycas
1999 653 2106 693 seu

443 723 613 779 Ficus
634 722 914 794 appellit;
941 728 999 778 et
1020 724 1080 780 in
1106 724 1312 781 urbem
1342 743 1448 798 per
1468 726 1867 798 proditionem
1890 727 1959 783 ad
1971 726 2111 782 mis-

449 827 550 867 sus
584 812 917 880 Leontium,
950 813 1199 885 praeciso
1223 830 1390 884 naso,
1412 815 1471 871 in
1497 816 1778 871 Dalmata:
1808 821 2106 871 monaste-

442 899 532 955 rio
550 900 1388 973 asservarijubet,amicosque
1411 907 1542 977 ejus
1562 905 1877 977 publicatis
1899 920 2103 960 eorum

450 989 624 1046 bonis
656 991 895 1063 relegat.
929 992 1071 1046 Tum
1095 1008 1442 1063 germanum
1461 1010 1633 1049 suum
1656 994 1899 1049 fratrem
1932 995 2106 1049 Hera-

447 1077 628 1134 clium
658 1079 939 1135 omnibus
967 1081 1347 1153 pedestribus
1393 1082 1886 1154 equestribusque
1916 1082 2105 1154 copiis

445 1168 696 1240 praaﬁcit
725 1169 919 1223 solum
950 1175 1018 1224 ut
1055 1169 1140 1224 rei
1186 1170 1460 1243 gerendas
1511 1171 1768 1227 maxime
1799 1171 2100 1239 idoneum,

444 1257 746 1328 mittitque
768 1263 833 1313 ut
856 1265 1052 1330 partes
1074 1259 1458 1331 Cappadociae
1492 1267 1550 1316 et
1580 1260 1839 1317 claustra
1866 1278 2100 1333 percur-

444 1351 556 1418 rat,
589 1362 656 1402 ac
687 1347 831 1418 quid
862 1349 1050 1405 hostis
1082 1350 1361 1406 moliatur
1389 1351 1679 1408 observet.

2210 546 2300 602 ’Ev
2357 542 2415 599 δὲ
2468 548 2537 618 τῇ
2594 542 2755 599 πόλει
2814 546 2848 614 ἡ
2904 547 3002 599 τοῦ
3062 538 3348 617 βουϐῶνος
3380 540 3532 614 λύμη
3576 541 3870 614 ἐνέσκηψε,

2213 633 2303 689 καὶ
2336 631 2389 687 ἐν
2417 634 2672 707 τέσσαρσι
2705 632 2871 705 μησὶν
2926 630 3183 687 ἀπώλετο
3237 629 3453 698 πλῆθος
3481 628 3649 687 πολύ.
3684 634 3872 687 Κατα-

2215 719 2482 800 λαμϐάνει
2514 721 2573 780 δὲ
2602 724 2906 801 Ἀψίμαρος
2954 724 3068 797 ἃμα
3113 728 3195 798 τῷ
3236 724 3442 779 συνόντι
3478 723 3623 797 αὐτῷ
3656 721 3869 794 στόλῳ,

2212 814 2303 869 καὶ
2360 815 2761 891 προσώρμησεν
2831 812 2883 870 ἐν
2963 819 3162 877 Συκαῖς
3219 816 3352 886 (22),
3413 814 3500 869 καὶ
3558 810 3871 887 προδοσιας

2213 902 2511 979 γενομένης
2567 901 2813 971 εἰσῆλθεν
2887 902 2964 965 εἷς
3037 902 3136 972 τὴν
3208 901 3392 960 πόλιν.
3453 902 3557 959 Καὶ
3614 902 3709 956 τὸν
3772 902 3874 975 μὲν

2214 994 2467 1047 Λεόντιον
2522 992 2887 1067 ῥινοκοπήσας
2963 991 3017 1047 ἐν
3072 995 3143 1066 τῇ
3218 995 3317 1047 τοῦ
3374 988 3666 1064 Δαλμάτου
3726 994 3871 1064 μονῇ

2212 1078 2574 1159 φυλάσσεσθαι
2676 1080 2988 1157 προσέταξε,
3091 1079 3219 1143 τοὺς
3295 1077 3354 1135 δὲ
3428 1079 3622 1157 φίλους
3696 1078 3871 1135 αύτοῦ

2211 1168 2489 1245 δημεύσας
2564 1172 2831 1248 ἐξώρισεν.
2908 1167 3230 1245 Ἡράκλειόν
3304 1191 3364 1226 τε
3436 1170 3529 1226 τὸν
3632 1172 3868 1247 γνήσιον

2208 1259 2376 1316 αὐτοῦ
2441 1258 2697 1340 ἀδελφὸν,
2770 1261 2845 1324 ὡς
2933 1259 3053 1317 λίαν
3130 1261 3485 1329 ἱκανώτατον,
3556 1259 3870 1334 μονοστρά-

2208 1370 2378 1426 τηγον
2445 1353 2560 1425 (23)
2627 1347 2836 1406 πάντων
2901 1353 3011 1404 τῶν
3075 1347 3176 1419 ἔξω
3250 1343 3675 1422 καϐαλλαρικῶν
3743 1350 3871 1421 (24)

447 1434 696 1507 θεμάτων
751 1429 1194 1509 προϐαλόμενος,
1254 1436 1346 1492 ἐπὶ
1400 1438 1466 1493 τὰ
1533 1439 1671 1513 μὲρη
1732 1435 2119 1501 Καππαδοκίας
2177 1439 2264 1494 καὶ
2318 1443 2426 1494 τῶν
2479 1440 2819 1517 κλεισουρῶν
2878 1435 3187 1517 διατρέχειν
3244 1436 3335 1492 καὶ
3365 1438 3464 1506 τήν
3491 1437 3609 1493 κατ’
3640 1435 3864 1513 ἐχθρῶν

444 1518 657 1599 ἐχθρῶν
690 1526 963 1587 ποιεῖσθαι
996 1520 1259 1601 φροντίδα
1286 1523 1621 1584 ἀπέστειλεν.

513 1613 880 1684 Apsimarus,
914 1615 1017 1686 qui
1048 1621 1107 1672 et
1136 1615 1424 1684 Tiberius,
1458 1617 1770 1689 imperavit
1815 1634 2005 1674 annos
2035 1621 2088 1674 Ἰ.
2122 1627 2170 1693 Β

440 1701 641 1757 Primo
699 1702 829 1775 ejus
878 1720 1035 1760 anno
1088 1705 1567 1775 Abderacbman,
1603 1712 1765 1764 mota
1804 1708 2100 1764 seditione

445 1790 507 1845 in
544 1791 803 1864 Perside,
854 1810 1103 1865 regnum
1152 1795 1215 1850 in
1276 1812 1346 1851 ea
1400 1796 1677 1870 Chagano
1735 1798 1926 1870 ejecto
1956 1796 2104 1853 obti-

450 1881 605 1940 nuit.

518 1973 690 2028 Anno
721 1973 982 2029 secundo
1040 1972 1225 2045 pestis
1282 1973 1413 2030 fuit.
1471 1977 1544 2030 Et
1592 1975 1932 2035 Moamedus
1963 1992 2099 2031 cum

453 2060 709 2116 Arabum
740 2062 926 2134 copiis
967 2062 1193 2118 bellum
1239 2062 1712 2120 Abderachmani
1742 2065 1899 2121 facit.
1934 2066 2100 2120 Com-

454 2166 569 2222 que
616 2150 918 2224 ingressus
963 2151 1268 2209 Persidem
1319 2159 1495 2223 esset,
1546 2170 1683 2210 cum
1733 2155 2001 2227 Chagano
2036 2170 2097 2210 se

450 2238 779 2312 conjungit.
813 2241 892 2295 Eo
923 2239 1076 2297 bello
1107 2241 1558 2298 Abderacbman
1597 2259 1785 2299 caesus
1816 2249 1874 2298 et
1902 2242 2098 2299 Persis

453 2327 726 2401 Chagauo
757 2330 1032 2386 restituta
1081 2336 1189 2386 est.
1234 2332 1482 2388 Romani
1530 2338 1729 2388 autem
1762 2332 1991 2404 Syriam
2021 2332 2097 2388 ad

449 2417 753 2474 Samosata
783 2435 971 2490 usque
998 2420 1313 2492 pervagati,
1335 2420 1675 2492 vicinasque
1707 2421 1977 2494 regiones
1998 2437 2098 2494 po-

443 2507 656 2579 pulati,
688 2506 762 2563 ad
791 2508 1000 2577 millia,
1034 2514 1100 2564 ut
1122 2509 1329 2580 fertur,
1352 2511 1610 2567 ducenta
1630 2510 1889 2566 Arabum
1920 2510 2095 2566 inter-

442 2595 754 2663 fecerunt;
788 2597 1112 2669 spoliisque
1153 2604 1213 2654 et
1260 2599 1460 2670 praeda
1506 2599 1892 2671 amplissimis
1921 2600 2093 2672 potiti

444 2702 657 2759 magno
691 2686 782 2742 sui
816 2692 979 2744 metu
1009 2687 1263 2743 excitato
1293 2694 1681 2747 reverterunt.

517 2951 710 3010 Tertio
767 2968 922 3009 anno
979 2952 1236 3011 Abdelas
1292 2955 1589 3012 Romanos
1636 2954 1794 3011 bello
1825 2955 2089 3023 adortus,

448 3042 749 3097 Antarado
808 3042 1029 3099 frustra
1088 3050 1477 3117 oppugnatas,
1540 3060 1603 3100 re
1660 3044 1880 3101 infecta
1930 3045 2099 3111 abiit,

452 3136 511 3187 et
553 3132 973 3205 Mopsuestiam
1032 3134 1322 3205 condidit,
1370 3132 1770 3206 imposuitque
1802 3134 1854 3189 ei
1894 3133 2100 3206 ρι’ωεί-

451 3219 637 3277 dium.

523 3313 561 3366 7
578 3311 675 3366 78
704 3316 872 3366 Anno
903 3314 936 3366 4
966 3313 1211 3375 Baanes,
1236 3311 1588 3384 cognomine
1618 3311 2043 3383 Heptadtemon
2067 3327 2103 3368 a

450 3404 679 3470 septem
710 3398 1098 3465 daemonibus,
1132 3405 1405 3471 quartam
1437 3400 1779 3456 Armeniam
1809 3400 2100 3456 Arabibus

448 3487 709 3543 tradidit.
765 3489 1109 3561 Apsimarus
1157 3488 1554 3561 Pbilippicum
1586 3490 1896 3562 patricium
1930 3491 2097 3546 Nice-

446 3576 600 3649 plori
632 3578 822 3634 filium
854 3578 1150 3651 relegavit,
1184 3578 1343 3651 quod
1365 3579 1415 3635 is
1447 3596 1518 3635 ex
1550 3581 1848 3636 insomnio
1879 3580 2099 3650 (aiebat

439 3667 600 3724 enim
632 3685 739 3740 per
769 3668 1030 3740 quietem
1081 3675 1140 3725 et
1184 3669 1572 3743 imaginatum
1611 3677 1787 3743 caput
1816 3687 1989 3727 suum
2020 3671 2093 3727 ab

438 3757 640 3829 aquila
669 3757 1033 3829 obumbrari)
1066 3759 1396 3830 rmperium
1428 3758 1539 3814 sibi
1572 3765 1856 3832 speraret.

505 3846 722 3912 Quinto
756 3863 914 3903 anno
946 3847 1248 3919 principes
1298 3848 1618 3915 Armeniae,
1651 3848 1951 3905 concitata
1979 3846 2093 3904 ad-

435 3953 640 3993 versus
697 3937 1053 3993 Sarracenos
1113 3936 1430 4004 seditione,
1486 3937 1559 3992 iis
1617 3937 1968 4004 interfectis,
2017 3938 2091 3994 ab

434 4027 748 4099 Apsimaro
806 4025 1010 4083 missis
1066 4025 1279 4100 legatis
1336 4027 1621 4082 auxilium
1686 4031 1916 4098 petunt.
1978 4026 2092 4081 Sed

437 4117 776 4174 Moamedus
808 4117 964 4173 facta
995 4116 1391 4187 expeditione,
1426 4116 1633 4174 multis
1658 4117 1847 4185 caesis,
1880 4118 2088 4173 Arme-

434 4208 596 4264 niam
618 4224 856 4263 rursum
880 4208 1218 4263 Sarracenis
1242 4206 1463 4274 subdit,
1484 4224 1875 4280 proceresque
1893 4210 2090 4264 Arme-

435 4296 569 4352 nios
599 4312 807 4352 omnes
837 4312 957 4352 uno
992 4295 1052 4351 in
1082 4295 1210 4352 loco
1242 4297 1398 4352 vivos
1428 4302 1652 4353 cremat
1679 4297 1900 4353 Eodem
1929 4313 2089 4353 anno

2268 1614 2571 1691 ’Λψίμαρος
2605 1617 2633 1672 ὁ
2663 1616 2752 1672 καὶ
2784 1610 3045 1692 Τιϐέριος
3076 1608 3173 1685 ἔτη
3226 1618 3284 1683 ζ’.
3318 1612 3533 1671 Τούτου
3561 1616 3643 1686 τῷ
3672 1613 3722 1668 α’
3753 1609 3868 1668 ἔτει

2206 1703 2513 1762 ἐστασίασεν
2572 1700 2957 1785 Ἀϐδεραχμὰν
3007 1704 3059 1760 ὲν
3110 1701 3356 1777 Περσίδι,
3414 1702 3506 1758 καὶ
3556 1700 3872 1780 ἐκυρίευσεν

2206 1794 2402 1866 αὐτῆς,
2433 1794 2527 1850 καὶ
2558 1792 2742 1866 ἐδίωξε
2770 1795 2862 1850 τὸν
2892 1794 3141 1870 Χαγάνον
3174 1792 3267 1851 ἀπ’
3296 1791 3484 1863 αὐτῆς.

2279 1970 2372 2040 Τῷ
2419 1967 2468 2043 β’
2519 1964 2647 2037 ἔτει,
2705 1965 2899 2045 γέγονε
2957 1966 3241 2032 θανατικὸν
3277 1963 3432 2042 μέγα.
3467 1963 3571 2022 Καὶ
3604 1963 3873 2037 ἱπεστρά-

2200 2074 2353 2111 τευσε
2409 2051 2654 2129 Μωάμεδ
2715 2056 2808 2111 σὺν
2864 2059 2943 2128 τῷ
2998 2054 3198 2126 πλήθει
3253 2059 3361 2109 τῶν
3421 2048 3672 2129 Ἀράϐων
3721 2051 3870 2108 κατᾶ

2200 2147 2297 2199 τοῦ
2383 2139 2789 2222 ’Δϐδεραχμάν.
2875 2144 2980 2202 Καὶ
3041 2139 3365 2200 καταλαϐὼν
3432 2144 3532 2212 τήν
3616 2139 3867 2216 Περσίδα

2200 2232 2411 2288 ἑνοῦται
2439 2238 2520 2308 τῷ
2549 2234 2809 2309 Χαγάνῳ,
2867 2234 2958 2290 καὶ
3015 2231 3430 2307 πολεμήσαντες
3471 2236 3552 2304 τῷ
3582 2226 3864 2305 Ἀϐδεραο

2200 2324 2350 2404 χμᾶν
2408 2326 2707 2382 κτείνουσιν
2762 2324 2947 2393 αὐτὸν,
3005 2324 3094 2380 καὶ
3150 2323 3317 2380 πάλιν
3366 2327 3447 2396 τῷ
3484 2323 3728 2396 Χαγάνῳ
3756 2323 3864 2391 τήν

2201 2416 2469 2490 Περσικήν
2506 2415 2685 2490 ἀρχὴν
2732 2413 3159 2490 ἑκχειρίζουσιν,
3208 2413 3271 2468 Oi
3316 2410 3374 2468 δὲ
3422 2414 3686 2486 Ῥωμαῖοι
3720 2431 3863 2465 κατ-

2197 2501 2432 2580 ἑδραμον
2467 2504 2667 2579 Συρίας
2722 2501 2828 2567 ἕως
2888 2504 3231 2578 Σαμοσάτου,
3261 2502 3353 2559 καὶ
3383 2499 3857 2579 προνομεύσαντες

2196 2595 2296 2664 τήν
2326 2593 2477 2669 πέριξ
2509 2594 2699 2669 χώραν
2730 2591 3067 2666 ἀπέκτειναν,
3119 2591 3193 2655 ὥς
3240 2613 3391 2671 φασι,
3437 2588 3694 2668 χιλιάδας
3731 2588 3863 2645 δια-

2196 2681 2383 2747 κοσίας
2411 2677 2687 2758 Ἀράϐων,
2721 2681 2954 2738 πλεῖστά
2981 2703 3038 2738 τε
3086 2681 3261 2738 σκῦλα
3313 2681 3405 2737 καὶ
3460 2678 3860 2757 αἰχμαλωσίαν

2197 2769 2418 2842 πολλὴν
2454 2766 2714 2835 λαϐόντες
2768 2772 3127 2848 ὑπέστρεψαν,
3182 2766 3353 2850 φόϐον
3411 2770 3578 2846 μεγαν
3607 2768 3861 2844 ἑμποιή-

2201 2882 2386 2925 σαντες
2417 2862 2626 2925 αὐτοῖς.

2272 2952 2368 3023 Τῷ
2429 2958 2477 3030 γ’
2542 2946 2645 3007 ἔτει
2713 2951 3129 3027 ἐπεστράτευσεν
3209 2944 3474 3012 Ἀϐδελᾶς
3542 2952 3652 3023 (25)
3715 2949 3864 3003 κατὰ

2204 3040 2453 3115 Ῥώμης,
2513 3039 2604 3095 καὶ
2669 3042 3048 3116 πολιορκήσας
3122 3036 3446 3116 Ἀντάραδον
3511 3038 3600 3095 καὶ
3682 3035 3866 3111 μηδὲν

2206 3128 2397 3194 ἀνύσας
2456 3129 2772 3205 ὑπέστρεψε,
2830 3129 2921 3186 καὶ
2980 3126 3256 3204 ᾠκοδόμει
3314 3131 3414 3200 τήν
3449 3126 3864 3202 Μοψουεστίαν⁹

2204 3218 2293 3274 καὶ
2320 3216 2468 3283 ἔθετο
2501 3217 2555 3274 ἐν
2586 3220 2726 3293 αὐτῇ
2763 3217 3030 3297 φυλακήν.

2271 3309 2364 3380 Τῷ
2416 3306 2459 3363 δ’
2517 3305 2623 3363 ἔτει
2682 3307 2887 3378 Βαάνην
2948 3308 2976 3364 ὁ
3027 3304 3407 3381 Ἑπταδαίμων
3455 3308 3555 3378 τήν
3583 3308 3858 3381 τετάρτην

2204 3397 2488 3472 Ἀρμενίαν
2520 3402 2637 3459 τοῖς
2668 3396 2925 3473 Ἄραψιν,
2986 3396 3260 3471 ὒπέταξεν.
3314 3396 3617 3472 Ἀψίμαρος
3650 3393 3706 3451 δὲ
3747 3402 3858 3450 Φι-

2202 3483 2465 3541 λιππικὸν
2536 3488 2629 3541 τὸν
2683 3485 2798 3541 υἱὸν
2876 3486 3195 3566 Νικηφόρου
3264 3486 3548 3557 πατρίκιον
3595 3483 3856 3559 ἐξώρισεν

2201 3575 2277 3639 ὠς
2319 3574 2841 3652 ὀνειροπολούμενον
2894 3574 3233 3653 βασιλεῦσαιο
3283 3571 3478 3655 ἔφασκε
3525 3575 3626 3651 γὰρ
3675 3575 3859 3650 ἑωρα-

2199 3668 2343 3723 κέναι
2373 3669 2491 3724 κατ’
2539 3664 2666 3743 ὄναρ
2724 3666 2808 3723 ὅτι
2864 3669 2900 3737 ἡ
2967 3666 3180 3748 κεφαλὴ
3241 3666 3406 3724 αὐτοῦ
3434 3664 3710 3736 ἒσκιάζετο
3746 3666 3857 3721 ὑπὸ

2199 3756 2380 3814 ἀετοῦ.

2268 3851 2356 3920 Τῷ
2415 3847 2453 3902 ε’
2521 3843 2627 3904 ἔτει
2687 3845 3003 3903 ἐστασίασαν
3082 3848 3134 3903 οἱ
3207 3845 3475 3926 ἄρχοντες
3560 3847 3860 3923 Ἀρμενίας

2197 3936 2333 3992 κατὰ
2390 3940 2497 3992 τῶν
2557 3941 2909 4013 Σαρακηνῶν,
2964 3937 3054 3992 καὶ
3111 3937 3238 3999 τοὺς
3272 3935 3324 3991 ἐν
3356 3933 3622 4011 Ἀρμενίᾳ
3678 3941 3858 4010 Σαρα-

2195 4026 2394 4097 κηνοὺς
2469 4025 2805 4082 ἀπέκτειναν.
2906 4028 3008 4080 Καὶ
3097 4026 3251 4089 αὗθις
3325 4025 3462 4100 πρὸς
3537 4022 3857 4098 Ἀψίμαρον

2195 4112 2474 4187 πέμπουσι
2521 4113 2613 4171 χαί
2657 4112 2963 4189 Ῥωμαίους
3016 4113 3092 4177 είς
3143 4115 3244 4184 τήν
3292 4112 3469 4169 αὐτῶν
3521 4112 3712 4192 χώραν
3758 4112 3856 4190 φέ-

2195 4224 2402 4280 ρουσιν.
2463 4205 2524 4262 ’0
2581 4201 2640 4259 δὶ
2693 4199 2937 4276 Μωάμεδ
3012 4201 3432 4279 ἐπιστρατεύσας
3506 4203 3626 4259 κατ’
3676 4200 3860 4258 αὐτῶν

2193 4291 2442 4358 πολλοὺς
2468 4293 2689 4365 κτείνει,
2717 4291 2810 4348 καὶ
2856 4293 2955 4362 τήν
3005 4292 3297 4368 Ἀρμενίαν
3332 4296 3677 4368 Σαρακηνοῖς
3710 4291 3858 4346 ὑπο-

433 4387 584 4440 Azar
611 4384 817 4441 decem
863 4385 1030 4441 milia
1075 4384 1300 4442 ducens
1332 4385 1587 4443 Cililiam
1629 4385 1871 4442 invadit.
1904 4387 2088 4453 Quem

2213 4386 2398 4457 τάσσει,
2448 4385 2580 4450 τοὺς
2627 4382 2685 4440 δὲ
2734 4388 3054 4461 μεγιστᾶνας
3103 4388 3212 4439 τῶν
3264 4384 3570 4461 ’Λρμενίων
3602 4381 3854 4454 ζωοκαύ-

434 4474 677 4532 adortus
708 4474 1086 4548 imperatoris
1115 4475 1298 4532 frater
1327 4475 1633 4533 Heraclius
1654 4476 1944 4549 majorem
1974 4476 2083 4532 ho-

2194 4495 2351 4537 στους
2404 4473 2458 4531 ἐν
2497 4475 2576 4531 ἑνὶ
2631 4473 2784 4548 τόπῳ
2843 4474 3090 4545 ἓποίησε.
3123 4474 3314 4549 Τούτῳ
3342 4472 3422 4548 τῷ
3454 4471 3559 4531 ἔτει
3589 4473 3857 4549 ἒπεςτρά-

1639 4631 1999 4689 XYLANDRI
2038 4633 2126 4688 ET
2164 4633 2376 4690 (ΞοΑΒί
2412 4634 2636 4692 NOTAE.

434 4794 649 4864 magna
679 4776 953 4864 Straboni
974 4776 1016 4833 l.
1040 4782 1396 4864 xui-vocata.
1424 4776 1534 4864 _cui
1562 4777 1876 4864 ptmfectus
1903 4772 2094 4864 ᾃρουγο

440 4849 632 4927 γάρῖος
671 4849 865 4906 dictus
911 4849 1262 4931 imperabat.
1314 4852 1594 4925 Δροῦγγος
1653 4856 1850 4906 autem
1908 4849 2087 4907 tutius

440 4923 649 4980 classis
703 4927 829 4978 erat
884 4938 1020 4989 pars
1079 4926 1253 4976 tertia
1308 4922 1397 4975 Vel
1454 4927 1686 4989 quarta.
1729 4917 2085 4989 δρουγγάριος

437 4939 649 4980 classis
703 4939 829 4978 erat
925 4939 1020 4977 ais
1079 4939 1253 4976 tertia
1308 4939 1397 4975 νρι
1454 4939 1686 4992 quarta.
1729 4939 2084 4993 ορουγγαριος

436 4994 779 5081 huiusmodi
807 4939 1236 5081 ηιὶίῖίαιηριρὸί
1266 4991 1676 5081 (ξῖιιοιοιεηΗὶου
1706 4993 1860 5081 sicut
1887 4990 2084 5081 δρρῦχο

435 5061 534 5140 γοξ
567 5065 774 5123 scribit
804 5061 1118 5120 Mauricius
1150 5064 1190 5117 l.
1225 5080 1244 5117 1
1272 5065 1708 5133 Strategicorum
1730 5061 1928 5189 Ᾰιὲρος
1948 5061 2083 5133 ἐστὶ,

435 5137 498 5191 τὸ
564 5135 624 5191 ἐκ
687 5137 851 5191 τριῶν
929 5135 1300 5191 συγκειμένων
1369 5135 1661 5191 αθροιτμα.
1773 5134 2084 5191 ruimarios

434 5154 498 5192 το
564 5154 624 5191 εκ
687 5154 851 5207 τριων
929 5154 1300 5210 συγκειμενων
1369 5154 1661 5208 αυροισμα,
1730 5154 2080 5210 arunganos

434 5210 686 5286 totidem
717 5207 900 5286 fuisse
932 5207 1220 5286 sequitur.
1247 5207 1358 5262 Leo
1382 5206 1441 5261 in
1472 5207 1881 5286 Naumacliicis
1902 5206 1959 5286 ot
1974 5211 2080 5261 τῶν

436 5276 634 5356 ᾅλλων
703 5277 949 5356 θεμάτων
990 5274 1300 5356 ῃῖιτλώϊμοι.
1349 5276 1646 5356 στρατηγοὶ
1727 5274 2082 5356 δρουγγάριοι

439 5346 739 5427 ἐκαλοῦντό
764 5346 896 5427 ποτε
922 5352 1038 5427 τοῖς
1062 5346 1235 5427 άνωχ
1241 5346 1843 5427 ρόνοις.Τί1οὸριὲε,ῐίθε
1869 5346 2082 5427 στολῶν

439 5422 555 5493 τῶν
580 5413 1000 5493 Κιϐυρῥαιωτῶν
1035 5413 1324 5477 memorat
1372 5423 1431 5478 in
1479 5413 1870 5493 Copronymo.
1905 5425 2081 5480 Gosa.

514 5490 727 5559 (22.1ιὶ
754 5491 909 5567 _loco
952 5492 1171 5567 _Gula_ta
1227 5510 1386 5549 nunc
1428 5490 1620 5567 dicto.
1680 5490 1752 5550 de
1808 5512 1925 5567 quo
1955 5503 2086 5552 Ste-

440 5560 711 5687 p‘bauus:
744 5561 915 5631 Sycae.
949 5562 1160 5634 inquit,
1194 5572 1274 5620 est
1328 5564 1522 5621 civitas
1576 5583 1604 5621 e
1654 5560 1878 5635 regione
1929 5583 2084 5624 novae

488 5647 639 5687 om.
672 5631 835 5686 Idem
869 5632 1047 5687 habet
1075 5636 1343 5687 Socrates
1370 5653 1432 5687 ιι.
1463 5639 1551 5687 30.
1585 5638 1760 5687 Gen.

488 5647 639 5687 om.
672 5631 835 5686 Idem
869 5631 1050 5690 habet
1075 5636 1343 5692 Socrates
1370 5653 1432 5706 ιι,
1463 5639 1551 5691 30.
1585 5631 1760 5694 ϐολιῖ.

2257 4781 2368 4851 (23)
2400 4779 2504 4834 Hic
2533 4778 2853 4851 drungario
2908 4777 3253 4850 opponitur,
3309 4778 3411 4850 qui
3466 4777 3630 4835 solus
3690 4760 3853 4837 aciei

2200 4850 2471 4922 imperat.
2507 4850 2684 4906 Gon.

2268 4920 2388 4990 (24)
2416 4923 2496 4977 Ex
2528 4925 2753 4978 Zonara
2782 4920 3013 4994 videtur
3033 4920 3387 4994 legendum,
3419 4920 3578 4994 quod
3608 4930 3855 4981 secutus

2197 4986 2351 5057 sum.
2370 4986 2490 5047 siin
2520 4996 2696 5060 πεζῶν
2729 4992 2820 5046 καὶ
2844 4986 3087 5060 καϐαλλ.
3106 4986 3256 5048 ΧΠ..

2267 5066 2380 5135 (25)
2414 5058 2647 5135 Legitur
2674 5070 2734 5121 et
2762 5058 3050 5135 Ἀϐδερᾶς.
3091 5064 3202 5120 Sed
3248 5064 3397 5120 illud
3428 5065 3678 5135 praetuli,
3712 5083 3853 5124 cum

2195 5137 2488 5193 Diacouus
2554 5138 2710 5192 hunc
2793 5142 2957 5193 vocet
3038 5136 3350 5191 Abdallam
3418 5136 3855 5196 Saracenorum

2193 5208 2425 5280 ducem.
2483 5208 2658 5264 1.20.
2728 5207 2841 5280 Sed
2906 5207 3065 5280 quod
3134 5207 3213 5280 ibi
3281 5207 3498 5280 legitur
3526 5210 3851 5280 Tarentum

2194 5278 2520 5345 obsedisse,
2552 5279 2861 5352 perspicue
2893 5278 2982 5335 est
3012 5278 3386 5352 mendosum,
3411 5278 3855 5352 legendumque

2194 5357 2258 5406 ut
2288 5354 2496 5407 Noster
2523 5350 2682 5406 recte
2710 5350 2904 5410 habet.
2933 5355 3011 5422 iet
3045 5350 3201 5421 apud
3232 5350 3390 5405 hunc
3420 5350 3663 5422 et‘apud
3694 5350 3853 5409 alios

2192 5422 2581 5494 Autaradum,
2614 5421 2985 5494 quaeinsula
3031 5428 3120 5476 est
3166 5422 3330 5494 inter,
3355 5421 3610 5494 Cyprum
3641 5423 3757 5479 sita
3789 5431 3853 5480 et

2192 5495 2440 5565 Syriam.
2466 5493 2577 5548 Sed
2608 5500 2667 5547 et
2696 5493 2926 5565 reliqua
2950 5495 3158 5548 Noster
3176 5493 3430 5565 plenius,
3454 5493 3683 5549 utiliter
3704 5511 3848 5553 eum

2193 5512 2228 5548 δ
2273 5512 2440 5549 nam.
2466 5512 2577 5548 aea
2608 5512 2667 5547 el
2696 5512 2926 5564 reliqua
2950 5512 2974 5548 1‘

2191 5512 2323 5622 aliis
2352 5564 2805 5638 comparandus.
2836 5566 2974 5621 ΧΠ..
