4124 6210
371 311 488 371 863

381 534 492 589 Leo
541 535 780 590 Isaurus
825 537 1215 593 Orientalium
1270 539 1410 602 dux.
1445 557 1550 611 pro
1602 538 1864 593 Artemio
1895 554 2028 609 pro~

378 639 667 695 pugnans,
717 625 1042 681 Theodosio
1101 644 1219 683 non
1254 630 1470 700 paruit,
1525 629 1748 683 socium
1802 625 2028 681 habens

376 713 768 769 Artaliasdum
824 716 1173 772 Armenium
1252 718 1461 774 ducem
1499 761 1513 785 ,
1573 718 1668 773 cui
1725 720 1783 772 et
1841 715 2024 770 tiliam

376 807 626 873 nuptum
659 820 721 859 se
752 804 1028 860 daturum
1061 823 1229 862 suam
1263 807 1681 880 spoponderat.

1759 313 2078 377 GEORGII
2125 314 2459 375 CEDRENI

378 442 576 497 induit
608 447 665 498 et
692 444 1169 503 Thessalonicam
1200 452 1290 503 est
1321 447 1684 521 deportatus.
1736 448 2022 504 Caeterum
2058 456 2104 521 Α
2134 443 2414 519 ἀπήγαγον
2453 486 2466 500 .

3688 331 3793 392 864

2530 443 2640 531 Οὓς
2724 447 3050 521 θεασάμενος
3135 450 3448 526 Ἀρτέμιος,
3522 453 3699 531 λόγον
3748 481 3799 514 τε

2140 533 2402 596 ἀπαθείας
2433 526 2641 602 Λαϐὼν,
2671 534 2733 589 τὸ
2802 535 3094 609 μοναδικον
3146 538 3519 616 περιεϐάλετο
3587 526 3798 626 σχῆμα,

2137 623 2225 677 καί
2257 623 2332 684 εἰς
2355 622 2756 694 Θεσσςλονίκην
2817 627 3136 703 ἐξορίζεται.
3191 633 3339 687 Λέων
3393 632 3463 690 δὲ
3498 637 3530 690 6
3566 622 3801 710 Ἰσαυρος

2133 716 2240 767 τῶν
2318 711 2681 769 Ἀνατολικῶν
2763 717 3063 793 στρατηγὸς
3121 722 3236 794 (4-2)
3313 716 3407 793 ὥν,

2136 801 2470 874 ὑπερμαχῶν
2500 799 2608 875 οὐχ
2637 800 2878 880 ὑπετάγη
2935 802 3229 880 Θεοδοαίῳ,
3289 806 3439 886 ἔχων
3504 833 3803 887 συναγωνι-

3505 726 3801 798 Ἀρτεμῖου

376 890 602 963 ζόμενον
658 887 1025 967 Ἀρταὸασδον
1104 890 1393 969 Ἀρμένιον
1464 893 1764 971 στρατηγὸν
1831 896 1943 948 τῶν
2008 892 2376 966 ’Λρμενιακῶν
2408 932 2425 960 ,
2494 888 2541 962 ᾧ
2595 890 2685 945 καὶ
2775 890 2959 948 δοῦναι
3044 894 3288 954 συνέθετο
3354 902 3461 970 τήν
3507 900 3659 957 ἰδίαν
3717 915 3804 967 θυο

376 980 592 1056 γατέρα,

449 1072 813 1127 Theodosius
835 1073 1148 1144 imperium
1172 1077 1504 1130 Romanum
1533 1074 1722 1129 tenuit
1749 1089 1940 1128 annos
1970 1076 2023 1128 2.

377 1164 457 1216 Eo
503 1163 833 1232 imperante
884 1164 1192 1218 Masalmas
1241 1166 1703 1219 Sarracenorum
1750 1162 2026 1235 princeps

380 1253 782 1306 Romanorum
830 1251 1042 1306 ditioni
1077 1253 1297 1307 bellum
1354 1253 1575 1310 intulit.
1636 1254 1899 1321 Cumque
1953 1250 2026 1305 ad

378 1341 680 1394 Amorium
716 1343 1097 1412 pervenisset,
1129 1344 1303 1398 Leoni
1328 1345 1529 1398 Isauro
1562 1344 1623 1397 in
1654 1343 1808 1397 hanc
1838 1341 2021 1411 scrip-

378 1429 819 1485 sitsententiam
845 1431 959 1486 :Ad
981 1439 1032 1486 te
1050 1432 1303 1503 pertinet
1326 1436 1653 1488 Romanum
1677 1429 2020 1502 imperium:

372 1519 526 1583 veni,
568 1526 626 1574 et
656 1519 725 1574 de
759 1538 902 1591 pace
934 1522 1362 1593 colloquemur.
1419 1522 1574 1577 Misit
1604 1538 1742 1593 ergo
1777 1519 1850 1575 ad
1881 1535 2019 1574 eum

375 1608 598 1680 legatos
633 1610 742 1665 Leo
764 1628 1091 1683 pacemque
1108 1604 1440 1684 composuit
1464 1628 1476 1677 ;
1501 1617 1559 1667 et
1587 1612 1912 1681 imperator
1932 1625 2022 1664 sa-

379 1700 598 1757 lutatus
631 1703 888 1759 maximo
919 1721 1051 1759 cum
1085 1705 1345 1760 exercitu
1376 1704 1448 1759 ad
1495 1703 1897 1760 Nicomediam
1928 1718 2026 1756 ve-

376 1792 498 1851 nit:
535 1792 735 1863 ibique
755 1793 1063 1848 Theodosii
1088 1794 1274 1849 tilium
1307 1794 1636 1855 otI'endens.
1663 1810 1855 1865 pugna
1884 1806 2023 1845 con-

375 1899 634 1954 gressus,
666 1883 824 1938 hunc
855 1901 988 1939 cum
1015 1886 1175 1939 omni
1225 1886 1601 1957 imperatoris
1653 1886 2024 1956 supellectile

375 1986 443 2024 ac
484 1971 679 2042 palatii
715 1974 1057 2044 proceribus
1090 1975 1148 2029 in
1184 1991 1349 2030 suam
1384 1981 1731 2046 potestatem
1776 1975 2020 2047 redegit.

374 2054 514 2115 Inde
543 2062 934 2133 Chrysopolin
991 2064 1169 2117 venit.
1229 2063 1593 2118 Theodosius
1623 2069 1820 2118 autem
1854 2064 1927 2119 ab
1958 2079 2026 2119 eo

376 2148 485 2203 sibi
517 2151 895 2206 securitatem
946 2151 1263 2223 stipulatus
1294 2154 1542 2225 imperio
1573 2153 1773 2217 cessit,
1804 2153 2027 2209 factus-

376 2255 490 2309 que
520 2245 608 2295 est
644 2256 763 2295 una
784 2257 917 2295 cum
951 2241 1071 2296 ﬁlio
1104 2241 1371 2298 clericus.
1406 2243 1539 2297 Fuit
1569 2242 1663 2297 hic
1687 2242 1864 2297 etiam
1898 2242 2026 2298 auri

378 2329 648 2400 scriptor.
683 2332 942 2385 Mortuus
974 2338 1063 2386 est
1090 2331 1327 2403 Ephesi.
1361 2338 1419 2388 et
1449 2332 1602 2387 infra
1632 2337 1850 2388 terram
1884 2349 2027 2388 con-

375 2417 531 2473 ditus
586 2420 646 2473 in
705 2418 843 2476 fano
904 2421 1091 2476 sancti
1150 2421 1428 2493 Philippi.
1492 2420 1641 2477 788
1700 2422 2018 2495 Inscripsit

382 2525 487 2563 suo
520 2509 835 2581 sepulcro:
884 2512 1132 2567 Sanitas.
1191 2511 1440 2576 Quidam
1489 2512 1821 2568 incolarum
1865 2512 2031 2568 aiunt

383 2615 517 2655 eum
550 2600 835 2656 miracula
864 2601 1142 2658 edidisse.

452 2780 634 2832 Porro
668 2778 977 2833 Masalmas
1007 2779 1356 2851 Pergamum
1391 2779 1631 2835 adortus
1676 2780 1849 2852 cepit.
1883 2785 2029 2837 Nam

382 2866 664 2937 oppidani
700 2867 861 2938 magi
914 2868 1225 2939 cujusdam
1284 2869 1569 2925 instinctu
1626 2875 2029 2942 prmgnantem

384 2958 695 3014 mulierem
727 2959 1151 3028 dissecuerant,
1186 2960 1444 3032 fuetuque
1476 2962 1535 3016 in
1568 2960 1782 3017 carabo
1813 2960 2030 3016 elixato

380 3054 672 3119 quotquot
728 3049 984 3105 militare
1016 3050 1256 3109 vellent.
1290 3050 1351 3105 in
1386 3051 1748 3106 exsecrando
1780 3050 1892 3105 hoc
1942 3068 2031 3105 sa-

375 3138 596 3195 crificio
654 3141 917 3196 manicas
977 3140 1323 3197 dextrarum
1377 3157 1620 3196 suarum
1669 3140 2026 3195 intexerant.

2206 1067 2491 1133 Θεοδόσιος
2548 1070 2804 1146 βασιλεὺς
2857 1075 3144 1150 Ῥωμαίων
3174 1075 3266 1149 ἔτη
3302 1080 3369 1154 β’,
3431 1079 3528 1152 ἐφ’
3590 1082 3655 1136 οὗ
3688 1084 3802 1139 Μα-

2136 1159 2348 1231 σαλμᾶς
2406 1161 2434 1214 ὁ
2482 1166 2591 1215 τῶν
2665 1169 2995 1238 Σαρακηνῶν
3053 1165 3307 1242 ἀρχηγὸς
3402 1170 3806 1245 ἐπεστράτευσε

2132 1250 2268 1304 κατὰ
2315 1249 2627 1324 Ῥωμαίων.
2688 1251 2790 1307 Καὶ
2857 1254 2995 1317 πηεὸς
3051 1255 3116 1309 τὰ
3177 1255 3317 1329 μέρη
3375 1264 3481 1314 τοῦ
3516 1259 3804 1336 Ἀμωρίου

2134 1338 2429 1417 γενόμενος
2488 1339 2680 1417 γράψει
2750 1344 2900 1412 ,πρὸς
2983 1342 3183 1400 Λέοντα
3250 1353 3359 1402 τῶν
3417 1350 3805 1407 Ἀνατολικῶν

2135 1429 2461 1503 στρατηγὸψ
2495 1434 2561 1484 ’Β
2616 1427 2864 1502 βασιλεία
2913 1436 3018 1487 τῶν
3072 1436 3358 1505 Ῥωμαίων
3416 1459 3511 1493 σοι
3547 1439 3799 1512 ἁρμόζει,

2137 1517 2296 1580 Ἐλθὲ
2334 1521 2427 1572 οὖν
2458 1520 2546 1591 [Ρ.
2588 1521 2715 1593 450]
2772 1520 2860 1575 καὶ
2912 1519 3232 1595 λαλήσομεν
3256 1527 3321 1581 τὰ
3352 1527 3498 1603 πρὸς
3563 1529 3800 1599 εἰρήνην.

2133 1607 2193 1664 Ὀ
2239 1605 2296 1661 δὶ
2352 1609 2489 1682 πρὸς
2546 1608 2706 1663 αὐτὸν
2766 1609 3088 1674 ἀποστείλας
3139 1613 3381 1678 ὑπάτους
3435 1619 3536 1672 καὶ
3606 1616 3803 1693 λόγους

2135 1696 2360 1770 εῗρήνης
2414 1699 2809 1770 ποιησάμενος,
2866 1700 2960 1758 καῖ
3012 1704 3089 1767 ὡς
3149 1707 3406 1780 βασιλεὺς
3471 1710 3798 1787 φημισθεῖς,

2133 1785 2218 1841 ἐπὶ
2242 1788 2342 1856 τὴν
2375 1787 2750 1860 Νικομῄδειαν
2778 1787 2995 1866 ἔρχεται
3030 1793 3166 1865 μετᾶ
3215 1785 3495 1853 πλείστου
3545 1802 3799 1872 στρατοῦ.

2134 1874 2391 1951 Ἐνῇτῷ
2420 1882 2515 1932 τοῦ
2563 1876 2854 1934 Θεοδοσίου
2913 1882 3016 1953 υἱῷ
3073 1885 3384 1960 περιτυχὼν
3441 1887 3500 1942 ἐν
3566 1885 3799 1961 πολέμῳ

2130 1967 2218 2019 καί
2243 1966 2648 2040 χειρωσάμενος
2674 1968 2810 2040 μετᾶ
2837 1976 2938 2038 τῆς
2969 1971 3259 2046 βασιλικῆς
3320 1976 3635 2052 ὑπηρεσίας
3692 1979 3797 2050 (43)

2131 2056 2310 2125 πάσης
2338 2056 2423 2111 καὶ
2459 2060 2567 2111 τῶν
2598 2055 2651 2112 ἔν
2678 2056 2823 2114 τέλει
2870 2064 2969 2114 τοῦ
3026 2059 3315 2133 παλατίου,
3363 2062 3795 2139 καταλαμὸὶνει

2130 2144 2230 2213 τήν
2282 2146 2652 2219 Χρυσόπολιν.
2713 2147 2772 2204 Ὀ
2825 2144 2881 2203 δὲ
2930 2147 3219 2214 Θεοδόσιος
3280 2152 3485 2228 λόγους
3538 2155 3797 2216 ἆπαθειας

2134 2240 2263 2307 παρ’
2292 2233 2458 2289 αὐτοῦ
2486 2230 2673 2290 λαϐὼν
2703 2239 3101 2313 παρεχώρησεν
3134 2240 3281 2313 αὖτῷ
3324 2251 3425 2311 τῆς
3483 2241 3792 2320 βασιλείας,

2135 2323 2401 2399 κληρικὸς
2434 2323 2528 2378 σὺν
2558 2329 2638 2397 τῷ
2668 2326 2771 2396 υἱῷ
2810 2328 3118 2402 γενόμενος.
3150 2329 3323 2393 Οὗτος
3381 2333 3449 2402 ἦν
3509 2333 3608 2388 καὶ
3664 2352 3797 2407 χρυ-

2137 2413 2405 2489 σογράφος
2476 2415 2609 2488 (44).
2673 2414 2917 2487 Τελευτᾷ
2974 2415 3030 2473 δὲ
3074 2419 3127 2477 ὲν
3161 2423 3387 2498 Ἐρέσῳ,
3449 2424 3546 2478 καί
3593 2423 3792 2485 τίθεται

2135 2500 2187 2593 εν
2218 2506 2297 2575 τῷ
2326 2506 2440 2593 ναῷ
2461 2508 2559 2558 τοῦ
2594 2505 2652 2560 Ἀ
2669 2504 2781 2578 (ίου
2812 2504 3097 2563 Φιλίππου
3139 2508 3245 2564 ὐπὸ
3300 2519 3429 2590 γῆν,
3482 2513 3688 2593 γράφει
3741 2510 3793 2564 δὲ

2136 2590 2187 2645 ἐν
2244 2595 2324 2662 τῷ
2377 2591 2533 2671 τάφῳ
2581 2592 2768 2650 αὐτοῦ·
2827 2596 3020 2670 Ὑγεία.
3073 2597 3304 2677 Λέγουσι
3358 2599 3416 2656 δέ
3472 2590 3627 2664 τινες
3683 2604 3784 2656 τῶν

2136 2680 2397 2736 ἐντοπίων
2430 2690 2861 2762 θαυματουργεῖν
2892 2686 3070 2748 αὐτόν.

2206 2769 2419 2857 Ἐλθὼν
2479 2769 2537 2827 δὲ
2590 2772 2896 2847 Μασαλμᾶς
2959 2777 3013 2831 ἐν
3068 2780 3337 2857 Περγάμῳ
3391 2781 3602 2852 ταύτην
3660 2798 3783 2853 παρ-

2137 2856 2360 2916 έλαϐεψ
2402 2861 2716 2938 εἷσηγῆσεσι
2779 2864 2882 2940 γάρ
2946 2887 3095 2930 τινος
3156 2870 3332 2947 μάγου
3387 2870 3706 2947 ἐνέγκαντες
3734 2867 3785 2922 οἱ

2134 2957 2234 3019 τῆς
2286 2948 2503 3013 πόλεως
2582 2949 2772 3027 ἔγκυον
2831 2961 3054 3030 γυναῖκα
3106 2957 3307 3030 ταύτην
3378 2960 3645 3034 ἀνέτεμον
3698 2955 3781 3014 καί

2134 3039 2197 3095 τὸ
2254 3040 2452 3118 βρέφος
2509 3039 2561 3097 ἐν
2614 3037 2838 3117 κακάϐῳ
2897 3044 3193 3120 ἑψήσαντες
3250 3048 3324 3110 εἷς
3368 3042 3472 3118 τὴᾁ
3528 3068 3778 3117 τοιαυτῃ

2138 3123 2525 3194 θεοϐδέλυκτον
2559 3133 2743 3195 θυσίαν
2779 3133 2974 3197 πάντες
3024 3136 3075 3191 oi
3131 3135 3392 3209 πολεμεῖν
3450 3138 3777 3216 βουλόμενοι

377 3232 700 3301 Eapropter
742 3232 904 3303 justo
958 3231 1059 3285 Dei
1112 3229 1341 3303 judicio
1400 3229 1672 3285 hostibus
1722 3234 1860 3284 sunt
1916 3234 2023 3285 tra-

2142 3221 2208 3278 τὰ
2238 3221 2459 3295 μανίκια
2477 3229 2577 3291 τῆς
2608 3219 2781 3294 δεξιᾶς
2806 3224 2995 3303 χειρὸς
3041 3227 3220 3282 αὐτῶν
3270 3208 3495 3301 ἔϐαψαν.
3554 3229 3778 3288 Κάντεῦ-

372 3320 501 3375 diti.

443 3497 613 3552 Anno
672 3498 880 3553 mundi
953 3500 1115 3567 6209,
1157 3497 1585 3553 incarnationis
1661 3497 1873 3554 divina:
1917 3497 2022 3552 703

375 3588 487 3642 Leo
518 3589 777 3654 Isaurus,
812 3588 910 3659 qui
938 3593 998 3643 et
1025 3588 1228 3643 Conon
1263 3592 1320 3643 et
1349 3586 1422 3643 ob
1454 3587 1714 3659 dejectas
1736 3587 2023 3660 imagines

371 3677 799 3732 Iconomachus
857 3678 1327 3749 cognominatur,
1378 3676 1694 3748 imperium
1752 3677 1905 3742 iniit,
1938 3683 2021 3732 te-

372 3766 618 3838 nuitque
649 3782 840 3821 annos
869 3767 959 3823 24.
993 3766 1201 3821 Paucis
1232 3772 1552 3837 antequam
1582 3766 1878 3838 imperare
1912 3766 2023 3821 Leo

355 3857 545 3929 carpit
577 3859 770 3927 annis,
804 3857 1030 3913 Hebraei
1067 3856 1309 3930 quidam
1369 3856 1655 3913 Laodicea
1707 3856 2023 3913 Phoenicia)

370 3948 603 4004 oriundi
662 3948 928 4004 Izethum
1004 3948 1259 4003 Arabum
1309 3948 1639 4019 principem
1692 3947 2021 4018 adiverunt,

370 4038 788 4109 promittentes
820 4038 873 4093 ei
925 4040 992 4092 40
1045 4054 1232 4093 annos
1282 4036 1631 4092 duraturum
1688 4036 1750 4091 in
1799 4036 2022 4092 Arabas

372 4127 710 4197 imperium.
746 4128 793 4181 si
827 4126 1193 4182 venerandas
1225 4132 1282 4180 et
1312 4126 1371 4181 in
1400 4124 1635 4197 templis
1667 4125 2025 4181 Christiano-

373 4231 506 4268 rum
540 4216 764 4269 honore
792 4216 980 4270 cultas
1011 4215 1301 4287 imagines
1332 4232 1438 4287 per
1466 4231 1706 4271 omnem
1739 4231 1905 4271 suam
1939 4214 2022 4269 di-

375 4303 595 4357 tionem
629 4302 948 4359 detrurret.
1010 4305 1362 4359 Persuasum
1421 4305 1531 4359 hoc
1571 4309 1661 4359 est
1710 4303 1871 4359 fatuo
1906 4305 2018 4360 lze-

373 4392 472 4445 tho
518 4397 577 4445 et
627 4391 930 4446 decretum
986 4392 1316 4448 universale
1391 4399 1600 4449 contra
1655 4393 2021 4450 venerandas

371 4481 660 4549 imagines
688 4480 1040 4552 composuit.
1076 4481 1186 4536 Sed
1235 4481 1429 4537 favore
1492 4483 1593 4537 Dei
1645 4489 1704 4538 et
1738 4482 2016 4555 depreca—

2133 3324 2219 3377 θεν
2270 3309 2451 3384 δικαίᾳ
2513 3316 2612 3368 τοῦ
2659 3318 2793 3368 Θεοῦ
2859 3315 3032 3390 κρίσει
3106 3323 3226 3380 τοῖς
3284 3318 3509 3395 ἐχθροῖς
3561 3313 3780 3395 παρεδό-

2134 3404 2321 3473 θησαν.

2202 3492 2422 3565 Κόσμου
2490 3488 2607 3554 ἔτος
2682 3494 2853 3569 ,ςσθᾎ
2908 3501 3009 3564 τῆς
3060 3494 3206 3559 θείας
3264 3498 3602 3575 σαρχώτεως
3660 3495 3763 3571 ᾧτ’.

2134 3581 2282 3637 Λὲων
2340 3582 2367 3637 6
2424 3581 2512 3636 καὶ
2584 3582 2784 3653 Κόνων,
2845 3585 2873 3639 6
2930 3584 3178 3659 ’Ὶσατρος
3239 3588 3334 3642 καὶ
3391 3587 3777 3663 ε”κονομὰχοςο

2134 3666 2483 3728 ἐϐασίλευσεν
2514 3669 2608 3741 ἔτη
2641 3668 2746 3730 κδ’.
2781 3675 2894 3748 Πρὸ
2944 3672 3152 3751 ὀλίγων
3206 3682 3369 3732 τινῶν
3425 3680 3642 3754 χρόνων
3688 3681 3778 3742 τῆς

2137 3759 2415 3837 βασιλείας
2454 3757 2689 3825 Λέοντος
2737 3757 2988 3840 Ἐϐραῖοί
3016 3785 3155 3829 τινες
3222 3764 3282 3822 ἐκ
3336 3764 3656 3828 Λαοδικείας
3684 3770 3774 3824 τῆς

2134 3850 2395 3921 Φοινίκης
2454 3850 2629 3921 ἦλθον
2678 3852 2816 3921 πρὸς
2876 3854 3022 3923 Ἰζῆθ
3079 3855 3170 3910 τὸν
3237 3854 3484 3931 ἀρχηγὸν
3520 3848 3775 3933 Ἀράϐων,

2132 3939 2597 4017 ἐπαγγελλόμενοι
2630 3939 2776 4015 αὐτῷ
2804 3938 2898 4013 ἔτη
2943 3946 3003 4016 μ’
3048 3952 3315 4017 κρατῆσαι
3370 3948 3472 4014 τῆς
3529 3939 3766 4021 Ἀράϐων

2132 4032 2312 4106 ἀρχῆς
2368 4029 2416 4085 εἴ
2470 4031 2565 4094 τὰς
2617 4030 2666 4086 ἐν
2724 4036 2842 4095 ταῖς
2919 4032 3210 4105 ἐκκλησίας
3269 4040 3377 4092 τῶν
3432 4038 3767 4109 Χριστιανῶν

2128 4121 2445 4195 τιμωμένας
2472 4122 2667 4183 σεπτᾶς
2724 4121 2937 4185 εἰκόνας
2988 4122 3039 4179 ἐν
3091 4123 3234 4200 πάσῃ
3288 4123 3359 4199 τῇ
3409 4124 3559 4201 ἀρχῇ
3614 4124 3765 4191 αὐτοῦ

2128 4207 2421 4265 καταλύσει
2446 4253 2460 4266 .
2518 4208 2741 4272 Τούτοις
2797 4212 3036 4275 πεισθεῖς
3069 4213 3097 4268 ὁ
3130 4214 3360 4285 ἀνόητος
3417 4214 3566 4285 Ἰζήθ
3598 4211 3766 4286 δόγμα

2128 4296 2421 4363 καθολικὸν
2468 4297 2776 4378 ἐψηφίσατο
2831 4302 2969 4356 κατὰ
3032 4305 3141 4356 τῶν
3202 4302 3366 4378 ἁγίων
3421 4303 3512 4358 καὶ
3573 4302 3764 4359 σεπτῶν

2129 4385 2370 4442 εἰκόνων.
2417 4384 2588 4443 Ἀλλὰ
2616 4385 2805 4464 χάριτι
2859 4389 3095 4463 Χριστοῦ
3148 4390 3238 4445 καὶ
3290 4397 3405 4455 ταῖς
3463 4388 3762 4460 πρεσϐείαις

2127 4484 2227 4545 τῆς
2256 4475 2528 4552 πανάγνου
2561 4474 2828 4531 Θεοτόκου
2873 4477 2964 4532 καὶ
3022 4478 3232 4536 πάντων
3266 4486 3377 4536 τῶν
3443 4482 3613 4559 ἁγίων
3654 4499 3762 4535 ουν-

371 4569 633 4626 tionibus
664 4569 928 4641 Deiparaa
972 4569 1360 4641 omniumque
1419 4570 1688 4627 divorum
1746 4574 2019 4628 effectum

2139 4566 2320 4639 τόμως
2340 4565 2615 4636 τεθνηκὼς
2642 4565 2705 4621 o6
2765 4564 3068 4642 διαπέμψαι
3134 4567 3265 4625 αὒτὸ
3296 4567 3539 4642 ἠδυνήθη
3574 4572 3648 4632 εἷς
3674 4568 3761 4635 τήν

373 4667 463 4717 est
493 4666 557 4716 ut
586 4660 763 4716 celeri
794 4666 980 4716 morte
1006 4667 1336 4732 praeventus
1367 4660 1524 4732 {ante
1550 4662 1769 4717 exitum
1803 4663 2021 4735 quippe

372 4752 510 4808 anni
543 4752 741 4807 divina
771 4767 902 4807 eum
958 4750 1215 4806 vindicta
1265 4750 1477 4823 attigit)
1508 4750 1564 4805 id
1600 4768 1705 4822 per
1733 4768 1899 4808 suam
1931 4752 2019 4807 dio

370 4843 593 4898 tionem
609 4858 729 4897 non
749 4839 1288 4896 dimitteret.Filius
1301 4858 1481 4912 regno
1506 4841 1725 4912 potitus
1748 4840 2023 4896 Hebra‘os

371 4931 651 4987 dimissos
683 4937 748 4986 ut
785 4931 1140 5002 impostores
1197 4947 1410 4986 necare
1464 4930 1685 4995 voluit;
1744 4928 1901 5001 quod
1934 4930 2021 4985 illi

375 5022 701 5077 sentientes
726 5020 952 5093 profugi
972 5021 1032 5075 in
1051 5020 1338 5075 Isauriam
1370 5018 1754 5073 deﬂexerunt.
1779 5019 1863 5073 Ibi
1887 5035 2019 5074 cum

378 5125 439 5163 se
470 5109 544 5164 ad
589 5110 812 5165 fontem
872 5108 1190 5180 quemdam
1249 5108 1689 5181 refrigerarent,
1750 5108 1897 5163 τευ
1930 5126 2022 5164 su-

374 5199 639 5268 pervenit
691 5201 802 5255 Leo
833 5197 1317 5256 adolescentulus
1374 5198 1699 5253 etiamnum
1729 5197 2023 5255 formosus

2133 4654 2472 4729 ἐπικράτιιαν
2556 4655 2742 4711 αὑτοῦ·
2823 4653 2976 4711 οὔπω
3060 4658 3164 4733 γὰρ
3233 4656 3452 4726 διῆλθεν
3514 4656 3759 4721 ἐνιαυτὸς,

2132 4746 2220 4802 καὶ
2252 4748 2286 4816 ἡ
2321 4745 2435 4809 θεία
2462 4743 2586 4809 δίκη
2648 4744 2915 4821 μετῆλθεν
2974 4746 3155 4804 αὐτόν.
3218 4747 3291 4803 Οὖ
3321 4751 3349 4804 ὁ
3380 4750 3495 4813 υἱὸς
3526 4753 3626 4821 τὴν
3654 4750 3765 4823 ἠγε-

2136 4834 2324 4908 μονίαν
2358 4833 2642 4909 δεξάμενος
2693 4836 2767 4898 ὡς
2821 4833 3215 4911 ψευδομάντεις
3263 4838 3454 4901 αὐτοὺς
3502 4835 3759 4906 ἐϐουλήθη

2132 4929 2465 4985 ἀποκτεῖναι.
2550 4930 2721 5003 Ὅπερ
2807 4930 3072 5001 μαθόντες
3148 4930 3464 5006 ἀνέκαμψαν
3532 4930 3589 4987 ἐν
3662 4929 3762 4987 τοῖς

2132 5020 2454 5093 Ἰσαυρικοῖς
2486 5016 2722 5092 μέρεσιν.
2758 5017 2853 5077 Εἷς
2883 5020 3070 5093 πηγὴ
3112 5016 3169 5075 δέ
3222 5042 3345 5076 τινα
3391 5021 3764 5098 ἀναψυχόντιιιν

2131 5108 2332 5175 αὐτῶν,
2366 5104 2489 5162 ἴδου
2544 5105 2703 5172 οὗτος
2752 5108 2780 5164 6
2813 5107 2962 5163 Λέων
3020 5108 3297 5172 νεανίσκος
3353 5106 3431 5164 ἔτι
3490 5107 3583 5179 ὢν,
3614 5105 3758 5167 καλὸς

2128 5202 2208 5270 τῷ
2266 5193 2397 5253 εἷ’δει
2454 5198 2543 5253 καὶ
2601 5197 2851 5272 εὐμήκης
2904 5202 2983 5270 τῷ
3052 5197 3298 5272 σώματι,
3358 5199 3623 5276 βάναυσος
3669 5197 3754 5265 τὴν

1565 5323 1926 5381 XYLANDRI
1982 5325 2070 5380 ET
2099 5324 2316 5380 GOARI
2367 5324 2588 5380 NOTAE.

450 5452 564 5535 (62)
656 5454 856 5535 Nuper
949 5451 1247 5535 στρατηγὸς
1335 5450 1410 5535 εἰς
1494 5451 1561 5505 τὰ
1642 5444 2026 5535 καξαλλαρικά

377 5521 619 5600 dictus,
675 5521 868 5596 primo
926 5521 1224 5597 σπαθαὶριυς
1260 5540 1273 5553 ⁸
1331 5522 1361 5578 6'
1421 5521 1823 5600 σωματοφοόλας
1882 5521 2021 5580 ἐστίν

592 5671 845 5726 Zonaras
876 5665 1170 5739 ἀποσκευῇ.
1206 5667 1382 5724 (ΞοΑιι,

2204 5453 2317 5529 (4ᾇ)
2348 5452 2435 5529 Λᾶ
2466 5452 2723 5529 verbum
2761 5452 2887 5508 hmo
2934 5452 3202 5509 obscura.
3262 5453 3515 5512 Zonaras
3546 5453 3754 5529 quidem

2134 5524 2507 5597 vectigalium
2566 5524 2938 5597 publicorum
2991 5532 3324 5581 exactorem
3398 5524 3752 5597 ante'impef

2133 5596 2290 5721 gum
2347 5596 2531 5654 fuisse
2568 5595 2578 5597 ἡ
2615 5597 2718 5655 ait.
2769 5597 2882 5654 Sed
2963 5596 3058 5653 hic
3114 5597 3291 5654 credo
3349 5600 3514 5657 aliud
3567 5595 3751 5657 notari.

2187 5682 2275 5723 η.
