4148 6212
402 226 524 287 865

1523 219 2079 285 HlSTORIARUM
2120 221 2658 291 COMPENDlUM.

3684 241 3806 319 866

405 361 607 435 τέχνην
638 357 728 414 καὶ
760 357 812 429 ἐξ
868 358 1033 427 αὐτῆς
1087 359 1188 428 τήν
1249 357 1392 428 ζωῆν
1431 356 1815 431 ποριζόμενος,
1845 357 1931 411 καὶ
1987 354 2047 411 ὲκ

2179 375 2230 415 ιο
2261 377 2508 431 procero
2537 382 2807 441 corpore,
2840 372 2940 442 qui
2973 390 3035 429 se
3067 373 3306 432 sordida
3335 384 3460 434 arte
3499 380 3716 454 alebat,
3746 392 3807 441 et

406 453 504 504 τοῦ
536 448 838 525 ὑποζυγίου
888 448 979 503 τὸν
1030 447 1231 527 φόρτον
1291 443 1684 521 περιελόμενος
1714 442 1924 510 ἐκάθισε
1965 447 2056 500 καί

384 537 571 598 -αύτὸς
628 536 718 592 ἐπὶ
770 540 839 611 τῇ
895 539 1054 613 πηγῇ
1105 536 1179 598 ὡς
1239 535 1573 612 ἀριστήσων.
1633 536 1774 593 Εἶτα
1832 536 1884 591 οἱ
1948 538 2059 590 τῶν

408 626 857 704 ἐγγαστριμύθων
893 626 1089 700 μύσται
1131 628 1230 681 τοῦ
1288 626 1542 700 κατάρξαι
1585 631 1685 695 τῆς
1741 626 2059 698 Ῥωμαῖκῆς

414 714 695 795 βασιλείας
726 720 836 771 τῶν
865 717 1160 791 σκήπτρων
1189 716 1370 789 τούτῳ
1420 713 1782 790 προλέγουσι.
1835 717 1866 772 Ἰ
1885 718 1948 769 οῦ
2005 711 2064 770 δὶ

415 809 637 870 Λέοντος
687 800 1164 877 ἀναϐαλλομένου,
1221 803 1661 882 πληροφορεῖται
1712 804 1802 859 ὕπ’
1859 804 2059 859 αὐτῶν.

416 894 480 951 Ο’ί
538 895 629 951 καὶ
677 892 917 950 α’τοῦσιν
984 895 1171 971 ὅρκον,
1230 893 1275 949 εἰ
1327 893 1403 956 εἰς
1480 893 1646 969 πέρας
1693 888 1826 967 ἔλθῃ
1878 896 2060 960 τοῦτο,

413 985 544 1058 ὅπερ
578 983 639 1039 ἄν
670 983 1001 1055 αἰτήσωνται
1052 984 1325 1055 ποιήσειν.
1359 985 1421 1057 [Ρ
1478 985 1604 1056 451]
1663 981 2065 1053 Πλησιάζοντος

413 1072 473 1130 δὲ
502 1074 672 1130 ἐκεῖσε
693 1076 823 1128 ναοῦ
851 1077 952 1129 τοῦ
1012 1073 1173 1150 ἁγίου
1226 1068 1517 1146 Θεοδώρου
1569 1069 1797 1142 ὃμνυσιν
1849 1069 2063 1136 αὐτοῖς,

411 1165 923 1239 ’Υποχωρησάντων
957 1161 1050 1217 οὗν
1103 1159 1453 1241 ἀμφοτέρων,
1515 1160 1618 1216 ὑπὸ
1660 1160 1907 1215 Σισινίου
1961 1180 2069 1214 πα-

409 1255 623 1328 τρικίου
648 1250 1099 1327 πρατολογεῖται
1144 1251 1175 1305 ὁ
1226 1252 1397 1306 Λέων.
1462 1250 1565 1305 Καὶ
1618 1249 1671 1305 ὲν
1728 1247 1907 1326 όλίγῳ
1963 1247 2068 1303 ὑπὸ

410 1340 703 1399 Ἰουστίνου
731 1344 830 1396 τοῦ
858 1341 1220 1412 Ῥινοτμήτου
1281 1339 1579 1413 σπαθάριος
1605 1341 1722 1412 (45)
1771 1337 2067 1414 γενόμενος

409 1430 485 1494 εἷς
509 1431 576 1486 τὰ
603 1430 859 1506 ’Βσπέρια
889 1428 1187 1503 πέμπεται,
1242 1428 1335 1483 καὶ
1365 1430 1594 1499 νικήσας
1626 1427 1732 1483 ὑπὸ
1776 1423 2066 1483 Θεοδοσίου

409 1520 710 1595 στρατηγὸς
737 1516 1038 1586 Ἀνατολῆς
1069 1516 1303 1589 γίνεται,
1332 1516 1424 1572 καὶ
1444 1522 1546 1587 τῆς
1572 1514 1859 1591 βασιλείας
1880 1519 2068 1592 κρατεῖ

410 1613 494 1681 τῷ
528 1607 913 1683 προειρημένῳ
939 1606 1156 1680 τρόπῳ.

486 1701 581 1769 Τῷ
626 1700 672 1769 β’
701 1692 810 1754 ἔτει
839 1692 1106 1753 κατελαϐε
1161 1695 1471 1781 Σουλεῖμᾶν
1541 1695 1675 1769 μετὰ
1716 1693 1915 1750 στόλου
1970 1694 2059 1749 καὶ
2095 1715 2142 1781 Β

418 1784 741 1863 ἀμηρὰίδων,
772 1787 863 1842 καὶ
895 1784 1203 1862 διεπέρασεν
1260 1784 1312 1858 ἐξ
1377 1779 1612 1840 Ἀϐύδου
1641 1782 1694 1839 ἐν
1728 1786 1798 1856 τῇ
1856 1781 2062 1858 Θρᾴκῃ.

414 1874 493 1935 05
522 1874 947 1947 τελευτήσαντος
1005 1874 1272 1950 ἀμηρεύει
1326 1872 1603 1947 Οὕμαρος.
1656 1877 1949 1946 Χειμῶνος
2009 1869 2067 1926 δὲ

418 1967 727 2043 βαρυτάτου
754 1965 1046 2042 γενομένου
1100 1963 1153 2020 ἐν
1207 1968 1277 2037 τῇ
1329 1971 1536 2039 Θρᾳκῃ,
1600 1963 1676 2024 ὡς
1715 1961 1805 2018 ἰπὶ
1857 1960 2067 2037 ἡμέρας

413 2053 601 2110 ἑκατὸν
666 2054 743 2126 μή
796 2059 1028 2130 φανῆναι
1082 2058 1184 2128 γῆν
1246 2050 1307 2107 ἑκ
1380 2057 1484 2122 τῆς
1547 2047 2064 2123 κρυσταλλωθείσης

413 2142 627 2223 χιόνος,
658 2140 871 2211 πλῆθος
899 2139 1089 2197 ’ίππων
1128 2161 1189 2196 τε
1241 2140 1330 2195 καὶ
1395 2138 1669 2212 καμήλων
1705 2138 1795 2194 καὶ
1853 2143 2063 2194 Αοιπῶν

414 2232 571 2301 ζώων
621 2236 730 2286 τῶν
797 2229 1011 2310 ἐχθρῶν
1048 2232 1359 2301 τεθνήκασι.
1410 2232 1503 2299 Τῷ
1559 2225 1619 2282 δὲ
1666 2227 1863 2303 ἰαρινῷ
1890 2232 2066 2304 καιρῷ

415 2315 684 2377 κατέλαϐε
716 2323 971 2398 Σουφιὰμ
1002 2318 1139 2392 μετᾶ
1182 2322 1280 2374 τοῦ
1337 2315 1390 2372 ἐν
1445 2316 1702 2394 Αἰγύπτῳ
1762 2318 2065 2379 κτισθὲντος

417 2410 643 2476 στόλου,
664 2409 755 2464 καὶ
787 2410 1168 2485 προσώρμισεν
1221 2407 1297 2468 εἷς
1350 2405 1445 2461 τὸν
1499 2409 1598 2462 τοῦ
1648 2403 1837 2463 Καλοῦ
1865 2406 2065 2479 Ἀγροῦ

419 2496 640 2569 λιμένα.
673 2499 805 2555 Μετ’
836 2495 898 2554 οὓ
930 2495 1075 2553 πολὺ
1100 2496 1191 2551 καὶ
1253 2496 1399 2566 Ἰζήθ
1461 2495 1580 2569 μεθ’
1648 2495 1835 2569 ἕτερου
1865 2493 2066 2551 στόλου

416 2588 728 2651 κτισθέντος
781 2586 837 2643 ἰν
894 2588 1130 2664 Ἀφρικῇ
1187 2584 1276 2640 καὶ
1334 2583 1498 2649 αὐτὸς
1554 2583 1936 2659 προσώρμισεν
1988 2583 2065 2646 εἰς

413 2673 505 2729 τὸν
538 2674 774 2749 Σάτυρον
805 2672 895 2728 καὶ
924 2672 1017 2729 τὸν
1050 2670 1292 2746 Βρύαντα
1338 2668 1429 2725 καὶ
1482 2668 1587 2731 ἓως
1624 2669 1838 2744 Κάρτου
1903 2665 2064 2742 λιμέ-

415 2782 531 2825 νος.
566 2762 634 2821 Οἱ
677 2760 861 2837 μέντοι
913 2765 1021 2816 τῶν
1083 2758 1180 2814 δύο
1234 2758 1443 2814 τούτων
1504 2755 1718 2813 στόλων
1775 2755 2067 2832 Αἰγύπτιοι

413 2853 529 2908 καθ’
569 2850 791 2914 ἑαυτοὺς
844 2849 1271 2927 βουλευσάμενοι
1326 2847 1519 2902 νυκεὸς
1576 2845 1833 2916 εῗσῆλθον
1889 2845 1945 2900 ἂν
1995 2849 2065 2920 τῇ

413 2938 576 2996 πόλει
603 2941 695 2996 τὸν
733 2939 961 3014 βασιλέα
990 2939 1369 3011 εὐφημοῦντες
1425 2938 1562 3009 (46),
1622 2933 1764 2990 ὣστε
1805 2934 1911 2989 ἀπὸ
1966 2941 2068 3005 τῆς

2175 451 2507 520 prandendi
2539 458 2726 525 gratia
2764 459 2909 515 fonti
2945 463 3067 533 ipse
3117 482 3353 536 quoque
3400 471 3667 528 assidens

2162 544 2428 595 mentum
2464 559 2642 600 onere
2693 545 2861 602 levat.
2918 550 3063 606 Huic
3111 551 3198 606 illi
3247 555 3419 625 genio
3468 544 3809 618 vaticinium

2166 635 2512 699 suggerente
2544 634 2873 704 praedicunt
2903 637 3026 692 fore
3058 646 3122 694 ut
3172 642 3570 708 Romanorum
3621 650 3810 722 impe~

2164 714 2253 770 rio
2286 717 2564 787 potiatur,
2589 725 2947 796 negantique
2970 744 3213 798 prorsus
3239 730 3415 787 ﬁdem
3446 736 3530 790 rei
3562 714 3809 795 faciunt.

2164 804 2409 862 Interim
2432 810 2775 880 juramento
2803 830 2938 870 eum
2959 816 3204 891 adigunt
3249 821 3298 875 si
3348 821 3507 879 hunc
3538 833 3810 884 eventum

2166 911 2263 950 res
2290 898 2418 968 ejus
2442 899 2777 970 habuerint,
2802 903 3090 961 factorum
3112 909 3269 979 quod
3289 910 3362 965 ab
3387 928 3455 967 eo
3478 914 3587 985 ipsi
3618 923 3815 986 postu-

2166 985 2344 1042 laturi
2378 996 2593 1044 essent.
2622 992 2846 1048 Juravit
2874 996 2957 1050 eis
2990 996 3101 1053 hoc
3130 999 3204 1054 ad
3232 1000 3434 1058 fanum
3459 985 3819 1063 beatiiTheo-

2167 1074 2319 1144 dori,
2354 1077 2512 1149 quod
2540 1087 2666 1136 erat
2724 1082 2786 1137 in
2839 1085 3125 1154 proximo.
3189 1089 3472 1162 Digressis
3519 1095 3592 1150 iis
3641 1097 3751 1152 Leo
3782 1114 3818 1153 a

2169 1164 2430 1222 Sisinnio
2461 1168 2708 1239 patricio
2767 1171 2827 1226 in
2877 1175 3197 1231 exercitum
3244 1180 3571 1249 asciscitur,
3622 1202 3815 1257 neque

2168 1253 2356 1310 multo
2383 1261 2517 1327 post
2545 1275 2581 1314 a
2606 1260 2940 1317 Justiniano
2972 1263 3306 1322 Rinotmeto
3339 1270 3675 1339 spatharius
3719 1253 3816 1330 ia-

2168 1348 2319 1405 ctus,
2350 1347 2572 1417 potitus
2602 1348 2866 1417 victoria,
2898 1368 2933 1407 ει
2962 1353 3285 1411 Theodosio
3316 1356 3531 1414 deinde
3560 1362 3818 1419 Orientis

2170 1432 2289 1488 dux
2320 1442 2572 1505 creatus,
2606 1437 2924 1510 imperium
2953 1458 3070 1512 quo
3101 1442 3360 1502 diximus
3391 1449 3564 1505 modo
3609 1468 3818 1508 consc-

2170 1529 2343 1579 cutus
2372 1529 2481 1580 est.

2240 1685 2413 1739 Anno
2445 1685 2706 1741 secundo
2737 1688 3017 1762 Solyman
3069 1710 3204 1750 cum
3251 1699 3511 1754 exercitu
3560 1706 3618 1755 et
3665 1720 3820 1774 prae-

2170 1771 2445 1829 fectisab
2477 1774 2681 1845 Abydo
2738 1777 2799 1833 in
2862 1780 3174 1838 Thraciam
3232 1794 3322 1841 est
3366 1771 3684 1859 profectus:
3738 1795 3817 1848 Eo

2171 1865 2405 1916 mortuo
2435 1878 2670 1920 ameras
2720 1865 2790 1931 (is
2826 1884 3073 1925 summa)
3120 1872 3207 1927 rei
3254 1880 3489 1950 praeest)
3534 1881 3820 1936 successit

2174 1949 2441 2006 Umarus.
2501 1952 2645 2009 Cum
2706 1960 2903 2012 autem
2968 1959 3491 2022 vehementissima
3550 1974 3704 2023 esset
3761 1969 3823 2025 in

2171 2037 2418 2095 Thracia
2443 2040 2653 2101 hiems.
2677 2043 2761 2099 ita
2792 2051 2858 2101 ut
2890 2063 3008 2118 praa
3039 2049 3173 2105 nive
3204 2051 3264 2107 in
3314 2053 3566 2125 glaciem
3614 2055 3824 2115 durata

2171 2143 2281 2199 per
2317 2136 2557 2186 centum
2616 2132 2743 2190 dies
2803 2141 2961 2192 terra
3016 2139 3199 2195 videri
3254 2145 3553 2216 nequiret,
3613 2164 3825 2221 magna

2173 2217 2481 2274 hostilium
2503 2226 3187 2292 equorum,camelorum
3210 2230 3584 2305 aliorumque
3600 2217 3824 2293 anima-

2169 2304 2318 2359 lium
2345 2308 2663 2364 multitudo
2690 2310 2936 2369 interiit.
2965 2315 3153 2370 Verno
3175 2324 3441 2391 tempore
3464 2304 3820 2394 Suphiamus

2170 2411 2307 2451 cum
2338 2402 2544 2468 parata
2568 2398 2630 2453 in
2659 2401 2902 2472 Egypto
2932 2403 3124 2460 classo
3156 2407 3231 2461 ad
3279 2416 3513 2480 portum
3567 2414 3820 2485 appulit,

2171 2484 2274 2556 qui
2309 2486 2449 2540 Boni
2503 2488 2640 2559 Agri
2693 2489 2929 2546 dicitur.
2981 2494 3163 2549 Paulo
3218 2502 3351 2568 post
3399 2484 3815 2559 lzethusicum

2169 2573 2289 2630 alia
2317 2575 2507 2632 classe
2538 2576 2599 2632 in
2629 2578 2827 2635 Africa
2854 2580 3104 2639 collecta
3161 2584 3455 2659 Satyrum,
3504 2591 3817 2662 Bryantem

2170 2669 2231 2720 et
2258 2663 2387 2720 loca
2415 2681 2548 2734 qum
2579 2674 2715 2722 sunt
2745 2685 2933 2741 usque
2965 2671 3042 2727 ad
3089 2674 3243 2729 (arti
3288 2683 3522 2748 portum
3571 2697 3820 2752 occupa-

2168 2753 2270 2808 vit.
2304 2755 2549 2827 Egyptii
2592 2763 2791 2814 autem
2841 2760 2943 2831 qui
2997 2762 3058 2819 in
3102 2769 3355 2836 utraque
3402 2768 3590 2824 classe
3632 2777 3821 2839 erant,

2174 2845 2327 2900 790
2356 2845 2606 2900 seorsim
2639 2847 2785 2902 inito
2814 2850 3087 2919 consilio,
3121 2860 3304 2910 noctu
3344 2856 3418 2911 ad
3471 2857 3677 2914 urbem
3723 2876 3820 2915 ac-

2173 2941 2501 2999 cesserunt,
2536 2936 2956 3009 imperatorem
2995 2940 3205 2997 faustis
3249 2943 3611 3002 clamoribus
3660 2965 3825 3003 com-

411 3030 633 3104 Ἱερείας
664 3027 830 3105 μέχρι
859 3036 960 3098 τῆς
1012 3025 1228 3089 πόλεως
1254 3028 1397 3131 ε“(47)
1455 3022 1724 3131 ὁλόξυλρν
1779 3022 2057 3131 φαίνεσθαι

2179 3023 2491 3095 pellanteo.
2524 3023 2673 3081 adeo
2704 3031 2768 3081 'ut
2795 3044 2955 3084 mare
2977 3030 3049 3085 ab
3081 3031 3290 3088 Hierea
3311 3050 3498 3105 usque
3520 3035 3593 3090 ad
3618 3036 3823 3092 urbem

412 3119 515 3189 τήν
573 3117 866 3182 θάλασσαν.
924 3120 1193 3178 Ἕκαστος
1251 3112 1308 3171 δὲ
1361 3119 1472 3170 τῶν
1522 3114 1787 3170 τοιούτων
1848 3113 2059 3168 στόλων

414 3207 642 3285 στρατὸν
724 3208 874 3282 εἶχεν
961 3205 1327 3280 ἀναρίθμητον
1385 3203 1475 3259 καὶ
1543 3202 1714 3260 πλοῖα
1778 3203 1869 3257 καὶ
1922 3200 2071 3257 ὅπλα

412 3297 633 3371 ἆιιθμῷ
665 3297 743 3368 μή
806 3291 1253 3369 ὑποϐαλλόμενα.
1290 3293 1393 3351 Καὶ
1423 3297 1595 3350 ταῦτα
1646 3292 1821 3348 πάντα
1853 3290 1945 3347 διὰ
1971 3295 2072 3360 τῆς

418 3387 678 3463 βοηθείας
716 3390 813 3441 τοῦ
843 3384 1226 3464 εύσπλάγχνου
1282 3387 1417 3440 Θεοῦ
1461 3382 1552 3437 καὶ
1608 3386 1717 3437 τῶν
1768 3375 2070 3437 πεεσϐειῶν

416 3481 519 3544 τῆς
568 3474 834 3531 Θεοτόκου
886 3476 1023 3529 κατὰ
1077 3474 1169 3530 τὸν
1232 3474 1399 3529 τόπον
1455 3472 1523 3528 τὰ
1566 3484 1661 3543 μεν
1713 3465 2071 3539 ἐϐυθίσθηταν

422 3560 528 3616 ὑπὸ
556 3559 795 3635 ἀνέμων,
844 3561 912 3616 τὰ
951 3558 1006 3615 δὲ
1038 3559 1462 3633 ἐνεπρήσθησαν,
1521 3560 1613 3613 καὶ
1685 3557 1876 3618 πάντες
1934 3557 2090 3635 μετὲι⁵

416 3654 526 3706 τῶν
582 3649 793 3706 πλοίων
848 3649 1029 3706 αὐτῶν
1086 3646 1258 3724 ἃρδην
1316 3646 1630 3716 ἀπώλοντο,
1698 3645 2072 3720 πολεμοῦντες

422 3740 522 3807 τήν
550 3738 714 3795 πόλιν
748 3737 838 3794 ἐπὶ
887 3732 982 3810 ἔτη
1043 3735 1162 3793 δύο.
1228 3734 1398 3792 Πάλιν
1428 3732 1486 3791 δὶ
1520 3740 1619 3792 τοῦ
1667 3731 1925 3810 Μερδασᾶ
1977 3733 2072 3789 σῦν

419 3832 502 3901 τῷ
534 3832 745 3904 στρατῷ
775 3827 942 3883 αὐτοῦ
992 3829 1098 3883 ἀπὸ
1148 3830 1258 3881 τῶν
1318 3825 1509 3880 πυλῶν
1559 3821 1663 3887 ἕως
1705 3824 1927 3887 Νικαίας
1983 3823 2073 3880 καὶ

421 3914 797 3990 Νικομηδείας
829 3916 1244 3993 ἀνατρέχοντος,
1297 3915 1350 3970 o't
1406 3913 1458 3969 ἐν
1516 3918 1594 3985 τῷ
1652 3907 1792 3968 Λίϐα
1847 3913 1938 3967 καὶ
1993 3916 2073 3984 τῷ

424 4007 646 4078 Σόφωνι
745 4002 900 4076 δίκην
958 4002 1291 4078 Μαρδαῖτῶν
1365 4003 1732 4077 κρυπτόμενοι
1804 4003 2075 4075 Ῥωμαῖοι

424 4066 679 4171 {iuriam-qq
731 4066 964 4155 τούτους
1017 4066 1430 4169 ἐπιρρίπτοιτες
1504 4066 1592 4145 καί
1675 4087 1848 4145 πολὺν
1914 4066 2076 4164 ίρόνον

423 4185 543 4240 καθ’
600 4184 830 4255 ἑκάστην
882 4185 1169 4243 ποιοῦντες
1226 4177 1549 4251 ἀπεδίωξαν.
1599 4176 1824 4242 Ἀλλως
1878 4198 1938 4233 τε
1985 4177 2076 4234 καὶ

424 4267 599 4343 λιμοῦ
638 4271 837 4334 αὐτοὺς
865 4265 1269 4331 καταλαϐόντος
1326 4264 1564 4347 σφοδροῦ
1621 4266 1798 4323 πάντα
1849 4265 1917 4321 τὰ
1946 4268 2080 4336 θνή-

426 4380 627 4417 σκοντα
717 4366 827 4431 ζῶα
874 4362 1226 4431 κατήσθιον.
1287 4358 1427 4414 Φασὶ
1481 4354 1539 4412 δὲ
1585 4357 1670 4414 ’ότι
1756 4354 2075 4431 ἀνθρώπους

2179 3115 2366 3165 totum
2390 3109 2651 3183 ligneum
2677 3112 2988 3170 videretur.
3004 3117 3259 3188 Utraque
3273 3120 3479 3175 classis
3502 3123 3825 3178 exercitum

2176 3199 2428 3255 vehebat
2447 3201 2970 3271 innumerabilem,
2990 3222 3288 3278 navesque
3311 3215 3369 3264 et
3388 3226 3553 3266 arma
3575 3229 3827 3283 quorum

2180 3303 2414 3344 summa
2438 3288 2577 3343 iniri
2608 3307 2726 3346 non
2761 3300 2975 3363 posset.
3002 3300 3190 3366 Atque
3224 3297 3333 3353 hoc
3360 3300 3563 3354 omnia
3608 3301 3830 3356 auxilio

2179 3377 2583 3433 misericordis
2615 3380 2714 3434 Dei
2749 3388 2808 3436 et
2836 3381 3265 3440 intercessione
3305 3388 3570 3460 Deiparze
3620 3391 3828 3446 eodem

2178 3464 2309 3521 loco
2336 3466 2552 3537 partim
2583 3467 2853 3525 demersa
2877 3477 3015 3525 sunt
3044 3488 3077 3527 a
3097 3474 3285 3530 ventis
3310 3478 3524 3547 partim
3552 3478 3827 3536 incensa:

2180 3571 2506 3625 omnesque
2539 3571 2673 3611 cum
2706 3557 2831 3613 suis
2871 3560 3120 3616 navibus
3174 3565 3447 3633 protinus
3499 3570 3826 3638 perierunt,

2178 3659 2313 3699 cum
2334 3642 2644 3699 biennium
2676 3644 2881 3701 urbem
2914 3661 3372 3722 Oppugnasseut.
3424 3657 3649 3710 Rursus
3680 3659 3830 3711 Mor-

2178 3731 2401 3787 dasane
2432 3748 2565 3786 cum
2600 3732 2724 3787 suis
2753 3736 2940 3806 copiis
2971 3753 3005 3791 a
3037 3739 3196 3810 Pylis
3224 3741 3483 3797 Nicaeam
3532 3760 3721 3815 usque
3775 3751 3833 3800 et

2179 3818 2581 3875 Nicomediam
2616 3819 3057 3881 incursionibus
3085 3835 3412 3894 grassante.
3447 3831 3695 3886 Romani
3729 3833 3831 3903 qui

2178 3908 2242 3963 in
2276 3907 2414 3963 Liba
2442 3913 2500 3964 et
2529 3909 2805 3981 Sophone
2837 3911 3253 3971 Mardaitarum
3287 3923 3455 3973 erant
3494 3919 3555 3974 in
3605 3936 3829 3974 rnorem

2180 3996 2535 4054 absconditi.
2567 3997 2764 4053 subito
2798 4015 2898 4054 eos
2928 4001 3273 4060 invadentes
3304 4022 3636 4079 magnaque
3682 4025 3832 4080 quo-

2181 4086 2324 4142 tidie
2353 4086 2521 4142 clade
2551 4088 2880 4169 allicientes
2911 4091 3321 4165 proﬂigarunt.
3354 4096 3647 4153 Arabibus
3677 4114 3831 4169 prm-

2182 4181 2274 4232 ter
2302 4175 2427 4231 haec
2480 4181 2643 4232 tanta
2681 4178 2858 4234 etiam
2881 4178 3067 4237 fames
3098 4183 3387 4255 incubuit,
3418 4192 3484 4243 ut
3515 4189 3717 4244 omnia
3747 4190 3827 4244 vi-

2181 4265 2381 4321 ventia
2430 4264 2714 4321 animalia
2763 4266 3121 4326 devorarint.
3171 4272 3316 4329 Sunt
3362 4276 3461 4346 qui
3516 4276 3829 4334 hominum

2184 4370 2422 4426 quoque
2469 4353 2753 4411 cadavera
2798 4373 3022 4429 suaque
3066 4360 3328 4433 ipsorum
3386 4371 3649 4424 stercora
3695 4386 3830 4425 cum

420 4452 714 4512 τεθνεῶτας
770 4449 859 4505 καὶ
889 4450 989 4519 τήν
1041 4450 1249 4506 ἑαυτῶν
1302 4449 1509 4523 κόπρον
1568 4447 1660 4501 σὺν
1706 4443 1880 4521 ῥίζαις
1915 4446 2071 4520 βοτα-

2189 4441 2489 4499 radicibus
2536 4441 2853 4499 herbarum
2917 4431 3285 4508 tritis—elixa
3328 4470 3564 4511 vorasse
3607 4457 3829 4513 dicunt.

421 4542 531 4593 νῶν
561 4538 953 4613 τεθρυμμὲναις
982 4535 1208 4614 ἕψοντες
1265 4535 1480 4608 ἤσθιον.
1549 4535 1845 4608 Ἐνὲσκηψε
1873 4530 1930 4590 δὲ
1984 4534 2079 4589 αὐ-

428 4631 546 4687 τοῖς
571 4627 657 4681 καὶ
707 4624 942 4701 λοιμική
992 4627 1170 4693 νόσος,
1221 4627 1312 4681 καὶ
1377 4625 1729 4699 ἆναρίθμητα
1783 4623 1973 4695 πλήθη
2025 4622 2078 4696 ἐξ

434 4714 609 4770 αὐτῶν
643 4712 836 4772 ὤλεσε.
881 4720 1133 4792 Συνῆψαν
1193 4713 1251 4772 δὶ
1304 4716 1441 4789 πρὸς
1470 4714 1665 4776 αὐτοὺς
1692 4712 1782 4769 καὶ
1815 4714 1872 4768 οἱ
1902 4709 2080 4771 Βούλ-

430 4824 590 4882 γαροι
622 4804 888 4879 πόλεμον,
943 4807 1032 4862 καὶ
1085 4806 1415 4885 κατέσφαξαν
1477 4800 1737 4882 χιλιάδας
1800 4799 2074 4859 εἰκοσιδύο

2186 4534 2376 4590 Pestis
2406 4550 2642 4606 quoque
2675 4550 2774 4590 eos
2804 4538 3093 4609 corripuit
3120 4547 3180 4597 et
3197 4545 3646 4603 multitudinem
3667 4549 3837 4603 innu-

2185 4639 2413 4681 meram
2444 4623 2723 4695 pernidit.
2763 4624 2844 4679 Ad
2878 4626 3003 4684 haec
3032 4630 3262 4703 Bulgari
3294 4633 3451 4689 bello
3481 4643 3661 4698 moto,
3696 4645 3832 4692 Ara-

2185 4712 2327 4769 bum
2358 4715 2428 4767 22
2457 4711 2648 4767 millia
2672 4711 3117 4774 interfecerunt.
3150 4721 3346 4777 Multae
3379 4740 3552 4794 porro
3583 4723 3712 4780 alim
3744 4740 3835 4779 ca-

2186 4802 2485 4860 lamitates
2512 4801 2586 4858 iis
2616 4810 2958 4873 evenerunt,
2991 4812 3056 4862 ut
3102 4809 3244 4865 satis
3292 4810 3421 4885 ipsa
3468 4811 3835 4885 experientia

1604 4923 1966 4982 XYLANDRI
2021 4923 2109 4980 ET
2166 4920 2383 4979 COARI
2437 4919 2660 4978 ΝΟΤΔΞ.

499 5042 616 5113 (45)
646 5042 749 5099 Hic
782 5059 899 5099 non
929 5042 1315 5113 armigerum.
1359 5041 1462 5113 sed
1518 5040 1864 5113 dignitatem
1897 5037 2078 5113 aliam

428 5112 839 5194 ordinemque
863 5110 1204 5194 militarem,
1235 5112 1566 5194 significari.
1590 5110 1880 5194 apparet.
1932 5110 2078 5194 Nam

428 5190 487 5240 et
518 5186 1131 5265 protospathariorum
1163 5190 1355 5265 exstat
1384 5186 1608 5265 mentio
1640 5197 1803 5264 smpe.
1844 5186 2076 5265 iterata,

428 5261 487 5312 et
518 5252 773 5329 Sergius.
810 5257 909 5327 qui
943 5262 1152 5338 contra
1186 5255 1438 5338 Leonem
1474 5252 1848 5338 Isauruninin
1880 5252 2079 5338 Sicilia

427 5322 781 5383 seditionem
816 5322 1016 5396 movit,
1076 5326 1588 5397 protospathorius
1644 5323 1862 5397 dicitur
1899 5323 2073 5381 infra.

427 5398 495 5479 Et
537 5398 598 5479 in
656 5399 939 5479 Michaelo
988 5398 1169 5479 Balbo
1226 5395 1343 5479 duo
1400 5395 1859 5479 protospatbarii
1916 5401 2074 5458 sunt.

426 5468 716 5525 Photinus
744 5487 813 5527 ac
845 5471 1183 5534 Damianus,
1212 5468 1431 5541 aliique
1478 5468 1641 5541 alibi.
1694 5471 1941 5525 Ameras
1969 5484 2076 5524 seu

420 5540 746 5599 Amerades
777 5542 1053 5600 videntur
1075 5541 1215 5614 dici,
1233 5556 1382 5616 quos
1414 5540 1706 5599 Vuaschas
1734 5555 1896 5601 nunc
1908 5556 2078 5628 usur-

2187 5042 2352 5111 pant,
2384 5035 2674 5111 prmiecti.
2700 5037 2838 5093 XYL.

2258 5107 2591 5173 (46l'Locus
2622 5107 2928 5164 obscurus.
2988 5112 3069 5166 Ex
3118 5113 3283 5168 Pauli
3332 5116 3574 5172 Diaconi
3634 5116 3653 5172 1
3739 5136 3835 5175 χχι

2186 5180 2486 5273 colligitur
2512 5179 2655 5273 quid
2689 5180 2799 5234 sibi
2830 5181 2989 5273 velit.
3024 5183 3265 5273 ls‘enim
3299 5187 3505 5273 scribit
3542 5190 3837 5273 .Egyptias

2185 5250 2565 5332 classes'cum
2596 5250 2895 5332 frumento
2920 5256 3304 5329 transfugisse
3332 5260 3562 5332 Cpolin.
3600 5250 3839 5318 Videtur

2184 5321 2412 5385 aliquid
2442 5322 2613 5377 desse
2668 5321 2804 5387 XvL,

2254 5395 2369 5479 (4:1)
2401 5393 2860 5479 A-Propon‘tidos
2890 5410 3067 5467 supra
3105 5399 3312 5479 urbem
3347 5401 3635 5479 faucibus.
3669 5403 3836 5479 Ἱερόν

2186 5463 2526 5540 Straboni].
2559 5463 2638 5520 vn
2669 5470 2727 5520 et
2754 5464 2901 5540 ἱερὸν
2931 5463 3106 5537 στομα
3136 5470 3331 5529 dictis.
3368 5493 3470 5534 sex
3490 5463 3835 5536 milliarium

2185 5536 2376 5610 spatio
2406 5534 2482 5595 ad
2511 5535 2701 5611 ipsam
2733 5534 2922 5614 usque
2952 5534 3181 5601 urbem.
3213 5545 3390 5607 chi.
3608 5534 3613 5561 ³
