4148 6212
428 370 549 432 867
1781 345 2101 409 GEORGII
2143 344 2487 408 cannam
3718 347 3838 411 εδδ

429 510 646 563 testata
669 505 747 560 sit
764 500 932 559 urbis
950 497 1130 569 hujus
1153 500 1336 551 Deum
1360 496 1421 547 et
1438 486 1742 545 dominam
1768 484 2075 555 Deiparam

2202 474 2458 556 Ἀράϐων.
2493 479 2594 538 Καὶ
2627 477 2773 537 ἄλλα
2828 478 3012 537 πολλᾶ
3070 476 3261 551 συνέϐη
3323 481 3511 544 αὐτοῖς
3545 478 3719 550 δεινὰ,
3776 484 3854 549 ὡς

433 594 707 651 custodes
737 609 886 658 esse,
952 603 1146 658 neque
1198 600 1233 639 a
1290 584 1408 639 Deo
1456 576 1673 643 deseri,
1733 574 1835 646 qui
1883 574 2079 646 ipsum

429 700 564 740 vere
596 685 889 745 invocant,
909 679 1019 735 etsi
1045 671 1482 747 aliquantulum
1511 669 1587 725 ob
1609 672 1851 739 peccata
1875 669 2083 719 nostra

432 775 809 847 castigamur.

498 1048 618 1102 Hoc
674 1059 832 1100 anno
891 1038 1127 1111 Sergius
1183 1032 1623 1108 spathariorum
1679 1026 1959 1100 princeps
2008 1040 2078 1081 ac

428 1136 641 1195 Sicilia;
673 1131 1005 1206 prasfectus,
1052 1126 1195 1182 791
1242 1121 1444 1179 audito
1492 1119 1701 1174 urbem
1732 1133 1767 1172 a
1796 1116 2068 1170 Sarrace-

434 1226 529 1284 nis
560 1203 839 1290 obsideri,
863 1218 936 1274 de
963 1232 1205 1273 suorum
1227 1213 1513 1269 clientum
1536 1222 1785 1263 numero
1801 1203 2077 1259 Basilium

434 1313 752 1389 quemdam
784 1310 992 1377 civem,
1022 1301 1371 1375 Onomaguli
1411 1299 1623 1361 filium,
1676 1299 1902 1351 mutato
1950 1292 2078 1363 ejus

430 1383 497 1461 in
555 1400 853 1458 Tiberium
908 1395 1173 1462 nomine,
1231 1393 1655 1464 imperatorem
1727 1389 1934 1448 creat;
1975 1383 2077 1453 qui

428 1492 683 1552 consilia
720 1489 903 1561 Sergii
949 1491 1185 1543 secutus
1234 1481 1614 1555 magistratus
1661 1482 1721 1531 et
1768 1473 2078 1547 prmfectos

427 1601 463 1641 a
492 1600 555 1639 se
585 1578 910 1638 constituit.
947 1579 1064 1631 Hoc
1093 1573 1194 1630 ubi
1227 1573 1554 1644 imperator
1590 1565 1882 1639 cognovit,
1927 1564 2076 1618 Pau-

2189 567 2490 643 ἐπιγνῶναι
2530 573 2599 644 τῇ
2640 570 2798 644 πείρᾳ
2868 569 2961 625 τὸν
3037 570 3166 625 Θεὸν
3223 569 3315 625 καὶ
3379 572 3479 640 τήν
3557 570 3851 627 Δέσποιναν

2189 659 2453 715 Θεοτὸκον
2484 659 2755 735 φρουροὺς
2779 659 2916 715 ε”νιι
2945 658 3149 726 ταῖοτης
3188 665 3292 728 τῆς
3320 657 3562 724 πόλεως’
3616 661 3710 716 καὶ
3752 661 3850 716 οὐκ

2188 744 2330 803 ἔστιν
2358 748 2742 825 ἐγκαταλειψις
2779 747 2962 804 τελεία
3019 753 3156 804 Θεοῦ
3212 747 3265 803 ἐν
3324 754 3440 810 τοῖς
3496 747 3552 805 έν
3615 749 3845 821 ἀληθείᾳ

2189 835 2641 911 ἐπικαλουμένοις
2672 838 2854 901 αὐτὸν.
2890 838 2935 894 εἰ
2963 839 3056 893 καί
3088 838 3225 914 πρὸς
3264 838 3446 914 βραχὺ
3477 836 3851 914 παιδευόμεθα

2190 927 2279 984 διὰ
2308 928 2403 992 τὰς
2431 928 2703 1004 ἁμαρτίας
2736 930 2916 1003 ἡμῶν.

2259 1025 2453 1098 Τούτῳ
2498 1026 2579 1098 τῷ
2626 1020 2731 1081 ἔτει
2782 1023 3006 1102 Σέργιος
3058 1026 3550 1102 πρωτοσπαθάριος
3604 1028 3727 1100 (48)
3755 1028 3845 1083 καὶ

2188 1113 2494 1189 στρατηγὸς
2514 1112 2801 1185 Σικελίας,
2831 1114 3065 1177 ἀκούσας
3119 1113 3204 1170 ὅτι
3260 1115 3314 1170 οἱ
3365 1115 3677 1191 Σαρακηνοὶ
3739 1136 3845 1170 παν

2188 1204 2571 1279 ρακαθὲζονται
2628 1205 2728 1274 τήν
2786 1201 2975 1274 πόλιν,
3050 1202 3263 1278 ἔστεψεν
3312 1202 3428 1260 ’ίόιο
3488 1202 3727 1280 βασιλέα
3785 1204 3845 1261 ἐκ

2185 1297 2294 1348 τῶν
2327 1293 2627 1367 ἀνθρώπων
2654 1291 2818 1349 αὐτοῦ
2858 1293 3143 1350 Βασίλειον
3173 1292 3425 1365 πολίτην,
3467 1296 3556 1369 [Ρ.
3587 1296 3721 1369 452]
3751 1295 3842 1350 τὸν

2189 1382 2302 1437 υἱὸν
2338 1378 2748 1458 Ὀνομαγούλου
2777 1385 2911 1455 (49),
2947 1384 3323 1456 μετονομάσας
3372 1381 3531 1439 αὐτὸν
3563 1379 3846 1460 Τιϐέριον.

2189 1469 2446 1540 Ἐποίησε
2476 1469 2535 1526 δέ
2563 1466 2846 1545 προϐολὰς
2873 1472 2964 1527 καὶ
3028 1469 3206 1536 ῗδίους
3256 1468 3527 1548 ἄρχοντας
3560 1477 3674 1545 (50)
3712 1475 3850 1547 μετὰ

2191 1562 2422 1636 βουλαῖς
2480 1560 2731 1637 Σεργίου.
2811 1562 2872 1619 ⁸0
2943 1559 3001 1617 δέ
3058 1561 3318 1638 βασιλεὺς
3376 1566 3544 1619 ταῦτα
3607 1563 3849 1625 ἀκούσας

428 1674 547 1730 lum
575 1669 967 1728 domesticum
998 1680 1171 1720 suum
1203 1678 1339 1718 cum
1379 1658 1566 1731 copiis
1609 1655 1811 1711 mittit.
1840 1654 1894 1709 Is
1942 1668 2078 1709 cum

2202 1649 2518 1707 ἱποστέλλει
2550 1650 2765 1707 Παῦλον
2791 1653 2885 1708 τὸν
2915 1651 3116 1708 οἰκεῖον
3150 1652 3314 1709 αὐτοῦ
3375 1655 3510 1727 μετὰ
3536 1651 3849 1730 δυνάμεως,

429 1761 693 1819 Siciliam
723 1757 1015 1829 attigisset
1034 1751 1373 1826 populoque
1396 1744 1771 1819 imperatoris
1799 1741 2081 1797 mandata

2202 1740 2250 1804 ὃς
2278 1736 2605 1797 καταλαϐὼν
2632 1742 2734 1811 τήν
2764 1738 3017 1796 Σικελίαν
3076 1741 3167 1797 καί
3195 1743 3289 1804 τας
3352 1742 3641 1818 βασιλικὰς
3673 1763 3850 1819 προσ.

433 1868 503 1908 ex
536 1849 753 1921 scripto
784 1845 1115 1907 recitasset,
1164 1841 1275 1895 hoc
1317 1840 1669 1894 consecutus
1716 1837 1808 1888 est
1852 1837 1920 1886 ut
1960 1835 2081 1885 sta-

2202 1831 2374 1921 τάξειςΔ
2423 1830 2757 1908 ὑπαναγνυὺς
2807 1835 2886 1902 τῷ
2944 1830 3084 1903 λαῷ,
3140 1831 3298 1894 εὐθὺς
3348 1832 3442 1886 τὸν
3485 1833 3583 1905 μὶν
3638 1832 3850 1889 Λέοντα

432 1940 539 1995 tim
572 1920 890 2008 imperium
922 1929 1102 1987 Leoni
1132 1927 1341 1984 faustis
1380 1920 1909 1981 acclamationibus
1939 1934 2081 1973 con~

434 2005 795 2084 firmaretur.
828 2020 1078 2077 Basilius
1119 2027 1315 2074 autem
1346 2010 1743 2085 Onomagulus
1790 2025 1927 2065 cum
1959 2005 2083 2062 suis

429 2116 609 2172 vincti
640 2113 755 2186 ipsi
786 2111 1187 2173 dederentur;
1246 2119 1499 2176 quorum
1543 2101 1642 2156 ille
1687 2097 1939 2155 abscidit
1985 2113 2085 2152 ca-

427 2204 572 2277 pita,
605 2218 792 2273 eaque
824 2195 1167 2270 imperatori
1228 2192 1409 2249 misit.
1460 2190 1717 2262 Sergius,
1765 2186 2082 2243 securitate

426 2292 746 2364 promissa,
775 2288 851 2345 ad
892 2285 1141 2343 Paulum
1173 2281 1487 2339 concessit.
1519 2281 1605 2335 Ita
1634 2277 1923 2335 Occidens
1972 2290 2084 2347 pa-

428 2363 615 2435 catus.
650 2381 726 2434 At
773 2391 952 2432 naves
1006 2372 1291 2439 Arabum,
1350 2386 1483 2441 quas
1542 2383 1677 2424 cum
1737 2366 1951 2422 Umaro
2009 2363 2084 2419 ad

429 2466 803 2524 obsidionem
835 2462 1000 2519 urbis
1057 2461 1492 2524 remanserant,
1552 2455 1617 2510 15
1684 2452 1931 2526 Augusti
1987 2451 2082 2506 die

428 2573 642 2629 magno
671 2571 807 2612 cum
858 2551 1151 2609 dedecore
1190 2548 1434 2604 domum
1476 2542 1783 2601 discedere
1831 2547 2082 2606 conataa,

426 2645 692 2701 immisso
716 2642 1000 2698 divinitus
1028 2638 1265 2694 turbine
1290 2634 1503 2708 partim
1536 2633 1611 2689 ad
1644 2635 2083 2688 Proconnesum

423 2734 639 2805 partim
668 2731 743 2787 ad
772 2729 1175 2802 Apostrophos
1208 2732 1267 2780 et
1286 2724 1516 2795 reliqua
1537 2722 1739 2777 littora
1759 2719 2083 2777 submersa

420 2828 581 2876 sunt.
617 2819 978 2892 Superstites
1007 2832 1141 2872 cum
1173 2814 1235 2869 in
1289 2827 1449 2868 mare
1502 2812 1743 2883 Egeum
1793 2807 2088 2881 pervenis-

425 2915 578 2969 sent.
612 2909 785 2978 ignea
813 2906 1036 2979 grando
1068 2903 1338 2959 immissa
1386 2899 1637 2957 ebullire
1693 2914 1857 2955 mare
1906 2896 2083 2963 fecit;

435 3014 505 3054 ac
536 2998 664 3069 pice
696 2997 925 3068 liquata
943 2994 1086 3051 solis
1143 2993 1409 3065 quinque
1454 2989 1701 3046 navibus
1748 2987 1810 3043 in
1858 2986 2086 3059 Syriam

435 3086 702 3162 perlatis.
735 3086 980 3157 reliqua:
1013 3099 1221 3139 omnes
1250 3097 1386 3137 cum
1414 3079 1742 3136 vectoribus
1760 3077 2085 3150 perierunt,

438 3176 765 3250 potentiam
806 3174 910 3230 Dei
940 3172 1127 3229 nostri
1159 3177 1405 3228 testatas.

510 3270 682 3323 Anno
714 3264 925 3321 Leonis
954 3264 1146 3335 primo
1179 3277 1427 3332 magnus
1458 3260 1519 3315 in
1547 3257 1715 3330 Syria
1761 3256 1872 3312 fuit
1914 3260 2085 3309 terrea

436 3362 653 3413 motus.
684 3356 932 3411 Umarus
987 3357 1186 3408 autem
1237 3349 1606 3405 Christianos
1646 3344 2093 3401 Mahometicam

2190 1918 2417 1995 βασιλέα
2447 1919 2795 1999 εὐφήμησαν,
2827 1917 3114 1978 Βασίλειον
3170 1918 3229 1977 δέ
3282 1921 3374 1976 τὸν
3422 1921 3841 1998 Ὀνομάγουλον

2185 2008 2276 2065 καὶ
2313 2008 2441 2073 τοὺς
2470 2009 2562 2065 σὺν
2618 2008 2763 2081 αὐτῷ
2802 2008 3057 2084 δεσμίους
3112 2014 3194 2083 τῷ
3255 2010 3463 2084 Παύλῳ
3516 2008 3843 2086 παραδεδώ-

2186 2119 2363 2165 κασιν,
2431 2098 2526 2162 οὕς
2582 2102 2968 2174 καρατομήσας
3024 2099 3118 2161 τὰς
3196 2097 3437 2177 κεφαλὰς
3495 2099 3673 2156 αὐτῶν
3763 2105 3844 2173 τῷ

2191 2186 2407 2264 βασιλεῖ
2433 2186 2826 2259 ἐξαπέστειλεν.
2862 2189 2927 2246 Ὀ
2959 2186 3018 2244 δὲ
3070 2188 3298 2265 Σέργιος
3327 2187 3526 2264 λόγους
3576 2190 3845 2254 ἀπαθείας

2190 2272 2374 2333 Λαϐὼν
2396 2275 2590 2347 ἐξῆλθε
2620 2278 2754 2354 πρὸς
2781 2278 2874 2333 τὸν
2936 2276 3174 2347 Παῦλον,
3231 2279 3322 2333 καὶ
3372 2278 3547 2342 οὕτως
3596 2279 3850 2355 εἴρηνευ-

2189 2388 2282 2423 σαν
2322 2367 2389 2422 τὰ
2443 2366 2717 2442 Ἑσπέρια.
2785 2367 2867 2426 Τὰ
2923 2363 2981 2422 δὲ
3036 2365 3462 2442 ἐναπομείναντα
3507 2365 3681 2423 πλοῖα
3741 2373 3848 2424 τῶν

2190 2450 2437 2530 Ἀράϐων
2466 2455 2557 2511 καὶ
2599 2455 2862 2530 Οὐμᾶρου
2892 2458 2960 2530 τῇ
3024 2457 3081 2511 ιε’
3131 2460 3230 2511 τοῦ
3296 2455 3613 2531 Αὐγούστου
3667 2457 3850 2530 μηνὸς

2198 2550 2314 2616 μετ’
2344 2542 2852 2620 αἷσχύνηςπολλῆς
2881 2543 3196 2620 ἀνακάμψαι
3241 2545 3599 2620 βουληθέντα,
3633 2542 3850 2620 λαιλαψ

2190 2632 2250 2689 ἐκ
2273 2637 2406 2690 Θεοῦ
2438 2633 2707 2709 ἐνσκήψας
2736 2634 2804 2689 τὰ
2835 2636 2931 2707 μὶν
2963 2633 3016 2689 ἐν
3050 2635 3540 2709 11ροικοννήσῳ,τᾶ
3571 2631 3630 2689 δὲ
3656 2634 3713 2689 έν
3732 2640 3850 2696 τοῖς

2188 2725 2586 2803 Ἀποστρόφοις
2620 2728 2731 2800 (51)
2782 2726 2873 2781 καὶ
2928 2732 3049 2788 ταῖς
3078 2724 3308 2789 λοιπαῖς
3364 2726 3553 2789 ἀκταῖς
3584 2727 3851 2782 κατεπόν-

2187 2834 2305 2870 τισε
2357 2819 2487 2875 Τοῖς
2527 2810 2585 2868 δέ
2640 2812 3064 2891 περιλεεφθεῖσιν
3120 2814 3173 2868 έν
3232 2818 3314 2886 τῷ
3351 2814 3558 2891 Αἰγαίῳ
3616 2812 3848 2889 πελάγει

2191 2900 2409 2978 χάλαζα
2439 2900 2638 2977 πυρίνη
2702 2900 3011 2977 ἐνσκήψασα
3066 2898 3363 2981 ἀναϐράσαι
3421 2905 3519 2972 τὴν
3569 2902 3848 2960 θαλασσαν

2190 2992 2480 3063 πεποίηκε.
2516 2991 2613 3046 Καὶ
2637 2994 2737 3057 τῆς
2793 2992 2990 3062 πίσσης
3046 2989 3306 3064 λυθείσης
3366 2989 3635 3068 αὔτανδρα
3690 2993 3854 3048 ἀπώ-

2193 3081 2374 3151 λοντο,
2410 3079 2593 3155 μόνων
2622 3076 2779 3137 πέντε
2808 3081 2885 3143 είς
2915 3080 3111 3157 Συρίαν
3172 3079 3566 3153 διασωθέντων,
3618 3084 3724 3153 τὴν
3751 3086 3852 3138 τοῦ

2199 3176 2333 3227 Θεοῦ
2362 3172 2524 3243 ἡμῶν
2566 3167 2871 3227 δυναστείαν
2905 3169 3338 3247 ἀπαγγέλλοντα.

2267 3259 2473 3315 Τούτου
2501 3264 2583 3332 τῷ
2630 3261 2677 3314 α¹
2701 3255 2807 3315 ἔτει
2863 3262 3085 3333 σεισμὸς
3141 3263 3306 3335 μέγας
3362 3259 3569 3336 ἐγένετο
3626 3261 3678 3317 έν
3741 3268 3852 3317 Συο

2198 3349 2307 3424 ρίᾳ.
2341 3349 2641 3427 Ἢνάγκασε
2672 3347 2731 3406 δὲ
2754 3351 3008 3426 Οῧμαρος
3064 3352 3194 3415 τοὺς
3255 3352 3619 3428 Χριστιανοὺς
3677 3374 3855 3430 ματα.

434 3447 803 3518 impietatem
825 3440 1105 3513 amplecti
1121 3439 1323 3511 jussit,
1356 3443 1415 3494 et
1431 3442 1709 3509 parentes
1722 3433 1959 3489 decreto
1982 3432 2084 3487 im-

2202 3440 2384 3513 ρίζειν,
2416 3439 2509 3495 καὶ
2536 3438 2664 3501 τοὺς
2716 3439 2811 3511 μὲν
2840 3438 3198 3513 πειθομένους
3226 3440 3374 3514 αὐτῷ
3406 3439 3617 3504 ἀτελεῖς
3648 3440 3854 3509 ἐποίει,

435 3534 725 3591 munitate
758 3532 1115 3587 tributorum
1158 3526 1418 3594 donavit,
1469 3525 1569 3597 qui
1599 3540 1721 3580 non
1761 3522 2092 3589 obedirent,

437 3642 538 3681 eos
568 3621 904 3686 trucidavit,
940 3619 1280 3689 multosque
1302 3616 1385 3672 ita
1414 3620 1706 3687 martyres
1753 3612 1910 3667 fecit.
1944 3612 2093 3683 Lege

436 3728 674 3784 quoque
735 3709 855 3766 lata
912 3707 1282 3763 Christianos
1347 3703 1672 3761 testimonii
1733 3702 1883 3758 ποτ
1954 3717 2090 3755 con-

438 3809 530 3859 tra
615 3803 968 3858 Sarracenos
1061 3796 1319 3853 dictione
1412 3793 1736 3867 prohibuit.
1833 3792 2090 3847 Leonem

436 3907 676 3965 quoque
734 3891 1156 3961 imperatorem
1214 3902 1322 3957 per
1374 3883 1604 3939 litteras
1660 3881 1736 3937 ad
1794 3880 2087 3936 Mahome-

436 3982 616 4037 ticam
647 3978 1131 4051 superstitionem
1163 3973 1475 4031 colendam
1506 3973 1772 4028 hortatus
1802 3974 1912 4026 est.

504 4068 699 4124 Tertio
746 4082 904 4123 anno
964 4064 1146 4120 Leoni
1196 4061 1565 4133 impissimus
1627 4060 1786 4116 filius
1842 4076 1911 4115 ac
1968 4063 2092 4113 An-

436 4156 693 4215 tichristi
750 4169 1085 4227 prmcursor
1135 4156 1310 4206 natus
1367 4155 1458 4205 est
1512 4148 1936 4205 Constantinus
1981 4151 2087 4203 Ca.

435 4256 719 4312 ballinus.
751 4254 852 4308 Die
885 4249 1154 4308 Octobris
1182 4248 1463 4304 vicesima
1510 4253 1677 4303 sexta
1718 4246 1898 4302 Maria
1940 4262 2092 4301 uxor

440 4342 656 4398 Leonis
702 4340 762 4395 in
822 4338 1083 4395 triclinio
1140 4336 1447 4410 Augustali
1503 4340 1783 4392 coronata
1831 4340 1942 4401 est,
1994 4351 2091 4388 vo-

439 4430 635 4501 tisque
657 4428 815 4500 apud
844 4425 1200 4483 vestibulum
1231 4442 1413 4482 sacras
1470 4441 1586 4481 arua
1624 4424 1795 4481 factis
1841 4424 1915 4480 ad
1965 4440 2089 4480 ma-

2194 3527 2325 3589 τοὺς
2383 3524 2443 3583 δέ
2503 3529 2581 3602 μὴ
2629 3527 2992 3602 πειθομένους
3048 3527 3256 3604 ἀνῂρει·
3314 3530 3434 3594 ὅθεν
3484 3531 3574 3586 καὶ
3603 3529 3856 3593 πολλοὺς

2201 3620 2477 3694 μάρτυρας
2522 3617 2907 3696 ἀπειργάσατο.
2966 3620 3248 3674 Ἐθέσπισε
3303 3617 3362 3675 δέ
3414 3620 3505 3675 καὶ
3535 3621 3861 3697 Χριστιανὸν

2195 3709 2335 3765 κατὰ
2391 3713 2722 3784 Σαρακηνῶν
2812 3708 2905 3781 μή.
2972 3714 3286 3784 μαρτυρεῖν.
3344 3709 3589 3787 Ἔγραψε
3646 3707 3704 3764 δὲ
3762 3732 3836 3766 κα

2196 3799 2334 3901 πρὸς
2392 3799 2488 3853 τὸν
2538 3794 2772 3873 βασιλέα
2828 3796 3032 3853 Λέοντα
3085 3800 3185 3853 τοῦ
3245 3800 3543 3876 μαγαρίσαι
3598 3801 3712 3874 (52)
3771 3821 3840 3855 κα

2195 3907 2383 3944 αυτον.

2266 4069 2361 4140 Τῷ
2387 4067 2435 4143 γ’
2479 4060 2586 4122 ἔτει
2644 4064 2841 4141 ἐτέχθη
2896 4070 2977 4138 τῷ
3028 4063 3248 4142 βασιλεῖ
3299 4068 3491 4123 Λέοντι
3537 4068 3654 4131 υίὸς
3717 4066 3849 4125 δυσ-

2195 4150 2512 4217 σεϐέστατος
2570 4153 2662 4210 καὶ
2718 4158 2816 4209 τοῦ
2868 4154 3252 4230 Ἀντιχρίστου
3300 4153 3641 4230 πρόδρομος,
3691 4159 3854 4214 Κων-

2194 4249 2469 4306 σταντῖνος
2498 4244 2527 4299 ὁ
2559 4239 2909 4308 Καϐαλλῖνος
2959 4249 3094 4319 (53).
3124 4250 3206 4321 Τῇ
3259 4241 3318 4300 δέ
3367 4247 3441 4301 κε’
3484 4250 3582 4301 τοῦ
3638 4248 3852 4305 Ὀκτωο

2194 4327 2353 4408 ϐρίου
2382 4333 2550 4406 μηνὸς
2590 4330 2819 4413 ἐστέφοη
2876 4334 3061 4408 Μαρία
3116 4335 3151 4403 ἡ
3211 4336 3347 4410 γυνή
3400 4334 3712 4396 Λέοντοςέν
3772 4341 3854 4408 τῷ

2190 4420 2456 4498 τρικλίνῳ
2497 4420 2595 4477 τοῦ
2636 4420 2989 4500 Δύγουστέως
3045 4425 3182 4496 (54),
3237 4423 3328 4477 καί
3386 4424 3651 4498 εὐξαμένη
3705 4426 3851 4501 πρὸς

437 4535 620 4592 gnum
648 4517 1066 4590 baptisterium
1118 4516 1374 4571 transiit.
1423 4514 1508 4569 Ibi
1564 4530 1700 4570 cum
1731 4530 1766 4569 a
1795 4514 2084 4569 Germano

2202 4518 2291 4581 τῆς
2349 4508 2564 4566 εἰσόδου
2617 4514 2714 4567 τοῦ
2772 4512 2928 4587 ἆγίου
2977 4512 3364 4588 θυσιαστηρίου
3451 4512 3715 4587 μετῆλθεν
3770 4517 3850 4577 εἷς

437 4588 777 4682 patriarcha
806 4606 1228 4664 Constantinus
1255 4604 1489 4679 paterni
1520 4603 1686 4677 regni
1726 4619 1795 4659 ac
1841 4602 2084 4659 malitiaa

2202 4601 2285 4656 τὸν
2321 4598 2484 4675 μέγαν
2532 4600 2878 4676 βαπτιστῆρα
2924 4602 3045 4674 (55)
3099 4600 3192 4656 καὶ
3254 4601 3615 4675 βαπτίσαντος
3669 4600 3850 4659 ἒκεῖσε

1640 4701 2005 4759 XYLANDRI
2034 4704 2122 4758 ET
2157 4701 2374 4758 GOARI
2413 4700 2634 4757 NOTAE.

510 4807 626 4879 (48)
655 4805 915 4862 Codinus
946 4807 1022 4860 De
1065 4805 1164 4875 oﬂ'.
1213 4801 1385 4879 curia?
1434 4800 1616 4858 Const.
1658 4803 1820 4879 c._5:
1874 4799 1948 4879 re
1984 4819 2088 4854 πα·-

438 4870 865 4951 λαὶὸν’πριῖ›τος
921 4879 1030 4951 τῶν
1061 4870 1403 4951 βπαθσρίων
1459 4874 1815 4945 παραμονῶν.
1874 4874 2089 4929 Ensem

435 4946 779 5022 imperatori
812 4946 1179 5022 accingebat.
1219 4947 1393 5022 Cosa.

440 5095 481 5149 ϐ
509 5013 624 5091 (49)
652 5023 807 5079 Asini
827 5013 1024 5092 ρεηαῶ
1044 5020 1311 5075 habentis.
1342 5018 1429 5072 Ita
1456 5013 1712 5088 vulgaris
1742 5013 1858 5070 fert
1884 5013 2086 5071 dictio.

487 5110 617 5149 om.

487 5110 617 5150 OAR.

511 5164 621 5289 (ΞΟ)
653 5164 841 5248 Supra
868 5161 980 5220 sub
1002 5160 1182 5218 finem
1223 5160 1562 5217 Justiniani.
1612 5173 1719 5229 pro
1769 5173 1909 5213 voce
1955 5174 2090 5239 προ-

445 5226 511 5308 βο
554 5234 623 5308 at;
648 5234 995 5308 suspicabar
1023 5227 1325 5304 προπιυλας
1369 5229 1706 5308 legendum.
1759 5228 1871 5285 Sed
1919 5245 1967 5283 SI
2003 5245 2089 5308 βπ

440 5305 553 5379 hoc
604 5292 769 5379 loco'
799 5292 1212 5379 conjecturam
1289 5292 1524 5379 sumEre
1574 5300 1844 5379 velimus,
1885 5292 2090 5379 προϐο-

441 5371 542 5449 λάς
572 5392 608 5430 a
636 5371 1032 5449 Qedreno'pro
1064 5375 1503 5449 magistratibus
1550 5372 1837 5449 scriptum
1880 5372 2086 5449 fuisse,

439 5444 614 5526 locus
637 5446 736 5503 ille
767 5444 1151 5526 fortassisita
1171 5447 1351 5504 fuerit
1380 5444 1783 5526 accipiendos,
1812 5450 1880 5526 ut
1910 5444 2087 5526 iutel:

436 5515 697 5599 ligantur
724 5534 829 5590 per
858 5518 1345 5599 tumultumnnon
1400 5514 1697 5599 mancipia
1742 5515 1940 5582 modo,
1983 5514 2087 5571 sed

436 5588 841 5715 grprocerum
885 5605 979 5672 res
1034 5589 1357 5648 familiares
1412 5588 1810 5661 direptionem
1856 5603 2076 5660 passae.

489 5674 575 5716 η.

509 5722 625 5804 (it)
648 5728 969 5808 ProPrinm
984 5728 1240 5804 alicujus
1276 5729 1670 5806 promunturii
1713 5733 1820 5790 aut
1864 5728 2086 5790 littoris

2241 4804 2340 4855 uto
2370 4814 2522 4863 esse,
2571 4797 2645 4854 ab
2689 4798 3006 4855 avertendo
3055 4798 3146 4854 vel
3194 4798 3554 4857 reﬂectendo
3594 4800 3850 4859 dictum-

2254 4887 2341 4926 γι..
2374 4901 2442 4911 -
2473 4871 2596 4925 Non
2628 4877 2859 4943 montem
2891 4875 2990 4943 aut
3010 4873 3476 4943 promontorium,
3517 4872 3620 4928 sed
3637 4877 3855 4943 μετασ-

2195 4958 2283 4998 εοε
2309 4948 2363 4998 et
2379 4948 2612 4997 retortos
2633 4943 2784 4997 sinus
2813 4942 2939 4997 haec
2964 4941 3248 4999 indicant.
3281 4943 3456 4998 Goaa.

2269 5012 2486 5087 (52)AEx
2511 5013 2982 5087 Paulouniacono
3014 5019 3072 5068 et
3101 5013 3344 5086 quidem
3386 5030 3449 5071 re
3482 5014 3612 5087 ipsa
3635 5032 3846 5073 vocem

2195 5083 2350 5143 hanc
2367 5083 2665 5141 intellexi.
2690 5083 2826 5140 XYL.

2199 5227 2211 5238 ι
2267 5159 2379 5238 (_53)
2404 5158 2589 5238 Quen}
2617 5156 2717 5211 alii
2747 5155 3185 5238 Coprouyrnum
3216 5161 3428 5213 vocant
3479 5174 3515 5214 a
3569 5157 3847 5217 sordibus

2196 5227 2257 5284 in
2280 5227 2694 5299 baptisterium
2717 5228 2986 5282 excretis.
3021 5230 3158 5284 ΧΠ..

2264 5301 2380 5371 (54)
2411 5299 2757 5371 Triclinium
2791 5299 3028 5371 hoc.ubi
3051 5300 3312 5371 Mauricii
3343 5305 3405 5356 et
3438 5299 3849 5357 Constantium

2195 5368 2433 5443 nuptias
2466 5369 2646 5443 refert
2663 5368 3013 5443 celebratas,
3044 5370 3309 5443 depingit
3357 5371 3678 5428 Simocatta
3700 5389 3756 5435 ς,
3792 5377 3845 5427 1.

2195 5437 2602 5525 ᾼύγουσταλιρν
2642 5446 2810 5525 vocat
2868 5437 3292 5515 Euchologium
3349 5443 3413 5498 in
3460 5443 3848 5500 coronatione

2194 5514 2611 5584 imperatricis.
2640 5514 2816 5584 Goaa.

2193 5587 2375 5714 ϐἐῗὲ)
2406 5586 2696 5655 Respectu
2719 5583 2988 5640 minoris.
3009 5586 3089 5642 De
3111 5590 3364 5657 utroque
3394 5585 3844 5660 Euchologium.

2239 5672 2369 5714 ΟΔΒ.
