4148 6212
359 349 479 410 869

1468 349 2021 413 HISTORIARUM
2064 328 2619 422 COMPENDIUM.

3652 379 3772 439 870

359 488 645 560 Γερμανοῦ
669 487 766 540 τοῦ
804 485 1152 562 πατριάρχου
1205 484 1301 540 τὸν
1346 491 1461 573 τῆςῄ
1496 484 1687 547 κακίας
1719 484 1889 573 αὐτοῦ
1918 483 2003 573 καῖ

2121 488 2314 547 hmres
2343 491 2762 566 baptizaretur,
2805 499 2936 573 ipsa
2964 501 3026 558 in
3058 520 3166 562 sua
3193 506 3443 565 infantia
3475 509 3670 566 dirum
3702 528 3771 568 ac

365 571 650 651 βασιλείας
679 570 942 649 διάδοχον
978 576 1401 642 Κωνσταντῖνον,
1444 570 1618 629 δεινὸν
1655 573 1743 629 καὶ
1778 570 2016 637 δυσῶδες

361 662 424 719 εκ
451 659 786 734 νηπιότητος
843 663 1012 720 αὐτοῦ
1067 663 1488 740 προεσημάνατο
1543 664 1866 737 τεκμήριονο
1919 662 2011 718 καὶ

360 751 465 828 γὰρ
496 749 804 830 ἀφώδευσεν
866 751 919 808 ἐν
977 756 1045 828 τῇ
1102 751 1236 831 ἁγίᾳ
1280 746 1668 824 κολυμϐήθρᾳ.
1722 751 1798 815 ὡς
1843 751 2012 808 εἰπεῖν

358 842 451 898 τὸν
512 841 862 917 πατριάρχην
948 845 1309 919 προφητικῶς
1389 842 1478 897 δτι
1537 838 1790 918 μέγιστον
1848 841 2012 896 κακὸν

362 935 708 1005 Χριστιανοῖς
759 931 851 985 καὶ
905 933 977 1004 τῇ
1031 929 1333 1003 Ἐκκλησία
1388 926 1460 985 δι’
1510 929 1676 985 αὐτοῦ
1711 931 2012 1004 γενήσεται.

360 1021 562 1076 Τοῦτον
610 1015 917 1090 ἀνεδέξαντο
965 1021 1080 1095 (56)
1141 1020 1195 1075 οἱ
1251 1015 1589 1095 προῦχοντες
1623 1021 1733 1074 τῶν
1763 1017 2010 1091 θεμάτων

362 1107 455 1163 καὶ
508 1109 609 1177 τῆς
665 1106 1000 1183 συγκλήτου.
1058 1111 1152 1181 Τῷ
1208 1105 1257 1163 δ’
1315 1108 1465 1181 αὖτῷ
1519 1104 1625 1163 ἔτει
1685 1108 1925 1177 Νικήτας
1983 1107 2012 1163 ὁ

362 1194 667 1265 Ξυλινίτης
721 1196 916 1274 γράσρει
983 1198 1118 1270 πρὸς
1179 1195 1469 1273 ’Δρτὲμιον
1527 1194 1583 1252 ἐν
1647 1193 2007 1271 Θεσσαλονίκῃ

359 1286 613 1352 ἀπελθεῖν
641 1288 776 1363 πρὸς
825 1283 1089 1363 Τὲρϐελιν
1144 1292 1242 1344 τοῦ
1296 1281 1658 1344 ἀναλαϐέσθαι
1688 1286 2008 1365 συμμαχίαν

358 1376 742 1453 Βουλγαρικὴν
766 1377 858 1432 καὶ
890 1376 1066 1443 mea
1125 1378 1262 1434 κατὰ
1322 1375 1572 1440 Λέοντος.
1606 1376 1718 1434 Τοῦ
1747 1373 1805 1432 δι
1833 1373 2008 1432 ἀπελ-

359 1465 572 1537 θόντος,
603 1463 831 1522 δίδωσιν
860 1466 1012 1540 αὖτῷ
1042 1466 1269 1542 στρατὸν
1321 1466 1350 1522 ὁ
1399 1460 1661 1541 Τὲρϐελις
1691 1464 1780 1521 καὶ
1810 1467 2008 1537 πεντή-

357 1578 522 1614 κοντα
601 1558 924 1634 κεντηνάρια
1006 1560 1266 1636 χρυσίου.
1346 1558 1607 1634 Ἔρχεται
1677 1561 1808 1633 γοῦν
1871 1557 2011 1633 πρὸς

358 1646 933 1705 Κωνσταντινοῦπολιν
989 1648 1018 1704 ὁ
1076 1647 1389 1722 Ἀρτέμιος.
1449 1647 1545 1717 Μὴ
1604 1643 1899 1720 δεξαμένης
1949 1642 2008 1702 δὲ

358 1735 516 1792 αὐτὸν
546 1743 648 1804 τῆς
693 1733 934 1803 πόλεως,
976 1737 1029 1792 οἱ
1088 1735 1395 1813 Βοῦλγαροι
1449 1739 1642 1791 τοῦτον
1696 1740 1776 1809 τῷ
1813 1737 2007 1791 Λέοντι

356 1823 773 1903 παραδεδώκασι
846 1826 937 1882 καὶ
1021 1824 1516 1907 φιλοφρονηθέντες
1614 1826 1741 1900 παρ’
1841 1824 2007 1880 αὐτοῦ

356 1890 447 1992 [Ρξ
477 1918 606 1991 453]
640 1915 992 1991 ὑπὲστρέψαν.
1033 1890 1109 1973 ’Ὀ
1275 1890 1530 1992 βασιλεὺς
1576 1914 1667 1969 τὸν
1692 1890 2007 1989 ”Δρτὲμιον
2037 1890 2084 1957 Β

358 2005 453 2061 σὺν
511 2010 591 2079 τῷ
646 2002 915 2080 Ξυλινίτῃ
971 2003 1176 2073 ἀνεῖλε,
1230 2001 1507 2078 δημεύσας
1559 2004 1661 2072 τήν
1709 2000 2004 2059 Ξυλινίτου

356 2094 563 2152 οὐσίαν
626 2092 921 2171 μάγιστρος
969 2094 1074 2172 γὰρ
1132 2090 1206 2149 ὢν
1261 2091 1526 2156 πλοῦσιος
1583 2091 1724 2148 πάνυ
1760 2092 2001 2172 ὑπῆρχε.

2121 575 2343 634 foedum
2362 580 2576 640 futuras
2598 589 2728 641 vitae
2752 586 3039 646 indicium
3060 592 3427 663 edidit,oleto
3450 598 3509 652 in
3535 616 3769 656 sacrum

2122 666 2421 725 lavacrum
2452 673 2691 730 emisso.
2751 678 2955 749 Itaque
3012 682 3364 740 vaticinatus
3412 693 3503 742 est
3532 691 3776 758 patriar-

2122 756 2235 811 cha
2266 773 2481 831 magna
2509 762 2862 821 Christianis
2906 773 2984 823 et-
3011 770 3291 827 Ecclesia:
3321 774 3479 831 mala
3508 756 3643 832 eum
3677 779 3776 836 da-

2122 849 2342 903 turum.
2397 849 2798 924 Susceperunt
2855 872 2994 913 eum
3079 860 3356 918 ordinum
3416 870 3475 919 et
3531 874 3773 923 senatus

2121 934 2443 1008 principes.
2477 940 2697 998 Eodem
2725 959 2883 1000 anno
2905 947 3105 1004 Niceta
3125 950 3417 1022 Xylinites
3442 956 3770 1012 Artemium

2120 1023 2551 1084 Thessalonica
2601 1030 2911 1104 degentem
2961 1053 3068 1107 per
3113 1038 3344 1097 litteras
3390 1042 3661 1100 hortatur
3708 1052 3775 1102 ut

2121 1112 2195 1167 ad
2224 1115 2498 1173 Terbelin
2538 1136 2601 1175 se
2639 1121 2923 1190 conferat,
2964 1127 3304 1200 auxilioque
3344 1132 3650 1206 Bulgarico
3676 1137 3774 1192 in-

2121 1206 2380 1260 structus
2428 1214 2635 1264 contra
2681 1211 2935 1269 Leonem
2988 1217 3210 1275 tendat.
3256 1222 3524 1278 Venienti
3556 1226 3776 1282 Terbe-

2118 1289 2190 1347 lis
2222 1296 2546 1352 exercitum
2580 1304 2636 1354 et
2662 1301 3092 1376 quinquaginta
3116 1308 3245 1363 auri
3267 1314 3644 1370 centenarios
3675 1316 3773 1372 de-

2117 1379 2223 1436 dit.
2274 1384 2419 1440 Cum
2468 1385 2560 1444 his
2606 1390 2905 1448 Artemius
2951 1394 3023 1450 ad
3071 1397 3299 1468 Cpolim
3332 1406 3420 1455 est
3448 1402 3767 1472 profectus.

2118 1471 2230 1528 Sed
2262 1490 2398 1531 eum
2431 1493 2565 1534 cum
2598 1479 2755 1536 cives
2785 1498 2906 1538 non
2934 1485 3290 1560 reciperent,
3323 1471 3554 1564 Bulgari
3589 1493 3765 1549 Leoni

2117 1562 2513 1633 tradiderunt,
2553 1568 2864 1643 amicaque
2925 1576 3159 1631 tractati
3199 1562 3451 1635 domum
3473 1580 3772 1640 abierunt.

2088 1650 2230 1707 'Leo
2262 1655 2593 1711 Artemium
2624 1659 3072 1735 Xylinitamque
3104 1665 3422 1729 interfecit.
3455 1670 3772 1741 publicatis

2115 1739 2293 1798 etiam
2323 1743 2600 1815 Xylinitaa
2630 1747 2841 1806 bonis:
2877 1751 3069 1809 fuerat
3125 1756 3308 1819 enim,
3349 1739 3553 1830 utpote
3583 1762 3772 1837 magi-

2113 1836 2255 1893 ster.
2288 1833 2594 1904 praedives.
2644 1839 2785 1895 Cum
2841 1841 2933 1897 his
2982 1844 3493 1919 archiepiscopum
3528 1833 3764 1922 quoque

2118 1921 2268 1977 793
2298 1922 2861 1985 Thessalonicenum
2911 1938 2970 1987 et
3015 1932 3161 1991 alios
3190 1938 3520 2008 permultos
3551 1921 3763 2013 Capiti-

2111 2009 2225 2066 bus
2253 2015 2563 2081 truncavit,
2595 2016 2867 2088 pluribus
2900 2038 3076 2079 nasos
3104 2028 3445 2098 amputavit,
3479 2036 3540 2085 et
3568 2009 3761 2088 solum

2114 2099 2306 2154 exsilii
2336 2117 2515 2159 causa
2542 2110 2770 2163 vertere
2796 2110 2996 2178 jussit.

354 2186 459 2242 Σὺν
490 2185 676 2247 αὐτοῖς
709 2182 1076 2262 ἆπεκεφάλισε
1103 2183 1192 2240 καὶ
1220 2182 1313 2240 τὸν
1346 2182 1779 2259 ἁρχιεπίσκοπον
1813 2179 2215 2258 Θεσσαλονίκης
2262 2186 2353 2243 καὶ
2400 2188 2611 2256 ἄλλους
2644 2190 2955 2268 πλείστους,
2989 2197 3243 2266 πλείονας
3275 2201 3333 2259 δὲ
3367 2201 3765 2283 ἐῤῥινοτόμησε

357 2274 448 2331 καὶ
478 2273 719 2349 ἐξώρισε.

426 2366 521 2435 Τῷ
551 2361 595 2419 δ’
622 2357 755 2429 ἔτει,
808 2367 877 2435 τῇ
930 2361 1112 2438 ἠμὲρᾳ
1161 2366 1261 2418 τοῦ
1319 2362 1535 2438 Πάσχα,
1588 2360 1817 2440 ἐστέφθη
1852 2365 2008 2420 Κων-

358 2458 628 2516 σταντῖνος
660 2454 689 2507 ὃ
724 2448 1073 2515 Καϐαλλῖνος
1122 2452 1227 2508 ὑπὸ
1282 2452 1511 2515 Λεοντος
1540 2455 1638 2507 τοῦ
1666 2451 1873 2527 πατρὸς
1900 2451 2004 2507 αὗ-

356 2546 459 2597 τοῦ
488 2539 540 2597 ἐν
568 2546 648 2613 τῷ
675 2536 1045 2619 τριϐουναλίιμ
1065 2543 1196 2613 (57),
1227 2541 1330 2597 ὑπὸ
1358 2544 1456 2597 τοῦ
1485 2541 1678 2617 Ἀγίου
1706 2545 2003 2613 Γερμανοῦ.

356 2633 450 2703 Τῷ
479 2628 538 2686 δὲ
567 2631 715 2705 αὐτῷ
773 2629 881 2688 ἔτει
938 2624 1147 2687 ἁπεϐίω
1203 2626 1483 2706 Οὗμαρος,
1531 2628 1848 2704 ἆμηρεῦσας
1893 2634 2003 2686 τῶν

279 2742 287 2747 '
356 2718 607 2792 Ἀράϐων
665 2716 759 2792 ἔτη
823 2718 920 2777 δῦο
980 2727 1157 2797 μῆνας
1219 2717 1286 2778 δ’.
1349 2719 1445 2777 Καὶ
1500 2719 1768 2796 ἀμηρεύει
1833 2716 2000 2791 ’[ζήδ.

353 2813 611 2869 Τυοαννεῖ
669 2808 727 2866 δὲ
783 2812 873 2866 καὶ
926 2811 980 2866 ἐν
1039 2807 1261 2886 Περσίδι
1308 2808 1481 2873 ἄλλος
1510 2808 1659 2881 Ἰζὴδ
1693 2805 2001 2880 Μουαλαϐὶ,

358 2899 449 2955 καὶ
482 2899 827 2970 συναπῆλθον
881 2899 1028 2971 αὐτῷ
1084 2897 1293 2956 πολλοὶ
1345 2907 1448 2970 τῆς
1504 2895 1788 2974 Περσίδος.
1841 2899 1903 2958 ὐ
1945 2897 2004 2955 δὶ

352 2985 500 3059 Ἰζήδ
531 2988 742 3045 ἀνεῖλεν
772 2987 931 3044 αὐτὸν
958 2988 1049 3044 καὶ
1078 2989 1177 3058 τήν
1206 2984 1435 3065 Περσίδα
1462 2987 1732 3062 ἱιπέταξεν.

417 3152 512 3224 Τῷ
563 3151 602 3206 ε’
656 3144 762 3207 ἔτει
809 3149 978 3227 ἐφάνη
1038 3171 1122 3212 τις
1199 3149 1373 3226 Σύρος
1435 3147 1861 3231 ψευδόχριστος,
1909 3149 1998 3208 καί

348 3239 623 3311 ἑπλάνησε
650 3241 777 3304 τοὺς
805 3236 1096 3318 Ἑϐραίους
1154 3240 1331 3318 λέγων
1382 3240 1569 3298 ἑαυτὸν
1602 3245 1737 3298 εἶναι
1767 3243 1997 3319 Χριστὸν

347 3330 440 3387 τὸν
471 3333 595 3387 Υἱὸν
623 3335 722 3387 τοῦ
750 3336 906 3387 Θεοῦο

2188 2366 2404 2432 Quarto
2435 2387 2613 2435 anno,
2644 2373 2794 2429 festo
2826 2377 3132 2434 Paschatis
3162 2379 3279 2448 die,
3310 2381 3764 2444 Constantinum

2115 2453 2491 2514 Caballinum
2523 2460 2733 2516 Leonis
2775 2465 2960 2539 patris
3009 2466 3184 2537 jussu
3215 2469 3269 2523 S.
3302 2470 3628 2530 Germanus
3657 2494 3763 2548 pro

2116 2542 2397 2601 tribunali
2427 2550 2729 2605 coronavit
2757 2552 2974 2608 Eodem
3005 2570 3163 2611 anno
3194 2556 3310 2613 vita
3338 2542 3765 2619 defunctus-est

2117 2633 2387 2697 Umarus,
2421 2652 2555 2691 cum
2590 2638 2839 2695 Arabum
2871 2658 3102 2699 emeras
3132 2644 3343 2703 fuisset
3373 2665 3478 2720 per
3510 2667 3699 2707 annos
3729 2657 3762 2708 2

2117 2737 2353 2778 menses
2382 2726 2452 2789 4;
2486 2727 2774 2783 successit
2803 2730 2856 2785 ei
2890 2731 3110 2789 lzedus.
3145 2733 3257 2790 Sed
3289 2742 3346 2791 et
3374 2737 3528 2794 alius
3562 2739 3764 2797 lzedus

2113 2811 2174 2866 in
2209 2813 2450 2870 Perside
2482 2817 2856 2888 tyrannidem
2881 2823 3210 2894 occupavit,
3232 2828 3584 2898 cognomine
3608 2833 3764 2888 Mua-

2112 2901 2285 2967 labis,
2316 2910 2495 2977 atque
2528 2906 2665 2963 huic
2707 2908 2880 2965 multi
2912 2926 2980 2966 ex
3013 2911 3254 2970 Perside
3286 2932 3347 2970 se
3380 2917 3764 2987 conjunxere.

2111 2992 2328 3048 Verum
2363 2994 2564 3051 lzedus
2605 3012 2740 3053 eum
2784 2998 3085 3056 interfecit
3127 3002 3550 3078 Persidemque
3585 3007 3763 3065 sube-

2112 3082 2215 3154 git.

2179 3171 2394 3236 Quinto
2427 3190 2585 3230 anno
2617 3177 2842 3232 exstitit
2870 3178 3114 3249 quidam
3172 3181 3374 3254 Syrus,
3415 3184 3564 3241 falso
3597 3187 3766 3243 Chri—

2108 3264 2265 3316 stum
2297 3278 2426 3318 sese
2457 3263 2694 3336 jactans
2737 3282 2887 3331 esse,
2946 3267 3158 3325 Filium
3210 3272 3335 3341 Dei,
3366 3274 3761 3349 Hebrmosque

2109 3349 2359 3423 decepit.

420 3421 514 3491 Τῷ
546 3424 586 3490 ζ’
632 3418 740 3476 ἔτει
779 3421 1075 3505 ἡνᾴγκασεν
1137 3421 1167 3477 ὁ
1227 3418 1483 3497 βασιλεὺς
1532 3422 1660 3516 τοὺς
1714 3416 1997 3516 ³Ιίὲϐραίους

2179 3416 2351 3496 Anno
2387 3446 2551 3498 sexto
2584 3442 2909 3516 imperator
2943 3447 3221 3504 Hebrmos
3252 3467 3323 3507 ac
3352 3454 3660 3510 Montanos
3689 3454 3765 3512 ad

345 3507 432 3564 καὶ
510 3509 637 3571 τοὺς
714 3511 1021 3572 Μοντανους
1081 3509 1429 3585 βαπτίζεσθαι
1509 3511 1576 3568 Οἱ
1635 3508 1693 3566 δὲ
1750 3506 1998 3583 Ἑϐραῖοι

346 3596 724 3673 ἀπροαιρέτως
779 3601 1174 3676 βαπτιζόμενοι
1224 3596 1563 3654 ἀπελούοντο
1599 3600 1663 3654 τὸ
1695 3600 1999 3675 βέπτισμα,

349 3707 419 3742 κα
473 3687 748 3752 ἐσθίοντες
799 3683 1215 3762 μετελάμϐανον
1271 3693 1382 3743 τῶν
1439 3687 1605 3764 ἁγίων
1660 3689 1998 3764 μυστηρίων.

342 3782 412 3839 O't
444 3777 502 3835 δὲ
554 3780 820 3835 Μοντανοὶ
873 3775 1357 3849 διαμαντεύσαντες
1402 3777 1646 3845 ἑαυτοὺς,
1696 3779 1997 3855 θεωρήσαν.

350 3890 439 3931 τες
497 3867 730 3943 ἡμέραν,
790 3865 1045 3937 εἰσῆλθον
1106 3871 1184 3932 είς
1235 3868 1365 3928 τοὺς
1426 3866 1760 3943 ὡρισμένους
1814 3866 1999 3932 οῗκους

354 3966 456 4029 τῆς
487 3956 700 4028 πλάνης
724 3955 901 4012 αὐτῶν
931 3957 1021 4012 καὶ
1051 3956 1375 4013 κατέκαυσαν
1402 3955 1647 4019 ἑαυτούς.

423 4053 515 4120 Τῴ
572 4048 614 4119 ζ’
651 4046 760 4104 ἔτει
815 4045 1013 4117 ἦλθον,
1070 4047 1250 4109 καθὼς
1303 4047 1649 4123 προείρηται,
1681 4048 1734 4103 οἱ
1782 4049 2000 4122 μάντεις

348 4138 401 4192 οἱ
433 4134 992 4212 χοησμοδοτήσαντες
1048 4140 1128 4208 τῷ
1182 4133 1370 4191 Λέοντι
1427 4137 1527 4205 τήν
1573 4134 1877 4212 βασιλείαν,
1909 4138 2001 4194 καὶ

302 4272 307 4277 ,
346 4225 639 4282 ἀπαιτοῦσι
666 4227 794 4301 παρ’
825 4225 992 4281 αὐτοῦ
1045 4227 1146 4295 τήν
1199 4225 1496 4301 ὑπόσχεσιν
1540 4222 1713 4303 ἤγουν
1762 4228 1860 4296 τήν
1892 4232 1998 4283 τῶν

350 4315 522 4390 ἁγίων
579 4315 804 4371 εῗκόνων
863 4312 1196 4389 καθαίρεσιν,
1256 4313 1631 4390 ὑποσχόμενοι
1685 4320 1766 4388 τῷ
1819 4311 2003 4373 ἀσεϐεῖ

351 4406 641 4476 ποιήσαντι
697 4404 873 4467 οὕτως
932 4403 1153 4478 βιώσειν
1208 4403 1445 4483 χρόνους
1510 4404 1721 4460 ἑκατόν.
1772 4406 2000 4470 Τούτοις

352 4494 589 4556 πεισθεὲς
645 4493 674 4549 6
738 4492 993 4567 ἀλάστωρ
1058 4491 1289 4551 πολλῶν
1339 4496 1518 4548 κακῶν
1576 4490 1750 4556 αἴτιος
1786 4494 2002 4571 γέγονεν

350 4585 490 4654 ἡμῖν
521 4586 636 4644 τοῖς
666 4583 1030 4658 Χριστιανοῖς.
1063 4580 1253 4657 Εὑρὼν
1306 4581 1407 4656 γὲιρ
1449 4602 1602 4646 τινας
1629 4583 2003 4660 ὁμοφρονοῦν-

351 4690 448 4733 τας
476 4669 629 4742 αὖτῷ
683 4671 773 4725 καὶ
829 4670 920 4726 τὸν
982 4668 1298 4732 Νακωλείας
1354 4669 1669 4743 ἆπίσκοπον,
1698 4671 1761 4728 οὐ
1791 4679 2000 4748 μικρῶς

350 4759 455 4827 τήν
486 4756 669 4813 πίστιν
702 4755 1037 4833 ὶλυμήνατο.

425 4848 734 4922 Ἰστόρηται
778 4845 836 4902 δὲ
877 4847 963 4905 ὅτι
992 4841 1115 4910 ἔθος
1142 4848 1210 4919 ἧν
1241 4849 1333 4905 τὸν
1365 4850 1509 4925 ῥῆγα
1562 4849 1837 4926 Φραγγίας
1866 4854 2005 4910 κατὰ

353 4937 504 5013 γένος
559 4934 776 5012 ἄρχειν,
833 4936 922 4993 καὶ
979 4934 1148 5012 μηδὲν
1209 4935 1436 4994 διοικεῖν
1482 4937 1633 5011 πλὴν
1671 4939 1758 4997 ὅτι
1787 4941 2002 5019 ἀλόγως

353 5025 549 5083 ἰσθίειν
576 5025 669 5082 καὶ
697 5027 898 5099 πίνειν,
944 5027 1083 5083 κατὰ
1132 5023 1192 5083 δὲ
1237 5025 1330 5083 τόν
1381 5031 1552 5086 Μάῖον
1587 5037 1731 5104 μῆνα
1759 5037 2000 5109 προκαθ·

2106 3526 2468 3602 baptismum
2497 3532 2715 3606 adegit.
2776 3539 2966 3607 Atque
3024 3537 3256 3594 Hebrmi
3289 3541 3527 3612 quidem
3558 3550 3768 3602 contra

2105 3618 2291 3672 animi
2323 3619 2414 3673 sui
2447 3622 2807 3678 sententiam
2853 3623 3130 3696 baptizati
3179 3627 3502 3686 abluerunt
3547 3631 3767 3704 baptis.

2104 3721 2292 3773 mum,
2325 3707 2577 3779 ciboque
2618 3717 2757 3765 ante
2806 3720 3082 3785 percepto
3115 3733 3419 3774 sacrorum
3452 3723 3765 3792 mysterio-

2106 3810 2238 3849 rum
2270 3795 2585 3869 participes
2637 3815 2700 3853 se
2760 3800 3050 3858 fecerunt.
3114 3807 3375 3861 Montani
3415 3814 3612 3864 autem
3647 3810 3761 3865 sibi

2106 3884 2356 3941 invicem
2387 3887 2685 3944 vaticinati
2717 3892 3043 3951 constituta
3068 3894 3164 3950 die
3196 3896 3404 3953 domos
3434 3901 3620 3954 errori
3654 3917 3761 3958 suo

2107 3973 2435 4031 destinatas
2468 3976 2787 4047 intrarunt,
2821 3997 2890 4035 ac
2922 3997 3051 4036 sese
3083 3984 3563 4043 combusserunt.

2177 4069 2349 4119 Anno
2382 4066 2633 4137 septimo
2678 4073 2838 4123 vates
2882 4068 3001 4137 isti,
3030 4087 3178 4141 quos
3210 4089 3389 4144 supra
3418 4076 3643 4133 dictum
3675 4086 3766 4136 est

2107 4151 2285 4207 Leoni
2317 4153 2631 4225 imperium
2659 4155 3029 4227 praedixisse,
3054 4167 3361 4229 venerunt,
3386 4167 3767 4236 promissam-

2107 4256 2221 4311 que
2250 4240 2360 4296 sibi
2392 4241 2464 4297 ab
2497 4260 2565 4298 eo
2596 4261 2897 4302 sacrarum
2947 4246 3277 4322 imaginum
3318 4253 3763 4312 subversionem

2106 4330 2504 4402 postularunt,
2539 4334 2889 4405 pollicentes
2918 4337 2996 4405 ei,
3046 4336 3094 4394 si
3140 4341 3550 4409 satistecisset,
3582 4347 3762 4403 vitam

2109 4420 2210 4473 100
2240 4434 2555 4477 annorum.
2590 4423 2688 4478 His
2720 4424 3051 4482 scelerosus
3098 4428 3210 4484 iste
3250 4429 3427 4487 fidem
3472 4434 3763 4492 adhibens

2107 4507 2295 4563 multa
2324 4508 2496 4565 nobis
2526 4510 2875 4569 Christianis
2901 4515 3057 4571 mala
3084 4518 3234 4574 794
3258 4522 3517 4591 paravit;
3551 4532 3761 4581 nactus

2109 4596 2267 4652 enim
2300 4598 2586 4670 quosdam
2615 4617 2816 4656 secum
2847 4605 3191 4663 sentientes.
3219 4608 3493 4682 interque
3515 4612 3624 4670 hos
3647 4616 3765 4686 epi-

2110 4702 2357 4759 scopum
2413 4688 2689 4753 Nacolim.
2749 4692 3099 4768 religionem
3156 4696 3318 4754 haud
3376 4699 3584 4757 leviter
3636 4703 3765 4775 pol-

2110 4775 2243 4832 luit.

2181 4866 2476 4923 Memoria)
2505 4867 2807 4939 proditum
2840 4878 2947 4931 est.
2979 4889 3177 4947 regem
3218 4876 3479 4932 Francia
3508 4893 3756 4935 consue-

2111 4953 2317 5011 tudine
2343 4954 2428 5012 sic
2450 4955 2780 5027 obtinente,
2807 4977 3050 5033 regnum
3074 4980 3181 5036 per
3200 4964 3443 5036 stirpem
3470 4982 3499 5019 ει
3522 4966 3761 5037 majori-

2110 5043 2221 5101 bus
2251 5044 2378 5100 suis
2406 5043 2481 5101 ad
2511 5061 2573 5102 se
2605 5047 2868 5107 delatum
2915 5066 3141 5124 gerere,
3174 5053 3327 5111 nulli
3373 5054 3475 5110 alii
3525 5055 3757 5131 negatio

1552 5165 1911 5232 XYLANDRI
1950 5179 2039 5237 ET
2077 5179 2295 5237 GOABI
2336 5180 2558 5237 NOTAE.

417 5299 529 5376 (5_6)
552 5299 792 5376 Nempe“
808 5313 877 5354 ex
900 5296 1217 5376 baptismo.
1238 5299 1525 5376 Ordinum
1548 5302 1851 5376 principes
1875 5309 1997 5368 dixi

348 5368 601 5445 θεμᾷτων
655 5368 1020 5445 προῦχοντας,
1069 5372 1210 5445 quia
1253 5378 1310 5426 et
1365 5372 1521 5427 intra
1548 5368 1779 5445 Ἧέματᾶ
1835 5383 2002 5439 Arta.

346 5441 599 5497 basdum
623 5441 1148 5529 proﬁopronymo
1179 5443 1596 5529 imperatorem
1639 5441 1880 5529 creasse
1912 5454 2002 5510 di-

352 5520 576 5592 cuntur
620 5513 867 5592 Ponitur
898 5513 1025 5592 vos
1053 5531 1125 5570 ea
1147 5586 1166 5592 _
1174 5513 1359 5592 etiam
1390 5532 1495 5587 pro
1525 5518 1904 5592 exercitibus,
1936 5531 2002 5582 ut

351 5582 531 5639 duces
562 5584 891 5657 intelligere
924 5585 1119 5642 liceat.
1147 5586 1286 5641 XYL.

418 5657 531 5728 (57)
564 5657 863 5731 lnterpres
884 5673 993 5730 pro
1022 5658 1310 5715 tribunali.
1343 5658 1514 5717 Errat
1554 5660 1711 5719 vocis
1739 5662 1816 5722 ad
1844 5666 1999 5727 Lati-

2108 5330 2247 5388 nam
2282 5313 2602 5388 gallusione
2659 5319 2815 5372 male
2867 5317 3114 5388 ductus;
3180 5321 3571 5380 Tribunalmm
3604 5325 3762 5383 enim

2112 5386 2398 5458 palatium
2431 5393 2561 5442 erat
2601 5386 3111 5456 augustissimum.
3144 5392 3316 5450 Favet
3345 5400 3403 5448 et
3430 5397 3763 5457 Cedrenum

2114 5458 2367 5542 ςξριξςρξ
2398 5458 2691 5542 Himerius
2717 5475 2731 5514 :
2764 5461 2901 5542 ςΕνΔ
2926 5463 3006 5542 τῶ
3055 5459 3332 5542 παλατίφ.
3351 5469 3440 5542 τῷ.
3468 5463 3763 5542 τριϐουνα..

2252 5524 2513 5609 Ερδωιίας
2562 5514 2844 5609 γυναικὸςή
2869 5514 3762 5609 θεδόοᾳεᾶοέιέξῗςνὸῗὸἓόδᾏ-

2109 5598 2250 5654 σίου.
2276 5598 2592 5685 Dicebatur
2619 5601 2778 5658 idem
2811 5606 3219 5665 novemdecim
3238 5598 3760 5685 Accubltorum,de

2107 5687 2227 5745 quo
2254 5688 2317 5745 p.
2346 5674 2472 5731 307.
2504 5674 2717 5732 ϐολιι..
2852 5720 2859 5724 .
3037 5736 3045 5743 _
3093 5730 3097 5735 ,
3262 5721 3267 5725 .
3568 5674 3573 5725 1
