4124 6210
465 288 578 349 871

1823 267 2143 331 GEORGII
2189 267 2541 330 CEDltENI

3770 266 3894 327 872

458 422 751 479 intentum
800 433 976 490 quam
1035 415 1222 470 brutzn
1278 407 1580 466 voracitati
1640 411 1816 476 atque
1850 402 2100 475 poculis.

2219 399 2422 469 έζεσθαι
2472 400 2554 456 ἐπῖ
2607 401 2807 463 παντὸς
2863 404 2960 455 τοῦ
3016 398 3219 465 ἔθνους,
3272 399 3362 455 καὶ
3420 404 3761 474 προσκυνεῖν
3800 399 3895 453 αὖε

456 512 742 568 Eumdem
794 509 939 563 Maio
991 519 1196 560 mense
1243 502 1303 556 in
1353 503 1672 569 conspectu
1708 495 1886 549 totius
1915 493 2109 565 gentis

460 600 800 674 prazsii‘lere,
832 603 1189 669 gentemque
1235 590 1504 654 adorare,
1538 592 1599 641 et
1650 584 1906 638 vicissim
1938 582 2011 637 ab
2044 597 2113 635 ea

460 670 716 751 adorari,
749 693 923 752 atque
972 684 1129 738 ultro
1181 687 1303 735 tum
1362 678 1432 732 de
1495 691 1656 730 more
1687 674 1951 743 citroque
1983 670 2109 725 dari

462 780 632 834 dona.
665 776 1014 831 Prmfectum
1038 772 1249 826 domus
1281 768 1401 824 sive
1427 766 1574 821 aulai
1609 763 1761 835 regis
1792 773 2110 830 rerumque

458 866 649 940 gentis
681 865 809 936 ejus
841 862 1108 917 omnium
1168 874 1369 914 curam
1418 870 1642 928 gerere.
1677 851 1783 917 Qui
1817 866 1886 905 ea
1930 849 2112 919 stirpe

458 939 731 1028 prognati
780 958 970 1013 erant,
1020 949 1243 1006 cristati
1306 946 1677 1010 dicebantur,
1728 939 1887 1013 quod
1916 939 2111 994 Graace

458 1046 675 1102 dicitur
704 1040 1145 1106 trichorachati,
1169 1037 1308 1108 quia
1336 1036 1525 1089 instar
1555 1046 1868 1104 porcorum
1897 1046 1966 1084 ex
1995 1028 2111 1099 spi-

457 1150 536 1190 na
565 1132 723 1188 dorsi
758 1135 1103 1185 enascentes
1136 1127 1287 1197 pilos
1319 1124 1629 1179 haberent.

532 1229 697 1276 Anno
728 1236 882 1275 nono
919 1219 1028 1273 Leo
1074 1214 1293 1285 impius
1344 1212 1519 1283 ccepit
1576 1209 1648 1264 de
1699 1207 1882 1263 sacris
1914 1206 2115 1279 imagi-

460 1312 637 1369 nibus
669 1308 998 1365 evertendis
1046 1306 1409 1362 mentionem
1458 1301 1670 1356 facere.
1706 1300 1827 1363 Quo
1859 1298 2112 1370 cognito,

463 1401 774 1473 Gregorius
804 1402 1001 1455 Romae
1033 1413 1185 1469 papa
1208 1394 1425 1449 tributo
1453 1392 1640 1447 Italiae
1668 1394 1727 1444 et
1756 1392 1954 1444 Roma)
1979 1403 2113 1442 eum

456 1492 778 1564 prohibuit,
813 1490 998 1545 missa
1029 1487 1211 1541 etiam
1243 1483 1522 1539 decretali
1567 1479 1819 1553 epistola
1863 1494 2113 1533 monens

456 1600 578 1638 non
610 1599 737 1638 esse
772 1579 1151 1652 imperatoris
1202 1577 1274 1633 de
1331 1574 1445 1630 fide
1503 1579 1762 1630 statuere
1794 1577 1895 1627 aut
1921 1575 2117 1626 vetera

458 1672 734 1727 Ecclesia:
766 1669 1005 1726 decreta
1034 1684 1066 1722 a
1097 1666 1317 1723 sanctis
1368 1662 1639 1719 Patribus
1685 1661 1838 1716 facta
1878 1658 2115 1715 convel-

455 1761 600 1818 lere.
634 1760 853 1816 Eodem
884 1774 1042 1814 anno
1073 1756 1252 1811 etiam
1299 1759 1531 1809 torrens
1581 1752 1644 1807 in
1690 1750 1899 1806 urbem
1932 1748 2106 1803 Edes-

463 1867 590 1907 sam
622 1848 928 1906 exundans
959 1846 1181 1903 multos
1212 1842 1533 1900 interemit.

532 2098 701 2152 Anno
734 2095 963 2149 decimo
996 2089 1306 2146 Masalmas
1356 2088 1682 2141 Caasaream
1728 2081 2109 2154 Cappadocim

458 2183 831 2256 expugnavit.
858 2181 1045 2236 Pestis
1067 2193 1304 2250 quoque
1324 2176 1383 2230 in
1407 2174 1573 2245 Syria
1592 2173 1721 2227 fuit.
1742 2175 1958 2227 .Estate
1983 2171 2111 2243 ejus

458 2275 599 2329 anni
629 2274 786 2327 inter
815 2271 1063 2327 Theram
1095 2273 1153 2323 et
1183 2265 1486 2320 Therasim
1511 2262 1738 2317 insulas
1759 2279 1863 2334 per
1883 2261 2113 2331 aliquot

456 2363 583 2419 dies
599 2380 664 2417 ex
682 2359 970 2433 profundo
989 2358 1165 2412 maris
1179 2370 1415 2410 sursum
1429 2369 1490 2407 se
1505 2351 2109 2422 extulitcaligo,quasi

462 2453 606 2509 795
643 2450 715 2506 ab
746 2451 991 2505 ardente
1040 2447 1278 2501 fornace
1335 2457 1618 2514 surgens:
1668 2457 1785 2512 qua
1825 2439 2109 2511 paulatim

457 2543 707 2598 densata
738 2542 919 2613 inque
950 2536 1210 2611 lapidem
1240 2538 1536 2598 concreta,
1568 2531 1733 2603 igniti
1767 2529 2024 2585 incendii
2056 2529 2107 2582 vi

457 2638 617 2687 totus
640 2637 698 2686 et
718 2630 883 2685 locus
907 2633 963 2683 et
985 2643 1086 2682 aer
1107 2626 1345 2697 igneum
1368 2627 1671 2692 aspectum
1697 2619 2105 2691 praetulerunt.

454 2723 519 2776 Ei
547 2721 620 2775 ob
653 2718 984 2774 crassitiem
1039 2722 1246 2769 terrete
1300 2711 1563 2766 materia)
1613 2709 1811 2778 magni
1844 2709 2108 2780 pumices

454 2809 720 2880 lapidum
744 2808 931 2861 instar
954 2822 1061 2876 per
1084 2809 1265 2857 totam
1293 2801 1485 2855 Asiam
1514 2798 2104 2867 minorem,Lesbum.

452 2898 842 2968 Abydumque
905 2900 963 2949 et
1018 2891 1381 2948 maritimam
1442 2888 1842 2944 Macedoniam
1874 2888 2107 2958 disjecti

457 2992 614 3049 sunt,
648 2986 729 3040 ita
756 2990 823 3040 ut
852 2983 1130 3039 universa
1171 2981 1352 3037 facies
1404 2980 1532 3051 ejus
1564 2979 1744 3034 maris
1774 2977 2110 3051 pumicibus

458 3078 517 3131 in
551 3093 784 3131 summo
810 3074 1148 3147 jacentibus
1195 3077 1349 3128 tecta
1396 3070 1593 3126 fuerit.
1636 3071 1698 3125 ln
1731 3069 1926 3124 medio
1958 3068 2107 3141 ignis

456 3167 633 3236 hujus
666 3166 860 3221 insula
880 3166 941 3220 in
967 3171 1184 3219 terram
1208 3161 1540 3232 constipata
1569 3159 1871 3229 Hiermque
1896 3157 2104 3212 insula,
2146 3137 2186 3201 (ἶ

453 3263 691 3328 aggesta
724 3261 848 3321 est;
881 3271 1011 3325 qua:
1034 3261 1170 3307 ante
1198 3265 1502 3320 nunquam
1528 3248 1659 3306 fuit.
1689 3248 1792 3302 sed
1815 3245 2110 3317 quomodo

454 3348 594 3401 olim
629 3346 818 3400 Thera
871 3351 931 3399 et
983 3341 1265 3397 Therasia
1322 3342 1667 3409 eruperunt,
1711 3336 1793 3391 ita
1822 3344 1880 3390 et
1909 3336 2112 3390 isthmc

454 3440 625 3489 mtate
655 3434 773 3488 Deo
805 3431 1033 3487 adversi
1082 3427 1312 3483 Leonis.
1365 3428 1653 3480 Cirterum
1688 3425 1797 3478 Leo
1829 3431 2111 3494 quantam

452 3526 515 3581 in
557 3542 620 3579 se
656 3523 752 3579 Dei
783 3523 935 3576 iram
966 3518 1326 3574 concitasset
1366 3520 1673 3586 reputans,
1704 3513 2111 3585 impudentius

453 3612 808 3670 venerandis
840 3609 1199 3681 imaginibus
1230 3605 1454 3661 bellum
1481 3604 1679 3659 movit.
1706 3604 1895 3668 Quare
1928 3620 2113 3675 popu-

452 3704 548 3759 lus
580 3702 755 3775 regim
808 3699 975 3755 urbis
1036 3695 1367 3752 vehementi
1427 3692 1625 3749 dolore
1680 3692 1939 3764 percitus
1976 3709 2110 3747 cum

452 3794 650 3865 ipsum
686 3792 940 3845 Leonem
973 3785 1498 3850 statuitinvadere,
1524 3790 1649 3839 tum
1676 3782 1892 3838 multos
1924 3782 2111 3853 ipsius

453 3881 810 3937 domesticos
838 3877 1171 3940 trucidavit,
1196 3880 1373 3946 atque
1400 3890 1501 3929 eos
1523 3872 1699 3927 etiam
1731 3871 1831 3943 qui
1868 3872 2110 3943 imposio

452 3979 574 4029 tam
600 3986 826 4043 magnai
851 3984 1018 4023 aerea)
1042 3970 1225 4037 portae
1248 3963 1565 4034 imaginem
1594 3961 1826 4017 Domini
1855 3961 2111 4016 abstule-

450 4068 605 4120 rant.
640 4064 762 4127 Quo
797 4061 1017 4115 factum
1051 4059 1141 4110 est
1182 4059 1247 4109 ut
1296 4050 1469 4107 multi
1504 4068 1608 4121 pro
1640 4050 1859 4122 pietate
1890 4067 2108 4121 propu-

448 4157 698 4227 gnantes
729 4146 1038 4219 suppliciis
1068 4143 1469 4206 afﬁcerentur,
1494 4138 1590 4194 alii
1623 4138 1905 4194 membris
1937 4140 2110 4194 muti-

448 4243 574 4306 lati,
608 4239 709 4293 alii
743 4235 1016 4307 ﬂagellis.
1048 4230 1270 4286 exsiliis
1320 4234 1378 4282 et
1426 4227 1628 4282 multis
1657 4228 1848 4299 puniti
1878 4244 1891 4294 ;
1925 4234 2106 4300 utque

448 4330 547 4401 pia
577 4325 911 4382 scholarum
938 4321 1205 4377 doctrina
1231 4321 1505 4374 cessaret.
1532 4317 1674 4371 Nam
1702 4317 1857 4389 apud
1882 4317 2105 4387 regiam

450 4418 769 4471 cisternam
802 4411 1086 4485 palatium
1134 4413 1262 4464 erat
1308 4404 1669 4469 venerabile,
1702 4405 1763 4460 in
1797 4423 1912 4477 quo
1935 4407 2107 4477 juxta

2215 493 2331 550 τοῖς
2388 490 2479 543 καὶ
2536 490 3079 564 ἀντιπροσκυνεῖσθαι
3142 491 3230 544 ὑπ’
3291 489 3488 559 αὐτῶν,
3535 488 3865 568 δωροφορεῖ

2220 576 2343 632 σθαί
2370 599 2428 633 τε
2458 580 2594 635 κατᾶ
2625 581 2913 649 συνήθειαν
2969 580 3059 634 καὶ
3118 576 3444 633 ἂντιδιδόναι
3480 578 3703 646 αὐτοῖς,
3740 576 3895 652 {Law

2220 664 2277 722 δὲ
2305 669 2565 730 πρόοικον
2621 672 2735 744 (58)
2785 669 3013 744 γνώμην
3065 668 3229 723 αὐτοῦ
3280 669 3368 723 καὶ
3421 672 3522 723 τοῦ
3568 667 3770 730 ἔθνους
3822 669 3895 729 εἰς

2217 758 2278 812 τὸ
2310 754 2534 812 διοικεῖν
2598 758 2770 813 πάντα
2826 759 2892 813 τὰ
2949 758 3266 833 πράγματα.
3318 756 3615 833 Ἐλέγοντο
3649 754 3709 812 δὲ
3744 759 3805 811 οἱ
3837 758 3895 812 ἐκ

2216 851 2314 902 1:05
2368 852 2555 924 γένους
2609 846 2812 903 ἐκείνου
2870 847 3240 921 καταγόμενοι
3294 850 3601 921 κριστατοι,
3634 847 3666 902 ’ὁ
3698 847 3891 922 ἑρμη-

2218 934 2425 991 νεύεται
2482 937 2907 1013 αριχοραχάτοι’
2972 938 3125 1010 εἶχον
3182 937 3284 1011 γὰρ
3340 935 3479 990 κατᾶ
3524 942 3627 1005 τῆς
3663 936 3895 1011 ῥάχεως

2220 1026 2395 1083 αὐτῶν
2423 1028 2619 1104 τρίχας
2658 1025 2994 1103 ἐκφυομένας
3027 1027 3102 1089 ὡς
3133 1033 3345 1103 χοῖροι.

2291 1192 2383 1263 Τῷ
2412 1192 2454 1255 0'
2479 1189 2585 1245 ἔτει
2615 1191 2816 1263 ἤρξατο
2872 1190 2899 1245 6
2963 1185 3227 1258 δυσσεϐὴς
3266 1190 3413 1245 Λέων
3464 1189 3557 1244 τὸν
3587 1190 3733 1244 κατᾶ
3783 1195 3889 1257 τῆς

2220 1284 2327 1335 τῶν
2388 1281 2557 1357 ἁγίων
2616 1278 2841 1335 είκόνων
2916 1280 3279 1347 καθαιρέσεως
3339 1278 3502 1355 λόγον
3570 1284 3890 1342 ποιεῖσθαι.

2220 1369 2525 1446 Γρηγόριος
2575 1366 2632 1424 δὲ
2690 1370 2718 1424 6
2766 1368 2947 1431 πάπας
3003 1370 3227 1442 Ῥώμης
3284 1372 3444 1423 τοῦτο
3507 1367 3695 1441 μαθὼν
3752 1368 3890 1429 τοὺς

2220 1458 2420 1536 φόρους
2450 1461 2548 1523 τῆς
2603 1457 2841 1519 Ἰταλίας
2898 1458 2988 1512 καὶ
3043 1458 3268 1529 Ῥώμης
3327 1454 3597 1527 ἐκώλυσε,
3656 1458 3892 1531 γράψας

2218 1547 2477 1622 καὶπρὸς
2523 1547 2727 1603 Λέοντα
2778 1545 3074 1615 ἐπιστολὴν
3123 1543 3481 1621 δογματικῆν,
3517 1546 3593 1618 μή
3630 1542 3746 1599 δεῖν
3789 1547 3892 1621 βα-

2221 1636 2373 1692 σιλέα
2404 1636 2564 1711 λόγον
2616 1637 2739 1708 περὶ
2793 1636 3025 1697 πίστεως
3078 1637 3350 1691 ποιεῖσθαι
3399 1635 3492 1689 καὶ
3522 1641 3894 1708 καινοτομεῖν

2216 1727 2283 1781 τὰ
2312 1726 2516 1805 ἀρχαῖα
2547 1729 2631 1799 [Ρ.
2665 1728 2790 1800 454]
2841 1723 3091 1800 δόγματα
3137 1727 3237 1793 τῆς
3292 1722 3623 1795 Ἐκκλησίας
3669 1725 3741 1779 τὰ
3780 1726 3890 1779 ὑπὸ

2216 1820 2323 1870 τῶν
2352 1815 2518 1891 ἁγίων
2552 1817 2805 1890 Ματέρων
2859 1812 3306 1889 δογματισθέοτα.
3362 1816 3460 1885 Τῷ
3509 1811 3556 1868 δ’
3586 1812 3743 1884 αὖτῷ
3778 1811 3889 1868 ἔτει

2218 1902 2326 1964 ἔτει
2356 1908 2445 1962 καὶ
2478 1908 2506 1962 6
2536 1905 2837 1983 χείμαρρος
2888 1908 3000 1981 (59)
3052 1904 3472 1980 πλημμυρήσας
3512 1902 3777 1974 εῗσῆλθεν
3812 1902 3891 1965 εἷς

2221 1994 2458 2068 Ἐδεσαν,
2489 1997 2578 2052 καὶ
2609 1999 2708 2067 τὴν
2737 1995 2900 2051 πόλιν
2932 1996 3023 2051 καὶ
3056 1991 3304 2056 πολλοὺς
3331 1995 3580 2071 ἠφάνισε.

2291 2089 2387 2159 Τῷ
2447 2087 2478 2142 ι’
2534 2081 2638 2142 ἔτει
2696 2085 3080 2162 ἐπεστράτευσε
3152 2083 3454 2157 Μασαλμᾶς
3507 2086 3608 2155 την
3673 2083 3886 2140 Καισά-

2223 2198 2366 2254 ρειαν
2423 2175 2806 2240 Καππαδοκίας
2891 2176 2981 2233 καὶ
3061 2172 3365 2252 παρέλαϐεν
3434 2174 3619 2244 αὐτὴν.
3683 2173 3889 2251 Γέγονε

2220 2265 2277 2323 δὲ
2305 2266 2395 2322 καὶ
2428 2268 2710 2323 θανατικὸν
2767 2267 2842 2329 εἷς
2899 2268 3117 2342 Συρίαν.
3163 2270 3253 2324 'Ev
3312 2266 3458 2338 αὖτῷ
3489 2270 3566 2336 τῷ
3596 2262 3732 2333 ἔτει,
3764 2266 3891 2339 ὥρᾳ

2220 2357 2430 2431 θέρους,
2488 2356 2650 2431 ἀτμίς
2704 2356 2934 2431 καμίνου
2993 2356 3163 2431 πυρὸς
3221 2350 3509 2428 ἀνέϐρασεν
3566 2354 3670 2409 {xvi
3714 2353 3885 2426 μέσον

2220 2450 2399 2522 Θήρας
2425 2448 2516 2502 καὶ
2584 2449 2859 2522 Θηρασίας
2917 2450 3025 2501 τῶν
3078 2448 3257 2516 νήσων
3297 2443 3356 2499 ἐκ
3407 2448 3505 2501 τοῦ
3559 2445 3735 2519 βυθοῦ
3774 2450 3886 2512 τῆς

2220 2535 2496 2605 θαλάσσης
2528 2537 2614 2592 ἐπὶ
2648 2536 2856 2610 ἡμέρας
2887 2537 3057 2605 τινὰς,
3107 2535 3198 2590 καὶ
3247 2534 3384 2589 κατὰ
3417 2534 3596 2609 βραχὺ
3627 2553 3889 2608 παχύνο-

2222 2628 2392 2701 μένης
2422 2627 2513 2683 καὶ
2545 2626 2985 2699 ἁπολίθουμένης
3041 2629 3111 2699 τῇ
3169 2621 3407 2698 πυρώδει
3459 2622 3709 2678 ἑκκαύσει
3748 2620 3888 2684 ὅλος

2219 2719 2247 2773 6
2299 2718 2468 2782 τόπος
2526 2718 2616 2772 καὶ
2649 2719 2677 2771 6
2707 2717 2813 2791 ἀὴρ
2867 2718 3183 2796 πυρορρανῆς
3241 2713 3534 2771 ἐδείκνυτο.
3566 2715 3649 2787 Τῇ
3684 2709 3743 2767 δὲ
3774 2733 3886 2767 πα-

2220 2808 2420 2886 χύτητι
2451 2813 2549 2875 τῆς
2578 2803 2819 2881 γεώδους
2863 2804 3044 2867 οὐσίας
3098 2806 3558 2879 πετροκισσήρους
3596 2800 3881 2879 μεγαλους

2219 2897 2294 2959 ὡς
2348 2896 2535 2960 λίθους
2588 2897 2735 2955 τινας
2789 2892 3098 2968 ἀναπέμψαι
3153 2895 3271 2948 καθ’
3325 2892 3461 2963 ὅλης
3517 2898 3615 2961 τῆς
3672 2896 3881 2965 μικρᾶς

2218 2986 2403 3048 Ἀσίας
2432 2985 2521 3040 καὶ
2556 2980 2761 3041 Λέσϐου
2810 2985 2898 3039 καὶ
2948 2979 3178 3041 Ἀϐύδου
3224 2981 3313 3037 καὶ
3367 2989 3469 3052 τῆς
3500 2982 3636 3058 πρὸς
3666 2981 3882 3037 θάλασ-

2218 3096 2311 3130 σαν
2343 3072 2701 3136 Μακεδονίας,
2761 3074 2835 3138 ὡς
2894 3074 3032 3129 ἅπαν
3089 3074 3150 3128 τὸ
3206 3072 3501 3146 πρόσωπον
3531 3078 3631 3141 τῆς
3664 3070 3877 3134 exlio-

2219 3186 2317 3235 σης
2376 3165 2575 3234 ταύτης
2630 3165 2907 3238 κιστήρων
2965 3162 3406 3231 έπιποΛαζόντων
3451 3162 3662 3236 γέμειν.
3698 3160 3876 3216 Μέσον

2213 3252 2270 3310 6‘s
2298 3258 2394 3309 τοῦ
2439 3252 2772 3322 τηλικούτου
2830 3253 3001 3327 πυρὸς
3048 3251 3210 3319 νῆσος
3267 3252 3644 3329 ἆπογεωθεῖσα
3670 3254 3745 3322 τῇ
3777 3248 3877 3305 λε-

2209 3345 2413 3418 γομένῃ
2471 3342 2591 3413 ἱερᾷ
2643 3344 2794 3415 νήσῳ
2868 3344 3137 3419 συνηφθη.
3197 3343 3367 3414 μήπω
3416 3341 3476 3395 τὸ
3530 3340 3655 3414 πρὶν
3715 3336 3872 3402 οὖσα,

2210 3429 2338 3486 ἀλλ’
2370 3432 2444 3492 ὡς
2476 3432 2533 3488 αἱ
2566 3429 2964 3506 προρῥηθεῖσαι
3012 3433 3161 3505 Θήρα
3209 3451 3266 3486 τε
3311 3430 3402 3486 καὶ
3450 3429 3694 3502 Θηρασία
3738 3429 3874 3483 ποτὶ

2209 3516 2625 3594 έξεὸράσθησαν,
2687 3517 2834 3575 οὕτω
2890 3519 2979 3575 καὶ
3033 3519 3169 3588 αὕτη
3223 3524 3313 3573 νῦν
3373 3517 3461 3573 ἐπὶ
3513 3522 3621 3573 τῶν
3653 3516 3871 3591 χρόνων

2209 3614 2306 3664 τοῦ
2365 3609 2645 3687 θεομάχου
2704 3610 2953 3670 Λέοντος.
3014 3609 3113 3669 Ὀς
3178 3609 3275 3676 τήν
3336 3608 3454 3662 κατ’
3513 3604 3679 3661 αὓτσῶ
3728 3605 3873 3661 θείαν

2213 3698 2383 3774 ὀργὴν
2444 3700 2579 3775 ὑπὲρ
2632 3699 2797 3754 αὐτοῦ
2873 3698 3230 3775 λογισάμενος
3301 3696 3675 3771 ἀναιδέστερον
3733 3696 3873 3751 κατᾶ

2211 3794 2317 3846 τῶν
2372 3791 2543 3864 ἁγίων
2594 3794 2805 3845 σεπτῶν
2856 3789 3077 3846 εἷ’κόνων
3115 3786 3303 3865 ἤγειρε
3330 3785 3600 3862 πόλεμον.
3637 3787 3705 3843 Οἱ
3738 3784 3875 3859 μέν-

2210 3902 2295 3935 τοι
2329 3881 2464 3935 κατὰ
2491 3881 2589 3949 τὴν
2627 3878 2881 3954 βασιλίδα
2920 3879 3082 3936 πόλιν
3135 3876 3301 3954 ὄχλοι
3335 3877 3543 3955 σφόδρα
3572 3876 3868 3948 λυπούμε-

2210 3990 2292 4024 νοι
2324 3968 2472 4042 αὑτῷ
2501 3989 2559 4024 τε
2590 3967 2825 4042 ἔμελλον
2855 3967 3099 4024 ἐπελθεῖν
3132 3969 3223 4023 καὶ
3252 3966 3499 4029 πολλοὺς
3548 3965 3869 4042 βασιλικοὺς

2211 4057 2530 4132 ἀνθρώπους
2562 4057 2802 4128 ἀνεῖλον,
2851 4057 2978 4119 τούς
3023 4079 3082 4113 τε
3129 4055 3455 4121 καθελόντας
3501 4057 3601 4125 τὴν
3642 4052 3733 4110 ἐπὶ
3771 4060 3871 4123 τῆς

2214 4144 2464 4224 μεγάλης
2494 4144 2713 4222 χαλκῆς
2747 4147 2931 4214 πύλης
2976 4151 3071 4202 τοῦ
3123 4146 3326 4221 Κυρίου
3357 4144 3560 4213 εἰκόνα,
3593 4144 3669 4205 ὡς
3714 4150 3867 4199 πολ-

2212 4236 2345 4298 λοὺς
2399 4236 2531 4310 ὑπὲρ
2571 4240 2672 4301 τῆς
2718 4231 2988 4298 εὐσεϐείας
3033 4239 3425 4311 τιμωρηθῆναι
3475 4232 3658 4309 μελῶν
3688 4253 3749 4288 τε
3781 4232 3869 4287 ὲκ·-

2208 4329 2405 4387 κοπαῖς
2451 4323 2541 4379 καὶ
2590 4324 2805 4397 μάστιξι
2860 4324 2951 4379 καὶ
3008 4323 3242 4399 έξορίαις
3297 4323 3388 4378 καὶ
3432 4321 3689 4395 ζζημίσις
3727 4321 3866 4376 ὐπο-

2211 4408 2506 4482 ϐληθῆναι,
2557 4407 2845 4483 σϐεσθῆναί
2892 4433 2950 4468 τε
2990 4413 3098 4468 τῶν
3167 4408 3565 4487 παιδευτηρίων
3616 4411 3715 4479 τήν
3779 4408 3869 4464 εὖ·

448 4506 757 4575 antiquam
789 4502 1041 4557 formam
1073 4498 1473 4555 mcumenicus
1524 4494 1805 4567 magister
1835 4494 2097 4564 sedebat,

2219 4501 2343 4569 σεϐῆ
2388 4503 2760 4563 διδασκαλίαν.
2814 4506 2955 4582 Πρὸς
3006 4507 3109 4581 γὰρ
3165 4509 3232 4579 τῇ
3281 4504 3548 4579 λεγομένῃ
3598 4502 3863 4577 βασιλικῇ

447 4593 761 4652 duodecim
795 4590 1023 4648 habens
1046 4586 1369 4659 discipulos
1396 4584 1731 4640 eruditione
1755 4589 1813 4639 et
1832 4584 1948 4639 vita
1967 4601 2103 4657 gra-

444 4704 562 4742 ves.
596 4685 639 4741 Ii
673 4700 807 4738 cum
841 4697 1080 4735 omnem
1114 4676 1348 4733 dicendi
1374 4675 1683 4731 scientiam
1712 4672 2014 4729 celeritate
2046 4679 2105 4731 et

445 4772 839 4848 amplitudine
890 4768 1115 4841 ingenii
1167 4765 1596 4840 percepissent.
1640 4762 2102 4820 ecclesiasticam

445 4866 781 4924 divinarum
801 4876 1002 4918 rerum
1020 4855 1371 4930 sapientiam
1393 4853 1510 4909 acri
1533 4850 1728 4907 studio
1749 4853 2100 4912 tractabant:

2210 4594 2495 4671 κινστέρνῃ
2552 4595 2819 4652 παλάτιον
2878 4596 2945 4666 ἦν
3005 4595 3217 4669 σεμνὸν,
3285 4592 3340 4649 έν
3407 4594 3453 4665 ᾧ
3504 4593 3641 4647 κατὰ
3694 4592 3863 4647 τύπον

2211 4685 2443 4761 ἀρχαῖον
2479 4684 2858 4758 οῖκουμενικὸς
2906 4686 3019 4758 (60)
3067 4682 3299 4752 ἐκάθητο
3330 4680 3680 4751 διδάσκαλος,
3714 4677 3861 4756 ἔχων

2216 4773 2460 4846 μαθητὰς
2493 4772 2644 4847 λόγῳ
2674 4774 2764 4828 καὶ
2814 4773 2919 4848 βίῳ
2977 4770 3203 4845 σεμνοὺς
3248 4771 3339 4825 τὸν
3367 4769 3599 4841 ἀριθμὸν
3630 4766 3861 4824 δώδεκα.

2212 4860 2377 4920 Οὗτοι
2409 4867 2581 4918 πᾶσαν
2633 4859 2868 4937 λογικὴν
2913 4860 3222 4935 ἐπιστήμην
3272 4860 3432 4934 τάχει
3480 4879 3538 4914 τε
3574 4855 3666 4913 καὶ
3702 4858 3861 4933 μεγέ-

1647 4977 2008 5039 XYLANDRI
2046 4987 2134 5042 ET
2186 4990 2401 5047 GOAllI
2441 4989 2661 5048 ΝΟΓᾹΞ.

518 5115 625 5184 (58)
657 5114 857 5167 Domus
903 5110 1068 5187 regi?
1117 5108 1384 5187 majorem
1424 5102 1583 5187 apud
1613 5104 1956 5187 Gregorium
1987 5110 2099 5187 Tu.

445 5176 790 5247 ronensem,
824 5181 980 5254 apud
1012 5176 1260 5254 Paulum
1290 5176 1590 5254 (Emilium
1622 5178 1949 5254 magisque:
1992 5184 2099 5235 mi.

446 5256 603 5311 litum
633 5247 1189 5325 dictum'reperies;
1235 5250 1356 5325 cui_
1380 5264 1581 5325 parem
1614 5264 1733 5325 non
1766 5247 1964 5304 officio
1997 5254 2100 5309 sed

445 5342 683 5381 nomine
716 5326 897 5381 Graeci
947 5319 1283 5379 habuerunt
1331 5319 1623 5393 ῥαὶκτῶρα.
1656 5321 1967 5393 Rectorem
2000 5342 2100 5381 eo-

445 5412 576 5450 IDUS
608 5403 773 5452 vocat
807 5395 1200 5466 Luitprandus
1235 5410 1285 5448 e.
1320 5393 1426 5447 ult.
1464 5392 1604 5447 Hist.
1636 5392 1813 5466 gon.

516 5467 628 5538 (59}
666 5469 763 5522 Vel
797 5469 876 5524 sit
904 5464 1234 5538 proprium,
1276 5467 1581 5538 Chimarus.
1632 5464 1947 5538 Torrentes
1984 5485 2098 5527 au-

442 5534 563 5595 tem
589 5534 694 5596 sua
710 5534 1109 5596 exundatione
1137 5554 1257 5595 non
1281 5537 1473 5608 parvis
1494 5540 1596 5592 aut
1620 5534 1773 5589 male
1794 5538 2101 5597 aadificatis

440 5610 631 5690 pagis,
664 5610 769 5671 sed
797 5608 1047 5671 urbibus
1077 5625 1314 5687 quoque
1356 5608 1606 5669 minime
1642 5612 2101 5677 contemnendis

2210 5131 2453 5186 magnas
2485 5113 2686 5171 clades
2717 5113 2936 5169 inferre
2978 5114 3067 5168 vel
3116 5114 3349 5186 Basilea
3396 5113 3609 5186 docere
3639 5103 3861 5186 potest'

2211 5183 2559 5314 ὲὲἕὲπὲξνςν
2590 5203 2755 5259 papae
2790 5186 3101 5257 epistolam
3134 5186 3207 5241 ad
3236 5185 3478 5241 verbum
3504 5183 3863 5239 decretalem

2366 5300 2375 5309 .
2472 5274 2535 5312 'L.

2208 5274 2375 5313 veru.
2404 5274 2535 5313 LYL.

2281 5332 2392 5412 (60')
2452 5329 2923 5412 Glicumenicum‘
2969 5329 3317 5412 magistrum
3404 5328 3669 5412 dictum“
3701 5330 3859 5412 puto,

2211 5402 2378 5471 quasi
2413 5402 2585 5467 cujus
2616 5400 2888 5456 doctrina
2910 5397 3381 5456 totus'terrarum
3417 5399 3575 5454 orbis
3608 5397 3863 5471 illustra-

2208 5469 2393 5553 retur.
2428 5473 2746 5553 autocujus
2770 5489 2876 5544 per
2905 5489 3144 5528 omnem
3177 5472 3681 5528 Christianitatem
3715 5469 3862 5542 vige-

2209 5550 2302 5601 ret
2330 5545 2671 5600 auctoritas.
2707 5545 2845 5601 XrL.
