4148 6212
366 197 484 296 37s

1465 199 2013 274 HISTORIARUM
2057 201 2614 272 COMPENDIUM.

3646 207 3764 270 8'76

359 333 440 388 θει
468 330 678 410 φύσεως
732 331 1128 408 μετερχόμενοι
1183 333 1294 408 οὐχ
1351 332 1548 402 ¹ἥκιστα
1577 335 1679 398 τήν
1710 332 1984 405 ἐκκλησια

2123 336 2347 410 absque
2373 339 2585 395 horum
2617 339 2861 396 consilio
2911 341 3062 396 79B
3106 341 3432 413 quidquam
3478 341 3594 413 agi,
3626 343 3771 412 ipsis

358 425 550 493 στικήν
588 425 852 494 μετῄεσαν
905 421 1210 502 θεοσοφίανν
1270 423 1344 476 ὧν
1397 426 1498 492 τῆς
1552 429 1779 499 γνῶμης
1837 423 2014 500 χωρῖς

357 515 424 570 οὗ
455 514 674 586 θεμιτόν
703 535 754 568 τι
786 520 961 569 ποιεῖν
989 511 1197 568 έδόκτει
1238 511 1363 568 οὖδὶ
1411 519 1523 576 τοῖς
1575 513 1887 590 βασιλεῦσιν
1915 513 2014 569 αὗ-

353 610 493 667 τοῖς.
524 603 765 666 Τούτους
799 604 826 658 6
857 603 1038 660 Κόνων
1086 608 1301 682 συχνῶς
1346 603 1829 676 προσκαλούμενος
1861 603 2012 659 ἐπεί-

356 699 480 769 ραζε
537 697 718 747 πεῖσαι
777 697 848 767 τῇ
910 693 1076 747 αύτοῦ
1135 691 1359 767 αἱρέσει.
1420 691 1752 756 Καταθέσθαι
1811 691 1868 748 δὲ
1929 693 2004 764 μή

350 779 824 857 καταδεχομένους
893 781 1020 836 ἀλλ’
1077 781 1502 843 ἀντιπίπτοντας
1577 781 1786 854 ἀτίμως
1838 803 2008 838 κατα-

349 879 669 942 κλεισθῆναι
723 869 1101 926 διεκελεύσατο
1160 870 1352 939 ἐκεῖσε,
1413 869 1502 926 διά
1559 868 1617 926 δὶ
1669 877 1770 940 τῆς
1815 873 2006 937 νυκτὸς

349 959 456 1036 πῦρ
509 959 771 1017 κυκλόθεν
830 960 1042 1040 ὑφάψας
1102 961 1293 1022 αὐταῖς
1371 961 1572 1023 ἑστίαις
1629 961 1718 1015 καὶ
1777 957 2002 1035 βίϐλοις

350 1051 588 1114 πολλαῖς
642 1053 732 1107 καὶ
792 1050 986 1114 καλαῖς
1043 1052 1132 1107 καὶ
1191 1051 1428 1106 σκεύεσιν
1489 1052 1658 1126 ἱεροῖς
1717 1052 1744 1106 ὁ
1807 1053 2001 1126 μιαρὸς

345 1141 689 1198 κατέκαυσεν.
749 1141 1023 1204 Ἐντεῦθεν
1083 1140 1426 1209 στασιάζουσι
1507 1141 1624 1195 κατ’
1679 1139 1842 1195 αὐτοῦ
1905 1162 1998 1214 με·

342 1228 489 1306 γάλῃ
539 1229 819 1305 ναυμαχίᾳ
868 1231 1325 1306 συμφωνήσαντες
1375 1226 1696 1286 Ἐλλαδικοί
1736 1251 1795 1286 τε
1823 1230 1914 1285 καὶ
1949 1231 2000 1286 οῖ

341 1324 450 1373 τῶν
506 1316 805 1375 Κυκλάδων
851 1321 1054 1389 νήσων,
1116 1317 1170 1373 οἳ
1245 1318 1335 1374 καὶ
1389 1316 1862 1394 προσπελάσαντες
1919 1323 2000 1393 τῷ

2127 446 2360 500 quoque
2393 431 2854 502 imperatoribus
2879 431 3046 486 nefas
3067 432 3402 502 putabatur.
3427 433 3544 487 Hos
3573 433 3776 487 Conon

2124 519 2197 574 ad
2222 536 2284 575 se
2303 537 2515 575 vocans
2537 519 2866 575 identidem
2888 520 2950 575 in
2971 537 3137 576 suam
3157 520 3412 576 hmresin
3436 523 3778 594 pertrahere

2123 609 2461 681 satagebat:
2495 617 2838 665 recusantes
2876 615 3075 666 autem
3135 615 3191 664 et
3251 627 3378 666 sese
3409 619 3776 682 opponentes

2117 695 2511 770 ignominiose
2543 699 2603 754 in
2633 715 2738 754 sua
2769 698 2874 755 illa
2900 699 3104 755 schola
3126 699 3401 755 concludi
3426 701 3628 770 jussit,
3661 718 3771 756 n0-

2115 793 2331 858 cluque
2358 788 2491 861 igne
2526 787 2926 843 circumdatos
2948 806 3082 844 cum
3105 789 3280 843 domo
3310 789 3593 859 librisque
3620 791 3771 845 mul-

2114 876 2190 931 tis
2221 883 2280 930 et
2310 877 2585 949 pretiosis
2616 894 2682 932 ac
2719 894 2886 934 sacra
2911 877 3277 950 supellectile
3307 877 3646 933 combussit.
3683 879 3764 934 Ob

2113 965 2170 1020 id
2199 983 2413 1038 magna
2442 967 2631 1022 classe
2662 973 2865 1022 coacta
2896 967 3102 1026 Graeci.
3136 973 3196 1022 et
3223 967 3324 1038 qui
3357 967 3638 1038 Cyclades
3669 967 3765 1022 in-

2112 1055 2270 1110 sulas
2292 1055 2591 1114 tenebant.
2618 1056 2843 1111 bellum
2868 1057 2920 1111 ei
2943 1057 3167 1112 faciunt
3211 1056 3322 1112 Sed
3347 1057 3761 1126 Byzantiojam

2109 1145 2639 1216 propinquantium
2695 1145 3013 1200 artiﬁcioso
3071 1144 3192 1217 igni
3247 1161 3422 1200 naves
3464 1161 3582 1200 una
3625 1162 3759 1200 cum

2109 1233 2255 1304 ipsis
2287 1251 2586 1289 succensa)
2617 1235 2946 1306 perierunt.
2974 1235 3155 1288 Porro
3178 1242 3377 1288 autem
3405 1234 3620 1305 impius
3648 1235 3758 1290 Leo

2110 1322 2390 1394 pietatem
2425 1323 2756 1394 impensius
2787 1323 3062 1394 persequi
3098 1323 3376 1394 perrexit.

344 1408 626 1482 Βυζαντίῳ
656 1411 948 1478 ἡττῶνται,
981 1406 1404 1481 ἐμπρησθέντων
1439 1409 1616 1465 αὐτῶν
1649 1406 1798 1470 ἐντὸς
1827 1413 1974 1478 νηῶν
2007 1410 2086 1482 τῷ
2122 1415 2398 1484 σκευαστῷ
2427 1411 2580 1485 πυρί.
2611 1407 2769 1481 Αὔξει
2794 1408 2850 1466 δὲ
2877 1412 2978 1481 τήν
3009 1410 3196 1466 κακίαν
3229 1406 3378 1465 Λέων
3411 1412 3438 1466 6
3470 1405 3756 1481 δυσσεϐἠς,

337 1499 473 1553 κατὰ
501 1504 600 1562 τῆς
632 1493 902 1560 εὐσεϐείας
932 1499 1024 1552 τὸν
1055 1495 1302 1572 διωγμὸν
1335 1497 1639 1556 ἐπιτείνων.

408 1589 500 1657 Τῷ
531 1588 617 1659 [Ρ.
654 1590 782 1659 455]
835 1584 879 1641 δ’
935 1587 1086 1658 αὐτῷ
1143 1583 1270 1657 ἔτει,
1326 1587 1460 1642 κατὰ
1488 1593 1588 1655 τῆς
1617 1588 1858 1643 Βιθυνῶν
1899 1589 1984 1645 Νι-

2175 1590 2398 1646 Eodem
2427 1607 2606 1654 anno.
2638 1595 2818 1648 Amer
2840 1608 2975 1647 enm
3009 1594 3073 1646 15
3109 1591 3371 1646 millibus
3402 1591 3546 1648 levis
3569 1608 3758 1647 arma-

333 1676 487 1738 καίας
519 1677 910 1751 παρατάττεται
968 1681 1148 1750 ’Ἂμερ
1199 1678 1258 1731 ἐν
1307 1674 1522 1752 χιλιάσι
1575 1685 1632 1732 ιε’
1672 1676 1994 1749 μονοζώνων

331 1763 668 1841 προδραμὼν
725 1765 815 1820 καὶ
876 1765 1347 1841 ἆπαρασκεύαστον
1411 1765 1698 1829 κυκλώσας
1747 1769 1847 1837 τήν
1887 1767 1993 1822 πό-

330 1853 439 1926 λιν,
473 1854 562 1910 καὶ
596 1849 807 1918 Μαϐίας
849 1853 1236 1911 ἐπακολουθῶν
1287 1855 1339 1910 ἐν
1387 1855 1588 1918 ἄλλαις
1639 1855 1784 1912 ὀκτὼ
1815 1857 1989 1928 ἣμισυ

333 1944 610 2019 μυριάσιν·
672 1946 724 2000 οἳ
786 1945 920 2017 μετὰ
977 1943 1197 2015 πολλὴν
1257 1944 1582 2020 πολιορκίαν
1620 1943 1988 2020 καὶκαθαίρε-

335 2054 416 2088 σιν
450 2036 678 2108 μερικὴν
732 2039 842 2089 τῶν
899 2023 1124 2111 τειχῶν,
1183 2031 1254 2090 δι’
1309 2033 1569 2097 ὀπτασίας
1626 2040 1735 2090 τῶν
1765 2033 1818 2090 έν
1847 2036 1986 2110 αὖτῇ

326 2121 652 2197 τιμωμένων
709 2124 880 2199 ἁγίων
947 2121 1197 2198 Ματέρων
1257 2122 1660 2201 αἰσχυνθέντες,
1720 2123 1985 2198 ἄπρακτοι

332 2212 716 2288 ὑπεχώρησαν.
780 2211 1180 2276 Κωνσταντῗνος
1235 2211 1293 2269 δέ
1337 2234 1421 2276 τις
1451 2215 1702 2288 στράτωρ
1746 2216 1858 2289 (61)
1887 2219 1984 2270 τοῦ

325 2297 716 2373 Ἀρταϐάσδου,
778 2301 906 2358 ἰδὼν
967 2303 1151 2358 εἰκόνα
1218 2310 1319 2372 τῆς
1396 2303 1661 2359 Θεοτόκου
1719 2304 1980 2372 ἑστῶσαν,

319 2385 504 2446 λαϐὼν
538 2390 689 2455 λίθον
742 2390 929 2466 ἔρριψε
976 2392 1092 2447 κατ’
1143 2393 1314 2462 αὐτῆς
1346 2391 1436 2447 καὶ
1469 2395 1780 2467 συνέτριψεν
1811 2393 1982 2461 αὐτὴν

316 2481 407 2534 καὶ
464 2485 730 2536 πεσοῦσαν
789 2482 1152 2552 κατεπάτησε.
1218 2487 1422 2558 Θεωρεϊ
1478 2481 1570 2537 οὖν
1639 2480 1690 2538 ἐν
1743 2482 1978 2556 δράματι

328 2575 677 2642 παρεστῶσαν
728 2570 875 2644 αὐτῷ
926 2571 1026 2638 τὴν
1069 2572 1362 2626 Δέσποιναν
1394 2573 1483 2626 καὶ
1515 2569 1776 2646 λέγουσαν
1811 2571 1978 2644 αὐτῷ’

321 2658 487 2722 Οἶδας
546 2665 704 2715 ποῖον
789 2665 1016 2736 πρᾶγμα
1101 2667 1349 2737 γενναῖον
1441 2660 1645 2737 εῗράσω
1699 2657 1774 2726 είς
1833 2661 1976 2734 ius;

324 2750 533 2811 Ὄντως
589 2750 726 2805 κατὰ
781 2757 882 2820 τῆς
939 2751 1134 2806 ἑαυτοῦ
1190 2753 1437 2829 κεφαλῆς
1494 2757 1658 2806 τοῦτο
1691 2751 1975 2822 ἐποίησας.

323 2841 408 2912 Τῇ
469 2836 528 2894 δὲ
584 2837 842 2913 ἐπαύριον
899 2834 1325 2916 προσϐαλόντων
1375 2845 1483 2896 τῶν
1537 2845 1868 2916 Σαρακηνῶν
1899 2847 1978 2914 τῷ

315 2927 488 3002 τείχει
539 2929 627 2982 καὶ
682 2927 935 3003 πολέμου
986 2927 1362 3001 κροτηθέντος,
1407 2927 1628 3006 δραμὼν
1664 2930 1739 2992 εἰς
1771 2931 1833 2986 τὸ
1863 2936 1978 2986 τεῖ-

2105 1685 2251 1735 turm
2288 1681 2573 1737 militibus
2629 1683 3042 1737 excursionem
3100 1681 3348 1742 faciens.
3381 1681 3635 1736 Nicaeam
3671 1682 3756 1735 Bi-

2104 1769 2658 1842 thyniaaimproviso
2695 1770 3064 1826 obsidet.Cui
3109 1787 3170 1825 se
3205 1769 3475 1841 adjungit
3515 1771 3752 1839 Mabias,

2101 1874 2236 1914 cum
2266 1860 2332 1913 85
2363 1860 2631 1915 millibus
2681 1860 3053 1915 subsecutus.
3109 1861 3324 1915 Verum
3373 1859 3432 1914 hi
3475 1859 3578 1915 diu
3603 1859 3752 1915 uibe

2100 1952 2459 2020 oppugnata,
2492 1965 2920 2020 murorumque
2969 1948 3240 2020 partibus
3271 1949 3537 2020 dejectis,
3570 1965 3751 2020 appa-

2097 2037 2314 2092 ritione
2343 2043 2688 2094 sanctorum
2729 2037 2830 2110 qui
2862 2037 2943 2093 ibi
2975 2037 3253 2093 coluntur
3281 2039 3521 2093 Patrum
3554 2037 3751 2092 deter-

2096 2125 2193 2181 riti
2224 2143 2287 2182 re
2318 2127 2536 2183 infecta
2567 2127 2822 2199 turpiter
2859 2127 3280 2182 discesserunt.
3314 2127 3564 2192 Quidam
3595 2129 3750 2184 Con-

2095 2215 2412 2284 stantinus,
2443 2215 2754 2271 Artabasdi
2813 2220 3050 2285 strator,
3109 2215 3430 2287 imaginem
3482 2216 3748 2288 Deiparm

2093 2310 2345 2360 stantem
2366 2311 2915 2377 cernens,correpto
2939 2305 3134 2376 lapide
3148 2304 3318 2376 petiit
3336 2303 3747 2377 dejectamque

2092 2395 2476 2452 conculcavit.
2505 2395 2607 2450 Cui
2643 2396 2891 2450 Domina
2931 2413 3036 2466 per
3085 2395 3370 2450 visionem
3404 2396 3612 2463 astitit,
3644 2397 3750 2450 ob-

2089 2485 2500 2556 nuntiavitque
2525 2484 2792 2556 praedari
2817 2485 2995 2553 hujus
3019 2483 3078 2538 in
3105 2484 3295 2554 ipsam
3326 2483 3607 2539 facinoris
3637 2501 3746 2540 suo

2091 2591 2226 2630 eum
2259 2574 2450 2646 capite
2481 2591 2685 2645 pinnas
2733 2573 3031 2628 daturum.
3083 2571 3374 2627 Postridie
3415 2571 3613 2642 itaque
3641 2573 3745 2629 Sa-

2087 2665 2319 2720 racenis
2350 2679 2587 2719 murum
2619 2661 3116 2734 Oppugnantibus.
3142 2666 3200 2715 et
3229 2661 3551 2716 certamine
3589 2663 3736 2716 791

2088 2752 2433 2822 commisso,
2465 2752 2648 2806 miser
2695 2752 2756 2806 in
2816 2766 3050 2806 murum
3090 2766 3428 2816 accurrens,
3460 2751 3741 2805 tormenti

2087 2842 2283 2914 lapide
2315 2847 2490 2913 caput
2509 2841 2840 2912 faciemque
2865 2839 3174 2904 contritus,
3203 2839 3444 2911 dignam
3477 2855 3596 2894 suae
3629 2840 3738 2894 im-

2084 2931 2324 3004 pietatis
2354 2929 2688 2985 mercedem
2723 2929 2876 2984 tulit.

314 3037 418 3090 χος
453 3018 480 3072 6
515 3016 866 3092 ταλαίπωρος
899 3017 1161 3093 βάλλεται
1195 3023 1273 3091 τῷ
1303 3017 1363 3074 έκ
1389 3024 1487 3074 τοῦ
1522 3025 1856 3096 μαγγανικοῦ
1887 3018 2027 3092 λίθῳ
2053 3023 2186 3093 (62),
2211 3019 2268 3081 ὃς
2297 3017 2608 3094 συνέτριψεν
2638 3017 2803 3072 αὒτοῦ
2830 3017 2932 3086 τήν
2957 3016 3199 3096 κεφαλήν
3229 3016 3320 3070 καὶ
3337 3015 3403 3072 τὸ
3431 3015 3728 3089 πρόσωπον

321 3103 468 3176 ἄξιον
501 3113 600 3176 τῆς
627 3107 794 3162 αὐτοῦ
825 3103 1134 3170 δυσσεϐείας
1164 3108 1530 3181 κομισάμενος
1561 3109 1622 3164 τὸ
1647 3105 2023 3181 ἀνταπόδομα.

387 3199 446 3252 Ὀ
483 3194 664 3268 μέντοι
712 3194 967 3270 βασιλεὺς
1029 3195 1174 3252 Λέων
1231 3197 1294 3252 οὐ
1353 3198 1516 3269 μόνον
1550 3197 1674 3272 περί
1703 3199 1802 3266 τήν
1835 3216 1964 3273 σχει

2143 3197 2314 3253 Enim
2343 3213 2482 3252 vero
2521 3195 2844 3268 imperator
2875 3196 2986 3250 Leo
3027 3211 3148 3250 non
3179 3199 3408 3250 tantum
3434 3195 3496 3250 in
3529 3211 3730 3251 errore

316 3287 474 3354 τικὴν
521 3288 632 3339 τῶν
692 3289 899 3340 σεπτῶν
982 3284 1204 3340 εἰκόνων
1263 3287 1291 3342 6
1345 3281 1609 3355 δυσσεϐὴς
1667 3285 1966 3366 ἐσφάλλετο

318 3373 706 3449 προσκύνησιν,
767 3371 912 3429 ἀλλᾶ
969 3375 1060 3430 καὶ
1140 3375 1264 3448 περὶ
1347 3380 1454 3430 τῶν
1511 3371 1810 3452 πρεσϐειῶν
1866 3384 1968 3446 τῆς

314 3463 591 3540 πανάγνου
650 3462 917 3518 Θεοτόκου
975 3463 1065 3520 καὶ
1117 3466 1335 3520 πάντων
1389 3470 1497 3521 τῶν
1558 3467 1751 3542 ἁγίων·
1784 3465 1873 3520 καὶ
1905 3466 1971 3521 τά

313 3551 546 3627 λείψανα
585 3550 644 3607 δὲ
690 3557 796 3607 τῶν
858 3553 1027 3628 ἁγίων
1074 3555 1101 3608 6
1149 3555 1497 3629 παμμίαρος,
1528 3556 1602 3618 ὡς
1632 3557 1683 3610 οἱ
1715 3552 1968 3610 διδασκα-

315 3640 407 3698 λοι
447 3642 613 3697 αὑτοῦ
670 3638 928 3716 ιἌραϐες,
986 3639 1359 3703 ἐϐδελύττετο,
1417 3647 1519 3703 Ἐκ
1572 3643 1732 3700 τοῦδε
1787 3645 1968 3701 τοίνυν

317 3737 415 3786 τοῦ
472 3732 678 3807 χρόνου
736 3730 972 3795 ἀναιδῶς
1031 3738 1110 3804 τῷ
1183 3733 1432 3809 μακαρίῳ
1485 3739 1744 3810 Γερμανῷ
1801 3754 1973 3808 προσ-

318 3815 587 3892 ετρίϐετο,
654 3820 712 3877 δν
779 3843 866 3876 και
945 3821 1437 3895 μεταστειλάμενος
1503 3822 1702 3898 ἤρξατο
1769 3821 1972 3897 λόγους

320 3911 471 3971 τινας
526 3915 693 3964 κινεῖν
747 3911 865 3982 μεθ’
919 3910 1187 3974 ὑπουλίας
1243 3913 1334 3967 καὶ
1392 3913 1811 3990 καταγινώσκειν
1845 3911 1972 3968 πάν-

317 4020 428 4052 των
461 4003 567 4053 τῶν
601 3998 705 4073 πρὸ
749 3997 914 4054 αὐτοῦ
965 4000 1234 4074 βασιλέων
1282 4002 1370 4056 καὶ
1411 4001 1596 4076 ἱερέων
1631 4002 1704 4064 ὡς
1744 3999 1975 4058 εἰδωλο-

322 4085 709 4162 λατρησάντων
739 4087 792 4142 ἐν
838 4092 901 4161 τῇ
944 4091 1305 4162 προσκυνήσει
1365 4096 1471 4145 τῶν
1527 4090 1695 4166 ἁγίων
1728 4091 1971 4148 εἰκόνων.

318 4179 382 4234 Ὀ
416 4174 472 4231 δὲ
529 4176 692 4250 μέγας
744 4173 845 4254 ἔφη
907 4180 1199 4252 Γερμανόςο
1251 4181 1542 4249 Ἀκουσον,
1579 4180 1826 4256 βασιλεῦ.
1860 4185 1973 4239 Τοῦ

319 4267 524 4341 Κυρίου
554 4267 716 4340 ἡμῶν
751 4267 932 4336 Ἰησοῦ
963 4269 1206 4342 Χριστοῦ
1264 4266 1353 4324 διὰ
1397 4269 1594 4342 σαρκὸς
1625 4270 1975 4351 ἐπιφανέντος

312 4360 456 4410 πᾶσα
488 4353 892 4432 εἰδωλολατρία
924 4355 1168 4412 ἐκποδὼν
1225 4357 1416 4436 γέγονε
1472 4359 1559 4414 καὶ
1616 4365 1719 4416 πᾶν
1753 4360 1975 4438 ἄγαλμα

315 4441 606 4500 εἷδωλικὸν
659 4445 950 4521 ἠφάνισται
1008 4446 1098 4501 καὶ
1151 4443 1592 4523 ἐξωστράκισται,
1627 4449 1701 4512 ὥς
1751 4473 1912 4528 φησιν
1945 4452 1974 4506 ὁ

319 4534 609 4636 πῖροιερήτής
638 4539 933 4636 Ζαχαρίας.
976 4534 1084 4603 ὃτι,
1139 4535 1536 4636 Aéx‘tt‘Képtog
1567 4533 1820 4602 Σαϐαὼθ.
1853 4540 1977 4610 Ἐξ-
2003 4571 2047 4636 D

321 4618 636 4694 ολοθρεύσω
665 4621 734 4674 τὰ
763 4621 1004 4694 ὀνόματα
1037 4627 1148 4678 τῶν
1179 4620 1425 4680 εἰδώλων
1459 4625 1566 4680 ἀπὸ
1595 4633 1695 4694 τῆς
1726 4633 1850 4702 γῆς,
1884 4627 1974 4681 καὶ

321 4709 502 4764 οὐκέτι
535 4710 714 4764 αὐτῶν
770 4707 911 4766 ἔσται
975 4715 1154 4786 μνεία,
1191 4711 1311 4785 Ηλὴ
1365 4713 1465 4783 τὴν
1507 4716 1814 4791 καθαίρεσιν
1865 4721 1971 4771 τῶν

315 4797 475 4872 ἱερῶν
544 4795 770 4854 εἰκόνων
829 4799 1096 4874 ἀκούομεν
1158 4800 1378 4874 μέλλειν
1435 4798 1670 4874 ἔσεσθαι,
1721 4802 1846 4859 ἀλλ’
1876 4803 1975 4858 οὐκ

316 4884 406 4941 ἐπὶ
461 4893 566 4956 τῆς
628 4893 727 4957 σῆς
790 4889 1091 4964 βασιλείας.
1147 4893 1259 4948 Τοῦ
1316 4888 1376 4948 δὶ
1438 4889 1764 4968 βιασαμένου
1805 4892 1974 4948 εἰπεῖν

314 4973 403 5030 ἐπὶ
434 4975 614 5044 ποίας,
649 4973 749 5050 ἔφη
783 4978 811 5032 ὁ
845 4976 1022 5053 ἅγιος·
1066 4979 1190 5034 Ἐπὶ
1243 4980 1522 5044 Κόνωνος.
1555 4982 1614 5039 Ὁ
1643 4978 1701 5036 δὶ
1731 4981 1972 5058 ἀποκρι-

314 5065 426 5128 θεὶς
484 5062 608 5143 ἔφη’
670 5066 881 5130 Ὄντως
940 5066 1049 5145 ἐγώ
1108 5067 1244 5145 εἰμι·
1303 5073 1466 5126 τοῦτο
1516 5070 1614 5147 γάρ
1645 5069 1848 5127 ἔστιτὸ
1885 5071 1978 5148 βα-

386 5183 434 5218 ²³
465 5183 638 5240 Zach.
672 5201 795 5253 xm,
826 5189 880 5240 2.

2075 3287 2146 3342 de
2169 3285 2640 3342 venerandarum
2663 3284 2988 3356 imaginum
3011 3283 3212 3340 debita
3232 3284 3578 3340 adcretione
3600 3301 3732 3338 ver-

2075 3383 2237 3432 satus
2268 3381 2376 3444 est,
2407 3374 2509 3429 sed
2553 3373 2735 3429 etiam
2761 3373 2830 3428 de
2866 3373 3128 3444 Deiparm
3170 3373 3559 3444 omniumque
3591 3391 3723 3429 san-

2077 3472 2306 3521 ctorum
2331 3462 2860 3518 intercessionibus
2891 3461 3067 3533 impie
3118 3463 3325 3526 sensit,
3359 3468 3732 3518 sanctorum-

2078 3572 2190 3626 que
2224 3553 2506 3624 reliquias
2540 3567 2703 3607 more
2736 3551 2994 3607 Arabum
3027 3568 3270 3607 suorum
3302 3559 3734 3623 prteceptorum

2077 3644 2458 3699 abominatus
2489 3647 2597 3697 est.
2622 3641 2709 3696 Ab
2733 3657 2801 3695 eo
2825 3641 3026 3711 itaque
3051 3645 3320 3712 tempore
3351 3641 3735 3712 impudenter

2078 3733 2248 3788 beato
2280 3733 2570 3786 Germano
2603 3730 2871 3785 infensus
2901 3729 3034 3784 fuit.
3069 3731 3305 3785 Vocavit
3335 3746 3570 3801 quoque
3603 3748 3738 3787 eum

2078 3823 2150 3878 ad
2183 3837 2264 3886 se,
2301 3820 2584 3891 illatoque
2617 3817 2865 3874 subdole
2915 3834 3212 3886 sermone,
3244 3818 3526 3873 damnare
3557 3819 3732 3889 coepit

2079 3926 2285 3965 omnes
2317 3909 2417 3980 qui
2472 3925 2535 3963 se
2592 3905 3056 3963 antecessissent
3109 3907 3496 3978 imperatores
3550 3911 3729 3976 atque

2081 3999 2412 4072 pontiﬁces.
2461 3995 2620 4069 quod
2667 3996 2706 4050 ii
2769 3995 3127 4067 imaginibus
3167 3995 3351 4049 sacris
3381 3993 3723 4061 adorandis,

2079 4088 2304 4143 cultum
2331 4085 2441 4141 soli
2462 4087 2580 4140 Deo
2605 4083 2892 4147 debitum,
2918 4083 3098 4154 impie
3119 4082 3236 4138 alio
3260 4082 3729 4139 transtulissent.

2080 4175 2167 4232 Ad
2192 4177 2318 4231 hzec
2345 4190 2592 4246 magnus
2613 4173 2714 4228 ille
2739 4173 3063 4228 Germanus
3085 4190 3098 4228 :
3117 4171 3289 4238 Audi,
3315 4171 3526 4242 inquit,
3552 4172 3734 4243 impe-

2079 4271 2262 4321 rator.
2295 4264 2525 4319 Christo
2579 4263 2641 4318 in
2698 4277 2875 4317 carne
2919 4260 3201 4329 exhibito,
3235 4277 3428 4316 omnis
3455 4261 3736 4331 profano-

2081 4373 2214 4414 rum
2251 4353 2704 4410 simulacrorum
2737 4351 2933 4406 cultus
2967 4350 3244 4419 abolitus,
3280 4350 3596 4420 omnisque
3627 4351 3734 4405 im-

2081 4447 2179 4520 pia
2209 4446 2399 4517 imago
2434 4441 2670 4498 sublata
2701 4445 2788 4495 est
2819 4445 2878 4496 et
2907 4439 3168 4511 explosa.
3193 4439 3497 4504 Quomodo
3529 4439 3739 4495 Zacha-

2081 4537 2202 4592 rias
2258 4539 2419 4590 vates
2471 4529 2768 4604 prmdixit,
2830 4530 2924 4587 Sic
2999 4528 3102 4595 ait,
3162 4528 3390 4594 dicens.
3448 4529 3737 4584 Dominus

2081 4624 2448 4682 exercituum
2469 4639 2483 4678 :
2507 4620 2858 4677 Exscindam
2885 4635 2916 4674 e
2943 4623 3101 4674 terra
3121 4619 3370 4674 nomina
3395 4619 3739 4674 simulacro-

2077 4730 2234 4776 rum,
2267 4727 2462 4783 neque
2507 4709 2631 4764 ulla
2679 4709 2740 4763 in
2789 4713 3092 4780 posterum
3129 4708 3241 4764 erit
3271 4724 3477 4764 eorum
3509 4723 3737 4763 memo-

2079 4802 2170 4857 ria
2191 4801 2258 4855 ’³.
2294 4800 2584 4854 Caeterum
2607 4812 2806 4852 sacras
2828 4811 3062 4868 quoque
3089 4795 3376 4866 imagines
3397 4795 3732 4850 audivimus

2081 4891 2370 4949 abolitum
2401 4888 2496 4956 iri,
2530 4903 2650 4942 non
2683 4891 2883 4942 tamen
2915 4892 2970 4942 te
3003 4884 3356 4957 imperante.
3391 4885 3459 4939 Et
3491 4889 3732 4940 coactus

2080 4983 2152 5040 ab
2175 4983 2553 5053 imperatore,
2574 4993 2710 5034 eum
2733 4977 3061 5040 nominare,
3089 4991 3204 5048 quo
3239 4990 3438 5029 rerum
3471 4975 3733 5045 potiente

2081 5073 2192 5128 hoc
2225 5075 2382 5126 esset
2437 5068 2705 5124 futurum
2734 5081 2748 5120 :
2809 5065 3134 5134 Cononem,
3166 5063 3332 5121 dixit.
3387 5063 3541 5120 Tum
3572 5063 3684 5118 Leo
3714 5075 3729 5116 :

1515 5278 1876 5335 XYLANDRI
1915 5279 2002 5334 ET
2039 5276 2253 5334 GOARI
2291 5274 2515 5330 ΝΟΤᾸΞ.

313 5371 499 5495 ϐἐῗί)
530 5367 892 5442 Ἰπποκόμος,
917 5375 1017 5443 qui
1042 5391 1305 5445 equorum
1337 5393 1524 5432 curam
1556 5378 1718 5446 gerit,
1747 5377 1977 5448 equiso.

438 5459 489 5493 Β.

438 5459 489 5493 R.

387 5512 499 5582 (62)
526 5514 787 5586 Apparet
806 5514 1146 5574 machinam
1178 5518 1261 5576 sic
1292 5533 1522 5587 vocare,
1547 5535 1678 5591 quea
1701 5535 1979 5595 magnum

561 5631 824 5694 Panos.
871 5635 982 5695 Gn.
1028 5634 1236 5697 CXXI.

2085 5373 2350 5446 lapidem
2389 5369 2631 5446 funibus
2681 5373 2961 5446 contenta
3005 5372 3332 5446 torqueret.
3385 5370 3737 5446 mangonem

2091 5439 2260 5502 vo'cat
2276 5442 2490 5498 Paulus
2507 5441 2817 5512 Diaconus,
2844 5440 2882 5494 l.
2906 5456 3020 5508 ιιι,
3042 5456 3224 5512 prope
3247 5439 3320 5496 ad
3341 5439 3583 5495 verbum
3605 5439 3739 5511 hoc,

2092 5523 2158 5573 ut
2186 5517 2492 5589 pleraque,
2522 5511 2808 5568 referens.
2842 5512 2979 5566 Χη.

3409 5632 3488 5691 28
