4148 6212
334 319 451 379 877

1472 309 2026 373 HISTORIARUM
2069 311 2637 376 COMPENDIUM.

3629 320 3749 379 8'78

341 451 554 527 σμένων
588 445 869 526 ἆριδήλως
927 445 1170 522 ἐλέγχει.
1212 445 1300 502 Ἐν
1360 442 1418 500 δὲ
1471 449 1540 519 τῇ
1593 443 1731 499 κατὰ
1789 444 2015 518 Συρίαν,

2127 449 2472 504 .nathemate
2495 448 2672 512 feriit,
2696 447 3236 521 imperatoremque
3258 450 3462 507 multis
3485 453 3750 524 epistolis

342 545 613 614 Δαμασκῷ
641 539 909 608 Ἰωάννης
949 536 1191 610 μοναχὸς
1220 535 1308 590 καὶ
1369 529 1754 608 πρεσϐύτερος,
1800 536 1828 588 ὁ
1860 538 1999 609 γρυ-

344 631 576 707 σορῥὸας
601 634 714 700 (68)
747 629 774 683 6
817 632 916 683 τιιῦ
976 625 1255 699 Μανσοὺρ,
1306 625 1336 679 ὅ
1385 623 1735 698 ἑρμηνεύεται
1778 625 2000 701 Λέντραο

345 717 465 786 6ος,
507 721 672 793 ὅνπερ
704 719 732 772 6
761 711 1026 786 δυσσεϐὴς
1056 716 1286 786 Μανζήρ
1340 711 1626 786 Ἰουδαῖκῷ
1684 717 1996 790 φρονήματι

349 810 749 885 μετωνόμασεν.
784 809 957 868 Οὗτος
989 807 1016 860 6
1051 801 1468 873 εσιοςῚωάννης
1493 803 1580 857 καὶ
1612 801 1861 877 μελῳδὸς
1884 808 1994 878 (69)

345 899 644 971 ὠνομάσθη
679 896 814 969 μετὰ
871 897 1064 966 Κοσμᾶ
1104 891 1385 964 ἐπιοκόπῳ
1434 896 1531 946 τοῦ
1593 897 1850 963 Μαῖουμᾶ
1905 893 1996 947 καὶ

351 986 656 1066 Θεοφάνους
687 980 926 1060 ἁδελφοῦ
958 977 1243 1054 Θεοδώρου
1271 982 1377 1034 τῶν
1429 983 1686 1055 γραπτῶν
1738 985 1874 1050 (701,
1908 977 1996 1034 διὰ

345 1077 409 1132 τὸ
435 1074 628 1136 αὐτοὺς
667 1069 987 1145 μελῳδῆσαι
1013 1069 1080 1124 τά
1109 1068 1162 1123 ἐν
1214 1073 1332 1130 ταῖς
1375 1067 1690 1138 ἐκκλησίαις
1721 1074 1829 1124 τῶν
1863 1071 1998 1142 Χρι-

349 1171 579 1221 στιανῶν
637 1162 986 1235 τετυπωμένα
1068 1157 1392 1232 ψάλλεσθαι·
1451 1158 1517 1227 ἦν
1601 1158 1702 1232 γὰρ
1760 1160 1788 1212 ὁ
1848 1160 1998 1233 ἅγιος

345 1256 604 1324 Ἰωάννης
635 1253 799 1313 οὗτος
829 1255 907 1322 τῷ
936 1270 993 1303 τε
1044 1249 1151 1323 βίῳ
1187 1249 1277 1302 καὶ
1328 1251 1408 1318 τῷ
1465 1245 1618 1322 λόγῳ
1670 1245 1998 1311 διδάσκαλος

342 1345 584 1422 ἄριστος,
640 1341 819 1413 πάσης
878 1341 1129 1415 γνώσεως
1179 1338 1323 1402 θείας
1380 1357 1437 1392 τε
1505 1337 1594 1391 καὶ
1654 1338 1999 1412 ἀνθρωπίνης

348 1431 827 1508 ἐμπεπλησμένος.
860 1428 1039 1486 Ἀλλά
1068 1426 1347 1502 Γερμανὸν
1406 1427 1499 1500 μὲν
1555 1426 1628 1489 ὡς
1699 1427 1786 1482 ὑπ’
1838 1427 1995 1483 αὐτὸν

345 1521 475 1581 ὅντα
506 1526 534 1578 ὁ
569 1523 716 1578 Λέων
751 1516 1010 1576 ἐκϐάλλει
1064 1522 1161 1574 τοῦ
1215 1518 1435 1591 θρόνου,
1495 1517 1553 1580 ὅς
1607 1519 1669 1572 τὸ
1701 1517 1994 1596 ὠμόφορον

345 1617 400 1673 ἐν
428 1619 497 1689 τῇ
547 1612 668 1688 ἁγίᾳ
725 1610 965 1684 τραπέζῃ
1030 1615 1124 1677 τῆς
1185 1606 1450 1683 Μεγάλης
1515 1606 1841 1678 Ἐκκλησῖας
1888 1609 1996 1672 θεὶς

349 1704 650 1773 ἀπετάξατο
681 1705 750 1776 τῇ
778 1697 1044 1774 ἱερωσύνῃ
1099 1696 1188 1751 καὶ
1239 1697 1618 1775 ὑπεχώρησεν.
1669 1698 1729 1754 Ὀ
1763 1694 1818 1752 δὲ
1875 1700 1996 1752 θεο-

353 1795 532 1869 μάχος
557 1791 667 1846 ἀντ’
701 1791 862 1845 αὐτοῦ
885 1791 1193 1863 χειροτονεῖ
1244 1786 1596 1842 Ἀναστάσιον
1650 1787 1741 1842 τὸν
1791 1785 1994 1861 προλε-
2030 1826 2075 1890 Β

621 1881 634 1890 .
754 1881 803 1890 .-
1080 1877 1090 1890 .
1349 1872 1992 1890 -.._._-._

346 1886 546 1942 χῦἓντα
576 1881 905 1957 σῦγκελλον,
941 1877 1263 1952 συνθέμενον
1307 1880 1376 1950 τῇ
1411 1872 1590 1932 ἀσεϐεῖ
1619 1878 1783 1933 αὖτοῦ
1818 1879 1996 1954 βουλῇ

349 1975 440 2030 καὶ
471 1973 693 2049 αἱρέσει.
728 1970 788 2026 Ὀ
818 1965 876 2023 δὲ
925 1966 1076 2028 ὅσιος
1137 1966 1406 2040 Γερμανὸς
1464 1966 1549 2038 [Ρ.
1609 1969 1734 2039 457]
1789 1965 2004 2042 ἐξερχά-

357 2084 514 2138 μενος
559 2061 675 2136 μεθ’
733 2057 928 2133 ἐτέρων
987 2051 1384 2111 διδισκαλικῶν
1445 2051 1630 2129 λόγων
1692 2051 1815 2132 ἔφη·
1877 2057 2002 2112 Ἐάν

353 2153 466 2226 εἶμι
500 2151 610 2225 ἐγὼ
643 2150 852 2218 Ἰωνᾶς,
887 2142 1122 2221 βάλλετὲ
1175 2164 1241 2217 με
1297 2142 1372 2204 είς
1428 2145 1526 2213 τὴν
1561 2141 1850 2207 θάλασσαν·
1887 2165 2001 2221 χωο

353 2244 437 2316 ρὶς
471 2240 574 2316 γὰρ
635 2237 1020 2311 οίκουμενικῆς
1069 2230 1296 2288 συνόδου
1347 2241 1745 2306 καινοτομῆσαι
1804 2234 2004 2306 πίστιν,

355 2333 399 2385 ὧ
461 2326 709 2405 βασιλεῖ’),
769 2323 1039 2380 ἀδυνατῶ.
1101 2321 1206 2378 Καὶ
1262 2319 1510 2384 ἀπελθὼν
1567 2321 1618 2377 ἐν
1667 2327 1745 2394 τῷ
1803 2328 2006 2398 γονικῷ

353 2420 517 2475 αὗτοῦ
549 2416 688 2488 οἴκῳ
716 2419 812 2470 τοῦ
844 2410 1144 2468 Πλατανίου
1176 2411 1472 2486 ἡσύχασεν,
1522 2411 1878 2487 ἆρχιερεῦσας
1909 2408 2002 2485 ἔτη

359 2507 424 2564 ιδ’
458 2515 630 2583 μῆνας
663 2507 700 2562 ε’
723 2503 932 2579 ἡμερας
967 2503 1025 2572 ζ’.

424 2779 518 2848 Τῷ
555 2773 622 2830 ιδ’
654 2768 783 2841 ἔτει,
839 2770 1224 2846 ἐπεστράτευσε
1268 2769 1577 2843 Μάσαλμας
1607 2775 1674 2846 τῇ
1705 2772 2008 2845 Ῥωμανίᾳ,

357 2865 448 2922 καί
481 2864 656 2921 ἐλθὼν
692 2862 768 2926 εἷς
801 2857 1189 2920 Καππαδοκίαν
1232 2855 1508 2937 παρέλαὸε
1552 2857 1703 2935 δόλῳ
1746 2861 1806 2917 τὸ
1863 2865 2009 2937 Χαρ-

363 2957 545 3012 σιανὸν
565 2955 820 3030 κάστρον.

435 3140 522 3207 Τῷ
557 3137 624 3197 ις’
656 3129 760 3188 ἔτει
791 3131 942 3186 Λέων
993 3131 1020 3184 ὁ
1065 3127 1321 3206 βασιλεὺς
1370 3130 1472 3198 τήν
1529 3128 1794 3208 θυγατέρα
1846 3131 2014 3210 χαγά-

359 3247 456 3280 νου
481 3227 580 3280 τοῦ
607 3227 716 3277 τῶν
771 3222 988 3276 Σκυθῶν
1039 3216 1301 3275 δυνάστου
1357 3223 1434 3290 τῷ
1490 3220 1592 3292 υἱῷ
1624 3220 2014 3295 Κωνσταντίνῳ

360 3313 748 3388 ἐνυμφεῦσατο,
781 3312 1017 3381 ποιήσας
1058 3309 1224 3379 αὐτὴν
1275 3312 1610 3384 Χριστιανήν
1655 3312 1745 3366 καὶ
1808 3311 2010 3385 ὀνομά-

367 3423 458 3465 σας
516 3402 771 3474 Εῗρήνην·
833 3399 956 3468 ἣτις
1025 3397 1334 3472 ἐκμαθοῦσα
1379 3399 1445 3454 τὰ
1523 3400 1642 3474 ἱερά
1711 3401 2014 3476 Γράμματα

365 3491 648 3565 διέπρεψεν
708 3489 760 3543 ἐν
844 3483 1106 3559 εὐσεϐείᾳ,
1165 3489 1264 3558 τὴν
1309 3493 1417 3542 τῶν
1476 3487 1644 3544 ἀθέων
1705 3485 2012 3546 δυσσέϐειαν

365 3581 690 3656 ἐλέγχουσα.
727 3580 788 3635 Ὀ
821 3575 876 3632 δὲ
911 3574 1166 3652 βασιλεὺς
1213 3574 1463 3650 ἐμαίνετο
1523 3578 1659 3633 κατᾶ
1709 3582 1806 3634 τοῦ
1862 3580 2015 3635 πάπα

365 3671 454 3726 καὶ
511 3677 609 3738 τῆς
656 3665 1006 3729 ἀποστάσεως
1046 3667 1274 3738 Ῥώμης
1329 3666 1422 3720 καὶ
1480 3666 1735 3737 Ἰταλίας,
1794 3669 1880 3723 καὶ
1933 3669 2013 3739 ἐξ·

367 3759 595 3822 οπλίσας
625 3755 821 3812 στόλον
858 3755 1022 3830 μεγαν
1056 3753 1339 3811 ἀπέστειλε
1369 3761 1484 3810 κατ’
1510 3755 1709 3815 αὐτῶν,
1737 3758 2013 3832 ᾚσχύνθη

371 3848 426 3904 δὲ
459 3849 486 3903 6
512 3848 736 3923 μάταιος
775 3847 1178 3920 ναυαγήσαντος
1209 3848 1307 3900 τοῦ
1367 3844 1566 3901 στόλου
1597 3845 1674 3908 εἰς
1698 3848 1760 3902 τὸ
1794 3844 2015 3922 Ἀδρια-

368 3941 520 3994 τικὸν
572 3936 830 4012 πέλαγος.
887 3935 1167 4008 Ἐκμανεὶς
1222 3936 1316 3990 οὖν
1373 3934 1461 3991 ἐπὶ
1531 3937 1710 4009 τούτῳ
1759 3935 1928 3992 πλέον
1989 3939 2018 3993 6

373 4029 655 4104 θεομάχος
688 4026 890 4103 φόρους
919 4024 1229 4101 κεφαλικῶς
1259 4029 1337 4096 τῷ
1382 4024 1550 4101 τρίτῳ
1583 4025 1733 4100 μέρει
1766 4024 2022 4092 Σικελίας

371 4117 460 4173 καὶ
493 4111 810 4190 Καλαϐρῖας
864 4119 961 4168 τοῦ
1016 4118 1150 4168 Λαοῢ
1207 4112 1453 4184 ἐπέθηκε.
1515 4114 1594 4172 Τᾶ
1643 4111 1700 4169 δὲ
1751 4113 2020 4190 λεγόμενα

372 4207 724 4282 πατριμώνια
752 4209 860 4259 τῶν
893 4204 944 4258 ἐν
981 4205 1170 4278 Ῥώμῃ
1227 4209 1368 4258 ναῶν
1423 4209 1531 4260 τῶν
1580 4204 1746 4280 ἁγίων
1777 4205 1865 4260 καὶ
1926 4226 2022 4260 κο-

373 4296 612 4377 ρυφαίων
671 4294 997 4351 ἀποστόλων
1079 4289 1312 4350 ἔκπαλαι
1380 4293 1703 4368 τελούμενα,
1782 4295 2020 4353 τάλαντα

2099 543 2157 591 et
2177 555 2210 592 a
2233 538 2438 593 multis
2467 538 2634 593 lectis
2665 538 2980 593 manifesto
3008 539 3324 612 redarguit.
3354 543 3621 598 Damasci
3654 544 3754 615 Sy-

2099 626 2202 681 τίω
2233 627 2345 682 fuit
2373 629 2630 683 Joannes
2660 629 2989 683 monachus
3021 636 3080 683 et
3108 630 3436 701 presbyter,
3461 632 3752 704 Chrysor-

2101 717 2278 772 rhoas
2309 723 2723 789 cognomento,
2767 718 3053 772 Mansuris
3113 719 3290 785 illius,
3349 720 3505 789 quod
3551 722 3747 778 Graece

2102 811 2274 861 sonat
2294 806 2666 873 Lentrabum,
2695 823 2872 877 quem
2900 807 3116 879 impius
3136 807 3373 862 Judaico
3404 826 3580 864 sensu
3595 813 3746 866 Man-

2102 913 2292 950 zerem
2325 896 2658 967 appellavit.
2694 896 2796 949 Hic
2827 895 2881 952 S.
2914 897 3191 963 Joannes,
3220 914 3340 953 una
3371 915 3503 954 cum
3537 899 3750 956 Cosma

2103 985 2451 1056 Majumensi
2485 985 2760 1055 episcopo
2793 989 2850 1038 et
2878 985 3229 1056 Theophane
3257 986 3434 1042 fratre
3459 988 3747 1043 Theodori

2105 1075 2456 1145 Graptorum
2493 1072 2774 1143 episcopi,
2834 1071 3051 1126 melodi
3109 1074 3228 1128 sive
3284 1081 3552 1130 cantores
3612 1083 3750 1132 sunt

2106 1161 2491 1234 agnominati,
2525 1178 2594 1215 eo
2627 1160 2785 1232 quod
2835 1161 3109 1216 melodiis
3158 1165 3752 1234 comprehendissent

2107 1267 2204 1305 eas
2232 1250 2562 1305 cantilenas
2589 1267 2718 1320 quas
2766 1250 2826 1303 in
2865 1250 3132 1305 ecclesiis
3155 1251 3619 1310 t‘hristianorum
3655 1272 3752 1312 ca-

2105 1347 2349 1409 nuntur,
2382 1346 2559 1412 prout
2584 1341 2656 1395 ab
2688 1340 2772 1394 eis
2805 1341 3148 1411 compositas
3175 1341 3563 1413 formamque
3591 1353 3750 1404 sunt.

2107 1432 2244 1485 Erat
2275 1430 2435 1484 enim
2476 1431 2532 1485 S.
2569 1429 2662 1484 hic
2690 1431 2948 1483 Joannes
2979 1436 3036 1483 et
3064 1431 3183 1485 vita
3216 1436 3274 1485 et
3311 1433 3575 1489 oratione
3627 1453 3756 1491 ma-

2104 1521 2284 1589 gister
2312 1518 2591 1590 optimus,
2623 1518 2786 1572 omni
2809 1519 3004 1574 divina
3026 1519 3403 1591 humanaque
3421 1523 3757 1595 cognitione

2105 1607 2387 1678 repletus.
2423 1607 2533 1661 Sed
2565 1608 2922 1661 Germanum
2955 1607 3195 1677 quidem
3229 1609 3338 1664 Leo
3371 1617 3435 1666 ut
3480 1629 3600 1666 sua;
3649 1630 3756 1684 po-

2106 1697 2303 1752 testati
2335 1695 2638 1752 subditum
2675 1696 3025 1767 patriarchae
3082 1697 3230 1752 solio
3281 1699 3517 1770 dejecit.
3579 1704 3753 1773 Isque

2106 1786 2413 1841 humerale
2435 1785 2495 1840 in
2528 1801 2693 1840 sacra
2726 1802 2931 1840 mensa
2971 1788 3156 1858 Magni
3186 1789 3410 1860 Templi
3445 1789 3752 1862 deponens

2109 1875 2426 1948 resignavit
2449 1891 2664 1929 munus
2683 1891 2854 1929 suum
2879 1881 3054 1946 atque
3086 1876 3374 1933 discessit.
3411 1880 3752 1952 lmpiusque

2109 1965 2219 2019 Leo
2252 1964 2304 2018 ei
2337 1963 2570 2018 suffecit
2598 1963 2976 2018 Anastasium
3009 1966 3339 2034 syncellum
3361 1967 3541 2040 impio
3565 1970 3754 2040 ipsius

2110 2053 2355 2110 consilio
2385 2057 2443 2107 et
2474 2051 2684 2106 haeresi
2717 2053 3214 2108 consentientem.
3248 2056 3591 2128 Digrediens
3621 2076 3755 2114 vero

2111 2144 2438 2198 Germanus
2464 2141 2622 2194 inter
2636 2139 2752 2194 alia
2773 2140 2847 2195 ad
2875 2140 3209 2196 docendum
3233 2144 3562 2214 composita
3581 2147 3759 2202 verba

2109 2233 2221 2287 hoc
2249 2247 2483 2301 quoque
2505 2229 2652 2285 dixit
2678 2247 2690 2285 :
2718 2230 2772 2284 Si
2797 2246 2902 2302 ego
2926 2248 3057 2285 sum
3076 2233 3275 2295 Jonas,
3311 2233 3464 2289 800
3487 2236 3759 2307 projicite

2111 2338 2204 2377 me
2233 2321 2294 2374 in
2315 2336 2478 2374 mare
2504 2335 2516 2373 :
2549 2335 2687 2374 nam
2707 2325 2872 2374 extra
2893 2320 3287 2375 universalem
3317 2324 3606 2393 synodum
3625 2325 3760 2380 novi

2112 2409 2338 2480 aliquid
2370 2408 2443 2463 de
2476 2407 2593 2462 ﬁde
2636 2412 2894 2462 statuere
2948 2424 3202 2479 nequeo,
3235 2426 3268 2464 o
3301 2410 3641 2482 imperator.
3675 2416 3757 2468 Ac

2114 2499 2412 2569 digressus
2443 2495 2692 2550 Platanii
2722 2496 2782 2550 in
2813 2496 2988 2551 domo
3022 2513 3128 2551 sua
3177 2498 3473 2570 gentilitia
3521 2501 3756 2572 quietus

2112 2587 2274 2653 vixit,
2308 2602 2441 2641 cum
2499 2584 2779 2657 gessisset
2835 2601 3135 2639 summum
3193 2586 3604 2658 pontificatum
3653 2606 3760 2644 an-

2113 2695 2223 2733 nos
2256 2677 2342 2744 14,
2374 2690 2608 2730 menses
2639 2677 2692 2742 5,
2724 2673 2851 2729 dies
2883 2678 2934 2729 7.

2186 2769 2356 2842 Anno
2391 2766 2457 2817 14
2486 2763 2797 2819 Masalmas
2831 2764 2890 2818 in
2923 2765 3248 2820 Romanam
3280 2765 3567 2822 ditionem
3599 2767 3755 2824 bello

2115 2856 2301 2920 illato,
2335 2869 2468 2908 cum
2498 2852 2560 2906 in
2593 2852 3024 2924 Cappadociam
3058 2853 3337 2923 venisset,
3370 2855 3757 2914 Charsianum

2117 2951 2379 3001 castrum
2407 2941 2616 2997 fraude
2647 2942 2824 3014 cepit.

2190 3146 2360 3199 Anno
2395 3141 2458 3195 16
2491 3140 2604 3195 Leo
2627 3138 2812 3194 ﬁliam
2833 3138 3090 3212 Chagani
3114 3140 3463 3212 Scytharum
3481 3145 3766 3220 principis

2123 3233 2244 3290 filio
2275 3248 2381 3286 suo
2408 3229 2800 3285 Constantino
2832 3229 3042 3301 nuptui
3069 3229 3251 3300 dedit,
3293 3250 3429 3289 cum
3485 3235 3770 3292 Christia-

2123 3337 2261 3377 nam
2284 3335 2414 3374 eam
2436 3317 2675 3372 fecisset
2694 3317 3044 3389 Irenamque
3074 3320 3465 3378 nominasset.
3484 3325 3564 3380 Ea
3585 3327 3767 3381 sacris

2125 3409 2357 3466 Litteris
2376 3406 2637 3464 studiose
2667 3406 2916 3479 cognitis
2940 3407 3191 3464 illustris
3219 3410 3437 3482 pietate
3461 3413 3590 3482 fuit,
3613 3416 3770 3471 refu-

2126 3500 2384 3570 tavitque
2415 3515 2449 3552 a
2487 3499 2603 3552 Deo
2635 3496 2966 3552 alienorum
3008 3497 3394 3568 impietatem.
3442 3504 3770 3574 Imperator

2125 3595 2322 3644 autem
2355 3592 2560 3642 contra
2591 3587 2810 3656 Papam
2841 3588 3161 3659 Romaeque
3193 3595 3253 3644 et
3279 3591 3464 3646 Italia:
3494 3592 3769 3648 defectio-

2126 3695 2264 3734 nem
2295 3676 2563 3739 szeviens,
2593 3679 2800 3729 contra
2830 3691 2930 3730 eos
2964 3675 3266 3750 ingentem
3299 3680 3550 3736 classem
3581 3699 3768 3738 arma-

2124 3768 2207 3822 vit
2234 3770 2410 3836 atque
2444 3763 2661 3818 emisit.
2695 3763 2804 3819 Sed
2829 3766 3080 3836 turpiter
3102 3783 3163 3821 se
3187 3766 3350 3822 dedit
3369 3785 3552 3824 vanus
3575 3771 3774 3840 homo,

2127 3857 2314 3913 classe
2347 3855 2409 3909 in
2439 3853 2739 3909 Adriatico
2790 3855 2940 3908 mari
2992 3855 3298 3926 naufragio
3344 3859 3582 3914 amissa.
3633 3860 3776 3914 Inde

2128 3948 2326 4002 furore
2357 3943 2614 4016 percitus
2647 3943 2874 4014 majore
2905 3943 3081 3998 homo
3113 3943 3394 4000 adversus
3428 3947 3609 4002 Deum
3667 3965 3778 4020 pu-

2131 4050 2338 4108 gnans,
2373 4031 2562 4087 tertiaa
2595 4030 2774 4086 Siculi
2805 4048 2872 4085 ac
2901 4031 3129 4086 Calabri
3161 4034 3362 4104 populi
3405 4036 3553 4106 parti
3599 4036 3783 4093 tribu-

2132 4131 2258 4180 tum
2289 4123 2348 4176 in
2381 4119 2617 4191 singula
2646 4119 2958 4176 hominum
3001 4122 3195 4192 capita
3234 4123 3535 4194 imposuit.
3591 4125 3782 4181 Patri-

2131 4212 2334 4268 monia
2362 4225 2599 4282 quoque
2633 4207 2994 4280 templorum
3024 4211 3226 4266 Roma;
3258 4213 3628 4284 principibus
3650 4231 3789 4287 apo-

2138 4300 2303 4356 stolis
2359 4303 2865 4366 consecratorum,
2922 4315 3055 4370 quae
3137 4301 3392 4372 pecunia
3464 4305 3786 4374 quotannis

370 4373 493 4462 τρία
524 4387 724 4460 ἣμισυ,
756 4388 838 4458 τῷ
860 4381 1116 4459 δημοσίῳ
1147 4381 1299 4461 λόγῳ
1357 4382 1629 4448 τελεῖσθαι
1687 4385 2015 4460 προσέταξεν,

2137 4387 2466 4459 antiquitus
2497 4384 2870 4457 pendebatur
2899 4385 3265 4444 talentorum
3289 4389 3468 4446 trium
3489 4373 3692 4460 Semis,
3727 4392 3788 4449 in

1581 4511 1940 4569 XYLANDRJ
1980 4515 2066 4570 ET
2114 4513 2328 4570 GOARI
2366 4513 2589 4568 ΝΟΤιΕ.

453 4630 566 4699 (68)
599 4631 758 4699 Auro
788 4627 1002 4694 ﬂuens,
1036 4628 1147 4684 hoc
1178 4633 1269 4684 est
1319 4644 1568 4684 aureum
1607 4627 1895 4684 orationis
1921 4629 2034 4684 flu-

386 4698 524 4755 men
566 4698 824 4756 fundens
850 4716 1057 4770 ;quam
1090 4699 1327 4755 laudem
1361 4699 1658 4755 Aristoteli
1711 4699 1920 4756 tribuit
1949 4701 2039 4754 Ci-

387 4787 540 4826 cero.
575 4771 870 4827 Diaconus
901 4770 1287 4842 Chrysaoram
1309 4772 1507 4827 minus
1536 4776 1671 4843 apte
1702 4771 2040 4828 videturvo-

387 4858 541 4913 care,
576 4859 756 4899 aureo
787 4858 934 4898 ense
961 4849 1294 4898 armatum:
1329 4844 1562 4900 tametsi
1597 4843 1668 4899 ob
1701 4843 2037 4900 acremido-

384 4913 579 4970 lorum
609 4913 1016 4970 defensionem
1040 4914 1220 4969 videri
1248 4921 1426 4985 queat
1459 4915 1570 4968 hoc
1591 4915 2040 4971 titulo'cohone-

386 4990 592 5040 status.
627 4984 954 5058 Lentrabus
1003 4992 1203 5040 autem
1261 4984 1402 5058 quid
1469 4986 1684 5040 Graecis
1725 4986 2037 5058 signiticet,

383 5058 724 5129 nonimagis
756 5057 925 5111 video
958 5072 1148 5129 quam,
1187 5056 1330 5129 quid
1378 5059 1631 5129 Manzur.
1665 5058 1744 5112 De
1776 5056 1891 5127 quo
1931 5058 2042 5112 ali-

383 5128 527 5200 quid
560 5121 792 5200 poterat
830 5121 1071 5196 conjici,
1105 5128 1154 5182 si
1205 5121 1519 5196 λέντραϐος.
1553 5121 1818 5183 Graecum
1863 5134 2038 5185 esset.

384 5199 613 5254 Manzer
643 5201 892 5256 fortasse
908 5205 998 5252 est
1029 5199 1276 5254 Momzer
1299 5211 1498 5268 “DD,
1523 5201 1674 5269 quod
1700 5207 1756 5252 et
1778 5200 1835 5252 in
1861 5201 2042 5255 sacris

387 5273 624 5326 Litteris
655 5277 713 5325 et
739 5271 801 5325 in
824 5272 1097 5343 Aramrea
1126 5269 1327 5343 lingua
1354 5272 1648 5343 _spurium
1700 5271 1993 5340 significat
2025 5288 2038 5337 ;

384 5349 564 5412 atque
597 5359 666 5397 ea
698 5359 806 5396 vox
839 5347 927 5395 est
951 5343 1012 5395 in
1037 5341 1295 5412 Hispano
1314 5341 1596 5396 idiomate
1617 5347 1864 5396 retenta.
1885 5345 2045 5396 Man-

386 5413 542 5484 suris
578 5413 765 5468 tilium
793 5413 970 5468 credo
1002 5413 1140 5468 dici.
1187 5415 1252 5468 In
1285 5414 1430 5468 actis
1462 5413 1785 5484 Cpolitanaa
1834 5413 2044 5484 synodi

388 5490 476 5556 est
501 5483 684 5556 fuisse
721 5486 1050 5539 Manzurem
1111 5485 1448 5556 ignominia)
1500 5483 1678 5540 causa
1707 5501 1741 5538 a
1771 5483 2044 5539 Patribus

390 5555 471 5610 ibi
505 5554 750 5610 dictum.
810 5557 947 5610 Χγῐ..
1001 5554 1218 5612 Paulus
1274 5557 1598 5613 Diaconus:
1632 5563 1684 5610 et
1736 5573 1842 5626 pro
1893 5559 2048 5612 Man-

388 5638 506 5694 sur,
539 5627 692 5696 quod
718 5629 836 5700 ejus
860 5628 1068 5685 avitum
1092 5644 1286 5684 nomen
1319 5633 1414 5701 est,
1454 5628 1708 5700 quodque
1738 5628 2048 5700 redemptus

2144 4632 2566 4698 interpretatur,
2600 4641 2784 4700 sensu
2871 4629 3128 4692 Judaico.
3196 4646 3503 4700 novumquo
3558 4632 3793 4688 ecclesiae

2144 4703 2503 4774 magistrum._
2551 4699 2840 4774 ῌαηεςνςοη
2901 4701 3192 4774 (Spurium
3271 4699 3524 4774 expone)
3575 4709 3794 4774 mutato

2145 4768 2365 4828 neruine
2384 4768 2679 4841 vocitabat.
2710 4768 3146 4840 Chrysorrhoas
3177 4768 3366 4829 sacris
3387 4768 3526 4827 viris
3554 4773 3794 4841 dicitur,

2149 4843 2220 4970 ge
2231 4842 2474 4898 nomine
2494 4839 2656 4895 fluvii
2674 4839 3024 4898 Damascum
3042 4845 3294 4916 patriam
3313 4839 3793 4916 prmterﬂuentis.

2196 4931 2323 4970 om.

2196 4931 2323 4970 OAR.

2219 4988 2328 5054 (69)
2387 4984 2727 5060 Hgmnorum
2796 4983 3282 5040 ecclesiasticarum
3365 4991 3558 5041 auctor
3640 4987 3797 5060 apud

2152 5058 2404 5112 Graacos.
2440 5057 2613 5117 Gem,
3164 5102 3167 5104 _

2221 5130 2335 5196 (‘70)
2363 5125 2674 5200 Proprium
2703 5126 2897 5200 putavi
2912 5143 2939 5200 _;
2965 5133 3023 5181 et
3043 5127 3426 5198 Graptensem
3451 5130 3799 5200 episcopum

2151 5194 2284 5260 feci.
2319 5194 2482 5251 valde
2529 5194 2763 5271 dubius.
2821 5196 2930 5252 Sed
2971 5215 3066 5254 res
3123 5194 3240 5253 non
3303 5194 3529 5271 magna.
3565 5233 3627 5244 --
3659 5194 3796 5258 XvL.

2151 5271 2244 5345 Nil
2276 5283 2550 5339 magnum
2584 5267 2866 5345 equidem
2900 5274 2957 5345 et
2982 5276 3285 5345 momento
3309 5267 3552 5345 dignum
3584 5274 3801 5345 Xylan-

2153 5343 2323 5396 drum
2351 5353 2608 5412 errasse;
2636 5345 2694 5412 et
2713 5339 2868 5412 tituli
2895 5343 3286 5412 inscriptorum
3309 5339 3451 5412 vice,
3476 5344 3548 5398 ob
3573 5339 3802 5400 iambos

2154 5413 2462 5486 utriusque
2504 5409 2719 5486 fratris
2759 5411 2832 5464 ab
2889 5411 3070 5486 impio
3129 5409 3452 5486 TheOphilo
3511 5417 3805 5472 frontibus

2157 5480 2492 5560 inscriptos;
2527 5480 2897 5560 Theodorum
2957 5480 3647 5560 Giaptog'um'heptscopum
3698 5505 3803 5560 pro

2156 5553 2589 5634 ingenti_captu
2620 5551 2971 5634 instituisse.
3004 5551 3086 5612 De
3123 5554 3252 5613 dira
3282 5551 3388 5616 illa
3416 5551 3805 5634 inscriptione

2156 5622 2361 5682 auctor
2391 5624 2452 5678 in
2480 5622 2784 5696 TheOpilo.
2818 5625 2992 5682 Gen.
