4148 6212
418 399 536 459 883
1753 383 2064 452 GEORGII
2108 382 2452 451 CEDRENI
3713 377 3840 440 884

422 530 774 603 perterritus
805 546 956 600 equo
980 527 1284 583 Amorium
1307 527 1588 600 profugit,
1621 527 2070 600 Longinumque

2201 521 2367 598 ρεύγει
2463 520 2540 585 εἷς
2595 522 2658 576 τὸ
2714 521 3019 596 ’Δμώριον.
3101 518 3376 591 Δεξιοῦται
3449 516 3506 574 δὲ
3562 523 3830 592 Λογγῖνον

427 619 816 677 Orientalium
850 619 1061 674 ducem
1083 619 1310 691 magnis
1341 617 1666 673 demeritus
1697 617 2072 690 pollicitatio-

2201 612 2478 686 ττρατηγὸν
2534 616 2641 666 τῶν
2713 608 3076 666 Ἀνατολικῶν
3137 610 3406 686 μεγάλαις
3477 608 3833 681 ὑποσχέσεσι,

425 710 601 765 nibus
635 726 742 780 per
771 725 907 763 eum
943 708 1003 762 in
1051 714 1174 763 tuto
1206 708 1335 764 fuit.
1374 709 1519 763 Hinc
1555 706 2072 763 calamitosissima

425 799 795 855 subditorum
829 797 1002 865 bella,
1036 803 1288 869 utroque
1320 795 1677 868 imperatore
1709 801 1927 852 creato.
1961 797 2074 848 Ar-

431 888 708 944 tabasdus
747 886 956 942 urbem
992 887 1295 959 ingressus
1329 888 1528 942 statim
1557 886 1776 957 ubique
1807 902 1913 957 per
1943 900 2072 939 eam

423 996 622 1035 sacras
689 977 954 1048 reposuit
984 977 1291 1050 imagines,
1326 994 1580 1047 eumque
1613 976 1849 1031 ordines
1891 975 2072 1045 impe-

422 1072 680 1123 ratorem
705 1066 1056 1121 salutarunt.
1081 1071 1366 1120 Caeterum
1391 1065 1759 1129 Anastasius,
1791 1063 1890 1134 qui
1924 1063 2072 1118 falso

425 1157 661 1212 titulum
689 1155 1040 1228 patriarchae
1054 1155 1316 1226 gerebat,
1332 1161 1727 1210 manutenens
1741 1152 2076 1208 veneranda

425 1252 603 1316 atque
634 1244 859 1298 viviﬁca
889 1244 1082 1299 crucis
1113 1244 1292 1316 ligna,
1331 1261 1466 1298 eum
1493 1245 1593 1315 qui
1627 1243 1698 1297 iis
1725 1241 1936 1298 afﬁxus
1958 1242 2076 1296 fue-

2176 701 2266 756 καὶ
2305 703 2532 770 σώζεται
2593 705 2721 776 παρ’
2777 701 2964 757 αὐτοῦ.
3027 701 3298 757 Ἐντεῦθεν
3353 699 3530 773 μάχαι
3595 695 3837 751 δεινότα-

2175 812 2262 846 ται
2323 795 2441 852 τοῖς
2500 791 2785 860 ὑπηκόοις,
2845 789 3110 863 ἑκατέρων
3175 788 3441 864 βασιλέων
3503 788 3840 861 ἀναγορευο-

2183 878 2382 952 μένων.
2417 877 2655 950 Εἷσῆλθε
2712 877 2770 934 δὲ
2825 875 3196 956 Ἀρτάϐασδος
3252 877 3304 933 ἐν
3363 881 3432 951 τῇ
3490 875 3674 943 πόλει,
3737 876 3832 929 καὶ

2180 969 2419 1044 παρευοὺ
2460 969 2595 1025 κατὰ
2647 975 2818 1024 πᾶσαν
2869 969 3038 1038 αὐτὴν
3097 969 3192 1030 τὰς
3249 968 3398 1042 ἱερὰς
3455 965 3840 1035 ἀνεστήλωσεν

2185 1058 2418 1128 εἰκόνας,
2451 1059 2787 1134 ἀνηγορεύθη
2823 1056 2879 1114 δὲ
2907 1059 3055 1134 ποιρὰ
3106 1063 3211 1114 τῶν
3263 1057 3516 1130 θεμάτων
3553 1055 3839 1131 βασιλεύς.

2178 1149 2531 1211 Ἀναστάσιος
2564 1145 2621 1203 δὲ
2651 1149 2678 1202 6
2735 1146 3092 1222 ψευδώνυμος
3149 1147 3519 1223 πατριάρχης,
3559 1146 3840 1218 κρατήσας

2178 1239 2247 1293 τὰ
2273 1238 2431 1311 τίμια
2460 1239 2549 1292 καὶ
2582 1237 2829 1308 ζωοποιὰ
2859 1235 3015 1308 ξύλα,
3050 1236 3234 1310 ὣμοσε
3261 1241 3341 1308 τῷ
3382 1236 3520 1306 λαῷ,
3561 1234 3644 1289 δτι
3677 1259 3708 1286 ι(
3745 1234 3844 1290 Μὰ

428 1333 759 1406 ratjuravit
781 1332 852 1388 ad
880 1333 1630 1406 populum.Copronymum
1655 1332 2076 1403 imperatorem

425 1427 550 1479 haec
581 1424 694 1478 sibi
716 1424 892 1478 verba
909 1422 1160 1478 dixisse:
1191 1445 1218 1472 ‹‹
1253 1424 1439 1488 Quem
1467 1422 1644 1477 Maria
1665 1420 2076 1493 peperitCliri-

423 1519 603 1578 stum,
637 1510 795 1567 hunc
854 1517 916 1566 tu
973 1512 1187 1567 Filium
1218 1511 1320 1566 Dei
1379 1527 1454 1566 ne
1504 1510 1833 1578 censueris,
1882 1525 2077 1580 neque

425 1603 751 1674 quidquam
781 1605 998 1672 praeter
1051 1601 1393 1658 hominem:
1431 1600 1512 1656 ita
1559 1601 1708 1656 805
1746 1599 1907 1654 enim
1943 1614 2078 1652 eum

425 1691 607 1748 Maria
635 1691 866 1761 peperit
894 1695 957 1744 ut
990 1695 1048 1744 et
1080 1707 1174 1745 me
1226 1696 1415 1746 mater
1459 1706 1592 1744 mea
1649 1690 1848 1744 Maria.
1885 1711 1911 1736 ››
1959 1688 2079 1740 Hoc

427 1777 628 1834 audito
661 1776 914 1848 populus
955 1777 1339 1833 Constantino
1389 1777 1708 1848 imperium
1756 1775 2075 1847 abrogavit.

2183 1329 2272 1383 τὸν
2306 1325 2738 1400 προσηλωθέντα
2790 1326 2841 1381 ἐν
2895 1327 3101 1395 αὐτοῖς,
3145 1325 3317 1388 οὕτως
3362 1345 3456 1398 μοι
3516 1325 3634 1379 εἶπε
3682 1327 3842 1380 Κων-

2183 1422 2461 1478 σταντίνος
2493 1417 2521 1472 ὁ
2558 1415 2836 1492 βασιλεὺς,
2867 1415 2950 1472 δτι
2981 1418 3070 1487 Μὴ
3122 1414 3318 1490 λογίσῃ
3379 1414 3501 1469 Υἱὸν
3530 1417 3662 1469 Θεοῦ
3695 1415 3842 1467 εἷναι

2185 1507 2243 1562 ὅν
2266 1503 2412 1561 ἔτεκε
2443 1505 2650 1581 Μαρία,
2683 1507 2773 1562 τὸν
2822 1503 3122 1581 λεγόμενον
3157 1505 3410 1579 Χριστὸν,
3468 1501 3614 1558 ἀλλὰ
3669 1499 3846 1576 ψιλὸν

2183 1596 2489 1670 ἄνθρωπον·
2525 1598 2560 1666 ἡ
2611 1595 2714 1671 γὰρ
2776 1594 2964 1668 Μαρία
2995 1594 3170 1659 οὕτως
3227 1594 3389 1648 αὐτὸν
3433 1587 3603 1647 ἔτεκεν
3634 1592 3708 1654 ὡς
3739 1591 3836 1646 καὶ

2185 1687 2282 1760 ἐμὲ
2312 1690 2346 1757 ἡ
2379 1689 2565 1764 μήτηρ
2601 1701 2710 1760 μου
2747 1686 2948 1761 Μαρία.
2985 1710 3012 1738 ››
3046 1685 3150 1743 Καὶ
3206 1690 3368 1740 τοῦτο
3402 1683 3727 1746 ἀκούσαντες
3780 1681 3842 1736 οἱ

2187 1777 2310 1833 λαοὶ
2343 1777 2642 1852 ἀνέσκαψαν
2675 1775 2858 1833 αὐτόν.

500 1896 671 1949 Anno
695 1893 825 1964 ejus
850 1893 1083 1965 imperii
1105 1894 1362 1950 secundo
1393 1895 1622 1950 Isamus
1636 1893 1891 1948 Arabum
1916 1892 2082 1964 prin-

2255 1897 2346 1948 Τῶ
2381 1895 2426 1969 β’
2478 1888 2582 1948 ἔτει
2637 1892 2889 1965 τέθνηκεν
2941 1893 3096 1966 Ἰσὰμ
3151 1893 3178 1946 6
3235 1897 3345 1946 τῶν
3401 1883 3651 1960 ’Δραϐων
3692 1887 3840 1962 ἆρχ-

437 2000 574 2055 ceps
632 1983 903 2038 moritur.
967 1984 1093 2050 Hic,
1148 2000 1282 2039 cum
1343 1984 1722 2039 sanctissima
1751 1981 2082 2038 Antiochiae

436 2073 699 2129 Ecclesia
720 2089 825 2144 per
855 2072 1248 2146 quadraginta
1276 2090 1464 2128 annos
1495 2073 1830 2145 patriarcha
1860 2072 2088 2127 caruis—

441 2169 551 2228 set,
609 2161 888 2217 Arabilus
947 2163 1228 2217 constitui
1272 2162 1532 2233 aliquem
1564 2161 1920 2229 vetantibus,
1951 2177 2086 2216 cum

433 2251 680 2307 haberet
699 2252 944 2306 charum
971 2251 1082 2306 sibi
1115 2253 1326 2322 Syrum
1348 2251 1667 2322 quemdam
1685 2250 2084 2320 “monachum,

438 2341 680 2396 nomine
709 2339 1098 2412 Stephanum,
1119 2340 1283 2411 pium
1306 2340 1611 2396 hominem
1639 2340 1743 2395 sed
1774 2339 2084 2405 rusticum,

435 2432 936 2488 Antiochensibus
967 2433 1340 2505 signiﬁcavit,
1375 2434 1671 2504 siquidem
1709 2433 1950 2504 cupiant
1974 2431 2088 2487 sibi

436 2522 833 2593 patriarcham
856 2523 1124 2587 concedi,
1150 2528 1215 2578 ut
1238 2522 1298 2577 id
1330 2525 1597 2578 muneris
1621 2523 1758 2578 huic
1791 2521 2086 2593 Stephano

438 2612 832 2666 committant.
867 2613 909 2666 Ii
960 2612 1242 2667 divinitus
1273 2613 1383 2668 hoc
1415 2613 1541 2667 ﬁeri
1574 2614 1686 2668 rati
1725 2611 2088 2684 Stephanum

442 2700 750 2772 Theopolis
775 2699 970 2754 throni
1003 2701 1401 2771 patriarcham
1425 2702 1750 2774 elegerunt.
1787 2702 1904 2756 Hoc
1929 2717 2086 2756 anno

440 2795 499 2842 et
527 2788 950 2843 Constantinus
981 2795 1039 2842 et
1068 2789 1428 2845 Artabasdus
1481 2807 1585 2862 per
1618 2791 1842 2862 legatos
1872 2789 2090 2844 auxilia

435 2877 508 2931 ab
539 2879 728 2931 Isamo
785 2877 1101 2948 petierunt.
1139 2879 1342 2950 Magna
1373 2896 1568 2950 quque
1613 2879 1846 2935 siccitas
1890 2879 2002 2934 fuit
2031 2882 2088 2934 et

435 2967 609 3024 multi
635 2972 802 3021 terra:
837 2974 1032 3022 motus
1066 2968 1239 3022 variis
1260 2969 1436 3035 locis;
1468 2969 1736 3040 adeoque
1767 2975 1826 3024 et
1855 2976 2087 3024 montes

434 3056 498 3111 in
531 3055 852 3110 solitudine
897 3056 1046 3112 Saba
1105 3059 1260 3112 inter
1315 3075 1376 3114 se
1433 3060 1758 3122 coiverunt,
1816 3065 1876 3114 et
1904 3075 2088 3130 pagus

437 3151 597 3200 terra
625 3145 938 3218 absorptus
971 3151 1076 3200 est.
1121 3146 1342 3202 Eodem
1374 3164 1530 3202 anno
1561 3150 1804 3203 Cosmas
1834 3147 2085 3201 Alexan-

438 3235 582 3289 dria;
615 3234 954 3306 patriarcha
979 3251 1113 3289 cum
1145 3235 1366 3290 civibus
1397 3236 1469 3290 ab
1501 3253 1699 3291 errore
1732 3236 2089 3290 Monothele-

443 3329 634 3378 tarum
666 3323 739 3377 ad
770 3339 970 3377 veram
996 3323 1344 3394 religionem
1369 3325 1656 3380 transivit.
1690 3324 1910 3380 Eodem
1928 3339 2086 3379 anno

439 3412 674 3483 signum
707 3411 768 3465 in
801 3412 946 3466 coelo
988 3412 1176 3466 visum
1210 3419 1316 3467 est.
1378 3413 1615 3468 Validus
1665 3420 1865 3470 autem
1916 3417 2088 3469 Petro

440 3497 814 3553 sanctissimo
847 3499 1116 3553 Damasci
1141 3501 1724 3573 metrOpolitaa,quod
1753 3503 1803 3557 is
1829 3501 2087 3557 Arabum

441 3593 500 3642 et
529 3587 990 3642 Manichaeorum
1025 3604 1255 3644 errores
1279 3597 1572 3663 argueret,
1596 3591 1855 3664 linguam
1883 3591 2090 3663 princi-

439 3677 544 3736 dit.
579 3682 637 3732 et
688 3677 748 3730 in
800 3677 1072 3732 Arabiam
1123 3679 1376 3734 Felicem
1437 3680 1752 3752 relegavit;
1807 3681 1904 3735 ubi
1954 3697 2089 3735 cum

441 3765 672 3820 Christo
699 3766 1108 3822 testimonium
1140 3769 1540 3839 perhibuisset
1568 3787 1635 3825 ac
1667 3771 1827 3826 clara
1847 3787 1984 3826 voce
2015 3770 2088 3824 li-

439 3858 694 3931 turgiam
751 3858 1085 3925 cecinisset,
1136 3859 1428 3931 supplicio
1475 3863 1720 3917 aﬂ'ectus
1763 3861 1926 3917 obiit.
1971 3862 2090 3916 Hoc

439 3963 597 4002 anno
652 3947 848 4003 civilia
876 3947 1040 4004 fuere
1101 3947 1279 4017 bella,
1313 3949 1514 4020 qualia
1543 3967 1662 4006 non
1693 3957 1830 4007 ante
1864 3950 1937 4006 ab
1973 3950 2092 4005 ori-

439 4037 573 4108 gine
600 4036 828 4092 mundi.

512 4157 682 4209 Anno
715 4154 890 4208 tertio
921 4169 1124 4210 versus
1155 4155 1399 4210 Boream
1431 4155 1705 4227 apparuit
1733 4155 1989 4228 signum,
2022 4171 2091 4210 ac

449 4243 681 4298 cmlitus
737 4243 797 4296 in
830 4243 1100 4313 quaedam
1141 4245 1294 4300 806
1324 4244 1454 4302 loca
1483 4245 1672 4316 pulvis
1717 4245 1948 4300 delatus
1981 4250 2088 4300 est.

448 4332 627 4385 Terra
656 4347 890 4402 quoque
922 4333 996 4387 ad
1027 4334 1266 4404 Caspias
1295 4340 1491 4406 portas
1524 4339 1690 4390 motu
1722 4333 2088 4389 tremefacta.

453 4422 522 4474 Et
557 4419 792 4475 Validus
809 4421 882 4475 ab
909 4421 1200 4478 Arabibus
1230 4431 1495 4494 necatus,
1529 4442 1662 4480 cum
1697 4443 1900 4481 eorum
1933 4425 2094 4496 prin-

437 4521 577 4579 ceps
629 4524 815 4562 unum
871 4509 1080 4565 fuisset
1137 4528 1382 4570 annum.
1444 4515 1508 4568 Ei
1567 4514 1851 4570 successit
1901 4514 2094 4568 lzidus

440 4597 705 4669 Leipsus.
741 4599 818 4652 Eo
846 4614 1002 4654 anno
1035 4601 1452 4658 Constantinus
1483 4620 1590 4675 per
1618 4603 1887 4676 Abydum
1921 4603 2092 4673 traji.

447 4688 546 4754 cit,
585 4693 642 4742 et
658 4687 813 4759 apud
832 4694 1175 4744 terrestrem
1211 4693 1406 4762 Cpolis
1428 4709 1666 4748 murum
1695 4698 1885 4748 castra
1907 4693 2094 4763 ponit,

451 4794 772 4834 excurrens
812 4779 989 4833 etiam
1041 4796 1226 4850 usque
1260 4782 1333 4836 ad
1363 4784 1612 4837 Auream
1645 4788 1899 4854 portam,
1933 4788 1999 4836 ut
2037 4797 2099 4836 se

449 4868 816 4924 multitudini
881 4875 1224 4925 ostentaret.
1273 4871 1639 4927 Artabasdus
1696 4878 1893 4926 autem
1952 4870 2100 4925 urbe

443 4973 716 5030 egressus
775 4959 982 5030 praelia
1041 4959 1348 5015 commisso
1412 4961 1598 5015 victus
1661 4962 1949 5031 fususque
1991 4965 2100 5014 est.

435 5052 707 5118 Cumque
727 5048 1137 5119 Copronymus
1188 5050 1423 5104 navium
1468 5049 2102 5120 essetpotitus,fames

470 5151 660 5208 ngens
685 5137 746 5190 in
778 5137 923 5194 urbe
951 5138 1197 5208 exstitit,
1229 5139 1311 5193 ita
1329 5145 1398 5192 ut
1426 5138 1660 5193 modius
1694 5137 1900 5193 hordei
1934 5137 2007 5192 ad
2040 5141 2109 5192 12

2194 1981 2352 2056 ηγός.
2387 1982 2562 2045 Οὗτος
2624 1984 2726 2052 τήν
2760 1983 3067 2059 ἀγιωτάτην
3128 1978 3457 2050 Ἐκκλησίαν
3498 1975 3848 2050 Ἀντιοχείας

2195 2071 2284 2126 ἐπὶ
2335 2071 2732 2146 τεσσαράκοντα
2797 2072 3032 2148 χρόνους
3083 2070 3448 2146 χηρεύουσαν,
3515 2065 3848 2121 κωλυόντων

2194 2165 2304 2214 τῶν
2338 2154 2583 2234 Ἀράϐων
2637 2160 2985 2235 πατριάρχην
3044 2159 3286 2233 γενέσθαι
3364 2157 3416 2212 ἐν
3476 2155 3634 2230 αὐτῇ,
3693 2153 3848 2228 ἔχων

2195 2252 2317 2308 τινὰ
2372 2250 2654 2329 προσφιλῆ
2718 2251 2962 2325 μοναχὸν
3048 2250 3223 2324 Σύρον
3285 2249 3510 2321 ὀνόματι
3555 2245 3854 2324 Στέφανον,

2197 2341 2489 2418 ἄγροικον,
2525 2335 2728 2409 εὒλαϐἦ
2775 2337 2831 2395 δὲ
2863 2340 3046 2412 μόνον,
3091 2339 3182 2394 καὶ
3241 2336 3392 2412 εἷ’περ
3452 2335 3660 2392 θέλοιεν
3720 2354 3856 2408 συγ·-

2198 2432 2524 2506 χωρηθῆναι
2583 2429 2766 2491 αὐτοῖς
2828 2430 3174 2506 πατριάρχην
3259 2421 3424 2502 ἔχειν,
3508 2425 3858 2502 ψηφίσασθαι

2199 2520 2358 2576 αὐτὸν
2407 2520 2500 2575 τὸν
2558 2520 2850 2597 Στέφανον.
2913 2520 3102 2583 Θεόθεν
3160 2522 3322 2572 τοῦτο
3399 2515 3716 2588 νομίσαντες
3775 2514 3862 2579 γί-

2196 2621 2376 2674 νεσθαι
2431 2614 2840 2684 χειροτονοῦσιν
2900 2607 3059 2662 αὐτὸν
3115 2607 3166 2662 ἐν
3236 2611 3315 2662 τῶ
3375 2606 3549 2680 θρόνῳ
3614 2602 3859 2658 Θεουπό-

2201 2699 2500 2772 λεως(78).
2560 2699 2748 2771 Τούτῳ
2807 2703 2887 2770 τῷ
2944 2695 3050 2753 ἔτει
3106 2693 3392 2752 ἀπέστειλε
3449 2697 3857 2752 Κωνσταντῖνος

2197 2789 2334 2864 πρὸς
2394 2789 2574 2860 Ἰσὰμ,
2604 2788 2862 2849 ὡσαύτως
2917 2788 3005 2841 καὶ
3069 2782 3460 2859 Ἀρτάϐασδος,
3521 2781 3850 2860 συμμαχίαν

2199 2877 2468 2938 αἰτοῦντες
2509 2875 2830 2952 ἀμφότεροι.
2866 2875 3055 2952 Γέγονε
3111 2873 3168 2931 δὲ
3223 2871 3464 2950 ἀϐροχία
3515 2871 3704 2940 πολλὴ
3759 2870 3854 2926 καὶ

2198 2965 2414 3038 σεισμοὶ
2447 2965 2581 3020 κατᾶ
2610 2966 2833 3038 τόπους,
2866 2966 2939 3026 ὡς
2990 2964 3252 3029 ἐνωθῆναι
3313 2965 3414 3036 ὅρη
3473 2963 3608 3036 πρὸς
3667 2959 3855 3029 ἀλλη-

2199 3053 2267 3110 λα
2297 3055 2433 3109 κατὰ
2459 3055 2558 3124 τήν
2601 3050 2806 3129 ἔρημον
2841 3049 3010 3123 Σαϐἆ,
3043 3054 3130 3109 καὶ
3189 3054 3388 3124 κώμην
3447 3051 3550 3106 ὑπὸ
3601 3057 3704 3125 γῆν
3760 3070 3856 3102 κα-

2194 3149 2518 3212 ταποθῆναι.
2553 3146 2652 3215 Τῷ
2705 3141 2751 3197 δ’
2799 3144 2950 3216 αὐτῷ
3002 3141 3105 3197 ἔτει
3147 3145 3366 3214 Κοσμᾶς
3424 3141 3452 3194 6
3501 3138 3857 3212 πατριάρχης

2199 3229 2610 3306 Ἀλεξανδρείας
2643 3230 2988 3307 ὡρθοδόξησε
3020 3233 3111 3286 σὺν
3143 3235 3211 3304 τῇ
3250 3229 3410 3286 πόλει
3445 3231 3612 3283 αὐτοῦ
3643 3227 3703 3280 ἐκ
3747 3234 3854 3295 τῆς

2199 3326 2306 3377 τῶν
2342 3319 2742 3391 Μονοθελητῶν
2771 3319 3108 3392 κακοδοξίας.
3175 3320 3368 3393 Τούτῳ
3424 3323 3500 3373 τῶ
3544 3313 3649 3372 ἔτει
3683 3315 3852 3386 ἐφάνη

2201 3417 2427 3484 σημεῖον
2461 3411 2512 3466 έν
2543 3417 2623 3467 τῶ
2675 3411 2884 3487 ούρανῶ
2941 3415 3066 3484 (79).
3124 3407 3334 3470 Ούαλὶδ
3394 3413 3503 3482 (80)
3538 3406 3596 3462 δὲ
3643 3408 3855 3481 Πέτρον

2199 3501 2290 3555 τὸν
2360 3503 2662 3577 ἁγιώτατον
2715 3501 3132 3576 μητροπολίτην
3215 3503 3314 3555 τοῦ
3373 3500 3684 3571 Δαμασκοῦ,
3776 3495 3855 3556 ὡς

2202 3589 2503 3666 ἐλέγχοντα
2558 3594 2657 3662 τὴν
2707 3597 2815 3647 τῶν
2873 3587 3114 3667 ’Λράϐων
3168 3589 3259 3645 καὶ
3321 3585 3637 3662 Μανιχαίων
3684 3586 3858 3639 κακόο

2200 3701 2372 3750 νοιαν,
2403 3679 2863 3754 ἒγλωσσοτόμησε
2891 3681 2979 3735 καὶ
3011 3679 3260 3755 ἐξώρισεν
3305 3678 3380 3740 εἷς
3411 3679 3510 3746 τήν
3542 3672 3859 3747 Εὐδαίμονα

2201 3765 2480 3842 Ἀραϐίαν,
2513 3763 2638 3824 ἔνθα
2664 3770 2754 3824 καὶ
2775 3768 3078 3824 τελειοῦται
3127 3769 3478 3844 μαρτυρήσας
3509 3765 3644 3838 ὓπερ
3675 3767 3862 3837 Χρισ-

2198 3861 2295 3912 τοῦ
2345 3859 2434 3912 καὶ
2489 3863 2696 3932 τρανῶς
2755 3858 3076 3936 έκφωνήσας
3130 3859 3229 3928 τήν
3281 3857 3424 3912 θείαν
3479 3853 3857 3928 λειτουργίαν.

2200 3945 2392 4020 Τούτῳ
2419 3951 2498 4002 τῶ
2537 3945 2643 4003 ἔτει
2675 3947 2961 4023 γεγόνασιν
2992 3947 3251 4021 ἐμφύλιοι
3283 3942 3524 4020 πόλεμοι
3581 3945 3692 3998 οἷοι
3747 3942 3856 3997 οὐκ

2203 4033 2455 4111 ἐγένοντο
2487 4038 2593 4092 ἀπὸ
2623 4033 2942 4108 καταϐολῆς
2979 4038 3212 4112 κόσμου.

2274 4157 2359 4228 [Ρ.
2402 4158 2528 4230 461]
2555 4159 2646 4212 Τῶ
2674 4157 2722 4230 γ’
2779 4152 2886 4212 ἔτει
2940 4157 3078 4212 κατᾶ
3125 4152 3334 4232 Βοῤῥᾶν
3394 4151 3556 4233 ἐφάνη
3603 4156 3858 4224 σημεῖον,

2272 4250 2287 4270 ς
2363 4250 2389 4304 ὁ
2643 4245 2709 4302 θλ
2880 4247 2894 4268 ν
3321 4240 3330 4260 1
3490 4243 3531 4260 In
3672 4243 3688 4264 κ
3785 4263 3804 4272 _

2201 4271 2290 4306 και
2324 4271 2358 4303 κ
2395 4269 2475 4310 νις
2533 4268 2667 4318 κατη
2715 4251 2802 4303 θεν
2853 4269 2928 4310 εις
2984 4247 3205 4309 τόπους.
3265 4252 3456 4320 Γεγονε
3485 4259 3543 4299 ΟΕ
3599 4264 3689 4298 και
3749 4263 3861 4296 σει-

2209 4340 2350 4414 σμὸς
2382 4338 2457 4401 εῗς
2498 4339 2595 4400 τὰς
2653 4340 2892 4400 Κασπίας
2938 4337 3135 4399 πύλας⁶
3195 4336 3284 4392 καὶ
3343 4335 3579 4411 ἀνῃρέθη
3642 4331 3859 4391 Οῦαλίδ

2207 4429 2311 4486 ὑπὸ
2349 4432 2456 4482 τῶν
2516 4422 2788 4503 Ἀράϐων,
2845 4427 3002 4502 ἄρξας
3061 4423 3181 4490 ἔτος
3241 4431 3305 4485 α’.
3359 4425 3448 4479 καὶ
3506 4427 3696 4496 κρατεῖ
3756 4427 3858 4490 τῆς

2203 4520 2384 4594 ἀρχῆς
2415 4514 2541 4590 ’Ῑξῖδ
2600 4518 2627 4572 δ
2670 4518 2889 4592 Λειψός.
2950 4518 3147 4588 Τούτῳ
3186 4519 3265 4572 τῶ
3323 4511 3426 4570 ἔτει
3487 4514 3516 4568 ὁ
3565 4519 3860 4569 Κιυνσταν-

2205 4613 2350 4671 τῖνος
2426 4611 2564 4681 περᾷ
2645 4604 2735 4662 διὰ
2809 4613 2910 4676 τῆς
2994 4602 3248 4673 Ἀϐύδου,
3309 4605 3400 4660 καὶ
3476 4607 3556 4659 τῶ
3611 4601 3860 4681 χερσαίῳ

2204 4699 2380 4776 τείχει
2411 4703 2512 4766 τῆς
2543 4693 2758 4759 πόλεως
2805 4697 3149 4771 παρεκάθισε,
3208 4693 3466 4767 διέδραμε
3517 4690 3575 4747 δὲ
3607 4692 3691 4746 καὶ
3755 4688 3858 4749 ἕως

2206 4792 2307 4855 τῆς
2341 4787 2556 4860 Χρυσῆς
2598 4785 2828 4860 πόρτης,
2887 4782 3234 4840 ἐπιδεικνύων
3267 4785 3452 4838 ἑαυτὸν
3484 4786 3600 4842 τοῖς
3633 4776 3860 4858 ὄχλοις.

2212 4875 2272 4930 Ὀ
2306 4871 2364 4927 δὲ
2411 4867 2774 4948 Ἀρταϐκσδος
2833 4872 3063 4943 ἐξελθὼν
3117 4880 3216 4941 τῆς
3276 4869 3494 4931 πόλεως
3527 4868 3616 4924 καὶ
3647 4861 3864 4938 συμϐα-

2221 4959 2334 5016 λὼν
2364 4960 2610 5034 πόλεμον
2640 4963 2853 5032 ἡττήθη
2909 4962 3046 5016 κατᾶ
3092 4963 3310 5033 κράτος.
3359 4963 3468 5015 Τοῦ
3518 4955 3574 5012 δὲ
3631 4959 3865 5030 Κοπρω-

2219 5049 2394 5124 νύμου
2423 5049 2490 5104 τὰ
2527 5049 2698 5106 πλοῖα
2749 5053 3113 5126 κρατήσαντος
3164 5049 3366 5125 ἐγένετο
3424 5046 3593 5122 λιμὸς
3635 5045 3867 5118 ἴσχυρὸς

2221 5137 2275 5193 ἐν
2304 5144 2371 5214 τῇ
2405 5136 2587 5214 πόλει,
2619 5138 2760 5196 ὥστε
2806 5143 3076 5218 πραθῆναι
3122 5142 3215 5196 τὸν
3269 5137 3458 5214 μόδιον
3515 5143 3616 5208 τῆς
3674 5141 3872 5211 κριθῆς

1652 5293 2012 5350 XYLANDRI
2051 5296 2138 5350 ET
2178 5297 2395 5354 GOARI
2434 5303 2659 5358 NOTAE.

507 5407 784 5484 (7§)__Hoc
818 5415 906 5465 est
929 5416 1389 5484 cognomentum
1424 5428 1650 5484 magnae
1682 5412 2012 5468 Antiochia
2049 5417 2114 5484 et

445 5477 606 5546 apud
633 5481 899 5534 Nostrum
929 5489 986 5535 et
1015 5481 1181 5537 alios.
1214 5485 1354 5537 Xi’L.
1379 5515 1444 5522 —
1469 5477 1578 5539 (Lar
1609 5485 1920 5540 Antiochia
1947 5483 2118 5539 Θεού-

442 5543 624 5630 «5.75.5
649 5551 934 5630 ,“scripsit
964 5562 1170 5630 auctor
1199 5555 1708 5630 anno__Justiniani
1739 5561 1793 5611 2.
1821 5559 2000 5612 Ουλιι.

510 5619 629 5688 (79)
663 5619 952 5700 Nimirum
984 5624 1199 5690 crucis,
1235 5625 1431 5694 qualis
1465 5629 1677 5700 Magno
1717 5629 2118 5696 Constantino

436 5695 810 5761 apparuerat.
842 5691 982 5748 Χγι..

2298 5419 2409 5488 (80)
2443 5420 2570 5474 Hali
2602 5420 2697 5474 hic
2736 5424 2978 5476 vocatur
3005 5435 3040 5474 a
3069 5419 3326 5474 Diacono
3386 5417 3426 5472 l.
3477 5419 3691 5470 xxu'et
3721 5413 3880 5488 aliis,

2226 5485 2506 5562 princeps
2537 5493 3098 5562 Saracenorum.7Et
3152 5491 3342 5545 Izidus
3399 5488 3578 5556 Gizid,
3636 5487 3737 5556 qui
3768 5485 3880 5540 ali-

2230 5561 2450 5636 quanto
2483 5571 2614 5634 post
2645 5565 2974 5636 Βακταγγιος
3003 5561 3235 5635 legitur,
3296 5563 3346 5615 is
3403 5562 3731 5633 Βάκταγμος
3789 5563 3886 5612 est

2228 5633 2387 5704 apud
2415 5633 2716 5692 Zenaram.
2750 5633 2887 5693 xu;
