4148 6212
333 415 452 480 885

1454 419 2002 484 HISTORIARUM
2048 422 2564 492 COMPENDIUM
2575 474 2591 490 .

3620 433 3740 496 886

334 553 411 615 εἷς
440 551 752 624 νομίσματα
786 551 855 624 ιβ’
883 551 971 606 καὶ
999 551 1068 606 τὰ
1097 550 1266 607 λοιπᾶ
1298 551 1530 624 ὁμοίως.
1583 558 1700 613 Τοῦ
1753 552 1809 610 δὲ
1840 554 1970 610 λαοῦ

2095 560 2453 619 nomismata
2493 562 2866 629 venderetur,
2916 563 3242 636 eademque
3289 571 3448 623 esset
3491 568 3737 641 reliqua)

339 645 664 713 θνήσκοντος
689 642 779 697 καὶ
811 639 1202 714 ἀπολλυμένου
1235 643 1551 720 ἠναγκάσθη
1605 640 1977 720 Ἀρτάϐασδιις

337 732 598 788 ἀπολύειν
656 733 816 788 αύτῗον
885 731 975 786 καὶ
1033 733 1341 810 ἐξέρχεσθαι
1415 733 1522 788 ἀπὸ
1576 742 1675 802 τῆς
1742 733 1977 796 πόλεως.

337 826 580 891 Νικήτας
611 819 668 877 δὲ
698 823 725 876 ὀ
757 821 874 882 υἱὸς
906 815 1276 894 Ἀρταϐάσδου
1320 821 1638 896 ἐπισυνάξας
1697 821 1829 878 λαὸν
1857 825 1980 878 ἱκα-

329 914 418 967 νὸν
453 911 620 980 ἦλθεν
675 907 778 972 ’έως
840 908 1273 984 Χρυσουπὸλεως
1330 915 1463 983 (81).
1519 914 1617 968 Καὶ
1659 912 1892 986 περάσας
1950 913 1978 967 ὁ

332 1001 702 1076 Κοπρώνυμσς
733 997 946 1070 ἐδίωξεν
997 1000 1161 1055 αὐτὸν
1218 1000 1306 1054 καὶ
1363 997 1684 1057 καταλαϐὼν
1745 1002 1980 1077 ἐχειρώ-

329 1111 476 1146 σατο.
512 1089 614 1146 Καὶ
646 1093 837 1144 τοῦτον
876 1085 1137 1159 πεδήσας,
1205 1088 1381 1144 ἐλθὼν
1439 1091 1527 1146 διὰ
1581 1096 1677 1146 τοῦ
1731 1091 1976 1165 τείχους,

324 1187 403 1255 τῷ
457 1181 621 1256 πατρὶ
680 1177 1042 1236 έπεδείκνυσεν
1099 1182 1138 1238 ³.
1201 1185 1393 1260 ’Ἄφνω
1478 1179 1534 1236 δὲ
1598 1181 1981 1255 παραταξάμε-

323 1294 414 1334 νος
448 1271 537 1328 διά
567 1277 664 1328 τοῦ
712 1270 970 1348 χερσαίου
1026 1270 1249 1345 τείχους
1304 1273 1404 1342 τήν
1461 1270 1623 1327 πόλιν
1678 1265 1974 1348 παρέλαϐε,

317 1363 409 1418 καὶ
445 1362 854 1438 χειρωσάμενος
885 1356 1260 1434 Ἀρταὸασδοδ
1317 1363 1407 1417 καὶ
1465 1361 1592 1423 τοὺς
1651 1363 1742 1417 σὺν
1801 1362 1975 1433 αὐτῷ,

315 1458 512 1508 τοῦτον
551 1455 644 1527 μὶν
675 1453 768 1506 σὺν
799 1457 917 1515 τοῖς
956 1449 1104 1506 δυσὶν
1136 1451 1302 1507 αὐτοῦ
1350 1453 1495 1515 υἱοῖς
1551 1451 1850 1532 ἐτύφλωσε,
1882 1454 1973 1508 Τὸν

320 1541 378 1599 δὲ
412 1546 732 1620 Βάκταγμον
767 1543 1176 1617 χειροκοπήσας
1233 1539 1284 1596 ἐν
1345 1547 1424 1598 τῶ
1482 1543 1742 1620 Κυνηγῖῳ
1784 1544 1973 1598 ἀπεκε.

325 1633 543 1712 φάλισε,
611 1631 860 1692 πολλοὺς
921 1629 978 1685 δὶ
1033 1632 1124 1686 καὶ
1183 1629 1392 1693 ἄλλους
1455 1637 1561 1686 τῶν
1618 1631 1974 1708 προύχόντων

327 1721 532 1788 ἀνεῖλε,
573 1722 663 1777 καὶ
720 1727 816 1783 τάς
875 1719 1058 1783 οὐσίας
1119 1721 1294 1776 αὐτῶν
1356 1717 1669 1791 ἐδήμευσεν.
1731 1723 1973 1778 Ἱππικὸν

327 1811 385 1868 δὲ
409 1813 643 1882 ποιήσας
675 1810 929 1885 ε’σήγαγε
958 1810 1048 1864 τὸν
1083 1805 1451 1885 Ἀρτάϐασδον
1506 1809 1598 1865 σῦν
1655 1816 1775 1871 τοῖς
1833 1812 1975 1872 υἱοῖς

2089 670 2340 708 annonae
2373 655 2606 710 caritas.
2644 657 2922 712 Moriente
2947 673 3082 727 ergo
3107 665 3165 711 et
3186 665 3468 728 pereunte
3495 661 3734 730 populo,

2089 747 2327 797 coactus
2359 751 2446 798 est
2470 744 2828 800 Artabasdus
2854 761 2922 799 eo
2956 745 3200 800 dimisso
3233 747 3394 816 Cpoli
3429 749 3735 808 excedere.

2091 830 2203 885 Sed
2229 832 2386 886 ﬁlius
2408 835 2537 903 ejus
2558 835 2790 888 Nicetas
2809 833 3054 889 collecto
3077 851 3196 889 non
3221 836 3558 906 paenitendo
3575 854 3738 892 exer-

2090 918 2210 973 citu
2237 937 2424 991 usque
2482 921 2554 974 ad
2613 921 3003 992 ChrySOpolin
3061 924 3346 993 pervenit.
3408 927 3475 978 Et
3519 931 3738 996 tlopro-

2090 1024 2304 1078 nymus
2336 1010 2458 1064 suis
2488 1009 2672 1080 copiis
2707 1011 2966 1080 trajectis
2999 1027 3134 1065 eum
3165 1013 3514 1085 profligavit,
3553 1014 3734 1084 inque

2088 1096 2224 1164 fuga
2253 1097 2410 1169 cepit
2441 1105 2496 1152 et
2528 1098 2913 1170 compedibus
2941 1100 3199 1156 vinctum
3245 1101 3319 1157 ad
3367 1119 3604 1158 murum
3637 1121 3736 1177 ag-

2088 1202 2326 1258 gressus
2353 1188 2503 1258 patri
2537 1189 2814 1243 ostendit.
2851 1189 3176 1260 Subitoque
3208 1206 3242 1244 a
3267 1193 3532 1246 terrestri
3564 1210 3735 1249 muro

2088 1274 2329 1330 adortus
2351 1276 2557 1331 urbem
2588 1277 2763 1348 cepit.
2798 1278 2884 1332 Ita
2925 1278 3250 1334 Artabasdo
3282 1279 3342 1334 in
3371 1297 3536 1336 suam
3568 1288 3736 1353 pote-

2088 1369 2300 1420 statem
2331 1365 2593 1429 redacto,
2625 1373 2684 1422 et
2715 1367 2788 1422 iis
2821 1367 2922 1438 qui
2957 1384 3094 1423 eum
3135 1368 3594 1436 comitabantur,
3623 1371 3734 1442 ipsi

2088 1453 2435 1526 duobusque
2469 1456 2597 1528 ejus
2631 1456 2770 1511 filiis
2803 1457 3006 1512 oculos
3042 1457 3284 1524 effodit;
3333 1458 3734 1530 Bactagmum,

2087 1545 2364 1600 manibus
2396 1545 2560 1616 prius
2591 1547 2932 1616 amputatis,
2967 1547 3026 1600 in
3057 1547 3312 1619 Cynegio
3344 1547 3534 1619 capite
3575 1554 3740 1604 trun-

2090 1633 2262 1690 cavit.
2305 1635 2514 1690 Multos
2544 1652 2778 1707 quoque
2829 1653 3103 1707 proceres
3152 1654 3182 1691 e
3232 1637 3348 1692 vita
3396 1637 3637 1693 sustulit
3682 1644 3742 1693 et

2089 1741 2293 1779 eorum
2320 1726 2474 1782 bona
2497 1726 2985 1798 publicavitJnde
3013 1732 3319 1798 equestres
3343 1727 3513 1783 ludos
3536 1727 3740 1796 edens,

2089 1813 2482 1868 Artabasdum
2519 1814 2793 1884 filiosque
2827 1821 2884 1868 et
2914 1815 3136 1870 amicos
3170 1815 3296 1885 ejus
3320 1815 3740 1870 vinctosintro-

323 1902 486 1957 αὐτοῦ
517 1900 607 1956 καὶ
632 1905 748 1962 τοῖς
782 1899 966 1977 φίλοις
991 1896 1298 1973 δεδεμένοις
1330 1897 1440 1972 ἅμα
1507 1897 1848 1972 ’Λναστασίῳ
1885 1905 1967 1971 τῷ

2088 1901 2220 1957 duci
2248 1903 2452 1971 jussit,
2484 1920 2602 1958 una
2632 1919 2766 1958 cum
2797 1904 3126 1972 Anastasio,
3178 1905 3277 1974 qui
3331 1921 3392 1960 se
3441 1905 3588 1960 falso
3633 1922 3740 1977 pro

320 1989 665 2065 ψευδωνύμῳ
730 1990 1044 2064 πατριάρχη
1095 1989 1345 2066 τυφθέντι
1405 1985 1689 2062 δημοσίως
1744 1989 1834 2044 καὶ
1883 1987 1970 2044 ἐπὶ

326 2077 438 2153 ὄνῳ
491 2081 861 2158 ἀντιστρόφως
918 2078 1282 2152 καθεζομένῳ.
1379 2084 1512 2141 Τοῖς
1571 2076 1628 2134 δὲ
1685 2080 1776 2134 σὺν
1835 2079 1984 2134 αὐτῶ

327 2169 574 2227 ἐλθοῦσιν
633 2168 910 2241 ἐξωτικοῖς
972 2165 1247 2224 ἐκέλευσεν
1335 2168 1651 2243 εἶσέρχεσθα
1725 2169 1799 2229 εἷς
1853 2169 1983 2230 τοὺς

330 2257 520 2321 οἷ’κους
547 2259 638 2312 καὶ
671 2255 984 2333 διαρπάζειν
1016 2259 1110 2320 τάς
1151 2257 1335 2322 οὐσίας
1381 2264 1489 2315 τῶν
1550 2257 1818 2314 πολιτῶν.
1877 2258 1982 2314 Τὸν

331 2345 385 2403 δὲ
419 2346 774 2422 ψευδώνυμον
810 2349 1160 2424 πατριάρχην
1195 2348 1269 2410 ὡς
1328 2348 1607 2426 ὁμόφρονα
1657 2347 1842 2412 αὐτοῦ,
1892 2345 1982 2401 ἐκ-

319 2433 566 2516 φοϐήσας
621 2437 711 2492 καὶ
773 2435 1079 2506 δουλώσας,
1137 2435 1301 2492 πάλιν
1368 2436 1420 2491 ἐν
1484 2441 1564 2509 τῷ
1641 2435 1816 2510 θρόνῳ
1877 2442 1976 2505 τῆς

323 2529 626 2601 ἱερωσύνης
661 2526 1084 2596 ἀποκατέστησε.

393 2618 486 2688 Τᾠ
520 2613 566 2670 δ’
621 2613 725 2671 ἔτει
781 2613 944 2693 ἐφάνη
977 2620 1235 2689 κομήτης
1298 2617 1464 2693 μέγας
1522 2617 1657 2670 κατά
1709 2616 1809 2684 τήν
1870 2622 1974 2670 Συ-

323 2703 582 2774 ρίαν,καῗ
614 2705 888 2776 Μαρουᾶμ
914 2709 1024 2760 τῶν
1087 2699 1332 2779 Ἀ’ἱράὸων
1379 2702 1660 2779 ἐκράτησε,
1719 2704 1808 2759 καὶ
1867 2725 1973 2759 πα-

316 2794 582 2871 ρακλήσει
612 2798 724 2849 τῶν
785 2792 836 2848 ἐν
895 2799 964 2868 τῇ
1027 2794 1175 2867 Ἐῲα
1233 2797 1570 2867 Χριστιανῶν
1619 2793 1974 2868 συνεχώρησε

318 2885 780 2960 χειροτονηθῆναι
841 2883 1221 2960 Θεοφύλακτον
1277 2879 1640 2958 πρεσϐύτερον
1682 2880 1969 2954 Ἐδεσηνὸν

319 2971 668 3048 πατριάρχην
703 2971 1064 3046 Ἀντιοχείας,
1113 2969 1475 3046 κοιμηθέντας
1537 2969 1830 3047 Στεφάνου.
1869 2971 1968 3027 Καὶ

318 3065 513 3116 τοῦτον
599 3061 888 3138 γράμμασι
963 3058 1277 3125 καθολικῶς
1331 3061 1594 3134 τιμᾶσθαι
1673 3061 1818 3137 παρᾶ
1859 3061 1965 3114 τῶν

315 3147 570 3224 Ἀράϐων
597 3150 907 3226 προσέταξε.

378 3242 470 3310 Τῷ
527 3240 564 3294 ε’
623 3234 728 3294 ἔτει
787 3238 970 3295 ἄδειαν
1040 3240 1210 3315 εὑρὼν
1267 3240 1294 3294 ὁ
1345 3241 1722 3313 Κοπρώνυμος
1780 3238 1833 3294 ἐν
1889 3243 1958 3314 τῇ

307 3329 580 3403 ’Δνατολῇ
613 3330 688 3390 ὡς
718 3335 824 3384 τῶν
858 3325 1110 3403 Ἀράϐων
1161 3331 1299 3403 πρὸς
1359 3327 1647 3400 ἀλλήλους
1705 3329 1961 3406 μαχομέ-

309 3441 439 3487 νων,
480 3419 859 3495 Γερμανίκειαν
916 3423 1026 3491 (82)
1083 3414 1502 3494 παραλαμϐάνει
1559 3421 1651 3473 καὶ
1702 3418 1966 3494 ἐπιστρα-

309 3507 453 3562 τεύει
504 3507 773 3582 Δουλιχίῳ
825 3508 1082 3585 (83)νκαὶ
1132 3507 1411 3584 Ἀσσυρίᾳ.
1475 3505 1853 3582 Προσελάὸετο
1914 3506 1969 3564 δὶ

312 3597 401 3652 καὶ
442 3595 568 3658 τοὺς
624 3598 761 3671 πρὸς
825 3599 1033 3672 μητρὸς
1093 3603 1386 3672 συγγενεῖς,
1427 3597 1517 3652 καὶ
1576 3597 1629 3652 ἐν
1686 3598 1968 3670 Βυζαντίῳ

321 3687 607 3760 μετῴκισε,
640 3688 730 3741 σὺν
761 3687 942 3748 αὐτοῖς
999 3685 1055 3742 δὲ
1111 3688 1197 3742 καὶ
1260 3684 1504 3747 πολλοὺς
1553 3688 1757 3761 Σύρους
1789 3689 1969 3743 Μονο-

317 3776 563 3846 φυσίτας,
601 3774 792 3850 Γέγονε
823 3775 878 3830 δὲ
909 3776 1015 3830 ἀπὸ
1049 3777 1080 3830 ι’
1129 3774 1446 3852 Αὐγούστου
1502 3771 1607 3839 ’έως
1651 3777 1706 3832 ιε’
1765 3777 1957 3838 σκότος

313 3862 655 3940 ὁμιχλῶδες.

382 3957 466 4029 [Ρ.
501 3957 627 4028 462]
660 3959 748 4008 Τῶ
779 3955 822 4018 ς’
853 3949 957 4011 ἔτει
993 3955 1195 4032 ἐγένετο
1231 3955 1454 4028 σεισμὸς
1478 3957 1644 4030 μέγας
1675 3954 1726 4010 έν
1757 3952 1966 4011 Παλαι-

320 4045 467 4117 στίνῃ
497 4045 585 4099 καὶ
617 4044 670 4099 ἓν
701 4047 782 4116 τῷ
815 4041 1063 4120 Ἰορδάνῃ
1095 4045 1185 4100 καὶ
1218 4043 1268 4100 ἐν
1300 4052 1444 4120 πασῃ
1479 4048 1547 4119 τῇ
1610 4044 1798 4121 Συρίᾳ,
1836 4042 1965 4118 μηνί

314 4136 632 4208 Ἰανουαρίῳ
671 4133 745 4194 είς
773 4135 872 4201 τὴν
906 4131 1137 4206 ιη’,ὥρᾳ
1178 4132 1244 4203 δ’,
1302 4135 1394 4189 καὶ
1451 4133 1819 4209 ἀναρίθμητοι
1866 4156 1966 4207 μυ-

319 4221 500 4300 ριάδες
528 4225 867 4290 τεθνήκασιν.
903 4221 1193 4292 ἐκκλησίαι
1250 4245 1308 4280 τε
1346 4224 1436 4279 καὶ
1497 4227 1834 4297 μοναστήρια
1874 4245 1966 4279 πε-

317 4315 586 4382 πτώκασι,
618 4314 707 4368 καὶ
755 4310 992 4384 μάλιστα
1047 4314 1182 4368 κατά
1237 4313 1336 4382 τὴν
1393 4307 1600 4387 ἔρημον
1657 4321 1757 4382 τῆς
1817 4313 1966 4389 ἁγίας

307 4402 548 4466 πόλεως.
583 4405 676 4473 Τῷ
713 4400 862 4474 αὐτῷ
894 4398 998 4458 ἔτει
1037 4400 1330 4475 λοιμώδης
1388 4404 1612 4466 θάνατος
1672 4403 1778 4458 ἀπὸ
1813 4409 1968 4457 Σικε-

316 4491 438 4552 λίας
481 4492 575 4546 καὶ
620 4486 936 4567 Καλαϐρίας
979 4492 1275 4566 ἀρξάμενος
1333 4491 1448 4546 οἶόν
1515 4513 1570 4547 τι
1625 4495 1731 4568 πῦρ
1791 4491 1970 4546 ἐπινε-

326 4580 561 4653 μόμενον
591 4578 679 4634 ἐπὶ
709 4581 808 4650 τὴν
842 4576 1224 4654 Μονεμὸασίαν
1278 4582 1365 4637 καὶ
1421 4577 1666 4638 Ἐλλάδα
1733 4579 1823 4635 καὶ
1874 4581 1968 4642 τάς

2092 1982 2431 2053 patriarcha
2486 1983 2745 2054 gerebat,
2808 1990 2868 2038 et
2905 1989 3047 2039 tunc
3103 1984 3340 2055 publice
3397 1985 3740 2041 verberatus

2093 2071 2260 2126 asino
2313 2079 2671 2144 praepostere
2731 2073 3047 2144 impositus
3107 2074 3369 2130 sedebat.
3429 2075 3740 2131 Extraneis

2092 2177 2242 2232 quos
2273 2163 2420 2216 801
2462 2179 2659 2216 secum
2694 2161 3042 2228 adduxerat,
3075 2163 3376 2218 mandavit
3421 2169 3487 2218 ut
3533 2163 3741 2219 domos

2090 2251 2304 2305 civium
2319 2250 2664 2322 diriperent.
2691 2251 2802 2306 Sed
2825 2252 3220 2322 patriarcham
3235 2251 3401 2308 illum
3420 2252 3744 2308 suierroris

2093 2346 2469 2404 sectatorem,
2503 2341 2772 2394 territum
2813 2346 2992 2412 atque
3025 2341 3356 2411 subactum,
3405 2358 3642 2397 rursum
3674 2342 3737 2396 in

2090 2428 2343 2500 pristino
2383 2429 2530 2483 solio
2563 2428 2893 2484 collocavit.

2163 2625 2328 2674 Anno
2360 2619 2478 2674 4in
2533 2619 2700 2690 Syria
2749 2635 2997 2690 magnus
3047 2624 3278 2675 cometa
3321 2620 3614 2691 apparuit,
3675 2623 3735 2675 et

2085 2711 2422 2765 Maruamus
2454 2709 2515 2764 in
2555 2708 2777 2763 Arabes
2827 2709 3142 2779 imperium
3190 2709 3366 2780 cepit.
3418 2708 3521 2764 Hic
3569 2708 3736 2763 Chri-

2085 2799 2416 2854 stianorum
2450 2798 2550 2868 qui
2585 2814 2690 2869 per
2720 2796 3020 2853 Orientem
3053 2805 3189 2854 sunt
3225 2797 3734 2854 cohortationibus

2079 2905 2421 2960 persuasus,
2455 2887 2751 2942 concessit
2779 2893 2844 2941 ut
2871 2887 3342 2959 Theophylactus
3397 2887 3733 2943 Edessenus

2076 2977 2387 3050 presbyter
2463 2977 2793 3032 Antiochia:
2879 2976 3291 3048 designaretur
3369 2978 3728 3049 patriarcha,

2077 3072 2310 3122 mortuo
2364 3072 2488 3122 tum
2544 3066 2864 3137 Stephano,
2927 3082 3181 3136 eumque
3238 3065 3473 3136 publico
3535 3066 3726 3122 edicto

2068 3157 2250 3228 jussit
2279 3155 2350 3211 ab
2385 3155 2680 3210 Arabibus
2710 3155 2770 3210 in
2802 3156 3024 3212 honore
3051 3153 3278 3211 haberi.

2152 3247 2322 3300 Anno
2357 3247 2387 3298 5
2420 3245 2826 3315 Copronymus
2857 3250 3066 3300 nactus
3107 3246 3482 3302 occasionem
3533 3245 3618 3302 rei
3669 3245 3732 3300 in

2075 3337 2314 3393 Oriente
2345 3333 2636 3407 gerendas,
2671 3335 2828 3390 inter
2856 3336 3078 3391 Arabes
3100 3336 3256 3391 civili
3289 3337 3517 3408 vigente
3546 3335 3726 3405 bello,

2077 3423 2508 3481 Germaniciam
2547 3423 2778 3495 recipit,
2812 3425 3258 3496 exercitumque
3289 3426 3362 3481 ad
3395 3426 3730 3482 Dulichiam

2077 3522 2134 3570 et
2166 3515 2226 3568 in
2264 3513 2560 3583 Assyriam
2592 3513 2774 3568 ducit.
2807 3513 3006 3568 Matris
3037 3530 3272 3586 quoque
3305 3531 3426 3570 suae
3449 3522 3730 3586 cognatos

2078 3600 2186 3655 sibi
2221 3599 2519 3662 adsciscit,
2563 3605 2621 3653 et
2650 3600 2986 3669 Byzantium
3021 3616 3122 3654 eos
3155 3601 3454 3669 transfert,
3487 3602 3728 3658 multos-

2077 3704 2190 3759 que
2223 3703 2356 3741 cum
2393 3687 2484 3741 his
2535 3687 2732 3757 Syros,
2785 3687 3016 3742 Christo
3071 3688 3312 3743 unicam
3369 3689 3722 3760 afﬁngentes

2073 3783 2351 3831 naturam
2406 3775 2506 3845 qui
2563 3774 2844 3829 dicuntur
2892 3776 3332 3848 Monophysitm.
3365 3779 3410 3831 A
3444 3781 3509 3832 lO
3538 3796 3726 3850 usque

2074 3865 2148 3920 ad
2183 3867 2246 3918 15
2279 3862 2436 3918 diem
2468 3861 2714 3933 Augusti
2749 3862 3005 3918 tenebrae
3035 3862 3278 3918 fuerunt
3305 3865 3663 3936 caliginosa}.

2146 3954 2315 4006 Anno
2340 3956 2504 4006 sexto
2527 3953 2774 4023 magnus
2797 3950 2903 4004 fuit
2917 3951 2976 4005 in
2992 3950 3307 4007 Palmstina
3321 3957 3489 4007 terra:
3504 3959 3722 4023 motus,

2076 4049 2135 4099 et
2164 4043 2236 4098 ad
2287 4041 2601 4098 Iordanem
2661 4057 2881 4114 perque
2934 4042 3272 4098 universam
3313 4043 3564 4114 Syriam,
3625 4043 3720 4099 die

2075 4133 2298 4187 mensis
2319 4131 2580 4186 Januarii
2610 4132 2684 4190 t8,
2707 4131 2854 4186 hora
2869 4132 2922 4194 4,
2953 4131 3388 4202 innumeraque
3409 4131 3722 4188 hominum

2075 4221 2384 4292 perierunt
2415 4219 2622 4284 millia,
2655 4226 3006 4275 corruerunt
3025 4219 3246 4290 templa
3266 4225 3324 4274 et
3340 4221 3722 4288 monasteria,

2077 4312 2334 4367 maxime
2357 4327 2463 4381 per
2483 4311 2862 4366 solitudinem
2883 4310 3046 4366 urbis
3079 4311 3543 4366 sanctae.Eodem
3565 4327 3724 4369 anno

2075 4401 2280 4474 pestis,
2314 4399 2386 4454 ab
2420 4400 2619 4455 Sicilia
2653 4406 2710 4455 et
2739 4399 3010 4456 Calabria
3041 4405 3277 4472 sumpto
3310 4400 3499 4466 initio,
3545 4401 3725 4456 veluti

2078 4489 2229 4559 ignis
2263 4488 2534 4559 proxima
2564 4488 2890 4560 corripiens
2919 4488 3380 4545 Monembasiam
3437 4505 3625 4560 usque
3667 4495 3728 4546 et

2079 4579 2141 4633 in
2175 4577 2456 4633 Grmciam
2491 4593 2620 4632 sese
2651 4579 2992 4651 propagavit
3021 4579 3367 4650 insulasque
3407 4578 3728 4652 circumja-

322 4675 718 4743 παρακειμένας
746 4669 944 4738 νήσους
976 4669 1116 4738 ἦλθε
1148 4666 1216 4724 δι’
1250 4669 1389 4739 ὅλης
1419 4676 1518 4738 τῆς
1569 4665 1631 4724 ιδ’
1691 4666 1962 4724 ἶνδικτιῶ-

2088 4673 2299 4723 sentes.
2333 4669 2446 4722 Per
2474 4672 2657 4722 totam
2687 4666 2842 4723 808
2874 4667 3260 4725 indictionem
3295 4668 3357 4723 14
3386 4674 3445 4724 et
3470 4669 3639 4724 initio
3664 4671 3724 4722 15

322 4780 436 4820 νος.
467 4759 548 4832 Τῇ
581 4755 637 4813 δὲ
696 4759 752 4813 ιε’
799 4758 1026 4832 ἤρξαντο
1058 4757 1108 4814 ἐν
1141 4764 1210 4834 τῇ
1268 4756 1505 4835 βασιλίδι
1553 4757 1715 4814 πόλει
1767 4758 1970 4838 α’ίφνης

322 4848 569 4921 ἀοράτως
600 4847 838 4923 γίνεσθαι
867 4845 921 4904 ἵν
953 4869 1010 4904 τε
1040 4855 1157 4911 τοῖς
1205 4853 1316 4904 τῶν
1367 4848 1668 4922 ἀνθρώπων
1725 4849 1970 4920 ἱματίοις

314 4936 402 4990 καὶ
435 4934 639 4997 ἐντοῖς
695 4940 804 4990 τῶν
857 4934 1182 5007 ’ἐκκλησιῶν
1243 4934 1497 4995 ἐπίπλοις
1555 4939 1666 5008 (84)
1745 4935 1966 5007 σταυρία

312 5022 558 5096 ἐλαιώδη
591 5023 838 5081 πλεῖστα.
866 5023 1110 5102 ἰ-,γένετο
1143 5025 1235 5080 οὗν
1293 5024 1528 5080 ἐντεῦθεν
1582 5029 1700 5087 τοῖς
1758 5026 1963 5099 ἀνθρώ-

2080 4758 2244 4830 Cpoli
2277 4758 2472 4814 subito
2504 4763 2563 4813 et
2591 4757 2717 4815 visu
2753 4775 2874 4814 non
2925 4759 3272 4816 observante
3317 4760 3603 4815 exsistere
3661 4759 3722 4814 in

2077 4847 2390 4903 hominum
2443 4847 2701 4903 vestibus
2753 4853 2813 4904 et
2875 4848 2937 4904 in
2994 4849 3257 4905 ecclesias
3315 4847 3727 4919 suppellectile

2076 4937 2348 5009 plurimas
2381 4954 2609 5003 cruces,
2651 4939 2820 5008 quasi
2870 4955 2940 4993 ex
2989 4938 3115 4994 oleo
3162 4938 3352 5004 factm,
3399 4940 3724 5008 coeperunt.

2075 5027 2198 5090 Quo
2232 5026 2399 5099 signo
2431 5025 2573 5096 quid
2604 5026 3077 5097 portenderetur,
3127 5041 3258 5081 cum
3301 5025 3574 5080 homines
3605 5042 3724 5082 non

1496 5206 1860 5262 XYLANDRI
1898 5206 1983 5260 ET
2023 5206 2237 5262 GOARI
2279 5207 2502 5263 NOTAE.

380 5381 492 5453 (8|)
527 5378 929 5453 Chrysopolis,
964 5375 1107 5453 urbs
1141 5375 1293 5453 Asim
1329 5380 1490 5453 tra_ns
1521 5376 1962 5453 Propontidem,

310 5469 340 5506 e
374 5449 617 5523 regione
647 5449 916 5532 Cpoleqs,
957 5449 1179 5504 Βοιατινί
1199 5464 1369 5532 ‘nu‘nc
1391 5449 1601 5532 ‘Turcis
1631 5449 1967 5532 dictagper-

313 5519 519 5594 peram
546 5539 580 5576 a
612 5519 968 5593 quibusdam
989 5536 1122 5575 cum
1154 5519 1524 5574 Chalcedone
1555 5520 1963 5575 confunditur.

316 5595 503 5738 60$?)
536 5661 946 5738 Γερμανίκειανε
979 5662 1167 5738 Syria:
1191 5661 1420 5738 urbem.
1447 5661 1963 5738 {Ptolem.)_G§Au.

414 5667 503 5738 82)
536 5667 946 5737 Γιρμανίκειαν,
979 5667 1159 5735 Syrias
1191 5667 1420 5717 urbem.
1451 5667 1742 5733 (Ptolem.)
1789 5667 1963 5719 GGAR.

390 5667 504 5813 E83)
561 5733 828 5792 Δουλιχία
894 5736 1082 5792 altera
1137 5733 1319 5806 Syrias
1371 5733 1515 5790 urbs
1571 5738 1679 5804 est,
1751 5735 1968 5794 Doliche

2072 5373 2388 5429 Ptolemmo
2419 5375 2595 5430 dicta.
2629 5377 2804 5430 Goan.

2144 5444 2602 5517 (84·ἱΈπίπλοις,
2625 5449 2808 5517 peplis
2832 5454 2890 5517 et.
2915 5449 3046 5517 velis
3075 5449 3262 5505 sacris.
3294 5449 3529 5506 Simeon
3551 5451 3723 5507 Thes-

2076 5516 2185 5596 sal.
2243 5515 2316 5572 de
2375 5511 2795 5596 temiplo'iepov
2864 5511 3096 5573 ἔπιπλον
3161 5522 3261 5596 τῆς
3317 5521 3468 5596 ἁγίας
3521 5521 3722 5596 τραπέ-

2076 5592 2174 5716 gn:
2208 5597 2374 5645 vocat
2421 5589 2626 5645 altaris
2683 5589 3120 5661 indumentum,
3178 5592 3238 5648 id
3295 5589 3386 5650 est
3439 5589 3716 5667 mappam.

2123 5675 2252 5716 om.

2123 5675 2252 5719 OAR.
