2062 3105
200 239 258 268 887

876 235 1037 267 GEORGII
1059 234 1229 267 CEDRENI

1845 234 1905 267 888

160 326 162 328 μ
201 305 443 339 assequerentur,
459 303 490 330 in
503 310 642 338 magnum
653 310 810 330 maerorem
821 304 910 337 atque
921 301 1018 329 sollici‘

1082 310 1144 331 ποις
1160 299 1234 336 λύπη
1260 299 1304 328 καί
1320 300 1422 336 ἀθυμία
1436 298 1531 334 πολλὴ
1560 302 1595 337 τῇ
1622 302 1669 327 τοῦ
1698 301 1825 328 τοιοῦτοι)
1857 312 1912 337 ση-

202 347 336 374 tudinem
363 346 542 375 inciderunt.
570 346 626 375 Sed
649 349 677 374 et
703 347 783 374 varia
807 346 885 374 mala
910 345 959 373 Dei
984 345 1029 373 ira

200 391 335 419 immissa
350 390 493 426 populum
509 390 667 419 confertim
683 391 890 425 absumebant,
916 399 976 418 non
997 390 1028 418 in

201 435 274 462 urbe
292 435 391 468 modo,
408 435 460 463 sed
476 435 507 463 in
523 436 661 464 universa
676 436 792 464 vicinia.
819 436 886 463 Visa
911 443 1028 470 quoque

199 479 479 508 hominibusoblata
491 480 617 515 sunt,ita
628 483 659 508 ut
671 480 757 508 multi
766 480 919 509 hominum
928 481 1027 507 mente

200 525 360 552 abalienati
376 529 518 561 putarent
534 534 564 554 se
582 534 647 553 cum
664 526 828 562 peregrinis
850 525 1026 560 quibusdam

201 573 230 597 et
245 570 371 597 terribili
387 570 467 597 vultu
490 571 621 605 prmditis
641 570 811 598 hominibus
837 570 894 597 iter
920 570 1026 603 facere,

199 615 249 650 qui
259 618 449 642 occurrentes
463 615 520 642 sibi
536 618 677 650 tanquam
689 616 799 642 amicos
812 614 1028 650 compellarent

197 663 285 696 atque
301 669 368 688 cum
382 661 418 688 iis
430 661 695 696 colloquerentur;
710 670 744 688 ac
755 669 821 688 cum
835 662 1027 687 annotassrnt

198 714 263 741 qua:
277 705 313 732 ab
331 705 367 732 iis
385 705 569 737 dicebantur,
591 709 652 733 tum
676 705 795 733 demum
821 708 1025 738 narraverunt,

198 758 265 778 cum
277 759 312 778 ea
323 751 387 785 jam
407 751 503 778 exitus
520 751 749 786 comprobasset.
768 751 912 777 Videbant
928 754 1026 777 autem

198 803 249 822 eos
265 796 295 822 in
311 795 389 822 mdes
422 795 544 828 intrare,
569 796 703 831 aliosque
728 796 809 823 intus
834 795 1024 830 suspendere,

199 840 274 867 alios
290 840 385 876 gladio
402 840 500 868 ferire.
518 842 644 868 Eventus
661 840 801 876 pleraque
815 840 851 868 ab
864 840 936 875 ipsis
948 839 1026 866 dicta

200 893 268 913 vera
286 885 425 912 ostendit.
454 886 548 912 Verno
576 889 707 920 tempore
733 886 835 921 prima:
856 884 1025 911 indictionis

200 929 309 957 malum
339 930 433 966 magis
461 938 525 957 sese
553 930 691 963 intendit,
708 938 888 966 prorsusque
918 928 1025 956 exarsit

199 978 309 1006 instate.
326 975 399 1002 adeo
415 978 447 1002 ut
463 978 492 1002 et
509 978 575 1002 tota:
592 975 697 1002 domus
719 975 978 1007 concluderentur,
996 976 1025 1001 et

197 1019 336 1047 deessent
356 1020 406 1054 qui
436 1019 578 1047 cadavera
612 1021 780 1053 humarent,
809 1028 906 1054 neque
932 1019 1021 1046 etiam

200 1064 271 1091 satis
301 1067 379 1090 esset
407 1064 594 1099 grabatorum
622 1064 658 1092 ad
699 1072 733 1091 ea
776 1063 934 1096 efferenda,
970 1063 1021 1089 sed

196 1108 332 1144 jumenta
349 1108 386 1135 ad
402 1108 456 1135 hoc
473 1111 501 1135 et
524 1108 658 1136 vehicula
685 1108 908 1141 adhiberentur,
935 1111 1023 1142 atque

197 1152 249 1180 illa
265 1153 295 1180 in
311 1153 551 1189 propugnaculis,
569 1153 728 1184 suburbiis,
744 1153 881 1182 cisternis
904 1153 1022 1180 siccatis

200 1205 233 1224 ac
250 1197 372 1224 lacubus
396 1198 614 1233 sepelirentur;
638 1198 745 1233 quibus
775 1197 905 1233 impletis
928 1198 1020 1224 vinem

197 1250 315 1277 quoque
332 1246 360 1269 et
375 1242 451 1269 horti
469 1243 566 1270 eﬂ‘msi
583 1243 630 1270 vix
646 1243 819 1279 obtegendis
831 1241 1022 1270 cadaveribus

201 1287 381 1314 suffecerint.
394 1288 513 1314 Interim
528 1289 740 1323 Copronymus.
753 1287 890 1315 omnibus
905 1290 1024 1322 propter

196 1330 292 1365 ipsius
307 1331 488 1366 impietatem
505 1332 625 1359 familiis
642 1332 790 1365 evastatis,
807 1340 909 1363 omnes
932 1331 1022 1366 oppi—

198 1375 342 1402 danorum
359 1375 513 1402 facultates
530 1376 605 1403 809
623 1377 747 1403 corrasit
762 1376 852 1411 inque
879 1375 1022 1411 palatium

196 1419 353 1454 congessit.
365 1420 565 1455 Agarenorum
583 1428 699 1456 quoque
710 1429 743 1448 ea
755 1423 928 1455 tempestate
943 1419 1021 1447 clas-

198 1463 238 1490 sis
254 1463 291 1491 ad
317 1464 444 1499 Cyprum
467 1464 590 1500 appulit.
616 1466 684 1492 Erat
708 1465 749 1492 ibi
779 1466 910 1493 Romana
933 1464 1021 1491 etiam

196 1507 310 1543 classis,
329 1508 415 1544 cujus
441 1509 546 1537 ductor
575 1513 677 1545 portus
707 1510 841 1537 faucibus
871 1509 1021 1544 occupatis

193 1551 290 1579 subito
320 1552 440 1580 adortus
469 1554 568 1581 hostes
597 1555 750 1582 occidione
779 1554 895 1587 delevit,
927 1553 1020 1580 tribus

194 1599 310 1624 tantum
327 1598 458 1625 dimissis
475 1599 525 1633 qui
540 1598 683 1627 indicium
699 1599 875 1634 perferrent.

1083 345 1162 381 μείου
1182 345 1294 383 ἀπορίᾳ.
1325 343 1448 383 Ἐγένετο
1476 343 1504 372 δὲ
1524 344 1570 372 καὶ
1598 345 1732 380 θεομηνία
1773 344 1909 373 ποικίλων

1080 391 1184 426 παθῶν,
1209 389 1327 426 ἀφειδῶς
1341 389 1405 421 τοὺς
1433 388 1518 420 λαοὺς
1547 388 1741 426 ὀλοθρεύουσα,
1762 389 1793 417 οὗ
1824 390 1906 426 μόνον

1083 433 1147 465 τοὺς
1163 433 1189 461 ἐν
1204 436 1238 471 τῇ
1252 433 1347 469 πόλει,
1363 433 1437 461 ἀλλὰ
1451 433 1494 461 καὶ
1510 433 1581 470 πάσῃ
1608 435 1642 470 τῇ
1659 434 1818 474 περιχώρῳ.
1834 434 1908 472 Ἐγέ-

1082 489 1160 506 νοντο
1179 477 1207 506 δὲ
1221 479 1267 506 καὶ
1296 478 1451 518 φαντασίαι,
1467 478 1504 509 ὡς
1519 477 1643 509 πολλοὺς
1672 481 1725 506 τῶν
1755 478 1906 515 ἀνθρώπων

1084 522 1110 550 ἐν
1126 523 1244 551 ἐκστάσει
1260 524 1418 561 γινομένους
1433 523 1554 560 νομίζειν
1569 523 1652 558 ξένοις
1673 523 1727 550 τισὶ
1755 524 1799 551 καὶ
1827 525 1906 561 βρια-

1081 570 1138 603 ροῖς
1164 568 1324 605 προσώποις
1354 566 1518 603 συνοδεύειν,
1549 568 1592 595 καὶ
1635 567 1700 598 τοὺς
1731 568 1906 599 ἀπαντῶντας

1084 614 1176 645 αὐτοῖς
1193 615 1229 645 ὼς
1246 613 1326 649 δῆθεν
1340 614 1438 653 φίλους
1462 614 1714 653 προσαγορεύοντας
1743 615 1788 642 καὶ
1814 614 1905 643 διαλε-

1082 659 1225 695 γομένους.
1256 659 1454 696 Σημειούμενοι
1484 657 1513 686 δὲ
1546 659 1579 686 τὰ
1602 660 1666 696 παρ’
1690 659 1777 686 αὐτῶν
1807 658 1907 687 λαλού-

1083 713 1147 738 μΞνα
1163 702 1277 741 ἔσχατον
1315 704 1457 740 ἐξηγοῦντο
1485 703 1623 740 γινόμενα.
1654 705 1764 741 Ἐώρων
1786 703 1813 732 δὲ
1841 704 1906 736 τοὺς

1082 747 1178 779 αὐτοὺς
1221 748 1259 779 εἷς
1297 748 1389 780 ο“ῗκους
1419 748 1640 786 εἲσερχομένους,
1680 749 1725 776 καὶ
1762 749 1826 780 τοὺς
1857 751 1904 787 μὲν

1081 794 1131 819 τοῦ
1157 792 1233 820 οἷ’κου
1262 796 1431 830 κρεμῖυντας,
1458 794 1522 825 τοὺς
1545 792 1573 820 δὲ
1602 793 1671 831 ξίφει
1692 794 1903 832 τιτρώσκοντας.

1080 835 1223 865 Συνέϐαινε
1239 837 1268 865 δὲ
1283 838 1316 865 τὰ
1330 838 1443 866 πλεῖστα
1458 840 1510 865 τῶν
1538 839 1601 875 παρ’
1632 839 1719 866 αὐτῶν
1747 838 1903 876 λεγομένων

1083 881 1204 919 γίνεσθαι
1220 882 1306 913 οὕτως
1322 882 1412 914 καθὼς
1427 881 1504 918 ᾖδον.
1516 883 1560 919 Τῴ
1576 881 1604 909 δὲ
1621 882 1718 920 ἐαρινῷ
1737 886 1825 920 καιρῷ
1853 887 1905 919 τῆς

1083 925 1196 962 πρώτης
1224 925 1394 958 ἷνδικτιῶνος
1421 926 1536 954 ἐπέτεινε
1564 927 1706 963 μειζόνως,
1729 928 1774 963 Τῷ
1803 926 1831 955 δὲ
1861 934 1902 960 θεν

1083 969 1150 1007 ρινῷ
1165 970 1290 1006 ἐξεκαύθη
1306 971 1427 1006 εἰσάπαξ,
1458 971 1526 998 ὥστε
1552 971 1595 998 καὶ
1626 971 1799 1009 ὁλοκλήρους
1813 972 1907 1005 οῗκους

1040 1003 1061 1033 Β
1080 1003 1238 1049 κλεισθῆναι
1255 1015 1405 1050 παντελῶς,
1422 1015 1465 1042 καὶ
1492 1015 1531 1052 μὴ
1561 1015 1627 1043 εἶναι
1651 1015 1715 1047 τοὺς
1736 1003 1904 1056 ¹ιίὺφείλοντας

1087 1060 1266 1091 θάπτειντοὺς
1280 1060 1402 1098 νεκροὺς,
1433 1059 1503 1087 ὥστε
1530 1060 1567 1096 μή
1599 1060 1717 1097 ἐξαρκεῖν
1744 1063 1807 1093 τοὺς
1819 1060 1904 1099 κραϐ-

1083 1101 1180 1135 ϐάτους
1211 1103 1248 1135 εἷς
1276 1105 1326 1138 τήν
1354 1104 1456 1131 τούτων
1494 1103 1654 1140 ἐκκομιόἠν,
1683 1103 1756 1132 ἀλλὰ
1784 1106 1828 1132 καὶ
1858 1105 1904 1133 διὰ

1081 1147 1189 1187 ἀλόγων
1217 1149 1261 1176 καὶ
1295 1148 1340 1176 διὰ
1368 1150 1476 1185 ἁμαξῶν
1507 1149 1625 1189 ἐκφέρειν
1655 1150 1717 1181 τοὺς
1742 1151 1900 1187 τεθνεῶτας,

1079 1194 1161 1221 καὶέν
1175 1196 1233 1224 τοῖς
1258 1194 1472 1232 προτειχίσμασι
1501 1194 1545 1221 καὶ
1572 1194 1746 1231 προαστείοις
1775 1195 1820 1222 καὶ
1844 1206 1902 1223 κιν-

1081 1239 1202 1276 στέρναις
1232 1238 1357 1275 ἀνύδροις
1391 1238 1436 1266 καὶ
1473 1238 1585 1270 λάκκοις
1614 1240 1758 1271 Θάπτεσθσι
1792 1240 1903 1276 αὐτοὺς,

1081 1284 1117 1310 ὧν
1145 1283 1346 1321 πληρωθέντων
1375 1284 1440 1315 τοὺς
1468 1283 1632 1321 ἀμπελῶνας
1658 1284 1704 1311 καὶ
1733 1285 1837 1319 κήπους
1867 1284 1906 1312 δι-

1078 1328 1220 1363 έσκαπτον,
1247 1328 1292 1355 καὶ
1322 1328 1404 1365 μόλις
1431 1328 1545 1359 τούτους
1582 1328 1697 1366 ἴσχυσαν
1727 1328 1903 1367 ἐπικαλύψαι,

1082 1374 1183 1405 Παντὸς
1200 1372 1228 1401 δὲ
1243 1373 1320 1401 οἷ’κου
1336 1369 1528 1411 διαφθαρέντος
1554 1370 1598 1402 διὰ
1626 1375 1676 1409 τήν
1703 1372 1823 1402 ἀσέϐειαν
1851 1378 1902 1403 τοῦ

1082 1417 1285 1455 Κοπριυνύμου,
1314 1420 1399 1446 πάντα
1424 1419 1470 1447 τὸν
1512 1417 1632 1447 πλοῦτον
1662 1421 1715 1446 τῶν
1750 1420 1900 1457 οἰκητόρων

1082 1466 1132 1497 τῆς
1148 1462 1257 1501 πόλεως
1271 1463 1430 1499 εἰσκομίσας
1446 1462 1470 1490 ἐν
1486 1465 1526 1499 τῷ
1543 1462 1669 1500 παλατίῳ
1684 1464 1806 1492 ἀπέθετο.
1829 1468 1903 1492 Κιτ-

1084 1505 1165 1535 ἑλαϐε
1181 1506 1208 1534 δὲ
1222 1507 1297 1534 κσὶό
1331 1509 1386 1535 τῶν
1413 1508 1571 1545 Ἀγαρηνῶν
1599 1507 1697 1539 στόλος
1729 1508 1782 1536 ἀπὸ
1809 1508 1904 1545 Ἀλεξα

1081 1550 1205 1589 ανδρείας
1237 1551 1274 1582 εἷς
1302 1552 1420 1589 Κύπρον,
1448 1551 1509 1580 ἔνθα
1541 1552 1575 1587 ἦν
1614 1553 1628 1579 ὁ
1657 1552 1811 1589 Ῥωμαϊκὸς
1843 1554 1903 1581 στό-

1077 1596 1138 1627 λος·
1157 1596 1290 1623 ἐπιπεσὼν
1305 1595 1333 1623 δὲ
1349 1596 1421 1632 αὐτῷ
1438 1597 1451 1624 ὁ
1477 1598 1531 1624 τῶν
1560 1597 1706 1634 Ῥωμαίων
1737 1599 1903 1637 στρατηγὸς,

195 1640 240 1667 καὶ
279 1640 310 1668 τὸ
340 1642 428 1677 στόμα
456 1643 504 1668 τοῦ
533 1641 646 1677 λιμένος
675 1643 821 1679 κρατήσας,
858 1639 941 1679 ἄρδην
972 1640 1098 1668 ἀπώλεσε
1128 1642 1238 1675 πάντας,
1272 1643 1345 1678 τρεῖς
1379 1642 1479 1677 μόνους
1503 1640 1686 1677 ἐλευθερώσας
1716 1641 1761 1670 διὰ
1787 1642 1819 1670 τό
1847 1644 1901 1680 μή·

196 1694 280 1721 νυμα.

232 1731 318 1756 Anno
335 1730 520 1758 Constantini
540 1739 618 1758 nono
634 1732 801 1759 Maruamus
818 1740 834 1759 8.
849 1731 1018 1767 Mauropho-

1109 1732 1155 1766 Τῷ
1172 1733 1193 1762 θ’
1209 1729 1260 1758 ἔτει
1289 1729 1486 1759 καταδιώκεται
1503 1731 1640 1770 Μαρουᾶμ
1666 1731 1718 1760 ὑπὸ
1750 1729 1805 1760 τῶν
1821 1735 1896 1761 Mau-

197 1774 249 1807 ris,
267 1774 316 1809 qui
333 1777 361 1802 et
375 1775 600 1811 Chrysaronitze,
617 1776 774 1808 invaditur,
786 1776 1019 1812 gravissimaque

197 1819 357 1847 commissa
373 1828 469 1856 pugna
492 1821 645 1850 occiditur.
673 1822 724 1849 Die
751 1822 890 1849 vicesima
916 1822 1020 1857 quinta

196 1864 326 1891 Januarii
357 1865 468 1894 mensis
496 1867 689 1894 Constantino
719 1875 752 1894 ex
781 1867 907 1894 Chazara
936 1868 1019 1894 lrena

196 1908 274 1937 ﬁlius
285 1910 426 1944 nascitur,
438 1911 484 1940 cui
500 1911 587 1939 Leoni
603 1920 712 1940 nomen
728 1912 807 1939 fecit.
824 1912 933 1939 Eodem
951 1914 1019 1939 tem-

195 1962 266 1990 pore
279 1954 308 1982 in
324 1955 407 1991 Syria
417 1957 512 1992 gravis
528 1960 614 1984 terrm
629 1960 726 1985 motus
752 1956 899 1984 terribiles
926 1956 1017 1984 edidit

193 1999 305 2031 ruinas.
322 2001 499 2035 quibusdam
517 2001 640 2029 urbibus
651 2002 783 2037 prorsus,
796 2001 971 2036 quibusdam
980 2000 1017 2028 ad

192 2045 321 2073 mediam
333 2049 446 2081 partem
459 2047 623 2081 prostratis,
640 2046 795 2074 nonnullis
806 2046 893 2073 etiam
906 2054 923 2073 a
932 2054 1015 2072 mon-

193 2089 270 2116 tanis
286 2089 316 2116 in
333 2089 480 2124 subjectus
497 2090 635 2125 planities
650 2099 717 2118 cum
733 2091 826 2117 muris
840 2093 868 2117 et
882 2089 1015 2117 aediﬁciis

190 2133 303 2167 absque
314 2133 375 2160 ullo
387 2133 495 2161 damno
508 2134 639 2169 trajectis
650 2143 743 2171 usque
754 2135 791 2162 ad
802 2143 852 2162 sex
865 2134 1014 2162 milliaria.

189 2177 281 2204 Porro
297 2176 327 2203 in
353 2178 564 2213 Mesopotamia
593 2182 671 2206 terra
694 2179 725 2207 in
748 2179 870 2216 longum
894 2179 931 2206 ad
956 2178 1013 2206 duo

189 2220 284 2248 millia
300 2229 441 2256 passuum
459 2225 545 2258 rupta
568 2226 623 2256 est,
645 2232 738 2259 exque
762 2226 826 2260 ejus
850 2224 910 2252 imo
935 2226 1013 2251 terra

189 2264 343 2293 albissima
358 2268 447 2302 atque
464 2275 589 2295 arenosa
614 2272 723 2304 egesta,
749 2269 784 2296 de
807 2270 891 2304 cujus
913 2269 1011 2296 medio

188 2309 300 2338 animal
313 2311 384 2338 muli
396 2311 492 2339 forma
502 2312 648 2346 ascendit,
660 2313 791 2347 humana
806 2321 873 2340 voce
887 2313 1011 2348 loquens

187 2357 217 2383 et
246 2354 409 2390 praedicens
438 2356 582 2392 populum
622 2357 781 2393 quemdam
805 2366 821 2385 e
849 2357 1010 2386 solitudine

186 2399 218 2427 in
233 2399 345 2428 Arabas
375 2401 577 2429 incursionem
605 2401 774 2430 facturum:
805 2402 884 2438 quod
911 2405 940 2430 et
969 2402 1010 2430 sic

189 2445 296 2473 evenit.

221 2492 308 2519 Anno
322 2491 469 2527 sequenti,
488 2494 600 2527 quartae
616 2492 787 2520 indictionis
811 2492 875 2529 ipso
902 2494 1009 2522 Pente‘

185 2539 274 2564 costa)
290 2536 364 2565 festo
381 2536 439 2570 die,
456 2537 624 2565 Caballinus
654 2537 747 2565 ﬁlium
770 2546 856 2566 suum
881 2538 1008 2566 Leonem

186 2581 312 2617 imperio
328 2582 522 2619 inauguravit,
540 2591 678 2611 coronam
695 2583 720 2611 ei
736 2583 907 2618 imponente
928 2585 1008 2612 Ana-

185 2627 286 2662 stasio,
301 2627 377 2655 falso
392 2628 559 2664 patriarcha
579 2631 608 2656 et
622 2628 701 2655 socio
717 2628 878 2663 impietatis
897 2629 972 2665 ejus.

220 2706 297 2734 810
313 2709 396 2736 Anno
412 2710 539 2745 l0_diem
556 2718 642 2738 suum
663 2710 737 2738 obiit
762 2710 1008 2747 Theophylactus,

185 2754 390 2782 sanctissimus
404 2755 570 2783 Antiochiae
583 2756 762 2792 patriarcha.

1074 1775 1198 1813 ροφόρων
1214 1777 1268 1802 τῶν
1290 1775 1446 1814 λεγομένων
1462 1776 1678 1814 Χρυσαρωνιτῶν
1694 1778 1762 1814 (85),
1777 1777 1821 1804 καὶ
1849 1778 1897 1816 βα-

1075 1819 1190 1856 ρυτάτου
1209 1818 1334 1855 πολέμου
1363 1821 1541 1856 κροτηθέντος
1565 1818 1708 1850 κτείνεται.
1737 1823 1776 1858 Τῇ
1802 1820 1831 1849 δὲ
1858 1821 1900 1850 κε’

1072 1863 1120 1890 τοῦ
1136 1863 1303 1902 Ὶανουαρίου
1321 1864 1407 1900 μηνὸς
1422 1860 1545 1902 γεννᾶται
1565 1867 1604 1901 τῷ
1633 1863 1725 1892 ἀσεϐεῖ
1752 1866 1896 1894 Κωνστανο

1071 1908 1136 1944 τίνῳ
1152 1908 1210 1940 υἱὸς
1225 1907 1253 1935 ἐκ
1268 1912 1317 1943 τῆς
1346 1909 1471 1947 Χσζάρας
1501 1909 1630 1947 Εἰρήνης,
1659 1909 1688 1937 ὅν
1717 1908 1897 1947 ἐπωνόμασαν

1072 1952 1180 1979 Λέοντα,
1204 1954 1247 1989 [Ρ.
1271 1954 1334 1989 463]
1362 1955 1408 1989 Τῷ
1432 1954 1506 1981 αὖτῶ
1537 1954 1633 1993 χρόνῳ
1661 1954 1757 1993 γέγονε
1785 1955 1897 1991 σεισμὸς

1071 1996 1097 2024 ἐν
1113 1996 1199 2032 Συρίᾳ
1212 1997 1256 2024 καί
1275 1997 1383 2035 μεγάλη
1400 1998 1446 2025 καὶ
1475 1996 1577 2037 φοϐερᾶ
1594 2001 1706 2035 πτῶσις,
1722 1999 1783 2027 ὅθεν
1799 2000 1827 2026 αἱ
1850 1999 1897 2036 μὲν

1070 2044 1123 2068 τῶν
1154 2041 1262 2069 πόλεων
1290 2041 1456 2080 ὁλοκλήρως
1482 2042 1677 2082 ἠφανίσθησαν,
1703 2044 1730 2071 αἱ
1755 2042 1784 2071 δὶ
1796 2044 1896 2081 μέσως.

1068 2087 1176 2123 Ἑτεραι
1206 2085 1259 2114 ἀπὸ
1280 2088 1335 2114 τῶν
1366 2087 1478 2125 ὀρεινῶν
1507 2087 1545 2119 εἶς
1570 2087 1604 2115 τὰ
1634 2088 1800 2123 ὑποκείμενα
1813 2087 1895 2117 πεδία

1069 2131 1117 2157 σὺν
1133 2133 1192 2162 τοῖς
1205 2131 1307 2169 τείχεσι
1322 2131 1369 2159 καλιῖ
1396 2134 1455 2163 τοῖς
1483 2131 1632 2169 οἷ’κήμασιν
1659 2132 1813 2169 ὁλόκληροι
1826 2135 1895 2160 σῶαι

1070 2175 1234 2211 μετέστησαν
1252 2176 1289 2207 ὡς
1304 2176 1356 2204 ἀπὸ
1381 2175 1483 2214 μιλίων
1512 2175 1548 2212 ἓξ.
1579 2177 1623 2205 Ἐν
1650 2177 1852 2214 Μεσοποταμίᾳ
1867 2176 1896 2206 δὶ

1068 2219 1105 2250 εἷς
1119 2223 1207 2256 μῆκος
1225 2220 1305 2258 μίλια
1320 2219 1370 2248 δύο
1386 2220 1487 2259 έῤῥάγη
1502 2221 1520 2256 ἡ
1537 2224 1585 2259 γῆ,
1611 2221 1656 2249 καί
1687 2221 1718 2250 ὲκ
1743 2223 1793 2250 τοῦ
1810 2222 1894 2259 βυθοῦ

1067 2264 1149 2299 αὐτῆς
1176 2264 1285 2306 ἀνήχθη
1315 2269 1350 2304 γῆ
1381 2264 1531 2302 λευκοτάτη
1563 2266 1608 2294 καὶ
1637 2264 1785 2303 ἁμμώὂης,
1814 2266 1894 2303 ἧςίκ

1068 2309 1150 2346 μέσου
1167 2309 1269 2344 civi/lea
1284 2312 1354 2345 ζῶον
1369 2309 1501 2346 μουλικὸν
1517 2310 1644 2344 ἄσπιλον,
1673 2310 1777 2339 λαλοῦν
1791 2311 1895 2350 ἀνθρω-

1065 2353 1129 2392 πίνῃ
1144 2355 1232 2393 φωνῇ,
1247 2354 1409 2392 προμηνύον
1418 2351 1511 2385 ἔθνους
1523 2353 1714 2393 ἐπιδρομήνᾶ
1724 2358 1775 2392 τῆς
1787 2355 1893 2394 ἐρήμου

1065 2399 1133 2426 κατὰ
1147 2401 1199 2426 τῶν
1215 2396 1350 2436 Ἀράϐων·
1368 2398 1383 2426 δ
1398 2399 1442 2426 καὶ
1456 2398 1562 2437 γέγονε.

1099 2486 1147 2524 Τῷ
1167 2485 1195 2515 δὲ
1211 2488 1335 2525 ἑπομένῳ
1349 2488 1443 2526 Χρόνῳ
1458 2491 1508 2523 τῆς
1525 2487 1547 2517 ὃ¹
1572 2488 1744 2522 ΐνδικτιῶνος
1758 2491 1793 2528 τῇ
1807 2490 1890 2528 ἔαρ-τῇ

1062 2535 1112 2567 τῆς
1143 2535 1343 2568 Πεντηκοστῆς,
1373 2531 1481 2570 ἔστεψεν
1511 2534 1525 2561 ὁ
1553 2531 1689 2568 δυσσεϐἦς
1713 2531 1890 2568 Κάὅαλλῖνος

1062 2578 1109 2604 τὸν
1123 2576 1180 2605 υἱὸν
1200 2577 1282 2606 αὐτοῦ
1302 2578 1404 2605 Λέοντα
1431 2578 1469 2610 εἰς
1501 2578 1613 2616 βασιλέα
1642 2578 1688 2607 διὰ
1715 2579 1890 2609 Ἀναστασίου

1062 2623 1111 2648 τοτι
1140 2620 1317 2660 ψευδωνῦμου
1359 2623 1532 2661 πατριάρχου
1574 2624 1618 2651 καί
1654 2624 1810 2662 σύμφρονος
1839 2625 1894 2653 αὖ·

1062 2676 1122 2696 του.

1101 2711 1149 2748 Τῷ
1167 2711 1182 2739 ι’
1197 2710 1249 2740 ἔτει
1280 2712 1416 2749 ἐκοιμήθη
1434 2711 1623 2753 ΘεοφύΛακτος
1645 2712 1659 2741 ὁ
1674 2710 1828 2753 ἆγιῶτατος
1841 2724 1894 2744 πα-

1064 2755 1202 2794 τριάρχης
1218 2756 1399 2795 Ἀντιοχείας.

786 2818 965 2847 XYLANDRI
984 2819 1027 2847 ET
1045 2818 1154 2848 GOARI
1169 2820 1280 2848 NOTE.

220 2871 275 2908 (85)
293 2871 467 2900 Chrosanitas
481 2873 628 2902 Diaconus
642 2879 726 2904 vocat
738 2876 756 2903 l.
773 2885 843 2911 xm,
860 2878 1000 2913 populum
1017 2894 1018 2901 η

1077 2878 1172 2908 :ntalis
1187 2879 1326 2908 Persidis.
1343 2880 1414 2909 XYL.
