4124 6210
388 442 506 504 889

1527 432 2074 501 HISTORIARUM
2117 435 2679 502 COMPENDIUM.

3679 426 3799 493 890

392 577 484 647 Τῷ
520 572 585 628 ia‘
613 566 720 627 ἔτει
768 572 1168 633 Κωνσταντῖνος
1222 569 1324 641 τὴν
1382 566 1839 627 Θεοδοσιοόπολιν
1899 590 2024 645 παρ·

2217 573 2386 629 Anno
2423 576 2481 628 11
2517 570 2937 629 Constantinus
2966 567 3461 638 Theodosiopolin
3493 572 3552 622 et
3575 565 3798 623 Melite-

392 658 585 720 ἔλαϐεν
639 659 754 734 ἅμα
810 664 880 735 τῇ
957 659 1260 735 Μελιτηνῄ,
1334 657 1756 736 αἳχμαλωτῖσας
1840 661 2038 722 πάντας

387 752 519 815 τοὺς
561 750 755 808 ἐκεῖσε.
817 750 917 805 Καὶ
970 751 1235 830 προφάσει
1291 754 1388 806 τοῦ
1446 755 1731 815 θανατικοῦ
1790 748 2038 822 προσλα-

391 837 626 915 ϐόμενος
650 838 778 901 τοὺς
814 845 1095 917 συγγενεῖς
1125 840 1293 895 αὐτοῦ
1324 838 1649 914 Ἀρμενίους
1694 839 1784 895 καὶ
1831 837 2039 912 Σύρους

388 929 695 1006 αἱρετικοὺς
755 928 831 992 ε“ς
888 950 945 985 τε
999 929 1063 984 τὸ
1125 929 1412 999 Βυζάντιον
1479 930 1746 1002 μετῴκισε
1809 928 1900 983 καὶ
1939 929 2039 997 τήν

393 1021 631 1097 Θρᾴκην·
665 1018 719 1076 o'i
752 1022 921 1100 μέχρι
946 1023 1043 1075 τοῦ
1083 1024 1172 1075 νῦν
1227 1022 1329 1089 τήν
1378 1020 1582 1094 α’δρεσιν
1632 1025 1729 1076 τοῦ
1776 1021 2037 1095 τυράννου

391 1109 930 1191 διακρατοῦσιν.⁹Υφ’
961 1110 1035 1165 ὢν
1081 1110 1171 1166 καὶ
1221 1109 1533 1182 ἐπλατύνθη
1584 1112 1619 1180 ἡ
1673 1108 1878 1185 αἳρεσις
1926 1112 2034 1163 τῶν

390 1208 432 1257 Π
444 1199 546 1257 αυλ
557 1204 799 1260 ικιανῶν.

462 1293 557 1364 Τῷ
600 1290 670 1366 ιβ’
725 1284 831 1346 ἔτει
888 1291 917 1346 6
974 1284 1242 1360 δυσσεϐὴς
1307 1291 1681 1358 Ἀναστάσιος,
1730 1289 1759 1344 6
1807 1288 2035 1364 ἀνίερος,

388 1378 615 1451 τέθνηκε
645 1377 737 1434 σὺν
764 1381 834 1455 τῇ
866 1381 1023 1459 ψυχῇ
1052 1378 1142 1435 καὶ
1173 1384 1252 1454 τῷ
1302 1381 1517 1454 σώματι
1571 1379 1826 1451 οἰκτίστῷ
1876 1379 2036 1444 πάθει

382 1472 463 1541 τῷ
493 1466 777 1544 λεγομένῳ
808 1465 1100 1548 χορδάψῳ,
1128 1470 1335 1544 κόπρον
1369 1465 1458 1523 διὰ
1491 1468 1765 1541 στόματος
1815 1467 2034 1543 ἐμέσας,

378 1557 527 1632 ἀξίαν
568 1557 721 1621 τίσας
781 1555 935 1627 δίκην
995 1559 1125 1632 ὑπὲρ
1155 1562 1231 1614 τε
1267 1565 1367 1629 τῆς
1424 1561 1561 1615 κατά
1620 1560 1755 1615 Θεοῦ
1787 1559 1879 1614 καὶ
1934 1563 2032 1615 τοῦ

377 1645 710 1703 διδασκάλου
742 1650 857 1721 (86)
885 1644 1071 1721 τόλμη
1084 1670 1127 1710 ς.

454 1742 543 1810 Τῷ
605 1738 673 1816 ιγ’
727 1732 834 1793 ἔτει
891 1740 1291 1801 Κωνσταντῖνος
1349 1740 1376 1795 6
1409 1735 1673 1810 δυσσεϐἡς
1738 1739 1874 1796 κατὰ
1927 1744 2036 1796 τῶν

379 1826 549 1901 ἀγίων
605 1827 696 1883 καὶ
760 1832 971 1883 σεπτῶν
1028 1827 1251 1884 εἰκόνων
1343 1829 1662 1902 παράνομον
1757 1827 2034 1900 συνέδριον

374 1914 501 1988 τλη⁸
530 1916 840 1972 ἐπισκόπων
882 1917 1151 1992 συνέλεξεν
1182 1916 1235 1974 ἐν
1264 1922 1343 1991 τῷ
1381 1925 1482 1989 τῆς
1532 1918 1734 1995 Συρίας
1778 1918 2031 1993 παλατίῳ
2064 1955 2110 2018 Β

382 2006 516 2079 (87),
584 2006 677 2060 ὧν
725 2004 926 2083 ἐξῆρχε
992 2004 1281 2072 Θεοδόσιος
1335 2010 1363 2064 6
1422 2009 1541 2072 υἱὸς
1619 2009 1934 2084 Ἀψιμάρου
2004 2010 2032 2064 6

388 2096 615 2176 Ἐφέσου
670 2098 763 2153 καὶ
822 2096 1111 2168 Παστηλᾶς
1145 2100 1173 2154 6
1205 2099 1444 2176 Πέργης.
1506 2096 1576 2158 Οἵ
1632 2102 1751 2165 καθ’
1809 2098 2031 2162 ἑαυτοὺς

383 2185 450 2240 τὰ
507 2183 732 2257 δόξαντα
799 2184 1245 2263 δογματίσαντες,
1337 2186 1571 2264 μηδενὸς
1653 2189 1924 2265 παρόντος
1976 2188 2039 2244 ἐκ

388 2278 499 2331 τῶν
564 2273 877 2331 καθολικῶν
962 2278 1168 2353 θρόνων
1245 2279 1515 2352 (Ῥώμης
1552 2320 1566 2345 ,
1604 2279 1629 2303 '
1691 2278 1860 2358 φημὶ,
1943 2276 2033 2333 καὶ

379 2364 793 2440 Ἀλεξανδρείας
849 2367 938 2424 καὶ
996 2369 1339 2445 Ἀντιοχεῗας
1417 2370 1508 2424 καὶ
1587 2366 2031 2444 Ἱεροσολύμων),

383 2459 475 2513 καὶ
545 2456 652 2513 ἀπὸ
734 2458 767 2513 ι’
828 2463 925 2514 τοῦ
1019 2454 1395 2535 Φεϐρουαρίου
1488 2460 1660 2533 μηνὸς
1742 2458 2031 2533 ἀρξάμενοι

384 2544 670 2622 διήρκεσαν
743 2544 845 2610 ἕως
912 2548 965 2619 η’
1032 2548 1350 2625 Δῦγοῦστου
1437 2556 1539 2617 τῆς
1628 2547 1795 2618 αὐτῆς
1894 2544 2034 2602 ἶνδι-

380 2639 632 2700 κτιῶνος.
675 2638 807 2693 Καθ’
869 2633 935 2707 ἤν
996 2635 1051 2692 ἓν
1114 2635 1450 2713 Βλαχέρναις
1510 2635 1759 2700 ἐλθόντες
1821 2637 1874 2691 οἱ
1930 2639 2030 2705 τῆς

379 2722 646 2779 Θεοτόκου
717 2722 1003 2798 πολέμιοι,
1070 2724 1272 2795 ἀνῆλθε
1343 2725 1435 2781 καὶ
1532 2727 1935 2785 Κωνσταντῖνος
2001 2725 2029 2780 ὁ

378 2808 747 2879 Καϐαλλῖνοςν
778 2813 831 2870 ἐν
900 2819 981 2888 τῷ
1027 2810 1267 2889 ἅμὸωνι,
1354 2820 1566 2892 κρατῶν
1623 2817 2027 2873 Κωνσταντῖνον

383 2903 648 2978 μοναχὸν,
712 2902 1009 2960 ἐπίσκοπον
1070 2905 1363 2983 γενόμενον
1426 2909 1525 2960 τοῦ
1617 2905 1876 2960 Συλαίου*
1937 2905 2029 2960 καὶ

382 2989 745 3065 ἐπευξάμενος
800 2994 903 3072 ἔφη
966 2994 1177 3070 μεγάλῃ
1233 2994 1304 3068 τῇ
1363 2998 1540 3071 ιρωιῇ·
1603 3019 1632 3047 ‹‹
1691 2993 2029 3051 Κωνσταντί-

378 3102 475 3135 νου
502 3080 885 3154 οἷκουμενικοῦ
931 3083 1277 3160 πατριάρχου
1335 3082 1521 3139 πολλὰ
1575 3084 1643 3139 τὰ
1698 3076 1813 3156 ἔτη.
1844 3108 1873 3137 ››
1926 3083 2026 3142 Καὶ

386 3171 521 3243 μετᾶ
576 3176 745 3227 ταῦτα
801 3169 1038 3242 ἀνῆλθον
1105 3172 1407 3252 ἀμφότεροι
1465 3174 1518 3229 ἓν
1573 3179 1654 3247 τῷ
1706 3174 1881 3252 φόρῳ,
1935 3173 2025 3230 καὶ

376 3257 716 3333 ἐξεφώνησαν
767 3262 867 3331 τήν
921 3261 1092 3317 αὐτῶν
1151 3260 1446 3334 κακόδοξον
1511 3264 1715 3340 αἳρεσιν
1789 3266 2016 3320 ἐνῶπιον

375 3346 575 3411 παντός
630 3340 728 3406 τοῦ
783 3349 943 3422 λαοῦ,
1020 3351 1504 3428 ἀναθεματίσαντες
1590 3355 1675 3425 [Ρ.
1744 3346 1871 3427 464]
1929 3356 2021 3410 τὸν

382 3437 685 3511 ἁγιώτατον
726 3439 998 3516 Γερμανὸν
1044 3447 1136 3496 καί
1193 3441 1465 3520 Γεώργιον
1518 3444 1610 3498 τὸν
1651 3442 1875 3519 Κύπρου
1929 3443 2021 3499 καὶ

374 3527 630 3600 Ἰωάννην
665 3529 758 3584 τὸν
810 3527 1188 3603 Δαματκηνὸν,
1247 3528 1441 3607 ἄνδρας
1495 3527 1677 3608 ἁγίους
1726 3531 1816 3588 καὶ
1874 3531 2020 3589 αἰδε-

375 3616 569 3690 σίμους
627 3614 1008 3682 διδασκάλους.
1069 3612 1167 3693 Τῷ
1220 3617 1267 3675 δ’
1310 3620 1459 3694 αὐτῳ
1514 3619 1621 3678 ἔτει
1669 3619 1937 3693 ἐζήτησαν
1969 3623 2020 3678 oi.

372 3704 685 3783 Βοόλγαροι
716 3707 894 3765 πάκτα
943 3706 1033 3764 διὰ
1078 3714 1145 3764 τὰ
1190 3706 1471 3765 κτισθέντα
1523 3710 1750 3786 κάστρα,
1796 3709 1885 3766 καὶ
1923 3714 2020 3766 τοῦ

377 3793 649 3869 βασιλέως
678 3797 1041 3871 ἀτιμάσαντος
1068 3796 1159 3854 τὸν
1218 3790 1630 3875 ἆποκρισιάριον
1684 3803 1794 3873 (88)
1841 3799 2019 3854 αὐτῶν

376 3881 603 3953 ἐξῆλθον
633 3881 738 3948 ’ἕως
766 3890 874 3941 τῶν
906 3891 1126 3962 μακρῶν
1183 3892 1404 3964 τειχῶν,
1454 3889 1545 3944 καὶ
1592 3886 1808 3958 πολλὴν
1845 3886 2023 3964 αἰχμά

372 3970 613 4029 αλωσίαν
645 3976 966 4047 ποιήσαντες
997 3974 1326 4053 ὑπέστρεψαν
1360 3971 1642 4041 ἀϐλαϐεῖς.

443 4065 539 4136 Τῷ
572 4065 638 4118 ιθ“
669 4060 776 4120 ἔτει
825 4067 853 4121 6
908 4063 1165 4141 βασιλεὺς
1208 4064 1591 4143 ἐπεστράτευσε
1641 4069 1776 4124 κατᾶ
1839 4067 2019 4125 Βουλ-

370 4151 575 4228 γάρων,
623 4154 712 4210 καὶ
772 4153 946 4220 ἐλθὼν
1006 4154 1082 4218 εἷς
1144 4156 1245 4226 τὴν
1303 4156 1623 4231 κλείσουραν
1684 4154 2015 4236 Βερεγάϐαν,

367 4240 617 4307 πολλοὺς
649 4243 947 4312 ἀπολέσας,
980 4245 1278 4320 ὑπέστρεψε
1314 4249 1430 4320 μετ’
1459 4247 1749 4325 αἰσχύνης.

442 4334 536 4405 Τῷ
566 4333 613 4388 κ’
643 4331 751 4390 ἔτει
809 4328 1032 4404 δοκίτης
1089 4333 1263 4411 ἀστήρ
1316 4335 1482 4414 ἐφάνη
1532 4337 1669 4393 κατὰ
1706 4338 1807 4408 τὴν
1856 4339 2015 4413 ἑῴαν,

370 4417 781 4497 λαμπρότατος,
824 4421 912 4478 ἐπὶ
969 4420 1178 4498 ἡμέρας
1239 4425 1292 4495 ι’,
1347 4425 1437 4480 καὶ
1481 4425 1635 4492 αὗθις
1675 4427 1817 4503 πρός
1864 4424 2014 4484 δόσιν

366 4513 402 4580 1,
413 4509 578 4588 μὲρας
608 4513 711 4570 κα“.

2143 678 2282 717 nam
2316 663 2558 736 recepit,
2593 662 2781 734 captis
2813 657 3118 732 quotquod
3145 656 3226 712 ibi
3256 662 3428 711 erant
3474 655 3790 721 omnibus;

2144 768 2408 823 ususque
2440 752 2622 824 pestis
2648 750 3093 824 praescriptione
3125 752 3404 819 cognatos
3420 761 3559 800 suos
3589 747 3797 798 Arme-

2146 841 2278 897 nios
2309 849 2367 897 et
2406 844 2579 915 Syros
2611 841 2921 897 haereticos
2951 839 3024 895 ad
3054 854 3115 893 se
3147 840 3417 908 receptos
3447 832 3709 905 Byzantii
3742 836 3800 885 et

2146 931 2208 985 in
2240 932 2485 988 Thracia
2516 931 2857 996 collocavit;
2890 930 2991 1002 qui
3021 929 3082 983 in
3112 928 3272 983 hunc
3302 939 3493 995 usque
3524 921 3682 977 diem
3730 919 3791 973 in

2144 1020 2355 1076 haeresi
2378 1022 2612 1092 tyranni
2635 1022 2979 1093 persistunt.
3016 1016 3101 1073 Ab
3124 1015 3337 1071 iisdem
3369 1019 3427 1070 et
3447 1009 3790 1067 Pauliciana

2144 1110 2387 1167 haeresis
2419 1115 2508 1167 est
2536 1117 2878 1184 propagata.

2214 1275 2384 1328 Anno
2418 1277 2485 1328 12
2514 1274 2734 1346 impius
2757 1278 2815 1329 et
2830 1271 3118 1344 profanus
3138 1268 3239 1325 ille
3262 1266 3525 1341 pontifex
3544 1266 3792 1320 Anasta-

2144 1361 2267 1417 sius
2295 1364 2496 1419 anima
2524 1380 2660 1420 cum
2693 1379 2940 1435 corpore
2961 1364 3251 1434 pereunte
3280 1361 3552 1413 mortuus
3583 1358 3694 1419 est,
3719 1367 3788 1405 ex

2142 1452 2479 1509 miserrimo
2509 1453 2716 1510 morbo
2748 1453 2848 1525 qui
2879 1451 3251 1522 chordapsus
3283 1446 3518 1509 dicitur.
3564 1450 3790 1499 stercus

2140 1559 2250 1614 per
2276 1560 2343 1598 os
2389 1560 2657 1617 egerens,
2715 1542 3051 1616 dignasque
3090 1538 3255 1594 dedit
3297 1552 3501 1610 poenas
3550 1549 3791 1590 suarum

2138 1632 2203 1686 in
2238 1632 2423 1687 Deum
2455 1639 2509 1686 et
2542 1637 2969 1704 praeceptorem
3001 1627 3379 1699 injuriarum.

2210 1724 2379 1778 Anno
2412 1725 2476 1778 13
2507 1723 2931 1780 Constantinus
2960 1720 3211 1790 impium
3240 1718 3344 1772 338
3376 1714 3790 1787 episcoporum

2140 1813 2458 1869 concilium
2489 1813 2768 1869 adversus
2801 1827 2999 1868 sacras
3018 1809 3313 1883 imagines
3337 1804 3528 1877 coegit
3547 1804 3609 1858 in
3633 1803 3795 1875 pala-

2141 1903 2220 1957 tio
2251 1904 2453 1974 Syriae.
2506 1903 2811 1975 Principes
2868 1906 3040 1958 erant
3085 1896 3448 1954 Theodosius
3494 1892 3789 1965 Apsimari

2142 1993 2303 2049 ﬁlius
2329 1994 2545 2067 Ephesi
2578 2001 2637 2050 et
2665 1993 2925 2050 Pastelas
2955 1994 3156 2064 Perga;
3203 1985 3484 2062 episcopi.
3539 1985 3606 2040 Hi
3656 2000 3794 2039 suas

2142 2084 2469 2140 sententias
2501 2085 2740 2157 propria
2769 2084 3118 2141 auctoritate
3147 2087 3306 2137 ratas
3337 2094 3465 2135 esse
3490 2076 3796 2149 jubentes,

2140 2174 2379 2231 nemine
2412 2192 2446 2231 a
2476 2175 2785 2231 catholicis
2817 2175 2985 2230 soliis
3015 2175 3282 2244 (Romam
3328 2169 3484 2229 dico.
3534 2165 3779 2221 Alexan'

2138 2265 2354 2333 driam,
2404 2267 2781 2322 Antiochiam
2832 2272 2891 2321 et
2936 2262 3362 2334 Hierosolyma)
3410 2261 3724 2331 praesente,
3757 2270 3792 2308 a

2138 2354 2374 2410 decima
2404 2355 2707 2411 Februarii
2742 2371 2932 2426 usque
2960 2354 3035 2410 ad
3067 2359 3329 2409 octavam
3363 2345 3785 2421 Augustidiem

2138 2444 2407 2516 ejusdem
2439 2447 2581 2500 anni
2611 2445 2910 2517 synodum
2941 2445 3390 2501 continuarunt:
3422 2441 3504 2493 Ea
3532 2436 3629 2491 die
3651 2450 3787 2490 cum

2137 2533 2198 2588 in
2232 2533 2667 2591 Blachernense
2698 2535 2902 2590 fanum
2935 2532 3353 2589 convenissent
3386 2527 3649 2598 Deiparae
3694 2522 3784 2577 illi

2135 2622 2475 2687 adversarii.
2506 2623 2856 2681 conscendit
2885 2623 3196 2680 ambonem
3224 2617 3588 2682 Caballinus,
3634 2614 3789 2669 Con-

2137 2714 2468 2770 stantinum
2522 2714 2884 2771 monachum
2932 2719 3165 2777 tenens,
3207 2709 3309 2783 qui
3366 2705 3540 2780 Sylaei
3591 2703 3785 2759 fuerat

2135 2802 2495 2874 episcopus:
2553 2810 2948 2876 precatusque
3002 2817 3216 2875 magna
3278 2813 3421 2854 voce
3473 2811 3486 2851 :
3537 2816 3565 2845 ‹‹
3617 2791 3780 2847 Multi

2135 2892 2279 2948 811
2319 2892 2459 2957 sint,
2515 2892 2731 2966 inquit,
2790 2894 2932 2950 anni
2990 2892 3122 2948 vitae
3179 2887 3565 2947 Constantino
3622 2898 3779 2939 (ecu-

2134 2983 2367 3039 menico
2406 2985 2777 3056 patriarchae.
2813 3007 2842 3036 ››
2891 2985 2991 3040 His
3038 2984 3217 3054 gestis
3264 2982 3590 3053 imperator
3642 2990 3778 3031 cum

2133 3088 2281 3129 novo
2314 3074 2651 3146 patriarcha
2679 3075 2741 3131 iu
2771 3074 2963 3131 forum
2984 3080 3074 3129 est
3093 3087 3461 3145 progressus,
3482 3085 3549 3123 ac
3576 3080 3774 3121 coram

2133 3163 2408 3219 universo
2439 3164 2658 3236 populo
2689 3181 2928 3238 pravam
2953 3180 3121 3219 suam
3153 3161 3407 3217 haeresin
3438 3156 3774 3231 proclama-

2132 3255 2361 3315 verunt‘,
2395 3253 2770 3306 anathemate
2802 3249 3083 3306 ferientes
3140 3245 3580 3304 sanctissimum
3630 3241 3772 3296 Ger-

2060 3312 2104 3379 C
2134 3312 2397 3407 manum,
2431 3341 2743 3413 Georgium
2774 3340 2948 3412 Cypri
2981 3339 3326 3411 episcopum
3384 3341 3443 3391 et
3487 3334 3774 3389 Joannem

2128 3424 2746 3497 Damascenum,viros
2768 3437 3003 3487 sanctos
3026 3434 3084 3485 et
3104 3425 3471 3485 venerabiles
3484 3423 3775 3478 doctores.

2128 3516 2248 3573 Hoc
2279 3518 2407 3589 ipso
2465 3534 2623 3574 anno
2671 3519 2905 3593 Bulgari
2965 3525 3209 3591 propter
3256 3514 3529 3588 quaedam
3582 3515 3776 3566 castra

2128 3612 2427 3661 exstructa
2468 3607 2775 3679 postulant
2819 3623 2968 3664 nova
3016 3613 3205 3679 pacta.
3262 3609 3528 3674 Cumque
3568 3613 3771 3655 eorum

2126 3694 2387 3768 legatum
2453 3697 2880 3753 Constantinus
2963 3696 3355 3770 ignominiose
3440 3693 3771 3754 tractasset,

2127 3786 2479 3841 excursione
2544 3802 2735 3858 usque
2816 3787 2891 3842 ad
2976 3788 3237 3858 Longum
3294 3797 3531 3838 murum
3597 3781 3773 3845 facta,

2126 3874 2351 3947 ingenti
2382 3875 2582 3947 pranda
2612 3876 2804 3947 potiti,
2836 3874 3165 3931 incolumes
3196 3873 3440 3927 domum
3501 3866 3772 3923 redeunt.

2199 3974 2369 4020 Anno
2412 3965 2477 4018 19
2532 3964 2857 4037 imperator
2905 3963 3345 4036 expeditionem
3384 3959 3447 4013 in
3492 3956 3775 4028 Bulgaros

2125 4054 2284 4111 fecit.
2315 4053 2580 4125 Cumque
2610 4055 2684 4110 ad
2706 4055 3009 4128 angustias
3031 4064 3217 4123 usque
3239 4049 3459 4122 quibus
3477 4044 3774 4117 Beregaba

2127 4156 2372 4212 nomen,
2401 4143 2679 4214 venisset,
2712 4144 2920 4200 multis
2953 4153 3198 4199 suorum
3245 4138 3479 4196 amissis
3528 4135 3772 4192 domum

2126 4246 2259 4290 cum
2293 4228 2582 4289 dedecore
2612 4235 2868 4289 revertit.

2196 4326 2369 4383 Anno
2399 4324 2471 4377 20
2506 4329 2757 4394 cometa,
2816 4324 2916 4397 qui
2972 4339 3008 4379 a
3064 4322 3249 4378 trabis
3304 4319 3499 4375 forma
3553 4313 3771 4371 Graecis

2124 4414 2350 4471 docites
2381 4416 2619 4485 dicitur,
2642 4413 3115 4487 fulgentissimus
3135 4408 3409 4483 apparuit
3428 4423 3534 4479 per
3564 4408 3628 4460 10
3643 4403 3770 4460 dies

2122 4504 2187 4561 in
2243 4510 2411 4577 parte
2469 4504 2767 4576 orientali,
2824 4517 3154 4575 rursusque
3231 4513 3508 4557 occasum
3564 4510 3770 4551 versus

2121 4594 2273 4651 alios
2302 4599 2393 4653 21.

431 4674 526 4745 Τῷ
553 4668 1058 4749 κα“ετει²Δνδρὲαν
1117 4675 1211 4731 τὸν
1271 4674 1531 4752 ἀοίδιμον
1586 4680 1854 4759 μοναχὸν,
1913 4682 2006 4737 τὸν

2191 4685 2359 4739 Anno
2416 4686 2479 4740 2t
2544 4685 2950 4756 Copronymus
3009 4678 3310 4738 Andream
3374 4677 3767 4749 cognomento

361 4759 662 4838 λεγόμενον
693 4759 1024 4847 καλυϐίτην,
1085 4763 1136 4820 ἰν
1179 4764 1519 4843 Βλαχὲρναις
1562 4764 1858 4847 ἐλέγχοντα
1903 4770 2007 4827 αὖ·

365 4855 464 4906 τοῦ
492 4856 592 4922 τήν
634 4846 881 4909 ἀσέϐειαν
937 4853 1215 4911 ἀπέκτεινε
1271 4852 1361 4911 διὰ
1411 4846 1682 4936 μαστίγων
1714 4859 1743 4915 6
1772 4859 2011 4937 Κοπρώ-

365 4958 562 5011 νυμος.

434 5033 525 5100 Τῷ
547 5030 634 5105 κγ’
690 5024 798 5085 ἔτει
854 5029 1044 5106 γέγονε
1098 5033 1277 5108 ψῦχος
1339 5032 1475 5110 μέγα
1539 5037 1630 5091 καὶ
1685 5037 2010 5112 πικρότατον

362 5117 500 5173 κατά
536 5119 637 5187 τήν
673 5115 926 5195 βασιλίδα
952 5120 1043 5175 καὶ
1072 5120 1174 5189 τήν
1231 5119 1506 5192 ἀνατολὴν
1542 5125 1634 5179 καὶ
1682 5122 1876 5201 ἄρκτον
1918 5124 2009 5182 καὶ

363 5203 533 5275 δόσιν,
565 5204 706 5264 ὥστε
755 5210 855 5279 τὴν
913 5208 1158 5284 ἀρκτῴαν
1203 5214 1301 5266 τοῦ
1349 5208 1562 5268 Ηόντου
1606 5213 1874 5289 παραλίαν
1923 5215 2011 5272 ἐπὶ

362 5295 550 5351 ἑκατὸν
605 5294 766 5371 μίλια
816 5298 881 5355 τὸ
936 5297 1174 5374 πέλαγος
1229 5299 1645 5372 ἀπολιθωθῆναι
1698 5303 1788 5360 καὶ
1845 5304 1930 5360 ἐπὶ
1964 5289 2017 5362 λ’

358 5387 566 5462 πήχεις
628 5387 694 5443 τὸ
760 5387 931 5451 πάθος
1032 5395 1300 5464 παγῆναι·
1389 5389 1558 5467 οὗπερ
1639 5393 2013 5467 χιονισθὲντος

2122 4768 2451 4844 Calybiten,
2503 4771 2801 4828 celebrem
2859 4771 2921 4827 in
2981 4769 3328 4827 Blachernis
3384 4763 3763 4825 monachum,

2123 4861 2326 4935 ﬂagris
2355 4861 2674 4933 interfecit,
2707 4860 2866 4934 quod
2895 4861 2945 4916 is
2966 4859 3155 4933 ipsius
3185 4855 3552 4929 impietatem
3575 4865 3770 4921 repre-

2121 4949 2451 5008 hendisset.

2195 5044 2366 5096 Anno
2395 5043 2464 5096 23
2494 5042 2702 5115 ingens
2731 5040 2845 5096 fuit
2870 5045 2930 5096 et
2949 5037 3337 5095 saavissimum
3358 5032 3542 5103 frigus
3581 5027 3767 5101 Cpoli,

2123 5147 2193 5186 ac
2220 5147 2423 5186 versus
2478 5137 2693 5201 ortum,
2746 5129 3215 5203 septentrionem
3261 5130 3320 5179 et
3361 5134 3658 5177 occasum.
3707 5117 3771 5171 Id

2123 5235 2289 5275 mare
2308 5218 2773 5292 septentrionale
2794 5234 2830 5274 a
2849 5222 3009 5273 terra
3037 5216 3112 5272 ad
3144 5214 3245 5269 100
3274 5226 3461 5282 usque
3493 5206 3770 5264 milliaria

2125 5308 2190 5364 in
2211 5308 2472 5380 lapidem
2498 5306 2745 5379 redegit,
2777 5306 3044 5362 crassitie
3069 5305 3140 5359 30
3154 5302 3514 5359 cubitorum.
3546 5302 3613 5352 Et
3636 5296 3767 5353 nive

2124 5396 2333 5469 glaciei
2365 5396 2677 5467 superfusa
2696 5400 2869 5451 aucta
2899 5400 2988 5450 est
3017 5393 3315 5449 crassities
3344 5390 3479 5447 aliis
3502 5388 3575 5445 20
3599 5387 3771 5444 cubi-

1534 5498 1903 5569 XYLANDRI
1944 5510 2032 5566 ET
2072 5510 2285 5567 coam
2323 5512 2548 5567 mone.

425 5622 546 5698 (06)
573 5621 935 5698 Germanum
968 5627 1130 5698 puto,
1163 5623 1332 5698 cujus
1363 5622 1475 5698 fuit
1504 5626 1824 5698 syncellus.
1859 5624 1999 5683 XYL.

424 5695 540 5776 Q7)
573 5694 757 5776 Locus
785 5694 900 5776 fuit
918 5694 1076 5776 haud
1097 5694 1488 5776 dubie-Cpoli.
1515 5694 1660 5776 Acta
1676 5697 1854 5776 hujus
1865 5714 2004 5776 con-

2116 5624 2356 5701 tegunt,
2378 5627 2518 5701 X'rL.

2188 5694 2303 5770 (88)
2337 5698 2560 5773 Latinis
2580 5702 2818 5773 quoque
2847 5706 2953 5773 Vox
2983 5698 3117 5773 haec
3160 5696 3473 5773 familiaris
3516 5712 3632 5773 prp
3676 5694 3769 5751 le-

356 5764 496 5838 cilii,
524 5764 694 5838 quod
718 5781 792 5821 vn
839 5765 1210 5838 Cpolitanum
1259 5764 1494 5838 dicitur,
1534 5764 1775 5841 palatio'
1798 5773 2003 5828 Hieriar
2113 5764 2519 5845 gato,'placita
2547 5764 2903 5848 responsare
2935 5772 3076 5831 hinc
3104 5769 3244 5830 inde
3278 5764 3545 5829 ferente:
3580 5767 3765 5826 Gem.
