4148 6212
357 389 471 449 89ί

1675 387 2076 452 GEORGlGll
2123 394 2434 462 CEDREN
2442 403 2468 465 Ι

3650 406 3780 470 892

359 522 457 577 tis.
490 523 692 592 Itaque
724 537 884 576 mare
915 521 1187 593 protinus
1217 527 1387 578 terrm
1415 522 1568 580 812
1621 525 1847 596 ωᾳιιᾶιθ
1878 526 2011 593 fuit,

2132 528 2331 603 ηὐξήθη
2373 530 2461 590 ἐπὶ
2492 533 2669 599 ἃλλας
2715 538 2765 594 κ’
2814 539 3041 613 πήχεις,
3094 535 3236 594 ὥστε
3293 545 3779 618 συμμορφωθῆναι

361 610 739 682 pedestrique
763 611 958 665 itineri
991 611 1321 680 hominum,
1345 613 1608 668 ferarum
1642 631 1709 668 ac
1731 615 2011 670 domesti-

363 716 564 755 corum
607 700 955 755 animalium
1012 701 1230 772 glacies
1277 703 1472 758 locum
1525 704 1709 772 dedit,
1745 722 1776 760 a
1805 705 2016 761 Zachia

363 807 550 859 usque
581 789 651 844 ad
689 790 1019 844 Danubium
1053 799 1112 846 et
1140 793 1402 863 Cupham
1430 794 1672 850 lluvium
1694 812 1761 850 ac
1790 796 2013 851 Danas-

363 880 476 933 trin
509 885 566 934 et
603 881 901 952 Dauaprin
935 889 995 936 et
1021 883 1343 955 Necropyla
1383 886 1800 957 reliquumque
1849 886 2013 941 littus

360 986 547 1039 usque
608 970 681 1024 ad
739 972 1148 1026 Mesembriam
1211 981 1269 1028 et
1323 976 1600 1030 Mwsiam.
1693 976 2010 1030 Februario

359 1075 563 1113 mense
594 1060 812 1130 glacies
843 1059 956 1115 ista
990 1062 1086 1116 Dei
1113 1062 1288 1132 jussu
1320 1065 1379 1118 in
1414 1065 1672 1136 plurima
1717 1065 2008 1120 montium

358 1148 572 1203 similia
590 1148 810 1204 frustra
831 1150 1260 1221 discessit,qure
1281 1161 1588 1209 ventorum
1604 1155 1654 1208 vi
1680 1154 1751 1209 ad
1771 1155 2009 1208 Hierum

355 1238 580 1306 (fanum
618 1240 840 1311 Latine)
873 1241 1069 1296 delata
1099 1242 1237 1297 inde
1261 1261 1365 1316 per
1381 1247 1683 1316 angustias
1705 1244 1778 1300 ad
1800 1244 2008 1299 urbem

362 1327 750 1396 devenerunt,
771 1329 1054 1401 littusque
1084 1349 1258 1387 omne
1276 1335 1348 1389 ad
1375 1335 1798 1406 Propontidem
1817 1351 2008 1404 usque

361 1420 420 1468 et
442 1415 707 1486 Abydum
733 1422 790 1472 et
816 1418 1042 1474 insulas
1065 1419 1626 1477 obteXPruntErant
1648 1423 1719 1477 iis
1737 1423 2010 1477 immixta

356 1504 614 1559 ferarum
645 1511 702 1560 et
731 1508 1025 1563 circurum
1059 1511 1410 1567 animalium
1443 1511 1745 1567 cadavera.
1775 1512 2009 1566 Licebat

357 1595 532 1648 veluti
587 1595 646 1648 in
707 1604 863 1651 terra
928 1599 1176 1668 pedibus
1234 1602 1347 1656 iter
1402 1602 2008 1673 facereaSophianis

361 1703 549 1755 usque
581 1686 654 1740 ad
684 1687 890 1742 urbem
924 1695 983 1743 et
1039 1706 1073 1744 a
1124 1691 1471 1764 Chrysopoli
1531 1709 1719 1764 usque
1777 1692 1851 1747 ad
1890 1692 2003 1746 divi

359 1776 665 1830 Mamantis
698 1783 756 1830 et
785 1777 1038 1834 Galatas.
1077 1781 1264 1836 Unum
1297 1782 1369 1836 de
1401 1783 1492 1836 his
1533 1783 1736 1837 frustis
1767 1781 2005 1836 allisum

359 1865 510 1918 arcis
542 1864 710 1919 scala:
771 1883 900 1922 eam
947 1870 1253 1942 confregit.
1313 1871 1490 1926 Aliud
1540 1889 1707 1926 muro
1759 1871 2001 1925 allisum

355 1954 736 2009 vehementer
756 1973 891 2011 eum
913 1961 1233 2027 concussit,
1263 1960 1660 2015 sentientibus
1683 1967 2001 2014 tremorem

359 2043 428 2096 iis
461 2043 638 2097 etiam
663 2045 761 2114 qui
801 2046 961 2101 intus
990 2048 1355 2104 habitabant.
1383 2050 1520 2104 lude
1544 2050 1603 2103 in
1625 2057 1743 2104 tres
1767 2055 2006 2119 ruptum

364 2137 562 2204 partes
595 2133 802 2189 urbem
835 2135 1037 2199 cinxit,
1072 2154 1104 2192 a
1136 2139 1434 2210 Manganis
1466 2154 1653 2209 usque
1678 2138 1752 2193 ad
1792 2142 2010 2209 Bospo-

362 2222 539 2287 rium,
584 2221 897 2280 altiludine
941 2243 1140 2281 muros
1191 2245 1496 2300 superans.
1551 2228 1754 2283 Martio
1807 2243 2010 2282 mense

365 2312 676 2366 confertim
710 2313 897 2368 stellae
928 2315 1001 2369 de
1031 2317 1176 2371 coelo
1208 2317 1572 2383 ceciderunt,
1601 2317 1682 2372 ita
1731 2322 1795 2371 ut
1840 2315 2010 2387 vulgo

367 2401 660 2456 diceretur
692 2403 826 2458 finis
861 2405 1063 2460 mundi
1097 2408 1416 2478 appetiisse
1453 2425 1465 2463 :
1518 2407 1864 2477 siccitasque
1901 2405 2014 2459 fuit

372 2492 601 2564 ingens,
636 2510 751 2564 qua
784 2501 840 2549 et
869 2496 1061 2552 fontes
1089 2504 1148 2552 et
1180 2499 1428 2554 flumina
1460 2502 1838 2554 exaruerunt.
1872 2498 2011 2562 Quae

368 2582 588 2653 impius
621 2583 720 2638 ille
754 2601 1005 2641 cernens
1033 2594 1209 2658 atque
1234 2589 1570 2656 inaudiens,
1603 2605 1723 2642 non
1767 2586 1951 2641 sensit
1981 2602 2016 2640 a

367 2678 486 2726 Deo
521 2672 626 2726 has
659 2673 897 2729 immitti
931 2676 1132 2747 plagas
1162 2678 1348 2748 ipsius
1369 2695 1403 2733 a
1425 2678 1688 2750 profanis
1707 2675 2016 2732 conatibus

367 2762 666 2816 avertendi
703 2763 909 2833 gratia.
945 2766 1235 2830 Quinimo
1267 2774 1535 2822 vocatum
1567 2767 1640 2822 ad
1672 2783 1731 2821 se
1765 2765 2016 2837 patriar-

369 2851 541 2904 cham
575 2850 990 2923 interrogavit:
1025 2876 1050 2901 ‹‹
1085 2855 1308 2926 Ecquid
1339 2856 1479 2910 mali
1513 2855 1682 2910 nobis
1714 2854 1853 2910 inde
1883 2853 2016 2920 erit,

372 2939 422 2991 si
455 2955 560 3008 pro
591 2940 842 3010 Deipara
870 2943 1288 3014 Christiparam
1322 2945 1592 3000 dicamus
1613 2945 1640 2998 ‘2
1670 2966 1698 2994 »
1731 2943 1884 2998 8l3
1915 2944 2020 2996 Pa-

374 3027 631 3083 triarcha
661 3030 1077 3102 imperatorem
1113 3035 1459 3106 amplexus:
1510 3057 1537 3084 ‹‹
1571 3035 1864 3100 Miserere,
1915 3035 2017 3099 ἂδι»

373 3117 634 3188 domine,
668 3136 860 3191 neque
895 3122 1004 3178 hoc
1036 3124 1095 3178 in
1128 3125 1396 3180 animum
1433 3130 1596 3179 tuum
1618 3123 1816 3177 venire
1839 3121 2022 3192 patia-

2122 620 2222 686 τήν
2281 621 2554 685 θάλασσαν
2599 631 2667 701 τῇ
2710 623 2871 702 δηρᾷ,
2928 627 3019 682 καὶ
3069 632 3492 700 πεζοπορεῖσθαι
3539 624 3778 700 ὕπερθεν

2120 713 2216 762 τοῦ
2245 714 2443 784 κρύους
2469 716 2615 790 παρά
2640 737 2698 771 τε
2738 717 3036 790 ἀνθρώπων
3086 717 3177 772 καὶ
3237 717 3391 787 ζώων
3440 716 3664 788 ἡμέρων
3719 737 3784 771 τε

2121 801 2210 854 καὶ
2240 801 2442 875 ἀγρίων
2468 805 2530 859 τὸ
2561 805 2824 880 πέλαγος,
2857 806 2964 862 ἀπό
2992 827 3051 862 τε
3081 806 3304 882 Ζικχίας
3337 810 3450 880 (89)
3471 807 3640 881 μέχρι
3672 815 3787 861 Δα-

2122 885 2362 953 νούϐεως
2392 895 2483 948 καὶ
2511 900 2609 950 τοῦ
2644 896 2827 974 lio-Spw;
2873 900 3126 970 ποταμοῦ
3171 900 3268 951 τοῦ
3318 897 3666 970 Δανάστρεὼς
3717 916 3785 950 τε

2117 980 2208 1033 καὶ
2243 981 2566 1058 Δανάπρεως
2595 985 2686 1040 καὶ
2713 990 2824 1040 τῶν
2872 983 3242 1061 Νεκροπῦλιιιν
3293 986 3381 1040 καὶ
3422 993 3520 1054 τῆς
3563 985 3789 1049 λοιπῆς

2118 1067 2285 1139 ἀκτῆς
2375 1073 2542 1148 μέχρι
2628 1070 2989 1150 Μεσημϐρίας
3073 1077 3162 1130 καὶ
3250 1073 3510 1145 Μηδείας.
3567 1079 3654 1147 Τῷ
3718 1073 3784 1128 δὲ

2119 1155 2474 1236 Φεϐρουαρίῳ
2507 1163 2636 1236 μηνὶ
2667 1169 2764 1219 τοῦ
2813 1165 3068 1220 τοιούτου
3114 1165 3290 1242 πάγου
3334 1165 3470 1220 κατά
3519 1163 3781 1219 κέλευσεν

2118 1252 2251 1302 Θεοῦ
2318 1249 2394 1312 είς
2449 1251 2683 1309 πλεῖστα
2749 1253 3020 1332 ὀρεοφανῆ
3073 1256 3339 1328 τμήματα
3380 1251 3776 1328 διαιρεθέντος,

2115 1337 2206 1391 καὶ
2234 1341 2302 1412 τῇ
2335 1344 2442 1395 τῶν
2475 1341 2686 1415 ἀνέμων
2721 1343 2814 1418 βίᾳ
2853 1343 2942 1398 έπῖ
2991 1343 3054 1398 τὸ
3111 1344 3276 1417 Ἱερὸν
3324 1345 3778 1422 κατενεχθέντος,

2117 1423 2206 1481 διὰ
2235 1432 2332 1482 τοῦ
2362 1435 2549 1484 στενοῦ
2593 1433 2683 1487 ὶπὶ
2742 1434 2844 1501 τήν
2911 1430 3076 1487 πόλιν
3138 1426 3384 1511 ἔφθασεν,
3444 1432 3535 1487 καὶ
3595 1433 3777 1506 μέγρι

2113 1517 2210 1586 τῆς
2247 1519 2617 1592 Προποντῖδος
2641 1522 2729 1576 καὶ
2774 1526 2882 1576 τῶν
2935 1523 3115 1592 νήσων
3171 1521 3262 1576 καὶ
3313 1516 3550 1578 Ἀϐύδου
3589 1527 3777 1575 πᾶσαν

2114 1606 2214 1673 τὴν
2246 1607 2511 1682 παραλίαν
2569 1609 2920 1686 ἐπλήρωσαν,
2977 1611 3029 1666 ἐν
3092 1613 3175 1672 οἷς
3235 1611 3453 1686 ὑπῆρχε
3501 1611 3592 1664 καὶ
3655 1615 3778 1679 ζῶα

2115 1695 2273 1772 ἄγριά
2299 1719 2357 1754 τε
2387 1700 2478 1754 καὶ
2534 1697 2715 1776 ἥμερα
2772 1705 3058 1766 τεθνεῶτα.
3122 1707 3230 1765 Πᾶς
3277 1700 3334 1756 ἑὲ
3364 1702 3391 1755 ὁ
3427 1698 3774 1774 βουλόμενος

2116 1789 2221 1844 ἀπὸ
2254 1795 2528 1867 Σοφιανῶν
2568 1789 2674 1854 ἓως
2722 1799 2822 1861 τῆς
2879 1793 3099 1854 πόλεως
3146 1794 3232 1847 καὶ
3279 1793 3383 1847 ἀπὸ
3443 1793 3773 1866 Χρυσουπό-

2123 1875 2262 1939 λεως
2294 1877 2395 1941 ἕως
2425 1885 2523 1935 τοῦ
2553 1881 2739 1954 Ἀγίου
2771 1883 3060 1956 Μάμαντος
3091 1881 3182 1937 καὶ
3211 1886 3317 1935 τῶν
3355 1879 3608 1936 Γαλατῶν
3652 1886 3772 1952 (90)

2117 1963 2415 2029 ἀκωλύτως
2447 1969 2520 2032 ὡς
2565 1968 2652 2026 ἐπὶ
2701 1971 2867 2046 ξηρᾶς
2913 1966 3181 2041 ἐϐάδιζον.
3232 1971 3325 2026 'Ev
3373 1966 3432 2024 δὲ
3478 1967 3528 2039 ἐξ
3579 1970 3765 2024 αὐτῶν

2115 2057 2426 2134 προσφάξαν
2457 2061 2526 2133 τῇ
2555 2065 2656 2129 τῆς
2683 2055 3039 2136 ἀκροπόλεως
3069 2058 3245 2130 σκάλᾳ
3289 2063 3398 2132 (9|)
3447 2060 3762 2133 συνέτριψεν

2115 2144 2308 2216 αὐτήν.
2383 2148 2603 2222 Ἕτερον
2675 2145 2732 2204 δὲ
2795 2154 2874 2222 τῷ
2947 2149 3122 2224 τείχει
3215 2147 3517 2226 προσραγὶν
3597 2152 3762 2202 τοῦτο

2120 2233 2377 2311 μεγάλως
2426 2234 2696 2308 ἐδόνησεν,
2755 2239 2829 2300 ὡς
2883 2238 2973 2293 καὶ
3028 2237 3156 2299 τοὺς
3213 2235 3422 2293 ἔνδοθεν
3481 2237 3770 2298 οἰκοῦντας

2121 2332 2527 2401 συμμετασχεῖν
2573 2331 2672 2382 τοῦ
2729 2325 2922 2382 σάλου.
2982 2327 3076 2388 Εἰς
3121 2326 3248 2402 τρία
3290 2323 3350 2381 δὲ
3403 2326 3562 2402 ῥαγὶν
3601 2324 3772 2396 ἔζωσε

2117 2417 2218 2485 τὴν
2246 2415 2408 2472 πόλιν
2443 2419 2546 2473 ἀπὸ
2603 2423 2710 2473 τῶν
2773 2418 3075 2494 Μαγγάνων
3132 2415 3235 2482 ἔως
3280 2422 3378 2473 τοῦ
3435 2418 3773 2489 Βοσπορίου,

2122 2506 2333 2568 οὗτινος
2406 2509 2468 2563 τὸ
2538 2508 2675 2582 ὕψος
2743 2509 2997 2584 ὑπερεῖχε
3063 2515 3163 2577 τῆς
3230 2506 3471 2571 πόλεως.
3548 2510 3646 2581 Τῷ
3716 2504 3779 2562 δὲ

2123 2596 2351 2669 Μαρτίῳ
2395 2598 2524 2670 μηνὶ
2581 2596 2798 2672 ἀστέρες
2848 2597 3060 2671 ἀθρόως
3113 2596 3174 2652 ἐκ
3227 2601 3322 2653 τοῦ
3376 2596 3603 2673 οὐρανοῦ
3649 2594 3778 2652 ἔπι-

2121 2705 2278 2753 πτον,
2312 2686 2385 2747 ὡς
2419 2685 2600 2762 λεγειν
2629 2688 2826 2748 πάντας
2863 2685 3166 2742 συντέλειαν
3223 2688 3384 2743 εἶναι.
3443 2685 3678 2766 Αῦχμός
3717 2706 3778 2740 τε

2123 2772 2297 2834 πολὺς
2328 2777 2544 2850 γέγονεν
2577 2775 2652 2836 ὡς
2711 2779 3041 2851 ξηρανθῆναι
3093 2776 3273 2850 πηγὰς
3329 2777 3417 2830 καὶ
3468 2773 3774 2848 ποταμούς.

2125 2866 2205 2938 [Ρ.
2239 2867 2365 2938 465]
2398 2871 2588 2922 ’Ἀτινα
2637 2865 2856 2942 βλέπων
2906 2867 2992 2922 καὶ
3049 2865 3261 2922 ἀκούων
3325 2867 3353 2922 ὁ
3401 2865 3614 2925 ἀνόσιος
3669 2866 3775 2920 οὐκ

2125 2954 2382 3028 ᾐσθάνετο
2417 2957 2677 3032 μάστιγας
2736 2957 2868 3011 εἶναι
2927 2960 3024 3012 τοῦ
3071 2960 3206 3013 Θεοῦ
3256 2957 3392 3030 πρὸς
3441 2954 3774 3032 έπιστροφήν

2123 3048 2231 3098 τῶν
2289 3039 2547 3118 βεϐήλων
2600 3044 2765 3100 αὐτοῦ
2816 3045 2905 3101 καὶ
2963 3045 3262 3120 αἰσχίστων
3317 3045 3582 3120 πράξεων,
3640 3041 3772 3098 ἀλλ’

2128 3133 2344 3210 ἀγαγὼν
2381 3133 2595 3207 μᾶλλον
2653 3136 2744 3190 τὸν
2804 3136 3154 3212 πανριᾶρχην
3214 3132 3360 3209 λέγει
3421 3132 3588 3205 αὐτῷ·
3646 3131 3774 3188 «Ti

373 3207 474 3262 ris.
511 3210 715 3266 Nonne
748 3211 907 3266 enim
953 3213 1113 3268 vides
1171 3214 1386 3284 quibus
1439 3211 1918 3268 damnationibus
1963 3213 2021 3264 et

2132 3207 2274 3295 ἡμᾶς
2314 3223 2568 3298 βλάπτει,
2626 3223 2715 3278 ἐὰν
2758 3207 3160 3298 λέγωμεν⁷
3217 3207 3483 3278 Θεοτιίκου
3541 3224 3780 3295 Χριστο-

373 3301 851 3357 anathematibus
910 3303 1148 3358 infamis
1198 3305 1270 3359 ab
1333 3305 1597 3359 aniversa
1649 3301 1912 3357 Ecclesia
1945 3300 2021 3354 sit

2132 3287 2285 3366 τέκον
2357 3315 2416 3369 '0
2461 3310 2519 3366 δὲ
2555 3287 3037 3386 νπεριπτυξάμυενος
3093 3287 3256 3367 αὐτὸν
3310 3310 3478 3384 λέγει·
3521 3336 3548 3363 ‹‹
3577 3287 3778 3379 ’.Ελέηο

368 3389 557 3444 factus
609 3392 961 3446 Nestorius?
991 3415 1019 3469 υ
1080 3393 1230 3447 Tum
1279 3393 1702 3448 Constantinus
1751 3388 2018 3445 discendi

369 3495 548 3532 causa
579 3496 640 3532 se
664 3481 1006 3549 quaesivisse
1038 3482 1140 3549 ait,
1174 3481 1532 3552 mandatque
1567 3499 1641 3537 ne
1691 3481 1849 3535 hunc
1896 3495 2018 3533 ser-

375 3584 612 3622 monem
646 3568 750 3623 ulli
783 3569 1090 3625 hominum
1123 3573 1370 3642 aperiat.
1405 3571 1606 3642 Neque
1654 3570 1840 3625 multo
1888 3572 2023 3640 post

377 3657 613 3728 dignam
683 3675 718 3713 a
771 3676 832 3713 se
890 3660 1209 3716 constituto
1269 3662 1618 3733 patriarchas
1686 3658 2021 3715 mercedem

377 3747 671 3818 rependit,
705 3756 770 3804 ut
807 3749 982 3820 paulo
1014 3749 1263 3806 inferius
1294 3750 1699 3808 ostendemus.

444 4027 614 4081 Anno
646 4029 713 4082 24
743 4027 1170 4085 Constantinus
1201 4046 1342 4101 pace
1375 4045 1510 4085 cum
1543 4030 1776 4101 Pagano
1810 4026 2025 4098 Bulga—

372 4131 576 4170 rorum
611 4117 876 4190 principe
899 4119 1052 4174 facta
1081 4119 1275 4175 subito
1305 4125 1395 4174 est
1425 4119 1495 4174 ab
1526 4118 1670 4173 urbe
1703 4133 1838 4172 cum
1863 4132 2027 4171 exer-

377 4204 498 4258 citu
529 4206 864 4276 profectus;
898 4209 1292 4280 claustrisque
1340 4208 1682 4263 custodibus
1713 4205 1788 4261 ob
1819 4220 2026 4277 pacem

379 4292 668 4348 nimirum
699 4295 872 4351 istam
904 4296 1343 4353 fraudulentam
1391 4296 1586 4352 vacuis
1634 4295 1914 4364 inventis,
1964 4295 2028 4349 in

387 4381 720 4452 Bulgariam
752 4385 1052 4442 Tumtzam
1086 4403 1274 4458 usque
1304 4401 1672 4458 progressus,
1697 4384 1946 4457 tuguriis
1966 4383 2028 4438 in

2129 3421 2245 3467 σον,
2307 3397 2567 3468 δέσποτα,
2632 3398 2774 3475 μηδὲ
2831 3402 2907 3464 εἰς
2945 3399 3150 3457 ἔννοιάν
3208 3423 3305 3458 σου
3363 3399 3496 3475 ἔλθῃ
3556 3401 3778 3464 οὗτοςὸ

2129 3487 2316 3562 λόγος.
2352 3491 2480 3565 Οὐχ
2522 3491 2651 3562 ὁρᾷς
2708 3492 2808 3546 ’ὀσα
2867 3491 3242 3561 στηΑιτεύεται
3301 3489 3390 3545 καὶ
3449 3490 3785 3564 ἀναθεματί-

2133 3583 2276 3646 ζεται
2310 3577 2600 3652 Νεστόριος
2656 3577 2759 3633 ὑπὸ
2815 3579 2992 3646 πάσης
3047 3585 3148 3647 τῆς
3193 3575 3568 3648 Ἐκκλησίαν;
3606 3603 3632 3626 ιι
3675 3578 3782 3633 Καὶ

2131 3666 2160 3720 ὁ
2193 3664 2470 3740 βασιλεὺς,
2505 3690 2532 3718 ι(
2568 3667 2710 3740 Ἐγὼ
2781 3668 2966 3739 μαθεῖν
3025 3664 3200 3730 θέλων
3257 3665 3542 3738 ἠρώτησα,
3592 3663 3782 3743 φησὶν,

2128 3751 2233 3816 ἕως
2265 3751 2322 3810 δέ
2354 3759 2450 3810 σοῦ
2489 3751 2626 3810 ἔστω
2673 3755 2701 3809 ὁ
2760 3752 2946 3830 λόγος.
2979 3778 3006 3808 ι
3061 3754 3136 3813 Οὐ
3196 3753 3338 3810 πολὺ
3387 3754 3451 3810 τὸ
3493 3752 3546 3808 έν
3607 3751 3786 3826 μέσῳ,

2129 3842 2220 3898 καὶ
2279 3840 2399 3912 ἄξια
2455 3842 2531 3905 εἷς
2601 3843 2696 3896 τὸν
2771 3841 3221 3917 χειροτονηθέντα
3304 3842 3394 3898 ὑπ’
3457 3842 3627 3896 αὐτοῦ
3675 3863 3788 3896 πα-

2128 3932 2402 4007 τριάρχην
2433 3929 2771 4007 διεπράξατο,
2805 3929 2954 3986 ἅτινα
2987 3932 3102 4006 μετ’
3135 3930 3322 4009 ὀλίγον
3348 3929 3597 4003 έροῦμεν.

2204 4024 2301 4094 Τῷ
2329 4018 2412 4076 κδ’
2445 4017 2548 4076 ἔτει
2610 4019 2822 4093 ἀγάπην
2875 4019 3036 4089 δῆθεν
3083 4023 3318 4092 ποιήσας
3369 4020 3501 4095 μετά
3533 4020 3786 4096 Παγάνου

2133 4116 2230 4167 τοῦ
2260 4111 2452 4185 κυρίου
2511 4111 2869 4186 Βουλγάρων,
2929 4109 3180 4188 ἐξαίφνης
3236 4108 3465 4184 ἐξελθὼν
3525 4117 3627 4176 τῆς
3683 4110 3793 4165 πό-

2138 4200 2278 4262 λεως
2311 4200 2398 4255 καὶ
2430 4199 2776 4278 ἀφυλάκτους
2824 4199 2996 4273 εὑρὼν
3047 4201 3142 4262 τάς
3182 4200 3504 4274 κλεισοῦρας
3554 4197 3643 4254 διὰ
3685 4202 3788 4270 τὴν

2138 4290 2428 4360 ἀπατηλήν
2486 4288 2730 4362 εἰρήνην,
2799 4289 3046 4359 εἰσῆλθεν
3137 4288 3213 4352 είς
3280 4289 3619 4366 Βουλγαρίαν
3681 4286 3793 4352 ’έως

2138 4379 2420 4453 Τούμτζας
2489 4383 2623 4449 (92;,
2688 4377 2779 4432 καὶ
2850 4377 3032 4452 βαλὼν
3093 4383 3200 4456 πῦρ
3293 4377 3368 4441 εἱς
3432 4381 3530 4442 τάς
3603 4377 3792 4446 ,αὐλὰς

1562 4482 1928 4539 XYLANDRI
1966 4482 2053 4536 ET
2092 4480 2309 4536 GOARI
2347 4481 2568 4536 NOTAE.

442 4579 549 4649 (89)
583 4580 841 4665 Apparet
863 4580 1025 4665 fluvii
1056 4598 1275 4665 nomen
1299 4580 1706 4665 βεδε-Ζικχῖας..
1741 4580 2024 4665 Eat-multo
2057 4581 2103 4646 D

378 4650 488 4735 hoc
517 4653 895 4735 emendatius
919 4653 1025 4735 legi
1052 4662 1192 4735 puto
1219 4671 1395 4735 quam
1427 4650 1656 4724 Lyci'a'm
1681 4653 2022 4735 inpiacono

382 4723 533 4777 hanc
566 4723 753 4796 ipsam
786 4723 1096 4780 historiam
1127 4723 1370 4780 totidem
1407 4723 1585 4796 prope
1643 4724 1836 4779 verbis
1876 4725 2031 4778 refe-

387 4802 552 4848 rente
589 4795 603 4848 l
662 4812 797 4850 xxii.
831 4799 1117 4851 Caeterum
1153 4814 1223 4851 ex
1253 4797 1363 4851 hoc
1394 4795 1530 4851 loco
1552 4797 1738 4851 lector
1789 4795 1850 4850 in
1899 4812 2034 4866 per-

387 4865 709 4921 multorum
729 4869 1103 4939 propriorum
1119 4871 1426 4922 nominum
1445 4869 1711 4923 notitiam
1731 4865 2034 4938 pervenire

387 4945 598 5008 potest,
635 4939 850 5009 quibus
886 4941 1014 4994 loca
1044 4940 1205 5010 Cpoli
1239 4941 1429 4994 vicina
1459 4947 1760 5006 notantur,
1793 4945 1851 4992 et
1904 4955 2034 5010 quin

389 5011 447 5064 in
479 5011 570 5065 his
604 5011 866 5065 historiis
899 5009 1114 5082 passim
1149 5018 1484 5066 occurrunt.
1523 5010 1680 5065 Idem
1701 5027 1807 5080 pro
1833 5009 2038 5082 Cupha

388 5083 567 5137 habet
597 5081 913 5154 Euphram.
947 5084 1252 5138 Danastris
1283 5089 1341 5136 et
1373 5083 1658 5152 Uanapris
1687 5081 1912 5154 mentio
1939 5097 2038 5154 su-

388 5171 494 5224 pra
525 5152 794 5210 facta‘est
830 5155 888 5209 in
923 5156 1339 5210 Rhiuotmelo:
1387 5170 1508 5207 non
1559 5152 1761 5223 procul
1813 5152 2037 5224 Euxino

389 5223 575 5297 Ponto
610 5228 789 5281 fuisse
821 5227 958 5281 inde
990 5228 1194 5297 liquet.
1229 5226 1468 5280 Masiam
1494 5241 1562 5278 ex
1587 5224 1842 5297 Diacono
1875 5223 2041 5297 vicis-

390 5295 499 5418 ζέω
534 5298 782 5368 sumpsi,
825 5315 963 5355 cum
988 5290 1156 5354 meus
1213 5297 1430 5352 habeat
1482 5295 1752 5362 Mediam,
1802 5290 2034 5364 Μηδίας.

447 5382 530 5418 γι..

447 5382 530 5419 γι..

462 5440 574 5506 (90)
600 5440 792 5495 Galata
822 5439 964 5496 urbs
997 5441 1475 5496 nominatissima
1506 5456 1574 5494 ex
1623 5439 1866 5494 adverso
1903 5454 2041 5509 por-

398 5509 614 5586 tus-CF.
654 5527 724 5586 ex
756 5529 924 5586 quus
955 5519 1118 5581 parte
1150 5519 1318 5568 erant
1346 5512 1588 5586 palatia
1635 5511 1951 5586 Sophiana,
1973 5514 2044 5586 et

397 5575 468 5656 ab
505 5577 577 5632 iis
605 5579 737 5656 gelu
767 5575 917 5637 mari
949 5575 1276 5656 compacto,
1310 5575 1464 5639 sicut
1492 5600 1560 5638 ex
1589 5575 1861 5656 opposita
1889 5581 2042 5656 Agim

397 5649 1302 5732 Chry§0po|i,_transitus'facilis
1331 5661 1477 5732 erat,
1509 5649 1697 5732 usque
1728 5653 1802 5710 ad
1836 5655 1898 5708 Ι).
1924 5654 2040 5708 Ma-

392 5721 596 5786 nantis
628 5721 690 5776 in
720 5723 826 5778 CP.
857 5723 1067 5778 intimo
1099 5741 1283 5780 cornu
1310 5721 1511 5780 situm.
1543 5721 1718 5781 om.

2205 4579 2316 4649 (91)
2350 4574 2536 4632 Σκάλα
2565 4579 2844 4652 climacem
2875 4579 3116 4652 quidem
3151 4583 3213 4652 et
3237 4578 3456 4652 gradus
3483 4593 3793 4652 quoscun-

2135 4667 2250 4722 que
2301 4666 2727 4724 nonnunquam
2777 4649 3112 4724 signiﬁcat:
3159 4649 3265 4706 hic
3298 4656 3579 4724 gautemia
3610 4649 3788 4704 scala:

2143 4721 2323 4777 sensu
2345 4721 2714 4777 deturbanda
2735 4729 2823 4777 est
2839 4721 3043 4781 dictio.
3067 4727 3126 4777 et
3146 4721 3336 4778 navali
3368 4739 3473 4777 seu
3494 4723 3546 4777 ei
3580 4727 3791 4793 portus

2145 4795 2272 4848 loco
2285 4793 2358 4848 ad
2373 4810 2546 4864 quem
2573 4810 2602 4848 e
2625 4793 2868 4849 navibus
2887 4810 3116 4849 morces
3131 4795 3462 4850 efferuntur
3474 4800 3533 4848 et
3548 4793 3793 4848 descen-

2144 4866 2291 4920 dunt
2321 4873 2514 4919 nautae
2546 4865 2860 4937 afflgende.
2907 4865 3118 4937 ’βρμον
3166 4866 3424 4937 proprie_
3451 4870 3619 4921 vocat
3670 4866 3790 4937 M07

2145 4937 2484 5023 schopulus.
2517 4932 2775 5023 τὸλιξρος
2809 4932 3293 5023 τοῦςλιμιέκνοςξκεξς
3331 4937 3358 4989 ὅ
3385 4932 3681 5023 ἑλκέμεναι
3722 4935 3794 5023 ἀἱ

2143 5014 2266 5074 νῆες
2292 5003 2558 5076 δέδενται,
2590 5003 2623 5063 ὅ
2650 5003 2702 5080 οἳ
2741 5006 2922 5060 κοινοὶ
2954 5003 3174 5062 σκάλανν
3199 5004 3437 5080 λέγουσι.
3489 5003 3565 5062 De
3617 5006 3796 5080 scalis

2147 5080 2464 5152 maritimis
2495 5083 2601 5152 CP.
2637 5079 2902 5152 pluribus
2933 5077 3306 5135 Pancirollus
3353 5096 3535 5152 opusc
3608 5077 3682 5134 de
3733 5080 3801 5133 14

2147 5151 2312 5206 urbis
2342 5151 2608 5220 ejusdem
2643 5151 3001 5223 regionibus.
3047 5153 3220 5223 Goan.

2219 5226 2326 5290 (92v
2360 5226 2502 5278 Zitas
2533 5220 3055 5285 habet'Diaconus.
3102 5229 3160 5277 et
3215 5221 3342 5278 haec
3385 5221 3562 5293 paulo
3612 5220 3803 5277 fusius

2149 5293 2347 5366 refert.
2403 5295 2509 5350 Ubi
2554 5295 2728 5366 quod
2760 5294 2976 5366 legitur
3021 5293 3185 5366 misso
3241 5297 3370 5364 igne
3412 5296 3472 5347 in
3529 5293 3798 5366 rohortes,

2151 5365 2436 5438 mendum
2469 5364 2598 5422 est}
2635 5365 2774 5437 quid
2807 5366 2966 5420 enim
2998 5371 3090 5438 est
3117 5365 3311 5438 ignem
3345 5364 3806 5438 cohoriiibusin-

2157 5437 2333 5508 iicere
2354 5437 2380 5490 ?
2420 5443 2612 5508 potest
2653 5444 2850 5492 autem
2895 5436 3166 5508 corrigif
3191 5437 3270 5492 si.
3298 5454 3405 5508 pro
3452 5436 3801 5508 cohortibus

2145 5454 2380 5563 incerer
2420 5454 2612 5508 poresr.
2653 5454 2850 5492 autem
2895 5454 3129 5561 compa,
3191 5455 3270 5492 δι.
3298 5454 3405 5508 pro
3452 5454 3798 5492 conorunus

2174 5524 2309 5580 egas
2341 5515 2513 5563 certes
2534 5527 2552 5563 :
2595 5526 2730 5564 nam
2763 5511 2981 5580 Noster
3005 5507 3066 5562 αὐ
3107 5508 3173 5568 ἀς
3206 5514 3392 5572 vocat,
3415 5524 3522 5562 nos
3542 5507 3798 5580 tuguria.

2152 5577 2515 5652 Stephanum
2549 5581 2906 5637 monachum
2928 5577 3048 5634 νέον
3074 5586 3263 5650 vocat,
3287 5580 3447 5652 quod
3468 5577 3798 5652 epithetum

2151 5651 2308 5724 apud
2337 5651 2488 5708 alios
2517 5653 2706 5709 abest.
2740 5653 2877 5708 ΧΠ..
