4148 6212
353 393 471 460 893
528 420 533 429 '
1446 448 1451 457 ,
1488 378 2027 450 HlS'l‘OlllARUM
2068 380 2608 453 COMPENDIUM.
3639 386 3760 450 891

356 529 421 591 ἅς
478 527 621 603 εὗρε,
683 517 819 598 μετᾶ
874 515 1053 601 φόϐου
1107 514 1426 595 ὑπέστρεψε,
1515 514 1685 593 μηδὲν
1760 521 2045 597 γενναῖον)

2155 537 2247 578 una
2302 521 2605 580 incidebat
2665 520 2947 591 incensis,
3006 524 3280 577 metuens
3333 520 3446 577 sibi
3518 520 3762 579 domum

254 646 263 654 ~
357 618 616 687 ποιήσας.

428 706 521 778 Τῷ
573 705 651 759 κε’
701 700 807 757 ἔτει
866 699 1109 775 ἐκμανὴς
1157 696 1455 777 γενόμενος
1485 698 1514 754 ὁ
1560 692 1827 768 δυσσεϐὴς
1852 698 2014 772 βασι-

361 794 493 858 λεὺς
543 792 681 848 κατὰ
731 790 930 852 παντὸς
984 783 1329 867 φοϐουμένου
1377 789 1470 844 τὸν
1525 787 1680 856 Θεὸν,
1747 785 2013 854 Στέφανον

363 887 458 942 τὸν
488 884 606 939 νέον
636 878 919 955 αἰδέσιμον
951 877 1077 935 ὄντα
1103 884 1221 941 τοῖς
1271 881 1402 934 πᾶσι
1469 876 1561 932 διὰ
1594 877 1658 932 τὸ
1714 874 1769 931 ἓν
1799 874 2014 951 ἀρεταῖς

365 972 646 1035 ποικίλαις
680 968 983 1043 ἐκλάμπειν
1015 966 1297 1042 (ἐξήκοντα
1333 967 1438 1045 γὰρ
1496 965 1729 1042 χρόνους
1758 964 2014 1035 ἑποίησεν

362 1065 416 1123 ἐν
468 1067 549 1121 τῶ
627 1061 809 1138 βουνῶ
881 1062 980 1114 τοῦ
1061 1058 1224 1134 ἁγίου
1310 1057 1603 1129 Δύξεντίου
1681 1053 2016 1132 ἔγκλειστος)

368 1153 642 1217 ποικίλως
719 1146 1189 1224 τιμωρησάμενος
1270 1145 1567 1203 ἀπέκτεινε.
1651 1144 1888 1202 Πολλῶν
1961 1141 2020 1199 δὶ

372 1242 656 1321 ἀρχόντων
683 1240 775 1295 καὶ
835 1242 1183 1315 στρατιωτῶν
1236 1232 1643 1308 διαϐληθέντων
1696 1237 2017 1321 προσκυνεῖν

368 1335 466 1395 τὰς
494 1330 707 1393 εἰκόνας
758 1325 1043 1405 διαφόροις
1091 1325 1388 1403 τιμωρίαις
1437 1323 1665 1386 τούτους
1719 1320 2018 1381 ἀνάλωσεν.

368 1429 574 1502 ’Ὅρκον
634 1420 693 1478 δὶ
756 1419 1051 1477 καθολικον
1096 1417 1299 1482 πάντας
1347 1415 1478 1483 τοὺς
1537 1417 1642 1473 ὑπὸ
1696 1417 1799 1485 τήν
1857 1413 2022 1471 αὐτοῦ

368 1511 651 1592 βασιλείαν
708 1506 870 1573 ὄντας
926 1507 1229 1585 ἆπῇτησεν,
1285 1507 1455 1565 εἰκόνι
1516 1508 1592 1580 μὴ
1650 1503 2022 1583 προσκυνῆσαί

373 1625 503 1663 τινι.
562 1602 699 1661 Μεθ’
749 1602 825 1655 ὧν
881 1598 974 1655 καὶ
1033 1601 1436 1655 Κωνσταντῖνον
1491 1596 1585 1653 τὸν
1665 1592 2020 1670 ψευδώνυμον

378 1692 727 1770 πατριάρχην
761 1689 850 1745 ἰπὶ
890 1682 1149 1762 ἄμϐωνος
1180 1686 1422 1752 ἀνελθεῖν
1476 1685 1565 1741 καὶ
1611 1686 1901 1760 ὑψώσαντα
1955 1684 2025 1739 τὰ

377 1784 538 1857 τίμια
557 1779 691 1855 ξύλα
721 1779 919 1852 ὀμόσαι
950 1776 1251 1849 πεποίηκεν
1308 1776 1383 1840 ὡς
1432 1775 1530 1832 οὐκ
1579 1773 1691 1831 ἔστι
1721 1779 1830 1831 τῶν
1861 1793 2027 1850 προσ-

2116 613 2315 677 rediit,
2347 614 2515 670 nullo
2546 613 2832 688 praclaro
2862 614 3125 670 facinore
3156 612 3335 669 edito.

2188 706 2360 759 Anno
2389 707 2457 759 25
2488 705 2726 761 insania
2753 709 2960 760 contra
2996 719 3204 760 omnes
3252 704 3437 759 Deum
3488 701 3766 757 timentes

2118 795 2401 867 percitus,
2421 796 2785 870 Stephanum
2795 795 3405 869 juniorem,omnibus
3419 794 3767 850 obillustres

2119 887 2368 945 virtutes
2412 890 2638 947 cultum
2694 890 3027 964 (sexaginta
3065 890 3226 946 enim
3282 905 3468 945 annos
3508 886 3768 942 inclusus

2122 977 2403 1041 elaustro.
2437 979 2595 1052 quod
2626 985 2716 1036 est
2746 979 2808 1035 in
2839 980 2994 1036 colle
3025 979 3213 1036 sancti
3236 977 3766 1047 Auxentii,exege-

2121 1068 2429 1137 rat),varie
2452 1070 2853 1126 excruciatum
2875 1074 3068 1124 necat.
3103 1068 3314 1124 Multos
3356 1068 3535 1123 etiam
3565 1081 3768 1137 proce-

2122 1171 2257 1211 rum
2297 1161 2476 1228 atque
2532 1157 2789 1214 militum
2848 1158 3158 1231 suppliciis
3214 1155 3463 1213 diversis
3512 1153 3770 1223 sustulit,

2123 1243 2352 1301 delatos
2378 1244 2537 1319 quod
2567 1246 2927 1319 imaginibus
2957 1247 3417 1319 supplicassent.
3451 1244 3771 1316 Exegitque

2124 1332 2198 1390 ab
2226 1333 2505 1390 omnibus
2537 1351 2645 1391 suo
2696 1335 2949 1408 imperio
3009 1334 3295 1407 subjectis
3337 1335 3770 1404 juramentum,

2127 1439 2245 1495 quo
2275 1424 2704 1481 confirmarent
2733 1424 2881 1481 nulli
2914 1441 2976 1481 se
3026 1423 3269 1498 imagini
3313 1422 3773 1494 supplicaturos.

2125 1513 2281 1579 Quos
2335 1514 2495 1571 inter
2547 1514 2688 1572 fecit
2744 1515 2921 1572 etiam
2988 1521 3055 1571 ut
3140 1512 3568 1571 Constantinus
3626 1510 3775 1565 falso

2126 1603 2465 1676 patriarcha
2494 1603 2688 1663 dictus
2719 1611 3056 1679 suggestum
3087 1603 3535 1672 conscenderet,
3587 1600 3776 1657 eleva-

2127 1694 2322 1766 tisque
2355 1695 2705 1753 venerandis
2734 1697 2928 1752 crucis
2960 1694 3135 1769 lignis
3161 1694 3533 1751 adoratorem
3565 1688 3776 1763 imagi-

2127 1799 2269 1839 num
2303 1800 2431 1841 sese
2453 1800 2584 1842 esse
2596 1784 2994 1858 jurejurando
3021 1784 3371 1858 interposito
3394 1781 3773 1837 diffiteretur.

373 1874 681 1928 κυνούντων
737 1869 834 1932 τὰς
899 1867 1129 1931 εἶκόναςο
1178 1865 1269 1923 καὶ
1349 1870 1542 1923 τοῦτον
1599 1865 1845 1942 παραυτὰ
1901 1883 2021 1919 στεο

2154 1874 2457 1945 Statimque
2488 1873 2642 1931 8M
2691 1874 2829 1931 huic
2875 1873 3171 1947 persuasit
3221 1878 3287 1928 ut
3328 1887 3434 1944 pro
3482 1868 3775 1926 monacho

368 1962 600 2044 φανίτην
679 1960 793 2033 (93)
858 1957 994 2044 (ἀντὶ
1053 1959 1305 2032 μοναχοῦ
1374 1952 1553 2044 ἔπεισε
1632 1954 1877 2033 γενέσθαι
1932 1953 2023 2009 καὶ

378 2042 554 2128 κρεῶν
586 2042 1020 2125 μεταλαμϐάνειν
1052 2047 1143 2103 καὶ
1200 2043 1524 2122 κιθαρῳδῶν
1578 2046 1693 2121 (94»)
1737 2044 2024 2121 ἀνέχεςθαι

378 2141 433 2198 ἰν
458 2144 530 2216 τῇ
561 2137 827 2217 βασιλικῇ
854 2135 1093 2213 τραπέζῃ
1135 2139 1268 2210 (95).
1304 2134 1469 2194 Ἀλλ’
1523 2136 1624 2192 οὐκ
1680 2134 1757 2196 εἷς
1820 2135 2026 2209 μακρὰν

374 2234 411 2303 ἡ
444 2228 570 2302 δίκη
601 2232 794 2285 τοῦτον
824 2232 945 2288 ταῖς
995 2229 1091 2281 τοῦ
1123 2225 1414 2305 μιαιφόνου
1444 2225 1601 2302 χερσῖ
1654 2221 2025 2300 παραδέδωκε.

383 2319 583 2383 Μαθὼν
605 2317 708 2394 γὰρ
767 2318 795 2372 ὁ
844 2316 1099 2392 ἀλάστωρ
1159 2316 1243 2371 δτι
1303 2316 1332 2371 ὁ
1386 2316 1738 2394 πατριάρχης
1782 2311 2028 2375 πολλοὺς

381 2407 836 2488 ἰπληροφόρησεν
866 2406 1037 2463 εἰπεῖν
1084 2406 1175 2461 τὸν
1239 2404 1465 2483 βασιλέα
1518 2406 1657 2481 πρὸς
1716 2403 1898 2476 αὐτὸν,
1946 2402 2030 2459 ὅτι

387 2499 504 2559 Ούκ
533 2496 643 2554 ἔστι
672 2498 799 2560 Θεὸς
858 2497 886 2552 ὁ
942 2495 1194 2572 Χριστὸς,
1249 2495 1340 2551 καὶ
1398 2492 1489 2551 διὰ
1533 2497 1695 2550 τοῦτο
1753 2490 1880 2549 οὐδὲ
1931 2495 2033 2564 τήν

390 2591 601 2667 μητέρα
653 2587 817 2645 αὐτοῦ
873 2585 990 2664 ἔχω
1044 2586 1331 2655 Θεοτόκον,
1397 2584 1626 2659 ἐξεμάνη
1685 2586 1804 2640 κατ’
1867 2583 2033 2640 αὐτοῦ

390 2680 466 2743 ὠς
493 2677 559 2735 τὸ
590 2679 895 2752 μυστήριον
948 2675 1115 2733 αὐτοῦ
1168 2668 1655 2750 θριαμϐεύσαντος.
1698 2672 1798 2732 Καὶ
1831 2671 2033 2736 ἑπιθές

393 2766 540 2843 αύτῷ
595 2765 814 2830 πολλὰς
872 2764 1098 2842 πληγὰς
1180 2759 1562 2841 ἐθριάμϐευσεν
1622 2762 1674 2819 ἐν
1732 2765 1812 2837 τῷ
1867 2764 2035 2819 ἱππο-

394 2856 586 2935 δρόμῳ
643 2856 1023 2930 ἑμπτυόμενον
1073 2856 1165 2911 καὶ
1215 2855 1531 2930 συρόμενον.
1620 2854 1757 2910 Εἶτα
1811 2850 2041 2933 ἀσφαλι-

392 2949 628 3020 σάμενος
645 2950 752 3019 (96)
772 2945 932 3001 αὐτὸν
962 2943 1290 3001 ἀποστέλλει
1321 2944 1457 3019 πρὸς
1488 2943 1651 3000 αὐτὸν
1694 2942 2037 3018 πατρικίους,

396 3038 487 3093 καί
515 3053 669 3114 φησι·
705 3060 734 3088 (ι
764 3035 827 3091 Τί
860 3032 1036 3110 λέγεις
1092 3032 1214 3111 ἄρτι
1263 3033 1387 3109 περὶ
1441 3040 1543 3103 τῆς
1598 3032 1831 3094 πίστεως
1881 3035 2040 3106 ἡμῶν

395 3126 483 3183 καὶ
521 3129 620 3196 τῆς
655 3122 883 3181 συνόδου
912 3125 978 3194 ἧς
1009 3124 1345 3198 ἐποιήσαμεν
1379 3143 1394 3194 ;
1424 3149 1445 3175 ιι
1497 3123 1555 3178 '0
1599 3120 1656 3178 δὲ
1710 3121 2039 3195 ματαιωθεῖς

387 3221 510 3277 ταῖς
584 3215 794 3292 φρεσὶν,
866 3214 1115 3288 οἰόμενος
1198 3214 1358 3269 αὐτὸν
1454 3210 1622 3268 ¹πάλιν
1708 3210 2042 3285 ἐξευμενίσαο

388 3316 533 3375 σθαι,
560 3306 644 3379 [Ρ.
678 3306 805 3378 466]
861 3303 1176 3378 ἀποκριθεὶς
1231 3303 1372 3358 εἶπε·
1435 3326 1464 3355 ι(
1525 3299 1726 3366 Καλῶς
1781 3299 2043 3368 ἐποίησας

392 3396 493 3464 τήν
527 3391 776 3464 σύνοδον,
807 3394 899 3448 καὶ
942 3391 1127 3455 καλῶς
1181 3391 1470 3455 πιστεύεις.
1535 3416 1565 3444 ii
1622 3391 1685 3446 Οί
1743 3387 1802 3446 δὲ
1857 3390 2044 3465 ἐπιγε-

400 3483 658 3544 Λάσαντες
690 3482 844 3538 εἶπον
900 3483 1037 3557 πρὸς
1081 3481 1263 3537 αὐτόν’
1322 3505 1351 3534 ‹‹
1399 3480 1592 3554 Ἡμεῖς
1654 3483 1820 3537 τοῦτο
1878 3480 2045 3554 μόνον

394 3571 666 3648 ἠθέλομεν
695 3572 921 3628 ἀκοόσαι
971 3572 1117 3648 παρᾶ
1171 3575 1268 3627 τοῦ
1309 3574 1508 3646 μιαροῦ
1538 3591 1634 3639 σου
1667 3572 1960 3643 στόματος,
2018 3592 2048 3622 ii

403 3663 494 3719 καὶ
548 3668 894 3739 παραχρῆμα
961 3661 1304 3739 ἐξαγαγόντες
1388 3659 1545 3716 αὐτὸν
1625 3659 2048 3738 ἀπεκεφάλισαν,

401 3751 494 3808 καὶ
547 3751 610 3807 τὸ
662 3755 821 3825 σῶμα
876 3751 1045 3807 αὐτοϋ
1094 3748 1319 3827 ἔῤῥιψαν
1371 3749 1445 3812 εἷς
1502 3748 1565 3806 τὸ
1622 3746 1885 3823 πέλαγος,
1926 3742 2053 3803 ἔνθα

400 3845 623 3916 πρῶτον
668 3841 914 3916 ὑπῆρχεν
971 3841 1000 3895 ὁ
1047 3843 1146 3908 τῆς
1192 3839 1381 3916 Ἀγίας
1435 3836 1706 3914 ΙΙελαγίας
1748 3840 1862 3913 (9⁸1)
1900 3839 2052 3911 ναὸς,

398 3931 462 3985 ὃν
539 3930 568 3985 ὁ
633 3930 898 4004 θεομισής
947 3926 1289 3989 κατακλύσας
1345 3926 1437 3983 καὶ
1492 3927 1663 4005 τάφον
1746 3923 2052 3984 καταδίκων

404 4020 645 4091 ποιήσας
701 4016 923 4074 ἐκάλεσε
997 4017 1062 4073 τὸ
1118 4015 1411 4094 Ῑῐελάγιον.
1487 4017 1947 4095 Ἀντιχειροτονεῖ
1997 4014 2058 4072 δὲ

400 4109 752 4186 πατριάρχην
781 4109 1019 4179 Νικήταν
1053 4106 1320 4187 εὐνοῦχον
1374 4105 1465 4162 καὶ
1520 4102 1793 4165 Σθλάϐον.
1861 4104 2057 4163 Ὠσαύ-

403 4219 516 4262 τως
576 4195 635 4254 δὶ
677 4198 766 4255 καὶ
828 4199 1028 4273 Πὲτρον
1082 4196 1177 4254 τὸν
1252 4197 1397 4271 1ἱερὸν
1480 4195 1573 4251 καὶ
1629 4195 1724 4252 τὸν
1797 4197 2057 4275 θεοφόρον

2132 1963 2472 2035 stephanita
2510 1963 2697 2029 fieret,
2748 1979 2926 2020 carne
2975 1967 3332 2031 vesceretur,
3389 1960 3571 2032 inque
3620 1958 3782 2031 regia

2131 2067 2337 2108 mensa
2367 2052 2636 2109 ﬁdicines
2664 2052 2870 2109 audire
2902 2051 3243 2108 sustineret.
3275 2050 3388 2106 Sed
3418 2066 3539 2106 non
3594 2046 3779 2105 multo

2131 2147 2267 2215 post
2295 2141 2492 2198 divina
2519 2142 2779 2216 vindicta
2806 2143 2967 2199 hunc
2996 2142 3059 2199 in
3090 2158 3302 2198 manus
3333 2138 3566 2197 cruenti
3596 2136 3792 2193 homi-

2133 2231 2281 2289 cidae
2311 2231 2576 2288 tradidit.
2609 2231 2841 2289 Etenim
2873 2232 3318 2297 Constantinus,
3359 2230 3576 2288 certior
3595 2227 3787 2282 factus

2135 2321 2532 2394 patriarcham
2554 2320 2757 2378 multis
2770 2321 3112 2377 hominibus
3126 2338 3230 2395 pro
3245 2326 3407 2377 certo
3420 2315 3789 2393 persuasisse

2136 2411 2559 2484 imperatorem
2589 2412 2700 2469 sibi
2732 2412 2975 2481 dixisse,
3003 2429 3065 2468 se
3095 2412 3395 2467 Christum
3446 2426 3551 2481 pro
3583 2409 3701 2462 Deo
3735 2410 3793 2461 et

2138 2501 2388 2574 proinde
2435 2504 2679 2559 Matrem
2737 2503 2869 2576 ejus
2929 2520 3036 2575 pro
3100 2503 3353 2576 Deipara
3410 2514 3790 2571 nequaquam

2141 2590 2381 2662 habere,
2440 2591 2637 2647 furore
2685 2591 2966 2648 adversus
3016 2607 3174 2657 eum,
3224 2596 3293 2646 ut
3339 2589 3440 2663 qui
3494 2592 3790 2645 secretum

2141 2680 2329 2753 ipsius
2353 2681 2715 2753 publicatum
2733 2680 3116 2746 traduxisset,
3142 2680 3420 2737 incensus
3443 2683 3548 2735 est.
3587 2677 3791 2748 Itaque

2142 2768 2349 2825 multis
2373 2770 2718 2827 verberibus
2747 2769 3064 2827 multatum
3096 2769 3157 2826 in
3191 2768 3489 2842 triumpho
3540 2783 3647 2840 per
3677 2766 3794 2821 cir-

2143 2876 2277 2916 cum
2304 2859 2438 2915 duci
2470 2860 2717 2927 curavit,
2739 2866 3094 2933 consputum
3119 2865 3297 2931 atque
3325 2854 3795 2931 raptatum.lnde

2145 2968 2280 3008 cum
2314 2968 2449 3007 eum
2482 2951 2543 3007 in
2579 2951 2909 3008 custodiam
2963 2950 3249 3018 dedisset,
3304 2949 3489 3005 mittit
3534 2948 3609 3004 ad
3661 2962 3799 3002 eum

2146 3040 2448 3115 patricios,
2482 3041 2582 3113 qui
2615 3041 2974 3098 scitarentur
2989 3040 3278 3113 quidnam
3300 3038 3494 3095 adhuc
3515 3036 3587 3092 de
3611 3036 3799 3108 impe-

2147 3129 2362 3184 ratoris
2392 3129 2676 3202 religione
2707 3146 2775 3185 ac
2806 3128 3032 3202 synodo
3062 3128 3135 3184 ab
3164 3126 3293 3200 ipso
3332 3125 3630 3183 celebrata
3661 3140 3800 3179 sen-

2152 3219 2306 3274 tiret.
2342 3221 2417 3275 At
2445 3235 2629 3275 vanus
2666 3218 2850 3275 animi
2889 3218 3013 3286 ille,
3069 3233 3316 3289 sperans
3365 3215 3477 3271 hoc
3519 3219 3689 3287 pacto
3739 3227 3801 3267 se

2157 3306 2578 3380 imperatorem
2625 3306 3022 3379 placaturum,
3081 3304 3410 3378 respondit,
3461 3308 3621 3359 recte
3666 3318 3802 3358 eum

2152 3395 2525 3452 instituenda
2557 3395 2784 3469 synodo
2815 3396 3026 3469 egisse,
3059 3401 3337 3467 recteque
3377 3393 3450 3449 de
3499 3391 3614 3448 fide
3668 3407 3805 3446 sen-

2156 3487 2290 3542 tire.
2322 3485 2430 3552 Qui
2457 3484 2621 3541 missi
2649 3489 2839 3553 erant,
2864 3484 3183 3542 irridentes
3207 3484 3540 3545 hominum,
3573 3482 3805 3552 hocque

2157 3593 2343 3632 unum
2375 3593 2436 3632 se
2470 3592 2537 3632 ex
2596 3575 2830 3649 impuro
2888 3576 3075 3648 ipsius
3131 3593 3231 3632 ore
3288 3573 3543 3630 voluisse
3603 3570 3808 3628 audire

2158 3665 2449 3729 dicentes,
2508 3664 2707 3720 statim
2765 3664 3041 3720 eductum
3100 3664 3293 3737 capite
3363 3664 3806 3725 truncaverunt,

2159 3754 2525 3825 cadaverque
2556 3754 2619 3809 in
2638 3753 2941 3827 Pelagium
2965 3752 3595 3825 projecerunt.Fanum
3618 3750 3813 3807 fuerat

2162 3849 2379 3900 sanctaa
2410 3843 2661 3917 Pelagius
2686 3860 2699 3898 :
2733 3843 2792 3899 id
2823 3843 3247 3898 Constantinus
3276 3840 3592 3896 demolitus
3611 3838 3810 3911 sepul-

2161 3937 2310 3988 turas
2357 3932 2568 4005 capitis
2623 3931 3042 3988 damnatorum
3094 3930 3421 3987 destinarat
3459 3929 3813 4001 Pelagioque

2164 4037 2382 4078 nomen
2412 4023 2652 4078 fecerat.
2687 4023 2753 4078 In
2784 4021 2914 4093 ejus
2944 4021 3143 4076 locum
3191 4018 3517 4092 imperator
3562 4017 3816 4091 patriar-

2164 4111 2338 4166 cbam
2370 4109 2642 4184 designat
2693 4111 2959 4166 Nicetam
3014 4111 3381 4174 eunuchum,
3433 4123 3647 4181 genere
3692 4105 3817 4163 Sla-

2166 4216 2323 4257 vum.
2357 4201 2598 4256 Petrum
2629 4216 2865 4272 quoque
2921 4206 3192 4256 sanctum
3240 4199 3454 4267 virum,
3510 4204 3568 4254 et
3616 4195 3815 4252 divino

1603 4297 1966 4354 XYLANDRI
2001 4298 2089 4354 ET
2126 4298 2341 4354 GOARI
2379 4298 2602 4356 NOTAE.

480 4399 592 4470 (93)
616 4399 736 4455 Hoc
758 4397 900 4470 quid
937 4396 1032 4466 sit,
1060 4396 1285 4453 nescio.
1317 4394 1453 4451 XvL.
1489 4427 1557 4470 -—_
1596 4395 1716 4451 Hoc
1770 4400 1883 4470 est,
1911 4412 2057 4470 nu_n-
2087 4396 2136 4462 D
2169 4397 2305 4451 dire.
2330 4395 2809 4470 Lachonodraco
2829 4395 3153 4470 impietatis
3183 4395 3433 4470 aemulus
3455 4394 3530 4452 ad
3552 4396 3680 4470 ejus
3703 4410 3819 4470 nu-

408 4467 496 4526 tio
520 4467 838 4527 monachdli
864 4472 990 4525 vita:
1019 4471 1246 4524 remisso
1267 4482 1495 4522 umorem
1513 4467 1710 4523 ducere
1735 4467 2057 4523 suasit.Ab-

412 4540 1197 4612 horrueruntTheOphanes,
1238 4538 1456 4612 Paulus
1514 4539 1828 4612 Diaconus,
1859 4545 2067 4594 auctor

419 4619 479 4667 et
506 4613 607 4668 alii
638 4630 675 4669 a
704 4619 823 4668 tam
843 4609 996 4667 foedo
1020 4612 1244 4668 scelere
1290 4611 1486 4683 palam
1545 4609 1925 4683 evulgando,
1956 4626 2067 4683 nec

418 4684 534 4755 nisi
557 4681 1346 4755 metaphora,conjugiisque
1361 4681 1803 4737 houestioribus
1816 4681 2069 4755 insigni-

418 4754 530 4810 bus
559 4755 832 4810 velatum.
869 4754 1101 4811 edicere
1122 4754 1540 4810 decreverunt.
1573 4756 1715 4809 Nam
1772 4768 1908 4809 cum
1939 4754 2069 4809 sine

423 4827 657 4897 coronis
682 4826 985 4897 sponsalia
1015 4827 1193 4881 (ἔνωεὶ
1226 4843 1345 4881 non
1396 4825 1716 4892 celebrent,
1763 4825 1921 4880 idem
1981 4830 2072 4881 est

423 4896 580 4968 apud
612 4896 991 4952 eos’roronari
1020 4904 1078 4969 et
1121 4899 1348 4968 nuptias
1367 4897 1709 4965 contrahere,
1736 4898 1960 4969 nuptim
1989 4897 2068 4952 si-

424 4967 839 5046 quidemipsaa
870 4967 1209 5046 στεφάνωμα
1246 4973 1531 5046 vocantur
1563 4987 1579 5034 ;
1638 4967 1965 5046 earumque
2012 4972 2073 5024 et

423 5039 825 5096 coronatiOnis
857 5039 1207 5112 sponsorum
1258 5041 1438 5096 ritum
1467 5039 1845 5112 perspicuum
1870 5039 2071 5095 videre

426 5058 825 5096 coronauoms
857 5058 1207 5168 sgonsorum
1258 5058 1438 5096 ritum
1467 5058 1845 5112 perspicuum
1872 5058 2071 5095 vmere

426 5120 517 5169 est
537 5114 596 5197 in
628 5112 850 5168 recenti
928 5112 1264 5197 ucbologio:
1294 5117 1623 5197 coronatus
1651 5128 1790 5197 ergo
1821 5127 2071 5193 promo-

424 5186 617 5258 nacho
639 5201 774 5258 cum
802 5183 1909 5258 processitpatriarcha_sponsaliorum
1925 5183 2071 5258 jugo

427 5272 489 5313 se
517 5256 772 5313 subdere
804 5253 1332 5315 'commonstravit.
1377 5253 1868 5326 jejuniorumque
1915 5253 2075 5322 rigor

427 5329 605 5385 simul
628 5329 713 5384 illi
746 5329 1044 5385 relaxatus
1073 5333 1184 5397 est,
1217 5343 1327 5381 nec
1382 5327 1504 5381 ulla
1534 5326 1648 5398 fuit
1679 5326 1937 5398 amplius
1972 5341 2075 5380 vo-

422 5399 618 5473 luptas
647 5417 683 5457 a
713 5417 829 5472 qua
860 5400 970 5473 sibi
1004 5400 1248 5455 duceret
1275 5396 1698 5473 abstinendum
1752 5396 2077 5473 Conﬁrmat

428 5469 860 5545 expositionem
894 5472 1132 5545 allatam
1177 5476 1395 5526 tetrum
1427 5469 1824 5545 imperatoris,
1856 5469 1930 5523 de
1956 5484 2072 5545 quo

424 5538 728 5599 memorat
755 5548 982 5607 auctor,
1014 5543 1286 5599 lacinus:
1320 5557 1455 5596 nam
1482 5538 1541 5596 et
1572 5540 1959 5596 monachorum
1978 5538 2076 5594 ha-

434 5615 609 5671 bitum
632 5618 745 5671 sive
780 5617 1020 5671 studium
1047 5615 1408 5684 ignominiosa
1439 5613 1712 5678 traduxit,
1772 5611 2077 5682 etpublicz

430 5686 785 5744 contumeliae
804 5687 867 5742 in
894 5689 1041 5742 circo
1067 5683 1348 5758 exposuit,
1383 5683 1593 5758 jubens‘
1634 5697 2079 5758 unumquemque

432 5774 623 5817 eorum
649 5772 820 5814 manu
847 5754 1543 5815 ducentem—mulierculam
1571 5756 1632 5811 in
1669 5754 1907 5811 medium
1927 5768 2072 5824 pro-

2171 4473 2293 4522 tnm
2326 4467 2387 4523 in
2422 4468 2723 4535 provincia
2742 4468 2855 4523 sibi
2872 4467 3230 4524 demandata
3253 4467 3458 4536 edixit,
3481 4473 3548 4523 ut
3568 4467 3817 4522 inferius

2164 4538 2345 4610 jacet,
2377 4542 2478 4610 qui
2506 4541 2647 4596 mihi
2673 4546 2726 4595 et
2744 4542 3067 4611 imperatori
3084 4539 3203 4595 vult
3225 4540 3469 4611 obsequi.
3497 4540 3543 4595 is
3558 4545 3816 4595 ornatum

2172 4611 2489 4739 iacquem
2517 4613 2745 4668 inducat
2772 4611 2981 4682 hacque
3010 4613 3133 4683 ipsa
3171 4611 3310 4667 hora
3353 4627 3583 4667 umorem
3631 4612 3815 4666 ducat.

2221 4699 2349 4739 οΑιι.

2221 4699 2349 4739 ΟΔΕ.

2247 4756 2358 4821 (94)
2389 4753 2555 4821 Quod
2584 4754 2658 4811 ad
2715 4753 3072 4812 citharmdos
3129 4754 3360 4823 attinet,
3420 4753 3519 4810 alii
3578 4752 3817 4823 habent,

2177 4841 2278 4880 eos
2308 4832 2373 4880 ut
2401 4827 2712 4882 adhiberet
2739 4844 2859 4882 sum
2882 4843 3104 4882 mensm
3126 4822 3451 4897 imperator
3478 4822 3821 4897 permisisse

2174 4898 2615 4970 patriarcbam.
2637 4899 2748 4954 Sed
2780 4897 3081 4970 quomodo
3111 4894 3229 4970 ego
3246 4896 3410 4970 verti.
3436 4894 3823 4970 itaividentur

2176 4966 2472 5039 postulare
2503 4969 2711 5037 verba;
2737 4966 3120 5025 et'sententia
3150 4966 3239 5021 Est
3256 4966 3488 5039 melior.
3515 4968 3635 5039 Non
3660 4966 3821 5039 enim

2176 5037 2529 5096 crediderim
2589 5041 3063 5113 imperatoribus
3104 5055 3217 5113 usu
3246 5038 3521 5113 musices
3569 5037 3821 5113 interdi-

2177 5116 2339 5166 ctum
2396 5113 2626 5168 fuisse:
2677 5109 2784 5168 sed
2832 5111 3127 5168 monacho
3184 5109 3476 5179 ﬁdicines,
3534 5114 3625 5179 uti
3658 5109 3826 5164 luxu-

2177 5183 2328 5309 ;{iam
2375 5191 2779 5256 provocantes,
2824 5183 3073 5251 scilicet,
3125 5196 3245 5236 non
3294 5178 3467 5236 erant
3521 5178 3823 5238 audiendi.

2230 5270 2314 5309 γι.

2230 5270 2314 5310 γι.

2250 5327 2363 5398 (95)
2392 5325 2902 5398 Exauctorationis
2932 5324 3161 5398 Cyrilli,
3192 5340 3387 5395 nuper
3414 5325 3518 5378 ΓΡ.
3575 5325 3826 5398 patriar-

2180 5396 2327 5463 chai,
2360 5413 2539 5452 causa
2569 5397 2818 5469 crimine
2850 5396 3193 5469 multis_l‘uit
3218 5412 3428 5469 unum,
3461 5396 3618 5469 quod
3649 5398 3826 5453 vetito

2180 5469 2449 5595 Eamium
2481 5484 2587 5523 esu
2616 5468 3040 5539 patriarchium
3058 5465 3384 5544 ἐμαγάρισεν
3408 5465 3823 5540 ίηριιὶησυρναε.

2227 5555 2354 5594 osa.

2227 5555 2354 5594 OAR.

2252 5613 2364 5678 (96)
2393 5611 2517 5666 Non
2550 5609 2842 5668 dissimile
2884 5610 3035 5670 illud
3094 5613 3263 5669 Lucas
3319 5615 3446 5670 Act.
3509 5629 3640 5671 im:
3697 5610 3827 5674 τοὺς

2180 5678 2556 5760 πόδαςλαύτῶν
2583 5681 3033 5760 ἠσφαλίσατομείς
3059 5687 3126 5740 τὸ
3165 5681 3349 5760 ξύλονἶ
3389 5686 3531 5745 XYL.

2250 5755 2366 5828 (97)
2398 5755 2617 5813 Marem
2646 5755 2809 5814 hunc
2834 5756 2980 5815 facit
3004 5755 3279 5817 Zonaras.
3308 5758 3447 5819 ΧΠ..
