4124 6210
377 285 492 346 903

1737 258 2050 323 GEORGII
2093 258 2434 322 CEDllENI

3675 271 3794 333 904

449 423 618 478 Anno
643 419 675 472 2
694 419 865 472 lrena
884 411 956 469 ad
979 408 1253 466 Carolum
1284 407 1646 461 Francorum
1668 414 1866 472 regem
1888 397 2017 452 mis-

2209 400 2298 468 Τῷ
2329 397 2377 473 β’
2415 394 2520 454 ἔτει
2551 396 2864 456 ἀπέστειλεν
2904 398 3117 477 εἰρήνη
3168 403 3307 478 πρὸς
3368 401 3646 479 Κάρουλον
3696 408 3790 463 τὸν

378 513 459 569 sis
491 509 695 581 legatis
730 506 911 560 tiliam
949 502 1075 570 ejus
1111 497 1350 552 nomine
1373 492 1619 564 Erythro
1643 487 2027 545 Constantino

378 602 500 657 ﬁlio
521 579 626 654 suo
645 597 705 650 in
728 589 1174 648 matrimonium
1199 583 1533 657 postulavit,
1565 579 1869 652 pactisque
1894 593 2030 632 con-

373 689 560 745 ventis
592 678 1066 754 etjurejurando
1104 674 1372 742 firmatis,
1424 672 1667 727 Elisaeus
1722 668 2026 723 eunuchus

373 786 432 834 et
462 775 730 832 notarius
760 770 917 842 apud
957 767 1230 823 Carolum
1288 761 1596 826 remansit,
1650 764 1716 814 ut
1761 756 2018 829 puellam

373 866 589 923 Grzecis
623 861 834 917 litteris
883 876 950 914 ac
1004 869 1278 913 sermone
1338 858 1396 908 et
1451 849 1716 906 moribus
1774 845 2020 904 Romani

373 954 610 1027 imperii
645 950 1004 1007 institueret.

449 1122 615 1174 Anno
649 1119 678 1170 3
711 1115 878 1170 lreue
909 1128 1049 1183 pace
1100 1125 1235 1164 cum
1293 1105 1585 1161 Arabibus
1642 1102 1796 1157 facta
1853 1101 2020 1155 Stau-

374 1211 602 1266 racium
643 1205 955 1278 patricium
990 1207 1047 1255 et
1087 1199 1447 1272 lngothetam
1498 1199 1704 1248 contra
1755 1190 2020 1247 Slavinos

372 1299 554 1355 mittit
585 1315 597 1362 ;
633 1295 734 1367 qui
769 1299 826 1347 et
856 1307 1064 1346 omnes
1100 1306 1201 1344 eos
1233 1284 1482 1357 imperio
1524 1286 1708 1338 lrenaa
1768 1280 2018 1352 subegit,

375 1394 552 1458 atque
571 1385 621 1440 ei
647 1397 920 1454 magnam
935 1397 1002 1435 ex
1021 1378 1424 1448 Peloponneso
1440 1371 1698 1444 prazdam
1715 1369 2019 1440 multaque

376 1471 563 1544 spolia
589 1467 804 1525 attulit.

445 1655 597 1710 822
630 1655 800 1708 Anno
859 1652 890 1704 4
936 1646 1155 1704 Paulus
1212 1641 1624 1699 sanctissimus
1684 1636 2020 1710 patriarcha

375 1744 579 1802 morbo
611 1744 858 1797 affectus
891 1738 1040 1794 solio
1071 1736 1273 1791 relicto
1307 1737 1482 1803 caput
1508 1730 1672 1796 rasit,
1723 1743 1904 1798 seque
1956 1726 2017 1780 in

373 1833 803 1890 monasterium
837 1829 987 1885 Flori
1020 1825 1264 1883 abdidit.
1297 1817 1850 1894 lmperatrixtristis
1885 1832 2020 1871 eum

375 1923 670 1989 convenit,
730 1934 968 1975 causam
1027 1915 1166 1971 facti
1214 1927 1508 1984 quaerens.
1569 1908 1671 1964 Cui
1759 1906 2019 1961 Paulus:

379 2034 403 2064 ιι
436 2014 668 2066 Utinam
700 2026 856 2064 vero.
890 2006 1104 2076 inquit,
1139 2003 1286 2057 solio
1336 1997 1661 2072 pontificali
1714 2011 2021 2066 nunquam

371 2101 746 2155 insedissem.
783 2096 1045 2152 Ecclesia
1078 2092 1177 2147 Dei
1201 2108 1305 2163 per
1335 2087 1713 2160 tyrannidem
1739 2101 2022 2158 oppressa

370 2196 546 2259 atque
605 2187 678 2242 ab
739 2186 873 2241 aliis
933 2181 1240 2238 catholicis
1297 2177 1461 2234 soliis
1516 2175 1717 2230 avulsa
1773 2173 2022 2228 anathe-

374 2283 652 2347 matequo
687 2280 908 2329 notata.
943 2271 1109 2338 Quod
1141 2268 1256 2324 nisi
1297 2264 1662 2323 (ecumenica
1693 2261 2022 2318 instituitur

373 2367 634 2438 synodus
665 2371 723 2420 et
754 2365 1040 2418 hactenus
1075 2364 1267 2414 errata
1297 2355 1694 2426 corriguntur.
1735 2353 1902 2407 nulla
1931 2355 2029 2407 est

370 2457 535 2512 vobis
565 2455 744 2510 salus.
783 2476 810 2503 ››
845 2449 1142 2517 Quzerenti
1204 2446 1454 2501 ulterius
1498 2446 1681 2499 Irenaa
1733 2460 1837 2498 cur
1885 2459 2021 2513 ergo

374 2545 712 2618 patriarcha
753 2541 1094 2610 designatus
1146 2535 1565 2606 subscripserit
1615 2549 1675 2587 se
1733 2532 2022 2604 imagines

376 2651 496 2689 non
556 2633 989 2688 adoraturum:
1051 2628 1230 2681 «Hoc
1287 2626 1482 2696 ipsum
1538 2628 1645 2682 est.
1700 2622 1802 2686 ait,
1863 2620 2022 2691 quod

375 2725 570 2797 lugeo,
604 2729 664 2778 et
691 2721 763 2776 ad
794 2718 1203 2791 paenitentiam
1235 2715 1531 2786 confugio,
1566 2714 1749 2767 Deum
1810 2711 2024 2782 depre-

373 2831 515 2870 cans
549 2830 622 2867 ne
657 2828 748 2866 me
780 2810 937 2864 velut
967 2807 1311 2879 pontificem
1345 2804 1572 2876 puniat,
1597 2803 1696 2873 qui
1718 2803 2020 2872 hucusque

372 2902 660 2957 tacuerim
703 2905 982 2969 metuque
1040 2895 1259 2952 furoris
1317 2893 1494 2948 vestri
1554 2892 1814 2946 veritatis
1870 2907 2020 2962 pra;—

369 2991 540 3046 conio
575 2988 984 3046 abstinuerim.
1023 3008 1049 3034 »
1084 2985 1183 3040 llis
1216 2984 1297 3038 ita
1321 2983 1468 3038 actis
1500 2980 1600 3035 ille
1655 2981 1834 3034 vitam
1880 2996 2016 3036 cum

370 3087 558 3136 morte
617 3079 872 3134 feliciter
923 3072 1326 3132 commutavit.
1417 3069 1637 3126 Exinde
1704 3069 1889 3123 libere
1947 3068 2019 3123 ab

369 3174 646 3230 omnibus
677 3171 854 3227 verba
885 3169 956 3224 de
991 3167 1174 3222 sacris
1206 3161 1566 3235 imaginibus
1598 3160 1747 3216 fleri.

439 3368 610 3420 Anno
645 3366 674 3417 5
706 3364 874 3416 Irene
909 3363 1123 3414 senatu
1155 3353 1492 3427 populoque
1515 3351 1848 3407 convocatis
1880 3368 2018 3406 sen-

370 3452 616 3508 tentiam
649 3449 720 3504 de
753 3465 900 3504 novo
951 3444 1292 3518 patriarcha
1339 3441 1594 3496 creando
1638 3440 1881 3510 rogavit.
1933 3439 2016 3494 Ab

368 3539 645 3594 omnibus
677 3537 786 3592 sibi
820 3536 880 3590 id
915 3551 1134 3591 munus
1188 3531 1449 3586 delatum
1500 3530 1772 3584 Tarasius
1823 3545 2019 3583 secre-

367 3629 554 3684 tarius
587 3627 900 3691 recusavit,
949 3623 1304 3696 populorum
1338 3627 1396 3674 et
1433 3619 1828 3676 Ecclesiarum
1879 3635 2014 3674 cau-

369 3724 533 3773 satus
565 3717 1024 3779 dissensionem,
1058 3712 1498 3807 conciliumque
1529 3709 1654 3777 θοιζί
1689 3707 2010 3779 postulans.

367 3808 533 3873 Quod
565 3824 699 3864 cum
733 3805 1089 3863 annuissent
1119 3797 1465 3874 imperatrix
1507 3805 1565 3853 et
1602 3797 1880 3869 populus,
1935 3797 2017 3850 ita

369 3898 607 3952 domum
640 3902 880 3952 sanctus
912 3896 1082 3948 Pater
1111 3897 1315 3945 noster
1364 3887 1635 3943 Tarasius
1683 3885 2017 3956 patriarcha

364 3987 710 4056 Cpolitanus
747 3983 1100 4045 declaratur,
1163 3983 1229 4033 25
1291 3976 1385 4031 die
1444 3973 1804 4037 Decembris.
1867 3973 2016 4028 indi-

365 4076 559 4131 ctione
592 4077 644 4129 8.
678 4073 986 4143 Missisque
1019 4073 1266 4125 Romam
1299 4065 1369 4121 de
1409 4063 1655 4120 concilio
1698 4063 1910 4118 litteris
1959 4069 2015 4117 et

363 4165 500 4220 fidei
569 4181 689 4220 sum
773 4161 1168 4228 confessione,
1256 4162 1346 4212 est
1413 4155 1486 4210 ab
1544 4154 1802 4210 Adriano
1862 4169 2016 4227 papa

364 4253 746 4325 approbatus.

437 4431 590 4486 823
623 4431 790 4485 Anno
831 4430 884 4496 6,
939 4443 1074 4482 cum
1135 4429 1289 4481 esset
1344 4423 1664 4480 concilium
1722 4421 2012 4477 indictum

2135 485 2280 560 ῥῆγα
2314 487 2614 561 Φραγγίας,
2650 491 2736 562 [Ρ.
2786 491 2913 562 470]
2971 489 3061 544 καὶ
3120 490 3492 571 ἐνυμφεύσατο
3549 496 3647 563 τὴν
3690 508 3789 558 θυ-

2133 571 2332 651 γατέρα
2363 573 2528 630 αὐτοῦ
2575 577 2820 651 Ἐρυθρὼ
2879 575 3187 653 λεγομένην
3252 584 3647 657 Κωνσταντίνῳ
3703 589 3785 657 τῷ

2135 663 2238 733 υίῴ
2267 664 2462 733 αὐτῆς.
2498 664 2598 720 Καὶ
2627 664 2930 741 γενομένων
2959 669 3264 747 συμφώνων
3294 670 3383 725 καί
3433 671 3608 745 ὃρκων
3654 694 3787 728 κατ-

2134 750 2354 828 ελείφθη
2413 751 2722 817 Ἐλισσαῖος
2765 755 2792 809 ὁ
2825 756 3093 832 εὐνοῦχος
3145 759 3234 813 καὶ
3284 759 3534 835 νοτάριος
3592 762 3668 824 εἰς
3718 764 3784 818 τὸ

2133 836 2342 911 διδάξαι
2373 840 2538 912 αὐτὴν
2570 842 2634 897 τά
2663 864 2724 898 τε
2754 848 2860 897 τῶν
2901 849 3147 917 Γραικῶν
3193 847 3491 925 γράμματα
3541 851 3631 905 καὶ
3679 852 3782 920 τήν

2130 935 2408 1007 γλῶσσαν,
2464 932 2554 986 καὶ
2616 930 2901 988 παιδεῦσαι
2955 933 3121 1004 αὐτὴν
3183 937 3248 991 τὰ
3321 935 3432 1008 ἤθη
3489 945 3589 1008 τῆς
3647 940 3785 996 Ῥω-

2131 1019 2309 1091 μαὲων
2343 1021 2647 1097 βασιλείας.

2200 1113 2294 1182 Τῷ
2325 1118 2374 1186 γ’
2402 1110 2506 1167 ἔτει
2539 1112 2892 1188 εἰρηνεύσασα
2924 1115 3128 1191 Εἰρήνη
3185 1117 3317 1190 μετᾶ
3361 1122 3468 1172 τῶν
3523 1115 3776 1196 Ἀράϐων

2129 1198 2452 1256 ἆποστίλλει
2488 1202 2820 1278 Σταυράκιον
2850 1205 3134 1280 πατρίκιον
3165 1206 3253 1261 καὶ
3287 1205 3587 1283 λογοθὲτην
3639 1210 3778 1264 κατὰ

2125 1293 2233 1343 τῶν
2293 1285 2631 1346 Σθλαϐίνωιν
2693 1293 2751 1354 ὅς
2810 1293 2900 1347 καὶ
2959 1293 3236 1357 κατελθὼν
3291 1295 3513 1369 ὑπέταξε
3571 1299 3780 1362 πάντας

2129 1377 2217 1432 καί
2251 1378 2558 1460 ὑποφόρους
2594 1379 2816 1450 ἐποίησε
2845 1389 2945 1452 τῆς
3001 1381 3306 1458 βασιλῖδος,
3352 1384 3564 1442 Ἐλ9ὼν
3615 1383 3673 1441 δὲ
3720 1387 3776 1442 ἐν

2129 1470 2529 1554 Πελοποννήσῳ
2557 1472 2647 1527 καὶ
2677 1471 2895 1542 πολλὴν
2933 1474 3322 1549 αἰχμαλωσίαν
3379 1478 3468 1532 καὶ
3526 1475 3776 1554 λάφυρα·

2128 1553 2313 1613 λαϐὼν
2344 1537 2519 1635 ἤγαγε
2545 1565 2614 1634 τῇ
2651 1537 2915 1636 βασιλίδι.
2997 1537 3049 1549 m
3612 1537 3624 1557 ⁸

2199 1651 2292 1720 Τῷ
2341 1646 2382 1703 δ’
2436 1647 2544 1706 ἔτει
2598 1650 2812 1714 Παῦλος
2875 1653 2904 1708 ὁ
2962 1651 3111 1716 ὅσιος
3170 1654 3259 1709 καὶ
3320 1655 3619 1731 ἁγιώτατος
3674 1678 3782 1712 πα-

2051 1777 2095 1842 B
2127 1737 2397 1815 τριάρχης
2429 1739 2729 1811 ἀσθενήσας
2759 1741 3020 1799 κατθιιπε
3076 1744 3166 1799 τὸν
3228 1746 3419 1820 θρόνον
3468 1747 3557 1801 καὶ
3615 1745 3669 1802 ἐν
3707 1751 3779 1821 τῇ

2133 1832 2274 1901 μονῇ
2306 1834 2413 1883 τῶν
2444 1827 2685 1905 Φλώρου
2719 1831 2985 1908 ἀπεκάρη.
3046 1833 3307 1909 Ἔρχεται
3359 1835 3450 1890 οῦν
3503 1836 3638 1910 πρὸς
3691 1836 3782 1891 αὗ-

2123 1917 2214 1971 τὸν
2279 1917 2569 1993 βασίλισσα
2627 1917 2970 1993 λυπουμένη,
3029 1921 3119 1977 καί
3187 1946 3342 2003 φησι.
3406 1949 3434 1976 ‹‹
3494 1925 3554 1979 Τί
3610 1931 3775 1981 τοῦτο

2127 2007 2424 2076 ἐποίησαςς
2459 2032 2488 2061 ››
2519 2010 2580 2066 Ὁ
2622 2006 2680 2064 δὲ
2733 2011 2867 2083 μετὰ
2919 2014 3134 2086 θρήνων
3193 2012 3316 2092 ἔφη·
3381 2037 3403 2064 ι
3439 2011 3566 2070 Εἴθε
3633 2013 3777 2087 μηδὲ

2091 2163 2096 2170 η
2127 2094 2347 2152 ἐκπὶθισα
2388 2096 2441 2152 ἐν
2469 2102 2546 2170 τῷ
2573 2106 2673 2168 τῆς
2703 2101 3008 2172 ἱερωσύνης
3041 2102 3236 2176 θρόνῳ,
3282 2109 3385 2171 τῆς
3439 2102 3770 2174 Ἐκκλησίας

2123 2191 2221 2240 τοῦ
2279 2191 2413 2242 Θεοῦ
2469 2187 2901 2264 τυραννουμένης
2977 2190 3065 2244 καί
3149 2189 3483 2265 ἐσχισμένης
3540 2191 3602 2246 ἐκ
3654 2197 3766 2247 τῶν

2127 2275 2336 2332 λοιπῶν
2396 2277 2709 2341 καθαλεκῶν
2769 2279 2968 2352 θρόνων
3051 2279 3141 2333 καὶ
3208 2279 3758 2352 ἀναθεματιζομὲνης.

2128 2367 2227 2422 Καῖ
2263 2365 2351 2421 ἐὰν
2386 2368 2463 2441 μή
2506 2365 2730 2430 σύνοδες
2784 2365 3003 2441 γένηται
3041 2368 3394 2441 οἰκουμενικὴ
3449 2369 3538 2424 καὶ
3591 2371 3660 2424 τὰ
3707 2369 3759 2424 ἐν

2133 2455 2281 2528 μέσῳ
2335 2455 2626 2533 σφάλματα
2681 2455 2980 2531 διορθωθῇ,
3037 2457 3136 2512 ούκ
3199 2455 3356 2532 ἔχετε
3407 2457 3701 2533 σωτηρίαν.
3737 2482 3766 2510 »

2124 2550 2180 2601 ἸΙ
2219 2542 2275 2600 δὲ
2308 2546 2452 2599 εἶπεν
2514 2545 2678 2618 αὐτῷ’
2741 2569 2767 2598 ι.
2805 2547 2904 2600 Καὶ
2955 2545 3048 2601 ’ἱνα
3102 2545 3156 2602 τί
3206 2547 3516 2622 ὑπέγραψας
3575 2546 3627 2601 ἐν
3693 2551 3775 2618 τῷ

2129 2640 2558 2709 χειροτονεῖσθαι
2592 2656 2648 2689 σε
2696 2639 2794 2689 τοῦ
2847 2637 2923 2708 μή
2984 2642 3298 2710 προσκυνεῖν
3354 2636 3604 2706 εἰκόνας;
3639 2661 3668 2688 »
3715 2638 3777 2693 Ὁ

2127 2720 2184 2778 δὲ
2213 2722 2337 2800 ἔφη·
2369 2749 2395 2774 ‹‹
2433 2725 2536 2781 Καὶ
2569 2721 2658 2778 διὰ
2713 2728 2876 2779 τοῦτο
2926 2727 3112 2794 θρηνῶ
3151 2726 3241 2779 καὶ
3301 2725 3436 2799 πρὸς
3492 2727 3777 2798 μετάνοιαν

2125 2813 2466 2892 καταφεύγω,
2496 2810 2758 2886 δεόμενος
2811 2818 2908 2868 τοῦ
2958 2818 3092 2868 Θεοῦ
3128 2815 3221 2868 ἳνα
3267 2815 3343 2886 μὴ
3397 2814 3470 2876 ὡς
3514 2813 3660 2889 ίερὲα
3707 2835 3774 2887 με

2125 2901 2360 2976 κολάσῃ,
2393 2904 2691 2976 σιγήσαντα
2739 2899 2844 2965 ἕως
2891 2907 2988 2958 τοῦ
3038 2907 3127 2957 νῦν
3186 2902 3276 2957 καὶ
3334 2904 3412 2978 μὴ
3469 2903 3776 2978 κηρύξαντα

2125 2992 2224 3060 τὴν
2271 2990 2530 3062 ἀλήθειαν
2590 2997 2671 3063 τῷ
2726 2987 2883 3068 φόϐῳ
2937 2999 3038 3061 τῆς
3093 2991 3288 3064 μανίας
3367 2993 3542 3065 ὑμῶν.
3607 3015 3635 3044 ιι
3687 2993 3776 3048 Ἐν

2125 3081 2341 3144 τούτοις
2375 3080 2648 3153 ἐκοιμήθη
2678 3081 2729 3136 ἐν
2764 3081 2974 3156 εἰρήνῃ.
3005 3083 3231 3138 Ἕκτοτε
3283 3079 3372 3136 οὖν
3426 3082 3629 3156 ἤρξατο
3685 3082 3781 3138 λα·

2055 3146 2099 3212 C
2133 3172 2340 3228 λεῖσθαι
2372 3172 2399 3226 ὁ
2429 3170 2554 3245 περὶ
2597 3175 2705 3226 τῶν
2767 3146 2938 3246 ἁγίων
2990 3171 3212 3227 εἰκόνων
3275 3146 3779 3248 λόγος-’παρρησίᾳ

2135 3265 2239 3319 ὑπὸ
2272 3263 2484 3319 πάντων
2495 3305 2508 3320 .

2202 3357 2292 3425 Τῷ
2324 3354 2361 3409 ε’
2394 3351 2498 3408 ἔτει
2533 3357 2907 3428 συναγαγοῦσα
2935 3355 2967 3422 ἡ
3010 3352 3228 3428 βασιλὶς
3255 3352 3458 3428 Εἰρήνη
3482 3358 3653 3407 πᾶσαν
3671 3353 3776 3419 τὴν

2131 3442 2441 3517 σύγκλητον
2478 3443 2567 3498 καὶ
2628 3443 2719 3497 τὸν
2782 3442 2911 3498 λαὸν
2970 3442 3148 3512 ἐζήτει
3214 3442 3296 3504 τίς
3349 3445 3631 3516 γενήσεται
3672 3463 3775 3495 πα-

2127 3531 2424 3607 τριάρχης,
2482 3533 2572 3586 καὶ
2641 3533 2830 3593 πάντες
2917 3532 3254 3608 ἐξεφώνησαν
3341 3533 3612 3603 Ταράσιον
3683 3533 3778 3585 τὸν

2125 3621 2444 3696 ἆσηκρῆτις.
2473 3623 2537 3679 Ὁ
2564 3619 2622 3677 δὲ
2651 3627 2968 3696 παρῃτεῖτο,
3027 3624 3126 3691 την
3169 3627 3280 3677 τῶν
3334 3620 3484 3676 λαῶν
3528 3620 3621 3675 καὶ
3665 3625 3776 3674 τῶν

2125 3710 2432 3781 ἐκκλησιῶν
2463 3707 2918 3784 προϐαλλόμενος
2977 3708 3348 3786 διχοστασίαν,
3401 3711 3493 3765 καὶ
3551 3707 3774 3764 σύνοδον

2126 3799 2347 3871 ἐξαιτῶν
2381 3801 2648 3874 γενέσθαι.
2701 3804 2811 3870 Τῆς
2859 3798 2916 3855 δὲ
2963 3799 3287 3875 βασιλίσσης
3338 3799 3428 3854 καὶ
3482 3803 3580 3854 τοῦ
3639 3799 3778 3855 λαοῦ

2122 3895 2283 3947 τοῦτο
2313 3890 2765 3956 κατανευσάντων,
2799 3894 2867 3963 τῇ
2925 3891 2997 3945 κε’
3045 3895 3142 3946 τοῦ
3200 3885 3536 3963 Δεκεμϐρίου
3603 3891 3778 3961 μηνὸς

2123 3988 2222 4049 τῆς
2249 3981 2302 4048 η’
2333 3977 2669 4043 ἰνδιντιῶνος
2718 3987 2827 4047 (17)
2887 3985 3282 4055 χειροτονεῖται
3322 3980 3352 4035 ὁ
3385 3979 3532 4041 ὅσιος
3585 3980 3772 4052 Πατὴρ

2123 4073 2282 4142 ἡμῶν
2343 4071 2612 4142 Ταράσιος
2677 4070 3026 4144 πατριάρχης
3122 4067 3770 4129 Κωνσταντινουπόλεως.

2125 4159 2228 4216 Καὶ
2297 4157 2625 4221 ἀποστείλας
2696 4157 2748 4214 ἐν
2815 4158 3002 4234 Ῥώμῃ
3071 4159 3136 4213 τὰ
3203 4155 3460 4212 συνοδικά
3521 4157 3613 4212 καὶ
3677 4157 3773 4212 τὸν

2125 4245 2385 4305 λίϐελλον
2441 4255 2542 4317 τῆς
2598 4249 2833 4309 πίστεως
2891 4247 3068 4304 αὐτῶν
3129 4244 3406 4322 ἀπεδέχθη
3467 4247 3614 4322 παρὰ
3677 4249 3780 4300 τοῦ

2123 4339 2276 4395 πάπα
2307 4335 2621 4412 Ἀδριανοῦ.

2197 4433 2284 4500 Τῷ
2322 4428 2364 4497 ζ“
2410 4423 2540 4498 ἔτει,
2581 4423 2811 4482 συνόδου
2863 4426 3236 4506 κηρυχθείσης
3288 4424 3343 4480 ἐν
3398 4429 3477 4496 τῷ
3514 4429 3628 4497 ναξ)
3673 4429 3789 4479 τῶν

363 4522 425 4576 in
459 4522 648 4578 (edem
677 4519 1119 4594 Apostolorum,
1154 4517 1362 4573 eodem
1393 4517 1797 4571 convenerunt
1832 4513 2011 4568 etiam

2141 4518 2323 4594 Αγίων
2357 4516 2735 4583 ’Λποστόλων,
2767 4518 3234 4590 συνηθροίσθησαν
3268 4514 3360 4570 καὶ
3405 4515 3456 4568 οἱ
3508 4513 3779 4587 ὑπηρέται

363 4613 593 4668 Satanas
627 4609 989 4677 administri,
1021 4607 1355 4680 gladiisque
1388 4606 1596 4659 armati
1625 4605 2011 4658 intraverunt.

363 4703 487 4768 Quo
523 4699 822 4773 perterriti
857 4698 1029 4754 alteri
1064 4697 1200 4752 inde
1228 4713 1290 4752 re
1322 4695 1537 4750 infecta
1562 4693 1910 4748 discessere.

433 4795 602 4848 Anno
637 4795 666 4845 '7
700 4795 907 4862 aperta
950 4794 1042 4844 est
1091 4787 1284 4842 Nicma
1333 4782 1643 4840 catholica.
1695 4783 1860 4837 Nona
1911 4783 2008 4838 Se-

364 4880 675 4956 ptembris,
709 4897 840 4952 quas
871 4879 998 4934 dies
1046 4877 1157 4932 fuit
1205 4874 1552 4945 septimana:
1601 4871 1815 4943 prima,
1868 4872 2014 4929 hora
2055 4917 2058 4919 ,

366 4971 598 5044 quinta.
631 4970 924 5026 maximus
956 4967 1099 5023 solis
1132 4964 1397 5020 defectus
1431 4961 1561 5017 fuit.

437 5064 608 5116 Anno
641 5061 673 5114 8
703 5059 1024 5131 septimum
1055 5051 1483 5109 aacumenicum
1539 5049 1862 5107 concilium
1910 5051 2016 5108 Ni-

2122 4613 2220 4664 τοῦ
2279 4601 2568 4674 διαϐόλου,
2635 4606 2726 4660 καί
2796 4605 2933 4678 μετά
2997 4607 3165 4682 ξιφῶν
3257 4603 3608 4662 εἰσελθόντων
3680 4602 3779 4657 σὺν

2123 4699 2275 4767 αὐτῷ
2307 4694 2683 4771 ἐταράχθησαν
2712 4695 2800 4750 καὶ
2834 4693 3192 4769 ὑπέστρεψαν.

2195 4789 2289 4857 Τῷ
2319 4787 2361 4854 ζ“
2400 4783 2504 4840 ἔτει
2554 4783 2792 4863 ἠνοίχθη
2854 4783 2905 4838 ἐν
2967 4782 3168 4855 Νικαίᾳ
3222 4784 3258 4852 ἡ
3315 4780 3582 4851 καθολική
3638 4782 3781 4852 (18).

2123 4878 2202 4948 Τῇ
2262 4871 2319 4930 δὲ
2347 4876 2389 4928 θ’
2415 4879 2515 4930 τοῦ
2574 4868 2976 4947 Σεπτεμϐρίου,
3024 4870 3206 4946 ἡμέρᾳ
3244 4873 3289 4927 α’
3319 4870 3437 4946 ὥρᾳ
3465 4871 3502 4926 ε“
3533 4867 3786 4943 ἔκλειψις

2113 4965 2338 5041 Δγιέγονεν
2367 4963 2531 5034 ἡλίου
2560 4963 2819 5039 μεγίστη.

2197 5058 2285 5125 Τῷ
2344 5051 2402 5110 Si
2468 5054 2519 5125 η’
2576 5048 2706 5121 ἔτει,
2764 5051 3148 5129 παρελθόντων
3232 5049 3338 5107 ἀπὸ
3400 5056 3501 5120 τῆς
3559 5054 3602 5120 ζ’
3655 5069 3787 5103 συν-

1595 5170 1967 5230 XYLANDRI
2006 5175 2092 5235 ΕΤ
2130 5177 2346 5235 GOARI
2385 5177 2611 5235 ΝΟΤᾸΞ.

437 5303 550 5367 (17)
580 5297 894 5354 Indictione
923 5297 976 5350 8.
1007 5293 1092 5348 lta
1123 5290 1358 5367 signum
1385 5286 1534 5344 illud
1590 5287 1686 5342 hic
1734 5287 2020 5367 interpre-

366 5363 477 5430 tor.
511 5371 581 5425 de
617 5387 731 5442 quo
760 5382 974 5442 supra:
1010 5381 1145 5442 n_am
1194 5365 1502 5442 Diaconus‘
1538 5376 1759 5442 annum
1812 5363 2018 5442 prosi-

367 5456 553 5503 mum,
589 5431 706 5511 quo
739 5431 1000 5511 synodus
1026 5436 1289 5511 Byzantii
1322 5438 1548 5490 tentata
1575 5431 1706 5511 fuit,
1744 5432 2020 5511 indicti_o-

369 5456 553 5503 mum,
589 5458 706 5511 quo
739 5453 1000 5510 synoaus
1028 5453 1289 5562 bfzanui
1322 5453 1548 5490 tentata
1575 5453 1706 5494 iuit,
1744 5453 2019 5488 indicun-

369 5527 508 5564 nem
543 5528 751 5566 novam
803 5510 1034 5563 videtur
1102 5507 1304 5579 iquido
1346 5520 1576 5579 vocare,
1626 5504 1664 5558 ι.
1722 5520 1882 5579 _xx1_1_i.
1937 5507 2019 5560 De

368 5581 619 5637 armatis
649 5587 847 5637 autem
871 5595 997 5635 eam
1022 5573 1403 5636 turbantibus
1422 5575 1586 5634 locus
1607 5580 1700 5630 est
1718 5573 1779 5630 in
1809 5577 2018 5633 Nostro

2129 5292 2396 5349 mutilus.
2429 5293 2569 5348 XYL.

2204 5364 2312 5436 (18)
2344 5365 2644 5436 Templum
2677 5368 2819 5436 puto
2852 5363 2990 5432 dici,
3017 5363 3077 5418 in
3097 5361 3255 5436 quod
3273 5361 3695 5436 conveniretur
3713 5377 3786 5416 ac

2132 5432 2424 5506 synodum
2444 5432 2954 5492 célebrahdamJn
2975 5432 3197 5507 templo
3217 5434 3447 5507 SOphiae
3474 5433 3533 5490 id
3556 5432 3788 5489 factum

2131 5515 2262 5562 acta
2295 5509 2424 5586 ejus
2448 5507 2687 5582 docent.
2728 5508 2864 5576 xu.
