4148 6212
305 378 423 444 905

1428 373 1969 439 HISTORIARUM
2011 372 2577 441 OOMPENDIUM.

3598 380 3718 440 906

308 511 438 571 ὁδου
467 511 687 591 χρόνων
745 513 866 589 ρκβ¹
922 514 1008 584 [Ρ.
1068 512 1197 588 471]
1251 511 1469 588 γέγὸνεν
1528 507 1581 567 ἰν
1635 508 1838 583 Νικαίᾳ
1868 511 1953 566 οἱ·

2096 527 2208 567 ιωω
2240 510 2371 583 fuit,
2422 510 2637 584 elapsis
2664 511 2740 569 ad
2770 510 2831 568 id
2859 528 2894 570 a
2923 516 3086 569 sexto
3134 514 3307 571 annis
3352 522 3593 574 centum
3622 517 3714 572 vi-

307 603 606 677 κουμενικὴ
667 604 713 674 ζ’
772 598 997 665 σῐνοδος
1032 645 1048 672 ,
1107 601 1196 657 καί
1264 594 1531 657 ἀπελαϐεν
1586 602 1623 671 ἡ
1678 601 1950 670 καθολική

310 691 613 765 Ἐκκλησία
664 688 755 748 διὰ
833 690 1107 763 Ταρασίου
1171 694 1270 747 τοῦ
1321 689 1625 764 ἀγιωτατου
1689 688 1956 764 πατριάρ-

313 804 420 861 χου
450 786 545 839 τὸν
575 780 811 857 ἆρχαίον
875 780 1083 853 κόσμον
1145 778 1335 850 αὐτῆς,
1396 777 1758 834 συνελθόντων
1784 776 1958 835 Ηατὲ-

318 894 424 947 ρων
458 872 510 930 ἐν
547 871 746 944 Νικαίᾳ
781 870 844 926 τὸ
904 869 1153 945 δεύτερον
1212 869 1306 938 τπδ’,
1369 869 1422 925 οἳ
1476 868 1571 931 τάς
1631 866 1836 930 εἶ’κόνας
1868 867 1962 922 σὺν

313 968 395 1036 τῷ
447 965 661 1036 σταυρῷ
714 957 1050 1035 διορίσαντες
1107 960 1545 1034 προσκυνεῖσθαι,
1598 954 1751 1013 οὐδὲν
1781 956 1966 1012 καινὸν

320 1049 742 1126 δογματίσαντες
798 1048 948 1105 ἀλλᾶ
1021 1068 1079 1104 τε
1132 1052 1239 1103 τῶν
1298 1047 1465 1123 ἆγιων
1526 1047 1615 1103 καὶ
1689 1045 1968 1121 μακαρίων

321 1143 577 1216 Πατὲρων
636 1135 882 1212 δόγματα
936 1137 1207 1194 ἀσάλευτα
1272 1135 1661 1215 φυλάττεσθαι,
1718 1135 1810 1191 καὶ
1866 1136 1966 1203 τὴν

318 1230 439 1285 νὲαν
494 1225 702 1303 α”ρεσιν
759 1226 1199 1300 imane-35mm;
1234 1269 1248 1298 ,
1305 1226 1436 1289 τοὺς
1491 1229 1637 1301 τρεῖς
1691 1220 1972 1300 ψευδωνύ-

327 1339 463 1392 μους
521 1315 869 1393 πατριάρχας
929 1314 1340 1387 ἀνεθεμάτισαν,
1378 1315 1749 1382 Ἀναστάσιον,
1799 1312 1969 1393 φημὶ,

320 1408 410 1464 καὶ
466 1411 867 1462 Κωνσταντῖνον
926 1403 1016 1461 καὶ
1066 1405 1159 1460 τὸν
1210 1406 1454 1476 Νικήταν
1516 1403 1802 1484 εὐνοῦχον.
1842 1402 1971 1459 ’Υπ-

322 1492 520 1575 έργαψε
552 1494 610 1552 δὲ
639 1496 728 1551 καὶ
760 1496 789 1550 ὁ
824 1491 1081 1568 βασιλεὺς
1130 1491 1221 1550 καί
1275 1494 1313 1565 ἠ
1374 1495 1558 1568 μήτηρ
1617 1493 1781 1548 αὖτοῦ
1810 1491 1862 1547 ἐν
1893 1496 1973 1564 τῷ

321 1587 502 1662 τόμῳ,
568 1583 658 1641 καὶ
712 1583 1078 1660 εἴργςνευσενή
1107 1586 1203 1638 τοῦ
1260 1586 1393 1639 θεοῦ
1450 1579 1771 1655 Ἐκκλησία,
1805 1580 1971 1637 εἶκαὶ

327 1679 355 1733 ὁ
396 1674 594 1752 ἐχθρὸς
622 1675 690 1731 τὰ
750 1671 947 1730 ἑαυτυῦ
1005 1671 1216 1744 ζιζάνια
1254 1672 1305 1728 ἐν
1358 1677 1477 1735 τοῖς
1534 1670 1693 1735 ἰδίοις
1724 1670 1972 1749 ἐργάταις

2068 600 2216 673 ginti
2275 599 2526 657 duobus.
2584 604 2864 675 Tuncque
2929 604 3151 660 Tarasii
3210 606 3568 662 sanctissimi
3622 624 3724 679 pa-

2071 690 2345 745 triarchaa
2377 706 2556 763 opera
2583 692 2904 764 pristinum
2941 709 3117 749 suum
3148 700 3424 751 ornatum
3465 698 3713 769 recepit.

2072 780 2488 837 Convenerunt
2544 797 2613 836 eo
2667 782 2870 836 Patres
2917 783 3043 848 350,
3103 783 3204 857 qui
3264 782 3554 855 imagines
3584 802 3723 843 cum

2075 883 2249 923 cruce
2306 867 2638 924 adorandas
2695 873 3051 932 statuerunt,
3106 870 3259 926 nihil
3291 872 3330 926 ii
3364 889 3581 929 novum
3612 874 3723 931 de-

2076 962 2411 1023 cernentes,
2443 957 2548 1012 sed
2573 963 2908 1013 sanctorum
2932 959 3177 1016 Patrum
3208 960 3448 1017 decreta
3476 962 3726 1020 immota

2075 1044 2334 1115 relinqui
2357 1044 2663 1116 jubentes.
2724 1043 2931 1111 Iidem,
2982 1063 3137 1102 nova
3185 1047 3395 1104 hmresi
3427 1050 3724 1120 damnata,

2075 1134 2453 1190 anathemate
2486 1131 2759 1190 detestati
2793 1139 2933 1190 sunt
2983 1141 3101 1191 tres
3160 1136 3307 1192 istos
3362 1137 3512 1195 falso
3543 1141 3728 1211 patri-

2077 1224 2287 1279 archas
2316 1222 2574 1290 habitos,
2614 1224 3018 1294 Anastasium,
3053 1225 3509 1285 Constantinum
3541 1235 3599 1285 et
3629 1230 3729 1286 Ni-

2080 1318 2291 1369 cetam.
2344 1311 2841 1386 Subscripserunt
2892 1314 3053 1370 Actis
3111 1315 3348 1371 concilii
3404 1318 3730 1390 imperator

2082 1408 2390 1476 materque
2418 1403 2565 1477 ejus.
2598 1404 2773 1460 Juxta
2802 1421 2914 1477 pax
2956 1409 3083 1461 tum
3131 1406 3410 1462 Ecclesiae
3464 1409 3566 1464 Dei
3597 1409 3730 1477 fuit,

2082 1495 2318 1550 tametsi
2348 1492 2626 1549 inimicus
2676 1511 2783 1566 per
2829 1511 2968 1551 suos
3018 1496 3325 1551 ministros
3358 1498 3579 1555 zizania
3626 1514 3737 1555 sua

2084 1599 2281 1640 serere
2311 1600 2431 1639 non
2489 1589 2700 1638 cesset.
2735 1584 2930 1640 Vincit
2981 1588 3183 1641 tamen
3229 1601 3466 1661 semper
3494 1586 3597 1643 Dei
3627 1588 3736 1643 Ec—

2091 1672 2273 1728 clesia
2303 1672 2433 1744 ejus
2462 1671 2682 1728 favore.

326 1767 561 1843 σπείρειν
592 1763 654 1820 οὗ
692 1764 938 1820 παύεται.
970 1761 1132 1821 Ἀλλ’
1158 1765 1193 1834 ἡ
1224 1766 1322 1819 τοῦ
1348 1766 1481 1819 Θεοῦ
1513 1761 1809 1834 Ἐκκλησία
1829 1765 1898 1837 τῇ
1928 1760 2095 1817 αὐτοῦ
2123 1760 2314 1840 χάριτι
2346 1758 2563 1823 πάντως
2592 1756 2986 1836 πολεμουμένῃ
3016 1766 3159 1834 νικᾷ.

399 1858 494 1927 Τῷ
523 1856 566 1910 θ’
595 1847 702 1910 ἔτει
733 1850 943 1910 λύσασα
968 1853 1003 1922 ἠ
1041 1848 1259 1929 βασιλὶς
1290 1850 1499 1927 Εἶ’ρήνη
1530 1851 1630 1921 τὴν
1658 1850 1794 1924 πρὸς
1842 1850 1970 1911 τοὺς

2152 1854 2319 1907 Anno
2350 1853 2382 1905 9
2414 1851 2762 1923 imperatrix
2792 1857 2963 1924 pacto
3006 1870 3143 1909 cum
3197 1855 3438 1912 Francis
3478 1854 3733 1912 rescisso

329 1947 617 2021 Φράγγους
670 1941 1015 2019 ωναλλαγήν
1090 1942 1259 2019 ἢγαγε
1342 1941 1512 2016 κόρην
1571 1939 1629 1995 ἐκ
1683 1943 1792 1995 τῶν
1851 1938 1974 2013 Ἀρ-

336 2039 605 2110 μενιακῶν
692 2031 799 2089 ἀπὸ
865 2032 1125 2106 ’ᾼμνείας
1160 2074 1176 2102 ,
1234 2030 1465 2105 ὀνόματι
1528 2034 1778 2106 Μαρῖναν
1813 2072 1828 2099 ,
1885 2029 1976 2083 καὶ

332 2121 538 2198 ἔζευξεν
594 2121 765 2193 αὐτὴν
818 2118 1205 2194 Κωνσταντίνῳ
1260 2116 1341 2193 τῷ
1406 2118 1509 2192 υἱῷ
1548 2116 1715 2190 αὐτῆς
1773 2118 1852 2192 μὴ
1892 2116 1976 2183 θέ-

335 2213 515 2282 λοντι,
544 2211 634 2267 καὶ
666 2209 891 2282 ἐποίησε
917 2207 1046 2274 τοὺς
1083 2208 1319 2285 γάμους.

403 2306 500 2377 Τῷ
535 2302 564 2357 ι’
594 2298 702 2358 ἔτει
754 2298 947 2378 γέγονε
986 2298 1208 2373 σεισμὸς
1246 2292 1648 2378 φοϐερώτατος.
1698 2296 1896 2371 Φθόνῳ
1923 2293 1982 2352 δέ

333 2413 476 2455 τινες
519 2391 811 2470 φερόμενοι
870 2392 977 2445 τῶν
1032 2391 1353 2467 προσφυῶν
1410 2385 1673 2463 Εἰρήνης,
1724 2385 1817 2442 καὶ
1851 2386 1978 2462 βου-

339 2480 568 2556 λόμενοι
600 2480 756 2535 οὗτοι
784 2479 851 2535 τά
896 2478 1194 2559 πράγματα
1244 2472 1493 2547 διοικεῖν,
1524 2470 1850 2541 σςυνὲϐαλον
1882 2476 1983 2546 τὴν

343 2569 555 2646 μητέρα
582 2568 716 2624 κατὰ
743 2571 841 2624 τοῦ
887 2568 1030 2637 υἱοῦ,
1059 2565 1333 2629 πείσαντες
1364 2566 1556 2638 αὐτὴν.
1600 2565 1675 2627 ὡς
1704 2563 1819 2622 Οὐκ
1842 2559 1985 2619 ἔστιν

341 2656 642 2737 ὡρισμένον
670 2657 816 2732 παρά
845 2657 960 2731 Θεῷ
1009 2663 1273 2734 κρατῆσαι
1329 2656 1421 2712 τὸν
1482 2654 1597 2710 υἱὸν
1626 2673 1745 2710 σου’
1781 2654 1848 2724 σὴ
1878 2652 1985 2729 γάρ

341 2749 484 2806 ἐστιν
515 2749 550 2819 ἠ
577 2745 846 2825 βασιλεία.
898 2743 1049 2817 Αὕτη
1119 2744 1200 2816 δε,
1255 2746 1332 2809 ὡς
1385 2745 1479 2802 ἅτε
1514 2745 1673 2822 γυνὴ,
1714 2744 1984 2816 ἐξαπατη-

340 2842 513 2901 θεῖσα,
545 2838 845 2911 στὲργουσα
876 2832 933 2891 δὲ
961 2834 1051 2891 καὶ
1102 2836 1166 2891 τὸ
1228 2833 1522 2913 φίλαρχον,
1576 2828 1881 2903 ἐϐεϐαιώθη
1906 2833 1987 2903 τῷ

340 2930 427 2984 νοῒ
458 2925 633 2993 οὕτως
670 2926 828 2983 εἶναι.
863 2926 925 2985 Ὀ
961 2931 1089 3002 γοῦν
1126 2922 1381 3001 βασιλεὺς
1446 2923 1760 2991 εἶκοσαετής
1791 2917 1865 2977 ὥν
1895 2920 1988 2976 καὶ

344 3016 786 3095 ῥωμαλεώτατος
844 3015 983 3070 πάνυ
1037 3012 1127 3069 καὶ
1183 3014 1362 3077 ἱκανὸς
1440 3011 1493 3068 ἐν
1546 3018 1662 3075 τοῖς
1715 3009 1987 3085 πολέμοις

342 3105 597 3163 ἐλυπεῖτο
642 3101 874 3179 μηδενὸς
927 3102 1251 3174 ἐξουσιάζων
1297 3101 1389 3157 καὶ
1446 3097 1677 3175 ἐμελέτα
1730 3099 1868 3156 κατά
1888 3106 1988 3170 τῆς

2085 1955 2155 1995 ex
2186 1939 2466 1995 Armenia
2495 1940 2568 1996 ab
2606 1942 2827 1997 Amnea
2856 1941 3117 2014 puellam
3166 1945 3407 2003 nomine
3451 1945 3735 2001 Marinam

2085 2027 2252 2084 duxit
2281 2027 2523 2101 filioque
2555 2045 2661 2085 suo
2693 2031 3104 2103 Constantino,
3136 2032 3276 2089 licet
3306 2034 3512 2103 invito,
3564 2050 3738 2107 copu-

2084 2117 2245 2187 lavit,
2280 2122 2340 2174 et
2368 2117 2608 2191 nuptias
2638 2118 2915 2177 confecit.

2157 2297 2328 2352 Anno
2362 2300 2428 2352 10
2454 2302 2629 2353 terrae
2658 2303 2856 2354 motus
2881 2298 2994 2355 fuit
3039 2300 3256 2373 oppido
3307 2303 3608 2361 terribilis.
3645 2303 3742 2360 In-

2086 2387 2262 2443 terim
2291 2385 2536 2457 quidam
2567 2384 2640 2441 de
2668 2385 2878 2442 amicis
2910 2388 3098 2445 Irenaa
3129 2390 3354 2446 invidia
3384 2391 3568 2459 ducti,
3600 2396 3747 2448 etut

2089 2476 2200 2532 sibi
2223 2492 2421 2531 rerum
2438 2475 3023 2533 administrationem
3045 2478 3436 2550 vindicarent,
3460 2481 3616 2540 824
3637 2498 3745 2538 ma-

2089 2570 2240 2621 trem
2263 2581 2398 2620 cum
2432 2563 2554 2620 ﬁlio
2601 2565 3006 2635 committunt,
3063 2569 3493 2640 persuadentes
3552 2572 3742 2629 lrenm

2088 2653 2409 2726 Imperium
2429 2653 2616 2726 ipsius
2634 2655 2944 2727 proprium
2968 2673 3118 2719 esse,
3139 2674 3337 2730 neque
3357 2658 3417 2714 id
3436 2659 3608 2717 tllioa
3622 2662 3741 2717 Deo

2090 2743 2472 2800 destinatum.
2497 2744 2621 2809 Quo
2652 2742 2787 2799 dolo
2820 2745 2945 2811 ilia,
2975 2751 3179 2819 utpote
3212 2748 3449 2817 mulier,
3473 2750 3740 2822 decepta,

2092 2832 2414 2905 cupiditate
2447 2833 2627 2891 etiam
2658 2833 2997 2906 imperandi
3044 2835 3313 2909 alioquin
3344 2845 3610 2912 urgente,
3662 2839 3745 2896 ita

2092 2938 2220 2978 rem
2252 2920 2470 2977 habere
2504 2920 2659 2993 apud
2690 2922 2959 2979 animum
2992 2940 3162 2981 suum
3197 2943 3301 2998 pro
3327 2933 3488 2983 certo
3519 2927 3744 2985 statuit.

2092 3016 2168 3068 At
2206 3010 2534 3082 imperator
2563 3026 2788 3067 annum
2814 3013 2943 3082 jam
2974 3030 3155 3087 agens
3203 3015 3574 3088 vigesimum,
3605 3017 3747 3073 viri-

2098 3100 2328 3173 busque
2355 3100 2795 3156 vaientissimus
2838 3106 2897 3156 et
2925 3102 2999 3157 ad
3032 3102 3188 3160 bella
3219 3103 3492 3171 idoneus,
3524 3106 3751 3163 nullius

347 3195 556 3271 μητρὸς
588 3195 776 3251 αὐτοῦ.
810 3195 872 3250 Ἦ
905 3190 962 3248 δὲ
988 3196 1150 3247 τοῦτο
1185 3195 1429 3266 μαθοῦσα
1493 3190 1639 3266 παρὰ
1682 3192 1780 3245 τοῦ
1813 3195 1986 3244 Σταυ-

2100 3207 2162 3246 se
2186 3189 2271 3246 rei
2291 3194 2647 3273 potestatem
2671 3189 2890 3245 habere
2915 3191 3157 3273 indigne
3188 3192 3433 3257 ferebat,
3460 3200 3518 3251 et
3543 3202 3750 3253 contra

348 3285 561 3362 ρακίου,
616 3283 751 3346 τοὺς
809 3283 905 3359 μὲν
952 3281 1183 3345 οἰκείους
1235 3280 1551 3356 ἀνθρώπους
1581 3280 1748 3337 αὐτοῦ
1786 3280 1987 3343 πάντας

342 3377 557 3452 τύψασα
613 3373 860 3445 ἐξώρισε,
908 3373 1000 3428 τὸν
1032 3369 1091 3428 δὲ
1122 3371 1419 3447 μάγιστρον
1454 3370 1544 3428 καὶ
1577 3369 1857 3447 Θεόδωρον
1884 3392 1989 3428 παι

343 3466 554 3542 τρίκιον
584 3464 677 3520 τὸν
710 3461 1092 3536 Καμουλιανὸν
1124 3461 1212 3517 καὶ
1252 3460 1467 3537 ἐτέρους
1492 3464 1601 3516 τῶν
1648 3459 1700 3516 ἐν
1730 3459 1877 3517 τέλει
1910 3458 1994 3532 ἐξ·

347 3553 539 3629 ώρισεν
568 3552 620 3608 ἐν
644 3549 959 3627 Καϊστορίᾳ.
992 3551 1095 3608 Τὸν
1117 3547 1175 3605 δὲ
1200 3549 1316 3605 υἱὸν
1335 3550 1505 3618 αὐτῆς
1520 3546 1705 3605 πολλὰ
1737 3545 1995 3624 Αοιδορτς-

349 3664 485 3698 σασα
515 3643 776 3718 ἀπρόϊτον
816 3638 1074 3712 ¹ἐποίησεν
1106 3639 1189 3721 ἐφ’
1217 3639 1429 3715 ἡμέρας
1463 3637 1668 3702 ῗκανάς.
1728 3639 1904 3693 Πάντα
1935 3635 1992 3693 δὲ

348 3734 439 3789 τὸν
468 3732 694 3808 στρατὸν
724 3731 814 3787 καὶ
862 3729 1062 3792 πάντάς
1091 3729 1219 3794 τοὺς
1249 3727 1300 3784 ἐν
1330 3729 1479 3784 τέΛει
1532 3728 1730 3802 ὀμόσαι
1760 3727 1997 3799 πεποίη-

346 3843 455 3892 κεν,
485 3822 571 3877 ’ὁτι
602 3822 749 3883 Ἕως
777 3816 839 3874 οὗ
871 3822 992 3894 ζῇς,
1025 3818 1087 3874 οὗ
1144 3815 1544 3892 καταδεξόμεθα
1600 3817 1691 3874 τὸν
1752 3817 1867 3872 υἱόν
1900 3837 1997 3873 σου

349 3917 637 3981 κοατῆσαι.
674 3908 1031 3986 Ἀρμενιακοὶ
1058 3905 1117 3964 δὲ
1151 3906 1310 3982 μόνοι
1340 3911 1500 3964 τοῦτο
1526 3905 1590 3963 οὐ
1619 3904 1995 3978 κατεδέξαντο,

353 3996 501 4054 ἀλλά
530 4001 941 4055 Κωνσταντῖνον
1003 3995 1095 4052 καὶ
1154 3994 1391 4069 Εἰρήνην
1425 3995 1500 4058 ὡς
1532 3993 1582 4069 ἐξ
1614 3996 1797 4071 ἀρχῆς
1834 3994 2001 4072 εὖφή-

355 4107 521 4161 μουν,
579 4090 677 4143 τοῦ
735 4080 1007 4141 διαϐόλου
1079 4085 1179 4153 τήν
1236 4083 1492 4154 τοιαύτην
1576 4081 1854 4160 ἐπιορκίαν
1906 4083 1998 4140 καὶ

349 4177 572 4253 ἄρνησιν
630 4170 1047 4238 ὑποϐάλλοντος
1101 4178 1217 4237 τοῖς
1257 4173 1582 4249 ἀνθρώποις.
1624 4172 1998 4250 Συναχθὲντες

349 4265 408 4323 δὲ
445 4268 498 4323 οἱ
530 4266 815 4340 θεματικοὶ
858 4262 911 4320 ἐν
960 4267 1040 4335 τῷ
1099 4262 1315 4338 Ἀτρώᾳ
1344 4261 1536 4326 πάντες
1592 4266 1751 4337 κοινῇ
1797 4263 1997 4339 γνώμῃ

349 4356 624 4428 ἐζήτησαν
672 4358 1086 4411 Κωνσταντῖνον
1164 4351 1414 4429 βασιλέα.
1485 4346 1800 4424 Φοϐηθεῖσα
1848 4349 1905 4409 δὲ
1961 4355 1997 4423 ἡ

345 4445 557 4520 Εἶρηνη
585 4444 648 4499 τὸ
681 4443 916 4520 ὅρμημα
963 4446 1062 4499 τοῦ
1129 4440 1287 4511 λαοῦ,
1349 4440 1618 4497 ἀπέλυσεν
1673 4440 1859 4501 αὐτόν,
1895 4442 2000 4500 Καὶ

347 4533 507 4590 αὐτοὶ
567 4534 660 4609 μὶν
720 4533 820 4603 τὴν
881 4528 1092 4608 μητέρα
1152 4530 1354 4587 τούτου
1410 4529 1774 4605 ἀπεκήρυξαν,
1810 4536 1903 4587 τὸν
1936 4527 1995 4586 δὲ

348 4625 756 4680 Κωνσταντῖνον
816 4619 1187 4697 αὐτοκράτορα
1239 4621 1588 4699 εὐφήμησαν.
1632 4620 1905 4678 Εἰσελθὼν
1935 4619 1993 4677 δὲ

350 4714 379 4768 ὁ
414 4708 666 4786 βασιλεὺς
699 4710 751 4766 ἐν
777 4713 848 4785 τῇ
895 4707 1055 4765 πόλει
1111 4709 1314 4772 πάντας
1370 4711 1497 4772 τοὺς
1557 4708 1864 4772 οἷκειακοὺς
1894 4715 1992 4767 τοῦ

349 4801 556 4878 πατρὸς
585 4802 699 4873 (19)
730 4798 923 4867 αὐτοῦ,
952 4797 1099 4855 ἀλλὰ
1154 4799 1245 4856 καὶ
1301 4800 1393 4857 τὸν
1454 4801 1790 4875 Σταυράκιον
1822 4798 2000 4878 δείρας

347 4889 439 4948 καὶ
468 4888 763 4967 κουρεῦσας
818 4887 1061 4964 ἔξώρισε,
1118 4890 1200 4963 [Ρο
1259 4892 1387 4965 472]
1426 4890 1526 4959 τήν
1577 4887 1635 4946 δὲ
1667 4889 1877 4967 μητερα
1906 4888 2004 4946 αὐ-

346 4984 447 5038 τοῦ
483 4977 620 5055 μετὰ
647 4984 748 5049 τῆς
802 4977 1059 5043 ἀπαθείας
1120 4976 1285 5050 αὐτῆς
1340 4978 1582 5035 ἐκάθισεν
1638 4977 1690 5035 ἐν
1717 4984 1797 5054 τῷ
1824 4976 2005 5035 παλα-

344 5071 452 5145 τίφ
502 5073 614 5126 τῶν
648 5065 1021 5139 Ἐλευθερίου,
1061 5067 1091 5124 ὃ
1139 5068 1277 5139 αὖτή
1320 5065 1699 5143 ᾠκοδόμησεν,
1756 5071 1811 5126 ἓν
1867 5069 1913 5141 ᾧ
1942 5067 2009 5124 τὰ

348 5158 583 5217 πλεῖστα
639 5160 903 5235 χρήματα
960 5156 1313 5233 κατέκρυψεν.
1375 5158 1622 5234 Ἐγένετο
1674 5155 1733 5215 δὶ
1789 5156 2009 5235 ἐμπρη-

351 5249 512 5322 σμὸς,
552 5249 645 5304 καὶ
701 5246 901 5318 ἐκαύθη
936 5245 967 5303 ὅ
988 5267 1050 5303 τε
1074 5245 1353 5321 τρίκλινος
1384 5250 1485 5302 τοῦ
1516 5246 1937 5325 πατριαρχείου,
1977 5248 2007 5304 ὁ

353 5336 657 5417 λεγόμενος
696 5338 1014 5409 Θωμαὶτης.
1043 5335 1136 5391 καὶ
1159 5337 1214 5391 αἱ
1247 5335 1508 5392 ὑποκάτω
1539 5335 1706 5393 αὐτοῦ
1743 5337 2009 5412 καμάραι,

353 5422 477 5487 ἔνθα
533 5428 785 5486 ἀπέκειτο
827 5428 895 5483 τὰ
963 5423 1141 5502 σχέδη
1201 5426 1379 5497 πάσης
1436 5431 1683 5506 Γραιρῆς,
1743 5425 1774 5481 ἃ
1812 5427 2010 5501 ἡρμή-

2101 3285 2351 3335 matrem
2383 3295 2554 3335 suam
2594 3279 2725 3352 jam
2760 3279 3032 3351 quaedam
3074 3283 3546 3341 machinabatur.
3580 3285 3747 3352 Quod

2097 3385 2231 3425 cum
2265 3384 2335 3425 ex
2366 3367 2668 3425 Stauracio
2725 3367 3124 3427 intellexisset
3150 3372 3342 3439 Irene,
3383 3373 3744 3431 domesticos

2096 3458 2204 3514 ﬂlii
2234 3473 2443 3514 omnes
2473 3456 2816 3514 verberibus
2861 3459 3146 3517 multatos
3201 3461 3519 3535 relegavit;
3550 3464 3745 3538 magi-

2097 3554 2287 3605 strum
2321 3552 2379 3602 et
2406 3546 2779 3603 Theodorum
2810 3548 3126 3620 patricium
3144 3552 3555 3610 Camulianum
3578 3554 3746 3611 alios-

2100 3653 2214 3709 que
2231 3651 2506 3709 proceres
2518 3635 2905 3701 Queestoriam
2919 3637 3269 3710 deportavit.
3288 3642 3496 3699 Filium
3509 3661 3747 3716 quoque

2099 3725 2317 3783 acriter
2336 3724 2616 3780 conviciis
2643 3724 2936 3782 insectata
2964 3727 3297 3800 complures
3315 3729 3443 3787 dies
3466 3731 3529 3787 in
3558 3733 3750 3805 publi-

2100 3831 2236 3873 cum
2267 3812 2503 3887 prodire
2532 3813 2734 3869 vetuit.
2765 3815 3110 3873 Juramento
3143 3834 3379 3889 quoque
3426 3821 3750 3877 exercitum

2103 3912 2163 3964 et
2191 3911 2464 3963 senatum
2494 3903 2830 3971 obstrinxit,
2858 3922 2961 3962 eos
2992 3906 3122 3980 ipsa
3152 3907 3379 3966 vivente
3420 3908 3542 3966 ﬁlio
3568 3911 3752 3984 impe-

2100 3999 2257 4053 rium
2295 4013 2416 4053 non
2474 3994 2798 4052 delaturos.
2851 3996 2970 4052 Soli
3027 4000 3369 4057 Armeniaci
3431 4000 3651 4058 milites
3690 4001 3751 4057 id

2102 4091 2471 4144 recusarunt.
2489 4085 2939 4142 Constaatinum
2958 4093 3017 4143 et
3032 4089 3290 4158 Irenam,
3314 4090 3471 4149 sicut
3482 4090 3555 4147 ab
3576 4091 3749 4147 initio

2103 4178 2493 4250 imperatores
2531 4175 2880 4245 salutantes,
2912 4175 3071 4248 quod
3102 4184 3161 4233 et
3188 4176 3433 4250 reliquas
3489 4180 3753 4253 legiones

2103 4271 2243 4323 sunt
2257 4263 2813 4329 aemulatm,diabolo
2835 4265 2961 4321 haec
2975 4266 3307 4338 perjuriaet
3328 4267 3757 4339 abnegationes

2104 4352 2446 4411 hominibus
2499 4358 2869 4426 suggerente.
2926 4355 3146 4411 Omnes
3169 4355 3347 4430 igitur
3376 4357 3640 4431 legiones
3690 4358 3755 4418 in

2103 4445 2344 4500 Atroam
2393 4449 2757 4516 congregatae
2787 4459 2906 4499 uno
2954 4461 3252 4504 consensu
3297 4448 3753 4507 Constantinum

2109 4534 2530 4605 imperatorem
2552 4532 3011 4604 requisiverunt.
3035 4536 3239 4609 Itaque
3261 4544 3532 4597 metuens
3554 4539 3756 4597 multi-

2114 4622 2339 4678 tudinis
2370 4621 2659 4694 impctum
2688 4622 2882 4693 Irena,
2920 4623 3109 4682 illium
3150 4625 3417 4695 dimisit;
3462 4644 3642 4699 quem
3671 4625 3759 4684 illi

2115 4711 2314 4767 statim
2345 4710 2553 4767 faustis
2582 4709 3077 4769 acclamatinibus
3108 4713 3529 4788 imperatorem
3549 4713 3763 4770 saluta-

2109 4807 2270 4866 runt,
2294 4801 2574 4874 abrogato
2600 4802 2788 4858 lrenae
2819 4802 3094 4875 imperio.
3126 4805 3549 4861 Constantinus
3569 4804 3765 4876 impe-

2108 4895 2272 4948 rator
2287 4891 2349 4946 in
2368 4890 2579 4946 urbem
2600 4891 2834 4947 intrans
2853 4908 3062 4948 omnes
3083 4893 3267 4964 patris
3290 4893 3382 4949 sui
3404 4892 3764 4950 domesticos

2110 4986 2288 5053 atque
2344 4979 2544 5053 ipsum
2590 4979 2961 5037 Stauracium
3007 4980 3347 5039 verberatos
3388 4986 3570 5054 atque
3600 4998 3767 5039 rasos

2111 5068 2476 5141 deportavit;
2524 5073 2780 5124 matrem
2838 5067 2900 5124 in
2953 5067 3104 5127 825
3162 5070 3382 5142 palatio
3415 5070 3764 5140 Eleutherii,

2113 5160 2275 5232 quod
2302 5159 2432 5231 ipsa
2474 5162 2864 5223 exstruxerat,
2896 5159 3213 5217 securitate
3259 5161 3398 5218 data
3435 5161 3768 5231 collocavit,

2114 5265 2231 5320 quo
2262 5253 2323 5303 et
2346 5246 2674 5319 plurimum
2705 5261 2775 5302 ea
2797 5246 2925 5302 auri
2960 5246 3209 5305 abdidit.
3242 5251 3594 5307 Incendium
3618 5267 3767 5324 quo-

2114 5353 2230 5409 que
2254 5335 2582 5391 triclinium
2606 5334 2959 5405 patriarchas
2985 5337 3221 5404 domus,
3244 5341 3401 5411 quod
3432 5340 3770 5398 Thomaites

2119 5423 2556 5498 appellabatur,
2584 5429 2645 5479 et
2673 5422 2729 5478 ei
2762 5425 3062 5499 subjectae
3108 5443 3376 5489 cameras
3415 5430 3774 5507 absumpsit,

1572 5548 1939 5616 XYLANDRI
1976 5554 2064 5614 ET
2101 5551 2315 5611 GOABI
2354 5548 2576 5606 NOTAE.

434 5685 550 5762 (19)
576 5676 1063 5746 Mallem‘matris.
1092 5682 1277 5744 Atroa
1304 5683 1724 5752 et‘Quas‘tcria
1750 5682 1853 5761 qui
1882 5684 1997 5747 loci
2028 5682 2169 5752 sint,
2196 5674 2541 5737 videndum.
2570 5677 2717 5738 XYL.

648 5792 923 5867 ΡΑτιιοι.
971 5806 1087 5866 Gn.
1134 5802 1344 5869 CXXI.
