4148 6212
436 348 558 414 907

443 483 547 541 ubi
579 482 856 555 repositis
888 483 1059 537 erant
1114 476 1347 535 schedaa
1393 448 1688 532 universae
1746 476 2087 547 Scriptum,

1755 339 2068 407 GEORGII
2110 341 2461 407 GEDRENI

3729 341 3853 405 908

2199 492 2382 528 νευσεν
2440 473 2469 529 6
2508 470 2662 548 ἅγιος
2723 472 2979 543 ’Ῐωάννης
3017 472 3046 528 6
3076 468 3492 548 Χρυσόπομος.
3551 472 3650 528 Καὶ
3683 468 3852 541 διῆλ-

448 572 665 644 quibus
696 587 826 628 eam
866 575 1107 626 sanctus
1135 568 1393 623 Joannes
1418 567 1869 638 Chrysostomus
1901 564 2069 620 fuere

2200 572 2288 626 θεν
2319 564 2354 632 ἡ
2386 561 2521 642 φλοξ
2552 559 2658 627 ἕως
2708 566 2806 619 τοῦ
2866 561 3056 636 μιλὶου
3116 562 3206 617 καὶ
3271 566 3370 617 τοῦ
3424 562 3851 637 κοιαιστωρείου

442 661 1343 732 interpretatus;grassatumque
1361 660 1658 727 estusque
1679 653 1749 710 ad
1767 654 2088 710 miliarium

445 755 506 805 et
535 749 943 821 qumstorium,
975 746 1252 802 omnibus
1274 762 1406 817 qum
1436 745 1495 800 in
1531 744 1725 800 medio
1758 749 1927 800 erant
1949 760 2093 799 exu-

441 839 566 895 stis.
606 839 932 910 lmperator
947 853 1122 909 porro
1144 835 1517 908 expeditione
1542 835 1603 889 in
1628 833 1906 905 Bulgaros
1937 833 2091 889 facta

436 927 622 984 victor
644 925 837 983 rediit.
869 927 1115 981 Tarsum
1137 941 1373 996 quoque
1401 939 1612 991 magno
1635 939 1790 978 cmm
1823 923 2088 979 exercitu

436 1018 718 1074 adversus
749 1015 971 1072 Arabas
1001 1015 1305 1087 profectus
1360 1014 1563 1069 multis
1594 1014 1781 1085 captis
1810 1029 2086 1068 reversus

435 1111 546 1163 est.
581 1106 745 1161 Matri
794 1122 952 1173 vero,
1015 1105 1145 1176 ejus
1195 1103 1608 1176 desperatione
1661 1108 1720 1157 et
1761 1103 2083 1158 multorum

435 1212 807 1254 summorum
838 1195 1098 1250 virorum
1129 1193 1556 1249 intercessione
1590 1198 1808 1255 motus,
1834 1192 2086 1263 impera-

439 1286 652 1342 teriam
686 1285 1034 1358 dignitatem
1085 1283 1364 1341 reddidit.
1412 1299 1663 1354 eamque
1692 1289 1760 1338 ut
1806 1282 1879 1337 ab
1912 1281 2082 1337 initio

434 1375 877 1447 imperatricem
935 1373 1181 1429 salutari
1223 1373 1445 1445 jussit;
1499 1372 1593 1427 cui
1651 1371 1931 1427 mandato
1972 1371 2083 1427 soli

434 1466 771 1523 Armeniaci
810 1466 1092 1538 refragati
1143 1471 1304 1528 sunt,
1363 1469 1422 1519 et
1479 1463 1750 1519 Alexium
1800 1462 2079 1519 Mosolem

436 1557 932 1628 depoposcerunt.
960 1555 1143 1620 Quem
1172 1554 1282 1610 hac
1313 1553 1387 1609 de
1418 1570 1617 1619 causa,
1657 1570 1727 1609 ac
1756 1553 1897 1624 quia
1943 1568 2080 1608 eum

435 1644 677 1717 quidam
697 1643 969 1700 ferebant
997 1643 1248 1715 imperio
1281 1643 1627 1715 potiturum,
1660 1642 2079 1698 Constantinus

433 1733 811 1790 verberatum
842 1749 910 1789 ac
941 1749 1140 1789 rasum
1170 1733 1234 1788 in
1261 1732 1590 1788 custodiam
1624 1731 1809 1788 dedit.

2197 650 2510 733 τανταχόσε
2566 650 2957 725 ἐπινεμομένη,
3014 649 3119 714 ἓως
3177 651 3239 706 οὗ
3297 650 3471 706 πάντα
3498 649 3850 708 κατέκαυσεν.

2191 740 2254 797 Ὁ
2294 737 2350 796 δὲ
2385 740 2641 817 βασιλεὺς
2672 740 2867 813 ἐξῆλθε
2916 741 3053 797 κατᾶ
3112 739 3465 815 Βουλγὰίρων,
3493 756 3582 794 και
3617 741 3855 804 τούτους

2193 831 2420 900 νικησάς
2477 832 2822 906 ὑπέστρεψεν.
2875 830 3149 892 Ὡσαύτως
3204 832 3294 886 καὶ
3352 831 3405 887 ἐν
3466 834 3660 906 Ταρσῷ
3714 834 3856 904 μετᾶ

2193 925 2426 997 στρατοῦ
2485 918 2702 977 πολλοῦ
2750 920 2964 991 ἀπῆλθε
3019 922 3157 976 κτιιτᾶ⁵
3208 915 3481 995 Ἀράϐων,
3513 919 3605 977 καὶ
3661 921 3852 997 α’χμ-

2191 1008 2468 1072 αλωτίσας
2533 1008 2779 1072 πολλοὺς
2864 1011 3180 1083 ὑπέστρεψε.
3272 1007 3656 1083 Παρακληθεές
3699 1008 3764 1065 δὲ
3822 1012 3851 1065 6

2198 1096 2454 1175 βασιλεὺς
2499 1100 2601 1155 ὑπὸ
2630 1107 2732 1168 τῆς
2790 1097 2931 1163 ἰδίας
2988 1099 3202 1174 μητρὸς
3257 1098 3347 1154 καὶ
3381 1098 3604 1155 πολλῶν
3632 1104 3753 1155 τῶν
3794 1098 3847 1155 ἐν

2188 1186 2335 1244 τέλει
2367 1189 2520 1251 αὖθις
2550 1188 2866 1266 ἀναγορεύει
2922 1188 3118 1259 αὖτὴν,
3184 1188 3273 1244 καὶ
3330 1188 3691 1266 εὖφημεῖσθαι
3730 1194 3851 1259 (20)

2190 1280 2264 1340 ὡς
2297 1279 2348 1350 ἐξ
2380 1280 2560 1355 ἀρχῆς
2588 1277 2987 1335 διεκελεύσατον
3013 1279 3232 1337 Πάντων
3268 1276 3327 1334 δὲ
3381 1281 3844 1355 πειθαρχούντων

2191 1367 2351 1442 μόνοι
2391 1370 2444 1423 οἱ
2501 1370 2855 1443 ’Λρμενιακοέ
2911 1369 3278 1438 στασιάζουσι,
3336 1370 3426 1424 καὶ
3482 1369 3849 1440 ἐπιζητοῦσιν

2188 1455 2434 1530 Ἀλέξιον
2463 1457 2554 1513 τὸν
2610 1456 2874 1527 Μωσηλὲ.
2925 1461 3124 1513 Τοῦτον
3184 1462 3276 1513 οὖν
3340 1458 3431 1513 καὶ
3490 1456 3579 1514 διὰ
3634 1459 3849 1529 ταύτην

2184 1550 2284 1616 τήν
2316 1551 2564 1620 ζήτησιν.
2594 1549 2684 1605 καὶ
2720 1546 2810 1605 διὰ
2863 1549 2927 1604 τὸ
2958 1547 3138 1624 λέγειν
3190 1549 3346 1610 τινὰς
3393 1549 3469 1614 ὡς
3501 1547 3693 1623 μὲλλει
3734 1551 3847 1627 βαο

2185 1635 2440 1709 σιλεύειν,
2471 1634 2652 1714 δείρας
2693 1639 2783 1694 καὶ
2809 1638 3104 1714 κουρεῦσας
3132 1636 3445 1716 ἑφυλάκισε.

503 1824 674 1879 Anno
704 1826 738 1878 2
758 1823 822 1878 in
853 1822 1134 1895 Bulgaros
1165 1821 1489 1877 exercitum
1520 1820 1744 1877 ducens
1773 1819 2069 1877 Cardamaa

2252 1820 2344 1891 Τῷ
2396 1818 2430 1895 β
2488 1838 2594 1874 ετει
2651 1815 3019 1893 ὶπιστρατεῦει
3101 1816 3239 1873 κατὰ
3289 1815 3626 1894 Βουλγᾶρῶν
3663 1860 3679 1887 ,
3742 1818 3846 1874 καὶ

435 1928 636 1969 corem
665 1912 908 1968 domino
938 1911 1198 1967 occurrit
1226 1931 1241 1977 ;
1267 1911 1609 1981 amissoque
1657 1910 1917 1965 militum
1946 1926 2076 1966 ma-

433 2017 548 2073 gno
580 2016 831 2056 numero
861 2004 920 2056 et
947 1999 1152 2055 multis
1196 1998 1446 2054 ducibus
1494 1999 1743 2070 ipsaque
1773 1999 1953 2055 etiam
1984 2015 2077 2055 co-

429 2090 601 2146 horte
633 2096 694 2146 et
721 2088 999 2146 omnibus
1028 2088 1473 2160 impedimentis
1502 2094 1680 2158 atque
1711 2088 1901 2159 equis,
1925 2104 2075 2161 mgre

431 2178 570 2254 fuga
594 2179 657 2234 in
678 2178 885 2235 urbem
906 2178 1144 2252 elapsus
1165 2184 1274 2234 est.
1299 2178 1519 2233 Eodem
1541 2194 1747 2233 mense
1762 2178 2077 2234 calumniis

435 2267 832 2340 quorumdam
863 2267 1153 2324 adductus
1175 2267 1352 2323 exivit
1399 2267 1461 2321 in
1510 2267 1700 2323 aedem
1731 2267 1928 2323 Sancti
1960 2269 2074 2323 Ma-

436 2357 679 2424 mantis,
712 2357 915 2428 ibique
940 2356 1336 2428 Nicephorum
1369 2361 1426 2411 et
1455 2356 1943 2429 Christophorum
1969 2372 2074 2427 pa-

434 2453 601 2504 truos
621 2463 760 2503 suos
781 2450 1056 2502 excaecat.
1079 2445 1274 2501 Alium
1303 2446 1792 2517 Christophorum
1813 2446 2074 2501 Nicetam

437 2538 789 2595 Anthimum
822 2544 882 2593 et
899 2536 1287 2593 Eudocimum
1311 2536 1528 2610 linguis
1540 2536 1695 2594 826
1708 2537 1921 2593 excisis
1942 2553 2071 2592 mu-

425 2626 560 2683 tilat
587 2644 603 2694 ;
639 2626 843 2682 Alexio
873 2643 1131 2698 quoquaa
1162 2626 1396 2682 Mosolaa
1427 2627 1632 2683 oculos
1663 2627 1839 2683 eruit.
1870 2628 2070 2698 Neque

426 2717 528 2774 diu
550 2717 765 2773 horum
788 2716 1079 2772 ultionem
1099 2715 1202 2772 Dei
1217 2715 1454 2787 justitia
1471 2716 1721 2772 distulit.
1739 2718 1873 2772 Post
1897 2716 2075 2788 quin-

427 2808 760 2879 quennium
784 2806 947 2862 enim
972 2806 1182 2861 eodem
1228 2822 1435 2861 mense
1468 2822 1536 2862 ac
1588 2806 1686 2862 die
1737 2807 1864 2879 ipse
1893 2806 2073 2862 etiam

426 2897 849 2954 Constantinus
877 2895 1066 2953 oculis
1088 2896 1349 2969 privatus
1377 2901 1485 2952 est.
1520 2897 1887 2953 Armeniacis
1915 2896 2071 2954 bello

428 2986 712 3055 subactis,
736 2986 809 3043 de
842 3002 1047 3042 eorum
1069 2985 1318 3042 ducibus
1348 3002 1552 3058 pmnas
1581 2986 1853 3059 sumpsit,
1887 2986 2072 3058 nigris

425 3076 584 3133 notis
634 3076 809 3134 faciei
857 3075 1148 3147 cujusque
1202 3075 1531 3147 impressis,
1563 3092 1696 3147 quas
1728 3082 1933 3132 erant:
1967 3080 2069 3131 Ar-

2186 1908 2513 1977 συναντήσας
2551 1904 2817 1983 Καρδάμῃ
2875 1910 2957 1978 τῷ
3004 1905 3178 1980 κυρίῳ
3235 1904 3587 1982 Βουλγὰρων,
3616 1905 3845 1977 πλῆθος

2185 1994 2322 2052 λαοῦ
2362 1996 2453 2051 καὶ
2505 1995 2789 2073 ἀρχόντων
2846 1990 3143 2052 ἀποϐαλὼν
3212 1996 3304 2051 καὶ
3331 1997 3431 2064 τήν
3484 1996 3687 2071 κόρτην
3719 2000 3843 2067 (21)

2182 2082 2274 2140 καὶ
2317 2089 2488 2140 πᾶσαν
2540 2087 2642 2154 τήν
2701 2086 3003 2160 ὑπουργίαν
3049 2084 3139 2141 καὶ
3195 2085 3323 2149 τοὺς
3374 2086 3603 2154 ἵππους,
3666 2085 3842 2160 μόλις

2183 2172 2347 2237 αὐτὸς
2404 2172 2682 2254 διαφυγὼν
2748 2174 2995 2244 εἰσῆλθεν
3050 2172 3105 2230 ἐν
3153 2178 3223 2247 τῇ
3270 2173 3452 2230 πόλει.
3487 2179 3575 2247 Τῷ
3606 2173 3655 2228 δ’
3682 2175 3840 2247 αὐτῷ

2198 2263 2329 2336 μηνὶ
2386 2262 2448 2320 ἐκ
2501 2265 2862 2337 συκοφαντίας
2903 2268 3070 2319 τινῶν
3128 2261 3358 2336 ἐξελθὼν
3392 2265 3421 2320 6
3452 2262 3711 2334 βασιλεὺς
3774 2264 3829 2320 ἐν

2185 2356 2265 2423 τῷ
2292 2354 2470 2427 Ἀγῑῳ
2504 2352 2750 2425 Μάμαντι
2797 2351 3064 2432 ἕκτος)λοῖ
3121 2353 3436 2431 Νικηφόρον
3484 2353 3573 2407 καὶ
3605 2354 3839 2428 Χριστο‹

2184 2440 2350 2519 φόρον
2408 2443 2537 2506 τοὺς
2592 2442 2768 2507 θείους
2815 2440 3004 2505 αὐτοῦ.
3061 2440 3213 2504 υἱοὺς
3267 2443 3675 2499 Κωνσταντίνου
3732 2447 3836 2499 τοῦ

2183 2533 2409 2585 πάππου
2439 2529 2626 2589 αὐτοῦ.
2670 2531 3048 2607 Χριστοφόρον
3107 2527 3164 2587 δί
3218 2530 3390 2587 ἄλλον
3440 2530 3530 2587 καί
3560 2533 3833 2602 Νικήταν,

2182 2623 2443 2695 ’Δνθιμον
2497 2623 2589 2679 καὶ
2636 2620 2946 2696 Εὐδόκιμον
2998 2621 3479 2702 ἑγλωσσοκόπησε,
3538 2624 3631 2680 καὶ
3676 2624 3836 2682 Ἀλέ-

2182 2712 2295 2784 ξιον
2325 2712 2419 2769 τὸν
2455 2711 2696 2784 Μωσηλὶ
2725 2710 3057 2790 ἐτύφλωσεν.
3116 2712 3274 2771 Ἀλλ’
3325 2713 3427 2769 οὐκ
3478 2713 3555 2771 ε”ς
3614 2715 3833 2790 μακρὰν

2184 2803 2220 2872 ἡ
2258 2805 2356 2858 τοῦ
2406 2806 2540 2859 Θεοῦ
2599 2798 2723 2871 δίκη
2786 2799 3174 2874 ἀνεκδικήτους
3232 2800 3427 2865 αὐτοὺς
3482 2799 3647 2858 εῗασεο
3692 2804 3838 2876 μετὰ

2178 2893 2280 2968 γὰρ
2313 2894 2350 2949 ε’
2378 2888 2473 2965 ἔτη
2489 2897 2569 2966 τῷ
2598 2893 2746 2965 αὐτῷ
2770 2893 2902 2967 μηνὶ
2934 2894 3024 2948 καὶ
3051 2896 3121 2966 τῇ
3152 2891 3288 2968 αὐτῇ
3318 2895 3501 2967 ἡμέρᾳ
3526 2893 3835 2973 τυφλοῦται

2181 2983 2211 3038 6
2241 2981 2401 3044 αὐτὸς
2441 2986 2860 3044 Κωνσταντῖνος.
2913 2982 3206 3056 Ὑποτάξας
3264 2978 3330 3053 δῆ
3392 2981 3482 3038 καὶ
3527 2982 3655 3045 τοὺς
3687 2985 3831 3058 Ἀρ-

2183 3071 2468 3146 μενιακοὺς
2519 3072 2772 3145 πολέμῳ,
2819 3073 2945 3133 τοὺς
2999 3072 3272 3151 ἄρχοντας
3325 3072 3502 3128 αὐτῶν
3540 3070 3830 3128 ἐποινάλι-

420 3166 731 3223 meniacus
760 3163 1112 3231 insidiator;
1150 3187 1171 3213 ι
1207 3162 1568 3235 eosdemque
1617 3165 1679 3220 in
1727 3165 1989 3221 Siciliam
2013 3171 2069 3220 et

2177 3182 2285 3225 σεν,
2320 3161 2623 3239 ἐπιγρὶψας
2649 3161 2725 3224 εἷς
2792 3160 2855 3217 τὸ
2910 3162 3206 3237 πρόσωπον
3263 3161 3441 3218 αὐτῶν
3486 3163 3678 3236 μὲλανι
3706 3183 3827 3218 κεν-

420 3252 818 3310 aliasiusulas
872 3250 1168 3324 relegavit.
1222 3251 1442 3307 Deinde
1481 3268 1617 3308 cum
1676 3253 1737 3308 in
1782 3254 2066 3311 Marinam

2177 3255 2348 3323 τητῷ·
2394 3274 2422 3301 α
2455 3251 2809 3325 Ἀρμενιακὸς
2851 3245 3166 3314 ὲπιϐουλος·
3199 3274 3228 3304 ››
3286 3251 3379 3313 οὖς
3424 3251 3514 3306 καὶ
3572 3250 3824 3328 ἐξώρισεν

424 3344 740 3412 conjugem
790 3356 957 3397 suam
1018 3330 1389 3412 concepisset
1417 3340 1618 3396 odium
1671 3341 1745 3396 ob
1802 3342 2069 3400 sinistras

2177 3333 2230 3394 ἔν
2259 3360 2317 3395 τε
2356 3337 2581 3410 Σικελίᾳ
2610 3339 2700 3395 καὶ
2755 3345 2877 3401 ταῖς
2935 3337 3157 3403 λοιπαῖς
3209 3342 3421 3411 νήσοις.
3487 3342 3739 3410 Μισήσας
3771 3339 3830 3397 δὶ

425 3429 714 3500 quasdam
741 3428 814 3484 de
845 3444 915 3484 ea
941 3428 1333 3499 suspiciones,
1367 3430 1573 3485 matris
1604 3430 1911 3493 instinctu,
1939 3449 2070 3503 quaa

422 3517 659 3590 imperii
690 3517 905 3589 cupida
961 3516 1149 3573 ﬁlium
1208 3516 1463 3573 invisum
1520 3519 1773 3575 subditis
1824 3519 2071 3577 reddere

420 3606 673 3675 volebat,
705 3622 836 3662 eam
870 3606 933 3661 in
964 3606 1388 3663 monasterium
1423 3605 1695 3673 detrusit,
1728 3613 1785 3663 et
1800 3609 2066 3665 Theodo-

420 3701 567 3762 tam,
599 3695 806 3751 matris
847 3712 969 3751 sum
1025 3694 1473 3762 cubiculariam,
1507 3696 1733 3753 illicitis
1771 3696 1883 3753 sibi
1916 3715 2066 3771 nup-

418 3786 519 3842 tiis
548 3785 834 3859 copulans
864 3786 1184 3849 coronavit.
1218 3786 1482 3857 Cumque
1511 3787 1783 3844 Tarasius
1816 3789 2069 3859 patriar-

415 3875 529 3933 cha
548 3892 612 3931 se
642 3882 989 3948 opponeret,
1013 3875 1273 3932 minatus
1299 3876 1351 3932 ei
1377 3882 1467 3932 est
1496 3892 1581 3935 se.
1610 3874 1725 3932 nisi
1756 3876 1909 3933 hanc
1938 3894 2063 3933 rem

413 3965 747 4037 perliceret.
774 3965 1165 4037 profanorum
1188 3964 1645 4021 simulacrorum
1666 3965 1803 4021 fana
1832 3973 2063 4038 apertu-

409 4069 567 4109 rum.
598 4055 802 4124 Itaque
831 4053 1074 4109 territus
1108 4053 1446 4125 patriarcha
1474 4054 1788 4117 concessit,
1822 4055 1897 4110 ad
1918 4056 2063 4112 mul-

409 4147 499 4198 tos
527 4143 733 4199 dicens
760 4143 1175 4214 imperatorem
1209 4158 1584 4213 nequaquam
1615 4142 1842 4214 placide
1877 4144 2057 4199 mori-

406 4237 629 4288 turum.
665 4233 778 4286 Per
805 4232 1188 4302 quatriduum
1218 4232 1457 4304 nuptias
1483 4233 1603 4305 egit
1640 4233 1965 4304 imperator
1993 4235 2055 4290 in

2159 4138 2288 4203 τοὺς
2318 4140 2477 4202 ναοὺς
2503 4145 2609 4196 τῶν
2642 4138 2890 4197 εἰδώλων
2920 4142 3147 4220 ἆνοίγω,
3184 4168 3205 4194 ι

2174 3429 2204 3484 6
2262 3428 2521 3504 βασιλεὺς
2579 3430 2677 3497 τὴν
2725 3430 2916 3486 ἑαυτοῦ
2969 3434 3195 3505 γυναῖκα
3267 3432 3503 3504 Μαρῖναν
3566 3425 3823 3504 ὑποϐολῇ

2171 3523 2271 3587 τῆς
2324 3519 2517 3573 ἑαυτοῦ
2575 3519 2808 3594 μητρὸς.
2868 3517 3156 3591 ἐφιεμένης
3205 3525 3307 3589 τῆς
3356 3519 3537 3594 ἀρχῆς
3594 3520 3730 3591 πρὸς
3760 3522 3825 3575 τὸ

2176 3608 2472 3679 μισηθῆναι
2502 3607 2663 3663 αὐτόν
2721 3602 2874 3686 (ἔσχε
2917 3607 3023 3685 γὰρ
3055 3608 3084 3662 6
3119 3606 3375 3683 βασιλεὺς
3407 3611 3651 3683 πονηρὰς
3684 3610 3826 3665 ὓπο-

2172 3693 2370 3769 λήψεις
2447 3697 2584 3752 κατὰ
2626 3703 2729 3764 τῆς
2792 3697 3059 3770 Μαρίνης)
3114 3698 3283 3753 vta-595'.
3342 3698 3513 3766 αὐτην
3567 3695 3818 3773 γενέσθαι

2173 3788 2445 3861 μοναχὴν.
2496 3789 2729 3862 ’Ἐστεψε
2784 3782 2841 3841 δὲ
2896 3784 3167 3857 Θεοδότην
3222 3781 3680 3863 κουϐικουλαρίαν
3711 3795 3815 3858 τῆς

2171 3874 2380 3949 μητρὸς
2435 3872 2626 3944 αὐτοῦ,
2678 3871 2716 3948 ᾖ
2761 3872 2850 3928 καὶ
2909 3870 3247 3947 ἐμνηστεύθη
3307 3875 3657 3951 παρανόμως,
3688 3877 3816 3933 Ἐπὶ

2163 3959 2381 4025 τούτοις
2457 3966 2555 4019 τοῦ
2637 3964 2984 4040 πατριάρχου
3059 3965 3325 4037 Ταρασίου
3395 3967 3816 4031 ἀντιπίπτοντος

2167 4047 2512 4126 δηλοῖαῦτῷ
2570 4058 2990 4116 Κωνσταντῖνοςο
3049 4079 3077 4107 (ι
3110 4055 3175 4112 Εἰ
3244 4055 3321 4129 μὴ
3352 4059 3515 4112 τοῦτο
3564 4056 3811 4134 γένηται,

3274 4145 3435 4208 Ὅθεν
3467 4146 3497 4201 6
3545 4145 3812 4220 πατριάρ-

2167 4248 2278 4305 χης
2331 4224 2591 4307 φοϐηθεές
2639 4230 2811 4286 εΫασεν
2863 4232 3024 4288 αὐτὸν
3059 4276 3074 4302 ,
3133 4233 3302 4290 εῗπὼν
3362 4235 3500 4309 πρὸς
3557 4234 3804 4296 πολλοὺς

412 4320 603 4375 sancti
634 4320 944 4376 Mamantis
980 4319 1217 4392 palatio.
1259 4319 1550 4376 Caeterum
1580 4320 1761 4392 hujus
1792 4323 2054 4397 conjugii

2177 4319 2245 4375 ἶτι
2274 4320 2340 4375 οὖ
2370 4319 2660 4377 καταλύσει
2708 4323 2801 4376 τὸν
2857 4321 2975 4397 βίον
3015 4321 3327 4398 ε’ρηνικῶς.
3382 4326 3468 4399 [Ρ.
3526 4328 3653 4399 4⁸73]
3705 4326 3802 4379 Καὶ

409 4420 589 4461 causa
635 4405 1055 4461 communione
1084 4407 1432 4478 patnarchze
1464 4423 1592 4463 sese
1639 4407 2056 4466 abstinuerunt

2177 4408 2388 4479 ἐποίησε
2414 4411 2508 4465 τὸν
2561 4410 2740 4485 γάμον
2792 4409 2958 4467 αὐτοῦ
3014 4413 3043 4467 6
3112 4409 3371 4487 βασιλεὺς
3418 4411 3471 4468 ὲν
3510 4417 3592 4486 τῷ
3624 4411 3801 4468 παλα-

398 4492 668 4549 Studiani
720 4492 948 4567 collegii
1007 4494 1287 4567 princeps
1335 4501 1510 4567 atque
1543 4494 1661 4557 alii,
1695 4513 1843 4569 quos
1874 4498 2054 4571 impe-

2177 4517 2256 4570 mp
2282 4501 2380 4551 τοῦ
2421 4496 2608 4575 ’Λγίου
2668 4497 2964 4571 Μαμαντος
3022 4500 3231 4573 ἡμέρας
3263 4496 3330 4558 δ’.
3385 4501 3712 4577 Ἀπὲσχισαν
3744 4497 3800 4554 δὲ

398 4586 565 4638 rator
592 4582 747 4640 varie
778 4583 1025 4646 vexavit.
1059 4583 1406 4640 defensante
1440 4601 1544 4641 eos
1572 4585 1765 4642 Irena.

2177 4589 2252 4640 τοῦ
2335 4588 2683 4662 πατριαοχου
2763 4594 2865 4656 τῆς
2947 4587 3233 4651 κοινωνίας
3285 4589 3314 4645 6
3370 4593 3467 4645 τοῦ
3536 4587 3796 4645 Στουδίου

391 4669 699 4756 ἠγοόμενος
738 4669 830 4725 καὶ
861 4667 1047 4726 λοιποὶ
1078 4667 1168 4726 διὰ
1196 4670 1288 4725 τὸν
1321 4672 1632 4746 παράνομον
1665 4673 1843 4749 γάμον
1870 4678 1968 4730 τοῦ
1999 4671 2293 4750 βασιλέως.
2326 4674 2417 4739 Ei;
2465 4674 2557 4739 οὕς
2594 4676 2684 4731 καὶ
2732 4674 2947 4742 πολλὰς
3006 4676 3221 4752 θλίψεις
3277 4677 3554 4755 ἐργάζετο
3584 4681 3612 4735 6
3645 4680 3796 4756 βασι-

395 4756 547 4822 λεὺςο
579 4761 616 4830 ἡ
642 4754 701 4816 δὲ
734 4760 920 4832 μήτηρ
950 4756 1115 4814 αἱ)τοῦ
1145 4759 1542 4835 δπερησπίζετο
1574 4759 1772 4817 αὐτῶν.

460 4856 634 4910 Anno
654 4854 687 4907 6
707 4852 1020 4909 Cardames
1041 4851 1428 4926 Bulgarorum
1454 4850 1735 4924 princeps
1754 4853 2036 4910 Constan-

2215 4855 2311 4926 Τῷ
2342 4860 2387 4918 ς’
2416 4850 2521 4910 ἔτει
2552 4852 2850 4929 Καρδάμης
2908 4857 2937 4912 6
2989 4855 3180 4930 κύριος
3240 4858 3570 4933 Βουλγάρων
3599 4855 3797 4933 ἔγραψε

389 4940 511 4999 tlno
532 4941 618 4999 ita
644 4941 924 5015 scripsit:
949 4962 979 4993 ‹‹
1002 4943 1119 4998 Aut
1133 4939 1401 5013 persolve
1433 4939 1581 4995 mihi
1615 4941 1772 5012 quod
1795 4948 2034 5013 pactum

2177 4947 2221 5015 ᾦ
2255 4941 2490 5019 βασιλεῖ·
2532 4968 2561 4997 ι(
2590 4946 2666 5002 Ἤ
2700 4942 2923 5002 τέλεσόν
2978 4966 3076 5018 μοι
3132 4946 3331 5016 πάκτα,
3356 4944 3393 5017 ἢ
3425 4943 3666 5023 ἔρχομαι
3690 4944 3794 5009 ειυς

382 5035 493 5101 est,
526 5035 631 5087 aut
659 5045 851 5104 usque
893 5030 969 5087 ad
1022 5035 1278 5087 Auream
1308 5032 1543 5101 portam
1570 5029 1825 5085 veniam.
1860 5052 1888 5081 »
1920 5032 2035 5088 Re-

2177 5037 2243 5101 ῆς
2297 5034 2520 5109 Χρυσῆς
2574 5031 2801 5109 πόρτης·
2837 5056 2867 5086 ››
2939 5034 3003 5094 Ὀ
3051 5031 3110 5091 δὶ
3159 5033 3418 5111 βασιλεὺς
3475 5033 3790 5091 ἇπὲστειλεν

1581 5177 1949 5237 ΧΥιΑΝΒΒι
1986 5181 2075 5238 ΕΤ
2114 5182 2332 5240 GOARI
2370 5183 2594 5242 NOTAE.

450 5306 567 5433 (20?
591 5303 666 5364 Ut
694 5305 914 5364 multos
946 5323 1137 5364 annos
1185 5305 1240 5362 el
1285 5310 1753 5379 apprecarentur
1795 5310 1923 5363 tum
1967 5308 2030 5365 in

450 5394 539 5433 mu
566 5379 767 5433 aribus
798 5388 921 5433 tum
978 5380 1040 5433 in
1071 5378 1489 5433 ecclesiasticis
1522 5378 1925 5433 conventibus.
1961 5397 2030 5433 ac

378 5378 767 5448 popularibus
798 5388 921 5435 tum
978 5380 1040 5435 in
1071 5378 1489 5435 ecclesiasticis
1522 5378 1925 5438 conventibus.
1961 5397 2031 5437 ac

378 5462 601 5522 nomen
634 5465 765 5516 ejns
795 5451 1014 5522 ubique
1050 5467 1188 5507 cum
1220 5450 1328 5506 lilii
1368 5450 1746 5522 imperatoris
1784 5452 2029 5509 nomine

376 5517 805 5574 celebraretur.
854 5517 1031 5585 cm,

444 5590 555 5660 (21(
596 5588 813 5660 Κόρτην
847 5591 1159 5647 cohortem
1189 5606 1320 5647 esse
1352 5607 1424 5647 ex
1466 5591 1602 5647 aliis
1644 5592 1795 5649 locis
1824 5594 2026 5660 didici,

367 5663 438 5716 ut
465 5659 529 5716 in
552 5659 879 5733 Nicephoro
897 5661 971 5717 de
994 5662 1305 5719 Bardanio.
1329 5662 1515 5719 Credo
1535 5679 1672 5738 ergo
1686 5659 2026 5736 praetoriam

2138 5309 2235 5385 hic
2264 5315 2367 5366 aut
2394 5310 2571 5385 aliam
2609 5310 2865 5369 nobilem
2898 5314 3115 5371 notari.
3149 5310 3288 5370 XvL.
3321 5344 3389 5357 —
3419 5315 3531 5385 Τὴν
3567 5312 3789 5385 κόρτήν.

2138 5383 2325 5441 Emat.
2360 5382 2460 5438 ubi
2500 5384 2849 5455 frequenter
2877 5385 3092 5440 alludit
3142 5385 3462 5458 interpres.
3488 5382 3555 5443 et
3582 5382 3786 5455 κόρτην

2137 5459 2487 5530 putatnesse
2545 5460 2820 5530 cohortem
2897 5458 3149 5530 Corrigit
3205 5474 3468 5514 errorem
3525 5458 3788 5530 Codinus

2137 5524 2209 5580 de
2239 5524 2580 5603 O.|lic._Cur.
2604 5528 2711 5603 QP.
2773 5528 3043 5603 scribens
3067 5524 3178 5590 ”εἷς
3207 5530 3306 5596 τήν
3355 5532 3454 5583 τοῦ
3513 5525 3785 5603 βασιλέως

2137 5595 2373 5673 σκηνὴνι
2413 5593 2538 5673 ἥτις
2586 5597 2755 5672 κόρτη
2790 5598 3140 5673 ὀνομάζεται.
3183 5593 3525 5659 Tehtorium'
3556 5603 3781 5673 itaque,

2136 5683 2259 5726 non
2287 5666 2476 5726 cohors
2502 5666 3001 5744 impe'ratoris’est
3025 5670 3219 5749 κόρτη.
3251 5673 3430 5732 Cosa.
