4148 6212
397 262 522 368 tua

1558 300 2108 372 msroau‘aUM
2156 276 2703 373 COMPENDIUM.

3704 314 3825 377 914

399 459 489 493 σιν
544 437 791 507 ποιήσω,
850 434 897 493 si
949 439 1079 502 τοὺς
1142 439 1454 515 θησαυρούς
1506 462 1603 497 σου
1655 441 2017 517 καταμηνύσει

2124 478 2140 511 ι
2173 442 2549 516 promittens,
2582 443 2632 500 si
2662 442 2734 501 de
2765 441 3061 500 thesauris
3099 443 3222 501 suis
3278 444 3594 503 certiorem
3625 446 3821 522 ipsum

403 548 518 601 μοι.
556 551 583 578 ››
621 527 683 584 Ἦ
720 524 778 582 δὲ
818 533 1020 602 συνετῷ
1076 533 1155 603 τῷ
1204 531 1515 608 φρονήματι
1578 532 1713 607 πρὸς
1767 533 1859 588 τὸν
1920 531 2056 611 χθὲς

401 619 498 693 μὲν
529 616 727 675 δοῦλον
758 619 1034 695 ἐπίορκον.
1067 623 1308 698 σήμερον
1332 618 1391 677 δὲ
1409 622 1674 699 τύραννον
1705 621 1831 701 ἔφη’
1856 647 1884 675 ‹‹
1910 623 2056 698 Ἐγὼ

401 709 521 784 μὲν,
561 706 606 764 ὦ
639 709 910 783 ἀνθρωπε.
943 710 1073 765 Θεὸν
1102 711 1349 786 ἡγοῦμαι
1406 711 1499 767 τὸν
1562 710 1849 787 ὑψώσαντά
1881 733 1948 786 με
1978 711 2053 775 εἰς

392 797 596 871 ταύτην
623 800 723 868 τὴν
754 796 1055 876 βασιλείαν,
1098 805 1219 863 ταῖς
1274 798 1320 856 δ’
1378 798 1539 876 ἐμαῖς
1604 803 1898 879 ἁμαρτίαις
1951 802 2052 870 τὴν

394 889 700 964 καθαίρεσιν
786 887 1027 959 ἐμαυτῆς
1110 890 1430 967 προσάπτω⁶
1511 891 1563 946 ἐν
1623 896 1753 946 πᾶσι
1821 888 1877 946 δὲ
1925 891 2052 946 τού-

390 1000 507 1041 τοις
539 977 623 1048 εἴη
682 977 746 1034 τὸ
805 976 984 1053 ὄνομα
1042 980 1239 1053 Κυρίου
1278 978 1675 1056 εύλογημὲνον.
1710 980 1789 1036 Οὐ
1817 981 1928 1055 μὴν
1993 978 2051 1035 δὲ

388 1066 607 1146 ἀγνοεῖς
631 1066 729 1132 τὰς
756 1070 895 1124 κατά
952 1072 1048 1124 σοῦ
1108 1070 1441 1144 μηνυθείσας
1499 1065 1823 1140 ἐπιϐουλὰς,
1867 1071 1953 1131 αἶς
2004 1067 2050 1124 εἷ

386 1157 770 1232 συνυπήχθην,
806 1154 1106 1221 ἀκωλύτως
1139 1158 1293 1234 εἶχον
1347 1162 1445 1214 τοῦ
1498 1157 1707 1215 ἀνελεῖν
1766 1179 1842 1215 σε.
1876 1155 2053 1215 Ἀλλά

381 1245 445 1300 τὸ
481 1245 575 1319 μὲν
607 1251 723 1309 τοῖς
757 1250 875 1308 σοῖς
926 1244 1115 1322 ὅρκοις
1162 1249 1495 1322 πειθομένη,
1553 1248 1617 1304 τὸ
1667 1244 1724 1303 δὲ
1754 1245 2046 1326 φειδομένῃ

384 1354 483 1389 σου
512 1335 685 1390 πάντα
732 1332 1213 1411 παρελογισάμην,
1258 1337 1339 1411 τῷ
1395 1341 1514 1411 Θεῷ
1571 1332 1912 1393 ἀποδιδοῦσά
1966 1358 2047 1406 σε,

382 1420 456 1478 δι’
512 1420 574 1478 ού
628 1423 874 1499 βασιλεῖς
925 1424 1280 1500 βασιλεῧουσι
1337 1426 1427 1481 καὶ
1485 1423 1741 1482 δυνάσται
1792 1425 2046 1496 κατεξουι

382 1512 646 1582 σιάζουσι.
682 1511 785 1570 Καὶ
816 1513 883 1569 ti
913 1516 1007 1568 νύν
1040 1513 1116 1577 ὡς
1149 1509 1341 1585 εὐσεϐῆ
1402 1536 1459 1571 σε
1489 1515 1578 1569 καὶ
1625 1515 1685 1571 ἐκ
1724 1516 1859 1571 Θεοῦ
1897 1536 2044 1591 προ-

382 1597 654 1673 ϐληθέντα
724 1600 960 1678 βασιλέα
1012 1609 1329 1679 προσκυνῶ,
1386 1604 1478 1660 καὶ
1536 1603 1796 1679 αἷτοῦμαι
1857 1604 2042 1682 φείσαο

378 1690 500 1755 σθαί
543 1714 648 1766 μου
677 1698 778 1761 τῆς
832 1692 1114 1757 ἀσθενείας
1174 1692 1265 1749 καὶ
1322 1695 1686 1772 συγχωρῆσαί
1721 1716 1786 1769 με
1817 1694 1895 1760 εἰς
1950 1695 2043 1752 τὸν

2165 532 2461 603 redderet,
2485 533 2559 589 de
2591 550 2825 590 summa
2851 550 2914 589 se
2972 533 3028 590 ei
3078 534 3277 606 quiete
3334 543 3807 609 prospecturum.

2157 621 2264 676 Illa
2292 628 2487 678 autem
2522 623 2811 695 prudente
2843 624 3045 679 animo
3076 641 3211 680 eum
3245 625 3345 697 qui
3378 626 3505 681 heri
3536 629 3660 700 perj
3675 644 3814 685 urus

2160 727 2360 769 servus
2390 713 2603 780 fuerat,
2636 714 2812 771 hodie
2852 713 3227 786 tyrannidem
3257 716 3611 790 gerebat,sic
3639 720 3817 776 aﬂ'ata

2158 806 2285 858 est:
2323 828 2348 855 ιι
2369 804 2524 860 Heus
2540 809 2626 874 tu,
2652 806 2838 862 Deum
2870 823 2975 879 ego
2997 822 3254 879 agnosco
3284 806 3469 863 fuisse
3504 808 3604 880 qui
3627 826 3721 864 me
3739 809 3813 865 ad

2156 890 2475 963 imperium
2532 893 2644 950 hoc
2706 897 2984 963 evexerit,
3018 913 3113 951 me
3178 912 3314 952 vero
3370 897 3522 953 meis
3580 897 3811 955 delictis

2157 982 2468 1045 meruisse,
2501 988 2566 1037 ut
2597 999 2665 1038 eo
2697 984 3052 1040 exciderem.
3107 985 3175 1040 In
3230 984 3323 1041 his
3373 980 3651 1042 omnibus
3682 987 3814 1044 laus

2155 1070 2232 1124 sit
2263 1069 2459 1126 divino
2490 1072 2742 1128 nomini.
2772 1074 2974 1145 Neque
2997 1089 3133 1129 vero
3166 1079 3230 1129 tu
3259 1075 3456 1131 nescis
3513 1076 3711 1133 delata
3739 1077 3814 1133 ad

2154 1175 2249 1215 me
2278 1158 2461 1216 fuisse
2485 1160 2557 1217 de
2588 1161 2707 1218 tuis
2736 1161 2973 1219 insidiis
2998 1161 3244 1229 indicia,
3277 1164 3493 1235 quibus
3542 1166 3591 1222 si
3622 1167 3812 1223 credi-

2154 1248 2395 1322 dissem,
2426 1251 2670 1308 nemine
2702 1258 2936 1309 vetante
2994 1252 3332 1310 interﬁcere
3381 1259 3440 1310 te
3490 1260 3757 1328 poteram
3794 1273 3808 1313 :

2152 1339 2256 1396 sed
2286 1341 2501 1414 partim
2524 1343 2886 1416 Juramentis
2916 1342 3033 1400 tuis
3065 1342 3244 1399 fidem
3276 1343 3807 1418 adhibens.partim

2152 1428 2259 1485 tibi
2293 1448 2565 1503 parcens,
2627 1432 2738 1488 ista
2785 1432 2988 1489 omnia
3043 1430 3296 1506 neglexi,
3339 1433 3459 1489 Deo
3517 1438 3575 1489 te
3623 1434 3808 1491 relin-

2151 1537 2359 1592 quens,
2393 1539 2510 1593 quo
2569 1530 2809 1578 auctore
2866 1539 3034 1595 reges
3084 1528 3335 1597 regnant
3389 1529 3448 1579 et
3503 1523 3804 1596 principes

2149 1608 2538 1666 dominantur
2588 1611 2755 1667 Nunc
2787 1611 2965 1668 etiam
2988 1612 3092 1668 tibi
3114 1617 3181 1667 ut
3208 1611 3305 1684 pio
3336 1617 3394 1668 et
3422 1629 3454 1668 a
3477 1613 3595 1669 Deo
3609 1613 3802 1670 adim-

2149 1700 2379 1771 perium
2414 1701 2979 1774 evectoimperatori
3012 1701 3305 1774 supplico,
3339 1692 3547 1774 petens
3576 1709 3798 1760 utmeae

379 1782 467 1837 ὑπ’
497 1782 633 1855 ἐμοῦ
661 1781 942 1839 κτισθέντα
976 1789 1086 1840 τῶν
1114 1784 1462 1859 Ἐλευθερίου
1520 1784 1701 1857 οἶκον,
1761 1785 1837 1849 εἰς
1888 1789 2017 1861 ψυχ·

2148 1788 2569 1845 imbecillitatis
2590 1792 2884 1847 rationem
2915 1790 3418 1867 habens,patiaris
3446 1809 3541 1848 me
3565 1792 3802 1850 inhabi-

374 1873 619 1950 αγωγίαν
673 1881 775 1945 τῆς
843 1875 1168 1951 ἀσυγκρίτου
1226 1898 1331 1951 μου
1384 1882 1690 1953 συμφορᾶς.
1744 1901 1773 1930 ››
1830 1877 1888 1932 '0
1977 1874 2034 1933 δὲ

374 1961 498 2042 ἔφη’
536 1988 566 2017 ι(
599 1964 696 2020 Καὶ
728 1965 772 2020 εἰ
803 1968 964 2021 τοῦτο
1010 1964 1187 2029 θέλεις
1248 1987 1334 2022 σοι
1389 1964 1633 2044 γενέσθαι
1692 1964 1898 2042 ὅμοσόν
1934 1988 2028 2041 μοι

368 2055 453 2126 μὴ
485 2052 798 2129 ἀποκρύψαι
856 2075 908 2110 τι
972 2059 1081 2111 τῶν
1140 2057 1449 2132 θησαυρῶν,
1479 2055 1569 2112 καὶ
1606 2055 1781 2113 πᾶσάν
1812 2077 1908 2111 σου
1940 2057 2031 2112 θει-

373 2143 590 2219 ραπείαν
644 2148 810 2202 ποιῶ.
870 2168 899 2197 ››
955 2146 1016 2202 Ἠ
1075 2141 1134 2200 δὶ
1190 2144 1402 2219 ὤμοσεν
1474 2144 1649 2219 αύτῷ,
1710 2142 2030 2216 ὑποδείξασα

367 2233 459 2289 καὶ
489 2232 728 2290 πλοῦτον
756 2231 952 2293 πολύν.
984 2236 1047 2292 Ὀ
1082 2230 1141 2291 Si
1167 2238 1267 2291 τοῦ
1297 2232 1640 2310 ποθουμένου
1669 2235 1856 2313 τυχὼν
1885 2255 2025 2308 παρ-

369 2322 495 2387 ευθυ
527 2322 776 2397 ἐξώρισεν
818 2323 993 2393 αὐτὴν
1042 2323 1096 2380 ἰν
1154 2327 1224 2398 τῇ
1284 2326 1591 2401 Πριγκήπῳ
1645 2328 1774 2398 (28),
1833 2322 1910 2387 εἰς
1994 2324 2025 2381 ’ὁ

367 2411 503 2483 αύτὴ
537 2408 864 2487 ᾠκοδόμησε
898 2414 1292 2487 μοναστήριον.
1357 2409 1512 2470 Ἰδὼν
1561 2411 1619 2469 δὶ
1662 2413 1865 2477 πάντας
1893 2413 2022 2477 τοὺς

366 2502 419 2558 ἐν
452 2501 599 2559 τέλει
624 2499 1004 2577 λυπουμένους
1033 2501 1116 2559 ἐπ’
1146 2503 1281 2578 αύτῇ
1313 2500 1402 2559 διὰ
1432 2503 1531 2573 τὴν
1562 2500 1867 2575 ἀπληστίαν
1921 2503 2021 2559 αύ-

364 2608 486 2671 τοῦ,
518 2598 778 2684 φοϐηθεὶς
814 2605 890 2679 μή
926 2625 1061 2660 ποτε
1092 2604 1147 2660 οἱ
1172 2604 1298 2661 λαοὶ
1332 2601 1679 2680 μεμνημένοι
1713 2609 1819 2661 τῶν
1868 2603 2017 2682 siup-

359 2698 555 2770 γεπιῶν
602 2693 772 2764 αὐτῆς
844 2692 1096 2768 μέλλωσι
1151 2694 1319 2751 πάλιν
1395 2695 1561 2766 αὐτὴν
1648 2695 2015 2771 ἀναγορεύειν,

358 2787 641 2862 χειμῶνος
671 2781 1025 2858 ἐπικειμένου
1087 2785 1389 2862 βαρυτάτου
1447 2783 1549 2840 οὐκ
1602 2782 1858 2859 ᾣκτειρεν
1914 2784 2017 2840 αύ-

350 2875 473 2943 τὴν,
501 2872 632 2931 ἀλλ’
662 2874 919 2949 ἐξώρισεν
973 2874 1051 2939 εἷς
1111 2872 1460 2948 Μιτυλήνην,
1520 2880 1875 2953 φρουρεῖσθαι
1921 2873 2015 2931 αύ-

352 2963 451 3031 τὴν
486 2963 805 3039 προστάξας.
861 2962 947 3040 Τῇ
1002 2960 1060 3020 δὲ
1105 2965 1152 3030 θ’
1203 2970 1302 3021 τοῦ
1349 2963 1672 3043 Αὐγούστου
1726 2964 1900 3037 μηνὸς
1953 2962 2015 3020 ἐκ

348 3051 532 3124 λύπης
570 3054 659 3108 καῖ
694 3053 923 3125 ἀθυμίας
953 3053 1299 3126 ἐτελεύτησεν
1357 3054 1409 3109 ἐν
1469 3056 1539 3127 τῇ
1598 3052 1736 3127 αὐτῇ
1793 3048 2011 3126 Λέσϐῳ.

347 3142 683 3217 Μετεκόμισε
716 3138 774 3197 δὲ
801 3142 865 3198 τὸ
896 3148 1056 3213 σῶμα
1087 3143 1258 3212 αὐτῆς
1290 3142 1318 3199 ὀ
1353 3141 1609 3219 βασιλεὺς
1651 3140 1708 3198 ἐν
1760 3145 1829 3215 τῇ
1865 3149 2002 3217 μονῆ

349 3238 452 3301 τῆς
483 3234 825 3310 Ιιριγκήπου.
859 3231 927 3302 ἢν
960 3231 1094 3301 αύτή
1138 3229 1487 3307 ᾠκοδόμησε.
1523 3228 1745 3309 Σφόδρα
1775 3232 1879 3307 γὰρ
1917 3231 2000 3288 εὐ⁸

354 3315 517 3389 σεϐης
549 3320 639 3376 καὶ
671 3319 960 3399 φιλάρετος
990 3317 1126 3376 οὖσα
1155 3317 1341 3376 πολλά
1395 3319 1714 3401 ξενοδοχεῖα
1752 3321 1842 3377 καὶ
1898 3344 2008 3399 γη-

357 3416 636 3488 ρωκομεῖα
690 3411 780 3467 καὶ
842 3413 1178 3486 μοναστήρια
1221 3412 1597 3475 κατεσκεύασε,
1679 3410 1771 3467 καὶ
1818 3411 2002 3492 φόρων

355 3502 692 3576 κουφισμοὺς
731 3501 823 3556 καὶ
879 3499 1026 3556 ἄλλα
1082 3497 1311 3556 πλεῖστα
1363 3500 1784 3574 κατωρθώσατο.
1844 3505 2007 3556 Κων-

350 3594 632 3644 σταντῖνον
667 3585 726 3644 δὲ
756 3588 846 3644 τὸν
880 3589 995 3644 υἱὸν
1024 3588 1220 3658 αὐτῆς,
1251 3586 1588 3666 φιλαργυρίᾳ
1619 3585 1840 3660 μᾶλλον
1871 3586 2001 3661 ἀγό-

352 3673 573 3750 μενος
607 3675 797 3752 ο”κτῳ.
864 3670 1239 3754 προσελάϐετο
1270 3675 1540 3731 συνέστιον
1587 3674 1757 3748 αὐτῷ,
1817 3674 2004 3746 οἰόμε-

343 3788 433 3830 νος
472 3766 710 3822 πλοῦτον
742 3766 1180 3844 ἐγκεκρυμμένον
1234 3767 1538 3845 φανερώσει
1597 3766 1769 3837 αύτῷ.
1826 3764 1885 3818 Ὀ
1943 3761 2001 3819 δὲ

341 3854 852 3937 φιλουρονούμενος
882 3857 974 3912 ὑπ’
1005 3854 1171 3911 αὐτού
1202 3855 1502 3934 κουφότητι
1536 3858 1763 3931 γνώμης
1790 3850 2001 3911 ὑπέδει-

343 3950 425 4020 ξεν
452 3946 595 4018 αύτῷ
619 3946 712 4002 τὸν
744 3944 798 4001 ἐν
829 3950 910 4019 τῷ
942 3945 1287 4019 ἡμικυκλίῳ,
1332 3944 1363 4000 ὅ
1417 3948 1505 4000 νύν
1548 3942 1760 4020 λέγεται
1795 3943 1997 4020 Σίγμα,

342 4036 610 4112 θησαυρὸν
668 4033 1050 4091 ἀνακτισθὲντα
1108 4031 1177 4090 δι’
1252 4033 1802 4109 ὁρθομαρμαρώσεως
1859 4036 1993 4106 (29).

340 4125 447 4182 Καὶ
475 4129 666 4181 τοῦτον
697 4121 1039 4202 ἀφελόμενος
1068 4122 1158 4178 καὶ
1214 4123 1377 4179 αὐτὸν
1436 4121 1646 4197 ὁμοίως
1689 4129 1759 4192 τῆ
1822 4120 1995 4198 μητρὶ

341 4215 507 4271 αὐτοῦ
537 4210 780 4290 παρεῖδε.
812 4213 897 4289 [Ρ.
928 4215 1057 4287 476]
1110 4218 1155 4269 Ν
1167 4213 1358 4284 ικήταν
1412 4231 1473 4267 τε
1524 4210 1616 4267 τὸν
1649 4206 1992 4291 Τριφύλλιον

339 4305 506 4377 ἀξίως
534 4306 631 4375 τῆς
660 4305 852 4360 ἑαυτοῦ
907 4303 1137 4379 γνώμης
1196 4295 1584 4375 ἀμειϐόμενος,
1643 4301 1719 4364 ὡς
1747 4321 1994 4377 συναγω-

339 4393 585 4450 νισθὲντα
614 4394 761 4466 αὐτῷ
790 4392 868 4457 εἰς
894 4391 958 4448 τὸ
986 4395 1281 4467 κατασχεῖν
1331 4391 1433 4461 τήν
1498 4387 1800 4467 βασιλείαν,
1854 4412 1990 4467 φαρ-

345 4482 504 4556 μάκῳ
538 4480 771 4554 ἀνεῖλεν,
802 4479 859 4537 εὗ
889 4502 952 4559 γε
978 4488 1078 4551 τῆς
1109 4479 1263 4552 ἀξίας
1292 4477 1702 4543 ἀνταποδιδούς.

2148 1883 2271 1933 tare
2302 1878 2545 1936 domum
2570 1880 3050 1936 Eleutherianam
3085 1898 3121 1936 a
3176 1896 3272 1936 me
3328 1878 3649 1950 conditam,
3682 1900 3798 1955 quo

2139 1964 2676 2040 incomparabilem
2711 1986 2902 2026 meam
2927 1968 3203 2026 consoler
3232 1968 3689 2027 calamitatem.»
3707 1969 3797 2028 Ad

2138 2055 2266 2113 haec
2322 2058 2690 2130 Nicephorus
2743 2059 3072 2132 respondit,
3132 2058 3372 2130 quando
3412 2058 3525 2115 ita
3575 2060 3796 2133 cupiat,

2137 2172 2199 2212 se
2232 2174 2342 2230 per
2369 2158 2573 2215 omnia
2603 2158 2656 2215 ei
2680 2158 3097 2216 liberalissime
3114 2156 3583 2233 gratiﬁcaturum
3603 2175 3617 2215 :
3640 2144 3790 2219 331

2123 2245 2361 2318 juraret
2406 2248 2583 2305 modo
2633 2249 2872 2306 nullum
2931 2266 2995 2306 se
3048 2249 3397 2306 thesaurum
3445 2249 3792 2309 celaturam.

2129 2334 2353 2397 Iuravit
2383 2337 2577 2403 lrena,
2612 2344 2669 2394 et
2700 2355 2943 2412 magnas
2973 2338 3028 2395 ei
3079 2357 3224 2411 opes
3281 2342 3790 2420 commonstravit.

2131 2416 2245 2484 Sed
2276 2426 2641 2501 Nicephorus
2672 2431 2892 2501 optatis
2934 2430 3179 2502 potitus,
3212 2416 3414 2486 statim
3445 2446 3576 2487 eam
3631 2431 3787 2487 rele-

2128 2516 2287 2590 gavit
2313 2515 2374 2572 in
2391 2518 2819 2574 monasterium
2836 2517 2994 2590 quod
3014 2518 3076 2574 in
3096 2518 3391 2591 Principis
3405 2506 3704 2593 appellata
3724 2520 3785 2577 in

2129 2606 2260 2663 sula
2288 2606 2418 2679 ipsa
2448 2606 2815 2664 condiderat.
2848 2607 3113 2664 Cernens
3133 2607 3349 2665 deinde
3381 2608 3784 2668 insatiabilem

2126 2713 2294 2753 suam
2318 2696 2625 2753 avaritiam
2638 2696 2915 2754 omnibus
2929 2698 3277 2770 proceribus
3299 2696 3614 2779 molestam
3629 2716 3781 2772 esse,

2124 2785 2186 2841 in
2221 2792 2447 2843 metum
2509 2787 2666 2842 venit
2710 2804 2785 2844 ne
2836 2788 3096 2859 populus
3148 2787 3473 2867 aliquando
3522 2786 3779 2859 Irenam,

2122 2873 2414 2930 memoria
2443 2879 2823 2947 acceptorum
2853 2874 2927 2931 ab
2972 2892 3044 2932 ea
3098 2875 3529 2934 beneﬁciorum
3558 2883 3775 2951 motus,

2119 2960 2194 3016 ad
2221 2959 2537 3033 imperium
2570 2968 2872 3018 revocaret
2897 2982 2913 3033 ;
2944 2961 3169 3020 idcirco
3203 2981 3335 3022 eam
3365 2965 3591 3037 absque
3610 2967 3777 3024 omni

2118 3048 2502 3105 miseratione
2533 3049 2878 3122 Mitylenem
2927 3049 3236 3125 relegavit.
3295 3054 3643 3126 gravissima
3672 3054 3777 3110 im-

2118 3138 2386 3195 minente
2421 3145 2793 3210 tempestate.
2828 3143 3020 3212 Atque
3048 3141 3127 3196 ibi
3160 3140 3266 3198 illa
3293 3141 3355 3196 in
3374 3141 3774 3199 Lesboinsula

2116 3244 2189 3283 ex
2242 3228 2429 3284 animi
2494 3227 2844 3295 aegritudine
2903 3226 3180 3299 decessit,
3238 3232 3271 3285 9
3330 3231 3601 3303 Augusti,
3649 3231 3767 3290 die.

2108 3317 2332 3389 Corpus
2365 3320 2494 3388 ejus
2524 3317 2849 3389 imperator
2878 3317 2941 3373 in
2996 3308 3423 3375 manasterium
3477 3320 3766 3393 Principis

2108 3407 2334 3473 retulit,
2368 3406 2525 3478 quod
2557 3404 2631 3462 ab
2663 3423 2733 3463 ea
2762 3408 2943 3464 fuisse
2982 3406 3339 3464 aaditicatum
3367 3408 3760 3469 ostendimus.

2105 3497 2250 3552 Nam
2283 3513 2389 3568 pro
2417 3496 2634 3569 insigni
2668 3497 2884 3569 pietate
2914 3514 2983 3555 ac
3031 3497 3243 3555 virtute
3273 3515 3380 3557 sua
3435 3499 3625 3557 multa
3656 3518 3760 3577 pro

2105 3582 2464 3657 recipiendis
2496 3584 2827 3657 peregrinis
2857 3592 2917 3641 et
2944 3584 3212 3643 fovendis
3224 3588 3467 3645 senibus
3482 3589 3753 3660 aedificia,

2106 3674 2297 3730 multa
2327 3674 2688 3730 monasteria
2726 3664 3097 3741 condiderat,
3159 3693 3458 3734 annonam
3515 3695 3754 3751 quoque

2104 3763 2385 3820 leviorem
2417 3762 2744 3836 redegerat,
2777 3763 3014 3835 aliaque
3046 3766 3235 3821 multa
3282 3765 3569 3838 prmolara
3597 3768 3754 3825 facta

2104 3852 2390 3909 ediderat.
2424 3853 2608 3908 Porro
2639 3852 3001 3924 Nicephorus
3057 3840 3514 3912 Constantinum
3551 3859 3754 3915 lrenes

2104 3941 2319 4009 filium,
2343 3941 2591 3997 avaritia
2620 3941 2808 4013 magis
2832 3938 3046 3998 ductus
3089 3959 3266 4015 quam
3321 3945 3752 4017 misericordia,

2101 4034 2161 4090 in
2193 4049 2368 4089 suum
2401 4030 2858 4087 contubernium
2905 4031 3151 4105 recepit.
3184 4050 3289 4107 spe
3337 4033 3751 4115 thesaurorum

2098 4123 2172 4180 ab
2203 4140 2273 4180 eo
2306 4120 2673 4196 percipiendi
2696 4119 2918 4178 indicia
2941 4137 2954 4178 :
2975 4128 3033 4178 et
3057 4120 3298 4195 quidem
3320 4126 3569 4181 comiter
3591 4126 3664 4183 ab
3682 4142 3753 4182 eo

2098 4219 2385 4270 tractatus
2443 4210 2891 4279 Constantinus,
2950 4214 3018 4268 ιιι
3073 4217 3202 4269 erat
3266 4212 3432 4270 futili
3487 4215 3749 4291 ingenio,

2097 4299 2525 4359 demonstravit
2544 4299 2597 4355 ei
2628 4300 2976 4357 thesaurum
3023 4301 3087 4358 in
3116 4302 3499 4361 Semicirhulo
3529 4305 3746 4381 (Sigma

2094 4391 2271 4448 hodie
2300 4387 2533 4462 vocant)
2567 4388 2857 4458 abditum,
2912 4390 3022 4447 sub
3068 4391 3285 4450 erectis
3346 4395 3744 4475 marmoribus

2095 4482 2433 4537 constructo
2454 4494 2625 4536 muro
2658 4497 2673 4548 ;
2706 4496 2885 4552 quem
2931 4486 3140 4538 nactus
3171 4478 3534 4557 Nicephorus
3562 4484 3744 4544 istum

339 4588 463 4627 non
502 4587 672 4626 secus
701 4586 770 4627 ac
798 4577 1049 4626 matrem
1079 4568 1361 4643 neglexit.
1393 4571 1658 4627 Nicetam
1687 4587 1823 4627 vero
1852 4568 2267 4645 Triphyllium,
2299 4566 2473 4640 cujus
2502 4572 2746 4624 strenua
2773 4584 2955 4640 opera
3004 4569 3067 4626 in
3098 4571 3350 4645 imperio
3379 4572 3743 4648 acquirendo

340 4677 485 4717 usus
509 4660 722 4725 fuerat,
755 4660 1039 4732 praeclare
1070 4660 1298 4717 scilicet
1330 4662 1513 4718 relata
1541 4661 1750 4735 gratia,
1779 4677 2005 4718 veneno
2037 4658 2297 4717 sustulit.

413 4753 710 4834 Βαρδάνιος
740 4753 797 4811 δὶ
833 4762 934 4827 τῆς
968 4756 1269 4826 Ἀνατολῆς
1301 4758 1603 4834 στρατηγὸς
1630 4756 1705 4813 ὢν
1730 4759 1787 4813 ’ἐν
1810 4758 1988 4831 ἑαυτῷ

340 4847 617 4928 ἐφρόντιζε
649 4851 746 4916 τῆς
808 4842 1083 4922 βασιλείας
1134 4842 1509 4912 ἐπιλαϐέσθαι.
1563 4849 1674 4918 Τὴν
1707 4842 1990 4923 διατριϐἠν

340 4935 398 4995 δὲ
457 4939 510 4993 ἐν
556 4940 635 5009 τῷ
692 4934 1019 5009 Φιλομιλίῳ
1074 4936 1406 5011 ποιούμενος
1464 4941 1694 5014 μοναχῷ
1721 4958 1830 4994 τινι
1884 4938 1993 4991 τῶν

336 5026 702 5102 προγνώσεως
732 5021 1054 5100 ἠξιωμένων
1083 5026 1151 5081 τά
1178 5031 1279 5096 τῆς
1320 5022 1530 5103 βουλῆς
1590 5025 1987 5095 ἀνακοινοῦται,

336 5115 623 5190 συνίστορα
650 5113 795 5192 ἔχων
830 5113 1035 5171 Λέοντα
1099 5115 1193 5171 τὸν
1244 5116 1554 5189 Ἀρμένιον.
1607 5116 1875 5180 ’Λκούσας
1934 5113 1994 5171 δὶ

334 5206 493 5271 οὗτος
525 5207 554 5263 ὁ
586 5202 883 5283 Βαρδπὶνιος
915 5204 1063 5282 παρά
1088 5208 1188 5261 τοῦ
1221 5210 1473 5281 μονοιχοῦ
1529 5208 1630 5277 τὴν
1686 5212 1788 5277 τῆς
1819 5206 1993 5263 αὐτοῦ

2168 4754 2320 4814 832
2360 4756 2441 4813 Eo
2496 4761 2763 4830 tempore
2820 4754 3148 4815 Bardanius
3190 4748 3431 4833 quidam
3488 4759 3744 4819 Orientis

2103 4847 2242 4914 dux,
2274 4846 2346 4903 de
2399 4845 2651 4918 imperio
2699 4846 2812 4903 sibi
2863 4836 3216 4905 vindicando
3272 4851 3557 4924 cogitans,
3609 4868 3746 4909 cum

2103 4935 2345 5008 degeret
2373 4932 2729 5004 Philomelii,
2759 4935 3074 4992 consilium
3104 4953 3278 4993 suum
3314 4940 3602 4995 monacho
3626 4941 3749 4997 cui-

2104 5024 2261 5093 dam,
2295 5041 2471 5097 quem
2499 5020 2836 5081 futurorum
2867 5025 3245 5098 praescientia
3290 5026 3445 5082 Deus
3474 5020 3748 5105 dignatus

2103 5115 2316 5184 fuerat,
2347 5114 2557 5187 aperit,
2572 5113 2811 5169 conscio
2840 5115 2926 5168 rei
2947 5113 3138 5170 Leone
3168 5118 3755 5175 ArmenioPredixit

2104 5205 2159 5262 ei
2192 5208 2541 5271 monachus,
2588 5203 2638 5259 si
2694 5202 3013 5275 imperium
3070 5205 3394 5276 aﬂ‘ectaret,
3425 5213 3486 5264 et
3538 5209 3751 5282 opibus

1506 5304 1883 5364 XYLANDRI
1924 5306 2011 5362 ET
2049 5304 2270 5360 GOARI
2308 5303 2534 5359 ΝΟΤιΕ.

409 5404 522 5477 (28)
549 5404 836 5477 Zonaram
868 5408 1109 5477 secutus
1118 5420 1282 5477 sum,
1312 5405 1549 5462 tametsi
1570 5406 1989 5463 nostercrebro

335 5474 426 5551 ita
457 5474 735 5551 appellat.
759 5476 914 5551 _XYI_._.
972 5506 1042 5551 -—_
1097 5475 1180 5551 'l‘fr]
1241 5477 1560 5551 Ιιριγκήπῳ.
1596 5479 1989 5551 Propontidos

334 5545 720 5603 insula—infra
749 5545 995 5619 Cpolim,
1027 5547 1089 5603 in
1118 5545 1410 5604 Astacana
1442 5545 1598 5616 sinu,
1621 5545 1792 5606 Goin.

407 5622 520 5691 (29)
551 5622 728 5676 Arcus
773 5619 997 5689 aediﬁcii
1041 5619 1483 5677 semicirculum
1541 5625 1601 5676 et
1673 5623 1989 5703 antiquum

2102 5397 2578 5471 σίγμαϐνιτοΐοτι,
2638 5403 2699 5455 et
2744 5397 2973 5471 junctis
3028 5401 3187 5460 inter
3233 5420 3296 5461 se
3348 5408 3747 5469 marmoribus

2096 5470 2483 5527 construitur.
2565 5472 2677 5527 Sub
2729 5470 2921 5530 erectis
2986 5477 3350 5535 marmoribus
3403 5478 3744 5539 constructus

2096 5558 2282 5600 murus
2312 5541 2681 5600 inconditum
2712 5550 2805 5601 est
2846 5545 3133 5619 Xylandri
3188 5549 3533 5610 mditlcium.
3564 5554 3741 5613 Goaa.
