4148 6212
428 289 542 358 915

1791 279 2113 349 GEORGII
2155 275 2499 344 CEDRENI

3705 269 3828 332 916

431 430 553 484 suis
587 433 646 482 et
676 426 860 483 oculis
893 425 1206 498 spoliatum
1238 423 1330 479 iri.
1363 423 1506 479 Cum
1539 421 1724 478 tristis
1739 420 2074 478 discederet

2210 413 2497 490 Ιεεριουσίας
2528 407 2803 488 ἀφαίρεσιν
2850 405 2941 462 καὶ
2995 408 3101 461 τῶν
3174 402 3472 484 όιροαλμῶν
3497 402 3600 471 τὴν
3632 406 3829 475 πήρω-

429 517 760 572 Bardanius
817 515 1140 586 famulique
1190 531 1374 587 equos
1426 512 1790 568 adducerent
1846 511 1907 565 in
1965 511 2072 565 hos

431 607 679 661 intuitus
704 605 1031 660 monachus
1064 604 1274 660 reverti
1307 604 1381 658 ad
1413 620 1473 658 se
1498 602 1850 658 Bardanium
1867 599 2070 673 jussit,

429 696 808 769 sperantique
840 696 1066 766 aliquid
1095 713 1156 752 se
1175 712 1377 751 eorum
1393 713 1523 767 quas
1541 693 1816 767 cupiebat
1836 692 1971 748 audi
1983 697 2074 746 tu-

427 801 580 850 rum,
633 787 828 841 denuo
870 786 1154 857 prmcepit
1226 803 1298 840 ne
1355 785 1426 841 de
1489 784 1772 856 potiundo
1822 780 2074 853 imperio

427 875 750 946 quidquam
784 876 1069 947 cogitaret
1103 892 1116 928 :
1149 892 1284 930 nam
1321 875 1441 929 sive
1475 873 1532 929 id
1563 874 1719 929 ultro
1752 873 1870 926 sive
1905 870 2078 925 aliter

425 968 762 1019 tentaturus
795 969 967 1032 esset,
987 965 1110 1019 fore
1127 969 1190 1018 ut
1213 982 1344 1020 cum
1362 963 1571 1036 Opibus
1594 963 1797 1018 oculos
1815 961 2074 1025 amittat;

429 1059 708 1108 caeterum
737 1070 808 1108 ex
842 1053 914 1108 iis
945 1053 1044 1123 qui
1077 1070 1262 1124 equos
1289 1052 1696 1114 adduxissent,
1729 1051 1990 1122 primum
2023 1052 2081 1101 et

431 1142 764 1198 secundum
797 1140 1133 1197 diademate
1165 1142 1494 1213 potituros:
1547 1139 1787 1195 tertium
1845 1151 2079 1208 quoque

431 1231 854 1303 imperatorem
879 1231 1240 1286 declaratum
1271 1230 1474 1300 iri,sed
1506 1229 1703 1284 statim
1728 1227 2080 1300 periturum,

432 1320 681 1376 minime
721 1327 1104 1376 consecutum
1165 1319 1321 1390 quod
1381 1319 1699 1390 cupiverat.
1761 1314 2083 1371 Bardanius

435 1410 547 1465 hoc
578 1427 925 1481 responsum
961 1409 1448 1478 Leoni,Michaelo
1464 1408 1768 1463 etThomae
1785 1405 2080 1461 recitavit:

436 1522 464 1549 «
493 1501 579 1554 Tu
614 1500 876 1570 quidem,
909 1517 941 1553 ο
973 1496 2086 1570 Leo,inquiens,imperator,etThomas

441 1588 768 1660 imperator
797 1590 1158 1662 designatus,
1203 1605 1235 1644 a
1285 1587 1564 1644 Michaelo
1623 1583 2085 1651 interficiemini,

443 1676 616 1750 isque
641 1680 956 1750 imperium
982 1679 1236 1733 tenebit:
1271 1678 1355 1733 sic
1381 1679 1540 1733 enim
1572 1678 1720 1732 mihi
1763 1676 2088 1731 monachus

2179 525 2287 574 σιν,
2320 502 2364 557 εἶ
2387 507 2548 557 τοῦτο
2579 497 3048 570 κατατολμήσειεν
3083 497 3503 565 ὑποστήσεσθαι,
3559 494 3694 566 μετὰ
3725 490 3829 546 λύ-

2177 614 2287 664 πης
2331 593 2673 666 ὑπέστρεψεν.
2706 590 2793 650 Ὠς
2834 585 2892 642 δὲ
2942 585 3070 648 τοὺς
3099 583 3308 646 ’ίππους
3363 582 3510 655 αὐτῷ
3567 582 3832 656 προσεκό-

2183 703 2344 755 μισαν
2378 682 2429 736 οἱ
2457 680 2636 753 τούτῳ
2661 676 3174 752 ἐξυπηρετούμενοι,
3226 673 3444 735 τούτοις
3496 672 3524 726 6
3583 671 3832 745 μοναχὸς

2182 771 2483 832 ἐνατενίσας
2543 771 2852 824 ὓπονοστεῖν
2912 769 3224 846 προσφωνεῖ
3265 765 3356 817 τὸν
3385 759 3712 836 Βαρδάνιον.
3773 762 3831 814 ⁸0

2183 861 2240 918 δὲ
2295 859 2679 938 προσδοκήσας
2717 882 2769 916 τι
2824 863 2933 914 τῶν
2989 857 3135 930 αὐτῷ
3192 855 3543 926 κσταθυμίων
3606 851 3834 927 μελλειν

2185 952 2352 1007 εἶπεῖν
2380 953 2470 1007 τὸν
2507 951 2775 1029 μοναχὸν,
2805 946 3007 1018 ¹ἤκουσε
3036 948 3160 1022 παρ’
3219 945 3384 1000 αὐτοῦ
3414 948 3532 999 τοῦ·
3569 966 3595 998 α
3656 939 3841 1011 Μηδὲν

2186 1063 2272 1096 σοι
2308 1039 2774 1120 πεφροντισμένον
2805 1035 2940 1092 ἔστω
2970 1036 3094 1108 περὶ
3149 1041 3248 1104 τῆς
3281 1031 3580 1108 βασιλείας.
3640 1033 3759 1087 Κᾶν
3788 1051 3844 1084 τε

2183 1132 2285 1206 γάρ
2319 1129 2496 1186 ἑκοντὶ
2540 1127 2636 1184 κᾶν
2685 1149 2744 1184 τε
2779 1128 2878 1201 μή,
2941 1129 3016 1199 μὴ
3067 1129 3228 1180 τούτο
3275 1120 3744 1193 κατατολμήσεις.
3778 1120 3844 1177 Εἰ

2189 1225 2350 1276 τοῦτο
2382 1217 2440 1275 δὲ
2479 1223 2764 1292 πειραθῇς,
2811 1221 2920 1272 τῶν
2950 1221 3055 1271 σῶν
3089 1215 3378 1286 ὀμμάτων,
3417 1213 3490 1274 ὡς
3521 1206 3682 1288 ἔφην,
3754 1209 3846 1263 καὶ

2188 1318 2288 1380 τῆς
2322 1309 2598 1384 ὑπάρξεως
2632 1308 2914 1380 ὑποστήσῃ
2941 1306 3040 1372 τὴν
3101 1301 3493 1376 ἀλλοτρίωσιν.
3527 1302 3595 1358 Οἳ
3627 1299 3684 1354 δὲ
3716 1298 3847 1359 τοὺς

2187 1400 2396 1461 ’ίππους
2429 1421 2523 1454 σου
2565 1397 2909 1470 κομίσαντες,
2947 1394 3153 1450 τούτων
3183 1394 3210 1448 6
3243 1398 3459 1468 πρῶτος
3516 1391 3608 1445 καὶ
3640 1391 3669 1444 6
3732 1385 3851 1442 δεύ-

2191 1510 2344 1566 τερος
2407 1485 3046 1563 διαδηματοφορήσουσι,
3107 1484 3193 1537 καὶ
3259 1481 3286 1536 ό
3327 1480 3509 1553 τρίτος
3550 1477 3843 1556 ἀναγορευ-

2193 1582 2302 1641 Θεὶς
2328 1579 2544 1656 ταχέως
2577 1575 2884 1644 ἀπολεῖται,
2949 1576 3023 1647 μή
3087 1571 3272 1647 τυχὼν
3333 1571 3406 1625 ὧν
3437 1569 3660 1646 ἐφίεται.
3699 1591 3721 1620 ι
3784 1569 3844 1624 Ὁ

2193 1671 2372 1727 τοίνυν
2408 1667 2697 1744 Βαρδάνιος
2724 1667 2790 1722 τά
2827 1671 2925 1720 τοῦ
2950 1667 3228 1739 λογισμοῦ
3257 1663 3405 1734 αὐτῷ
3454 1683 3514 1716 τε
3541 1665 3620 1733 τῷ
3653 1661 3846 1714 Λέοντι

441 1745 795 1824 vaticinatus
826 1776 932 1824 est.
971 1791 998 1818 ››
1029 1769 1156 1822 Non
1189 1767 1370 1822 multo
1403 1773 1537 1838 post
1575 1773 1837 1837 tempore
1865 1764 2093 1834 aliquot

2210 1760 2286 1816 mi
2342 1755 2574 1834 Μιχαὴλ
2605 1757 2695 1811 καὶ
2748 1759 2919 1828 Θωμᾷ
2965 1751 3303 1827 παρεδήλου,
3359 1752 3578 1825 φάσκων
3638 1745 3845 1804 τοιάδε

2317 1843 3027 1857 ..-,.,..,
3261 1839 3780 1857 ....-...

444 1859 736 1914 exercitus
768 1858 989 1914 crebris
1019 1857 1332 1928 Nicephori
1370 1857 1775 1912 exactionibus
1806 1854 1990 1909 coacti
2021 1852 2092 1906 ab

442 1946 800 2018 imperatore
815 1946 1210 2009 desciverunt,
1221 1945 1572 2000 Bardanium
1583 1963 1695 2016 que
1710 1949 2095 2016 cognomento

445 2039 695 2092 Turcum
729 2037 1148 2108 imperatorem
1183 2042 1476 2091 crearunt.
1513 2036 1620 2100 Qui
1671 2035 1902 2090 tametsi
1934 2040 2096 2089 metu

444 2126 694 2197 periculi
719 2126 830 2180 sibi
858 2125 1190 2181 denuntiati
1223 2125 1374 2181 833
1406 2131 1727 2186 recusaret,
1753 2122 2096 2195 compulsus

443 2220 644 2269 tamen
661 2215 1048 2287 eteﬂugiendi
1079 2215 1354 2270 facultate
1369 2215 1684 2270 destitutus
1707 2212 2096 2284 Chrysopolim

441 2305 620 2370 venit,
651 2304 850 2375 ibique
881 2305 1169 2360 salutatus
1226 2311 1318 2360 est
1367 2304 1711 2376 imperator.
1775 2304 1873 2357 His
1901 2301 2095 2370 factis,

444 2395 553 2449 Leo
577 2399 635 2448 et
663 2394 982 2450 Michaelus
1011 2393 1086 2449 ad
1125 2393 1520 2465 Nicephorum
1555 2409 1618 2449 se
1665 2391 2047 2448 contulerunt
2080 2404 2094 2444 :

441 2483 655 2538 horum
687 2481 838 2538 alter
895 2483 1336 2550 fwderatorum,
1397 2483 1546 2538 alter
1587 2481 1820 2538 comitis
1869 2477 2096 2536 cohorti

443 2573 786 2644 praeﬁcitur.
822 2574 1076 2628 Thomas
1106 2588 1240 2628 vero
1273 2577 1336 2626 ut
1368 2572 1544 2627 fidem
1578 2571 1819 2626 domino
1848 2587 1953 2625 suo
1981 2586 2097 2624 sero

445 2661 868 2726 varet,nullum
900 2662 1232 2733 periculum
1265 2660 1671 2714 reformidavit
1695 2675 1708 2726 ;
1735 2674 1870 2713 mox
1895 2665 2092 2713 autem

449 2750 797 2816 Bardanius,
831 2755 895 2804 ut
925 2755 1052 2804 erat
1088 2749 1184 2803 hei
1229 2755 1522 2816 metuens,
1557 2749 1777 2802 veritus
1809 2763 1882 2802 ne
1940 2745 2097 2802 civili

452 2837 602 2893 bello
626 2855 864 2893 causam
898 2839 1207 2909 prmberet,
1225 2838 1424 2893 missis
1446 2837 1597 2892 clam
1617 2837 1688 2892 ad
1703 2837 2097 2908 Nicephorum

453 2928 678 2982 nuntiis
700 2928 1113 2998 impunitatem
1141 2928 1418 2999 postulat,
1445 2943 1631 2998 eaque
1653 2927 1970 2999 impetrata
1995 2943 2101 2997 per

451 3021 685 3072 noctem
716 3017 944 3089 navigio
975 3017 1257 3090 profugit,
1291 3023 1347 3071 et
1377 3017 1438 3072 in
1461 3017 1888 3072 monasterium
1915 3017 2099 3071 Hera-

453 3107 574 3173 clii,
607 3107 768 3178 quod
801 3113 891 3163 est
922 3107 980 3162 in
1014 3106 1338 3174 Catabolio,
1381 3106 1612 3162 delatus
1661 3107 1740 3160 ibi
1770 3106 2097 3160 monachus

453 3203 542 3253 est
577 3198 788 3253 factus.
821 3197 1104 3269 Populus,
1139 3197 1241 3266 qui
1302 3195 1410 3250 sub
1470 3212 1540 3250 eo
1597 3196 1809 3261 fuerat,
1862 3194 2103 3249 domum

455 3286 745 3342 discessit.
784 3290 858 3340 At
887 3286 1210 3356 imperator
1261 3285 1445 3339 missa
1492 3284 1687 3340 celoce
1747 3284 1988 3338 simulat
2045 3299 2106 3338 se

453 3374 811 3430 Bardanium
843 3373 1043 3444 Cpolin
1080 3387 1320 3428 evocare
1355 3373 1498 3443 ;qui
1557 3389 1689 3428 cum
1746 3374 2007 3429 venisset
2044 3373 2105 3427 in

452 3466 688 3518 Protam
731 3463 1010 3528 insulam,
1074 3462 1147 3516 ad
1197 3461 1631 3517 monasterium
1682 3462 1840 3533 quod
1891 3462 1971 3516 ibi
2045 3462 2106 3516 in

455 3552 798 3608 suburbano
829 3558 1259 3618 construxerat,
1310 3567 1383 3606 ex
1441 3559 1638 3607 mente
1688 3551 2108 3624 voluntateque

456 3641 833 3714 imperatoris
893 3641 1049 3696 oculi
1099 3641 1152 3696 ei
1211 3657 1245 3696 a
1303 3641 1673 3713 Lycaonibus
1751 3642 2108 3713 quibusdam

458 3738 765 3788 eruuntur.
814 3732 885 3786 Et
936 3731 1298 3803 Nicephorus
1347 3731 1406 3786 id
1459 3732 1680 3788 factum
1737 3733 1847 3788 sibi
1906 3733 2108 3788 dolere

455 3821 746 3877 simulans
781 3821 1120 3893 jurameuto
1146 3820 1424 3876 omnibus
1457 3821 1773 3876 conﬁrmat
1803 3838 1864 3876 se
1897 3821 1956 3876 in
1984 3823 2106 3876 cul-

455 3928 532 3984 pa
563 3928 691 3982 eJus
717 3925 838 3966 non
869 3927 1018 3980 esse,
1051 3926 1186 3965 cum
1237 3925 1312 3964 ne
1367 3910 1514 3965 alias
1573 3911 1812 3981 quidem
1843 3927 2106 3982 unquam

457 4018 658 4057 verum
681 4001 966 4073 jurasset.

2207 1877 2235 1904 ι(
2273 1849 2346 1904 Σὺ
2392 1849 2508 1923 μὲν,
2541 1848 2585 1902 ὦ
2617 1847 2772 1906 Λέον.
2811 1843 3154 1920 βασιλεύσας,
3188 1842 3275 1896 καὶ
3309 1843 3336 1896 ὁ
3367 1846 3569 1914 Θωμᾶς
3615 1839 3855 1914 ἀναῤῥη-

2207 1941 2338 2008 θεῖς,
2372 1937 2516 2012 παρὰ
2550 1934 2785 2011 Μιχαὴλ
2817 1935 3210 2014 φονευθήσεσθε
3239 1932 3406 2000 (οὓτω
3464 1930 3569 2006 γάρ
3626 1930 3653 1983 6
3691 1948 3851 2000 μονα--

2207 2031 2311 2109 χὸς
2343 2027 2516 2101 ἐξεῖπὲ
2561 2030 2699 2098 μοι),
2763 2025 2927 2097 μόνου
2983 2026 3081 2078 τοῦ
3126 2020 3356 2100 Μιχαὴλ
3399 2017 3851 2109 διαφυλαχθησοέ

2212 2107 2374 2189 μένου
2408 2117 2458 2172 ἐν
2487 2117 2557 2187 τῇ
2590 2111 2865 2189 βασιλείᾳ.
2909 2137 2930 2163 ι
2987 2112 3066 2170 Ού
3119 2111 3263 2166 πολὺ
3310 2111 3374 2165 τὸ
3429 2109 3480 2165 ἐν
3527 2107 3698 2183 μέσῳ,
3765 2107 3849 2162 καὶ

2206 2214 2315 2265 τῶν
2371 2207 2617 2281 θεμάτων
2703 2210 2817 2277 (30)
2895 2201 3080 2258 πολλὰ
3161 2199 3716 2277 καταναγκαζομὲνων
3770 2197 3854 2252 διὰ

2205 2301 2300 2362 τάς
2346 2297 2678 2363 ἐπιτεθείσας
2736 2295 2920 2357 αὐτοῖς
2976 2295 3293 2363 ἀπαιτήσεις
3340 2292 3484 2367 παρά
3541 2289 3852 2367 Νικηφόρον

2206 2390 2701 2464 ἀποσκιρτήσαντες
2787 2383 3154 2462 ἀνηγόρευσαν
3244 2381 3469 2459 βασιλέα
3541 2377 3851 2454 Βαρδάνιον,

2208 2480 2253 2553 ᾧ
2285 2477 2514 2550 ἐπίκλην
2535 2481 2793 2552 Τοῢρκος.
2827 2477 2924 2539 Ὃς
2950 2496 3013 2550 γε
3043 2473 3327 2551 δυσφορῶν
3382 2471 3470 2527 ἐπὶ
3498 2471 3678 2542 τούτῳ
3728 2488 3852 2543 παρ·

2206 2575 2410 2645 ῃτεῖτο,
2471 2569 2547 2642 μή
2603 2564 2850 2636 δυνηθεὶς
2911 2561 2967 2619 δὲ
3017 2561 3298 2637 διαδρᾶναι
3386 2562 3711 2638 βιαζόμενος
3770 2559 3854 2614 ὑπ’

2209 2660 2384 2714 αὐτῶν
2469 2654 2740 2726 κατῆλθεν
2819 2653 2870 2710 ἐν
2944 2651 3331 2728 Χρυσουπόλει
3411 2650 3852 2731 εὐφημούμενος.

2211 2748 2436 2806 Τούτων
2470 2743 2526 2802 δὲ
2552 2745 2878 2822 γενομένων,
2912 2746 3062 2798 Λέων
3117 2743 3208 2798 καὶ
3249 2741 3478 2816 Μιχαὴλ
3530 2745 3610 2811 τῷ
3645 2738 3855 2814 βασιλεῖ

2210 2835 2811 2913 προσερῥύησαν,ὧνὸ
2846 2833 2942 2907 μὶν
3001 2840 3100 2902 τῆς
3158 2836 3267 2887 τῶν
3327 2828 3662 2908 φοιδεράτων
3725 2829 3854 2900 (31),

2213 2928 2240 2981 6
2273 2925 2331 2981 δὲ
2358 2933 2456 2995 τῆς
2497 2929 2592 2980 τοῦ
2622 2925 2869 2998 κόμητος
2899 2923 3102 2998 κόρτης
3161 2923 3271 2992 (32)
3299 2923 3398 2990 τήν
3431 2921 3606 2994 ἀρχὴν
3667 2917 3852 2992 ἐγχειο

2214 3019 2477 3092 ρίζονται,
2507 3020 2705 3090 Θωμᾶς
2737 3013 2795 3070 δὲ
2825 3013 2996 3090 μέχρι
3026 3010 3289 3068 κινδύνων
3345 3015 3422 3082 τῷ
3471 3009 3592 3082 ἰδίῳ
3625 3006 3854 3081 δεσπότῃ

2216 3108 2439 3182 ἀφοσιοῖ
2461 3107 2525 3160 τὰ
2553 3113 2652 3175 τῆς
2696 3103 2949 3166 πίστεως.
3014 3103 3146 3158 Εἶτα
3200 3103 3291 3156 τὸν
3348 3104 3444 3156 τοῦ
3503 3103 3636 3155 Θεοῦ
3691 3092 3858 3176 φοϐον

2215 3195 2266 3250 ἐν
2298 3192 2497 3270 καρδίᾳ
2523 3193 2856 3267 κεκτημένος
2908 3193 2936 3246 6
2996 3189 3312 3266 Βαρδάνιος,
3369 3189 3459 3244 καὶ
3519 3185 3712 3251 δεδιὼς
3771 3188 3867 3259 μή·

2215 3306 2333 3347 πως
2388 3281 2458 3339 δι’
2511 3283 2671 3338 αὐτὸν
2735 3281 3005 3360 ἐμφύλιος
3086 3282 3308 3357 γενηται
3367 3276 3637 3350 πόλεμος,
3695 3277 3863 3349 λάθρα

2215 3375 2354 3447 πρὸς
2380 3375 2472 3429 τὸν
2509 3373 2732 3450 βασιλέα
2782 3373 3046 3446 ἐκπέμπει
3105 3372 3303 3446 Λόγους
3360 3369 3615 3430 ἀπαθείας
3671 3371 3857 3436 ζητῶν·

2215 3465 2305 3520 καὶ
2339 3460 2522 3520 λαϐὼν
2580 3465 2908 3535 ναυσιπόρος
2967 3459 3151 3536 διέδρα
3198 3462 3410 3531 νυκτὸς,
3471 3459 3559 3515 καὶ
3617 3457 3860 3519 ἀπελθὼν

2217 3553 2269 3608 ἐν
2355 3559 2435 3627 τῷ
2517 3548 2845 3625 Καταϐολίῳ
2925 3555 3036 3625 (33)
3087 3551 3163 3614 εἷς
3219 3552 3320 3619 τήν
3395 3554 3489 3604 τοῦ
3546 3546 3862 3622 Ἡρακλείου

2223 3644 2397 3717 μονῆν
2477 3641 2664 3718 γέγονε
2735 3642 2994 3716 μοναχός.
3053 3642 3111 3696 Ὀ
3170 3638 3226 3694 δὲ
3290 3641 3406 3712 μετ’
3489 3635 3654 3693 αἱ)τοῦ
3738 3636 3862 3696 λαὸς

2219 3731 2406 3788 οἷ’καδε
2434 3732 2638 3813 ᾤχετο.
2701 3730 3198 3807 Σχηματισάμενος
3251 3727 3297 3784 δ’
3354 3731 3381 3784 6
3417 3727 3675 3804 βασιλεῦς
3735 3727 3861 3802 ἀγα-

2219 3827 2332 3896 γεῖν
2391 3822 2482 3877 τὸν
2543 3818 2843 3898 Βαρδάνιον
2922 3819 2974 3876 ἒν
3051 3824 3121 3894 τῇ
3171 3817 3329 3874 πόλει
3398 3816 3656 3894 δρόμωνα
3707 3816 3859 3887 ἐξαπ-

2219 3911 2590 3974 έστειλε.Τοῦ
2648 3910 2706 3968 δὲ
2760 3913 3205 3987 παραγενομένου
3261 3910 3311 3964 ἐν
3368 3909 3436 3986 τῇ
3499 3911 3695 3986 Πρώτη
3757 3907 3860 3983 (34)

2218 4004 2370 4076 νήσῳ
2425 4003 2560 4075 πρὸς
2611 4003 2710 4072 τὴν
2779 4003 2951 4077 μονὴν
2980 4002 3046 4072 ἣν
3107 4001 3268 4063 αὐτὸς
3324 3999 3697 4070 κατεσκεύασε,
3731 4018 3865 4070 προ-

462 4089 676 4144 ἀστειον
710 4089 870 4142 οὖσαν
904 4087 1094 4158 αὐτοῦ,
1129 4085 1490 4161 ἐκτυῳλοῦται
1523 4088 1626 4144 ὑπὸ
1650 4089 1938 4145 Λυκαόνων
1966 4095 2130 4145 τινῶν
2168 4091 2364 4168 γνώμῃ
2424 4096 2520 4147 τοῦ
2583 4090 2876 4163 βασιλέως.
2931 4093 3017 4167 [Ρ.
3073 4092 3200 4164 477]
3261 4091 3354 4145 Διὸ
3406 4088 3494 4144 ἐπὶ
3543 4092 3612 4163 τῇ
3643 4089 3858 4160 τοιαύτῃ

468 4177 744 4252 ὑποκρίσει
778 4175 936 4246 δῆθεν
971 4175 1260 4247 λυπηθεὶς,
1286 4178 1492 4240 πάντας
1527 4181 1642 4252 μεθ’
1675 4181 1854 4254 ὅρκων
1887 4178 2346 4260 ἔπληροφόρησεν
2382 4181 2618 4237 ἀναίτιον
2646 4181 2806 4237 αὐτὸν
2863 4180 3000 4236 εἶναι
3055 4184 3152 4236 τοῦ
3207 4179 3462 4236 τοιούτου
3501 4175 3783 4254 δράματος
3832 4177 3857 4230 6

463 4263 738 4340 μηδέποτε
768 4265 1089 4338 εὐορκήσας.

532 4368 704 4420 Anno
734 4365 769 4418 2
791 4364 1160 4420 Stauracium
1191 4363 1380 4422 ﬁlium
1413 4384 1585 4424 suum
1617 4375 1883 4437 coronat,
1911 4369 2098 4424 homi-

2283 4372 2375 4442 Τῷ
2549 4367 2655 4425 ἔτει
2714 4366 2902 4445 tanta
2957 4367 3050 4424 τὸν
3110 4367 3226 4422 υἱὸν
3282 4365 3447 4423 αὐτοῦ
3513 4370 3860 4443 Σταυρακιον,

463 4471 600 4510 nem
631 4469 826 4526 neque
855 4453 1045 4509 forma
1075 4471 1266 4525 neque
1298 4457 1498 4512 animo
1530 4475 1722 4530 neque
1757 4459 1976 4514 viribus
2009 4478 2113 4515 no-

463 4543 666 4601 bilem.
701 4542 920 4598 Eodem
951 4560 1105 4598 anno
1138 4543 1198 4599 in
1231 4546 1454 4602 Arabes
1515 4549 1840 4604 exercitum
1900 4549 2068 4604 duxit
2099 4565 2112 4616 ;

463 4632 770 4705 victusque
793 4643 852 4688 et
886 4632 1318 4703 prepemodum
1341 4635 1412 4690 ab
1443 4636 1714 4694 hostibus
1747 4638 2118 4710 captus(qui-

465 4725 600 4781 dam
632 4723 790 4779 enim
822 4721 1039 4777 ducum
1061 4722 1364 4778 fortissimi
1398 4742 1551 4797 (egre
1583 4743 1717 4782 eum
1745 4727 2113 4798 eripuerunt)

469 4832 604 4874 cum
637 4813 926 4870 dedecore
944 4811 1185 4867 domum
1207 4813 1404 4869 rediit.

2224 4459 2489 4528 ἀποίητον
2524 4462 2634 4532 (35)
2684 4454 2812 4514 ὅντα
2867 4461 2936 4532 τῇ
2963 4479 3022 4513 τε
3079 4455 3191 4528 ἰδέᾳ
3221 4457 3311 4511 καὶ
3340 4457 3532 4530 γνώμῃ
3556 4457 3644 4512 καὶ
3676 4457 3858 4530 ῥώμῃ.

2221 4547 2405 4620 Τούτῳ
2424 4552 2503 4619 τῷ
2533 4545 2636 4603 ἔτει
2659 4547 2850 4619 ἐξῆλθε
2879 4547 3013 4602 κατά
3043 4541 3309 4621 Ἀράϐων,
3336 4548 3424 4600 καί
3461 4547 3576 4618 μετ’
3605 4545 3864 4620 αἰσχύνῃς

2223 4635 2476 4706 ἡττηθεὶς
2511 4635 2824 4711 ὑπέστρεψε,
2856 4635 3001 4710 παρὰ
3035 4635 3230 4710 μικρὸν
3260 4634 3544 4710 συσχεθετς
3567 4634 3654 4690 καὶ
3687 4634 3862 4703 αὐτὸς,

2226 4723 2274 4779 εἴ
2308 4726 2382 4798 μή
2417 4745 2558 4786 τινες
2589 4730 2695 4780 τῶν
2727 4723 3011 4799 ἀρχόντων
3039 4721 3410 4801 ἀνδρειότατοι
3466 4721 3655 4780 τοῦτον
3709 4723 3867 4799 μόλις

2223 4813 2644 4889 περιεσὼσαντο.

1705 4914 2072 4971 XYLANDRI
2102 4915 2189 4970 ET
2219 4916 2437 4971 GOARI
2466 4916 2690 4973 NOTAE.

543 5009 668 5084 (30)_
689 5007 993 5084 Eguefcitus.
1031 5002 1201 5084 quod
1220 5001 1553 5084 prolipcias
1571 5003 1754 5084 etiam
1787 5002 1934 5058 alias
1970 5003 2126 5084 desi-

470 5071 752 5151 gnatSed
781 5079 1034 5132 Zonaras
1049 5071 1274 5151 scribit
1317 5071 1462 5144 Ἑῷα
1519 5075 1790 5151 τάγματα,
1825 5076 2118 5130 exercitus

473 5147 749 5212 Orientis.
784 5164 921 5204 eum
941 5163 1185 5218 creasse
1221 5147 1664 5218 imperatorem.
1700 5147 1816 5201 XYL

546 5228 656 5293 itit)
687 5225 799 5277 Pro
831 5215 1191 5291 φοιϐεράτων,
1225 5215 1384 5293 quod
1414 5217 1563 5293 nihil
1587 5218 1773 5288 (puto)
1807 5219 2121 5290 significat,

479 5290 814 5368 φοιρεράτιυν
838 5290 909 5346 ex
940 5290 1281 5368 conjectunra
1316 5290 1484 5368 legit
1519 5306 1860 5368 quanquam
1898 5307 2124 5368 rursus

477 5355 541 5418 i'n
577 5355 762 5418 Leone
793 5355 1070 5437 Armenio
1101 5355 1716 5437 φοιϐερᾴτιῖινιεξςιιῐυπξ
1751 5361 1862 5416 Sed
1896 5362 1975 5416 ibi
2014 5364 2122 5417 Zo-

488 5451 663 5506 naras
689 5432 1021 5506 φοιδεράτων
1049 5432 1243 5488 habet.
1278 5435 1414 5490 XvL.

560 5505 673 5574 (32)
704 5504 821 5568 Qui
850 5504 1022 5574 comes
1052 5506 1476 5574 cortinariorum
1521 5520 1555 5559 a
1604 5504 1829 5560 Codino
1861 5504 2078 5560 dicitur
2109 5520 2124 5558 :

498 5572 825 5650 bquetooft
851 5572 913 5650 δὲ
939 5575 990 5627 οἱ
1021 5573 1372 5650 κοριτ-ινάριοι
1429 5575 1504 5636 εἰς
1565 5574 1665 5650 τῄν
1727 5579 1824 5650 τοῦ
1859 5574 2126 5650 βασιλέως

489 5640 718 5716 σκηνήν.
749 5647 822 5701 Et
847 5646 1066 5704 iterum
1090 5640 1112 5701 ’ς
1146 5640 1366 5699 sici-mi
1396 5640 1729 5720 κορτινάριοι
1761 5640 1979 5724 ἔχοντες
2037 5645 2130 5700 καὶ

2241 4997 2638 5082 οὖτᾼοιὶὲνοχον,
2667 5003 2726 5065 ’ὀς
2755 5005 2936 5082 κόμης
2965 5001 3231 5058 καλεῖται.
3267 5005 3440 5062 GOAR.

2301 5075 2414 5148 (33)
2448 5075 2658 5133 Si'hon
2699 5075 3030 5148 proprium,
3090 5084 3326 5148 portum
3385 5081 3487 5131 aut
3558 5075 3865 5131 stationem

2232 5147 2468 5202 navium
2503 5147 2786 5204 denotare
2817 5147 3066 5204 videtur.
3097 5147 3224 5204 XYL
3263 5179 3330 5189 —
3357 5148 3575 5203 Ciliciae
3600 5148 3740 5202 urbs
3766 5151 3866 5202 est.

2232 5223 2448 5275 Anton.
2491 5221 2664 5276 ϐοτη.

2304 5293 2418 5360 (34)
2449 5293 2622 5347 Juxta
2660 5291 2892 5360 urbem,
2925 5291 3323 5362 Propontidos
3364 5291 3575 5347 insula.
3599 5293 3770 5347 GOAR.

2302 5364 2417 5432 (35)
2449 5365 2742 5434 Ineptum,
2775 5363 3000 5418 nullius
3031 5365 3225 5434 pretii,
3248 5365 3577 5433 ungemacht
3606 5363 3870 5418 oderun-

2233 5436 2566 5504 geschaﬁ‘en.
2591 5440 2656 5489 ut
2687 5452 2795 5489 nos
2827 5435 3144 5505 loquimur.
3177 5437 3430 5490 Zonaras
3463 5452 3586 5489 rem
3620 5434 3872 5505 explica-

2235 5506 2316 5558 vit
2345 5505 2643 5561 disertius.
2681 5507 2808 5560 XvL.
2839 5504 2922 5546 -ί
2949 5508 3186 5561 Fatuum
3245 5514 3304 5560 et
3359 5509 3612 5574 inertem,
3672 5504 3771 5576 qui
3803 5514 3870 5556 ne

2237 5577 2566 5648 quidquam
2597 5593 2769 5650 agere
2799 5583 2901 5633 aut
2934 5578 3127 5633 moliri
3163 5585 3373 5650 potest.
3404 5579 3578 5634 GOAR.
