4148 6212
334 164 492 280 ’919

1716 214 2037 282 GEORGII
2079 216 2424 285 GEDRENI
3668 222 3793 282 920

378 352 623 423 Cyprios
663 351 909 425 pepulit,
954 368 1286 425 magnaque
1344 356 1515 426 parta
1560 351 1764 426 praeda
1813 369 2022 427 pacem

2160 356 2265 420 τοὺς
2296 354 2572 431 Κυπρίους
2618 353 2934 429 μετέστησε,
2964 352 3055 410 καὶ
3102 352 3324 424 πολλῆν
3355 351 3560 415 ἅλωσιν
3616 354 3797 425 ποιῆ-

384 440 643 497 discidit.

451 531 607 589 836
628 533 799 588 Anno
852 538 1014 588 sexto
1046 532 1270 589 Arabes
1319 550 1455 590 cum
1511 533 1700 591 classe
1756 533 2029 590 Rhodum

381 622 758 694 appulerunt,
795 622 1115 694 multisque
1139 623 1326 696 captis
1344 623 1690 680 hominibus
1713 623 2030 680 castellum

383 727 670 782 occupare
703 711 1119 783 nequiverunt.
1152 714 1218 768 In
1251 712 1448 769 reditu
1478 730 1613 770 cum
1646 715 1806 786 Myra
1833 712 2031 768 venis-

384 805 535 863 sent,
569 799 764 856 conati
796 815 1025 858 sacram
1073 801 1192 856 divi
1243 801 1463 858 Nicolai
1522 802 1733 858 cistam
1765 800 2032 858 confrin-

379 905 537 963 gere.
569 889 748 946 aliam
778 907 961 963 prope
994 891 1171 946 sitam
1203 891 1333 964 ejus
1363 892 1492 948 loco
1523 892 2028 948 comminuerunt.

382 979 711 1050 Statimque
750 978 1004 1036 classem
1050 997 1266 1051 magna
1312 986 1621 1037 ventorum
1672 981 1936 1054 procella
1978 984 2037 1035 et

383 1068 823 1124 maritimorum
872 1068 1162 1126 ﬂuctuum
1214 1069 1470 1142 impetus
1500 1070 1951 1142 tonitruumque
1977 1072 2036 1124 et

384 1156 685 1231 fulgurum
715 1157 1054 1229 promiscua
1088 1165 1408 1231 tempestas
1438 1160 1673 1217 invasit.
1696 1159 2033 1229 multasque

384 1263 563 1303 naves
593 1248 886 1319 contrivit,
919 1248 1003 1304 ita
1034 1254 1100 1305 ut
1127 1250 1319 1305 sancti
1349 1249 1460 1305 viri
1500 1250 1835 1324 potentiam
1879 1248 2036 1304 mul-

388 1336 578 1394 titudo
608 1336 975 1394 intellexerit
1024 1342 1083 1394 et
1110 1344 1328 1412 printer
1359 1357 1528 1413 spem
1572 1340 1821 1396 exitium
1853 1339 2034 1395 evita-

390 1428 563 1485 verit.

463 1521 686 1575 Anno?
715 1519 1053 1577 Theedorus
1095 1520 1365 1577 Studiani
1431 1522 1665 1598 collegii
1724 1522 2040 1596 praefectus

393 1610 833 1682 ejusquefratcr
859 1611 1151 1683 Iosephus
1180 1612 1610 1670 Thessalonica
1643 1613 2043 1685 archiepisco-

2135 466 2229 508 σας
2254 445 2355 513 τῆν
2386 443 2610 520 εἰρήνην
2655 440 2959 521 διέστρεψε.

2205 535 2302 606 Τῷ
2332 540 2375 598 ς’
2404 530 2509 589 ἔτει
2541 533 2593 589 οἱ
2623 527 2851 610 ’Ἄραϐες
2886 536 3022 607 μετᾶ
3059 531 3260 590 στόλου
3291 533 3389 603 τῆν
3420 528 3613 589 Ῥόδον
3664 551 3797 586 κατ·

2134 618 2357 694 ἐλαόον,
2408 622 2498 678 καὶ
2554 620 2806 686 πολλοὺς
2865 619 3382 700 αῗχμαλωτίσαντες
3432 621 3494 677 τὸ
3523 621 3800 702 φςούριον

2134 719 2401 788 κρατῆσαι
2460 712 2561 769 οὐκ
2642 710 2893 789 ἴσχυσαν.
2983 713 3070 770 Ἐν
3145 709 3201 768 δὲ
3252 716 3335 787 τῷ
3389 710 3797 791 ἐπανέρχεσθαι

2136 803 2331 865 αὐτοὺς
2362 801 2609 868 ἐλθόντες
2655 801 2732 865 εἷς
2788 802 2856 859 τὰ
2908 801 3090 875 Μύρα,
3140 805 3240 874 τῆν
3288 801 3438 877 ἱερὰν
3493 805 3591 857 τοῦ
3628 799 3798 875 ἁγίου

2139 890 2414 951 Νικολάου
2473 892 2717 967 λάρνακα
2797 889 3144 968 πειραθέντες
3227 894 3536 967 συντρῖψαι,
3605 887 3801 960 ἄλλην

2139 982 2248 1039 ἀντ’
2304 981 2516 1055 ἐκείνης
2571 982 2810 1053 πλησίον
2866 981 3119 1057 κειμένην
3188 980 3533 1056 συνέτριψαν
3590 979 3800 1035 αὐτίκα

2136 1093 2196 1128 τε
2243 1069 2432 1144 πολλή
2493 1071 2706 1147 ἀνέμων
2764 1069 2969 1127 θύελλα
3016 1072 3108 1128 καὶ
3161 1070 3461 1127 θαλαττίων
3521 1070 3798 1144 κυμάτων

2140 1164 2281 1241 φορὰ
2315 1163 2556 1241 βροντῶν
2586 1184 2643 1218 τε
2671 1162 2762 1218 καὶ
2795 1162 3081 1239 ἀστραπῶν
3131 1160 3422 1235 ἀνωμαλία
3449 1161 3540 1217 τὸν
3584 1158 3797 1216 στόλον

2140 1246 2458 1323 κατέλαϐεν,
2525 1251 2599 1316 ὡς
2659 1250 2809 1307 ῗκανὲι
2865 1246 3218 1325 συντριϐῆναι
3250 1250 3456 1330 σκάφη,
3512 1247 3680 1306 αὐτόν
3742 1270 3805 1305 τε

2139 1343 2231 1399 τὸν
2289 1339 2423 1398 λαὸν
2480 1341 2777 1422 ἐπιγνῶναι
2832 1344 2934 1414 τὴν
2989 1340 3083 1398 τοῧ
3139 1341 3300 1420 ἁγίου
3359 1339 3586 1417 δύναμιν
3625 1385 3643 1411 ,
3698 1338 3794 1395 καὶ

2143 1433 2271 1503 παρ’
2296 1429 2494 1488 ἐλπίδα
2531 1433 2632 1504 τῆν
2662 1433 2902 1503 κάκωσιν
2929 1433 3207 1510 ἓκφυγεῖν.

2214 1522 2302 1597 Τῷ
2336 1526 2375 1592 ζ⁴
2432 1515 2539 1578 ἔτει
2604 1518 2884 1598 Θεόδωρος
2940 1521 2968 1577 ὁ
3026 1521 3336 1598 ἡγούμενος
3388 1526 3497 1576 τῶν
3523 1517 3802 1577 Στουδίου

2143 1610 2233 1667 καὶ
2270 1612 2472 1691 Ἰωσήφ
2504 1612 2532 1667 ὁ
2572 1609 2912 1692 αὖτάδελφος
2973 1609 3137 1666 αὐτοῦ
3176 1608 3610 1691 ἆρχεεπίσκοπος
3663 1616 3806 1664 Θεσ-

392 1715 525 1772 pus,
547 1715 681 1755 cum
702 1699 945 1756 Platone
968 1701 1200 1757 incluso
1224 1707 1283 1757 et
1298 1702 1547 1774 reliquis
1578 1703 1906 1767 monachis,
1924 1720 1987 1759 se
2004 1718 2038 1758 a

2160 1698 2466 1772 ςαλονίκης,
2500 1700 2615 1776 ἅμα
2672 1700 2925 1757 Πλάτωνι
2979 1697 3277 1775 ἔγκλείστῳ
3304 1700 3395 1756 καὶ
3426 1705 3544 1762 τοῖς
3572 1699 3802 1762 λοιποῖς

393 1788 748 1845 commercio
771 1788 927 1845 beati
950 1790 1301 1862 patriarchae
1324 1791 1637 1864 Nicephori
1660 1790 2042 1848 absciderunt

393 1883 636 1950 propter
660 1878 981 1951 Iosephum
1030 1878 1527 1952 dispensatorem,
1571 1881 1730 1953 quod
1758 1882 1808 1936 is
1838 1887 2045 1937 contra

395 1966 555 2042 leges
576 1968 1033 2024 Constantinum
1059 1974 1117 2025 et
1144 1970 1509 2026 Theodotam
1542 1977 1907 2027 coronasset.
1939 1972 2048 2026 Im-

397 2062 636 2128 perator
647 2073 715 2112 ea
727 2057 1523 2128 arreptaoccasione,multis
1545 2060 1839 2132 episcopis
1862 2064 1921 2114 et
1936 2059 2047 2131 pri-

398 2147 603 2203 mariis
630 2146 770 2201 viris
802 2147 1158 2219 convocatis,
1186 2148 1382 2205 effecit
1410 2154 1477 2204 ut
1505 2155 1713 2205 contra
1738 2149 1875 2205 illos
1905 2166 2048 2205 con-

401 2238 605 2294 cilium
636 2237 958 2294 haberetur
984 2254 998 2305 ;
1024 2238 1185 2311 quod
1220 2256 1321 2295 eos
1352 2245 1409 2295 et
1431 2240 1791 2296 monasterio
1822 2245 1882 2296 et
1900 2239 2047 2296 urbe

404 2326 771 2399 ejecitatque
789 2328 1087 2400 relegavit.
1111 2327 1333 2384 Eodem
1360 2346 1516 2386 anno
1549 2347 1682 2386 cum
1695 2329 1769 2386 ad
1793 2330 2051 2403 Strymo-

403 2434 542 2474 nem
564 2418 862 2490 stipendia
889 2418 1257 2475 multitudini
1291 2420 1681 2489 solverentur,
1706 2419 1941 2494 Bulgari
1960 2437 2053 2476 su-

402 2509 525 2565 bito
555 2508 851 2565 irruentes
892 2526 962 2565 ea
1016 2509 1480 2582 interceperunt,
1513 2512 1642 2567 auri
1674 2511 1857 2568 libras
1891 2512 2048 2580 1100,

403 2596 733 2669 ducemque
764 2614 897 2654 cum
931 2599 1193 2655 exercitu
1211 2593 1585 2669 occiderunt,
1615 2606 1672 2656 et
1696 2606 1863 2673 rapto
1887 2599 2049 2656 tuldo

404 2685 826 2742 discesserunt.
854 2688 934 2742 Eo
966 2688 1093 2759 ipso
1110 2693 1377 2761 tempore
1402 2695 1649 2745 Crumus
1672 2689 2051 2757 Bulgarorem

402 2776 681 2848 princeps
699 2774 1000 2831 Sardicam
1016 2777 1173 2849 cepit
1193 2783 1251 2832 et
1272 2794 1373 2833 sex
1394 2778 1585 2834 millia
1607 2777 1862 2834 militum
1875 2794 2053 2834 neca-

402 2864 878 2935 vit.Nicephorus
895 2870 1094 2921 autem
1121 2867 1493 2939 expeditione
1511 2873 1720 2925 contra
1739 2884 1876 2925 eum
1898 2868 2053 2924 facta

404 2968 683 3026 magnum
721 2959 782 3009 et
808 2953 1195 3011 memorabile
1249 2955 1400 3011 nihil
1431 2956 1568 3030 egit.
1600 2957 1750 3014 837
1807 2957 2052 3030 Elapsos

404 3043 647 3115 quidem
676 3045 813 3117 fuga
843 3043 1022 3102 duces
1065 3046 1299 3102 veniam
1330 3053 1663 3120 poscentes,
1696 3065 1766 3105 ea
1808 3065 1928 3104 non
1959 3048 2052 3103 di-

404 3149 616 3205 gnans,
648 3134 1014 3209 transfugere
1045 3135 1120 3192 ad
1138 3136 1340 3192 hostes
1370 3139 1579 3212 coegit,
1614 3139 1746 3193 Fuit
1776 3139 1935 3194 inter
1950 3154 2051 3193 eos

403 3222 755 3295 Euthymius
786 3224 1121 3296 spatharius
1154 3225 1560 3281 mechanicus.
1584 3227 1725 3282 Orta
1753 3232 1960 3282 contra
1991 3243 2052 3282 se

406 3311 716 3377 seditione,
740 3313 1057 3384 plerosque
1089 3311 1262 3368 donis
1294 3312 1573 3370 delinitos
1601 3315 1911 3388 postmodo
1942 3331 2053 3387 pu—

406 3400 830 3457 blicationibus
852 3402 1147 3459 bonorum
1168 3409 1226 3459 et
1239 3403 1464 3459 exsiliis
1485 3404 1648 3460 ultus
1677 3411 1786 3462 est.
1809 3404 1972 3461 Idem
1992 3409 2058 3460 ut

411 3490 704 3547 exercitus
762 3491 1143 3563 deprimeret,
1195 3492 1355 3565 quod
1383 3509 1506 3550 non
1536 3494 1676 3551 mali
1707 3495 2058 3568 excogitavit

411 3581 692 3638 adversus
720 3581 1084 3638 Christianos
1112 3583 1140 3640 ?
1168 3584 1367 3640 Primo
1398 3583 1558 3640 enim
1590 3584 1953 3642 Christianos
1984 3601 2055 3641 ex

412 3670 689 3729 omnibus
718 3668 1061 3746 regionibus
1084 3672 1145 3728 in
1159 3673 1481 3731 Slaviniam
1493 3674 1685 3749 coegit
1700 3675 2055 3748 demigrare,

412 3766 469 3818 et
490 3778 696 3818 eorum
720 3760 1118 3819 habitationes
1143 3761 1503 3833 divendidit;
1526 3781 1658 3836 quae
1680 3781 1776 3821 res
1800 3764 1953 3820 nihil
1982 3762 2054 3820 ab

408 3852 605 3909 hostili
633 3852 972 3925 captivitate
1006 3852 1219 3923 abfuit,
1251 3852 1529 3909 omnibus
1560 3853 1622 3909 in
1653 3870 1918 3911 summas
1947 3870 2057 3909 an-

406 3944 627 4017 gustias
649 3943 955 4016 conjectis.
983 3943 1320 4002 Secundum
1339 3945 1723 4014 maleﬁcium,
1745 3945 2059 4019 imperavit

406 4039 471 4089 ut
496 4034 663 4108 egeni
687 4034 1036 4102 militarent,
1071 4033 1262 4106 iisque
1280 4050 1315 4090 a
1336 4033 1541 4091 vicinis
1565 4050 1733 4091 arma.
1752 4040 1810 4091 et
1830 4035 1902 4090 sti
1908 4050 2057 4108 pen-

408 4121 507 4179 dia
529 4122 590 4180 in
614 4122 882 4195 singulos
907 4124 973 4178 18
996 4123 1421 4179 nomismatum
1446 4122 1826 4191 darentur,ac
1843 4140 2057 4181 census

2152 1797 2444 1868 μοναχοῖς,
2472 1797 2574 1863 τῆς
2611 1789 2898 1864 κοινωνίας
2956 1789 3273 1866 Νίκηφόρου
3328 1793 3426 1846 τοῦ
3480 1788 3805 1866 άγιωτάτου

2148 1881 2495 1960 πατριάρχου
2576 1878 2875 1957 άπέσχισαν
2943 1875 3033 1934 διὰ
3091 1880 3293 1959 Ἰωσὴφ
3346 1877 3442 1934 τὸν
3501 1876 3805 1953 οἶκονόμον

2151 1971 2226 2036 ὡς
2307 1970 2640 2047 παρανόμως
2727 1971 3138 2048 στεφανώσαντα
3224 1974 3618 2024 Κωνσταντῖνον
3706 1966 3802 2022 καὶ

2151 2057 2419 2131 Θεοδότην
2458 2061 2593 2134 (38).
2627 2059 2692 2115 Ὀ
2718 2056 2776 2115 δὲ
2802 2058 3057 2135 βασιλευς
3112 2054 3370 2133 ἀφορμῆς
3437 2055 3805 2135 δραξάμενος,

2152 2147 2482 2212 ἐπισκόπους
2512 2146 2761 2212 πολλοὺς
2801 2147 2893 2205 καὶ
2949 2147 3294 2226 ἡγουμένους
3358 2145 3637 2223 ἀθροίσας,
3674 2145 3803 2200 οὖν·

2153 2235 2277 2295 οδον
2332 2239 2451 2294 κατ’
2501 2238 2670 2294 αὐτοῦ
2725 2244 3063 2314 κροτηθῆναι
3121 2235 3404 2306 ἐκέλευσε,
3460 2232 3529 2292 δι’
3586 2236 3658 2307 ἦς
3720 2234 3807 2306 ἰξ-

2154 2322 2465 2400 εϐλήθησαν
2496 2334 2596 2399 τῆς
2656 2334 2831 2402 μονῆς
2884 2327 2975 2383 καὶ
3029 2334 3128 2397 τῆς
3187 2326 3424 2389 πόλεως,
3482 2323 3670 2401 ἐξορίᾳ
3700 2347 3809 2380 πα-

2157 2418 2579 2496 ραπεμφθέντες.
2640 2419 2737 2492 Τῷ
2796 2414 2844 2472 δ’
2901 2415 3049 2489 αὖτῷ
3113 2411 3220 2473 ἔτει
3280 2415 3448 2494 ρόγας
3509 2412 3812 2488 διδομένης

2154 2513 2232 2581 τῷ
2287 2505 2410 2581 λαῷ
2466 2505 2519 2563 ἐν
2577 2506 2907 2582 Στρυμόνι,
2966 2505 3311 2569 ἐπιπεσόντες
3390 2504 3442 2561 οἱ
3498 2503 3810 2580 Βοόλγαροι

2152 2596 2357 2667 ταύτην
2429 2593 2751 2677 ἀφείλοντο,
2809 2593 3040 2671 χρυσίου
3098 2593 3289 2670 λίτρας
3349 2592 3536 2670 χιλίας
3593 2593 3805 2663 ἑκατὸν,

2154 2686 2242 2743 καί
2298 2684 2390 2741 τὸν
2448 2685 2753 2764 στρατηγὸν
2807 2686 2942 2758 ἅμα,
2980 2688 3063 2758 τῷ
3128 2681 3248 2758 λαῷ
3297 2682 3655 2759 κατέσφαξαν,
3714 2683 3804 2739 καὶ

2156 2772 2418 2841 λαϐόντες
2472 2776 2536 2832 τὸ
2590 2771 2823 2832 τοῦλδον
2884 2773 3238 2849 ὑπέστρεψαν,
3296 2778 3383 2847 Τῷ
3437 2770 3585 2846 αὖτῷ
3614 2772 3805 2850 χρόνῳ

2156 2869 2411 2942 Κροῦμος
2444 2865 2473 2921 ὁ
2522 2868 2631 2920 τῶν
2690 2861 3029 2940 Βουλγάρων
3084 2861 3338 2943 ἀρχηγὸς
3395 2863 3493 2931 τῆν
3526 2858 3803 2934 Σαρδικήν

2155 2948 2452 3033 παρέλαϐε,
2481 2953 2571 3010 καὶ
2627 2950 2889 3034 χιλιάδας
2948 2952 2993 3018 ς’
3050 2957 3394 3028 στρατιωτῶν
3451 2948 3804 3030 κατέσφαξεν.

2161 3046 2224 3104 ⁸0
2279 3041 2335 3101 δὲ
2387 3044 2704 3124 Νικηφόρος
2764 3040 2921 3114 δῆθεν
2978 3043 3095 3098 κατ’
3153 3042 3321 3098 αὐτοῦ
3384 3040 3618 3113 ὶξελθὼν
3651 3040 3805 3114 ἆξιόο

2165 3134 2328 3214 λογον
2392 3133 2486 3209 μὲν
2547 3128 2698 3188 οὐδὲν
2758 3130 3003 3202 ἐποίησε,
3058 3136 3175 3194 τοῖς
3227 3128 3283 3187 δὲ
3337 3132 3714 3207 περισοιθεῖσιν
3748 3129 3809 3186 ἐκ

2160 3228 2261 3296 τῆς
2315 3230 2493 3302 φυγῆς
2551 3219 2813 3299 ἄρχουσιν
2885 3220 3096 3277 αἰτοῦσι
3162 3217 3330 3296 λόγον
3391 3219 3665 3295 σωτηρίας
3727 3220 3803 3293 μὴ

2165 3310 2293 3376 δοὺς
2348 3317 2468 3378 τοῖς
2523 3309 2746 3388 ἐχθροῖς
2803 3316 3134 3389 προσιρυγεὶν
3217 3306 3492 3380 ἐϐιάσατο,
3540 3307 3591 3366 ἐν
3627 3310 3710 3371 οἷς
3739 3309 3804 3379 ἧν

2164 3401 2441 3476 Εὐθῦμιος
2500 3400 2800 3476 σπάθάριος
2862 3398 3192 3475 μηχανικός,
3238 3402 3320 3473 [Ρ.
3377 3396 3506 3472 479]
3560 3398 3809 3459 Στάσεως

2166 3489 2223 3548 δὲ
2251 3489 2335 3547 ἐπ’
2363 3489 2510 3563 αὖτῷ
2556 3488 2877 3565 γινομένης,
2936 3485 3137 3565 δώροις
3193 3486 3321 3550 τοὺς
3383 3486 3641 3550 πλείονας
3675 3487 3806 3542 ὑπ)-

2163 3579 2371 3655 κλέψας
2425 3578 2644 3656 ὕστερον
2728 3578 2966 3634 ἐκάκωσε
3047 3574 3342 3651 δημεύσεσι
3415 3577 3505 3632 καὶ
3574 3575 3809 3651 ἐξορίαις

2163 3665 2589 3727 καθυποϐαλὼν.
2651 3668 2999 3744 Σκεψάμενος
3053 3663 3111 3723 δὲ
3175 3671 3502 3724 ταπεινῶσαι
3530 3667 3597 3722 τὰ
3650 3686 3809 3744 στρα-

2161 3762 2425 3836 τεύματα,
2483 3766 2640 3817 ποῖον
2702 3757 2873 3816 δεινὸν
2923 3760 3060 3815 κατᾶ
3115 3760 3483 3833 Χριστιανοῶν
3533 3757 3634 3815 οὒκ
3684 3756 3813 3813 ἐπε-

2163 3851 2328 3922 νόησε
2372 3851 2533 3923 (39);
2628 3848 2929 3925 Προσέταξε
2983 3849 3085 3925 γὰρ
3149 3846 3279 3913 τοὺς
3335 3848 3691 3923 Χριστιανοὺς
3752 3846 3810 3902 ἐκ

2164 3940 2365 4004 παντὸς
2405 3940 2635 4014 θὲματος
2692 3935 2782 3993 ἒπὶ
2845 3937 2943 4002 τὰς
2997 3932 3323 4001 Σθλαὸινίας
3385 3936 3808 4009 μετοικίζεσθαι,

2165 4031 2259 4093 τὰς
2290 4027 2348 4086 δὲ
2374 4028 2583 4086 τούτων
2634 4029 2847 4092 στάσεις
2899 4027 3320 4105 πιπράσκεσθαι·
3377 4026 3467 4084 καὶ
3524 4028 3592 4098 ἧν
3629 4026 3810 4103 αἰχμ·

2165 4118 2407 4184 αλωσίας
2434 4119 2538 4175 οὐκ
2565 4115 2792 4175 ἔλαττον
2821 4118 2884 4174 τὸ
2938 4120 3186 4194 πρᾶγμα·
3220 4116 3306 4173 Ἐν
3366 4114 3656 4195 ἀμηχανία
3681 4114 3811 4179 τοὺς

1599 4221 1975 4293 ΧΥιΑΝυΒΙ,
1998 4223 2084 4278 ΕΤ
2121 4221 2340 4278 GOARI
2377 4220 2600 4278 NOTAE.

487 4316 600 4389 (38)
630 4321 779 4374 Ante
806 4319 933 4393 haec
954 4317 1133 4393 verba
1161 4318 1321 4376 haud
1350 4320 1526 4378 dubie
1556 4320 1786 4393 aliquid
1816 4322 2052 4379 excidit.
2089 4324 2132 4390 D
2164 4321 2486 4379 Com-arata?
2515 4319 2811 4393 monachus
2840 4324 2893 4393 et
2924 4318 3129 4393 Aabbas.‘
3167 4317 3713 4393 qui_jussu_Tarasii
3758 4314 3811 4393 vi

415 4387 567 4467 Nam
583 4407 776 4467 neque
795 4389 1087 4467 Iosephus
1103 4387 1678 4467 azconomusﬁneque'
1691 4393 2057 4467 Nicephorus

459 4461 755 4517 atriarcha
781 4461 883 4515 sed
898 4464 1074 4529 hujus
1085 4468 1427 4518 antecessor
1437 4461 1707 4520 Tarasius
1723 4461 2059 4538 patriarcha

416 4480 775 4589 1’i‘heodotam
801 4550 836 4588 a
859 4533 1245 4589 Constantino
1267 4534 1801 4589 reoudiataMarina
1819 4537 2056 4589 ductam

465 4533 836 4606 heodotamia
859 4533 1245 4606 tionstantino
1267 4533 1801 4606 repudiataMariha
1819 4537 2056 4592 ductam

418 4605 739 4660 coronavit.
776 4604 889 4659 Sed
935 4605 1063 4676 jam
1113 4611 1239 4660 tum
1294 4604 1601 4663 Platonem
1646 4610 2066 4665 communione

417 4676 635 4751 Tarasii
659 4676 958 4751 abstinere
987 4677 1236 4751 coepisse
1260 4678 1484 4751 scribit,
1517 4696 1873 4751 rursumque
1893 4680 2064 4736 Nice-

415 4748 587 4822 phori
610 4748 1099 4822 subrogationem
1124 4748 1336 4822 deinde
1358 4750 1748 4822 improbasse.
1778 4748 2061 4807 nimirum

415 4820 1092 4902 ambitione‘impulsum
1121 4836 1135 4885 ;
1168 4820 1327 4902 quod
1347 4820 2060 4902 Zonarasmondissimuo

414 4892 516 4966 lat.
558 4895 705 4966 Ergo
738 4892 1079 4964 imperator,
1114 4892 1213 4962 qui
1263 4898 1399 4966 ante
1454 4892 1526 4947 ob
1586 4893 1897 4949 dissidium
1924 4911 2060 4949 cum

412 4964 657 5021 Tarasio’
708 4967 864 5020 hunc
924 4966 1229 5019 Platonem
1278 4964 1458 5018 sciret
1502 4981 1537 5020 a
1565 4967 1950 5020 Constantino
1995 4967 2057 5020 in

411 5052 710 5094 carcerem
742 5034 923 5108 (quod
963 5036 1264 5108 annotavit
1311 5034 1491 5108 idem)
1541 5037 1898 5108 conjectum,
1932 5044 2057 5093 tum

412 5124 646 5180 quoque
671 5108 742 5164 de
772 5106 842 5180 eo
874 5123 1008 5163 cum
1042 5106 1217 5180 sociis
1247 5106 1487 5162 tandem
1519 5107 1813 5177 ejiciendo
1844 5125 1950 5180 per
1969 5126 2060 5165 oc.

412 5178 712 5235 casionem
733 5179 878 5260 egit,
895 5178 1187 5260 Iosephus
1219 5186 1418 5260 autem
1437 5195 1802 5260 inconomus
1817 5178 1966 5260 quid
1985 5180 2058 5237 ad

412 5263 697 5324 eam_rem
730 5249 1098 5324 conduxerit,
1122 5266 1241 5304 non
1270 5249 1471 5320 liquet.
1507 5250 1641 5306 XYL.
1666 5283 1733 5292 —
1764 5249 2007 5324 Proprie
2040 5268 2054 5307 :

411 5319 561 5386 quod
588 5322 654 5395 is.
679 5324 1000 5395 adversante
1020 5321 1199 5389 legum
1218 5319 1503 5395 sacrarum
1524 5324 1676 5393 jure.
1712 5319 2062 5395 nuptalihus

411 5392 628 5467 coronis
659 5392 930 5467 impositis
958 5393 1378 5467 Constantinum
1408 5402 1459 5450 et
1492 5392 1831 5467 Theodotum
1861 5399 2057 5467 conju-

410 5461 836 5546 Agﬂiocoipulasse‘t
877 5464 1003 5546 i‘\'on
1115 5464 1241 5546 ipse
1272 5480 1408 5546 vero
1427 5466 1804 5546 _Nicephorus
1836 5461 2058 5540 nuptiis

411 5529 687 5609 interfuit
730 5537 832 5587 aut
885 5529 1210 5602 benedixit,
1260 5535 1365 5609 sed
1419 5529 1711 5609 Iosephus
1749 5529 2060 5598 arcande

412 5599 486 5657 ab
543 5608 784 5658 auctore
862 5608 1103 5659 vocatus
1134 5646 1151 5674 ,
1197 5599 1245 5661 'a
1298 5599 1657 5679 Theophane
1733 5612 2061 5668 monasterii

2165 4410 2200 4449 a
2228 4391 2614 4448 Constantino
2644 4391 2935 4469 compulsi
2966 4389 3256 4469 nuptialis
3280 4388 3714 4469 benedictiopis
3741 4388 3812 4469 ri:

2166 4469 2290 4519 tum
2324 4471 2415 4520 est
2443 4461 2991 4529 exsecutus—Quem
3026 4461 3167 4532 quia
3196 4461 3559 4532 Nicephorus
3588 4461 3810 4516 Tarasii

2171 4552 2481 4591 successor
2519 4543 2578 4591 et
2632 4536 2828 4591 fautor
2882 4538 3338 4605 protegeretur.
3394 4532 3810 4605 ecclesiastica)

2170 4606 2610 4663 communionis
2665 4607 2892 4662 socium
2944 4605 3185 4672 faceret,
3238 4604 3407 4659 Plato
3454 4610 3515 4659 et
3566 4604 3810 4660 Studitaa

2168 4678 2471 4748 monachi,
2502 4678 2773 4735 nefandae
2802 4676 2965 4732 illius
2995 4676 3223 4748 copula:
3246 4674 3515 4748 perpetui
3536 4675 3809 4748 adversa—

2168 4750 2262 4818 rii,
2296 4746 2463 4806 velut
2492 4748 2873 4805 ecclesiastici
2898 4748 3055 4819 juris
3076 4746 3433 4819 ’violaturem
3491 4746 3805 4811 habebant,

2166 4839 2276 4877 nec
2298 4822 2487 4877 ullum
2502 4820 2787 4891 deinceps
2817 4817 3171 4891 sacramenti
3198 4819 3560 4873 consortium
3582 4832 3715 4891 cum
3737 4831 3805 4871 eo

2167 4894 2255 4948 vel
2289 4908 2422 4948 cum
2449 4889 2778 4963 Nicephoro
2826 4890 3082 4963 retinere
3139 4889 3548 4963 decreverunt.
3582 4890 3685 4963 His
3711 4895 3809 4944 at-

2166 4966 2348 5021 tentis
2373 4960 2898 5033 cuncta'Xylandri
2946 4960 3493 5033 diluunturgdubia
3548 4961 3809 5033 quidque

2166 5036 2227 5092 in
2261 5053 2330 5092 eo
2360 5031 2956 5114 coniugiodosephus
2968 5031 3325 5114 praestiterit
3369 5031 3810 5114 liqu.etI.Modus

2168 5125 2343 5190 porro
2374 5104 2655 5190 loquendi
2690 5106 2760 5190 de
2792 5104 3014 5190 nuptiis
3072 5104 3180 5161 sub
3238 5104 3638 5160 coronationis
3668 5117 3807 5158 voce

2169 5178 2382 5235 iterum
2411 5178 2832 5237 observandas.
2865 5178 3038 5233 Gosa'

2239 5252 2347 5321 (39)
2379 5251 2562 5306 Paulo
2594 5256 2743 5322 post.
2785 5266 2920 5305 cum
2955 5246 3257 5322 Cedrenus
3301 5245 3505 5304 decem
3550 5247 3808 5322 invectas

2167 5318 2417 5393 imperio
2442 5318 2810 5377 calamitates
2849 5338 2884 5377 a
2916 5321 3242 5393 Nicephoro
3276 5326 3586 5393 memorat,
3628 5318 3807 5375 libra-

2165 5391 2289 5448 rius
2321 5394 2631 5453 annotavit
2658 5394 2766 5449 sub
2787 5410 2856 5448 eo
2888 5407 3126 5463 quoque
3157 5391 3361 5445 decem
3384 5391 3584 5463 plagas
3605 5392 3804 5463 Roma:

2167 5482 2382 5521 norum
2416 5464 2665 5537 imperio
2696 5458 3399 5537 iuimissas,:respiciens'
3418 5458 3701 5537 nimirum
3728 5458 3802 5537 a_d

2165 5529 2521 5612 {Egyptiasz-
2542 5535 2810 5612 Ὥρα-καὶ
2869 5529 3351 5612 ὑπὸ--Νικήφόρου
3406 5536 3474 5608 τῇ
3533 5529 3803 5608 Ῥωμανίᾳ

2170 5603 2550 5682 ιπξνὲχθεῖσαν
2589 5603 2957 5684 δεκάπληγον.
2986 5608 3132 5664 ΧΠ..
