4148 6212
333 364 450 430 925

1473 360 2013 427 HISTORIARUM
2058 360 2629 438 COMPENDIUM.

3632 366 3754 431 928

335 519 433 563 νος
475 495 865 566 ὑπαντήσαντες
925 490 1236 568 Σαρακηνοὶ
1292 490 1371 557 εἲς
1448 493 1516 550 τὰ
1570 492 1819 570 Εὖχάϊτα
1874 496 1987 571 (46)

2102 504 2499 574 potentiorem
2531 523 2683 572 esse,
2715 504 2892 562 modo
2923 503 3137 560 callide
3182 504 3231 560 is
3262 503 3603 575 imperaret.
3634 500 3751 559 Sed

338 586 545 644 Λὲοντα
610 585 915 661 στρατηγὸν
974 588 1084 640 τῶν
1145 585 1518 659 Ἀρμενιακῶν
1571 582 1666 639 σὺν
1723 588 1792 651 τῆ
1861 586 2000 660 ρόγᾳ

333 681 432 732 τοῦ
462 675 719 748 θέματος,
770 673 977 745 ταύτην
1037 670 1325 752 ἂιρείλοντο
1385 672 1480 729 σὺν
1537 670 1740 746 πολλῷ
1793 671 1997 742 πλήθει

337 765 497 831 λαοῦ,
555 765 881 841 κεντηνάρια
968 763 1033 836 ιγ’
1085 761 1271 820 οὖσαν.
1332 762 1458 820 Ἐπὶ
1541 763 1760 825 τούτοις
1810 761 1907 818 οὖν
1965 763 1994 818 6

333 856 453 921 νέος
489 851 705 932 Ἀχαᾶϐ
749 857 825 929 μὴ
885 853 1213 925 παιδευθεὶς,
1272 855 1298 909 6
1358 850 1675 930 Φαλάριδος
1733 852 1823 909 καὶ
1894 852 1996 911 Μί-

339 943 441 1001 δου
526 944 935 1021 ἂπληστότερος
1023 944 1164 1000 κατὰ
1220 942 1550 1021 Βουλγάρων
1602 950 1995 1019 παρατάττεται

335 1036 448 1109 ἅμα
507 1033 831 1112 Σταυρακίῳ
906 1038 989 1107 τῷ
1045 1033 1147 1104 υἱῷ
1205 1032 1391 1092 αὐτοῦ.
1472 1032 1575 1089 Καὶ
1642 1029 1840 1104 ἐξελὼν
1893 1038 1995 1101 τῆς

338 1122 627 1201 βασιλίδος
682 1121 932 1181 ἐκέλευσε
976 1124 1223 1194 Νικήταν
1272 1121 1560 1199 πατρίκιον
1616 1121 1709 1179 καὶ
1784 1122 1995 1197 γενικὸν

336 1214 631 1289 λογο6ἐτην
687 1216 801 1289 (47)
858 1214 925 1269 τὰ
987 1209 1232 1287 δημόσια
1293 1210 1429 1285 τὲλη
1488 1217 1597 1269 τῶν
1684 1210 1991 1284 ἔκκλησίῶν

336 1304 432 1360 καὶ
487 1302 868 1380 μοναστηρίων
924 1297 1270 1374 ἀναϐιϐάσαι,
1323 1303 1413 1358 καὶ
1470 1302 1615 1359 ὀκτὼ
1671 1301 1804 1359 ἐτῶν
1865 1300 1992 1357 ὄπι-

332 1393 647 1459 σθοτέλειαν
713 1392 843 1456 τοὺς
888 1396 997 1448 τών
1047 1392 1335 1468 ἀρχόντων
1384 1392 1747 1464 ἀπαιτηθῆναι
1778 1389 1990 1455 ο’⁰κους.

331 1483 433 1542 Καὶ
480 1484 549 1554 ἦν
600 1490 798 1556 θρῆνος
870 1483 1043 1557 μὲγας
1096 1480 1150 1537 ἐν
1232 1486 1303 1558 τῇ
1342 1480 1528 1540 πόλει.
1587 1482 1712 1538 Ἐπὶ
1767 1481 1990 1546 τούτοις

332 1570 739 1649 ἐγκαλούμενος
826 1572 932 1628 ὑπὸ
1012 1569 1308 1628 Θεοδοσίου
1365 1570 1657 1649 πατρικίου
1720 1574 1819 1627 τοῦ
1879 1577 1990 1626 Σα-

334 1658 556 1739 λιϐαρί,
587 1666 682 1719 τοῦ
710 1660 939 1738 γνησίου
991 1660 1158 1717 αὐτοῦ
1214 1662 1569 1739 θεράποντος,
1599 1661 1686 1718 ’ὁτι
1720 1686 1747 1714 ιι
1790 1666 1991 1725 Παντες

334 1747 671 1809 καταϐοῶσιν
705 1754 891 1825 ἡμῶν,
950 1748 1205 1822 δέσποτα,
1259 1753 1351 1807 καὶ
1396 1751 1448 1808 ἐν
1478 1754 1654 1827 καιρῷ
1682 1755 1988 1827 πειρασμοῦ

2107 591 2360 648 stolidus
2392 611 2459 651 ac
2481 596 2600 652 Deo
2631 594 2859 650 invisus
2891 593 3068 649 homo
3089 594 3254 648 vanis
3295 592 3420 647 suis
3449 592 3758 664 cogitatio-

2106 681 2284 737 nibus
2299 683 2585 758 deceptus
2601 685 2916 742 est.Primo
2930 684 3087 740 enim
3100 683 3471 757 Jejuniorum
3490 681 3755 753 sabbato,

2107 775 2331 840 quartaa
2361 772 2729 843 indictionis,
2763 772 3041 830 Saraceni
3089 772 3163 828 ad
3210 772 3494 827 Euchaita
3552 786 3758 842 perve-

2104 865 2324 914 nerunt
2349 861 2691 934 ;adorlique
2721 862 2972 917 Leonem
3008 859 3493 917 Armeniacorum
3521 858 3756 928 ducem,

2105 947 2363 1019 quitum
2414 951 2711 1007 militibus
2778 956 2902 1008 erat
2958 950 3255 1023 stipendia
3319 947 3753 1021 persolutuius,

2104 1052 2343 1094 omnem
2365 1042 2702 1112 pecuniam,
2734 1040 3075 1097 centenaria
3100 1039 3383 1095 nimirum
3411 1040 3496 1108 l3,
3528 1036 3755 1109 eripue-

2104 1133 2265 1185 runt.
2316 1127 2474 1185 haud
2532 1130 2740 1202 exigua
2800 1127 3061 1184 militum
3121 1125 3506 1182 multitudine
3562 1129 3753 1195 capta.

2104 1216 2203 1272 His
2225 1233 2409 1273 novus
2442 1219 2544 1274 ille
2583 1217 2895 1275 Achaabus
2943 1217 3092 1272 nihil
3141 1213 3511 1276 emendatus.
3542 1213 3758 1269 Phala-

2101 1306 2295 1363 ridem
2325 1315 2385 1365 et
2412 1309 2626 1366 Midam
2658 1308 2819 1381 inex;
2840 1308 2958 1364 leta
2987 1323 3275 1379 superans
3317 1305 3582 1371 avaritia,
3615 1322 3750 1361 cum

2101 1397 2405 1454 Stauracio
2464 1398 2587 1454 lilio
2646 1398 2708 1453 in
2758 1398 3039 1471 Bulgaros
3087 1412 3150 1452 se
3203 1401 3413 1451 armat.
3490 1394 3754 1464 Cumque

2100 1487 2246 1543 urbe
2278 1488 2678 1561 egrederetur,
2698 1489 2957 1544 Nicelam
2991 1485 3302 1559 patricium
3327 1500 3395 1540 ac
3413 1482 3752 1557 generalem

2100 1576 2460 1648 logothetam
2487 1578 2672 1650 jussit
2701 1577 2973 1651 publicos
3008 1592 3222 1633 census
3271 1573 3660 1631 ecclesiarum
3694 1576 3755 1628 et

2099 1668 2597 1724 monasteriorum
2632 1670 2865 1735 aﬂ‘erre,
2890 1672 2948 1723 et
2976 1667 3032 1722 in
3066 1674 3197 1722 octo
3220 1671 3537 1736 sequentes
3558 1678 3747 1718 annos

2100 1758 2449 1829 pensionem
2507 1775 2543 1815 a
2581 1774 2895 1831 procerum
2962 1755 3240 1812 domibus
3292 1754 3464 1827 exigi.
3522 1754 3604 1809 Ea
3650 1768 3745 1806 res

334 1840 529 1905 πάντες
576 1841 1010 1918 ἆπιχαρήσονται
1044 1845 1110 1917 τῇ
1165 1841 1368 1897 πτώσει
1425 1842 1611 1917 ἡμῶν,
1643 1864 1672 1895 ››
1706 1839 1808 1922 ἔφη
1850 1840 1988 1917 πρὸς

2100 1861 2344 1919 magnas
2375 1846 2705 1919 perurbem
2740 1846 3095 1921 ejulationes
3129 1842 3423 1901 excitavit.
3475 1842 3593 1897 Hoc
3637 1856 3746 1896 no-

335 1931 523 1987 αὐτόν’
582 1955 612 1986 ιι
699 1931 763 1989 Ei
829 1932 858 1986 6
913 1931 1044 1994 Θεὸς
1119 1928 1445 2007 σκληρύνων
1504 1929 1805 2007 ἰσκλήρυνε
1882 1931 1985 2000 τὴν

2098 1934 2256 1990 mine
2334 1936 2734 2008 reprehensus
2799 1952 2835 1992 a
2906 1936 3057 1992 841
3118 1930 3448 1989 Theodosio
3496 1929 3745 2003 patricio

336 2016 562 2094 καρδίαν
602 2040 708 2094 μου
774 2020 850 2083 ὡς
887 2023 985 2077 τοῦ
1043 2020 1268 2096 Φαραὼ,
1324 2019 1379 2076 τί
1433 2019 1634 2098 ἀγαθὸν
1672 2015 1822 2077 ἔσται
1872 2024 1989 2085 τοῖς

339 2109 444 2165 ὑπὸ
496 2108 660 2187 χεῖρά
719 2131 824 2183 μου
862 2126 901 2179 ’ς
946 2110 1097 2186 Παρᾶ
1153 2109 1497 2189 Νικηφόρου,
1574 2106 1850 2181 Θεοδόσιε,
1913 2110 1988 2183 μὴ

338 2199 569 2279 ἐκδὲχου
652 2198 801 2270 πλην
858 2205 964 2257 τῶν
1017 2199 1314 2276 ὁρωμένων
1386 2222 1495 2257 σοι.
1552 2226 1582 2256 ι»
1640 2201 1992 2275 Ἐπισυνάξας

333 2287 390 2348 δὶ
452 2293 521 2347 τὰ
603 2288 941 2367 στρατόπεδα
1018 2289 1322 2362 ’Δνατολῆς
1405 2289 1497 2347 καὶ
1581 2291 1817 2361 Δύσεως,
1898 2289 1990 2346 καὶ

331 2377 581 2443 πολλοὺς
654 2380 890 2451 πένητας
950 2378 1114 2443 ἰδίοις
1177 2379 1461 2454 ὀψωνίοις.
1534 2376 1849 2459 σφενδόναις
1899 2379 1989 2433 καὶ

336 2465 561 2545 ῥάϐδοις
656 2468 1065 2544 ὡπλισμένους,
1135 2467 1600 2546 βλασφημοῦντας
1687 2469 1802 2543 ἅμα
1873 2472 1991 2531 τοῖς

336 2557 754 2633 στρατεύμασιν,
841 2557 1018 2629 ἤλασε
1098 2559 1240 2614 κατᾶ
1296 2555 1653 2633 Βουλγαρίας.
1733 2558 1990 2631 Κροῦμος

335 2644 394 2704 δὲ
432 2648 499 2704 τὰ
526 2647 717 2721 πλήθη
752 2645 1039 2724 φοϐηθεὶς,
1093 2644 1266 2705 ὄντων
1329 2647 1507 2704 αὐτῶν
1559 2646 1613 2703 ἐν
1664 2645 1990 2722 Μαρκέλλῃ,

332 2737 522 2814 ᾐτεῖτο
578 2738 821 2814 εἰρήνην.
882 2739 940 2793 ⁸0
1019 2735 1077 2795 δὲ
1139 2743 1260 2802 ταῖς
1319 2737 1548 2802 οἰκείαις
1592 2733 1985 2798 κακοϐουλίαις

329 2827 421 2882 καὶ
450 2831 571 2890 ταῖς
623 2831 733 2882 τῶν
787 2825 1117 2903 ὁμοφρόνων
1177 2824 1343 2882 αὐτοῦ
1399 2821 1731 2898 συμϐούλων
1789 2821 1989 2879 διεκω-

327 2915 494 2988 λύθη,
557 2917 879 2995 Εἰσερχεται
923 2915 982 2974 δὲ
1064 2917 1141 2981 εἷς
1224 2916 1566 2992 Βουλγαρίαν
1642 2920 1712 2992 τῇ
1770 2916 1818 2972 κ’
1891 2919 1989 2971 τοῦ

326 3008 561 3065 Ἰουλίου
651 3009 846 3084 μηνός.
940 3008 1114 3073 Κυνὸς
1192 3010 1259 3079 ἦν
1298 3005 1530 3077 ἐπιτολή
1590 3003 1985 3082 πανωλέθρως.

324 3099 426 3157 Καὶ
460 3098 747 3176 προλέγων
779 3099 879 3168 τήν
936 3099 1107 3154 αύτοῦ
1162 3097 1545 3173 πανωλεθρίαν
1608 3101 1827 3171 συχνῶς
1884 3094 1986 3151 ἐπα

326 3188 633 3265 εφθὲγγετοο
700 3213 727 3241 κ
810 3189 905 3250 Τίς
991 3187 1278 3263 πορεύεται
1370 3187 1463 3243 καὶ
1537 3185 1806 3257 ἀπατήσει
1894 3186 1987 3240 τὸν

325 3270 542 3353 ’Λχαάϐ
576 3280 739 3345 ς”Οτι
771 3274 867 3333 κᾶν
891 3278 921 3332 6
961 3278 1114 3349 Θεὸς,
1166 3274 1262 3332 κᾶν
1295 3278 1324 3333 6
1384 3274 1777 3350 ἀντικείμενος,
1833 3270 1986 3330 ἕλκει

330 3384 396 3439 με
451 3362 670 3422 ἔχοντα.
734 3389 763 3416 η
824 3365 975 3422 Μετὰ
1052 3369 1183 3439 γοῦν
1239 3364 1336 3426 τὰς
1426 3364 1647 3439 πρώτας
1704 3357 1989 3436 συμϐολὰς

325 3449 481 3523 δόξας
508 3450 951 3521 κατευοδοῦσθαι,
985 3451 1048 3508 οὗ
1092 3456 1175 3525 τῷ
1230 3456 1348 3524 Θεῷ
1386 3451 1454 3507 τὰ
1506 3453 1607 3521 τῆς
1650 3450 1808 3520 νίκης
1837 3448 1986 3506 ἀλλὰ

321 3544 392 3616 τῇ
448 3545 549 3597 τοῦ
632 3546 975 3617 Στιυρακιου
1042 3540 1269 3617 εὐτυχίᾳ
1325 3538 1608 3616 ἆκήρυττε.
1694 3540 1801 3597 Καὶ
1865 3546 1986 3604 τοῖς

322 3629 604 3687 κωλύουσι
644 3632 746 3704 τήν
779 3629 990 3689 εἴσοδον
1042 3633 1308 3708 ἄρχουσιν
1366 3630 1609 3701 ἠπείλει.
1693 3635 1871 3686 Πᾶσαν
1928 3628 1988 3686 δὶ

325 3719 569 3792 ἡλικίαν,
625 3720 732 3784 ἓως
788 3722 879 3778 καὶ
943 3722 1157 3798 βρεφῶν
1215 3719 1417 3789 αὐτῶν,
1475 3718 1722 3789 ἀνηλεῶς
1768 3719 1987 3794 φονεύε-

329 3813 448 3867 σθαι
481 3809 792 3887 προσέταξε.
856 3812 953 3867 Καὶ
1011 3812 1079 3866 τὰ
1132 3814 1241 3866 τῶν
1298 3808 1599 3891 ὁμοφύλων
1655 3811 1766 3883 (48)
1825 3808 1987 3884 νεκρὰ

327 3902 557 3971 σώματα
587 3922 762 3980 αταφα
817 3898 924 3968 ενα,
984 3900 1155 3974 μόνης
1215 3896 1653 3974 ἐπιμελούμενος
1712 3904 1815 3969 τῆς
1873 3903 1985 3954 τῶν

325 3992 546 4048 σκύλων
602 3988 903 4068 συλλογῆς.
963 3989 1205 4066 Κλεῖθρα
1254 3986 1313 4045 δὲ
1366 3986 1458 4045 καὶ
1516 3986 1819 4069 σφραγῖδας
1873 3993 1991 4055 τοῖς

320 4082 569 4157 ταμείοις
655 4086 766 4156 (49)
855 4081 1117 4157 Κρούμου
1185 4078 1394 4145 ἔπιθεῖς
1476 4080 1551 4143 ὡς
1608 4076 1724 4135 ἴδια
1790 4077 1990 4136 λοιπὸν

322 4171 687 4243 ἠσφαλίσατο.
749 4174 884 4227 Ὦτα
939 4174 1072 4245 γοῦν
1154 4167 1249 4225 καί
1292 4167 1452 4245 ἔτερα
1523 4169 1670 4245 μέλη
1719 4171 1988 4243 Χριστια·

325 4265 434 4316 νῶν
511 4262 777 4336 ἀπέτεμεν
865 4256 1158 4336 ἁψαμένων
1242 4262 1354 4315 τῶν
1435 4257 1674 4315 σκύλωνο
1732 4260 1822 4315 καί
1881 4259 1984 4329 τὴν

327 4349 635 4428 λεγομένην
703 4347 883 4420 αύλήν
940 4353 1039 4406 τοῦ
1096 4348 1359 4424 Κρούμου
1417 4345 1726 4425 ἐνέπρησεν,
1778 4346 1986 4404 ἑκείνου

330 4437 540 4520 σιρόδρα
568 4437 1049 4513 τεταπεινωμένως
1082 4435 1407 4509 δηλοῦντος,
1441 4436 1525 4493 ὅτι
1557 4461 1587 4491 (ι
1644 4434 1786 4495 Ἰδοὺ
1844 4438 1985 4493 νενίο

327 4549 526 4600 κηκας·
575 4525 714 4584 λάϐε
774 4527 830 4585 εἴ
874 4530 929 4584 τί
987 4547 1072 4583 σοι
1131 4526 1358 4603 ἀρεστόν
1434 4526 1567 4597 εστι,
1641 4527 1732 4583 καὶ
1805 4522 1987 4598 ἔξελθε

2095 2022 2380 2094 Salibara,
2413 2024 2571 2081 lideli
2605 2041 2710 2081 suo
2743 2024 3119 2092 administro,
3164 2028 3445 2078 monente
3476 2019 3746 2076 omnium

2094 2129 2264 2171 voces
2294 2113 2486 2169 audiri
2518 2113 2592 2170 de
2622 2114 2750 2186 ipso
2782 2111 3297 2185 conquerentium.
3330 2126 3397 2166 ac
3430 2109 3553 2165 fore
3583 2114 3649 2164 ut
3673 2123 3748 2163 ex

2092 2201 2274 2258 rebus
2304 2202 2822 2275 ipsiusaliquando
2840 2201 3109 2260 tristibus
3129 2199 3410 2274 gaudium
3432 2201 3746 2270 caperent:

2095 2312 2123 2341 «
2158 2290 2237 2356 Si,
2270 2290 2650 2363 inquit,Deus
2671 2308 2869 2349 meum
2916 2307 3020 2346 cor
3064 2287 3389 2345 Pharaonis
3428 2288 3489 2343 in
3514 2302 3744 2343 morem

2094 2398 2338 2454 prorsus
2367 2382 2703 2448 obduravit,
2736 2381 2881 2454 quid
2922 2380 3060 2436 boni
3107 2379 3221 2435 erit
3258 2378 3509 2434 subditis
3538 2377 3689 2433 meis
3721 2375 3751 2432 ἳ

2092 2470 2244 2535 Noli,
2276 2470 2586 2537 Theodosi,
2618 2471 2737 2527 alia
2764 2487 2798 2526 a
2824 2470 3153 2540 Nicephoro
3203 2475 3541 2540 exspectare
3567 2481 3747 2538 quam

2094 2576 2226 2631 quas
2255 2560 2440 2618 vides.
2476 2583 2506 2611 »
2531 2560 2718 2634 Igitur
2740 2559 3007 2617 collectis
3041 2556 3298 2615 Orientis
3329 2562 3388 2611 et
3416 2555 3750 2612 Occidentis

2096 2649 2479 2718 exercitibus,
2521 2649 2843 2720 multisque
2899 2645 3264 2720 pauperibus
3295 2661 3364 2700 eo
3405 2644 3630 2700 adactis
3686 2648 3755 2698 ut

2092 2738 2353 2810 prapriis
2385 2737 2699 2811 stipendiis
2758 2736 3105 2804 militarent,
3163 2733 3367 2791 fundis
3424 2750 3492 2789 ac
3522 2731 3751 2788 baculis

2093 2828 2330 2887 armati.
2364 2828 2458 2883 his
2489 2835 2551 2883 et
2579 2826 2915 2900 legionibus
2970 2827 3167 2898 ipsum
3224 2821 3648 2881 devoventibus
3688 2821 3751 2876 in

2094 2917 2429 2988 Bulgariam
2463 2917 2948 2973 contendit.Cum
2980 2915 3176 2972 adhuc
3206 2913 3495 2970 Marcellas
3528 2916 3745 2967 essent.

2093 3009 2347 3064 Crumus
2382 3025 2417 3066 a
2450 3015 2614 3065 tanta
2643 3008 2755 3064 sibi
2798 3013 3069 3064 metuens
3119 3004 3507 3062 multitudine
3538 3018 3747 3075 pacem

2098 3098 2308 3171 petiit:
2333 3100 2433 3155 sed
2465 3100 2823 3172 imperatore
2848 3098 2971 3154 suis
3001 3103 3060 3153 et
3099 3113 3301 3153 secum
3358 3093 3742 3151 sentientium

2093 3189 2289 3259 pravis
2319 3189 2586 3246 consiliis
2614 3195 2818 3245 utente
2850 3188 3148 3260 repulsam
3179 3202 3391 3258 passus
3421 3185 3746 3240 est.Perve-

2096 3278 2187 3333 nit
2243 3294 2380 3353 ergo
2436 3278 2499 3335 in
2547 3277 2880 3352 Bulgariam
2945 3277 3311 3349 Nicephorus
3369 3277 3439 3329 2O
3485 3273 3579 3330 die
3608 3273 3749 3329 Julii

2094 3368 2458 3432 mensis.sub
2477 3374 2672 3425 ortum
2695 3366 2979 3425 canicula:
3001 3365 3598 3439 perniciosissimum.
3633 3363 3748 3419 Sed

2095 3464 2154 3515 et
2184 3458 2309 3531 ipse
2339 3476 2513 3515 suum
2546 3464 2605 3514 et
2633 3474 2875 3515 suorum
2904 3456 3149 3513 exitium
3175 3454 3510 3528 praadicens
3531 3452 3745 3508 identi-

2094 3547 2229 3605 dem
2267 3550 2395 3604 hau:
2410 3547 2763 3621 loquebatur
2786 3565 2800 3604 :
2833 3571 2859 3599 ι(
2880 3547 3023 3612 Quis
3053 3545 3163 3602 ibit
3190 3551 3250 3601 et
3277 3543 3534 3617 decipiet
3553 3542 3746 3599 Acha-

2092 3637 2271 3694 abum
2293 3637 2463 3693 ?Sive
2497 3653 2592 3693 me
2628 3639 2802 3705 Deus,
2835 3636 2954 3692 sive
3005 3637 3252 3692 Satanas
3282 3633 3482 3701 trahit,
3526 3633 3742 3687 invitus

2097 3727 2322 3782 trahor.
2356 3749 2386 3778 ιι
2423 3727 2631 3782 Primis
2653 3725 3070 3799 congressibus
3101 3723 3345 3779 victoria
3374 3721 3743 3795 potitus,non

2095 3816 2213 3871 Deo
2246 3815 2436 3883 illam,
2469 3815 2573 3871 sed
2603 3815 2847 3871 Staurac
2874 3815 2889 3869 i
2932 3813 3199 3869 felicitati
3254 3817 3557 3883 acceptam
3588 3810 3743 3878 tulit,

2102 3905 2486 3977 minatusque
2520 3910 2610 3961 est
2636 3902 3006 3977 proceribus,
3038 3900 3139 3972 qui
3194 3906 3505 3972 penetrare
3529 3897 3739 3970 Bulga-

2093 3995 2244 4051 riam
2277 3994 2572 4051 vetabant.
2607 3993 2905 4050 Mandavit
2932 3997 3131 4048 autem
3188 3995 3254 4045 ut
3311 3987 3507 4044 omnis
3553 3987 3742 4043 artatis

2091 4084 2366 4141 homines
2424 4083 2656 4157 ipsique
2715 4083 2893 4139 etiam
2951 4082 3211 4137 infantes
3259 4076 3737 4144 trucidarentur;

2093 4188 2459 4245 corporaque
2489 4172 2876 4246 Bulgarorum
2898 4170 3208 4226 inhumata
3225 4164 3742 4238 relinquens,solis

2093 4262 2300 4335 spoliis
2330 4261 2597 4335 legendis
2628 4261 2893 4318 intentus
2921 4259 3053 4316 fuit.
3094 4256 3295 4314 Crumi
3342 4255 3644 4312 conclavia
3673 4258 3737 4308 ut

2094 4352 2220 4426 jam
2249 4368 2358 4407 sua
2384 4350 2660 4407 claustris
2690 4356 2750 4406 et
2776 4349 2987 4423 sigillis
3034 4350 3272 4417 muniit,
3305 4354 3365 4405 et
3394 4343 3744 4403 Christianis

2093 4440 2406 4498 manubias
2434 4444 2804 4497 contrectare
2834 4440 2995 4497 ausis
3023 4456 3198 4496 aures
3226 4438 3461 4511 aliaque
3478 4434 3748 4493 membra

2091 4530 2342 4587 abscidit
2372 4549 2387 4597 ;
2419 4530 2574 4587 842
2604 4530 2802 4587 aulam
2834 4547 3069 4602 quoque
3098 4530 3297 4587 Crumi
3330 4526 3616 4586 incendit.
3648 4526 3748 4579 ln-

327 4615 381 4673 ἰν
414 4615 631 4693 εῗρὴνῃ.
669 4618 786 4674 »Ὀ
844 4613 902 4671 δὶ
957 4623 1058 4687 τῆς
1119 4615 1348 4692 είρήνης
1403 4613 1602 4695 ἐχθρὸς
1652 4616 1859 4688 ταύτην
1918 4618 1983 4672 οὐ

2098 4621 2270 4677 terim
2302 4620 2555 4676 Crumus
2586 4620 2880 4677 submisse
2906 4620 3225 4677 admodum
3264 4620 3483 4674 victum
3523 4633 3584 4673 se
3615 4630 3745 4671 esse

326 4708 663 4776 προσήκατο.
697 4706 781 4779 [Ρ.
810 4707 935 4779 482]
974 4705 1091 4783 Ἐφ’
1121 4706 1209 4769 οἷς
1267 4705 1591 4782 χαλεπήνας
1635 4706 1664 4760 6
1724 4710 1984 4780 Κροῦμος

323 4796 423 4858 τὰς
469 4800 572 4866 τῆς
631 4795 825 4870 χώρας
883 4791 1127 4855 εἲσόδους
1182 4794 1274 4850 καὶ
1332 4792 1550 4868 ἰξόδους
1634 4794 1982 4875 περιέφραξεν

329 4884 663 4961 ὀχυρώμασι
695 4881 947 4954 ξυλίνοις.
1007 4882 1065 4938 '0
1123 4878 1184 4938 δὶ
1238 4878 1559 4960 Νικηφὸρος
1623 4887 1785 4940 τοῦτο
1816 4885 1984 4962 γνοὺς

2096 4710 2414 4781 fatebatur,
2441 4709 2804 4785 rogabatque
2833 4716 2920 4775 ut,
2953 4711 3210 4782 acceptis
3240 4727 3373 4781 qum
3404 4706 3595 4773 vellet,
3642 4719 3745 4775 pa-

2097 4806 2264 4856 catus
2292 4800 2563 4874 Bulgaria
2592 4801 2923 4870 excederet,
2955 4800 3067 4857 Sed
3099 4799 3464 4871 Nicephorus
3510 4808 3740 4866 pacem.

2097 4891 2270 4964 cujus
2291 4895 2420 4947 erat
2451 4891 2792 4964 impatiens,
2823 4907 2944 4947 non
2998 4890 3182 4947 dedit.
3238 4889 3443 4960 Itaque
3493 4886 3743 4941 Crumus

1536 5010 1905 5068 XYLANDRI
1942 5014 2028 5069 ET
2066 5014 2285 5072 GOARI
2321 5015 2547 5072 NOTE.

397 5137 510 5220 (ιρ)
541 5135 922 5220 Helenopolis
950 5135 1217 5220 antiquis
1247 5136 1673 5220 dicta.demum
1688 5136 1979 5220 Σιλοοᾴοτ
2085 5146 2344 5220 spectat._
2368 5140 2513 5220 Vide
2541 5145 2847 5220 auctorem
2879 5139 3035 5195 infra
3058 5156 3117 5211 p.
3172 5140 3297 5209 568,
3329 5135 3749 5210 Curopalatam

323 5210 567 5283 ropolis,
612 5227 647 5267 a
698 5209 922 5266 Joanne
952 5209 1229 5283 _Zimisce
1286 5209 1361 5265 ob
1415 5226 1629 5283 corpus
1688 5210 1983 5283 Theodori

323 5280 602 5355 martyris
627 5283 689 5338 in
719 5298 790 5339 ea
818 5280 1125 5337 conditum
1155 5286 1451 5353 reparata,
1484 5280 1634 5338 Ksiw
1668 5282 1812 5337 urbs
1842 5287 1961 5342 est.

327 5355 511 5497 60:451.)
558 5426 639 5480 Ex
690 5424 970 5497 praesenti
1044 5423 1197 5498 loco,
1258 5422 1472 5498 γενικὸν
1527 5424 1686 5480 hunc
1750 5419 1982 5498 λογοθέ-

324 5494 429 5563 την
461 5494 568 5567 pro
594 5512 662 5552 eo
691 5494 873 5567 quem
902 5494 1299 5567 οαηεειιαλινὶιινῂ
1339 5494 1601 5567 dicimus
1651 5497 1806 5552 sumi
1836 5494 1982 5551 'non

328 5562 503 5640 posse
533 5562 753 5655 liquet;
767 5568 921 5655 Quir}
940 5566 1143 5655 potius
1157 5568 1237 5655 ⁸τέι
1261 5562 1504 5655 §ppdgza
1529 5565 1689 5655 τίλη,
1716 5567 1873 5650 (ιιιρά

331 5632 696 5711 insequitur,
728 5632 1071 5723 ἀναϐιϐαἵσαι,
1117 5645 1179 5695 et
1213 5632 1350 5720 alia
1404 5638 1547 5696 fisco
1603 5632 1985 5697 ob'vénieutia

335 5709 656 5784 ἀπαιτῆσαι,
687 5709 763 5768 ad
816 5726 1007 5768 teram
1055 5711 1277 5782 pubhci
1333 5708 1598 5785 (γενικοῦ)
1647 5714 1984 5783 praefectum

2094 5214 2169 5269 ad
2200 5213 2379 5269 calcis
2412 5216 2698 5267 extrema.
2725 5213 2899 5267 Gosa.

2167 5286 2279 5357 (48)
2313 5287 2558 5354 Corpora
2592 5280 3154 5357 Bulgarorumpuod
3183 5281 3349 5357 siad
3378 5280 3744 5357 Christianos

2093 5352 2339 5425 referas,
2370 5352 2581 5410 sensus
2613 5356 2724 5409 erit
2748 5370 2885 5409 eum
2933 5354 3082 5409 adeo
3138 5353 3341 5426 spoliis
3391 5352 3743 5426 colligendis

2092 5427 2275 5482 fuisse
2350 5427 2668 5497 intentum,
2721 5430 2784 5479 ut
2842 5440 2920 5480 ne
2960 5426 3083 5482 suis
3141 5424 3383 5497 quidem
3422 5424 3741 5482 humandis

2092 5503 2328 5569 tempus
2357 5496 2603 5569 dederit.
2640 5497 2777 5569 xvi.

2118 5608 2123 5613 ι
2162 5566 2275 5640 (ω,
2312 5572 2374 5624 lu
2407 5567 2624 5640 quibus
2643 5566 2919 5640 videlicet
2947 5567 3106 5624 bona
3151 5570 3351 5626 Crumi
3406 5571 3739 5629 conderen-

2092 5638 2208 5698 tur.
2240 5643 2390 5769 stula
2417 5638 2707 5713 principis
2744 5638 3175 5698 habitationem
3223 5644 3531 5718 signiﬁcat.
3565 5644 3749 5699 Zona-

2092 5728 2210 5769 ras.
2294 5728 2381 5769 τι..

2091 5728 2210 5769 1⁵88.
2243 5728 2381 5770 λη.
