4124 6210
277 363 403 432 929‘

1420 371 1960 435 HISTORIARUM
2006 370 2560 434 COMPENDIUM.

3575 365 3701 432 930'

275 503 456 560 αὐτῶν
486 501 575 558 καὶ
607 505 728 568 καθ’
757 504 884 560 ’ὀσον
919 504 1039 560 οἶόν
1078 526 1138 562 τε
1181 504 1429 583 ἐπισχεῖν
1461 505 1553 562 καὶ
1584 504 1923 582 ἀναχαιτίσαι

2048 522 2121 561 ex
2170 503 2635 578 praedationibus
2678 510 2982 561 revocatos
3041 505 3103 560 in
3148 523 3337 563 unum
3394 506 3691 573 conducit,

272 597 369 655 τάς
401 594 781 669 Βουλγαρικάς
812 600 1114 670 προνομάς.
1144 597 1295 672 Ταχύ
1347 617 1406 652 τε
1451 593 1542 651 οὖν
1593 592 1939 671 διατάγματα

276 682 586 758 ἐπέμποντο
645 689 926 761 πανταχοῦ
1011 686 1102 741 καὶ
1177 687 1321 762 ταχὺ
1407 686 1475 741 τὰ
1561 686 1936 762 στρατεύματα

273 772 726 848 συνηθροίζοντο.
781 776 883 832 Καὶ
942 776 970 830 6
1028 778 1283 850 Κροῦμος
1317 774 1375 831 δὲ
1402 776 1503 846 τὴν
1535 775 1631 830 τοῦ
1664 776 1938 852 βασιλέως

238 866 245 872 ’
273 864 590 939 πυθόμενος
618 865 855 937 κίνησιν,
886 867 978 922 τὸν
1018 868 1211 923 ἑαυτοῦ
1266 865 1397 924 λαὸν
1428 866 1489 923 ἐκ
1515 871 1616 933 τῆς
1647 875 1935 942 προνομῆς

277 952 751 1027 ἀνακαλεσάμενος
808 958 898 1012 καὶ
959 957 1049 1035 ὑφ’
1100 954 1158 1013 ’ἐν
1212 958 1588 1031 συναθροίσας,
1642 957 1935 1034 στρατόπε-

278 1040 373 1099 δόν
427 1064 484 1099 τε
543 1044 804 1119 καρτερὸν
868 1043 1019 1118 μάλα
1076 1044 1309 1117 ἐπήξατο
1366 1046 1454 1101 καὶ
1513 1042 1732 1102 ἐπιόντα
1764 1066 1936 1121 προσ-

278 1130 436 1205 έμενε
488 1132 582 1187 τὸν
643 1130 888 1207 βασιλέα.
947 1133 1036 1197 Ὦς
1094 1132 1153 1189 δὲ
1205 1134 1291 1189 καί
1349 1135 1507 1197 οὗτος
1567 1135 1788 1214 ἀφίκετο
1844 1134 1933 1190 καὶ

275 1218 842 1298 παρεστρατοπέδευσε
912 1228 993 1295 τῷ
1079 1224 1324 1297 Κρούμφ
1400 1225 1577 1300 ἀγχοῦ
1661 1245 1767 1279 που
1830 1231 1933 1295 τῆς

278 1310 785 1386 Ἀδριανουπόλεως
882 1310 1256 1388 αὐλιζομένῳ,
1337 1310 1741 1390 ἀκροϐολισμοὶ
1837 1317 1931 1387 μὲν

277 1401 519 1478 ἐγίνοντο
596 1407 841 1479 συνεχεῖς
915 1403 1004 1458 καὶ
1066 1404 1191 1459 ὅσον
1252 1403 1304 1459 ἐν
1366 1399 1685 1473 ἐκηδολίαις
1751 1405 1933 1480 μάχη,

276 1492 368 1546 καὶ
424 1490 478 1547 ἐν
530 1491 727 1554 πάσαις
784 1491 974 1554 αὐταῖς
1053 1491 1467 1569 ἐπικρατέστερα
1519 1494 1586 1549 τά
1639 1495 1929 1569 Ῥωμαίων

278 1580 543 1661 ἐφαίνετο,
598 1581 675 1644 ὡς
728 1581 819 1637 καὶ
867 1584 1202 1661 φυσηθέντας
1263 1580 1354 1638 διά
1401 1587 1566 1640 τοῦτο
1611 1583 1737 1645 τοὺς
1768 1604 1928 1657 στρα-

276 1671 479 1732 τιώτας
536 1671 711 1745 ὁρμᾷν
769 1671 858 1726 καὶ
918 1669 1207 1752 σφαδάζειν
1264 1673 1399 1748 πρὸς
1459 1671 1785 1750 ἀγχέμαχον
1838 1673 1929 1728 καὶ

277 1755 579 1828 καθολικὴν
630 1759 985 1833 συμπλοκήν.
1044 1759 1372 1841 Ἐπέχοντος
1422 1759 1479 1817 δὲ
1527 1767 1624 1817 τοῦ
1656 1759 1929 1834 βασιλέως

275 1870 289 1880 ε
350 1847 366 1868 \
426 1845 455 1903 δ
589 1844 639 1887 μ’
910 1847 936 1869 ν
1047 1846 1123 1905 δι
1201 1849 1221 1866 ς
1478 1848 1504 1869 υ
1554 1873 1588 1885 _
1684 1850 1764 1907 πλη

278 1869 368 1905 421.
466 1869 822 1924 ιατρ.οοντος,
882 1870 989 1905 ειτε
1084 1871 1136 1905 ια
1194 1869 1274 1906 οει
1341 1872 1422 1915 αν,
1467 1871 1705 1927 ωσ..ερε
1751 1872 1920 1928 εγετο,

277 1935 385 1993 εἶ’τε
413 1937 501 1993 καὶ
534 1940 720 2013 καιρὸν
778 1941 1070 2010 ζητοῦντος
1127 1939 1221 1995 τὸν
1279 1939 1611 2012 ἐπιτήδειον,
1663 1940 1739 2002 εἰς
1771 1941 1923 1995 ἀναι-

278 2027 535 2102 σχυντίαν
566 2028 629 2082 τὸ
658 2025 872 2098 πλῆθος
904 2026 1134 2104 ἐτράπη,
1188 2027 1281 2083 καὶ
1336 2023 1610 2084 κατεϐόων
1646 2028 1722 2091 είς
1753 2027 1925 2105 πρόσ-

277 2136 426 2171 ωπον
477 2114 574 2172 τού
632 2116 926 2192 βασιλέως,
982 2116 1074 2172 καὶ
1153 2116 1204 2173 εἴ
1275 2119 1351 2191 μὴ
1413 2117 1602 2190 ἐξάξει,
1659 2115 1925 2189 ἠπείλουν

268 2204 425 2262 αύτοί
483 2226 540 2261 τε
597 2203 882 2282 διαρρῆξαι
936 2206 1030 2262 τὸν
1090 2206 1307 2282 χάρακα
1354 2208 1443 2262 καί
1496 2205 1751 2282 συβράξαι
1807 2214 1926 2273 τοῖς

264 2293 549 2357 ἐναντίοις.
607 2294 837 2357 Τούτοις
894 2293 1289 2359 κατακλασθεὶς
1350 2301 1467 2360 τοῖς
1526 2297 1720 2375 λόγοις
1763 2298 1792 2352 6
1826 2298 1922 2373 βα-

262 2384 447 2447 σιλεὺς
477 2384 754 2462 ἀνοίγνυσί
799 2405 858 2440 τε
913 2384 1012 2448 τάς
1073 2383 1254 2449 πύλας
1310 2389 1408 2441 τοῦ
1438 2383 1804 2461 στρατοπέδου
1833 2387 1922 2442 καὶ

257 2474 397 2548 πρὸς
453 2473 755 2547 παράταξιν
809 2471 1029 2531 ἵστατο.
1089 2476 1171 2530 Τὸ
1225 2470 1272 2528 δ’
1330 2474 1462 2530 αὐτὸ
1528 2478 1690 2530 τοῦτο
1746 2476 1836 2530 καὶ
1893 2477 1921 2530 6

266 2566 521 2635 Κροῦμος
583 2561 894 2638 εἰργάσατο,
951 2563 1043 2617 καὶ
1100 2563 1192 2617 τὸν
1250 2564 1444 2620 ἑαυτοῦ
1501 2564 1755 2635 συντάξας
1787 2562 1918 2620 λαὸν

270 2649 594 2727 ἀντίρῥοπος
652 2648 780 2720 ἔστη
841 2655 919 2724 τῷ
996 2649 1237 2729 βασιλεῖ.
1299 2650 1491 2708 Πολλὰ
1549 2650 1596 2709 δ’
1654 2651 1809 2717 οῧτός
1863 2676 1922 2710 τε

266 2745 512 2806 κάκεῖνος
553 2744 646 2799 τὸν
706 2745 897 2800 ἑαυτοῦ
951 2741 1178 2808 ἕκαστος
1235 2745 1614 2820 παρακαλέσας
1642 2744 1797 2817 λαὸν,
1829 2746 1919 2802 καὶ

268 2833 469 2911 λόγους
528 2832 852 2912 ἐπαγωγοὺς
901 2835 991 2890 καὶ
1051 2838 1392 2911 παραινέσεις
1451 2836 1691 2899 εἰπόντες
1744 2857 1918 2913 παραυ

263 2926 487 2979 καλέσαι
543 2921 842 2997 δυναμένας
880 2924 1017 3000 πρὸς
1068 2925 1267 2996 ἀλκὴν,
1317 2925 1477 2990 τέλος
1520 2930 1582 2982 τὸ
1611 2926 1915 3000 πολεμικὸν

263 3019 383 3076 ταῖς
442 3011 701 3091 σάλπιγξι
761 3014 1143 3088 σημηνάμενοι
1200 3013 1477 3085 ἀλλήλοις
1526 3015 1914 3092 προσέῥραξαν,

264 3104 569 3178 Εὖρώστως
621 3100 679 3159 δὲ
719 3108 829 3160 τῶν
880 3104 1166 3176 Ῥωμαίων
1218 3104 1564 3162 ὓποστάντων
1594 3105 1722 3169 τοὺς
1750 3105 1919 3161 πολε·-

264 3193 446 3267 μίους,
475 3196 735 3265 ὴρωϊκῶς
776 3214 837 3248 τε
884 3193 974 3249 καὶ
1026 3191 1288 3269 ἀνδρείως
1320 3192 1760 3269 ἀγωνιζομένων,
1795 3190 1916 3249 ἐδα-

258 3288 463 3340 πανᾶτο
510 3284 578 3338 τά
632 3287 738 3339 τῶν
804 3282 1161 3359 Βουλγάρων,
1236 3284 1326 3340 καὶ
1403 3283 1479 3346 εἷς
1536 3282 1777 3355 παντελῆ
1856 3283 1915 3340 ἃν

260 3370 479 3428 ἀπεῖδεν
539 3373 842 3452 ὑπαγωγὴν
893 3371 1024 3447 (ἤδη
1087 3373 1191 3448 γάρ
1249 3372 1337 3430 καὶ
1396 3372 1559 3437 αὐτὸς
1600 3375 1628 3431 6
1667 3378 1915 3448 Κροῦμος

264 3463 539 3536 ἀπέκαμεν
572 3463 893 3538 ἀπανταχοῦ
952 3462 1377 3535 ἐξιππαζόμενος
1436 3462 1528 3519 καὶ
1560 3464 1626 3519 τά
1653 3469 1917 3520 πονοῦντα

261 3555 372 3606 τῶν
427 3551 846 3627 στρατευμάτων
930 3547 1376 3625 ἀναλαμϐάνων),
1448 3552 1492 3606 εἰ
1554 3555 1630 3625 μὴ
1693 3552 1841 3608 Λέων
1889 3554 1917 3608 6

259 3644 370 3695 τῶν
412 3638 785 3696 Ἀνατολικῶν
816 3641 1122 3719 στρατηγὸς
1169 3646 1270 3709 τῆς
1330 3639 1609 3716 βασιλείας
1657 3638 1794 3716 ἐρῶν
1826 3641 1916 3696 καὶ

262 3729 329 3785 τά
385 3729 474 3784 ὑπ’
520 3729 679 3785 αὐτὸν
740 3727 1053 3807 διαφθείρας
1113 3726 1383 3805 τάγματα,
1442 3727 1535 3784 σὺν
1596 3728 1783 3791 αὐτοῖς
1813 3731 1913 3800 τὴν

260 3820 408 3891 τάξιν
439 3817 731 3874 ἀπολιπὼν
791 3818 972 3894 ᾤχετο
1032 3817 1245 3896 φεύγων
1303 3817 1479 3881 αἰτίας
1518 3816 1715 3897 χωρίς.
1743 3816 1918 3874 Τοῦτο

268 3904 326 3963 δὲ
356 3907 445 3963 καὶ
487 3909 515 3963 6
547 3907 743 3971 λοιπὸς
801 3907 1029 3982 στρατὸς
1080 3904 1313 3962 κατιδών
1365 3906 1630 3983 ἐξεπλάγη
1688 3907 1778 3962 καὶ
1826 3908 1916 3963 τὸν

2043 598 2374 669 castrisque
2406 598 2633 670 egregie
2668 597 2912 653 munitis
2942 596 3258 652 adventum
3291 598 3420 668 ejus
3450 605 3693 669 praasto-

2043 687 2222 742 latur.
2256 687 2329 743 Ut
2357 688 2516 742 venit
2545 687 2885 760 imperator.
2910 693 3223 758 castraque
3254 688 3449 742 Crumi
3482 689 3690 743 castris

2041 776 2323 848 opposuit
2353 776 2508 832 haud
2539 776 2741 849 procul
2775 776 3180 848 AdrianOpoli,
3213 776 3439 831 levibus
3472 777 3694 848 praeliis

2044 863 2296 919 subinde
2326 870 2615 920 certatum
2659 871 2750 920 est
2797 865 3150 936 eminusque
3185 864 3312 919 telis
3344 872 3691 936 pugnatum.

2039 952 2262 1019 Quibus
2293 970 2427 1009 cum
2461 970 2697 1026 semper
2744 954 3016 1025 superior
3065 959 3219 1008 esset
3268 970 3363 1008 res
3412 955 3696 1019 Romana,

2038 1042 2227 1098 inﬂati
2261 1043 2478 1099 milites
2500 1044 2732 1114 justum
2785 1043 3058 1115 prmlium
3106 1043 3387 1099 ardenter
3414 1051 3691 1115 appetere

2037 1137 2215 1203 atque
2245 1132 2543 1204 postulare
2574 1140 2899 1204 cceperunt.
2933 1134 3197 1205 Cumque
3225 1132 3549 1204 imperator
3570 1132 3691 1186 sive

2038 1229 2221 1288 metu,
2248 1228 2315 1276 ut
2342 1211 2666 1288 ferebatur,
2716 1223 2834 1278 sive
2880 1224 3254 1278 occasionem
3289 1227 3534 1292 captans
3562 1222 3688 1276 ido-

2036 1326 2210 1365 neam
2241 1310 2540 1366 inhiberet
2569 1328 2919 1383 moramque
2950 1312 3242 1383 inJiceret,
3265 1312 3340 1366 ad
3370 1311 3685 1382 impuden-

2039 1400 2180 1456 tiam
2211 1400 2497 1473 prolapsi,
2532 1401 2589 1455 in
2622 1401 2834 1456 faciem
2884 1402 3300 1473 imperatorem
3336 1400 3690 1473 importunis

2035 1490 2398 1547 clamoribus
2448 1492 2841 1564 objurgarunt
2890 1491 3006 1546 nisi
3040 1491 3340 1556 educeret,
3388 1496 3583 1545 castra
3627 1506 3689 1544 se

2038 1587 2317 1653 rupturos
2334 1583 2516 1654 inque
2531 1583 2760 1639 hostem
2782 1583 3066 1655 impetum
3088 1584 3347 1638 facturos
3363 1582 3686 1637 minantes.

2032 1671 2111 1725 lis
2169 1670 2348 1726 minis
2407 1671 2629 1727 fractus
2707 1673 3051 1744 imperator,
3111 1673 3296 1744 portis
3354 1678 3685 1727 castrorum

2033 1761 2273 1832 apertis,
2306 1778 2446 1817 suos
2477 1762 2539 1816 in
2570 1762 2758 1817 aciem
2789 1763 2990 1835 educit
3029 1763 3385 1833 ordinesque
3416 1761 3687 1818 instruit.

2031 1849 2191 1905 Idem
2219 1856 2278 1906 et
2303 1851 2553 1906 Crumus
2598 1851 2761 1907 facit.
2808 1853 2951 1907 Cum
3000 1858 3252 1924 uterque
3298 1852 3502 1907 multis
3542 1868 3682 1907 suos

2032 1939 2107 1994 ad
2151 1939 2564 1996 fortitudinem
2623 1945 2779 1997 esset
2836 1943 3197 2002 exhortatus.
3249 1942 3490 1998 tandem
3530 1943 3684 1997 clas-

2032 2028 2219 2084 sicum
2252 2028 2404 2084 84.5
2457 2030 2637 2100 canit,
2697 2036 2756 2084 et
2810 2030 3040 2086 intesta:
3088 2031 3246 2087 acies
3299 2036 3679 2087 concurrunt.

2028 2117 2275 2190 Jamque
2333 2118 2640 2191 Bulgarica
2693 2135 2792 2175 res
2845 2120 3210 2176 atterebatur
3255 2125 3315 2175 et
3371 2119 3446 2176 ad
3487 2121 3682 2193 fugam

2030 2208 2303 2281 protinus
2325 2208 2648 2280 spectabat,
2675 2208 2833 2280 quod
2864 2215 2923 2265 et
2952 2210 3201 2266 Romani
3231 2210 3463 2267 fortiter
3482 2211 3683 2266 hostes

2029 2297 2432 2353 subsistebant
2452 2303 2629 2368 atque
2647 2298 2886 2355 heroica
2900 2300 3113 2356 virtute
3132 2318 3389 2373 pugnam
3413 2300 3679 2370 obibant,

2028 2391 2087 2440 et
2116 2385 2241 2456 ipse
2278 2384 2404 2456 jam
2427 2385 2679 2440 Crumus
2708 2386 2973 2458 undique
3013 2388 3237 2443 circum
3269 2388 3591 2460 equitando
3624 2394 3683 2443 et

2027 2474 2267 2529 ordines
2298 2473 2639 2530 laborantes
2657 2477 2979 2531 reﬁciendo
3007 2477 3361 2549 defatigatus
3393 2483 3676 2535 erat.cum

2033 2564 2143 2619 Leo
2176 2562 2292 2618 dux
2322 2563 2739 2621 Orientalium.
2772 2565 3003 2637 imperii
3039 2566 3309 2638 cupidus,
3344 2584 3482 2621 suos
3504 2566 3679 2622 dictis

2026 2658 2336 2724 corruptos
2366 2653 2439 2709 ab
2461 2654 2585 2708 acie
2611 2654 2842 2726 reliqua
2870 2654 3088 2723 avellit,
3115 2656 3399 2728 nultaque
3430 2661 3678 2728 urgente

2025 2744 2381 2799 necessitate
2430 2745 2627 2814 fugam
2678 2744 2836 2801 facit.
2899 2747 3015 2801 Hoc
3068 2746 3257 2800 visum
3308 2747 3677 2817 reliquorum

2023 2834 2258 2890 animos
2288 2834 2543 2906 perculit
2598 2835 2978 2908 vigoremque
3035 2835 3402 2892 fortitudinis
3432 2837 3673 2892 retudit.

2024 2927 2095 2980 Et
2123 2924 2379 2998 Bulgari,
2412 2926 2512 2998 qui
2544 2924 2799 2998 jamjam
2858 2928 2920 2983 in
2970 2926 3169 3000 fugam
3229 2943 3292 2982 se
3350 2928 3678 3001 conjecturi

2023 3013 2395 3082 videbantur,
2421 3014 2639 3071 animis
2672 3018 2923 3088 receptis
2953 3033 3021 3073 ac
3052 3017 3311 3072 elamore
3340 3023 3399 3071 et
3426 3018 3678 3088 strepitu

2024 3104 2257 3161 sublato
2290 3105 2353 3160 in
2396 3107 2694 3162 Romanos
2746 3107 3069 3163 irruerunt.
3103 3109 3190 3162 lta
3218 3108 3462 3163 victoria
3493 3108 3550 3162 in
3584 3109 3681 3164 al-

2024 3200 2212 3251 teram
2247 3194 2484 3250 transiit
2528 3202 2779 3267 partem.
2831 3197 2975 3252 Nam
3026 3196 3275 3253 Romani
3314 3214 3558 3252 suorum
3590 3196 3679 3252 di-

2024 3287 2327 3344 scessione
2349 3288 2581 3343 animos
2602 3289 3132 3361 de,3ecti,impetum
3151 3290 3532 3363 Bulgarorum
3561 3308 3680 3345 non

2025 3379 2456 3445 sustinuerunt,
2492 3379 2595 3434 sed
2644 3380 2840 3435 statim
2877 3387 3040 3452 terga
3064 3380 3375 3437 dederunt.
3405 3381 3568 3435 Multi
3603 3380 3682 3435 ibi

2031 3469 2248 3524 milites
2279 3473 2336 3522 et
2366 3484 2486 3523 non
2518 3468 2688 3540 pauci
2719 3467 2997 3524 ductores
3027 3469 3390 3525 ceciderunt.
3424 3471 3681 3542 Impera-

2027 3561 2121 3611 tor
2150 3573 2302 3629 zegre
2334 3573 2467 3612 cum
2491 3564 2655 3629 parte
2678 3558 2971 3614 exercitus
2993 3559 3221 3628 integra
3250 3559 3682 3631 Adrianopolin

2029 3645 2314 3715 pervenit,
2346 3651 2522 3716 atque
2554 3645 2691 3700 inde
2722 3647 3280 3719 Constantinopolin
3310 3648 3505 3706 rediit.
3539 3650 3686 3703 Leo-

2028 3750 2167 3789 nem
2198 3749 2332 3788 cum
2363 3733 2487 3788 suis
2517 3732 2580 3787 in
2612 3734 2860 3790 Thracia
2907 3736 3277 3807 relinquens,
3311 3742 3375 3790 ut
3404 3738 3680 3807 prmsidio

2027 3821 2255 3896 regioni
2305 3826 2462 3877 esset
2503 3821 2994 3894 incursionesque
3046 3825 3432 3897 Bulgarorum
3491 3826 3679 3896 repri-

2032 3915 2243 3967 meret.

266 3999 423 4054 τόνον
451 3999 550 4065 τῆς
606 3994 824 4072 ἀνδρίας
873 3996 1167 4073 ἐχαύνωσε,
1224 3996 1325 4054 Καὶ
1382 3997 1435 4051 οἱ
1496 3995 1801 4073 Βούλγαροι
1861 3995 1986 4053 ὅσον
2046 3995 2261 4053 οὐδέπω
2311 4003 2496 4076 φυγεῖν
2529 3996 2770 4073 ἐπίδοξοι
2802 3997 2971 4063 ὄντες,
3005 3998 3468 4076 ἀναθαρῥήσαντες
3501 3997 3677 4069 ἐπῆλ-

270 4096 364 4150 θον
396 4087 514 4158 μετ’
542 4084 875 4161 ἀλαλαγμοῦ
903 4090 1021 4149 τοῖς
1048 4084 1347 4160 Ῥωμαίοις
1402 4085 1492 4141 καὶ
1551 4084 1919 4161 πτλίντροπον
1976 4088 2076 4156 τὴν
2126 4086 2282 4159 νίκην
2322 4087 2659 4164 εἰργάσαντο.
2718 4091 2813 4159 Τῷ
2872 4084 3139 4161 συμϐάντι
3190 4090 3297 4167 γάρ
3327 4090 3379 4144 οἱ
3409 4090 3680 4161 Ῥωμαῖοι

264 4169 704 4247 καταϐληθέντες
761 4175 857 4238 τὰς
912 4174 1098 4255 ψυχὰς
1147 4176 1249 4246 τὴν
1298 4178 1405 4229 τῶν
1465 4172 1794 4251 Βουλγάρων
1851 4175 1951 4231 οὐκ
2004 4175 2245 4249 ἐδέξαντο
2301 4173 2645 4253 προσϐολὴν,
2703 4177 2831 4234 ἀλλ’
2892 4178 3051 4243 εὐθὺς
3103 4178 3239 4251 πρὸς
3298 4180 3475 4258 φυγὴν
3522 4176 3682 4251 ἐτράς-

263 4285 466 4335 πησαν.
520 4265 844 4323 ’Δπώλοντο
904 4264 1000 4337 μὶν
1059 4263 1150 4319 οὗν
1205 4261 1294 4318 καὶ
1354 4268 1460 4319 τῶν
1520 4270 1868 4338 στρατιωτῶν
1919 4263 2151 4336 πολλοὶ,
2201 4266 2462 4323 πίπτουσι
2525 4264 2582 4323 δὶ
2636 4267 2727 4323 καὶ
2783 4273 2890 4323 τῶν
2947 4271 3264 4345 στρατηγῶν
3321 4266 3423 4323 οὐκ
3470 4265 3679 4342 ὀλίγοι,

266 4351 319 4409 ἐν
388 4357 472 4418 οἷς
528 4355 619 4410 καὶ
693 4353 928 4431 Μιχαὴλ
1008 4352 1295 4430 μὲγιστρος
1361 4353 1390 4407 6
1448 4349 1903 4429 Λακανοδράσιος.
1965 4356 2049 4430 [Ρ.
2108 4357 2236 4429 484‘;
2294 4356 2356 4413 Ὁ
2414 4353 2471 4411 δὲ
2530 4355 2789 4432 βασιλεὺς
2852 4356 3014 4430 μόλις
3086 4357 3223 4431 μετά
3279 4378 3421 4421 τινος
3485 4356 3682 4431 μέρους

267 4441 576 4519 ἀθραύστου
608 4442 683 4506 εἷς
716 4439 1174 4518 Ἀρκαδιούπολιν
1215 4441 1572 4512 ἀνασώζεται,
1603 4440 1803 4497 ἐκεῖθεν
1845 4463 1905 4498 τε
1933 4444 2033 4512 τὴν
2086 4440 2348 4519 βασιλίδα
2393 4439 2822 4518 καταλαμϐάνει,
2857 4447 2950 4502 τὸν
2983 4444 3273 4522 εῗρημένον
3309 4446 3510 4502 Λέοντα
3545 4446 3681 4522 μετὰ

266 4535 377 4588 τῶν
409 4532 547 4610 ἀμφ’
574 4532 737 4588 αὐτὸν
766 4531 818 4588 ἐν
846 4531 1029 4609 Θρᾴκῃ
1062 4529 1406 4602 καταλιπὼν,
1458 4525 1599 4586 ὥστε
1653 4533 1978 4606 προσμένειν
2034 4532 2124 4588 καὶ
2180 4533 2275 4598 τὰς
2334 4531 2633 4605 λεηλασίας
2661 4539 2769 4591 τῶν
2804 4534 3135 4613 Βουλγάρων
3161 4536 3250 4592 καὶ
3279 4537 3376 4600 τὰς
3408 4534 3682 4615 ἐκδρομὰς

272 4620 611 4680 ἀνακόπτειν.

339 4722 402 4780 Ὀ
433 4718 490 4777 δὲ
535 4723 654 4777 καθ’
683 4722 873 4778 ἑαυτὸν
921 4718 1041 4798 ἄρτι
1089 4721 1405 4796 γενόμενος,
1445 4719 1511 4789 ἤν
1540 4716 1728 4776 ὤδινεν
1764 4721 1817 4776 ἐν
1843 4726 1923 4795 τῷ

2100 4726 2175 4782 At
2204 4726 2337 4791 Leo,
2384 4725 2646 4799 digresso
2696 4726 3077 4800 imperatore.
3112 4745 3286 4801 quam
3321 4728 3423 4786 diu
3453 4727 3682 4785 occulte

265 4814 516 4887 κρυπτῷ,
558 4809 637 4873 εἷς
696 4816 812 4889 φῶς
872 4809 1044 4884 ἐξάγει
1096 4810 1450 4867 ἀποστασίαν.
1509 4810 1917 4884 Κοινωσάμενος

267 4899 371 4975 γάρ
428 4903 548 4964 τοῖς
603 4898 769 4955 αὗταῦ
851 4900 1164 4967 θιασώταις,
1220 4900 1308 4955 καὶ
1366 4899 1557 4974 καιρὸν
1612 4898 1920 4971 ἐπιτήδειον

270 4989 410 5045 εἶναι
442 4989 618 5065 φήσας
648 4988 725 5053 εἷς
746 4989 809 5045 τὸ
866 4986 1157 5062 πληρῶσαι
1215 4988 1279 5044 τὸ
1336 4985 1800 5062 σπουδαζόμενον,
1830 4988 1921 5044 καὶ

275 5075 348 5133 δι’
377 5078 557 5134 αὐτῶν
612 5076 813 5154 λόγους
862 5077 1195 5154 ὑποσπείρας
1251 5078 1444 5133 ἅπαντι
1491 5082 1571 5150 τῷ
1601 5082 1815 5152 στρατῷ
1846 5079 1921 5141 ὡς

267 5170 338 5241 τῇ
372 5166 596 5245 ἀφελείᾳ
650 5171 749 5224 τοῦ
805 5166 1074 5245 βασιλέως
1132 5166 1224 5221 καὶ
1280 5170 1351 5241 τῇ
1407 5166 1543 5242 πρὸς
1599 5165 1695 5230 τὰς
1727 5186 1920 5242 στρατ-

269 5256 469 5331 ηγικάς
502 5254 734 5330 μελέτας
765 5256 1066 5328 ἀνασκησίᾳ
1105 5254 1175 5312 τά
1221 5273 1281 5311 τε
1332 5255 1614 5327 Ῥωμαϊκὰ
1644 5255 1919 5337 ἠφανίσθη

266 5344 460 5416 πλήθη
518 5347 608 5401 καὶ
667 5349 703 5416 ἡ
753 5345 960 5402 παλαιὰ
1014 5343 1141 5419 δόξα
1196 5345 1287 5400 καὶ
1346 5343 1564 5400 εὔκλεια
1602 5343 1783 5421 ᾤχετο
1811 5351 1920 5402 τῶν

266 5435 582 5506 Ῥωμαίων,
641 5435 731 5490 καὶ
804 5434 946 5491 οὕτω
1006 5432 1319 5513 διαφθείρας
1379 5432 1509 5495 τοὺς
1596 5434 1923 5509 σέρατιώτας

271 5522 395 5599 ἄρτι
426 5520 701 5599 σποράδας
733 5521 792 5579 ἐκ
836 5530 936 5593 τῆς
964 5530 1174 5599 τροπῆς
1228 5522 1700 5598 ἐπανερχομένους
1729 5526 1925 5596 πεζοὺς

266 5612 357 5668 καὶ
389 5611 633 5688 γυμνοὺς
683 5611 776 5669 καὶ
835 5612 1193 5688 μιγνυμένους
1236 5616 1318 5686 τῷ
1365 5610 1459 5669 σὺν
1489 5611 1641 5686 αὐτῷ
1667 5614 1926 5690 στρατεύ-

190 5687 206 5700 ’
273 5687 431 5776 aut,
477 5701 667 5758 πείθειν
719 5701 859 5779 πρὸς
910 5699 1197 5779 mw
1262 5696 1417 5759 tamn
1440 5724 1446 5731 .
1474 5698 1575 5763 ἐκ
1636 5687 1771 5778 ,ηεξ
1820 5701 1922 5779 Ὺᾶβ

2030 4815 2440 4886 parturiverat.
2465 4815 2856 4872 defectionem
2891 4818 2951 4873 in
2983 4818 3178 4874 lucem
3211 4817 3397 4872 edidit
3424 4819 3502 4871 Re
3527 4815 3684 4871 enim

2031 4920 2167 4960 cum
2192 4904 2315 4961 suis
2364 4904 2718 4963 satellitibus
2767 4906 3225 4968 communicata,
3259 4905 3412 4961 846
3436 4906 3685 4976 jamque

2031 4998 2265 5066 tempus
2285 4999 2499 5068 optatae
2521 4994 2606 5051 rei
2633 4994 3021 5052 conficienda
3042 4992 3360 5067 appetiisse
3382 4992 3683 5064 inquiens,

2031 5098 2237 5138 eorum
2268 5099 2448 5155 opera
2476 5099 2778 5139 rumorem
2815 5100 2932 5155 ,per
2978 5082 3319 5137 universum
3360 5078 3686 5135 exercitum

2032 5171 2272 5244 spargit.
2305 5171 2683 5243 imperatoris
2714 5170 3097 5243 simplicitate
3119 5176 3179 5226 et
3198 5169 3550 5226 bellicarum
3580 5185 3688 5225 cu~

2032 5277 2233 5317 rarum
2288 5260 2590 5333 imperitia
2640 5260 2935 5317 Romanas
2980 5260 3182 5332 copias
3230 5257 3475 5324 deletas,
3520 5264 3684 5314 vete-

2032 5366 2278 5422 remque
2310 5350 2501 5423 gentis
2532 5349 2780 5422 gloriam
2811 5357 2988 5422 atque
3020 5349 3240 5406 famam
3273 5349 3541 5422 periisse.
3566 5350 3687 5405 Hoc

2032 5439 2210 5496 modo
2242 5437 2460 5494 animis
2489 5438 2744 5497 militum
2775 5439 3099 5511 corruptis..
3125 5439 3231 5511 qui.
3256 5457 3329 5497 ex
3348 5441 3492 5513 fuga
3522 5456 3688 5512 spar-

2034 5528 2147 5583 sim
2180 5527 2409 5600 pedites
2457 5526 2721 5599 nudique
2746 5528 3251 5594 .reveetebantur,
3273 5528 3525 5584 eos~suis
3550 5545 3690 5600 per-

2034 5618 2315 5687 miscuit,-
2331 5617 2740 5693 persuasitque
2764 5623 2923 5679 ruta
2946 5618 3239 5679 Michaelo'
3265 5618 3703 5679 desciscerent.-

2033 5707 2184 5782 Ergb
2213 5705 2447 5764 milites
2462 5713 2586 5764 uno
2630 5710 2837 5767 omniss
2866 5707 3095 5783 nuptam
3124 5708 3448 5769 t’éﬁt‘d’rium
3474 5705 3690 5767 Leonis
