  <div class='ocr_page' id='page_1' title='image "/cluster/home/n/w/nwhite01/storage/ocr_20150623/121/hvd.32044073502478/471.png"; bbox 0 0 4148 6212; ppageno 0'>
   <div class='ocr_carea' id='block_1_1' title="bbox 495 332 608 395">
    <p class='ocr_par' dir='ltr' id='par_1_1' title="bbox 495 332 608 395">
     <span class='ocr_line' id='line_1_1' title="bbox 495 332 608 395; baseline -0.027 0"><span class='ocrx_word' id='word_1_1' title='bbox 495 332 608 395; x_wconf 83' lang='grc'>931</span> 
     </span>
    </p>
   </div>
   <div class='ocr_carea' id='block_1_2' title="bbox 1849 319 2557 388">
    <p class='ocr_par' dir='ltr' id='par_1_2' title="bbox 1849 319 2557 388">
     <span class='ocr_line' id='line_1_2' title="bbox 1849 319 2557 388; baseline 0 -4"><span class='ocrx_word' id='word_1_2' title='bbox 1849 320 2168 388; x_wconf 80' lang='lat' dir='ltr'>GEORGII</span> <span class='ocrx_word' id='word_1_3' title='bbox 2209 319 2359 382; x_wconf 87' lang='lat' dir='ltr'>CED</span> <span class='ocrx_word' id='word_1_4' title='bbox 2371 319 2557 384; x_wconf 70' lang='lat' dir='ltr'>BEN!</span> 
     </span>
    </p>
   </div>
   <div class='ocr_carea' id='block_1_3' title="bbox 3783 321 3886 382">
    <p class='ocr_par' dir='ltr' id='par_1_3' title="bbox 3783 321 3886 382">
     <span class='ocr_line' id='line_1_3' title="bbox 3783 321 3886 382; baseline -0.01 0"><span class='ocrx_word' id='word_1_5' title='bbox 3783 321 3886 382; x_wconf 83' lang='lat'>932</span> 
     </span>
    </p>
   </div>
   <div class='ocr_carea' id='block_1_4' title="bbox 491 451 2130 537">
    <p class='ocr_par' dir='ltr' id='par_1_4' title="bbox 491 459 2130 537">
     <span class='ocr_line' id='line_1_4' title="bbox 491 459 2130 537; baseline -0.005 -15"><span class='ocrx_word' id='word_1_6' title='bbox 491 467 749 537; x_wconf 75' lang='lat' dir='ltr'>cingere,</span> <span class='ocrx_word' id='word_1_7' title='bbox 784 468 985 536; x_wconf 83' lang='lat' dir='ltr'>turpes</span> <span class='ocrx_word' id='word_1_8' title='bbox 1015 467 1070 518; x_wconf 91' lang='lat' dir='ltr'>et</span> <span class='ocrx_word' id='word_1_9' title='bbox 1118 461 1491 533; x_wconf 90' lang='lat' dir='ltr'>impudentes</span> <span class='ocrx_word' id='word_1_10' title='bbox 1524 459 1594 517; x_wconf 92' lang='lat' dir='ltr'>de</span> <span class='ocrx_word' id='word_1_11' title='bbox 1627 459 1982 532; x_wconf 78' lang='lat' dir='ltr'>imperatore</span> <span class='ocrx_word' id='word_1_12' title='bbox 2010 474 2130 514; x_wconf 86' lang='lat' dir='ltr'>ser-</span> 
     </span>
    </p>
   </div>
   <div class='ocr_carea' id='block_1_5' title="bbox 2240 451 3890 537">
    <p class='ocr_par' dir='ltr' id='par_1_5' title="bbox 2251 451 3890 530">
     <span class='ocr_line' id='line_1_5' title="bbox 2251 451 3890 530; baseline 0.001 -20"><span class='ocrx_word' id='word_1_13' title='bbox 2251 454 2430 530; x_wconf 82' lang='grc' dir='ltr'>ὁρμῆς</span> <span class='ocrx_word' id='word_1_14' title='bbox 2461 456 2562 526; x_wconf 80' lang='grc' dir='ltr'>τὴν</span> <span class='ocrx_word' id='word_1_15' title='bbox 2611 455 2818 526; x_wconf 74' lang='grc' dir='ltr'>σκηνὴν</span> <span class='ocrx_word' id='word_1_16' title='bbox 2874 451 3071 510; x_wconf 78' lang='grc' dir='ltr'>τούτου</span> <span class='ocrx_word' id='word_1_17' title='bbox 3125 455 3648 530; x_wconf 70' lang='grc' dir='ltr'>περιποιχτςσαντες</span> <span class='ocrx_word' id='word_1_18' title='bbox 3707 451 3890 530; x_wconf 70' lang='grc' dir='ltr'>λόγους</span> 
     </span>
    </p>
   </div>
   <div class='ocr_carea' id='block_1_6' title="bbox 491 551 2141 626">
    <p class='ocr_par' dir='ltr' id='par_1_6' title="bbox 491 551 2141 626">
     <span class='ocr_line' id='line_1_6' title="bbox 491 551 2141 626; baseline -0.005 -14"><span class='ocrx_word' id='word_1_19' title='bbox 491 571 701 612; x_wconf 89' lang='lat' dir='ltr'>mones</span> <span class='ocrx_word' id='word_1_20' title='bbox 725 555 974 626; x_wconf 79' lang='lat' dir='ltr'>jactare,</span> <span class='ocrx_word' id='word_1_21' title='bbox 1009 553 1281 607; x_wconf 89' lang='lat' dir='ltr'>timidum</span> <span class='ocrx_word' id='word_1_22' title='bbox 1333 569 1468 607; x_wconf 91' lang='lat' dir='ltr'>eum</span> <span class='ocrx_word' id='word_1_23' title='bbox 1510 557 1568 606; x_wconf 88' lang='lat' dir='ltr'>et</span> <span class='ocrx_word' id='word_1_24' title='bbox 1599 551 2004 607; x_wconf 82' lang='lat' dir='ltr'>effeminatum</span> <span class='ocrx_word' id='word_1_25' title='bbox 2037 566 2141 620; x_wconf 87' lang='lat' dir='ltr'>ap-</span> 
     </span>
    </p>
   </div>
   <div class='ocr_carea' id='block_1_7' title="bbox 493 639 2144 718">
    <p class='ocr_par' dir='ltr' id='par_1_7' title="bbox 493 639 2144 718">
     <span class='ocr_line' id='line_1_7' title="bbox 493 639 2144 718; baseline -0.005 -18"><span class='ocrx_word' id='word_1_26' title='bbox 493 645 738 718; x_wconf 88' lang='lat' dir='ltr'>pellare,</span> <span class='ocrx_word' id='word_1_27' title='bbox 794 643 893 714; x_wconf 85' lang='lat' dir='ltr'>qui</span> <span class='ocrx_word' id='word_1_28' title='bbox 952 659 1058 697; x_wconf 90' lang='lat' dir='ltr'>sua</span> <span class='ocrx_word' id='word_1_29' title='bbox 1109 642 1378 696; x_wconf 87' lang='lat' dir='ltr'>fatuitate</span> <span class='ocrx_word' id='word_1_30' title='bbox 1440 644 1730 696; x_wconf 77' lang='lat' dir='ltr'>Romanos</span> <span class='ocrx_word' id='word_1_31' title='bbox 1789 639 2144 712; x_wconf 82' lang='lat' dir='ltr'>perdidisset</span> 
     </span>
    </p>
   </div>
   <div class='ocr_carea' id='block_1_8' title="bbox 495 731 2140 804">
    <p class='ocr_par' dir='ltr' id='par_1_8' title="bbox 495 731 2140 804">
     <span class='ocr_line' id='line_1_8' title="bbox 495 731 2140 804; baseline -0.004 -14"><span class='ocrx_word' id='word_1_32' title='bbox 495 734 790 791; x_wconf 82' lang='lat' dir='ltr'>exercitus</span> <span class='ocrx_word' id='word_1_33' title='bbox 820 731 1252 804; x_wconf 88' lang='lat' dir='ltr'>pristinamque</span> <span class='ocrx_word' id='word_1_34' title='bbox 1284 732 1520 802; x_wconf 89' lang='lat' dir='ltr'>imperii</span> <span class='ocrx_word' id='word_1_35' title='bbox 1552 731 1800 803; x_wconf 83' lang='lat' dir='ltr'>gloriam</span> <span class='ocrx_word' id='word_1_36' title='bbox 1831 731 2140 786; x_wconf 86' lang='lat' dir='ltr'>obscuras-</span> 
     </span>
    </p>
   </div>
   <div class='ocr_carea' id='block_1_9' title="bbox 495 821 2141 895">
    <p class='ocr_par' dir='ltr' id='par_1_9' title="bbox 495 821 2141 895">
     <span class='ocr_line' id='line_1_9' title="bbox 495 821 2141 895; baseline -0.004 -15"><span class='ocrx_word' id='word_1_37' title='bbox 495 831 604 894; x_wconf 89' lang='lat' dir='ltr'>set,</span> <span class='ocrx_word' id='word_1_38' title='bbox 636 831 841 880; x_wconf 88' lang='lat' dir='ltr'>contra</span> <span class='ocrx_word' id='word_1_39' title='bbox 875 825 1125 879; x_wconf 85' lang='lat' dir='ltr'>Leonem</span> <span class='ocrx_word' id='word_1_40' title='bbox 1156 823 1348 895; x_wconf 81' lang='lat' dir='ltr'>palam</span> <span class='ocrx_word' id='word_1_41' title='bbox 1377 823 1584 878; x_wconf 80' lang='lat' dir='ltr'>faustis</span> <span class='ocrx_word' id='word_1_42' title='bbox 1615 821 2141 878; x_wconf 73' lang='lat' dir='ltr'>acclamationibus</span> 
     </span>
    </p>
   </div>
   <div class='ocr_carea' id='block_1_10' title="bbox 492 912 2144 988">
    <p class='ocr_par' dir='ltr' id='par_1_10' title="bbox 492 912 2144 988">
     <span class='ocr_line' id='line_1_10' title="bbox 492 912 2144 988; baseline -0.004 -17"><span class='ocrx_word' id='word_1_43' title='bbox 492 915 912 988; x_wconf 77' lang='lat' dir='ltr'>imperatorem</span> <span class='ocrx_word' id='word_1_44' title='bbox 971 917 1372 970; x_wconf 78' lang='lat' dir='ltr'>Romanorum</span> <span class='ocrx_word' id='word_1_45' title='bbox 1446 913 1725 972; x_wconf 88' lang='lat' dir='ltr'>salutare.</span> <span class='ocrx_word' id='word_1_46' title='bbox 1783 912 2144 967; x_wconf 87' lang='lat' dir='ltr'>Simulanter</span> 
     </span>
    </p>
   </div>
   <div class='ocr_carea' id='block_1_11' title="bbox 490 1001 2142 1078">
    <p class='ocr_par' dir='ltr' id='par_1_11' title="bbox 490 1001 2142 1078">
     <span class='ocr_line' id='line_1_11' title="bbox 490 1001 2142 1078; baseline -0.003 -18"><span class='ocrx_word' id='word_1_47' title='bbox 490 1011 974 1078; x_wconf 79' lang='lat' dir='ltr'>tergtversantem</span> <span class='ocrx_word' id='word_1_48' title='bbox 991 1002 1809 1074; x_wconf 87' lang='lat' dir='ltr'>etimperiumdetrectantem</span> <span class='ocrx_word' id='word_1_49' title='bbox 1824 1001 2142 1056; x_wconf 77' lang='lat' dir='ltr'>Micliaelus</span> 
     </span>
    </p>
   </div>
   <div class='ocr_carea' id='block_1_12' title="bbox 487 1091 2140 1165">
    <p class='ocr_par' dir='ltr' id='par_1_12' title="bbox 487 1091 2140 1165">
     <span class='ocr_line' id='line_1_12' title="bbox 487 1091 2140 1165; baseline -0.004 -15"><span class='ocrx_word' id='word_1_50' title='bbox 487 1096 728 1151; x_wconf 83' lang='lat' dir='ltr'>Amorio</span> <span class='ocrx_word' id='word_1_51' title='bbox 759 1094 1064 1156; x_wconf 87' lang='lat' dir='ltr'>oriundus,</span> <span class='ocrx_word' id='word_1_52' title='bbox 1095 1099 1485 1165; x_wconf 86' lang='lat' dir='ltr'>cognomento</span> <span class='ocrx_word' id='word_1_53' title='bbox 1521 1092 1754 1158; x_wconf 85' lang='lat' dir='ltr'>Balbus,</span> <span class='ocrx_word' id='word_1_54' title='bbox 1779 1091 1896 1146; x_wconf 87' lang='lat' dir='ltr'>dux</span> <span class='ocrx_word' id='word_1_55' title='bbox 1929 1096 1986 1146; x_wconf 88' lang='lat' dir='ltr'>et</span> <span class='ocrx_word' id='word_1_56' title='bbox 2016 1091 2140 1160; x_wconf 92' lang='lat' dir='ltr'>ipse</span> 
     </span>
    </p>
   </div>
   <div class='ocr_carea' id='block_1_13' title="bbox 489 1179 2138 1253">
    <p class='ocr_par' dir='ltr' id='par_1_13' title="bbox 489 1179 2138 1253">
     <span class='ocr_line' id='line_1_13' title="bbox 489 1179 2138 1253; baseline -0.005 -11"><span class='ocrx_word' id='word_1_57' title='bbox 489 1185 796 1242; x_wconf 89' lang='lat' dir='ltr'>cu.usdam</span> <span class='ocrx_word' id='word_1_58' title='bbox 829 1186 1108 1238; x_wconf 73' lang='lat' dir='ltr'>Romanm</span> <span class='ocrx_word' id='word_1_59' title='bbox 1139 1182 1408 1252; x_wconf 83' lang='lat' dir='ltr'>legionis,</span> <span class='ocrx_word' id='word_1_60' title='bbox 1444 1181 1645 1236; x_wconf 91' lang='lat' dir='ltr'>stricto</span> <span class='ocrx_word' id='word_1_61' title='bbox 1686 1181 1898 1253; x_wconf 78' lang='lat' dir='ltr'>gladio,</span> <span class='ocrx_word' id='word_1_62' title='bbox 1924 1179 2138 1248; x_wconf 75' lang='lat' dir='ltr'>jussis-</span> 
     </span>
    </p>
   </div>
   <div class='ocr_carea' id='block_1_14' title="bbox 489 1269 2141 1346">
    <p class='ocr_par' dir='ltr' id='par_1_14' title="bbox 489 1269 2141 1346">
     <span class='ocr_line' id='line_1_14' title="bbox 489 1269 2141 1346; baseline -0.005 -16"><span class='ocrx_word' id='word_1_63' title='bbox 489 1292 605 1346; x_wconf 91' lang='lat' dir='ltr'>que</span> <span class='ocrx_word' id='word_1_64' title='bbox 636 1275 793 1328; x_wconf 90' lang='lat' dir='ltr'>idem</span> <span class='ocrx_word' id='word_1_65' title='bbox 825 1273 1017 1328; x_wconf 83' lang='lat' dir='ltr'>facere</span> <span class='ocrx_word' id='word_1_66' title='bbox 1050 1273 1278 1326; x_wconf 65' lang='lat' dir='ltr'>caeteris</span> <span class='ocrx_word' id='word_1_67' title='bbox 1317 1271 1512 1332; x_wconf 87' lang='lat' dir='ltr'>sociis,</span> <span class='ocrx_word' id='word_1_68' title='bbox 1547 1271 1806 1324; x_wconf 80' lang='lat' dir='ltr'>minatus</span> <span class='ocrx_word' id='word_1_69' title='bbox 1838 1275 1927 1323; x_wconf 91' lang='lat' dir='ltr'>est</span> <span class='ocrx_word' id='word_1_70' title='bbox 1958 1286 2018 1324; x_wconf 91' lang='lat' dir='ltr'>se</span> <span class='ocrx_word' id='word_1_71' title='bbox 2053 1269 2141 1322; x_wconf 86' lang='lat' dir='ltr'>in-</span> 
     </span>
    </p>
   </div>
   <div class='ocr_carea' id='block_1_15' title="bbox 487 1360 2144 1431">
    <p class='ocr_par' dir='ltr' id='par_1_15' title="bbox 487 1360 2144 1431">
     <span class='ocr_line' id='line_1_15' title="bbox 487 1360 2144 1431; baseline -0.005 -11"><span class='ocrx_word' id='word_1_72' title='bbox 487 1364 894 1421; x_wconf 80' lang='lat' dir='ltr'>terfecturum.</span> <span class='ocrx_word' id='word_1_73' title='bbox 930 1362 1040 1415; x_wconf 87' lang='lat' dir='ltr'>nisi</span> <span class='ocrx_word' id='word_1_74' title='bbox 1074 1361 1274 1414; x_wconf 85' lang='lat' dir='ltr'>volens</span> <span class='ocrx_word' id='word_1_75' title='bbox 1335 1360 1646 1431; x_wconf 84' lang='lat' dir='ltr'>imperium</span> <span class='ocrx_word' id='word_1_76' title='bbox 1681 1360 2024 1431; x_wconf 83' lang='lat' dir='ltr'>susciperet.</span> <span class='ocrx_word' id='word_1_77' title='bbox 2058 1360 2144 1413; x_wconf 87' lang='lat' dir='ltr'>Ita</span> 
     </span>
    </p>
   </div>
   <div class='ocr_carea' id='block_1_16' title="bbox 492 1450 2140 1525">
    <p class='ocr_par' dir='ltr' id='par_1_16' title="bbox 492 1450 2140 1525">
     <span class='ocr_line' id='line_1_16' title="bbox 492 1450 2140 1525; baseline -0.004 -17"><span class='ocrx_word' id='word_1_78' title='bbox 492 1470 628 1525; x_wconf 84' lang='lat' dir='ltr'>ergo</span> <span class='ocrx_word' id='word_1_79' title='bbox 661 1453 774 1507; x_wconf 89' lang='lat' dir='ltr'>Leo</span> <span class='ocrx_word' id='word_1_80' title='bbox 797 1450 1071 1506; x_wconf 84' lang='lat' dir='ltr'>diadema</span> <span class='ocrx_word' id='word_1_81' title='bbox 1101 1451 1285 1505; x_wconf 87' lang='lat' dir='ltr'>sumit</span> <span class='ocrx_word' id='word_1_82' title='bbox 1307 1456 1362 1505; x_wconf 88' lang='lat' dir='ltr'>et</span> <span class='ocrx_word' id='word_1_83' title='bbox 1392 1451 1713 1521; x_wconf 90' lang='lat' dir='ltr'>imperator</span> <span class='ocrx_word' id='word_1_84' title='bbox 1741 1452 2140 1504; x_wconf 84' lang='lat' dir='ltr'>Romanorum</span> 
     </span>
    </p>
   </div>
   <div class='ocr_carea' id='block_1_17' title="bbox 493 1537 2140 1611">
    <p class='ocr_par' dir='ltr' id='par_1_17' title="bbox 493 1537 2140 1611">
     <span class='ocr_line' id='line_1_17' title="bbox 493 1537 2140 1611; baseline -0.004 -14"><span class='ocrx_word' id='word_1_85' title='bbox 493 1541 846 1597; x_wconf 78' lang='lat' dir='ltr'>declaratur.</span> <span class='ocrx_word' id='word_1_86' title='bbox 873 1543 1206 1611; x_wconf 85' lang='lat' dir='ltr'>Antequam</span> <span class='ocrx_word' id='word_1_87' title='bbox 1230 1541 1354 1595; x_wconf 64' lang='lat' dir='ltr'>haec</span> <span class='ocrx_word' id='word_1_88' title='bbox 1376 1540 1456 1594; x_wconf 89' lang='lat' dir='ltr'>ita</span> <span class='ocrx_word' id='word_1_89' title='bbox 1475 1545 1846 1610; x_wconf 73' lang='lat' dir='ltr'>gererentur.</span> <span class='ocrx_word' id='word_1_90' title='bbox 1869 1537 2140 1592; x_wconf 84' lang='lat' dir='ltr'>redeunti</span> 
     </span>
    </p>
   </div>
   <div class='ocr_carea' id='block_1_18' title="bbox 499 1627 2140 1702">
    <p class='ocr_par' dir='ltr' id='par_1_18' title="bbox 499 1627 2140 1702">
     <span class='ocr_line' id='line_1_18' title="bbox 499 1627 2140 1702; baseline -0.004 -16"><span class='ocrx_word' id='word_1_91' title='bbox 499 1647 568 1686; x_wconf 82' lang='lat' dir='ltr'>ex</span> <span class='ocrx_word' id='word_1_92' title='bbox 595 1630 732 1702; x_wconf 85' lang='lat' dir='ltr'>fuga</span> <span class='ocrx_word' id='word_1_93' title='bbox 763 1629 1046 1685; x_wconf 78' lang='lat' dir='ltr'>Micliaelo</span> <span class='ocrx_word' id='word_1_94' title='bbox 1081 1629 1418 1700; x_wconf 86' lang='lat' dir='ltr'>imperatori</span> <span class='ocrx_word' id='word_1_95' title='bbox 1445 1629 1693 1700; x_wconf 83' lang='lat' dir='ltr'>jamque</span> <span class='ocrx_word' id='word_1_96' title='bbox 1725 1627 1887 1700; x_wconf 90' lang='lat' dir='ltr'>Cpoli</span> <span class='ocrx_word' id='word_1_97' title='bbox 1945 1627 2140 1699; x_wconf 83' lang='lat' dir='ltr'>proxi-</span> 
     </span>
    </p>
   </div>
   <div class='ocr_carea' id='block_1_19' title="bbox 491 1717 2139 1786">
    <p class='ocr_par' dir='ltr' id='par_1_19' title="bbox 491 1717 2139 1786">
     <span class='ocr_line' id='line_1_19' title="bbox 491 1717 2139 1786; baseline -0.004 -9"><span class='ocrx_word' id='word_1_98' title='bbox 491 1738 588 1777; x_wconf 91' lang='lat' dir='ltr'>mo</span> <span class='ocrx_word' id='word_1_99' title='bbox 644 1723 898 1777; x_wconf 82' lang='lat' dir='ltr'>Joannes</span> <span class='ocrx_word' id='word_1_100' title='bbox 957 1719 1280 1776; x_wconf 86' lang='lat' dir='ltr'>Exabulius</span> <span class='ocrx_word' id='word_1_101' title='bbox 1332 1735 1674 1786; x_wconf 88' lang='lat' dir='ltr'>occurrens,</span> <span class='ocrx_word' id='word_1_102' title='bbox 1733 1717 1963 1773; x_wconf 89' lang='lat' dir='ltr'>cladem</span> <span class='ocrx_word' id='word_1_103' title='bbox 2003 1717 2139 1772; x_wconf 88' lang='lat' dir='ltr'>forti</span> 
     </span>
    </p>
   </div>
   <div class='ocr_carea' id='block_1_20' title="bbox 2257 543 3890 621">
    <p class='ocr_par' dir='ltr' id='par_1_20' title="bbox 2257 543 3890 621">
     <span class='ocr_line' id='line_1_20' title="bbox 2257 543 3890 621; baseline 0.001 -22"><span class='ocrx_word' id='word_1_104' title='bbox 2257 544 2354 618; x_wconf 73' lang='grc' dir='ltr'>μὲν</span> <span class='ocrx_word' id='word_1_105' title='bbox 2412 543 2671 620; x_wconf 77' lang='grc' dir='ltr'>ἀπρεπεῖς</span> <span class='ocrx_word' id='word_1_106' title='bbox 2754 549 2843 600; x_wconf 83' lang='grc' dir='ltr'>καὶ</span> <span class='ocrx_word' id='word_1_107' title='bbox 2928 544 3320 618; x_wconf 71' lang='grc' dir='ltr'>ἀναισχύντους</span> <span class='ocrx_word' id='word_1_108' title='bbox 3407 545 3772 621; x_wconf 67' lang='grc' dir='ltr'>ἀπερρίπτουν</span> <span class='ocrx_word' id='word_1_109' title='bbox 3825 547 3890 609; x_wconf 75' lang='grc' dir='ltr'>εἷς</span> 
     </span>
    </p>
   </div>
   <div class='ocr_carea' id='block_1_21' title="bbox 2257 633 3888 711">
    <p class='ocr_par' dir='ltr' id='par_1_21' title="bbox 2257 633 3888 711">
     <span class='ocr_line' id='line_1_21' title="bbox 2257 633 3888 711; baseline 0.001 -21"><span class='ocrx_word' id='word_1_110' title='bbox 2257 633 2508 711; x_wconf 85' lang='grc' dir='ltr'>βασιλέα,</span> <span class='ocrx_word' id='word_1_111' title='bbox 2565 633 2750 690; x_wconf 79' lang='grc' dir='ltr'>δειλὸν</span> <span class='ocrx_word' id='word_1_112' title='bbox 2809 635 2969 690; x_wconf 79' lang='grc' dir='ltr'>αὐτὸν</span> <span class='ocrx_word' id='word_1_113' title='bbox 3040 633 3438 696; x_wconf 78' lang='grc' dir='ltr'>ἀποκαλοῦντες</span> <span class='ocrx_word' id='word_1_114' title='bbox 3493 636 3580 690; x_wconf 78' lang='grc' dir='ltr'>καὶ</span> <span class='ocrx_word' id='word_1_115' title='bbox 3638 633 3888 708; x_wconf 71' lang='grc' dir='ltr'>ἄνανδρον</span> 
     </span>
    </p>
   </div>
   <div class='ocr_carea' id='block_1_22' title="bbox 2251 723 3892 799">
    <p class='ocr_par' dir='ltr' id='par_1_22' title="bbox 2251 723 3892 799">
     <span class='ocr_line' id='line_1_22' title="bbox 2251 723 3892 799; baseline 0.001 -20"><span class='ocrx_word' id='word_1_116' title='bbox 2251 725 2422 794; x_wconf 76' lang='grc' dir='ltr'>καῖἐξ</span> <span class='ocrx_word' id='word_1_117' title='bbox 2481 723 2736 799; x_wconf 69' lang='grc' dir='ltr'>ἀφελείας</span> <span class='ocrx_word' id='word_1_118' title='bbox 2793 725 2859 779; x_wconf 76' lang='grc' dir='ltr'>τΞι</span> <span class='ocrx_word' id='word_1_119' title='bbox 2915 746 2973 780; x_wconf 86' lang='grc' dir='ltr'>τε</span> <span class='ocrx_word' id='word_1_120' title='bbox 3031 725 3316 798; x_wconf 77' lang='grc' dir='ltr'>Ῥωμαῖκᾶ</span> <span class='ocrx_word' id='word_1_121' title='bbox 3373 725 3689 781; x_wconf 74' lang='grc' dir='ltr'>ἀπολλύντα</span> <span class='ocrx_word' id='word_1_122' title='bbox 3751 747 3892 799; x_wconf 81' lang='grc' dir='ltr'>στρα-</span> 
     </span>
    </p>
   </div>
   <div class='ocr_carea' id='block_1_23' title="bbox 2251 813 3894 891">
    <p class='ocr_par' dir='ltr' id='par_1_23' title="bbox 2251 813 3894 891">
     <span class='ocr_line' id='line_1_23' title="bbox 2251 813 3894 891; baseline 0.001 -20"><span class='ocrx_word' id='word_1_123' title='bbox 2251 816 2488 888; x_wconf 78' lang='grc' dir='ltr'>τεύματα</span> <span class='ocrx_word' id='word_1_124' title='bbox 2519 817 2608 870; x_wconf 83' lang='grc' dir='ltr'>καὶ</span> <span class='ocrx_word' id='word_1_125' title='bbox 2663 817 2728 871; x_wconf 90' lang='grc' dir='ltr'>τὸ</span> <span class='ocrx_word' id='word_1_126' title='bbox 2778 813 2937 878; x_wconf 82' lang='grc' dir='ltr'>κλέος</span> <span class='ocrx_word' id='word_1_127' title='bbox 2968 815 3057 870; x_wconf 84' lang='grc' dir='ltr'>καὶ</span> <span class='ocrx_word' id='word_1_128' title='bbox 3112 817 3212 883; x_wconf 78' lang='grc' dir='ltr'>τήν</span> <span class='ocrx_word' id='word_1_129' title='bbox 3248 813 3404 886; x_wconf 79' lang='grc' dir='ltr'>δόξαν</span> <span class='ocrx_word' id='word_1_130' title='bbox 3445 816 3778 891; x_wconf 77' lang='grc' dir='ltr'>ἀχρειοῦντα</span> <span class='ocrx_word' id='word_1_131' title='bbox 3804 825 3894 886; x_wconf 82' lang='grc' dir='ltr'>τῆς</span> 
     </span>
    </p>
   </div>
   <div class='ocr_carea' id='block_1_24' title="bbox 2257 901 3894 984">
    <p class='ocr_par' dir='ltr' id='par_1_24' title="bbox 2257 901 3894 984">
     <span class='ocr_line' id='line_1_24' title="bbox 2257 901 3894 984; baseline 0.001 -26"><span class='ocrx_word' id='word_1_132' title='bbox 2257 903 2557 979; x_wconf 76' lang='grc' dir='ltr'>βασιλείας,</span> <span class='ocrx_word' id='word_1_133' title='bbox 2589 903 2748 960; x_wconf 78' lang='grc' dir='ltr'>αὐτὸν</span> <span class='ocrx_word' id='word_1_134' title='bbox 2803 901 2860 960; x_wconf 76' lang='grc' dir='ltr'>δέ</span> <span class='ocrx_word' id='word_1_135' title='bbox 2908 902 3207 984; x_wconf 75' lang='grc' dir='ltr'>ἀναφανδὸν</span> <span class='ocrx_word' id='word_1_136' title='bbox 3240 905 3518 983; x_wconf 72' lang='grc' dir='ltr'>εὐφήμουν</span> <span class='ocrx_word' id='word_1_137' title='bbox 3551 905 3640 960; x_wconf 72' lang='grc' dir='ltr'>καὶ</span> <span class='ocrx_word' id='word_1_138' title='bbox 3680 906 3894 981; x_wconf 81' lang='grc' dir='ltr'>βασιλέα</span> 
     </span>
    </p>
   </div>
   <div class='ocr_carea' id='block_1_25' title="bbox 2250 991 3894 1069">
    <p class='ocr_par' dir='ltr' id='par_1_25' title="bbox 2250 991 3894 1069">
     <span class='ocr_line' id='line_1_25' title="bbox 2250 991 3894 1069; baseline -0.001 -19"><span class='ocrx_word' id='word_1_139' title='bbox 2250 994 2543 1066; x_wconf 78' lang='grc' dir='ltr'>Ῥωμαίων</span> <span class='ocrx_word' id='word_1_140' title='bbox 2613 993 2925 1069; x_wconf 67' lang='grc' dir='ltr'>ἐκήρυττον.</span> <span class='ocrx_word' id='word_1_141' title='bbox 3001 994 3387 1069; x_wconf 82' lang='grc' dir='ltr'>Θρυπτομένου</span> <span class='ocrx_word' id='word_1_142' title='bbox 3447 991 3505 1049; x_wconf 73' lang='grc' dir='ltr'>δὲ</span> <span class='ocrx_word' id='word_1_143' title='bbox 3559 1015 3760 1050; x_wconf 82' lang='grc' dir='ltr'>τουτου</span> <span class='ocrx_word' id='word_1_144' title='bbox 3814 997 3894 1050; x_wconf 75' lang='grc' dir='ltr'>καὶ</span> 
     </span>
    </p>
   </div>
   <div class='ocr_carea' id='block_1_26' title="bbox 2251 1082 3894 1159">
    <p class='ocr_par' dir='ltr' id='par_1_26' title="bbox 2251 1082 3894 1159">
     <span class='ocr_line' id='line_1_26' title="bbox 2251 1082 3894 1159; baseline 0.001 -20"><span class='ocrx_word' id='word_1_145' title='bbox 2251 1085 2349 1151; x_wconf 81' lang='grc' dir='ltr'>τὴν</span> <span class='ocrx_word' id='word_1_146' title='bbox 2401 1083 2579 1158; x_wconf 78' lang='grc' dir='ltr'>ἀρχὴν</span> <span class='ocrx_word' id='word_1_147' title='bbox 2628 1083 3040 1157; x_wconf 78' lang='grc' dir='ltr'>ἀποσειομένου,</span> <span class='ocrx_word' id='word_1_148' title='bbox 3108 1082 3343 1159; x_wconf 77' lang='grc' dir='ltr'>Μιχαήλ</span> <span class='ocrx_word' id='word_1_149' title='bbox 3386 1084 3414 1138; x_wconf 86' lang='grc' dir='ltr'>ὁ</span> <span class='ocrx_word' id='word_1_150' title='bbox 3455 1085 3503 1154; x_wconf 76' lang='grc' dir='ltr'>ἐξ</span> <span class='ocrx_word' id='word_1_151' title='bbox 3559 1085 3894 1158; x_wconf 78' lang='grc' dir='ltr'>Ἀμωρίουὸ</span> 
     </span>
    </p>
   </div>
   <div class='ocr_carea' id='block_1_27' title="bbox 2250 1171 3898 1250">
    <p class='ocr_par' dir='ltr' id='par_1_27' title="bbox 2250 1171 3898 1250">
     <span class='ocr_line' id='line_1_27' title="bbox 2250 1171 3898 1250; baseline 0.002 -25"><span class='ocrx_word' id='word_1_152' title='bbox 2250 1171 2522 1244; x_wconf 79' lang='grc' dir='ltr'>Τραυλὸς,</span> <span class='ocrx_word' id='word_1_153' title='bbox 2577 1172 2859 1250; x_wconf 74' lang='grc' dir='ltr'>τάγματὸς</span> <span class='ocrx_word' id='word_1_154' title='bbox 2892 1193 3040 1236; x_wconf 85' lang='grc' dir='ltr'>τινος</span> <span class='ocrx_word' id='word_1_155' title='bbox 3099 1173 3186 1228; x_wconf 86' lang='grc' dir='ltr'>καὶ</span> <span class='ocrx_word' id='word_1_156' title='bbox 3238 1173 3398 1235; x_wconf 77' lang='grc' dir='ltr'>αὐτὸς</span> <span class='ocrx_word' id='word_1_157' title='bbox 3454 1175 3775 1247; x_wconf 80' lang='grc' dir='ltr'>Ῥωμαϊκοῦ</span> <span class='ocrx_word' id='word_1_158' title='bbox 3833 1174 3898 1247; x_wconf 79' lang='grc' dir='ltr'>ἐξ·</span> 
     </span>
    </p>
   </div>
   <div class='ocr_carea' id='block_1_28' title="bbox 2251 1261 3894 1340">
    <p class='ocr_par' dir='ltr' id='par_1_28' title="bbox 2251 1261 3894 1340">
     <span class='ocr_line' id='line_1_28' title="bbox 2251 1261 3894 1340; baseline 0.001 -24"><span class='ocrx_word' id='word_1_159' title='bbox 2251 1262 2580 1336; x_wconf 72' lang='grc' dir='ltr'>ηγοῦμενος,</span> <span class='ocrx_word' id='word_1_160' title='bbox 2613 1263 2674 1316; x_wconf 88' lang='grc' dir='ltr'>τὸ</span> <span class='ocrx_word' id='word_1_161' title='bbox 2715 1263 2868 1340; x_wconf 77' lang='grc' dir='ltr'>ξίφος</span> <span class='ocrx_word' id='word_1_162' title='bbox 2917 1263 3278 1334; x_wconf 76' lang='grc' dir='ltr'>σπασάμενος,</span> <span class='ocrx_word' id='word_1_163' title='bbox 3308 1268 3468 1318; x_wconf 75' lang='grc' dir='ltr'>τοῦτο</span> <span class='ocrx_word' id='word_1_164' title='bbox 3501 1261 3557 1319; x_wconf 75' lang='grc' dir='ltr'>δὲ</span> <span class='ocrx_word' id='word_1_165' title='bbox 3585 1264 3676 1318; x_wconf 81' lang='grc' dir='ltr'>καὶ</span> <span class='ocrx_word' id='word_1_166' title='bbox 3711 1263 3894 1326; x_wconf 77' lang='grc' dir='ltr'>ἄλλοις</span> 
     </span>
    </p>
   </div>
   <div class='ocr_carea' id='block_1_29' title="bbox 2249 1347 3897 1428">
    <p class='ocr_par' dir='ltr' id='par_1_29' title="bbox 2249 1347 3897 1428">
     <span class='ocr_line' id='line_1_29' title="bbox 2249 1347 3897 1428; baseline -0.001 -22"><span class='ocrx_word' id='word_1_167' title='bbox 2249 1357 2366 1414; x_wconf 83' lang='grc' dir='ltr'>τοῖς</span> <span class='ocrx_word' id='word_1_168' title='bbox 2395 1355 2492 1406; x_wconf 81' lang='grc' dir='ltr'>τοῦ</span> <span class='ocrx_word' id='word_1_169' title='bbox 2541 1347 2697 1426; x_wconf 80' lang='grc' dir='ltr'>ἔργου</span> <span class='ocrx_word' id='word_1_170' title='bbox 2759 1351 3038 1428; x_wconf 75' lang='grc' dir='ltr'>μετόχοις⁹</span> <span class='ocrx_word' id='word_1_171' title='bbox 3094 1357 3271 1406; x_wconf 81' lang='grc' dir='ltr'>ποιεῖν</span> <span class='ocrx_word' id='word_1_172' title='bbox 3324 1351 3636 1428; x_wconf 71' lang='grc' dir='ltr'>ἐπιτρέψας,</span> <span class='ocrx_word' id='word_1_173' title='bbox 3681 1353 3897 1427; x_wconf 71' lang='grc' dir='ltr'>ἀναιρή-</span> 
     </span>
    </p>
   </div>
   <div class='ocr_carea' id='block_1_30' title="bbox 2253 1439 3895 1519">
    <p class='ocr_par' dir='ltr' id='par_1_30' title="bbox 2253 1439 3895 1519">
     <span class='ocr_line' id='line_1_30' title="bbox 2253 1439 3895 1519; baseline 0.001 -25"><span class='ocrx_word' id='word_1_174' title='bbox 2253 1461 2361 1495; x_wconf 89' lang='grc' dir='ltr'>σειν</span> <span class='ocrx_word' id='word_1_175' title='bbox 2391 1440 2632 1512; x_wconf 75' lang='grc' dir='ltr'>ἠπείλει,</span> <span class='ocrx_word' id='word_1_176' title='bbox 2666 1442 2710 1496; x_wconf 81' lang='grc' dir='ltr'>εἰ</span> <span class='ocrx_word' id='word_1_177' title='bbox 2746 1443 2822 1513; x_wconf 84' lang='grc' dir='ltr'>μὴ</span> <span class='ocrx_word' id='word_1_178' title='bbox 2857 1439 3120 1502; x_wconf 77' lang='grc' dir='ltr'>ἑκουσίως</span> <span class='ocrx_word' id='word_1_179' title='bbox 3178 1439 3529 1516; x_wconf 76' lang='grc' dir='ltr'>προαδέξοιτο</span> <span class='ocrx_word' id='word_1_180' title='bbox 3561 1443 3662 1510; x_wconf 74' lang='grc' dir='ltr'>τήν</span> <span class='ocrx_word' id='word_1_181' title='bbox 3697 1443 3895 1519; x_wconf 72' lang='grc' dir='ltr'>ἀρχὴν,</span> 
     </span>
    </p>
   </div>
   <div class='ocr_carea' id='block_1_31' title="bbox 2253 1527 3895 1606">
    <p class='ocr_par' dir='ltr' id='par_1_31' title="bbox 2253 1527 3895 1606">
     <span class='ocr_line' id='line_1_31' title="bbox 2253 1527 3895 1606; baseline 0 -21"><span class='ocrx_word' id='word_1_182' title='bbox 2253 1530 2355 1587; x_wconf 78' lang='grc' dir='ltr'>Καὶ</span> <span class='ocrx_word' id='word_1_183' title='bbox 2415 1531 2573 1594; x_wconf 81' lang='grc' dir='ltr'>οὗτος</span> <span class='ocrx_word' id='word_1_184' title='bbox 2635 1531 2731 1604; x_wconf 73' lang='grc' dir='ltr'>μὲν</span> <span class='ocrx_word' id='word_1_185' title='bbox 2785 1530 2958 1593; x_wconf 71' lang='grc' dir='ltr'>οὕτως</span> <span class='ocrx_word' id='word_1_186' title='bbox 3015 1527 3259 1603; x_wconf 78' lang='grc' dir='ltr'>διάδημά</span> <span class='ocrx_word' id='word_1_187' title='bbox 3312 1552 3370 1586; x_wconf 89' lang='grc' dir='ltr'>τε</span> <span class='ocrx_word' id='word_1_188' title='bbox 3421 1531 3757 1606; x_wconf 67' lang='grc' dir='ltr'>περιτίθεται</span> <span class='ocrx_word' id='word_1_189' title='bbox 3813 1534 3895 1588; x_wconf 82' lang='grc' dir='ltr'>καὶ</span> 
     </span>
    </p>
   </div>
   <div class='ocr_carea' id='block_1_32' title="bbox 2256 1618 3897 1697">
    <p class='ocr_par' dir='ltr' id='par_1_32' title="bbox 2256 1618 3897 1697">
     <span class='ocr_line' id='line_1_32' title="bbox 2256 1618 3897 1697; baseline 0.002 -24"><span class='ocrx_word' id='word_1_190' title='bbox 2256 1619 2508 1695; x_wconf 69' lang='grc' dir='ltr'>βασιλεὺς</span> <span class='ocrx_word' id='word_1_191' title='bbox 2565 1619 2855 1694; x_wconf 84' lang='grc' dir='ltr'>Ῥωμαίων</span> <span class='ocrx_word' id='word_1_192' title='bbox 2910 1620 3312 1697; x_wconf 74' lang='grc' dir='ltr'>ἀναγορεύεται.</span> <span class='ocrx_word' id='word_1_193' title='bbox 3374 1624 3508 1696; x_wconf 76' lang='grc' dir='ltr'>Πρὶν</span> <span class='ocrx_word' id='word_1_194' title='bbox 3562 1623 3597 1690; x_wconf 81' lang='grc' dir='ltr'>ἧ</span> <span class='ocrx_word' id='word_1_195' title='bbox 3653 1618 3897 1676; x_wconf 73' lang='grc' dir='ltr'>δὲταῦτα</span> 
     </span>
    </p>
   </div>
   <div class='ocr_carea' id='block_1_33' title="bbox 2252 1707 3900 1786">
    <p class='ocr_par' dir='ltr' id='par_1_33' title="bbox 2252 1707 3900 1786">
     <span class='ocr_line' id='line_1_33' title="bbox 2252 1707 3900 1786; baseline 0.002 -24"><span class='ocrx_word' id='word_1_196' title='bbox 2252 1709 2516 1782; x_wconf 82' lang='grc' dir='ltr'>γενέσθαι,</span> <span class='ocrx_word' id='word_1_197' title='bbox 2575 1707 2634 1764; x_wconf 85' lang='grc' dir='ltr'>ἐκ</span> <span class='ocrx_word' id='word_1_198' title='bbox 2697 1715 2797 1778; x_wconf 79' lang='grc' dir='ltr'>τῆς</span> <span class='ocrx_word' id='word_1_199' title='bbox 2875 1717 3084 1785; x_wconf 79' lang='grc' dir='ltr'>τροπῆς</span> <span class='ocrx_word' id='word_1_200' title='bbox 3162 1709 3491 1779; x_wconf 67' lang='grc' dir='ltr'>ἐπανήκοντι</span> <span class='ocrx_word' id='word_1_201' title='bbox 3545 1715 3626 1783; x_wconf 85' lang='grc' dir='ltr'>τῷ</span> <span class='ocrx_word' id='word_1_202' title='bbox 3692 1712 3900 1786; x_wconf 77' lang='grc' dir='ltr'>βασιλεῖ</span> 
     </span>
    </p>
   </div>
   <div class='ocr_carea' id='block_1_34' title="bbox 489 1795 2130 1879">
    <p class='ocr_par' dir='ltr' id='par_1_34' title="bbox 489 1808 2130 1879">
     <span class='ocr_line' id='line_1_34' title="bbox 489 1808 2130 1879; baseline -0.003 -13"><span class='ocrx_word' id='word_1_203' title='bbox 489 1811 689 1867; x_wconf 87' lang='lat' dir='ltr'>animo</span> <span class='ocrx_word' id='word_1_204' title='bbox 722 1816 787 1865; x_wconf 92' lang='lat' dir='ltr'>ut</span> <span class='ocrx_word' id='word_1_205' title='bbox 817 1811 998 1866; x_wconf 89' lang='lat' dir='ltr'>ferret</span> <span class='ocrx_word' id='word_1_206' title='bbox 1024 1811 1291 1865; x_wconf 87' lang='lat' dir='ltr'>hortatus</span> <span class='ocrx_word' id='word_1_207' title='bbox 1322 1814 1446 1875; x_wconf 89' lang='lat' dir='ltr'>est;</span> <span class='ocrx_word' id='word_1_208' title='bbox 1497 1808 1793 1879; x_wconf 85' lang='lat' dir='ltr'>simulque</span> <span class='ocrx_word' id='word_1_209' title='bbox 1827 1812 2130 1879; x_wconf 87' lang='lat' dir='ltr'>perconta-</span> 
     </span>
    </p>
   </div>
   <div class='ocr_carea' id='block_1_35' title="bbox 2240 1795 3896 1879">
    <p class='ocr_par' dir='ltr' id='par_1_35' title="bbox 2247 1795 3896 1875">
     <span class='ocr_line' id='line_1_35' title="bbox 2247 1795 3896 1875; baseline 0 -20"><span class='ocrx_word' id='word_1_210' title='bbox 2247 1799 2478 1872; x_wconf 75' lang='grc' dir='ltr'>Μιχαὴλ</span> <span class='ocrx_word' id='word_1_211' title='bbox 2510 1796 2599 1852; x_wconf 82' lang='grc' dir='ltr'>καὶ</span> <span class='ocrx_word' id='word_1_212' title='bbox 2652 1795 2926 1872; x_wconf 75' lang='grc' dir='ltr'>γενομένῳ</span> <span class='ocrx_word' id='word_1_213' title='bbox 2979 1805 3080 1866; x_wconf 82' lang='grc' dir='ltr'>τῆς</span> <span class='ocrx_word' id='word_1_214' title='bbox 3144 1796 3430 1875; x_wconf 82' lang='grc' dir='ltr'>βασιλίδος</span> <span class='ocrx_word' id='word_1_215' title='bbox 3459 1797 3693 1875; x_wconf 71' lang='grc' dir='ltr'>ἄγχιστα</span> <span class='ocrx_word' id='word_1_216' title='bbox 3725 1802 3896 1858; x_wconf 75' lang='grc' dir='ltr'>Ἰωάν-</span> 
     </span>
    </p>
   </div>
   <div class='ocr_carea' id='block_1_36' title="bbox 489 1897 2130 1972">
    <p class='ocr_par' dir='ltr' id='par_1_36' title="bbox 489 1897 2130 1972">
     <span class='ocr_line' id='line_1_36' title="bbox 489 1897 2130 1972; baseline -0.002 -17"><span class='ocrx_word' id='word_1_217' title='bbox 489 1907 582 1956; x_wconf 92' lang='lat' dir='ltr'>tus</span> <span class='ocrx_word' id='word_1_218' title='bbox 619 1915 796 1972; x_wconf 84' lang='lat' dir='ltr'>quem</span> <span class='ocrx_word' id='word_1_219' title='bbox 853 1900 1040 1972; x_wconf 88' lang='lat' dir='ltr'>copiis</span> <span class='ocrx_word' id='word_1_220' title='bbox 1097 1897 1441 1970; x_wconf 70' lang='lat' dir='ltr'>praefectum</span> <span class='ocrx_word' id='word_1_221' title='bbox 1497 1898 1856 1969; x_wconf 86' lang='lat' dir='ltr'>reliquisset,</span> <span class='ocrx_word' id='word_1_222' title='bbox 1886 1903 1944 1952; x_wconf 91' lang='lat' dir='ltr'>et</span> <span class='ocrx_word' id='word_1_223' title='bbox 1983 1897 2130 1953; x_wconf 67' lang='lat'>8.17</span> 
     </span>
    </p>
   </div>
   <div class='ocr_carea' id='block_1_37' title="bbox 488 1987 2138 2061">
    <p class='ocr_par' dir='ltr' id='par_1_37' title="bbox 488 1987 2138 2061">
     <span class='ocr_line' id='line_1_37' title="bbox 488 1987 2138 2061; baseline -0.001 -19"><span class='ocrx_word' id='word_1_224' title='bbox 488 1989 846 2061; x_wconf 88' lang='lat' dir='ltr'>imperatore</span> <span class='ocrx_word' id='word_1_225' title='bbox 907 1989 1161 2057; x_wconf 87' lang='lat' dir='ltr'>dicente,</span> <span class='ocrx_word' id='word_1_226' title='bbox 1203 2004 1405 2043; x_wconf 86' lang='lat' dir='ltr'>curam</span> <span class='ocrx_word' id='word_1_227' title='bbox 1461 2004 1590 2042; x_wconf 91' lang='lat' dir='ltr'>eam</span> <span class='ocrx_word' id='word_1_228' title='bbox 1651 2003 1712 2042; x_wconf 90' lang='lat' dir='ltr'>se</span> <span class='ocrx_word' id='word_1_229' title='bbox 1771 1987 2138 2042; x_wconf 89' lang='lat' dir='ltr'>commisisse</span> 
     </span>
    </p>
   </div>
   <div class='ocr_carea' id='block_1_38' title="bbox 490 2077 2141 2149">
    <p class='ocr_par' dir='ltr' id='par_1_38' title="bbox 490 2077 2141 2149">
     <span class='ocr_line' id='line_1_38' title="bbox 490 2077 2141 2149; baseline -0.002 -15"><span class='ocrx_word' id='word_1_230' title='bbox 490 2080 666 2134; x_wconf 88' lang='lat' dir='ltr'>Leoni</span> <span class='ocrx_word' id='word_1_231' title='bbox 689 2079 1080 2134; x_wconf 84' lang='lat' dir='ltr'>Orientalium</span> <span class='ocrx_word' id='word_1_232' title='bbox 1102 2077 1388 2142; x_wconf 89' lang='lat' dir='ltr'>duci,viro</span> <span class='ocrx_word' id='word_1_233' title='bbox 1413 2077 1874 2149; x_wconf 89' lang='lat' dir='ltr'>prudentissimo</span> <span class='ocrx_word' id='word_1_234' title='bbox 1909 2077 2141 2131; x_wconf 91' lang='lat' dir='ltr'>animo-</span> 
     </span>
    </p>
   </div>
   <div class='ocr_carea' id='block_1_39' title="bbox 492 2165 2137 2240">
    <p class='ocr_par' dir='ltr' id='par_1_39' title="bbox 492 2165 2137 2240">
     <span class='ocr_line' id='line_1_39' title="bbox 492 2165 2137 2240; baseline -0.001 -19"><span class='ocrx_word' id='word_1_235' title='bbox 492 2185 604 2238; x_wconf 82' lang='lat' dir='ltr'>que</span> <span class='ocrx_word' id='word_1_236' title='bbox 628 2185 765 2240; x_wconf 87' lang='lat' dir='ltr'>erga</span> <span class='ocrx_word' id='word_1_237' title='bbox 785 2185 847 2224; x_wconf 90' lang='lat' dir='ltr'>se</span> <span class='ocrx_word' id='word_1_238' title='bbox 869 2167 1466 2232; x_wconf 81' lang='lat' dir='ltr'>amico,Exabulius.«</span> <span class='ocrx_word' id='word_1_239' title='bbox 1494 2165 2137 2236; x_wconf 87' lang='lat' dir='ltr'>Videris,inquit,mihi,</span> 
     </span>
    </p>
   </div>
   <div class='ocr_carea' id='block_1_40' title="bbox 490 2255 2140 2329">
    <p class='ocr_par' dir='ltr' id='par_1_40' title="bbox 490 2255 2140 2329">
     <span class='ocr_line' id='line_1_40' title="bbox 490 2255 2140 2329; baseline -0.004 -15"><span class='ocrx_word' id='word_1_240' title='bbox 490 2275 523 2314; x_wconf 90' lang='grc' dir='ltr'>ο</span> <span class='ocrx_word' id='word_1_241' title='bbox 548 2259 890 2329; x_wconf 87' lang='lat' dir='ltr'>imperator,</span> <span class='ocrx_word' id='word_1_242' title='bbox 914 2256 1234 2312; x_wconf 89' lang='lat' dir='ltr'>admodum</span> <span class='ocrx_word' id='word_1_243' title='bbox 1259 2255 1618 2324; x_wconf 80' lang='lat' dir='ltr'>l‘allijndicio</span> <span class='ocrx_word' id='word_1_244' title='bbox 1651 2256 1723 2310; x_wconf 90' lang='lat' dir='ltr'>de</span> <span class='ocrx_word' id='word_1_245' title='bbox 1753 2257 1920 2310; x_wconf 87' lang='lat' dir='ltr'>istius</span> <span class='ocrx_word' id='word_1_246' title='bbox 1943 2255 2140 2309; x_wconf 89' lang='lat' dir='ltr'>homi—</span> 
     </span>
    </p>
   </div>
   <div class='ocr_carea' id='block_1_41' title="bbox 486 2347 2137 2417">
    <p class='ocr_par' dir='ltr' id='par_1_41' title="bbox 486 2347 2137 2417">
     <span class='ocr_line' id='line_1_41' title="bbox 486 2347 2137 2417; baseline -0.002 -14"><span class='ocrx_word' id='word_1_247' title='bbox 486 2348 579 2403; x_wconf 87' lang='lat' dir='ltr'>nis</span> <span class='ocrx_word' id='word_1_248' title='bbox 603 2348 920 2403; x_wconf 85' lang='lat' dir='ltr'>voluntate.</span> <span class='ocrx_word' id='word_1_249' title='bbox 947 2370 975 2397; x_wconf 87' lang='grc'><strong>››</strong></span> <span class='ocrx_word' id='word_1_250' title='bbox 999 2348 1170 2402; x_wconf 89' lang='lat' dir='ltr'>Enim</span> <span class='ocrx_word' id='word_1_251' title='bbox 1193 2364 1327 2402; x_wconf 93' lang='lat' dir='ltr'>vero</span> <span class='ocrx_word' id='word_1_252' title='bbox 1351 2347 1615 2401; x_wconf 90' lang='lat' dir='ltr'>nondum</span> <span class='ocrx_word' id='word_1_253' title='bbox 1640 2347 1860 2417; x_wconf 80' lang='lat' dir='ltr'>regiam</span> <span class='ocrx_word' id='word_1_254' title='bbox 1890 2347 2137 2401; x_wconf 85' lang='lat' dir='ltr'>Michae-</span> 
     </span>
    </p>
   </div>
   <div class='ocr_carea' id='block_1_42' title="bbox 484 2436 2138 2500">
    <p class='ocr_par' dir='ltr' id='par_1_42' title="bbox 484 2436 2138 2500">
     <span class='ocr_line' id='line_1_42' title="bbox 484 2436 2138 2500; baseline -0.001 -9"><span class='ocrx_word' id='word_1_255' title='bbox 484 2436 580 2491; x_wconf 89' lang='lat' dir='ltr'>lus</span> <span class='ocrx_word' id='word_1_256' title='bbox 615 2437 952 2500; x_wconf 84' lang='lat' dir='ltr'>intraverat,</span> <span class='ocrx_word' id='word_1_257' title='bbox 986 2453 1120 2492; x_wconf 90' lang='lat' dir='ltr'>cum</span> <span class='ocrx_word' id='word_1_258' title='bbox 1165 2437 1216 2491; x_wconf 92' lang='lat' dir='ltr'>ei</span> <span class='ocrx_word' id='word_1_259' title='bbox 1269 2437 1662 2490; x_wconf 86' lang='lat' dir='ltr'>annuntiatur</span> <span class='ocrx_word' id='word_1_260' title='bbox 1712 2437 1965 2491; x_wconf 90' lang='lat' dir='ltr'>Leonem</span> <span class='ocrx_word' id='word_1_261' title='bbox 2025 2436 2138 2490; x_wconf 89' lang='lat' dir='ltr'>im-</span> 
     </span>
    </p>
   </div>
   <div class='ocr_carea' id='block_1_43' title="bbox 485 2525 2137 2596">
    <p class='ocr_par' dir='ltr' id='par_1_43' title="bbox 485 2525 2137 2596">
     <span class='ocr_line' id='line_1_43' title="bbox 485 2525 2137 2596; baseline 0.001 -17"><span class='ocrx_word' id='word_1_262' title='bbox 485 2531 822 2596; x_wconf 90' lang='lat' dir='ltr'>peratorem</span> <span class='ocrx_word' id='word_1_263' title='bbox 847 2541 975 2580; x_wconf 88' lang='lat' dir='ltr'>esse</span> <span class='ocrx_word' id='word_1_264' title='bbox 998 2525 1378 2580; x_wconf 84' lang='lat' dir='ltr'>declaratum.</span> <span class='ocrx_word' id='word_1_265' title='bbox 1405 2525 1528 2589; x_wconf 87' lang='lat' dir='ltr'>Qua</span> <span class='ocrx_word' id='word_1_266' title='bbox 1556 2525 1714 2580; x_wconf 85' lang='lat' dir='ltr'>fama</span> <span class='ocrx_word' id='word_1_267' title='bbox 1733 2527 2137 2595; x_wconf 86' lang='lat' dir='ltr'>perterritum,</span> 
     </span>
    </p>
   </div>
   <div class='ocr_carea' id='block_1_44' title="bbox 485 2613 2133 2686">
    <p class='ocr_par' dir='ltr' id='par_1_44' title="bbox 485 2613 2133 2686">
     <span class='ocr_line' id='line_1_44' title="bbox 485 2613 2133 2686; baseline 0.002 -20"><span class='ocrx_word' id='word_1_268' title='bbox 485 2620 542 2667; x_wconf 90' lang='lat' dir='ltr'>et</span> <span class='ocrx_word' id='word_1_269' title='bbox 573 2613 715 2684; x_wconf 88' lang='lat' dir='ltr'>quid</span> <span class='ocrx_word' id='word_1_270' title='bbox 743 2613 1037 2685; x_wconf 85' lang='lat' dir='ltr'>agendum</span> <span class='ocrx_word' id='word_1_271' title='bbox 1073 2613 1224 2668; x_wconf 77' lang='lat' dir='ltr'>foret</span> <span class='ocrx_word' id='word_1_272' title='bbox 1271 2613 1724 2681; x_wconf 88' lang='lat' dir='ltr'>deliberantem,</span> <span class='ocrx_word' id='word_1_273' title='bbox 1757 2615 1972 2669; x_wconf 88' lang='lat' dir='ltr'>hortati</span> <span class='ocrx_word' id='word_1_274' title='bbox 2007 2617 2133 2686; x_wconf 91' lang='lat' dir='ltr'>qui-</span> 
     </span>
    </p>
   </div>
   <div class='ocr_carea' id='block_1_45' title="bbox 487 2701 2136 2776">
    <p class='ocr_par' dir='ltr' id='par_1_45' title="bbox 487 2701 2136 2776">
     <span class='ocr_line' id='line_1_45' title="bbox 487 2701 2136 2776; baseline 0.002 -20"><span class='ocrx_word' id='word_1_275' title='bbox 487 2701 621 2758; x_wconf 88' lang='lat' dir='ltr'>dam</span> <span class='ocrx_word' id='word_1_276' title='bbox 681 2709 822 2758; x_wconf 91' lang='lat' dir='ltr'>sunt</span> <span class='ocrx_word' id='word_1_277' title='bbox 877 2709 943 2757; x_wconf 93' lang='lat' dir='ltr'>ut</span> <span class='ocrx_word' id='word_1_278' title='bbox 1001 2703 1161 2757; x_wconf 91' lang='lat' dir='ltr'>omni</span> <span class='ocrx_word' id='word_1_279' title='bbox 1221 2708 1438 2756; x_wconf 92' lang='lat' dir='ltr'>conatu</span> <span class='ocrx_word' id='word_1_280' title='bbox 1485 2703 1800 2774; x_wconf 89' lang='lat' dir='ltr'>imperium</span> <span class='ocrx_word' id='word_1_281' title='bbox 1833 2704 2136 2776; x_wconf 89' lang='lat' dir='ltr'>retineret,</span> 
     </span>
    </p>
   </div>
   <div class='ocr_carea' id='block_1_46' title="bbox 486 2791 2138 2865">
    <p class='ocr_par' dir='ltr' id='par_1_46' title="bbox 486 2791 2138 2865">
     <span class='ocr_line' id='line_1_46' title="bbox 486 2791 2138 2865; baseline 0.002 -19"><span class='ocrx_word' id='word_1_282' title='bbox 486 2798 858 2864; x_wconf 84' lang='lat' dir='ltr'>tyrannoque</span> <span class='ocrx_word' id='word_1_283' title='bbox 881 2809 986 2865; x_wconf 91' lang='lat' dir='ltr'>pro</span> <span class='ocrx_word' id='word_1_284' title='bbox 1017 2791 1166 2846; x_wconf 86' lang='lat' dir='ltr'>virili</span> <span class='ocrx_word' id='word_1_285' title='bbox 1190 2808 1252 2847; x_wconf 91' lang='lat' dir='ltr'>se</span> <span class='ocrx_word' id='word_1_286' title='bbox 1275 2798 1618 2863; x_wconf 88' lang='lat' dir='ltr'>opponeret.</span> <span class='ocrx_word' id='word_1_287' title='bbox 1645 2794 1859 2847; x_wconf 88' lang='lat' dir='ltr'>Verum</span> <span class='ocrx_word' id='word_1_288' title='bbox 1893 2793 2138 2849; x_wconf 86' lang='lat' dir='ltr'>Michae-</span> 
     </span>
    </p>
   </div>
   <div class='ocr_carea' id='block_1_47' title="bbox 488 2879 2136 2952">
    <p class='ocr_par' dir='ltr' id='par_1_47' title="bbox 488 2879 2136 2952">
     <span class='ocr_line' id='line_1_47' title="bbox 488 2879 2136 2952; baseline 0.002 -19"><span class='ocrx_word' id='word_1_289' title='bbox 488 2879 604 2949; x_wconf 91' lang='lat' dir='ltr'>lus,</span> <span class='ocrx_word' id='word_1_290' title='bbox 635 2887 701 2936; x_wconf 90' lang='lat' dir='ltr'>ut</span> <span class='ocrx_word' id='word_1_291' title='bbox 732 2887 858 2937; x_wconf 88' lang='lat' dir='ltr'>erat</span> <span class='ocrx_word' id='word_1_292' title='bbox 915 2881 1152 2950; x_wconf 83' lang='lat' dir='ltr'>ingenio</span> <span class='ocrx_word' id='word_1_293' title='bbox 1211 2881 1373 2952; x_wconf 87' lang='lat' dir='ltr'>pacis</span> <span class='ocrx_word' id='word_1_294' title='bbox 1429 2879 1714 2947; x_wconf 88' lang='lat' dir='ltr'>studioso,</span> <span class='ocrx_word' id='word_1_295' title='bbox 1749 2881 2044 2952; x_wconf 83' lang='lat' dir='ltr'>conjicere</span> <span class='ocrx_word' id='word_1_296' title='bbox 2075 2899 2136 2938; x_wconf 88' lang='lat' dir='ltr'>se</span> 
     </span>
    </p>
   </div>
   <div class='ocr_carea' id='block_1_48' title="bbox 490 2968 2136 3043">
    <p class='ocr_par' dir='ltr' id='par_1_48' title="bbox 490 2968 2136 3043">
     <span class='ocr_line' id='line_1_48' title="bbox 490 2968 2136 3043; baseline 0.002 -21"><span class='ocrx_word' id='word_1_297' title='bbox 490 2968 550 3023; x_wconf 91' lang='lat' dir='ltr'>in</span> <span class='ocrx_word' id='word_1_298' title='bbox 583 2969 905 3025; x_wconf 90' lang='lat' dir='ltr'>discrimen</span> <span class='ocrx_word' id='word_1_299' title='bbox 933 2975 1110 3025; x_wconf 67' lang='lat' dir='ltr'>tantas</span> <span class='ocrx_word' id='word_1_300' title='bbox 1159 2971 1242 3024; x_wconf 90' lang='lat' dir='ltr'>rei</span> <span class='ocrx_word' id='word_1_301' title='bbox 1291 2969 1520 3036; x_wconf 87' lang='lat' dir='ltr'>nolens,</span> <span class='ocrx_word' id='word_1_302' title='bbox 1554 2970 1774 3024; x_wconf 85' lang='lat' dir='ltr'>acriter</span> <span class='ocrx_word' id='word_1_303' title='bbox 1802 2987 1904 3026; x_wconf 92' lang='lat' dir='ltr'>eos</span> <span class='ocrx_word' id='word_1_304' title='bbox 1934 2987 2136 3043; x_wconf 90' lang='lat' dir='ltr'>repre-</span> 
     </span>
    </p>
   </div>
   <div class='ocr_carea' id='block_1_49' title="bbox 485 3059 2136 3132">
    <p class='ocr_par' dir='ltr' id='par_1_49' title="bbox 485 3059 2136 3132">
     <span class='ocr_line' id='line_1_49' title="bbox 485 3059 2136 3132; baseline 0.001 -18"><span class='ocrx_word' id='word_1_305' title='bbox 485 3059 710 3124; x_wconf 87' lang='lat' dir='ltr'>hendit,</span> <span class='ocrx_word' id='word_1_306' title='bbox 743 3077 777 3115; x_wconf 88' lang='lat' dir='ltr'>a</span> <span class='ocrx_word' id='word_1_307' title='bbox 807 3061 1024 3132; x_wconf 88' lang='lat' dir='ltr'>quibus</span> <span class='ocrx_word' id='word_1_308' title='bbox 1081 3059 1154 3115; x_wconf 89' lang='lat' dir='ltr'>ad</span> <span class='ocrx_word' id='word_1_309' title='bbox 1211 3060 1412 3115; x_wconf 87' lang='lat' dir='ltr'>civiles</span> <span class='ocrx_word' id='word_1_310' title='bbox 1455 3059 1646 3114; x_wconf 64' lang='lat' dir='ltr'>caedes</span> <span class='ocrx_word' id='word_1_311' title='bbox 1684 3060 2136 3115; x_wconf 87' lang='lat' dir='ltr'>committendas</span> 
     </span>
    </p>
   </div>
   <div class='ocr_carea' id='block_1_50' title="bbox 484 3149 2206 3248">
    <p class='ocr_par' dir='ltr' id='par_1_50' title="bbox 484 3149 2206 3248">
     <span class='ocr_line' id='line_1_50' title="bbox 484 3149 2206 3248; baseline 0.002 -45"><span class='ocrx_word' id='word_1_312' title='bbox 484 3150 903 3223; x_wconf 83' lang='lat' dir='ltr'>instigaretur:</span> <span class='ocrx_word' id='word_1_313' title='bbox 938 3157 994 3206; x_wconf 92' lang='lat' dir='ltr'>et</span> <span class='ocrx_word' id='word_1_314' title='bbox 1043 3168 1285 3206; x_wconf 85' lang='lat' dir='ltr'>suorum</span> <span class='ocrx_word' id='word_1_315' title='bbox 1329 3149 1646 3221; x_wconf 90' lang='lat' dir='ltr'>quemdam</span> <span class='ocrx_word' id='word_1_316' title='bbox 1681 3150 2026 3205; x_wconf 89' lang='lat' dir='ltr'>intimorum</span> <span class='ocrx_word' id='word_1_317' title='bbox 2059 3151 2134 3206; x_wconf 90' lang='lat' dir='ltr'>ad</span> <span class='ocrx_word' id='word_1_318' title='bbox 2165 3181 2206 3248; x_wconf 66' lang='grc' dir='ltr'>ϐ</span> 
     </span>
    </p>
   </div>
   <div class='ocr_carea' id='block_1_51' title="bbox 483 3239 2132 3310">
    <p class='ocr_par' dir='ltr' id='par_1_51' title="bbox 483 3239 2132 3310">
     <span class='ocr_line' id='line_1_51' title="bbox 483 3239 2132 3310; baseline 0.001 -17"><span class='ocrx_word' id='word_1_319' title='bbox 483 3239 736 3294; x_wconf 87' lang='lat' dir='ltr'>Leonem</span> <span class='ocrx_word' id='word_1_320' title='bbox 770 3257 904 3294; x_wconf 89' lang='lat' dir='ltr'>cum</span> <span class='ocrx_word' id='word_1_321' title='bbox 937 3239 1288 3296; x_wconf 87' lang='lat' dir='ltr'>diademate.</span> <span class='ocrx_word' id='word_1_322' title='bbox 1321 3255 1584 3310; x_wconf 90' lang='lat' dir='ltr'>purpura</span> <span class='ocrx_word' id='word_1_323' title='bbox 1603 3255 1670 3293; x_wconf 89' lang='lat' dir='ltr'>ac</span> <span class='ocrx_word' id='word_1_324' title='bbox 1700 3239 1914 3293; x_wconf 88' lang='lat' dir='ltr'>calceis</span> <span class='ocrx_word' id='word_1_325' title='bbox 1945 3241 2132 3294; x_wconf 89' lang='lat' dir='ltr'>cocci-</span> 
     </span>
    </p>
   </div>
   <div class='ocr_carea' id='block_1_52' title="bbox 483 3327 2133 3400">
    <p class='ocr_par' dir='ltr' id='par_1_52' title="bbox 483 3327 2133 3400">
     <span class='ocr_line' id='line_1_52' title="bbox 483 3327 2133 3400; baseline 0.001 -17"><span class='ocrx_word' id='word_1_326' title='bbox 483 3331 614 3383; x_wconf 77' lang='lat' dir='ltr'>nris</span> <span class='ocrx_word' id='word_1_327' title='bbox 646 3329 794 3398; x_wconf 66' lang='lat' dir='ltr'>(haec</span> <span class='ocrx_word' id='word_1_328' title='bbox 827 3329 1060 3399; x_wconf 90' lang='lat' dir='ltr'>imperii</span> <span class='ocrx_word' id='word_1_329' title='bbox 1093 3335 1232 3382; x_wconf 91' lang='lat' dir='ltr'>sunt</span> <span class='ocrx_word' id='word_1_330' title='bbox 1262 3328 1537 3400; x_wconf 74' lang='lat' dir='ltr'>insignia)</span> <span class='ocrx_word' id='word_1_331' title='bbox 1577 3327 1757 3387; x_wconf 81' lang='lat' dir='ltr'>misit,</span> <span class='ocrx_word' id='word_1_332' title='bbox 1792 3327 2039 3398; x_wconf 91' lang='lat' dir='ltr'>imperio</span> <span class='ocrx_word' id='word_1_333' title='bbox 2071 3346 2133 3384; x_wconf 88' lang='lat' dir='ltr'>se</span> 
     </span>
    </p>
   </div>
   <div class='ocr_carea' id='block_1_53' title="bbox 475 3415 2126 3486">
    <p class='ocr_par' dir='ltr' id='par_1_53' title="bbox 475 3415 2126 3486">
     <span class='ocr_line' id='line_1_53' title="bbox 475 3415 2126 3486; baseline 0.001 -16"><span class='ocrx_word' id='word_1_334' title='bbox 475 3418 528 3470; x_wconf 91' lang='lat' dir='ltr'>ei</span> <span class='ocrx_word' id='word_1_335' title='bbox 561 3417 772 3472; x_wconf 87' lang='lat' dir='ltr'>cedere</span> <span class='ocrx_word' id='word_1_336' title='bbox 805 3416 1098 3474; x_wconf 85' lang='lat' dir='ltr'>indicans.</span> <span class='ocrx_word' id='word_1_337' title='bbox 1125 3416 1281 3486; x_wconf 92' lang='lat' dir='ltr'>quod</span> <span class='ocrx_word' id='word_1_338' title='bbox 1303 3415 1390 3469; x_wconf 88' lang='lat' dir='ltr'>vel</span> <span class='ocrx_word' id='word_1_339' title='bbox 1424 3415 1599 3470; x_wconf 89' lang='lat' dir='ltr'>vitam</span> <span class='ocrx_word' id='word_1_340' title='bbox 1626 3416 1897 3470; x_wconf 91' lang='lat' dir='ltr'>amittere</span> <span class='ocrx_word' id='word_1_341' title='bbox 1930 3417 2126 3486; x_wconf 90' lang='lat' dir='ltr'>potius</span> 
     </span>
    </p>
   </div>
   <div class='ocr_carea' id='block_1_54' title="bbox 476 3505 2131 3578">
    <p class='ocr_par' dir='ltr' id='par_1_54' title="bbox 476 3505 2131 3578">
     <span class='ocr_line' id='line_1_54' title="bbox 476 3505 2131 3578; baseline 0.001 -19"><span class='ocrx_word' id='word_1_342' title='bbox 476 3512 745 3559; x_wconf 88' lang='lat' dir='ltr'>censeret</span> <span class='ocrx_word' id='word_1_343' title='bbox 774 3521 950 3576; x_wconf 89' lang='lat' dir='ltr'>quam</span> <span class='ocrx_word' id='word_1_344' title='bbox 984 3505 1274 3576; x_wconf 84' lang='lat' dir='ltr'>guttulam</span> <span class='ocrx_word' id='word_1_345' title='bbox 1320 3521 1504 3559; x_wconf 88' lang='lat' dir='ltr'>unam</span> <span class='ocrx_word' id='word_1_346' title='bbox 1547 3505 1859 3559; x_wconf 86' lang='lat' dir='ltr'>Christiani</span> <span class='ocrx_word' id='word_1_347' title='bbox 1895 3507 2131 3578; x_wconf 87' lang='lat' dir='ltr'>sangui-</span> 
     </span>
    </p>
   </div>
   <div class='ocr_carea' id='block_1_55' title="bbox 473 3593 2132 3664">
    <p class='ocr_par' dir='ltr' id='par_1_55' title="bbox 473 3593 2132 3664">
     <span class='ocr_line' id='line_1_55' title="bbox 473 3593 2132 3664; baseline 0.002 -17"><span class='ocrx_word' id='word_1_348' title='bbox 473 3594 568 3648; x_wconf 87' lang='lat' dir='ltr'>nis</span> <span class='ocrx_word' id='word_1_349' title='bbox 600 3593 793 3648; x_wconf 81' lang='lat' dir='ltr'>fusam</span> <span class='ocrx_word' id='word_1_350' title='bbox 821 3610 1084 3653; x_wconf 86' lang='lat' dir='ltr'>cernere.</span> <span class='ocrx_word' id='word_1_351' title='bbox 1112 3593 1451 3664; x_wconf 87' lang='lat' dir='ltr'>jubensque</span> <span class='ocrx_word' id='word_1_352' title='bbox 1483 3609 1618 3647; x_wconf 93' lang='lat' dir='ltr'>eum</span> <span class='ocrx_word' id='word_1_353' title='bbox 1652 3594 1779 3648; x_wconf 88' lang='lat' dir='ltr'>sine</span> <span class='ocrx_word' id='word_1_354' title='bbox 1811 3593 1935 3648; x_wconf 90' lang='lat' dir='ltr'>ullo</span> <span class='ocrx_word' id='word_1_355' title='bbox 1973 3601 2132 3651; x_wconf 90' lang='lat' dir='ltr'>metu</span> 
     </span>
    </p>
   </div>
   <div class='ocr_carea' id='block_1_56' title="bbox 473 3682 2130 3754">
    <p class='ocr_par' dir='ltr' id='par_1_56' title="bbox 473 3682 2130 3754">
     <span class='ocr_line' id='line_1_56' title="bbox 473 3682 2130 3754; baseline 0.002 -18"><span class='ocrx_word' id='word_1_356' title='bbox 473 3689 575 3737; x_wconf 89' lang='lat' dir='ltr'>aut</span> <span class='ocrx_word' id='word_1_357' title='bbox 629 3682 1002 3736; x_wconf 88' lang='lat' dir='ltr'>dubitatione</span> <span class='ocrx_word' id='word_1_358' title='bbox 1060 3683 1259 3737; x_wconf 90' lang='lat' dir='ltr'>venire</span> <span class='ocrx_word' id='word_1_359' title='bbox 1319 3687 1378 3737; x_wconf 88' lang='lat' dir='ltr'>et</span> <span class='ocrx_word' id='word_1_360' title='bbox 1435 3683 1656 3753; x_wconf 78' lang='lat' dir='ltr'>regiam</span> <span class='ocrx_word' id='word_1_361' title='bbox 1713 3699 2022 3754; x_wconf 88' lang='lat' dir='ltr'>occupare.</span> <span class='ocrx_word' id='word_1_362' title='bbox 2058 3688 2130 3739; x_wconf 83' lang='lat' dir='ltr'>At</span> 
     </span>
    </p>
   </div>
   <div class='ocr_carea' id='block_1_57' title="bbox 470 3772 2131 3844">
    <p class='ocr_par' dir='ltr' id='par_1_57' title="bbox 470 3772 2131 3844">
     <span class='ocr_line' id='line_1_57' title="bbox 470 3772 2131 3844; baseline 0.002 -18"><span class='ocrx_word' id='word_1_363' title='bbox 470 3773 757 3844; x_wconf 84' lang='lat' dir='ltr'>Procopia</span> <span class='ocrx_word' id='word_1_364' title='bbox 790 3773 1169 3843; x_wconf 88' lang='lat' dir='ltr'>imperatoris</span> <span class='ocrx_word' id='word_1_365' title='bbox 1203 3789 1350 3826; x_wconf 84' lang='lat' dir='ltr'>uxor</span> <span class='ocrx_word' id='word_1_366' title='bbox 1378 3777 1586 3826; x_wconf 91' lang='lat' dir='ltr'>contra</span> <span class='ocrx_word' id='word_1_367' title='bbox 1616 3772 1747 3840; x_wconf 90' lang='lat' dir='ltr'>niti,</span> <span class='ocrx_word' id='word_1_368' title='bbox 1781 3773 2131 3829; x_wconf 87' lang='lat' dir='ltr'>immorien-</span> 
     </span>
    </p>
   </div>
   <div class='ocr_carea' id='block_1_58' title="bbox 468 3861 2130 3934">
    <p class='ocr_par' dir='ltr' id='par_1_58' title="bbox 468 3861 2130 3934">
     <span class='ocr_line' id='line_1_58' title="bbox 468 3861 2130 3934; baseline 0.001 -19"><span class='ocrx_word' id='word_1_369' title='bbox 468 3861 729 3932; x_wconf 87' lang='lat' dir='ltr'>dumque</span> <span class='ocrx_word' id='word_1_370' title='bbox 763 3862 1012 3932; x_wconf 92' lang='lat' dir='ltr'>imperio</span> <span class='ocrx_word' id='word_1_371' title='bbox 1047 3861 1245 3916; x_wconf 89' lang='lat' dir='ltr'>dicere</span> <span class='ocrx_word' id='word_1_372' title='bbox 1273 3877 1286 3926; x_wconf 92' lang='lat'><strong>;</strong></span> <span class='ocrx_word' id='word_1_373' title='bbox 1331 3877 1585 3932; x_wconf 89' lang='lat' dir='ltr'>cumque</span> <span class='ocrx_word' id='word_1_374' title='bbox 1620 3861 1900 3916; x_wconf 88' lang='lat' dir='ltr'>maritum</span> <span class='ocrx_word' id='word_1_375' title='bbox 1932 3879 1966 3917; x_wconf 91' lang='lat' dir='ltr'>a</span> <span class='ocrx_word' id='word_1_376' title='bbox 1997 3881 2130 3934; x_wconf 90' lang='lat' dir='ltr'>pro-</span> 
     </span>
    </p>
   </div>
   <div class='ocr_carea' id='block_1_59' title="bbox 467 3950 2123 4025">
    <p class='ocr_par' dir='ltr' id='par_1_59' title="bbox 467 3950 2123 4025">
     <span class='ocr_line' id='line_1_59' title="bbox 467 3950 2123 4025; baseline 0 -19"><span class='ocrx_word' id='word_1_377' title='bbox 467 3951 658 4022; x_wconf 88' lang='lat' dir='ltr'>posito</span> <span class='ocrx_word' id='word_1_378' title='bbox 690 3967 807 4006; x_wconf 91' lang='lat' dir='ltr'>non</span> <span class='ocrx_word' id='word_1_379' title='bbox 842 3951 1181 4014; x_wconf 87' lang='lat' dir='ltr'>deduceret,</span> <span class='ocrx_word' id='word_1_380' title='bbox 1205 3966 1331 4005; x_wconf 91' lang='lat' dir='ltr'>rem</span> <span class='ocrx_word' id='word_1_381' title='bbox 1355 3950 1518 4004; x_wconf 90' lang='lat' dir='ltr'>omni</span> <span class='ocrx_word' id='word_1_382' title='bbox 1550 3950 1902 4020; x_wconf 79' lang='lat' dir='ltr'>indignitate</span> <span class='ocrx_word' id='word_1_383' title='bbox 1935 3951 2123 4025; x_wconf 83' lang='lat' dir='ltr'>indig-</span> 
     </span>
    </p>
   </div>
   <div class='ocr_carea' id='block_1_60' title="bbox 471 4038 2122 4109">
    <p class='ocr_par' dir='ltr' id='par_1_60' title="bbox 471 4038 2122 4109">
     <span class='ocr_line' id='line_1_60' title="bbox 471 4038 2122 4109; baseline 0.002 -18"><span class='ocrx_word' id='word_1_384' title='bbox 471 4039 704 4093; x_wconf 86' lang='lat' dir='ltr'>niorem</span> <span class='ocrx_word' id='word_1_385' title='bbox 763 4038 1080 4104; x_wconf 81' lang='lat' dir='ltr'>afﬁrmare,</span> <span class='ocrx_word' id='word_1_386' title='bbox 1141 4055 1189 4092; x_wconf 75' lang='grc' dir='ltr'>ει</span> <span class='ocrx_word' id='word_1_387' title='bbox 1249 4038 1486 4109; x_wconf 87' lang='lat' dir='ltr'>tyranni</span> <span class='ocrx_word' id='word_1_388' title='bbox 1542 4054 1692 4092; x_wconf 82' lang='lat' dir='ltr'>uxor</span> <span class='ocrx_word' id='word_1_389' title='bbox 1739 4038 2122 4108; x_wconf 88' lang='lat' dir='ltr'>imperatorio</span> 
     </span>
    </p>
   </div>
   <div class='ocr_carea' id='block_1_61' title="bbox 467 4127 2119 4197">
    <p class='ocr_par' dir='ltr' id='par_1_61' title="bbox 467 4127 2119 4197">
     <span class='ocr_line' id='line_1_61' title="bbox 467 4127 2119 4197; baseline 0.001 -15"><span class='ocrx_word' id='word_1_390' title='bbox 467 4128 726 4182; x_wconf 87' lang='lat' dir='ltr'>modiolo</span> <span class='ocrx_word' id='word_1_391' title='bbox 751 4145 810 4182; x_wconf 89' lang='lat' dir='ltr'>se</span> <span class='ocrx_word' id='word_1_392' title='bbox 835 4127 1120 4182; x_wconf 90' lang='lat' dir='ltr'>indutura</span> <span class='ocrx_word' id='word_1_393' title='bbox 1144 4133 1319 4188; x_wconf 87' lang='lat' dir='ltr'>esset.</span> <span class='ocrx_word' id='word_1_394' title='bbox 1343 4144 1518 4197; x_wconf 90' lang='lat' dir='ltr'>quam</span> <span class='ocrx_word' id='word_1_395' title='bbox 1545 4131 1603 4181; x_wconf 89' lang='lat' dir='ltr'>et</span> <span class='ocrx_word' id='word_1_396' title='bbox 1627 4127 1865 4182; x_wconf 83' lang='lat' dir='ltr'>Baream</span> <span class='ocrx_word' id='word_1_397' title='bbox 1891 4129 2119 4183; x_wconf 90' lang='lat' dir='ltr'>nomini</span> 
     </span>
    </p>
   </div>
   <div class='ocr_carea' id='block_1_62' title="bbox 467 4215 2122 4286">
    <p class='ocr_par' dir='ltr' id='par_1_62' title="bbox 467 4215 2122 4286">
     <span class='ocr_line' id='line_1_62' title="bbox 467 4215 2122 4286; baseline 0.002 -18"><span class='ocrx_word' id='word_1_398' title='bbox 467 4215 728 4270; x_wconf 89' lang='lat' dir='ltr'>illudens</span> <span class='ocrx_word' id='word_1_399' title='bbox 758 4215 1128 4286; x_wconf 85' lang='lat' dir='ltr'>appellabat;</span> <span class='ocrx_word' id='word_1_400' title='bbox 1161 4216 1358 4285; x_wconf 86' lang='lat' dir='ltr'>itaque</span> <span class='ocrx_word' id='word_1_401' title='bbox 1418 4215 1689 4270; x_wconf 89' lang='lat' dir='ltr'>meditari</span> <span class='ocrx_word' id='word_1_402' title='bbox 1721 4215 1864 4286; x_wconf 91' lang='lat' dir='ltr'>quid</span> <span class='ocrx_word' id='word_1_403' title='bbox 1895 4216 1966 4270; x_wconf 92' lang='lat' dir='ltr'>de</span> <span class='ocrx_word' id='word_1_404' title='bbox 2000 4217 2122 4272; x_wconf 89' lang='lat' dir='ltr'>suis</span> 
     </span>
    </p>
   </div>
   <div class='ocr_carea' id='block_1_63' title="bbox 468 4304 2123 4377">
    <p class='ocr_par' dir='ltr' id='par_1_63' title="bbox 468 4304 2123 4377">
     <span class='ocr_line' id='line_1_63' title="bbox 468 4304 2123 4377; baseline 0.002 -20"><span class='ocrx_word' id='word_1_405' title='bbox 468 4304 646 4357; x_wconf 86' lang='lat' dir='ltr'>rebus</span> <span class='ocrx_word' id='word_1_406' title='bbox 678 4310 1026 4360; x_wconf 89' lang='lat' dir='ltr'>statuerent.</span> <span class='ocrx_word' id='word_1_407' title='bbox 1060 4304 1212 4358; x_wconf 74' lang='lat'><strong>848</strong></span> <span class='ocrx_word' id='word_1_408' title='bbox 1249 4305 1485 4358; x_wconf 87' lang='lat' dir='ltr'>Interim</span> <span class='ocrx_word' id='word_1_409' title='bbox 1538 4304 1649 4359; x_wconf 90' lang='lat' dir='ltr'>Leo</span> <span class='ocrx_word' id='word_1_410' title='bbox 1699 4311 1986 4376; x_wconf 80' lang='lat' dir='ltr'>tyrannus</span> <span class='ocrx_word' id='word_1_411' title='bbox 2018 4321 2123 4377; x_wconf 89' lang='lat' dir='ltr'>per</span> 
     </span>
    </p>
   </div>
   <div class='ocr_carea' id='block_1_64' title="bbox 466 4393 2116 4466">
    <p class='ocr_par' dir='ltr' id='par_1_64' title="bbox 466 4393 2116 4466">
     <span class='ocr_line' id='line_1_64' title="bbox 466 4393 2116 4466; baseline 0.002 -19"><span class='ocrx_word' id='word_1_412' title='bbox 466 4395 721 4447; x_wconf 81' lang='lat' dir='ltr'>Auream</span> <span class='ocrx_word' id='word_1_413' title='bbox 745 4399 976 4463; x_wconf 90' lang='lat' dir='ltr'>portam</span> <span class='ocrx_word' id='word_1_414' title='bbox 1001 4393 1619 4464; x_wconf 85' lang='lat' dir='ltr'>ingressus,exercitu.</span> <span class='ocrx_word' id='word_1_415' title='bbox 1643 4395 1861 4466; x_wconf 88' lang='lat' dir='ltr'>populo</span> <span class='ocrx_word' id='word_1_416' title='bbox 1887 4401 2116 4450; x_wconf 81' lang='lat' dir='ltr'>senatu-</span> 
     </span>
    </p>
   </div>
   <div class='ocr_carea' id='block_1_65' title="bbox 469 4480 2116 4554">
    <p class='ocr_par' dir='ltr' id='par_1_65' title="bbox 469 4480 2116 4554">
     <span class='ocr_line' id='line_1_65' title="bbox 469 4480 2116 4554; baseline 0.005 -22"><span class='ocrx_word' id='word_1_417' title='bbox 469 4497 582 4550; x_wconf 86' lang='lat' dir='ltr'>que</span> <span class='ocrx_word' id='word_1_418' title='bbox 605 4480 814 4535; x_wconf 80' lang='lat' dir='ltr'>faustis</span> <span class='ocrx_word' id='word_1_419' title='bbox 839 4481 1368 4536; x_wconf 82' lang='lat' dir='ltr'>acclamationibus</span> <span class='ocrx_word' id='word_1_420' title='bbox 1391 4490 1810 4554; x_wconf 87' lang='lat' dir='ltr'>prosoquente,</span> <span class='ocrx_word' id='word_1_421' title='bbox 1828 4483 1901 4538; x_wconf 93' lang='lat' dir='ltr'>ad</span> <span class='ocrx_word' id='word_1_422' title='bbox 1929 4484 2116 4540; x_wconf 67' lang='lat' dir='ltr'>aedem</span> 
     </span>
    </p>
   </div>
   <div class='ocr_carea' id='block_1_66' title="bbox 2249 1882 3896 1966">
    <p class='ocr_par' dir='ltr' id='par_1_66' title="bbox 2249 1882 3896 1966">
     <span class='ocr_line' id='line_1_66' title="bbox 2249 1882 3896 1966; baseline 0.007 -38"><span class='ocrx_word' id='word_1_423' title='bbox 2249 1909 2348 1957; x_wconf 69' lang='grc' dir='ltr'>οης</span> <span class='ocrx_word' id='word_1_424' title='bbox 2395 1888 2423 1942; x_wconf 85' lang='grc' dir='ltr'>ὁ</span> <span class='ocrx_word' id='word_1_425' title='bbox 2474 1882 2831 1960; x_wconf 76' lang='grc' dir='ltr'>Ἐξαϐούλιος</span> <span class='ocrx_word' id='word_1_426' title='bbox 2881 1889 3212 1959; x_wconf 73' lang='grc' dir='ltr'>συναντήσας</span> <span class='ocrx_word' id='word_1_427' title='bbox 3269 1888 3419 1961; x_wconf 75' lang='grc' dir='ltr'>αὐτῷ</span> <span class='ocrx_word' id='word_1_428' title='bbox 3448 1889 3508 1943; x_wconf 91' lang='grc' dir='ltr'>τό</span> <span class='ocrx_word' id='word_1_429' title='bbox 3551 1911 3610 1944; x_wconf 88' lang='grc' dir='ltr'>τε</span> <span class='ocrx_word' id='word_1_430' title='bbox 3639 1889 3896 1966; x_wconf 64' lang='grc' dir='ltr'>ἀτύχημα</span> 
     </span>
    </p>
   </div>
   <div class='ocr_carea' id='block_1_67' title="bbox 2250 1974 3894 2053">
    <p class='ocr_par' dir='ltr' id='par_1_67' title="bbox 2250 1974 3894 2053">
     <span class='ocr_line' id='line_1_67' title="bbox 2250 1974 3894 2053; baseline 0.002 -22"><span class='ocrx_word' id='word_1_431' title='bbox 2250 1977 2473 2052; x_wconf 80' lang='grc' dir='ltr'>εὐγενῶς</span> <span class='ocrx_word' id='word_1_432' title='bbox 2559 1974 2737 2053; x_wconf 65' lang='grc' dir='ltr'>φέρειν</span> <span class='ocrx_word' id='word_1_433' title='bbox 2821 1979 2912 2032; x_wconf 82' lang='grc' dir='ltr'>καὶ</span> <span class='ocrx_word' id='word_1_434' title='bbox 3000 1975 3406 2053; x_wconf 64' lang='grc' dir='ltr'>μεγαλοψύχως</span> <span class='ocrx_word' id='word_1_435' title='bbox 3487 1978 3747 2052; x_wconf 70' lang='grc' dir='ltr'>παρῄνει,</span> <span class='ocrx_word' id='word_1_436' title='bbox 3811 1979 3894 2034; x_wconf 80' lang='grc' dir='ltr'>καὶ</span> 
     </span>
    </p>
   </div>
   <div class='ocr_carea' id='block_1_68' title="bbox 2250 2065 3892 2142">
    <p class='ocr_par' dir='ltr' id='par_1_68' title="bbox 2250 2065 3892 2142">
     <span class='ocr_line' id='line_1_68' title="bbox 2250 2065 3892 2142; baseline 0.002 -22"><span class='ocrx_word' id='word_1_437' title='bbox 2250 2065 2568 2121; x_wconf 73' lang='grc' dir='ltr'>ἐπυνθάνετο</span> <span class='ocrx_word' id='word_1_438' title='bbox 2625 2067 2745 2122; x_wconf 88' lang='grc' dir='ltr'>τίνα</span> <span class='ocrx_word' id='word_1_439' title='bbox 2803 2067 2887 2136; x_wconf 79' lang='grc' dir='ltr'>εἶή</span> <span class='ocrx_word' id='word_1_440' title='bbox 2967 2067 3283 2122; x_wconf 85' lang='grc' dir='ltr'>καταλιπὼν</span> <span class='ocrx_word' id='word_1_441' title='bbox 3341 2073 3438 2124; x_wconf 73' lang='grc' dir='ltr'>τοῦ</span> <span class='ocrx_word' id='word_1_442' title='bbox 3499 2069 3892 2142; x_wconf 71' lang='grc' dir='ltr'>στρατεύματος</span> 
     </span>
    </p>
   </div>
   <div class='ocr_carea' id='block_1_69' title="bbox 2250 2153 3895 2234">
    <p class='ocr_par' dir='ltr' id='par_1_69' title="bbox 2250 2153 3895 2234">
     <span class='ocr_line' id='line_1_69' title="bbox 2250 2153 3895 2234; baseline 0.001 -24"><span class='ocrx_word' id='word_1_443' title='bbox 2250 2155 2622 2231; x_wconf 73' lang='grc' dir='ltr'>ἐξηγούμενον.</span> <span class='ocrx_word' id='word_1_444' title='bbox 2673 2159 2732 2213; x_wconf 82' lang='grc' dir='ltr'>Ὀ</span> <span class='ocrx_word' id='word_1_445' title='bbox 2789 2154 2846 2212; x_wconf 76' lang='grc' dir='ltr'>δὲ</span> <span class='ocrx_word' id='word_1_446' title='bbox 2899 2153 3102 2214; x_wconf 76' lang='grc' dir='ltr'>Λέοντα</span> <span class='ocrx_word' id='word_1_447' title='bbox 3159 2160 3296 2225; x_wconf 81' lang='grc' dir='ltr'>εἷπε,</span> <span class='ocrx_word' id='word_1_448' title='bbox 3340 2158 3432 2212; x_wconf 85' lang='grc' dir='ltr'>τὸν</span> <span class='ocrx_word' id='word_1_449' title='bbox 3463 2161 3767 2234; x_wconf 80' lang='grc' dir='ltr'>στρατηγὸν</span> <span class='ocrx_word' id='word_1_450' title='bbox 3797 2164 3895 2213; x_wconf 77' lang='grc' dir='ltr'>τῶν</span> 
     </span>
    </p>
   </div>
   <div class='ocr_carea' id='block_1_70' title="bbox 2249 2247 3892 2325">
    <p class='ocr_par' dir='ltr' id='par_1_70' title="bbox 2249 2247 3892 2325">
     <span class='ocr_line' id='line_1_70' title="bbox 2249 2247 3892 2325; baseline 0.001 -23"><span class='ocrx_word' id='word_1_451' title='bbox 2249 2247 2638 2317; x_wconf 81' lang='grc' dir='ltr'>’Λνατολικῶν,</span> <span class='ocrx_word' id='word_1_452' title='bbox 2689 2248 2858 2324; x_wconf 76' lang='grc' dir='ltr'>ἄνδρα</span> <span class='ocrx_word' id='word_1_453' title='bbox 2903 2271 2960 2304; x_wconf 85' lang='grc' dir='ltr'>τε</span> <span class='ocrx_word' id='word_1_454' title='bbox 3008 2251 3429 2325; x_wconf 77' lang='grc' dir='ltr'>ἀγχινο·3στατον</span> <span class='ocrx_word' id='word_1_455' title='bbox 3477 2251 3566 2305; x_wconf 85' lang='grc' dir='ltr'>καὶ</span> <span class='ocrx_word' id='word_1_456' title='bbox 3612 2247 3803 2306; x_wconf 71' lang='grc' dir='ltr'>εὔνουν</span> <span class='ocrx_word' id='word_1_457' title='bbox 3831 2254 3892 2322; x_wconf 79' lang='grc' dir='ltr'>τῇ</span> 
     </span>
    </p>
   </div>
   <div class='ocr_carea' id='block_1_71' title="bbox 2253 2333 3890 2414">
    <p class='ocr_par' dir='ltr' id='par_1_71' title="bbox 2253 2333 3890 2414">
     <span class='ocr_line' id='line_1_71' title="bbox 2253 2333 3890 2414; baseline 0 -22"><span class='ocrx_word' id='word_1_458' title='bbox 2253 2338 2523 2412; x_wconf 77' lang='grc' dir='ltr'>βασιλείᾳ.</span> <span class='ocrx_word' id='word_1_459' title='bbox 2556 2340 2728 2414; x_wconf 83' lang='grc' dir='ltr'>Ὅπερ</span> <span class='ocrx_word' id='word_1_460' title='bbox 2781 2339 3010 2401; x_wconf 65' lang='grc' dir='ltr'>ἀκούσας</span> <span class='ocrx_word' id='word_1_461' title='bbox 3045 2340 3072 2393; x_wconf 87' lang='grc' dir='ltr'>ὁ</span> <span class='ocrx_word' id='word_1_462' title='bbox 3106 2333 3476 2409; x_wconf 57' lang='grc' dir='ltr'>ἰὴξαϐοὖλιος,</span> <span class='ocrx_word' id='word_1_463' title='bbox 3511 2367 3536 2394; x_wconf 78' lang='grc' dir='ltr'>α</span> <span class='ocrx_word' id='word_1_464' title='bbox 3571 2340 3751 2412; x_wconf 78' lang='grc' dir='ltr'>Φαίνῃ</span> <span class='ocrx_word' id='word_1_465' title='bbox 3787 2359 3890 2410; x_wconf 86' lang='grc' dir='ltr'>μοι,</span> 
     </span>
    </p>
   </div>
   <div class='ocr_carea' id='block_1_72' title="bbox 2248 2427 3889 2507">
    <p class='ocr_par' dir='ltr' id='par_1_72' title="bbox 2248 2427 3889 2507">
     <span class='ocr_line' id='line_1_72' title="bbox 2248 2427 3889 2507; baseline 0.001 -25"><span class='ocrx_word' id='word_1_466' title='bbox 2248 2428 2293 2482; x_wconf 84' lang='grc' dir='ltr'><strong>ὦ</strong></span> <span class='ocrx_word' id='word_1_467' title='bbox 2333 2429 2578 2503; x_wconf 78' lang='grc' dir='ltr'>βασιλεῦ,</span> <span class='ocrx_word' id='word_1_468' title='bbox 2639 2429 2764 2507; x_wconf 70' lang='grc' dir='ltr'>ἔφη,</span> <span class='ocrx_word' id='word_1_469' title='bbox 2823 2428 2970 2486; x_wconf 82' lang='grc' dir='ltr'>πολὺ</span> <span class='ocrx_word' id='word_1_470' title='bbox 3030 2427 3417 2504; x_wconf 76' lang='grc' dir='ltr'>διαμαρτάνειν</span> <span class='ocrx_word' id='word_1_471' title='bbox 3447 2437 3547 2499; x_wconf 77' lang='grc' dir='ltr'>τῆς</span> <span class='ocrx_word' id='word_1_472' title='bbox 3578 2436 3676 2485; x_wconf 78' lang='grc' dir='ltr'>τοῦ</span> <span class='ocrx_word' id='word_1_473' title='bbox 3711 2428 3889 2504; x_wconf 73' lang='grc' dir='ltr'>ἀνδρὸς</span> 
     </span>
    </p>
   </div>
   <div class='ocr_carea' id='block_1_73' title="bbox 2249 2515 3894 2596">
    <p class='ocr_par' dir='ltr' id='par_1_73' title="bbox 2249 2515 3894 2596">
     <span class='ocr_line' id='line_1_73' title="bbox 2249 2515 3894 2596; baseline 0.001 -24"><span class='ocrx_word' id='word_1_474' title='bbox 2249 2515 2506 2581; x_wconf 70' lang='grc' dir='ltr'>διανοίας,</span> <span class='ocrx_word' id='word_1_475' title='bbox 2543 2545 2570 2571; x_wconf 78' lang='grc' dir='ltr'>υ</span> <span class='ocrx_word' id='word_1_476' title='bbox 2603 2520 2704 2576; x_wconf 81' lang='grc' dir='ltr'>Καὶ</span> <span class='ocrx_word' id='word_1_477' title='bbox 2765 2521 2793 2575; x_wconf 84' lang='grc' dir='ltr'>ὁ</span> <span class='ocrx_word' id='word_1_478' title='bbox 2856 2522 2951 2592; x_wconf 74' lang='grc' dir='ltr'>μὲν</span> <span class='ocrx_word' id='word_1_479' title='bbox 3011 2520 3129 2575; x_wconf 74' lang='grc' dir='ltr'>εἶπε</span> <span class='ocrx_word' id='word_1_480' title='bbox 3183 2525 3369 2590; x_wconf 72' lang='grc' dir='ltr'>ταῦτα,</span> <span class='ocrx_word' id='word_1_481' title='bbox 3413 2521 3568 2576; x_wconf 82' lang='grc' dir='ltr'>οὓπω</span> <span class='ocrx_word' id='word_1_482' title='bbox 3601 2518 3656 2575; x_wconf 79' lang='grc' dir='ltr'>δὲ</span> <span class='ocrx_word' id='word_1_483' title='bbox 3690 2522 3718 2575; x_wconf 86' lang='grc' dir='ltr'>ὁ</span> <span class='ocrx_word' id='word_1_484' title='bbox 3749 2523 3894 2596; x_wconf 81' lang='grc' dir='ltr'>βασι-</span> 
     </span>
    </p>
   </div>
   <div class='ocr_carea' id='block_1_74' title="bbox 2247 2601 3896 2687">
    <p class='ocr_par' dir='ltr' id='par_1_74' title="bbox 2247 2601 3896 2687">
     <span class='ocr_line' id='line_1_74' title="bbox 2247 2601 3896 2687; baseline -0.001 -26"><span class='ocrx_word' id='word_1_485' title='bbox 2247 2603 2372 2668; x_wconf 80' lang='grc' dir='ltr'>λεὺς</span> <span class='ocrx_word' id='word_1_486' title='bbox 2403 2601 2535 2687; x_wconf 75' lang='grc' dir='ltr'>ἔφθη</span> <span class='ocrx_word' id='word_1_487' title='bbox 2568 2614 2684 2669; x_wconf 87' lang='grc' dir='ltr'>τοῖς</span> <span class='ocrx_word' id='word_1_488' title='bbox 2721 2607 3024 2683; x_wconf 82' lang='grc' dir='ltr'>βασιλείοις</span> <span class='ocrx_word' id='word_1_489' title='bbox 3075 2602 3351 2678; x_wconf 73' lang='grc' dir='ltr'>ἐπιϐῆναι,</span> <span class='ocrx_word' id='word_1_490' title='bbox 3397 2608 3486 2664; x_wconf 76' lang='grc' dir='ltr'>καὶ</span> <span class='ocrx_word' id='word_1_491' title='bbox 3536 2611 3571 2678; x_wconf 74' lang='grc' dir='ltr'>ἡ</span> <span class='ocrx_word' id='word_1_492' title='bbox 3611 2607 3713 2664; x_wconf 77' lang='grc' dir='ltr'>τοῦ</span> <span class='ocrx_word' id='word_1_493' title='bbox 3747 2610 3896 2664; x_wconf 74' lang='grc' dir='ltr'>Δέον·</span> 
     </span>
    </p>
   </div>
   <div class='ocr_carea' id='block_1_75' title="bbox 2243 2695 3892 2773">
    <p class='ocr_par' dir='ltr' id='par_1_75' title="bbox 2243 2695 3892 2773">
     <span class='ocr_line' id='line_1_75' title="bbox 2243 2695 3892 2773; baseline -0.001 -22"><span class='ocrx_word' id='word_1_494' title='bbox 2243 2716 2336 2757; x_wconf 88' lang='grc' dir='ltr'>τος</span> <span class='ocrx_word' id='word_1_495' title='bbox 2367 2695 2661 2772; x_wconf 65' lang='grc' dir='ltr'>ἀνάῥρησις</span> <span class='ocrx_word' id='word_1_496' title='bbox 2689 2696 3129 2771; x_wconf 81' lang='grc' dir='ltr'>κατηγγέλλετο.</span> <span class='ocrx_word' id='word_1_497' title='bbox 3187 2699 3650 2773; x_wconf 79' lang='grc' dir='ltr'>Διαταραχθὲντος</span> <span class='ocrx_word' id='word_1_498' title='bbox 3697 2697 3758 2753; x_wconf 71' lang='grc' dir='ltr'>δὲ</span> <span class='ocrx_word' id='word_1_499' title='bbox 3805 2701 3892 2752; x_wconf 74' lang='grc' dir='ltr'>τοῦ</span> 
     </span>
    </p>
   </div>
   <div class='ocr_carea' id='block_1_76' title="bbox 2245 2782 3893 2862">
    <p class='ocr_par' dir='ltr' id='par_1_76' title="bbox 2245 2782 3893 2862">
     <span class='ocr_line' id='line_1_76' title="bbox 2245 2782 3893 2862; baseline 0.001 -24"><span class='ocrx_word' id='word_1_500' title='bbox 2245 2782 2644 2860; x_wconf 71' lang='grc' dir='ltr'>αὐτοκράτορος</span> <span class='ocrx_word' id='word_1_501' title='bbox 2699 2787 2836 2862; x_wconf 87' lang='grc' dir='ltr'>πρὸς</span> <span class='ocrx_word' id='word_1_502' title='bbox 2892 2787 2984 2841; x_wconf 86' lang='grc' dir='ltr'>τὸν</span> <span class='ocrx_word' id='word_1_503' title='bbox 3040 2785 3213 2856; x_wconf 72' lang='grc' dir='ltr'>ἀκοὴν</span> <span class='ocrx_word' id='word_1_504' title='bbox 3270 2785 3360 2841; x_wconf 76' lang='grc' dir='ltr'><strong>καί</strong></span> <span class='ocrx_word' id='word_1_505' title='bbox 3420 2786 3801 2861; x_wconf 80' lang='grc' dir='ltr'>σκοπουμένου</span> <span class='ocrx_word' id='word_1_506' title='bbox 3838 2788 3893 2841; x_wconf 80' lang='grc' dir='ltr'>τὸ</span> 
     </span>
    </p>
   </div>
   <div class='ocr_carea' id='block_1_77' title="bbox 2243 2872 3892 2952">
    <p class='ocr_par' dir='ltr' id='par_1_77' title="bbox 2243 2872 3892 2952">
     <span class='ocr_line' id='line_1_77' title="bbox 2243 2872 3892 2952; baseline 0.002 -24"><span class='ocrx_word' id='word_1_507' title='bbox 2243 2872 2529 2945; x_wconf 75' lang='grc' dir='ltr'>ποιητέον,</span> <span class='ocrx_word' id='word_1_508' title='bbox 2582 2876 2724 2937; x_wconf 77' lang='grc' dir='ltr'>τινὶς</span> <span class='ocrx_word' id='word_1_509' title='bbox 2777 2875 2874 2948; x_wconf 76' lang='grc' dir='ltr'>μὶν</span> <span class='ocrx_word' id='word_1_510' title='bbox 2929 2876 3205 2950; x_wconf 77' lang='grc' dir='ltr'>παρῄνουν</span> <span class='ocrx_word' id='word_1_511' title='bbox 3263 2881 3393 2932; x_wconf 79' lang='grc' dir='ltr'>πᾶσι</span> <span class='ocrx_word' id='word_1_512' title='bbox 3423 2875 3649 2952; x_wconf 84' lang='grc' dir='ltr'>τρόποις</span> <span class='ocrx_word' id='word_1_513' title='bbox 3679 2873 3892 2952; x_wconf 75' lang='grc' dir='ltr'>ἔχεσθαι</span> 
     </span>
    </p>
   </div>
   <div class='ocr_carea' id='block_1_78' title="bbox 2242 2963 3890 3043">
    <p class='ocr_par' dir='ltr' id='par_1_78' title="bbox 2242 2963 3890 3043">
     <span class='ocr_line' id='line_1_78' title="bbox 2242 2963 3890 3043; baseline 0.001 -25"><span class='ocrx_word' id='word_1_514' title='bbox 2242 2971 2343 3032; x_wconf 79' lang='grc' dir='ltr'>τῆς</span> <span class='ocrx_word' id='word_1_515' title='bbox 2376 2963 2556 3043; x_wconf 82' lang='grc' dir='ltr'>ἀρχῆς</span> <span class='ocrx_word' id='word_1_516' title='bbox 2588 2964 2677 3019; x_wconf 82' lang='grc' dir='ltr'>καὶ</span> <span class='ocrx_word' id='word_1_517' title='bbox 2719 2969 2798 3037; x_wconf 84' lang='grc' dir='ltr'>τῷ</span> <span class='ocrx_word' id='word_1_518' title='bbox 2825 2965 3065 3040; x_wconf 77' lang='grc' dir='ltr'>τυράννῳ</span> <span class='ocrx_word' id='word_1_519' title='bbox 3121 2966 3195 3028; x_wconf 85' lang='grc' dir='ltr'>ὡς</span> <span class='ocrx_word' id='word_1_520' title='bbox 3257 2965 3484 3022; x_wconf 83' lang='grc' dir='ltr'>ἀνυστὸν</span> <span class='ocrx_word' id='word_1_521' title='bbox 3517 2966 3890 3021; x_wconf 65' lang='grc' dir='ltr'>ἀντικαθιστα-</span> 
     </span>
    </p>
   </div>
   <div class='ocr_carea' id='block_1_79' title="bbox 2245 3053 3890 3132">
    <p class='ocr_par' dir='ltr' id='par_1_79' title="bbox 2245 3053 3890 3132">
     <span class='ocr_line' id='line_1_79' title="bbox 2245 3053 3890 3132; baseline 0.001 -24"><span class='ocrx_word' id='word_1_522' title='bbox 2245 3066 2386 3118; x_wconf 77' lang='grc' dir='ltr'>σθαι⁹</span> <span class='ocrx_word' id='word_1_523' title='bbox 2437 3055 2594 3117; x_wconf 79' lang='grc' dir='ltr'>οὗτος</span> <span class='ocrx_word' id='word_1_524' title='bbox 2669 3053 2726 3110; x_wconf 72' lang='grc' dir='ltr'>δὲ</span> <span class='ocrx_word' id='word_1_525' title='bbox 2799 3055 3068 3130; x_wconf 75' lang='grc' dir='ltr'>εἰρηνικός</span> <span class='ocrx_word' id='word_1_526' title='bbox 3138 3077 3225 3119; x_wconf 90' lang='grc' dir='ltr'>τις</span> <span class='ocrx_word' id='word_1_527' title='bbox 3302 3055 3582 3132; x_wconf 79' lang='grc' dir='ltr'>ἄνθρωπος</span> <span class='ocrx_word' id='word_1_528' title='bbox 3645 3055 3745 3122; x_wconf 79' lang='grc' dir='ltr'>ὢν,</span> <span class='ocrx_word' id='word_1_529' title='bbox 3807 3056 3890 3111; x_wconf 79' lang='grc' dir='ltr'>καὶ</span> 
     </span>
    </p>
   </div>
   <div class='ocr_carea' id='block_1_80' title="bbox 2244 3142 3891 3224">
    <p class='ocr_par' dir='ltr' id='par_1_80' title="bbox 2244 3142 3891 3224">
     <span class='ocr_line' id='line_1_80' title="bbox 2244 3142 3891 3224; baseline 0.002 -26"><span class='ocrx_word' id='word_1_530' title='bbox 2244 3143 2556 3218; x_wconf 72' lang='grc' dir='ltr'>πράγμασιν</span> <span class='ocrx_word' id='word_1_531' title='bbox 2589 3145 2773 3199; x_wconf 73' lang='grc' dir='ltr'>ἑαυτὸν</span> <span class='ocrx_word' id='word_1_532' title='bbox 2814 3145 3094 3220; x_wconf 78' lang='grc' dir='ltr'>ὲπιρῥίψαι</span> <span class='ocrx_word' id='word_1_533' title='bbox 3156 3147 3233 3219; x_wconf 77' lang='grc' dir='ltr'>μὴ</span> <span class='ocrx_word' id='word_1_534' title='bbox 3289 3144 3460 3210; x_wconf 82' lang='grc' dir='ltr'>θέλων</span> <span class='ocrx_word' id='word_1_535' title='bbox 3492 3144 3696 3216; x_wconf 73' lang='grc' dir='ltr'>ἄδηλον</span> <span class='ocrx_word' id='word_1_536' title='bbox 3734 3142 3891 3224; x_wconf 80' lang='grc' dir='ltr'>ἔχου-</span> 
     </span>
    </p>
   </div>
   <div class='ocr_carea' id='block_1_81' title="bbox 2245 3231 3887 3310">
    <p class='ocr_par' dir='ltr' id='par_1_81' title="bbox 2245 3231 3887 3310">
     <span class='ocr_line' id='line_1_81' title="bbox 2245 3231 3887 3310; baseline 0.004 -24"><span class='ocrx_word' id='word_1_537' title='bbox 2245 3254 2326 3287; x_wconf 88' lang='grc' dir='ltr'>σιν</span> <span class='ocrx_word' id='word_1_538' title='bbox 2352 3231 2718 3305; x_wconf 72' lang='grc' dir='ltr'>ἀποτέλεσμα,</span> <span class='ocrx_word' id='word_1_539' title='bbox 2748 3240 2866 3296; x_wconf 85' lang='grc' dir='ltr'>τοῖς</span> <span class='ocrx_word' id='word_1_540' title='bbox 2902 3235 2995 3305; x_wconf 76' lang='grc' dir='ltr'>μὲν</span> <span class='ocrx_word' id='word_1_541' title='bbox 3043 3233 3186 3289; x_wconf 71' lang='grc' dir='ltr'>οὕτω</span> <span class='ocrx_word' id='word_1_542' title='bbox 3237 3232 3487 3310; x_wconf 85' lang='grc' dir='ltr'>λέγουσιν</span> <span class='ocrx_word' id='word_1_543' title='bbox 3529 3234 3781 3308; x_wconf 83' lang='grc' dir='ltr'>ἐπετίμα,</span> <span class='ocrx_word' id='word_1_544' title='bbox 3815 3239 3887 3308; x_wconf 80' lang='grc' dir='ltr'>μὴ</span> 
     </span>
    </p>
   </div>
   <div class='ocr_carea' id='block_1_82' title="bbox 2240 3321 3888 3405">
    <p class='ocr_par' dir='ltr' id='par_1_82' title="bbox 2240 3321 3888 3405">
     <span class='ocr_line' id='line_1_82' title="bbox 2240 3321 3888 3405; baseline 0.002 -29"><span class='ocrx_word' id='word_1_545' title='bbox 2240 3321 2496 3395; x_wconf 75' lang='grc' dir='ltr'>ἐρεθίζειν</span> <span class='ocrx_word' id='word_1_546' title='bbox 2550 3323 2714 3378; x_wconf 82' lang='grc' dir='ltr'>αὐτὸν</span> <span class='ocrx_word' id='word_1_547' title='bbox 2762 3323 2897 3398; x_wconf 87' lang='grc' dir='ltr'>πρὸς</span> <span class='ocrx_word' id='word_1_548' title='bbox 2948 3322 3216 3403; x_wconf 72' lang='grc' dir='ltr'>ἐμφύλιον</span> <span class='ocrx_word' id='word_1_549' title='bbox 3270 3327 3526 3400; x_wconf 79' lang='grc' dir='ltr'>χιυρήσαι</span> <span class='ocrx_word' id='word_1_550' title='bbox 3560 3326 3888 3405; x_wconf 71' lang='grc' dir='ltr'>μιαιφονίαν,</span> 
     </span>
    </p>
   </div>
   <div class='ocr_carea' id='block_1_83' title="bbox 2243 3408 3889 3488">
    <p class='ocr_par' dir='ltr' id='par_1_83' title="bbox 2243 3408 3889 3488">
     <span class='ocr_line' id='line_1_83' title="bbox 2243 3408 3889 3488; baseline 0.003 -23"><span class='ocrx_word' id='word_1_551' title='bbox 2243 3413 2325 3480; x_wconf 82' lang='grc' dir='ltr'>[Ρ.</span> <span class='ocrx_word' id='word_1_552' title='bbox 2375 3414 2502 3483; x_wconf 65' lang='grc'>485]</span> <span class='ocrx_word' id='word_1_553' title='bbox 2559 3413 2678 3466; x_wconf 73' lang='grc' dir='ltr'>τινὰ</span> <span class='ocrx_word' id='word_1_554' title='bbox 2741 3408 2798 3467; x_wconf 72' lang='grc' dir='ltr'>δὲ</span> <span class='ocrx_word' id='word_1_555' title='bbox 2853 3416 2962 3467; x_wconf 80' lang='grc' dir='ltr'>τῶν</span> <span class='ocrx_word' id='word_1_556' title='bbox 3023 3413 3374 3469; x_wconf 73' lang='grc' dir='ltr'>οἱκειοτάτων</span> <span class='ocrx_word' id='word_1_557' title='bbox 3435 3414 3702 3488; x_wconf 78' lang='grc' dir='ltr'>ἐξέπεμψε</span> <span class='ocrx_word' id='word_1_558' title='bbox 3760 3417 3889 3488; x_wconf 82' lang='grc' dir='ltr'>πρὸς</span> 
     </span>
    </p>
   </div>
   <div class='ocr_carea' id='block_1_84' title="bbox 2237 3499 3886 3578">
    <p class='ocr_par' dir='ltr' id='par_1_84' title="bbox 2237 3499 3886 3578">
     <span class='ocr_line' id='line_1_84' title="bbox 2237 3499 3886 3578; baseline 0.003 -24"><span class='ocrx_word' id='word_1_559' title='bbox 2237 3501 2328 3554; x_wconf 85' lang='grc' dir='ltr'>τὸν</span> <span class='ocrx_word' id='word_1_560' title='bbox 2361 3499 2584 3570; x_wconf 85' lang='grc' dir='ltr'>Λέοντα,</span> <span class='ocrx_word' id='word_1_561' title='bbox 2643 3499 2710 3555; x_wconf 69' lang='grc' dir='ltr'>τὰ</span> <span class='ocrx_word' id='word_1_562' title='bbox 2763 3507 2864 3570; x_wconf 85' lang='grc' dir='ltr'>τῆς</span> <span class='ocrx_word' id='word_1_563' title='bbox 2915 3500 3196 3577; x_wconf 78' lang='grc' dir='ltr'>βασιλείας</span> <span class='ocrx_word' id='word_1_564' title='bbox 3239 3501 3578 3578; x_wconf 79' lang='grc' dir='ltr'>ἐπαγόμενον</span> <span class='ocrx_word' id='word_1_565' title='bbox 3611 3501 3886 3576; x_wconf 66' lang='grc' dir='ltr'>σύμϐολα,</span> 
     </span>
    </p>
   </div>
   <div class='ocr_carea' id='block_1_85' title="bbox 2232 3585 3887 3670">
    <p class='ocr_par' dir='ltr' id='par_1_85' title="bbox 2232 3585 3887 3670">
     <span class='ocr_line' id='line_1_85' title="bbox 2232 3585 3887 3670; baseline 0.004 -28"><span class='ocrx_word' id='word_1_566' title='bbox 2232 3589 2295 3642; x_wconf 88' lang='grc' dir='ltr'>τὸ</span> <span class='ocrx_word' id='word_1_567' title='bbox 2328 3585 2592 3660; x_wconf 74' lang='grc' dir='ltr'>διάδημα,</span> <span class='ocrx_word' id='word_1_568' title='bbox 2622 3590 2720 3658; x_wconf 78' lang='grc' dir='ltr'>τήν</span> <span class='ocrx_word' id='word_1_569' title='bbox 2755 3587 3058 3664; x_wconf 82' lang='grc' dir='ltr'>ἁλουργίδα</span> <span class='ocrx_word' id='word_1_570' title='bbox 3086 3591 3178 3645; x_wconf 84' lang='grc' dir='ltr'>καὶ</span> <span class='ocrx_word' id='word_1_571' title='bbox 3223 3591 3290 3646; x_wconf 73' lang='grc' dir='ltr'>τὰ</span> <span class='ocrx_word' id='word_1_572' title='bbox 3318 3587 3634 3670; x_wconf 67' lang='grc' dir='ltr'>κοκκοϐαφῆ</span> <span class='ocrx_word' id='word_1_573' title='bbox 3667 3591 3887 3660; x_wconf 79' lang='grc' dir='ltr'>πέδιλα,</span> 
     </span>
    </p>
   </div>
   <div class='ocr_carea' id='block_1_86' title="bbox 2237 3677 3887 3757">
    <p class='ocr_par' dir='ltr' id='par_1_86' title="bbox 2237 3677 3887 3757">
     <span class='ocr_line' id='line_1_86' title="bbox 2237 3677 3887 3757; baseline 0.002 -24"><span class='ocrx_word' id='word_1_574' title='bbox 2237 3677 2396 3742; x_wconf 79' lang='grc' dir='ltr'>αὐτὸς</span> <span class='ocrx_word' id='word_1_575' title='bbox 2459 3680 2550 3754; x_wconf 77' lang='grc' dir='ltr'>μὲν</span> <span class='ocrx_word' id='word_1_576' title='bbox 2609 3679 3048 3754; x_wconf 77' lang='grc' dir='ltr'>ὑπισχνούμενος</span> <span class='ocrx_word' id='word_1_577' title='bbox 3103 3685 3504 3757; x_wconf 81' lang='grc' dir='ltr'>παραχωρῆσαι</span> <span class='ocrx_word' id='word_1_578' title='bbox 3557 3681 3738 3756; x_wconf 78' lang='grc' dir='ltr'>τούτῳ</span> <span class='ocrx_word' id='word_1_579' title='bbox 3796 3686 3887 3739; x_wconf 66' lang='grc' dir='ltr'>τοῦ</span> 
     </span>
    </p>
   </div>
   <div class='ocr_carea' id='block_1_87' title="bbox 2233 3768 3886 3846">
    <p class='ocr_par' dir='ltr' id='par_1_87' title="bbox 2233 3768 3886 3846">
     <span class='ocr_line' id='line_1_87' title="bbox 2233 3768 3886 3846; baseline 0.002 -23"><span class='ocrx_word' id='word_1_580' title='bbox 2233 3769 2446 3844; x_wconf 83' lang='grc' dir='ltr'>θρόνου,</span> <span class='ocrx_word' id='word_1_581' title='bbox 2500 3768 2590 3823; x_wconf 87' lang='grc' dir='ltr'>καὶ</span> <span class='ocrx_word' id='word_1_582' title='bbox 2652 3768 2869 3844; x_wconf 88' lang='grc' dir='ltr'>βέλτιον</span> <span class='ocrx_word' id='word_1_583' title='bbox 2931 3770 3062 3824; x_wconf 78' lang='grc' dir='ltr'>εἶναι</span> <span class='ocrx_word' id='word_1_584' title='bbox 3116 3772 3318 3845; x_wconf 86' lang='grc' dir='ltr'>κρίνων</span> <span class='ocrx_word' id='word_1_585' title='bbox 3378 3771 3468 3826; x_wconf 76' lang='grc' dir='ltr'>καὶ</span> <span class='ocrx_word' id='word_1_586' title='bbox 3532 3771 3698 3841; x_wconf 68' lang='grc' dir='ltr'>αὑτήν</span> <span class='ocrx_word' id='word_1_587' title='bbox 3757 3791 3886 3846; x_wconf 87' lang='grc' dir='ltr'>προ-</span> 
     </span>
    </p>
   </div>
   <div class='ocr_carea' id='block_1_88' title="bbox 2234 3857 3885 3938">
    <p class='ocr_par' dir='ltr' id='par_1_88' title="bbox 2234 3857 3885 3938">
     <span class='ocr_line' id='line_1_88' title="bbox 2234 3857 3885 3938; baseline 0.002 -25"><span class='ocrx_word' id='word_1_588' title='bbox 2234 3861 2464 3930; x_wconf 74' lang='grc' dir='ltr'>ήκασθαι</span> <span class='ocrx_word' id='word_1_589' title='bbox 2497 3859 2596 3926; x_wconf 83' lang='grc' dir='ltr'>τήν</span> <span class='ocrx_word' id='word_1_590' title='bbox 2651 3860 2795 3929; x_wconf 69' lang='grc' dir='ltr'>ζωὴν</span> <span class='ocrx_word' id='word_1_591' title='bbox 2851 3861 2886 3928; x_wconf 70' lang='grc' dir='ltr'>ἢ</span> <span class='ocrx_word' id='word_1_592' title='bbox 2947 3860 3221 3936; x_wconf 83' lang='grc' dir='ltr'>χεομένην</span> <span class='ocrx_word' id='word_1_593' title='bbox 3276 3857 3413 3916; x_wconf 84' lang='grc' dir='ltr'>ἰδεῖν</span> <span class='ocrx_word' id='word_1_594' title='bbox 3472 3859 3663 3936; x_wconf 82' lang='grc' dir='ltr'>ῥανίδα</span> <span class='ocrx_word' id='word_1_595' title='bbox 3696 3865 3885 3938; x_wconf 74' lang='grc' dir='ltr'>μικρὰν</span> 
     </span>
    </p>
   </div>
   <div class='ocr_carea' id='block_1_89' title="bbox 2231 3945 3885 4022">
    <p class='ocr_par' dir='ltr' id='par_1_89' title="bbox 2231 3945 3885 4022">
     <span class='ocr_line' id='line_1_89' title="bbox 2231 3945 3885 4022; baseline 0.001 -21"><span class='ocrx_word' id='word_1_596' title='bbox 2231 3945 2466 4018; x_wconf 69' lang='grc' dir='ltr'>αἶ’ματος</span> <span class='ocrx_word' id='word_1_597' title='bbox 2531 3947 3158 4022; x_wconf 77' lang='grc' dir='ltr'>Χριστιανικοῦ,·αὐτὸν</span> <span class='ocrx_word' id='word_1_598' title='bbox 3216 3946 3272 4003; x_wconf 75' lang='grc' dir='ltr'>δὲ</span> <span class='ocrx_word' id='word_1_599' title='bbox 3327 3953 3496 4004; x_wconf 82' lang='grc' dir='ltr'>πᾶσαν</span> <span class='ocrx_word' id='word_1_600' title='bbox 3555 3949 3885 4022; x_wconf 80' lang='grc' dir='ltr'>ἀποθέμενον</span> 
     </span>
    </p>
   </div>
   <div class='ocr_carea' id='block_1_90' title="bbox 2229 4033 3884 4112">
    <p class='ocr_par' dir='ltr' id='par_1_90' title="bbox 2229 4033 3884 4112">
     <span class='ocr_line' id='line_1_90' title="bbox 2229 4033 3884 4112; baseline 0.001 -21"><span class='ocrx_word' id='word_1_601' title='bbox 2229 4037 2422 4091; x_wconf 77' lang='grc' dir='ltr'>πτοίαν</span> <span class='ocrx_word' id='word_1_602' title='bbox 2479 4036 2570 4098; x_wconf 79' lang='grc' dir='ltr'>καὶ</span> <span class='ocrx_word' id='word_1_603' title='bbox 2625 4033 2925 4110; x_wconf 85' lang='grc' dir='ltr'>δεσταγμὸν</span> <span class='ocrx_word' id='word_1_604' title='bbox 2985 4036 3163 4100; x_wconf 82' lang='grc' dir='ltr'>ἐλθεῖν</span> <span class='ocrx_word' id='word_1_605' title='bbox 3220 4037 3308 4092; x_wconf 81' lang='grc' dir='ltr'>καὶ</span> <span class='ocrx_word' id='word_1_606' title='bbox 3367 4035 3884 4112; x_wconf 69' lang='grc' dir='ltr'>παραλήψεσθαιτὰ</span> 
     </span>
    </p>
   </div>
   <div class='ocr_carea' id='block_1_91' title="bbox 2231 4121 3884 4202">
    <p class='ocr_par' dir='ltr' id='par_1_91' title="bbox 2231 4121 3884 4202">
     <span class='ocr_line' id='line_1_91' title="bbox 2231 4121 3884 4202; baseline 0.001 -23"><span class='ocrx_word' id='word_1_607' title='bbox 2231 4124 2504 4200; x_wconf 78' lang='grc' dir='ltr'>βασίλεια.</span> <span class='ocrx_word' id='word_1_608' title='bbox 2539 4125 2819 4200; x_wconf 69' lang='grc' dir='ltr'>Ιιροκοπία</span> <span class='ocrx_word' id='word_1_609' title='bbox 2869 4121 2925 4180; x_wconf 74' lang='grc' dir='ltr'>δὲ</span> <span class='ocrx_word' id='word_1_610' title='bbox 2974 4129 3009 4196; x_wconf 84' lang='grc' dir='ltr'>ἡ</span> <span class='ocrx_word' id='word_1_611' title='bbox 3065 4124 3284 4202; x_wconf 75' lang='grc' dir='ltr'>βασιλὶς</span> <span class='ocrx_word' id='word_1_612' title='bbox 3315 4127 3743 4202; x_wconf 84' lang='grc' dir='ltr'>ἀντιπράττουσα</span> <span class='ocrx_word' id='word_1_613' title='bbox 3773 4133 3884 4189; x_wconf 86' lang='grc' dir='ltr'>τοῖς</span> 
     </span>
    </p>
   </div>
   <div class='ocr_carea' id='block_1_92' title="bbox 2228 4213 3882 4296">
    <p class='ocr_par' dir='ltr' id='par_1_92' title="bbox 2228 4213 3882 4296">
     <span class='ocr_line' id='line_1_92' title="bbox 2228 4213 3882 4296; baseline 0.002 -27"><span class='ocrx_word' id='word_1_614' title='bbox 2228 4213 2551 4290; x_wconf 80' lang='grc' dir='ltr'>δρωμένοις,</span> <span class='ocrx_word' id='word_1_615' title='bbox 2615 4214 2702 4269; x_wconf 79' lang='grc' dir='ltr'>καί</span> <span class='ocrx_word' id='word_1_616' title='bbox 2750 4214 2918 4272; x_wconf 87' lang='grc' dir='ltr'>καλὸν</span> <span class='ocrx_word' id='word_1_617' title='bbox 2987 4215 3236 4296; x_wconf 72' lang='grc' dir='ltr'>ἐντάφιον</span> <span class='ocrx_word' id='word_1_618' title='bbox 3289 4218 3390 4285; x_wconf 79' lang='grc' dir='ltr'>τὴν</span> <span class='ocrx_word' id='word_1_619' title='bbox 3445 4216 3728 4290; x_wconf 86' lang='grc' dir='ltr'>βασιλείαν</span> <span class='ocrx_word' id='word_1_620' title='bbox 3798 4215 3882 4272; x_wconf 84' lang='grc' dir='ltr'>λέ-</span> 
     </span>
    </p>
   </div>
   <div class='ocr_carea' id='block_1_93' title="bbox 2223 4298 3882 4381">
    <p class='ocr_par' dir='ltr' id='par_1_93' title="bbox 2223 4298 3882 4381">
     <span class='ocr_line' id='line_1_93' title="bbox 2223 4298 3882 4381; baseline 0.001 -22"><span class='ocrx_word' id='word_1_621' title='bbox 2223 4325 2389 4379; x_wconf 87' lang='grc' dir='ltr'>γουσα</span> <span class='ocrx_word' id='word_1_622' title='bbox 2447 4303 2602 4374; x_wconf 82' lang='grc' dir='ltr'>εἶναι,</span> <span class='ocrx_word' id='word_1_623' title='bbox 2670 4298 2783 4359; x_wconf 82' lang='grc' dir='ltr'>ἔπεὶ</span> <span class='ocrx_word' id='word_1_624' title='bbox 2857 4307 2932 4377; x_wconf 75' lang='grc' dir='ltr'>μὴ</span> <span class='ocrx_word' id='word_1_625' title='bbox 2993 4298 3222 4373; x_wconf 76' lang='grc' dir='ltr'>ἔπειθεν,</span> <span class='ocrx_word' id='word_1_626' title='bbox 3289 4304 3520 4381; x_wconf 82' lang='grc' dir='ltr'>έσχατον</span> <span class='ocrx_word' id='word_1_627' title='bbox 3581 4300 3882 4361; x_wconf 77' lang='grc' dir='ltr'>ἕπειποῦτα</span> 
     </span>
    </p>
   </div>
   <div class='ocr_carea' id='block_1_94' title="bbox 2225 4392 3880 4470">
    <p class='ocr_par' dir='ltr' id='par_1_94' title="bbox 2225 4392 3880 4470">
     <span class='ocr_line' id='line_1_94' title="bbox 2225 4392 3880 4470; baseline 0.001 -20"><span class='ocrx_word' id='word_1_628' title='bbox 2225 4393 2386 4467; x_wconf 69' lang='grc' dir='ltr'>λόγον</span> <span class='ocrx_word' id='word_1_629' title='bbox 2417 4393 2499 4448; x_wconf 83' lang='grc' dir='ltr'>ὅτι</span> <span class='ocrx_word' id='word_1_630' title='bbox 2533 4394 2704 4452; x_wconf 73' lang='grc' dir='ltr'>δεινὸν</span> <span class='ocrx_word' id='word_1_631' title='bbox 2734 4394 2824 4449; x_wconf 77' lang='grc' dir='ltr'>καὶ</span> <span class='ocrx_word' id='word_1_632' title='bbox 2857 4395 2995 4469; x_wconf 85' lang='grc' dir='ltr'>πέρα</span> <span class='ocrx_word' id='word_1_633' title='bbox 3025 4392 3199 4449; x_wconf 76' lang='grc' dir='ltr'>δεινοῦ</span> <span class='ocrx_word' id='word_1_634' title='bbox 3231 4394 3380 4468; x_wconf 85' lang='grc' dir='ltr'>ε’ἰπερ</span> <span class='ocrx_word' id='word_1_635' title='bbox 3411 4397 3444 4464; x_wconf 74' lang='grc' dir='ltr'><strong>ἡ</strong></span> <span class='ocrx_word' id='word_1_636' title='bbox 3485 4398 3582 4449; x_wconf 79' lang='grc' dir='ltr'>τοῦ</span> <span class='ocrx_word' id='word_1_637' title='bbox 3613 4396 3880 4470; x_wconf 76' lang='grc' dir='ltr'>τυράννου</span> 
     </span>
    </p>
   </div>
   <div class='ocr_carea' id='block_1_95' title="bbox 2225 4479 3878 4560">
    <p class='ocr_par' dir='ltr' id='par_1_95' title="bbox 2225 4479 3878 4560">
     <span class='ocr_line' id='line_1_95' title="bbox 2225 4479 3878 4560; baseline 0.002 -21"><span class='ocrx_word' id='word_1_638' title='bbox 2225 4484 2455 4560; x_wconf 70' lang='grc' dir='ltr'>σῦζυγος</span> <span class='ocrx_word' id='word_1_639' title='bbox 2504 4479 2860 4558; x_wconf 78' lang='grc' dir='ltr'>περιϐάλοιτο</span> <span class='ocrx_word' id='word_1_640' title='bbox 2905 4484 2998 4539; x_wconf 82' lang='grc' dir='ltr'>τὸν</span> <span class='ocrx_word' id='word_1_641' title='bbox 3053 4483 3335 4560; x_wconf 86' lang='grc' dir='ltr'>βασιλικὸν</span> <span class='ocrx_word' id='word_1_642' title='bbox 3411 4481 3673 4557; x_wconf 85' lang='grc' dir='ltr'>μοδίολον</span> <span class='ocrx_word' id='word_1_643' title='bbox 3743 4490 3878 4560; x_wconf 71' lang='lat'>(50},</span> 
     </span>
    </p>
   </div>
   <div class='ocr_carea' id='block_1_96' title="bbox 465 4565 2130 4649">
    <p class='ocr_par' dir='ltr' id='par_1_96' title="bbox 465 4571 2120 4645">
     <span class='ocr_line' id='line_1_96' title="bbox 465 4571 2120 4645; baseline 0.002 -19"><span class='ocrx_word' id='word_1_644' title='bbox 465 4571 710 4626; x_wconf 88' lang='lat' dir='ltr'>Joannis</span> <span class='ocrx_word' id='word_1_645' title='bbox 764 4572 1039 4642; x_wconf 65' lang='lat' dir='ltr'>Baptistae</span> <span class='ocrx_word' id='word_1_646' title='bbox 1099 4572 1442 4626; x_wconf 89' lang='lat' dir='ltr'>Studianam</span> <span class='ocrx_word' id='word_1_647' title='bbox 1519 4573 1804 4643; x_wconf 87' lang='lat' dir='ltr'>pervenit.</span> <span class='ocrx_word' id='word_1_648' title='bbox 1863 4573 2120 4645; x_wconf 87' lang='lat' dir='ltr'>indeque</span> 
     </span>
    </p>
   </div>
   <div class='ocr_carea' id='block_1_97' title="bbox 2240 4565 3878 4649">
    <p class='ocr_par' dir='ltr' id='par_1_97' title="bbox 2240 4574 3878 4649">
     <span class='ocr_line' id='line_1_97' title="bbox 2240 4574 3878 4649; baseline 0.001 -20"><span class='ocrx_word' id='word_1_649' title='bbox 2240 4574 2579 4646; x_wconf 70' lang='grc' dir='ltr'>ἑπισκώψασα</span> <span class='ocrx_word' id='word_1_650' title='bbox 2607 4574 2696 4628; x_wconf 81' lang='grc' dir='ltr'>καὶ</span> <span class='ocrx_word' id='word_1_651' title='bbox 2727 4574 2864 4649; x_wconf 88' lang='grc' dir='ltr'>πρὸς</span> <span class='ocrx_word' id='word_1_652' title='bbox 2895 4574 2956 4628; x_wconf 85' lang='grc' dir='ltr'>τὸ</span> <span class='ocrx_word' id='word_1_653' title='bbox 2985 4575 3190 4644; x_wconf 69' lang='grc' dir='ltr'>ταύτης</span> <span class='ocrx_word' id='word_1_654' title='bbox 3215 4575 3387 4646; x_wconf 83' lang='grc' dir='ltr'>ὐνομα</span> <span class='ocrx_word' id='word_1_655' title='bbox 3409 4575 3499 4629; x_wconf 82' lang='grc' dir='ltr'>καὶ</span> <span class='ocrx_word' id='word_1_656' title='bbox 3526 4577 3730 4649; x_wconf 68' lang='grc' dir='ltr'>Βάρκαν</span> <span class='ocrx_word' id='word_1_657' title='bbox 3763 4581 3878 4647; x_wconf 86' lang='grc'>(51)</span> 
     </span>
    </p>
   </div>
   <div class='ocr_carea' id='block_1_98' title="bbox 469 4664 2114 4736">
    <p class='ocr_par' dir='ltr' id='par_1_98' title="bbox 469 4664 2114 4736">
     <span class='ocr_line' id='line_1_98' title="bbox 469 4664 2114 4736; baseline 0.002 -18"><span class='ocrx_word' id='word_1_658' title='bbox 469 4665 718 4734; x_wconf 87' lang='lat' dir='ltr'>stipatus</span> <span class='ocrx_word' id='word_1_659' title='bbox 752 4665 813 4718; x_wconf 93' lang='lat' dir='ltr'>in</span> <span class='ocrx_word' id='word_1_660' title='bbox 865 4664 1087 4736; x_wconf 81' lang='lat' dir='ltr'>regiam</span> <span class='ocrx_word' id='word_1_661' title='bbox 1138 4665 1376 4720; x_wconf 86' lang='lat' dir='ltr'>invadit.</span> <span class='ocrx_word' id='word_1_662' title='bbox 1427 4665 1571 4722; x_wconf 89' lang='lat' dir='ltr'>Cum</span> <span class='ocrx_word' id='word_1_663' title='bbox 1615 4674 1814 4722; x_wconf 87' lang='lat' dir='ltr'>autem</span> <span class='ocrx_word' id='word_1_664' title='bbox 1845 4666 1905 4723; x_wconf 90' lang='lat' dir='ltr'>in</span> <span class='ocrx_word' id='word_1_665' title='bbox 1935 4683 2114 4722; x_wconf 88' lang='lat' dir='ltr'>aureo</span> 
     </span>
    </p>
   </div>
   <div class='ocr_carea' id='block_1_99' title="bbox 465 4753 2113 4827">
    <p class='ocr_par' dir='ltr' id='par_1_99' title="bbox 465 4753 2113 4827">
     <span class='ocr_line' id='line_1_99' title="bbox 465 4753 2113 4827; baseline 0.001 -18"><span class='ocrx_word' id='word_1_666' title='bbox 465 4753 726 4809; x_wconf 91' lang='lat' dir='ltr'>triclinio</span> <span class='ocrx_word' id='word_1_667' title='bbox 781 4759 980 4809; x_wconf 91' lang='lat' dir='ltr'>votum</span> <span class='ocrx_word' id='word_1_668' title='bbox 1039 4771 1144 4827; x_wconf 91' lang='lat' dir='ltr'>pro</span> <span class='ocrx_word' id='word_1_669' title='bbox 1201 4754 1360 4809; x_wconf 84' lang='lat' dir='ltr'>felici</span> <span class='ocrx_word' id='word_1_670' title='bbox 1417 4755 1664 4812; x_wconf 88' lang='lat' dir='ltr'>introitu</span> <span class='ocrx_word' id='word_1_671' title='bbox 1716 4755 1966 4812; x_wconf 90' lang='lat' dir='ltr'>reddere</span> <span class='ocrx_word' id='word_1_672' title='bbox 1999 4757 2113 4812; x_wconf 88' lang='lat' dir='ltr'>Deo</span> 
     </span>
    </p>
   </div>
   <div class='ocr_carea' id='block_1_100' title="bbox 2225 4660 3878 4734">
    <p class='ocr_par' dir='ltr' id='par_1_100' title="bbox 2225 4660 3878 4734">
     <span class='ocr_line' id='line_1_100' title="bbox 2225 4660 3878 4734; baseline -0.001 -17"><span class='ocrx_word' id='word_1_673' title='bbox 2225 4663 2395 4728; x_wconf 72' lang='grc' dir='ltr'>αὐτὴν</span> <span class='ocrx_word' id='word_1_674' title='bbox 2447 4661 2778 4734; x_wconf 82' lang='grc' dir='ltr'>ὀνομάσασα,</span> <span class='ocrx_word' id='word_1_675' title='bbox 2858 4661 3144 4718; x_wconf 85' lang='grc' dir='ltr'>ἐσκέπτετο</span> <span class='ocrx_word' id='word_1_676' title='bbox 3227 4667 3344 4723; x_wconf 80' lang='grc' dir='ltr'>πῶς</span> <span class='ocrx_word' id='word_1_677' title='bbox 3401 4665 3460 4716; x_wconf 80' lang='grc' dir='ltr'>ἅν</span> <span class='ocrx_word' id='word_1_678' title='bbox 3519 4660 3763 4717; x_wconf 80' lang='grc' dir='ltr'>διάθοιτο</span> <span class='ocrx_word' id='word_1_679' title='bbox 3816 4664 3878 4718; x_wconf 75' lang='grc' dir='ltr'>τὰ</span> 
     </span>
    </p>
   </div>
   <div class='ocr_carea' id='block_1_101' title="bbox 2223 4749 3876 4828">
    <p class='ocr_par' dir='ltr' id='par_1_101' title="bbox 2223 4749 3876 4828">
     <span class='ocr_line' id='line_1_101' title="bbox 2223 4749 3876 4828; baseline -0.001 -21"><span class='ocrx_word' id='word_1_680' title='bbox 2223 4753 2344 4807; x_wconf 84' lang='grc' dir='ltr'>κατ’</span> <span class='ocrx_word' id='word_1_681' title='bbox 2373 4751 2564 4820; x_wconf 73' lang='grc' dir='ltr'>αὐτήν.</span> <span class='ocrx_word' id='word_1_682' title='bbox 2599 4751 2703 4806; x_wconf 84' lang='grc' dir='ltr'>Καὶ</span> <span class='ocrx_word' id='word_1_683' title='bbox 2747 4752 2801 4806; x_wconf 71' lang='grc' dir='ltr'>οἱ</span> <span class='ocrx_word' id='word_1_684' title='bbox 2853 4752 2947 4824; x_wconf 77' lang='grc' dir='ltr'>μὲν</span> <span class='ocrx_word' id='word_1_685' title='bbox 2993 4751 3118 4826; x_wconf 80' lang='grc' dir='ltr'>περὶ</span> <span class='ocrx_word' id='word_1_686' title='bbox 3169 4751 3262 4806; x_wconf 85' lang='grc' dir='ltr'>τὸν</span> <span class='ocrx_word' id='word_1_687' title='bbox 3313 4749 3539 4828; x_wconf 85' lang='grc' dir='ltr'>βασιλέα</span> <span class='ocrx_word' id='word_1_688' title='bbox 3580 4749 3632 4806; x_wconf 78' lang='grc' dir='ltr'>ἐν</span> <span class='ocrx_word' id='word_1_689' title='bbox 3659 4752 3876 4813; x_wconf 85' lang='grc' dir='ltr'>τούτοις</span> 
     </span>
    </p>
   </div>
   <div class='ocr_carea' id='block_1_102' title="bbox 1661 4853 2660 4912">
    <p class='ocr_par' dir='ltr' id='par_1_102' title="bbox 1661 4853 2660 4912">
     <span class='ocr_line' id='line_1_102' title="bbox 1661 4853 2660 4912; baseline -0.007 -1"><span class='ocrx_word' id='word_1_690' title='bbox 1661 4856 2020 4912; x_wconf 75' lang='lat' dir='ltr'>XYLANDBI</span> <span class='ocrx_word' id='word_1_691' title='bbox 2059 4857 2145 4911; x_wconf 87' lang='lat' dir='ltr'><strong>ET</strong></span> <span class='ocrx_word' id='word_1_692' title='bbox 2185 4854 2400 4910; x_wconf 82' lang='lat' dir='ltr'>GOARI</span> <span class='ocrx_word' id='word_1_693' title='bbox 2443 4853 2660 4908; x_wconf 67' lang='lat' dir='ltr'>NOTzE.</span> 
     </span>
    </p>
   </div>
   <div class='ocr_carea' id='block_1_103' title="bbox 539 4951 2114 5026">
    <p class='ocr_par' dir='ltr' id='par_1_103' title="bbox 539 4951 2114 5026">
     <span class='ocr_line' id='line_1_103' title="bbox 539 4951 2114 5026; baseline 0 -18"><span class='ocrx_word' id='word_1_694' title='bbox 539 4952 652 5026; x_wconf 89' lang='grc'>(50)</span> <span class='ocrx_word' id='word_1_695' title='bbox 704 4952 986 5010; x_wconf 86' lang='lat' dir='ltr'>Mundum</span> <span class='ocrx_word' id='word_1_696' title='bbox 1039 4951 1708 5026; x_wconf 9' lang='lat' dir='ltr'>imperatricisgapparet</span> <span class='ocrx_word' id='word_1_697' title='bbox 1737 4953 1940 5026; x_wconf 81' lang='lat' dir='ltr'>fuisse.</span> <span class='ocrx_word' id='word_1_698' title='bbox 1975 4955 2114 5009; x_wconf 80' lang='lat' dir='ltr'>XrL.</span> 
     </span>
    </p>
   </div>
   <div class='ocr_carea' id='block_1_104' title="bbox 462 5024 2115 5096">
    <p class='ocr_par' dir='ltr' id='par_1_104' title="bbox 462 5024 2115 5096">
     <span class='ocr_line' id='line_1_104' title="bbox 462 5024 2115 5096; baseline -0.001 -16"><span class='ocrx_word' id='word_1_699' title='bbox 462 5056 529 5066; x_wconf 89' lang='lat'><strong>—</strong></span> <span class='ocrx_word' id='word_1_700' title='bbox 563 5024 865 5080; x_wconf 76' lang='lat' dir='ltr'>Mediolum</span> <span class='ocrx_word' id='word_1_701' title='bbox 924 5025 1232 5080; x_wconf 80' lang='lat' dir='ltr'>muliebris</span> <span class='ocrx_word' id='word_1_702' title='bbox 1292 5024 1680 5095; x_wconf 83' lang='lat' dir='ltr'>ejusdemque</span> <span class='ocrx_word' id='word_1_703' title='bbox 1727 5024 1903 5096; x_wconf 67' lang='lat' dir='ltr'>regiae</span> <span class='ocrx_word' id='word_1_704' title='bbox 1935 5026 2115 5080; x_wconf 83' lang='lat' dir='ltr'>vestis</span> 
     </span>
    </p>
   </div>
   <div class='ocr_carea' id='block_1_105' title="bbox 464 5095 2112 5166">
    <p class='ocr_par' dir='ltr' id='par_1_105' title="bbox 464 5095 2112 5166">
     <span class='ocr_line' id='line_1_105' title="bbox 464 5095 2112 5166; baseline 0 -16"><span class='ocrx_word' id='word_1_705' title='bbox 464 5113 652 5166; x_wconf 86' lang='lat' dir='ltr'>genus</span> <span class='ocrx_word' id='word_1_706' title='bbox 681 5113 826 5152; x_wconf 84' lang='lat' dir='ltr'>esse.</span> <span class='ocrx_word' id='word_1_707' title='bbox 860 5102 926 5151; x_wconf 90' lang='lat' dir='ltr'>ut</span> <span class='ocrx_word' id='word_1_708' title='bbox 955 5097 1263 5152; x_wconf 88' lang='lat' dir='ltr'>induhium</span> <span class='ocrx_word' id='word_1_709' title='bbox 1318 5102 1508 5150; x_wconf 83' lang='lat' dir='ltr'>textus</span> <span class='ocrx_word' id='word_1_710' title='bbox 1563 5097 1686 5166; x_wconf 86' lang='lat' dir='ltr'>ipse</span> <span class='ocrx_word' id='word_1_711' title='bbox 1732 5095 2112 5162; x_wconf 83' lang='lat' dir='ltr'>manifestat;</span> 
     </span>
    </p>
   </div>
   <div class='ocr_carea' id='block_1_106' title="bbox 465 5167 2113 5237">
    <p class='ocr_par' dir='ltr' id='par_1_106' title="bbox 465 5167 2113 5237">
     <span class='ocr_line' id='line_1_106' title="bbox 465 5167 2113 5237; baseline 0.001 -16"><span class='ocrx_word' id='word_1_712' title='bbox 465 5169 638 5237; x_wconf 79' lang='lat' dir='ltr'>cujus</span> <span class='ocrx_word' id='word_1_713' title='bbox 690 5169 902 5235; x_wconf 80' lang='lat' dir='ltr'>forma,</span> <span class='ocrx_word' id='word_1_714' title='bbox 949 5169 996 5223; x_wconf 90' lang='lat' dir='ltr'>si</span> <span class='ocrx_word' id='word_1_715' title='bbox 1047 5169 1195 5223; x_wconf 86' lang='lat' dir='ltr'>bene</span> <span class='ocrx_word' id='word_1_716' title='bbox 1237 5167 1347 5222; x_wconf 89' lang='lat' dir='ltr'>sim</span> <span class='ocrx_word' id='word_1_717' title='bbox 1381 5175 1686 5222; x_wconf 88' lang='lat' dir='ltr'>assecutus</span> <span class='ocrx_word' id='word_1_718' title='bbox 1717 5184 1786 5221; x_wconf 87' lang='lat' dir='ltr'>ex</span> <span class='ocrx_word' id='word_1_719' title='bbox 1819 5168 2113 5222; x_wconf 90' lang='lat' dir='ltr'>veteribus</span> 
     </span>
    </p>
   </div>
   <div class='ocr_carea' id='block_1_107' title="bbox 463 5239 2112 5309">
    <p class='ocr_par' dir='ltr' id='par_1_107' title="bbox 463 5239 2112 5309">
     <span class='ocr_line' id='line_1_107' title="bbox 463 5239 2112 5309; baseline 0.001 -16"><span class='ocrx_word' id='word_1_720' title='bbox 463 5239 908 5308; x_wconf 78' lang='lat' dir='ltr'>imperati-icum</span> <span class='ocrx_word' id='word_1_721' title='bbox 943 5240 1166 5306; x_wconf 81' lang='lat' dir='ltr'>ﬁguris.</span> <span class='ocrx_word' id='word_1_722' title='bbox 1200 5256 1370 5295; x_wconf 87' lang='lat' dir='ltr'>sacco</span> <span class='ocrx_word' id='word_1_723' title='bbox 1402 5239 1553 5293; x_wconf 87' lang='lat' dir='ltr'>virili</span> <span class='ocrx_word' id='word_1_724' title='bbox 1587 5239 1966 5309; x_wconf 86' lang='lat' dir='ltr'>imperatorio</span> <span class='ocrx_word' id='word_1_725' title='bbox 1992 5257 2112 5295; x_wconf 88' lang='lat' dir='ltr'>non</span> 
     </span>
    </p>
   </div>
   <div class='ocr_carea' id='block_1_108' title="bbox 461 5309 2111 5382">
    <p class='ocr_par' dir='ltr' id='par_1_108' title="bbox 461 5309 2111 5382">
     <span class='ocr_line' id='line_1_108' title="bbox 461 5309 2111 5382; baseline 0.003 -21"><span class='ocrx_word' id='word_1_726' title='bbox 461 5309 572 5382; x_wconf 71' lang='lat' dir='ltr'>fuit</span> <span class='ocrx_word' id='word_1_727' title='bbox 601 5311 895 5367; x_wconf 87' lang='lat' dir='ltr'>absimile.</span> <span class='ocrx_word' id='word_1_728' title='bbox 947 5312 1275 5366; x_wconf 88' lang='lat' dir='ltr'>Distentum</span> <span class='ocrx_word' id='word_1_729' title='bbox 1331 5312 1487 5365; x_wconf 89' lang='lat' dir='ltr'>enim</span> <span class='ocrx_word' id='word_1_730' title='bbox 1541 5317 1667 5366; x_wconf 88' lang='lat' dir='ltr'>erat</span> <span class='ocrx_word' id='word_1_731' title='bbox 1712 5310 2111 5382; x_wconf 88' lang='lat' dir='ltr'>undequaque</span> 
     </span>
    </p>
   </div>
   <div class='ocr_carea' id='block_1_109' title="bbox 460 5379 2113 5454">
    <p class='ocr_par' dir='ltr' id='par_1_109' title="bbox 460 5379 2113 5454">
     <span class='ocr_line' id='line_1_109' title="bbox 460 5379 2113 5454; baseline 0.005 -25"><span class='ocrx_word' id='word_1_732' title='bbox 460 5379 917 5454; x_wconf 74' lang='lat' dir='ltr'>indumentum;</span> <span class='ocrx_word' id='word_1_733' title='bbox 959 5388 1016 5436; x_wconf 88' lang='lat' dir='ltr'>et</span> <span class='ocrx_word' id='word_1_734' title='bbox 1063 5383 1287 5453; x_wconf 82' lang='lat' dir='ltr'>absque</span> <span class='ocrx_word' id='word_1_735' title='bbox 1338 5382 1567 5437; x_wconf 90' lang='lat' dir='ltr'>sinibus</span> <span class='ocrx_word' id='word_1_736' title='bbox 1631 5379 1912 5454; x_wconf 69' lang='lat' dir='ltr'>rigidum,</span> <span class='ocrx_word' id='word_1_737' title='bbox 1955 5379 2113 5438; x_wconf 84' lang='lat' dir='ltr'>circa</span> 
     </span>
    </p>
   </div>
   <div class='ocr_carea' id='block_1_110' title="bbox 461 5447 2113 5526">
    <p class='ocr_par' dir='ltr' id='par_1_110' title="bbox 461 5447 2113 5526">
     <span class='ocr_line' id='line_1_110' title="bbox 461 5447 2113 5526; baseline 0.006 -27"><span class='ocrx_word' id='word_1_738' title='bbox 461 5447 697 5526; x_wconf 66' lang='lat' dir='ltr'>lumbos</span> <span class='ocrx_word' id='word_1_739' title='bbox 728 5455 1055 5526; x_wconf 78' lang='lat' dir='ltr'>astrictum.</span> <span class='ocrx_word' id='word_1_740' title='bbox 1107 5447 1206 5508; x_wconf 54' lang='lat' dir='ltr'>ad&#39;</span> <span class='ocrx_word' id='word_1_741' title='bbox 1237 5455 1420 5523; x_wconf 89' lang='lat' dir='ltr'>pedes</span> <span class='ocrx_word' id='word_1_742' title='bbox 1469 5447 1710 5510; x_wconf 80' lang='lat' dir='ltr'>nonihil</span> <span class='ocrx_word' id='word_1_743' title='bbox 1741 5447 2019 5526; x_wconf 85' lang='lat' dir='ltr'>amplius,</span> <span class='ocrx_word' id='word_1_744' title='bbox 2054 5462 2113 5510; x_wconf 92' lang='lat' dir='ltr'>et</span> 
     </span>
    </p>
   </div>
   <div class='ocr_carea' id='block_1_111' title="bbox 462 5518 2108 5591">
    <p class='ocr_par' dir='ltr' id='par_1_111' title="bbox 462 5518 2108 5591">
     <span class='ocr_line' id='line_1_111' title="bbox 462 5518 2108 5591; baseline 0.005 -19"><span class='ocrx_word' id='word_1_745' title='bbox 462 5518 668 5574; x_wconf 69' lang='lat' dir='ltr'>formas</span> <span class='ocrx_word' id='word_1_746' title='bbox 701 5539 852 5591; x_wconf 88' lang='lat' dir='ltr'>pene</span> <span class='ocrx_word' id='word_1_747' title='bbox 883 5524 1186 5580; x_wconf 83' lang='lat' dir='ltr'>deformis.</span> <span class='ocrx_word' id='word_1_748' title='bbox 1223 5518 1300 5580; x_wconf 81' lang='lat' dir='ltr'>De</span> <span class='ocrx_word' id='word_1_749' title='bbox 1334 5527 1582 5581; x_wconf 85' lang='lat' dir='ltr'>manicis</span> <span class='ocrx_word' id='word_1_750' title='bbox 1614 5527 1693 5580; x_wconf 90' lang='lat' dir='ltr'>ita</span> <span class='ocrx_word' id='word_1_751' title='bbox 1720 5518 1869 5581; x_wconf 75' lang='lat' dir='ltr'>laxis</span> <span class='ocrx_word' id='word_1_752' title='bbox 1900 5533 1963 5580; x_wconf 88' lang='lat' dir='ltr'>ut</span> <span class='ocrx_word' id='word_1_753' title='bbox 1991 5535 2108 5581; x_wconf 84' lang='lat' dir='ltr'>ter-</span> 
     </span>
    </p>
   </div>
   <div class='ocr_carea' id='block_1_112' title="bbox 461 5595 2174 5670">
    <p class='ocr_par' dir='ltr' id='par_1_112' title="bbox 461 5595 2174 5670">
     <span class='ocr_line' id='line_1_112' title="bbox 461 5595 2174 5670; baseline 0.01 -25"><span class='ocrx_word' id='word_1_754' title='bbox 461 5606 593 5670; x_wconf 84' lang='lat' dir='ltr'>ram</span> <span class='ocrx_word' id='word_1_755' title='bbox 619 5606 808 5670; x_wconf 73' lang='lat' dir='ltr'>usque</span> <span class='ocrx_word' id='word_1_756' title='bbox 831 5595 1162 5670; x_wconf 71' lang='lat' dir='ltr'>defluerent</span> <span class='ocrx_word' id='word_1_757' title='bbox 1185 5603 1380 5653; x_wconf 87' lang='lat' dir='ltr'>taceo:</span> <span class='ocrx_word' id='word_1_758' title='bbox 1407 5598 1794 5670; x_wconf 65' lang='lat' dir='ltr'>satisiquippe</span> <span class='ocrx_word' id='word_1_759' title='bbox 1829 5605 1918 5670; x_wconf 79' lang='lat' dir='ltr'>est</span> <span class='ocrx_word' id='word_1_760' title='bbox 1946 5599 2109 5662; x_wconf 80' lang='lat' dir='ltr'>inve-</span> 
     </span>
    </p>
   </div>
   <div class='ocr_carea' id='block_1_113' title="bbox 461 5664 2130 5752">
    <p class='ocr_par' dir='ltr' id='par_1_113' title="bbox 461 5664 2106 5751">
     <span class='ocr_line' id='line_1_113' title="bbox 461 5664 2106 5751; baseline 0.007 -35"><span class='ocrx_word' id='word_1_761' title='bbox 461 5666 702 5718; x_wconf 81' lang='lat' dir='ltr'>nustum</span> <span class='ocrx_word' id='word_1_762' title='bbox 734 5664 881 5720; x_wconf 89' lang='lat' dir='ltr'>illud</span> <span class='ocrx_word' id='word_1_763' title='bbox 911 5667 1088 5737; x_wconf 85' lang='lat' dir='ltr'>quale</span> <span class='ocrx_word' id='word_1_764' title='bbox 1118 5685 1352 5738; x_wconf 83' lang='lat' dir='ltr'>cunque</span> <span class='ocrx_word' id='word_1_765' title='bbox 1402 5664 1637 5725; x_wconf 69' lang='lat' dir='ltr'>vocasse</span> <span class='ocrx_word' id='word_1_766' title='bbox 1678 5664 1999 5751; x_wconf 60' lang='lat' dir='ltr'>mpdiohtm,</span> 
     </span>
    </p>
   </div>
   <div class='ocr_carea' id='block_1_114' title="bbox 2240 5664 3912 5752">
    <p class='ocr_par' dir='ltr' id='par_1_114' title="bbox 2240 5664 3912 5742">
     <span class='ocr_line' id='line_1_114' title="bbox 2240 5664 3912 5742; baseline 0.002 -18"><span class='ocrx_word' id='word_1_767' title='bbox 2240 5664 2342 5741; x_wconf 74' lang='lat' dir='ltr'>[uo</span> <span class='ocrx_word' id='word_1_768' title='bbox 2364 5664 2608 5742; x_wconf 76' lang='lat' dir='ltr'>uxorem</span> <span class='ocrx_word' id='word_1_769' title='bbox 2642 5667 2852 5728; x_wconf 83' lang='lat' dir='ltr'>Leonis</span> <span class='ocrx_word' id='word_1_770' title='bbox 2874 5670 3124 5742; x_wconf 24' lang='lat' dir='ltr'>notarit...</span> <span class='ocrx_word' id='word_1_771' title='bbox 3147 5671 3296 5742; x_wconf 60' lang='lat' dir='ltr'>lin;-</span> <span class='ocrx_word' id='word_1_772' title='bbox 3320 5701 3386 5715; x_wconf 81' lang='lat'>-</span> <span class='ocrx_word' id='word_1_773' title='bbox 3417 5664 3864 5737; x_wconf 59' lang='lat' dir='ltr'>Quibus&#39;scoin—</span> <span class='ocrx_word' id='word_1_774' title='bbox 3905 5723 3912 5728; x_wconf 81' lang='lat'>.</span> 
     </span>
    </p>
   </div>
   <div class='ocr_carea' id='block_1_115' title="bbox 2223 4949 3876 5022">
    <p class='ocr_par' dir='ltr' id='par_1_115' title="bbox 2223 4949 3876 5022">
     <span class='ocr_line' id='line_1_115' title="bbox 2223 4949 3876 5022; baseline 0.002 -16"><span class='ocrx_word' id='word_1_775' title='bbox 2223 4951 2456 5022; x_wconf 79' lang='lat' dir='ltr'>modioli</span> <span class='ocrx_word' id='word_1_776' title='bbox 2486 4949 2636 5005; x_wconf 86' lang='lat' dir='ltr'>vasis</span> <span class='ocrx_word' id='word_1_777' title='bbox 2667 4951 2881 5022; x_wconf 88' lang='lat' dir='ltr'>potorii</span> <span class='ocrx_word' id='word_1_778' title='bbox 2915 4951 2988 5007; x_wconf 85' lang='lat' dir='ltr'>ad</span> <span class='ocrx_word' id='word_1_779' title='bbox 3035 4968 3336 5008; x_wconf 85' lang='lat' dir='ltr'>summurn</span> <span class='ocrx_word' id='word_1_780' title='bbox 3386 4951 3549 5020; x_wconf 81' lang='lat' dir='ltr'>elati,</span> <span class='ocrx_word' id='word_1_781' title='bbox 3579 4957 3648 5022; x_wconf 87' lang='lat' dir='ltr'>ut</span> <span class='ocrx_word' id='word_1_782' title='bbox 3681 4953 3876 5010; x_wconf 82' lang='lat' dir='ltr'>Vitru-</span> 
     </span>
    </p>
   </div>
   <div class='ocr_carea' id='block_1_116' title="bbox 2223 5021 3878 5093">
    <p class='ocr_par' dir='ltr' id='par_1_116' title="bbox 2223 5021 3878 5093">
     <span class='ocr_line' id='line_1_116' title="bbox 2223 5021 3878 5093; baseline 0.002 -18"><span class='ocrx_word' id='word_1_783' title='bbox 2223 5024 2350 5077; x_wconf 89' lang='lat' dir='ltr'>vius</span> <span class='ocrx_word' id='word_1_784' title='bbox 2376 5021 2750 5093; x_wconf 29' lang='lat' dir='ltr'>loquitur.’et</span> <span class='ocrx_word' id='word_1_785' title='bbox 2771 5040 2977 5078; x_wconf 91' lang='lat' dir='ltr'>rursus</span> <span class='ocrx_word' id='word_1_786' title='bbox 2999 5023 3072 5079; x_wconf 91' lang='lat' dir='ltr'>ad</span> <span class='ocrx_word' id='word_1_787' title='bbox 3094 5024 3280 5079; x_wconf 91' lang='lat' dir='ltr'>imum</span> <span class='ocrx_word' id='word_1_788' title='bbox 3305 5021 3650 5078; x_wconf 87' lang='lat' dir='ltr'>revertentis</span> <span class='ocrx_word' id='word_1_789' title='bbox 3684 5023 3878 5079; x_wconf 81' lang='lat' dir='ltr'>imita-</span> 
     </span>
    </p>
   </div>
   <div class='ocr_carea' id='block_1_117' title="bbox 2225 5094 3874 5166">
    <p class='ocr_par' dir='ltr' id='par_1_117' title="bbox 2225 5094 3874 5166">
     <span class='ocr_line' id='line_1_117' title="bbox 2225 5094 3874 5166; baseline 0.002 -18"><span class='ocrx_word' id='word_1_790' title='bbox 2225 5095 2442 5148; x_wconf 80' lang='lat' dir='ltr'>tionem</span> <span class='ocrx_word' id='word_1_791' title='bbox 2469 5094 2884 5166; x_wconf 78' lang='lat' dir='ltr'>compositum.</span> <span class='ocrx_word' id='word_1_792' title='bbox 2941 5100 3021 5150; x_wconf 80' lang='lat' dir='ltr'>An</span> <span class='ocrx_word' id='word_1_793' title='bbox 3070 5097 3209 5166; x_wconf 85' lang='lat' dir='ltr'>quia</span> <span class='ocrx_word' id='word_1_794' title='bbox 3236 5096 3668 5166; x_wconf 75' lang='lat' dir='ltr'>modimpe-rator</span> <span class='ocrx_word' id='word_1_795' title='bbox 3697 5109 3874 5150; x_wconf 84' lang='lat' dir='ltr'>voca-</span> 
     </span>
    </p>
   </div>
   <div class='ocr_carea' id='block_1_118' title="bbox 2223 5165 3874 5238">
    <p class='ocr_par' dir='ltr' id='par_1_118' title="bbox 2223 5165 3874 5238">
     <span class='ocr_line' id='line_1_118' title="bbox 2223 5165 3874 5238; baseline 0.001 -17"><span class='ocrx_word' id='word_1_796' title='bbox 2223 5172 2407 5228; x_wconf 81' lang='lat' dir='ltr'>retur.</span> <span class='ocrx_word' id='word_1_797' title='bbox 2442 5165 2542 5235; x_wconf 89' lang='lat' dir='ltr'>qui</span> <span class='ocrx_word' id='word_1_798' title='bbox 2573 5165 2730 5238; x_wconf 77' lang='lat' dir='ltr'>leges</span> <span class='ocrx_word' id='word_1_799' title='bbox 2781 5167 3037 5221; x_wconf 88' lang='lat' dir='ltr'>convivis</span> <span class='ocrx_word' id='word_1_800' title='bbox 3093 5165 3251 5222; x_wconf 84' lang='lat' dir='ltr'>inter</span> <span class='ocrx_word' id='word_1_801' title='bbox 3287 5167 3497 5238; x_wconf 84' lang='lat' dir='ltr'>pocula</span> <span class='ocrx_word' id='word_1_802' title='bbox 3527 5167 3772 5233; x_wconf 85' lang='lat' dir='ltr'>diceret,</span> <span class='ocrx_word' id='word_1_803' title='bbox 3807 5183 3874 5222; x_wconf 80' lang='lat' dir='ltr'>ac</span> 
     </span>
    </p>
   </div>
   <div class='ocr_carea' id='block_1_119' title="bbox 2221 5237 3872 5310">
    <p class='ocr_par' dir='ltr' id='par_1_119' title="bbox 2221 5237 3872 5310">
     <span class='ocr_line' id='line_1_119' title="bbox 2221 5237 3872 5310; baseline -0.001 -18"><span class='ocrx_word' id='word_1_804' title='bbox 2221 5243 2535 5310; x_wconf 81' lang='lat' dir='ltr'>prOpterea</span> <span class='ocrx_word' id='word_1_805' title='bbox 2566 5237 2762 5292; x_wconf 80' lang='lat' dir='ltr'>Graece</span> <span class='ocrx_word' id='word_1_806' title='bbox 2782 5239 3186 5310; x_wconf 69' lang='lat' dir='ltr'>imper-atrices</span> <span class='ocrx_word' id='word_1_807' title='bbox 3209 5237 3872 5310; x_wconf 73' lang='lat' dir='ltr'>modiolumsibivindi-</span> 
     </span>
    </p>
   </div>
   <div class='ocr_carea' id='block_1_120' title="bbox 2221 5308 3866 5379">
    <p class='ocr_par' dir='ltr' id='par_1_120' title="bbox 2221 5308 3866 5379">
     <span class='ocr_line' id='line_1_120' title="bbox 2221 5308 3866 5379; baseline -0.001 -15"><span class='ocrx_word' id='word_1_808' title='bbox 2221 5308 2352 5365; x_wconf 81' lang='lat' dir='ltr'>care</span> <span class='ocrx_word' id='word_1_809' title='bbox 2383 5309 2768 5374; x_wconf 85' lang='lat' dir='ltr'>decreverint,</span> <span class='ocrx_word' id='word_1_810' title='bbox 2804 5309 2948 5364; x_wconf 87' lang='lat' dir='ltr'>mihi</span> <span class='ocrx_word' id='word_1_811' title='bbox 3000 5311 3436 5379; x_wconf 75' lang='lat' dir='ltr'>incompertum</span> <span class='ocrx_word' id='word_1_812' title='bbox 3465 5316 3572 5364; x_wconf 86' lang='lat' dir='ltr'>est.</span> <span class='ocrx_word' id='word_1_813' title='bbox 3609 5308 3720 5364; x_wconf 81' lang='lat' dir='ltr'>Alii</span> <span class='ocrx_word' id='word_1_814' title='bbox 3753 5309 3866 5364; x_wconf 84' lang='lat' dir='ltr'>mi-</span> 
     </span>
    </p>
   </div>
   <div class='ocr_carea' id='block_1_121' title="bbox 2221 5375 3895 5452">
    <p class='ocr_par' dir='ltr' id='par_1_121' title="bbox 2221 5375 3895 5452">
     <span class='ocr_line' id='line_1_121' title="bbox 2221 5375 3895 5452; baseline 0.001 -16"><span class='ocrx_word' id='word_1_815' title='bbox 2221 5387 2368 5436; x_wconf 87' lang='lat' dir='ltr'>tram</span> <span class='ocrx_word' id='word_1_816' title='bbox 2401 5387 2700 5450; x_wconf 85' lang='lat' dir='ltr'>exponunt</span> <span class='ocrx_word' id='word_1_817' title='bbox 2727 5398 2739 5434; x_wconf 91' lang='lat'>:</span> <span class='ocrx_word' id='word_1_818' title='bbox 2773 5386 2832 5435; x_wconf 87' lang='lat' dir='ltr'>at</span> <span class='ocrx_word' id='word_1_819' title='bbox 2861 5399 2995 5436; x_wconf 90' lang='lat' dir='ltr'>cum</span> <span class='ocrx_word' id='word_1_820' title='bbox 3022 5375 3400 5452; x_wconf 67' lang='grc' dir='ltr'>περιϐάλλειν,</span> <span class='ocrx_word' id='word_1_821' title='bbox 3424 5397 3540 5435; x_wconf 89' lang='lat' dir='ltr'>non</span> <span class='ocrx_word' id='word_1_822' title='bbox 3573 5379 3644 5434; x_wconf 91' lang='lat' dir='ltr'>de</span> <span class='ocrx_word' id='word_1_823' title='bbox 3676 5381 3895 5450; x_wconf 56' lang='lat' dir='ltr'>capite.</span> 
     </span>
    </p>
   </div>
   <div class='ocr_carea' id='block_1_122' title="bbox 2219 5452 3869 5523">
    <p class='ocr_par' dir='ltr' id='par_1_122' title="bbox 2219 5452 3869 5523">
     <span class='ocr_line' id='line_1_122' title="bbox 2219 5452 3869 5523; baseline -0.002 -13"><span class='ocrx_word' id='word_1_824' title='bbox 2219 5454 2320 5510; x_wconf 90' lang='lat' dir='ltr'>sed</span> <span class='ocrx_word' id='word_1_825' title='bbox 2348 5452 2418 5506; x_wconf 91' lang='lat' dir='ltr'>de</span> <span class='ocrx_word' id='word_1_826' title='bbox 2443 5467 2694 5523; x_wconf 83' lang='lat' dir='ltr'>corpore</span> <span class='ocrx_word' id='word_1_827' title='bbox 2725 5453 3023 5523; x_wconf 81' lang='lat' dir='ltr'>efferatur,</span> <span class='ocrx_word' id='word_1_828' title='bbox 3051 5453 3122 5509; x_wconf 87' lang='lat' dir='ltr'>ab</span> <span class='ocrx_word' id='word_1_829' title='bbox 3145 5454 3324 5509; x_wconf 85' lang='lat' dir='ltr'>allata</span> <span class='ocrx_word' id='word_1_830' title='bbox 3350 5453 3421 5507; x_wconf 89' lang='lat' dir='ltr'>de</span> <span class='ocrx_word' id='word_1_831' title='bbox 3451 5455 3605 5507; x_wconf 88' lang='lat' dir='ltr'>veste</span> <span class='ocrx_word' id='word_1_832' title='bbox 3635 5458 3869 5506; x_wconf 86' lang='lat' dir='ltr'>senten-</span> 
     </span>
    </p>
   </div>
   <div class='ocr_carea' id='block_1_123' title="bbox 2217 5522 3660 5580">
    <p class='ocr_par' dir='ltr' id='par_1_123' title="bbox 2217 5522 3660 5580">
     <span class='ocr_line' id='line_1_123' title="bbox 2217 5522 3660 5580; baseline -0.003 0"><span class='ocrx_word' id='word_1_833' title='bbox 2217 5527 2298 5580; x_wconf 89' lang='lat' dir='ltr'>tia</span> <span class='ocrx_word' id='word_1_834' title='bbox 2329 5539 2444 5578; x_wconf 87' lang='lat' dir='ltr'>non</span> <span class='ocrx_word' id='word_1_835' title='bbox 2473 5522 2732 5580; x_wconf 84' lang='lat' dir='ltr'>discedo.</span> <span class='ocrx_word' id='word_1_836' title='bbox 2765 5525 2936 5579; x_wconf 69' lang='lat' dir='ltr'>601m.</span> <span class='ocrx_word' id='word_1_837' title='bbox 3171 5539 3174 5542; x_wconf 84' lang='grc'><strong>·</strong></span> <span class='ocrx_word' id='word_1_838' title='bbox 3655 5531 3660 5534; x_wconf 85' lang='grc'><strong>’</strong></span> 
     </span>
    </p>
   </div>
   <div class='ocr_carea' id='block_1_124' title="bbox 2289 5593 3937 5670">
    <p class='ocr_par' dir='ltr' id='par_1_124' title="bbox 2289 5593 3937 5670">
     <span class='ocr_line' id='line_1_124' title="bbox 2289 5593 3937 5670; baseline -0.006 -19"><span class='ocrx_word' id='word_1_839' title='bbox 2289 5597 2402 5667; x_wconf 79' lang='grc'>(51)</span> <span class='ocrx_word' id='word_1_840' title='bbox 2429 5595 2858 5670; x_wconf 79' lang='lat' dir='ltr'>Jocum_aute1_n</span> <span class='ocrx_word' id='word_1_841' title='bbox 2880 5597 2941 5652; x_wconf 85' lang='lat' dir='ltr'>in</span> <span class='ocrx_word' id='word_1_842' title='bbox 2959 5597 3206 5661; x_wconf 77' lang='lat' dir='ltr'>nomine</span> <span class='ocrx_word' id='word_1_843' title='bbox 3229 5599 3408 5662; x_wconf 82' lang='lat' dir='ltr'>Barce</span> <span class='ocrx_word' id='word_1_844' title='bbox 3433 5605 3551 5670; x_wconf 75' lang='lat' dir='ltr'>non</span> <span class='ocrx_word' id='word_1_845' title='bbox 3576 5593 3862 5666; x_wconf 69' lang='lat' dir='ltr'>intelligo,</span> <span class='ocrx_word' id='word_1_846' title='bbox 3932 5635 3937 5641; x_wconf 92' lang='lat'>.</span> 
     </span>
    </p>
   </div>
  </div>
