4148 6212
283 341 402 410 933

1434 334 1974 403 HISTORIARUM
2017 336 2560 403 COMPENDIUM.

3574 345 3696 408 934

278 476 440 548 ἦσαν,
473 475 504 532 6
534 471 593 531 δὲ
619 472 873 550 τύραννος
921 469 1011 529 διὰ
1060 476 1163 543 τῆς
1222 473 1445 547 Χρυσῆς
1495 470 1709 546 πόρτης
1764 469 1926 549 εὔφη.

2044 471 2241 539 vellet,
2273 478 2495 530 vestem
2522 489 2642 546 qua
2679 472 2831 532 forte
2879 473 3125 531 indutus
3183 480 3311 533 erat
3366 477 3696 551 deponens,

285 564 557 641 μούμενος
589 563 694 621 ὑπό
721 585 781 621 τε
806 568 905 620 τοῦ
940 565 1174 640 στρατοῦ
1202 559 1292 617 καί
1320 565 1418 616 τοῦ
1476 557 1659 634 δήμου
1715 561 1805 617 καί
1834 566 1936 630 τῆς

279 654 594 733 συγκλήτου
624 652 791 725 ἦλθεν
810 654 888 717 εἰς
916 654 1012 710 τὸν
1042 652 1095 708 ἐν
1138 656 1256 715 τοῖς
1314 648 1585 707 Στουδίου
1645 654 1744 707 τοῦ
1802 655 1939 727 Προ-

281 743 493 821 δρόμου
520 744 670 814 ναὸν,
716 743 962 806 κάκεῖθεν
1010 738 1483 819 δορυφορούμενος
1545 733 1815 795 κατέλαϐε
1868 738 1939 794 τά

284 834 558 911 βασίλεια.
591 832 829 891 Μέλλων
887 830 946 889 δὲ
997 826 1355 907 ἐπιϐατήριον
1402 829 1573 905 εὐχὴν
1604 832 1721 904 (52)
1777 826 1828 883 ἒν
1856 831 1937 900 τῷ

284 925 477 1000 χρυσῷ
506 922 773 1000 τρικλίνῳ
805 920 1101 978 ἀποδοῦναι
1148 926 1230 992 τῷ
1279 924 1418 993 Θεῷ,
1476 915 1839 991 ἐκδυσάμενος
1868 916 1936 987 ἢν

281 1008 447 1089 ἔτυχε
502 1017 686 1093 φορῶν
735 1010 934 1074 ἐσθῆτα
988 1009 1294 1086 παρέσχετο
1349 1012 1431 1081 τῷ
1467 1013 1575 1064 τῶν
1608 1004 1937 1079 ἱπποκόμων

283 1101 629 1174 στρατεύοντι
688 1099 943 1177 Μιχαὴλ.
997 1100 1207 1159 Τούτου
1276 1095 1332 1154 δὲ
1387 1097 1560 1168 αὐτὴν
1633 1096 1684 1167 ἐξ
1769 1094 1939 1163 αὐτῆς

286 1189 727 1269 ἀμφιασαμίνου,
756 1188 951 1252 οἰωνὸς
982 1181 1130 1259 ἔδοξε
1182 1187 1247 1242 τὸ
1303 1186 1528 1263 γεγονὸς
1569 1190 1687 1249 τοῖς
1746 1195 1939 1248 θεασαο

2044 562 2331 620 Michaelo
2363 564 2717 635 equisonum
2734 567 3012 639 prarfecto
3034 567 3276 624 tradidit
3295 587 3309 635 ;
3331 571 3432 641 qui
3464 576 3521 626 et
3540 570 3697 627 illico

2044 667 2178 708 eam
2204 652 2420 709 induit.
2444 654 2607 719 Quod
2630 656 2728 726 qui
2763 655 3055 723 viderunt,
3088 674 3264 712 omen
3295 675 3424 715 esse
3454 660 3699 733 gerendi

2044 746 2180 813 post
2210 741 2464 798 Leonem
2496 742 2780 798 Michaelo
2810 744 3045 816 imperii
3078 752 3458 804 censuerunt.
3478 749 3698 804 Etcum

2046 828 2159 884 Leo
2185 829 2303 885 alia
2331 835 2490 885 veste
2511 832 2764 887 amictus
2794 831 2853 887 in
2897 832 3179 905 templum
3212 835 3544 891 Palatinum
3566 853 3701 908 per-

2046 924 2230 991 geret,
2261 935 2518 991 sequens
2548 937 2583 976 a
2618 926 2779 993 tergo
2840 921 3000 977 idem
3059 923 3400 995 Michaelus,
3433 925 3574 980 dum
3621 925 3704 980 in-

2047 1009 2280 1064 cautius
2311 1016 2370 1064 et
2402 1016 2621 1065 temere
2652 1009 2937 1081 graditur,
2971 1029 3136 1068 oram
3182 1014 3580 1086 imperatoriae
3603 1032 3699 1071 ve-

2050 1098 2157 1153 stis
2189 1097 2455 1154 calcavit.
2487 1098 2653 1164 Quod
2682 1116 2789 1171 pro
2822 1099 3065 1155 sinistro
3095 1103 3294 1159 omine
3316 1104 3425 1160 Leo
3453 1107 3701 1177 accepit,

2048 1202 2229 1241 novas
2260 1187 2420 1242 hunc
2443 1185 2762 1258 aliquando
2813 1205 2906 1244 res
2937 1189 3283 1246 moliturum
3315 1194 3697 1265 praesagiens.

307 1281 486 1354 μὲνοις
518 1280 593 1342 ὡς
625 1279 762 1354 μετά
792 1276 991 1335 Λέοντα
1017 1286 1119 1346 τῆς
1153 1275 1430 1353 βασιλείας
1465 1272 1628 1339 αὒτὸς
1657 1269 1996 1342 ἑπιϐησεται.
2043 1273 2262 1347 Ἱ-Ϊτέραν
2323 1269 2380 1330 δὲ
2439 1270 2839 1347 μεταλαϐόντος
2897 1274 3095 1345 ἐσθῆτα
3149 1282 3246 1332 τοῦ
3308 1279 3575 1355 βασιλέως
3608 1280 3699 1336 καὶ

297 1369 553 1431 ἀπιόντος
576 1368 653 1431 εἰς
680 1369 772 1425 τὸν
804 1365 857 1423 ἐν
883 1371 963 1440 τῷ
981 1364 1234 1434 παλατίῳ
1262 1364 1418 1428 νεὼν,
1450 1359 1666 1421 ὄπισθεν
1696 1363 1724 1419 6
1757 1358 1994 1438 Μιχαὴλ
2028 1364 2140 1437 (53)
2167 1357 2432 1436 ἱπόμενος
2492 1364 2582 1419 καὶ
2646 1362 2996 1440 ἀπροσέκτως
3052 1365 3251 1442 βαίνων
3293 1367 3382 1423 καὶ
3414 1375 3700 1443 προπετῶς

291 1459 356 1514 τὸ
386 1458 551 1535 ἄκρον
579 1464 681 1527 τῆς
717 1453 1011 1532 βασιλικῆς
1040 1453 1268 1525 ἐσθῆτος
1311 1453 1567 1524 ἐπάτησε
1603 1456 1768 1509 τοῦτο
1798 1453 1964 1507 κακὸν
1997 1450 2189 1507 οἰωνὸν
2240 1452 2268 1508 6
2316 1450 2466 1508 Λέων
2521 1454 2793 1528 ἠγησατο,
2849 1454 2938 1509 καὶ
2995 1457 3355 1532 νεωτερισμὸν
3408 1456 3619 1513 ’ἐσεσθαι
3648 1457 3697 1529 ἐξ

290 1546 457 1603 αὐτού
485 1546 962 1611 καθυπώπτευσενο

355 1634 711 1698 Εἰσελθόντος
743 1631 802 1691 δὶ
831 1632 986 1708 ὅμως
1012 1637 1112 1690 τοῦ
1147 1633 1408 1709 τυράννου
1439 1631 1516 1692 είς
1568 1631 1635 1686 τὰ
1681 1629 1934 1707 βασίλεια

272 1723 369 1780 καὶ
394 1727 496 1795 τὴν
527 1722 896 1801 ἀπραγμόνως
926 1719 1216 1797 διδομένην
1273 1721 1426 1794 αύτῷ
1489 1717 1766 1797 βασιλείαν
1798 1720 1934 1795 μετὰ

274 1813 618 1890 πραγμάτων
676 1812 767 1868 καὶ
823 1818 1072 1889 ταραχῆς
1138 1810 1200 1867 οὐ
1254 1814 1453 1888 μικρᾶς
1502 1810 1932 1885 κατεσχηκότος,

276 1900 512 1979 Μιχαὴλ
543 1903 572 1959 6
607 1900 862 1980 βασιλεὺς
889 1901 979 1957 καὶ
1011 1905 1047 1972 ὴ
1090 1899 1338 1964 σύνευνος
1388 1897 1666 1975 Προκοπία
1693 1897 1785 1954 σὺν
1814 1902 1934 1962 τοῖς

278 1995 558 2073 σφετὲροις
586 1992 772 2049 παισίν
804 1992 882 2056 εἷς
903 1992 995 2048 τὸν
1027 1998 1128 2062 τῆς
1158 1989 1428 2047 Θεοτόκου
1491 1989 1617 2046 ναὸν
1653 1989 1712 2052 ὅς
1746 1987 1932 2064 Φάρος

2116 1634 2385 1707 Ingresso
2418 1632 2479 1688 in
2508 1634 2729 1708 regiam
2763 1635 2976 1704 Leone,
3009 1636 3241 1709 sibique
3272 1637 3501 1711 placide
3520 1638 3696 1696 obla-

2042 1724 2503 1796 tumimperium
2533 1740 2653 1780 non
2680 1726 2809 1781 sine
2839 1726 3091 1798 negotiis
3120 1734 3182 1783 et
3210 1745 3421 1803 magno
3446 1730 3700 1787 tumultu

2042 1820 2391 1886 occupante,
2418 1813 2738 1870 Michaelus
2768 1815 3072 1873 Rancabes
3103 1834 3237 1874 cum
3271 1835 3453 1874 uxore
3484 1821 3696 1876 Proco-

2041 1902 2142 1975 pia
2168 1908 2229 1958 et
2255 1901 2461 1959 liberis
2492 1904 2554 1958 in
2584 1902 2792 1960 fanum
2825 1905 3118 1978 Deiparte.
3169 1907 3328 1979 quod
3350 1909 3576 1966 Pharus
3607 1910 3700 1966 di-

2043 1993 2216 2057 citur,
2245 1992 2622 2066 supplicandi
2654 2010 2832 2050 causa
2854 2012 2915 2050 se
2941 1995 3344 2053 contulerunt.
3369 1998 3525 2063 Quos
3556 1999 3694 2055 inde

288 2070 719 2156 κατονομάζεται
771 2078 1176 2162 προσφυγόντες
1248 2079 1422 2136 ἱκέται
1489 2079 1757 2157 γίνονται.
1817 2077 1926 2142 Οὓς

2039 2081 2274 2139 avulsos
2306 2082 2417 2139 Leo
2451 2082 2733 2156 sejunxit,
2793 2100 2861 2139 ac
2917 2085 3270 2142 Michaelum
3330 2087 3573 2158 quidem
3634 2089 3695 2143 in

286 2172 482 2228 ἐκεῖθεν
515 2171 830 2235 ἀποσπάσας
861 2171 889 2226 6
920 2169 1176 2243 τύραννος
1203 2169 1295 2226 ἀπ’
1336 2168 1604 2241 ἀλλήλων
1657 2166 1927 2239 διὲστησε,

277 2262 370 2318 καὶ
404 2258 636 2342 Μιχαὴλ
671 2264 768 2336 μὲν
810 2260 1098 2336 ὑπερόριον
1161 2259 1213 2314 ἰν
1272 2264 1352 2332 τῷ
1407 2258 1544 2315 κατὰ
1601 2259 1704 2329 τὴν
1761 2263 1924 2327 νῆσον

275 2350 505 2425 Πρώτην
538 2350 889 2425 μοναστηρίῳ
922 2348 1244 2420 ἐποιήσατο,
1303 2348 1357 2403 ἐν
1390 2349 1436 2420 ᾧ
1494 2348 1592 2416 τὴν
1651 2347 1923 2418 κοσμικὴν

271 2440 605 2517 ἀποθέμενος
662 2442 832 2519 τρίχα
915 2439 1010 2496 τὸν
1068 2437 1264 2495 λοιπὸν
1335 2445 1436 2507 τῆς
1506 2442 1653 2508 ζωῆς
1707 2433 1926 2508 διήνυσε

277 2529 499 2606 χρόνον,
524 2536 663 2607 θεοφ
678 2527 900 2586 ὖλακτον
937 2525 997 2583 δί
1050 2527 1143 2583 τὸν
1187 2521 1552 2604 πρεσϐύτερον
1591 2529 1702 2581 τῶν
1728 2524 1926 2580 τούτου

270 2621 406 2674 υἱῶν
438 2616 680 2691 ἐκτεμὼν
729 2617 938 2690 συνάμα
992 2621 1063 2692 τῇ
1124 2617 1291 2688 μητρί
1356 2614 1453 2671 καὶ
1489 2619 1608 2677 τοῖς
1664 2610 1925 2694 ἀδελφοῖς

269 2705 453 2783 ἰξορίᾳ
480 2705 848 2782 παρέπεμψεν.
881 2704 952 2761 06
1000 2703 1277 2778 παρελκον
1336 2700 1396 2760 δὲ
1446 2701 1579 2767 ἴσως
1638 2702 1926 2777 ἱστορῆσαι

268 2797 360 2854 καὶ
385 2798 535 2855 ὅπως
564 2801 646 2870 τῷ
686 2794 905 2873 βασιλεῖ
959 2792 1199 2871 Μιχαὴλ
1255 2789 1676 2869 προδεδήλωται
1734 2794 1770 2863 ἡ
1826 2798 1927 2863 τῆς

276 2886 557 2965 βασιλείας
588 2881 846 2957 ἀποϐολὴ
858 2927 871 2942 .

353 2972 618 3047 Παιδίσκη
649 2995 733 3037 τις
762 2975 830 3045 ἦν
863 2972 1147 3049 οἰκογενὴς
1175 2976 1256 3045 τῷ
1311 2968 1565 3051 Μιχαὴλ⁸
1593 2970 1731 3042 αὓτη
1785 2971 1922 3027 κατὰ

275 3065 372 3129 τάς
431 3063 754 3135 σεληνιικάς
812 3059 1068 3126 συνόδους
1143 3064 1302 3118 παθει
1388 3060 1585 3135 μανίας
1640 3059 1923 3131 ﬁlius-ro;

286 3155 482 3213 Ὁπότε
534 3157 666 3230 γοῦν
715 3150 874 3227 ἁλῴη
929 3157 1012 3226 τῷ
1056 3153 1237 3220 πάθει,
1286 3150 1363 3214 εἰς
1407 3152 1575 3207 τόπον
1646 3148 1925 3227 ἐρχομένη

275 3245 331 3304 ἓν
363 3248 410 3321 ᾧ
451 3246 582 3323 βοῦς
603 3268 663 3304 τε
686 3245 774 3302 καί
808 3243 950 3301 λέων
980 3242 1231 3321 ’ίδρυνται
1288 3241 1492 3308 λίθινοι
1541 3241 1670 3311 (κάκ
1718 3243 1924 3299 τούτων

274 3330 398 3411 ἔχει
425 3339 526 3408 τὴν
553 3334 930 3412 προσηγορίαν
970 3335 1000 3390 6
1027 3333 1224 3404 τόπος,
1277 3330 1596 3391 Βουκολέων
1655 3330 1926 3406 ὀνομαζό-

2033 2174 2227 2228 Protaa
2259 2171 2470 2227 insulae
2501 2173 2932 2229 monasterium
2965 2173 3298 2247 deportavit
3326 2175 3425 2230 ubi
3452 2177 3504 2231 is
3526 2193 3697 2232 coma

2036 2278 2191 2329 rasa,
2225 2262 2362 2318 huic
2394 2262 2611 2318 saeculo
2667 2262 3021 2331 valedicens,
3050 2265 3343 2337 rsliquum
3398 2265 3528 2321 vita:
3572 2283 3700 2322 exe-

2033 2352 2698 2425 git;Theophylactum
2758 2357 2961 2407 autem
3020 2360 3164 2408 natu
3225 2370 3516 2425 maJorem
3566 2356 3695 2426 ejus

2036 2440 2229 2496 illium
2252 2446 2572 2494 castratum
2604 2455 2739 2496 cum
2770 2447 2960 2495 matre
2989 2444 3046 2495 et
3076 2441 3357 2497 fratribus
3388 2442 3684 2515 relegavit.

2035 2528 2189 2585 849
2228 2528 2519 2584 Fortassis
2546 2545 3050 2600 supervacaneum
3092 2546 3210 2585 non
3242 2530 3422 2585 fuerit
3449 2546 3692 2585 narrare

2036 2634 2152 2691 quo
2175 2622 2345 2691 pacto
2378 2616 2668 2674 Rancabm
2700 2617 2938 2692 imperii
2970 2619 3216 2676 amissio
3267 2619 3448 2675 tuerit
3476 2619 3692 2693 praedi--

2035 2713 2150 2764 cta.

2105 2977 2370 3036 Habebat
2380 2994 2622 3034 vernam
2635 2978 2955 3051 quamdam
2972 2979 3394 3053 puellam,qua3
3416 2978 3525 3036 sub
3542 2979 3697 3036 lunm

2035 3084 2171 3124 cum
2196 3067 2320 3124 sole
2340 3068 2501 3123 coitu
2515 3066 2711 3124 furore
2729 3084 2794 3140 pe
2806 3068 3255 3136 rciebatnr.Quo
3276 3068 3449 3125 modo
3483 3070 3695 3126 affecta

2037 3156 2111 3214 ad
2138 3156 2335 3212 locum
2358 3158 2453 3213 cui
2475 3157 2793 3214 Bucoleoni
2815 3174 2851 3214 a
2874 3156 3019 3214 bove
3049 3158 3208 3216 850
3231 3164 3291 3215 et
3312 3159 3483 3215 leone
3499 3159 3693 3215 saxeis

2032 3246 2117 3302 ibi
2144 3245 2437 3302 dedicatis
2459 3263 2680 3303 nomen
2703 3253 2882 3309 est,se
2899 3248 3235 3307 conferens.
3260 3254 3534 3304 contente
3554 3265 3693 3304 voce

2043 3335 2116 3390 ad
2138 3335 2559 3408 imperatorem
2596 3335 2923 3393 clamabat:
2960 3359 2987 3388 ‹‹
3020 3337 3345 3407 Descende,
3378 3337 3695 3406 descende,

274 3427 456 3501 μενος)
490 3421 619 3481 ἰόόα
640 3424 984 3503 γεγωνοτὲρᾳ
996 3428 1151 3503 φωνῇ
1174 3423 1310 3498 πρὸς
1340 3422 1432 3478 τὸν
1461 3420 1708 3515 βασιλέα*
1734 3447 1761 3515 ιι
1788 3422 1926 3480 Κάτ-

2039 3425 2185 3481 cede
2211 3424 2425 3481 alienis
2455 3448 2481 3474 ιι
2508 3425 2628 3481 Hoc
2659 3442 3068 3498 saepenumero
3100 3428 3320 3483 tactum
3352 3426 3697 3499 imperatori

268 3513 411 3575 ελθε.
443 3510 693 3582 κάτελθε,
723 3511 1006 3588 ὑποχώρει
1055 3515 1163 3566 τῶν
1195 3512 1277 3586 [Ρ.
1338 3511 1466 3583 486]
1524 3507 1857 3581 ἀλλοτρίων.
1895 3533 1918 3563 ι

266 3604 445 3660 Τοῦτο
472 3601 745 3665 πολλάκις
772 3600 1056 3678 γινόμενον
1086 3593 1300 3672 θάμϐος
1323 3597 1551 3653 ἐνεποίει
1571 3602 1650 3670 τῷ
1685 3596 1925 3674 βασιλεῖ,

265 3691 355 3746 ναὶ
388 3689 466 3753 εἷς
496 3687 784 3769 φροντίδας
817 3689 880 3745 ού
910 3689 1005 3751 τὰς
1063 3687 1339 3765 τυχούσας
1396 3681 1637 3744 ἐνέϐαλε.
1683 3687 1779 3742 Διὸ
1835 3686 1926 3743 καὶ

264 3777 677 3855 κσινολογεῖται
709 3779 833 3854 περὶ
863 3782 963 3834 τοῦ
992 3779 1318 3854 πράγματος
1375 3778 1484 3831 τῶν
1520 3776 1767 3847 συνηθων
1822 3775 1927 3831 τινὶ

264 3868 357 3925 καί
388 3870 603 3925 οἰκείων
633 3865 886 3941 Θεοδότῳ
913 3871 994 3940 τῷ
1040 3867 1146 3939 υἰῷ
1204 3862 1441 3940 Μιχαὴλ
1485 3864 1775 3939 πατρικίου
1829 3869 1928 3921 τοῦ

270 3957 646 4029 Μελισσηνοῦ,
693 3956 763 4012 δν
820 3953 888 4026 δὴ
961 3956 1053 4011 καὶ
1124 3957 1461 4029 Κασσιτηρᾶν
1520 3954 1928 4027 κατωνόμαζον,

269 4047 361 4104 καὶ
394 4044 675 4122 διάπειραν
733 4045 959 4103 ἔσπευσε
1014 4046 1123 4099 τῶν
1159 4041 1467 4119 λεγομὲνων
1517 4037 1722 4101 λαϐεῖν.
1754 4043 1812 4098 Ὀ
1871 4040 1928 4099 δὲ

267 4136 497 4215 γνώμην
552 4133 747 4192 δίδωσι
802 4131 1041 4203 τοιάνδε,
1119 4129 1195 4203 ἵν,
1255 4130 1471 4188 ἐπειδὰν
1530 4132 1776 4209 κάτοχον
1856 4136 1926 4208 τῇ

272 4225 439 4299 μανίᾳ
467 4226 692 4301 γένηται
722 4225 786 4280 τὸ
815 4223 1074 4300 κοράσιον
1102 4225 1440 4297 κατασχεθῇ,
1465 4226 1557 4277 καί
1615 4217 1926 4298 διερωτηθῇ

264 4314 369 4370 τίνι
426 4317 781 4389 προσήκουσα
835 4315 873 4384 ὴ
933 4311 1081 4369 οἰκία
1162 4315 1260 4367 τοῦ
1318 4309 1589 4367 παλατίου
1643 4308 1778 4383 δστὶ,
1835 4312 1926 4367 καὶ

268 4401 462 4459 ὁποῖον
493 4402 579 4476 εἴη
610 4403 790 4476 τούτῳ
835 4402 900 4457 τὸ
949 4401 1254 4477 γνώρισμα.
1317 4399 1558 4475 Ἐγένετο
1615 4404 1800 4467 τοῦτο,
1829 4404 1927 4456 τοῦ

266 4493 533 4553 Θεοδότου
561 4500 631 4571 τῇ
661 4498 848 4573 πράξει
885 4496 1312 4566 ὑπηρετοῦντες.
1345 4493 1448 4550 Καὶ
1503 4493 1566 4549 τὸ
1593 4496 1663 4568 τῇ
1704 4497 1926 4570 κατοχῇ

265 4583 600 4660 κατάσχετον
631 4585 857 4663 γύναιον
888 4584 1158 4657 ἑρωτηθεν
1185 4585 1287 4651 τὴν
1331 4602 1386 4638 τε
1438 4579 1638 4652 κλῆσιν
1676 4581 1926 4662 ἐμφαίνει

265 4676 365 4730 τού
401 4670 625 4737 Λέοντος
689 4673 783 4728 καί
837 4674 931 4729 τὸν
987 4673 1316 4746 χαρακτῆρα
1370 4672 1465 4727 καί
1520 4673 1623 4741 τὴν
1684 4676 1923 4751 μορφὴν⁹

270 4760 596 4838 προστίθησί
639 4782 701 4818 τε
729 4760 985 4817 ἀπελθεῖν
1015 4762 1152 4817 κατά
1210 4763 1309 4832 τὴν
1367 4759 1694 4837 ἀκρόπολιν,
1749 4761 1801 4817 ἐν

269 4852 617 4921 συναντήσειε
650 4847 800 4907 δυσὶν
824 4846 1104 4923 ἀνδράσιν,
1128 4850 1204 4905 ὧν
1235 4851 1264 4906 6
1315 4854 1396 4923 τῷ
1440 4846 1663 4923 ἡμιόνῳ
1718 4848 1924 4927 ἔποχος

270 4934 588 5011 ὖπιϐήσεται
617 4939 836 5002 πάντως
863 4944 967 5010 τῆς
1001 4935 1296 5014 βασιλείας.
1353 4938 1419 4995 ’Π
1479 4939 1574 5013 μὶν
1635 4939 1731 4995 οὖν
1788 4940 1924 5007 εἷπε,

2040 3521 2266 3571 metum
2300 3514 2886 3587 sollicitudinemque
2912 3515 3069 3571 haud
3091 3515 3451 3572 mediocrem
3470 3516 3694 3587 injecit.

2032 3604 2403 3676 Itaque'rem
2433 3622 2565 3661 cum
2590 3604 2869 3662 familiari
2901 3621 2969 3661 ac
3020 3604 3347 3661 domestico
3406 3622 3512 3660 suo
3545 3622 3692 3677 quo-

2034 3692 2170 3747 dam
2219 3692 2521 3748 Theodoto
2578 3693 2847 3748 Michaeli
2907 3692 3029 3749 filio
3078 3693 3312 3766 patricii
3372 3693 3690 3764 Melisseni,

2033 3781 2126 3837 cui
2158 3785 2217 3836 et
2245 3780 2551 3836 Cassiteraa
2588 3786 3047 3852 cognomentum
3095 3782 3227 3851 fuit,
3260 3783 3685 3852 communicat,

2035 3869 2285 3943 cupiens
2342 3885 2550 3926 eorum
2610 3886 2742 3940 quas
2798 3869 3277 3942 przedicebantur
3356 3871 3689 3944 periculum

2032 3958 2248 4016 facere.
2271 3958 2324 4015 ls
2353 3958 2499 4016 851
2539 3957 2796 4014 consulit
2833 3964 2898 4014 ut
2931 3960 3148 4030 puella,
3180 3959 3378 4015 furore
3401 3962 3526 4028 jam
3562 3978 3697 4016 cor-

2035 4047 2859 4121 ripiente.comprehendatur
2886 4049 3397 4123 interrogeturque
3414 4050 3487 4106 ad
3501 4066 3694 4121 quem-

2032 4155 2172 4195 nam
2206 4139 2419 4196 domus
2452 4138 2718 4212 palatina
2749 4139 3062 4212 pertineat,
3088 4140 3422 4212 quibusque
3454 4142 3503 4196 is
3534 4142 3692 4197 notis

2033 4227 2273 4300 agnosci
2298 4228 2622 4299 queat.lloc
2652 4227 2968 4283 consilium
2989 4227 3176 4301 ipsius
3203 4228 3489 4285 Theodoti
3511 4244 3694 4301 opera

2033 4316 2358 4389 imperator
2386 4321 2476 4373 est
2505 4325 2840 4373 exsecutus.
2872 4319 3021 4390 Ergo
3044 4317 3245 4390 puella
3302 4334 3434 4374 cum
3469 4318 3694 4375 fureret

2038 4406 2473 4478 comprehensa
2504 4412 2564 4461 et
2606 4405 2966 4472 interrogata
3023 4407 3275 4464 Leonem
3334 4408 3690 4465 nominatim

2033 4494 2318 4551 indicavit
2338 4494 2587 4567 ejusque
2620 4501 2791 4552 notas
2811 4503 2870 4551 et
2891 4496 3142 4552 formam
3171 4496 3503 4570 descripsit.
3537 4499 3692 4564 Quin

2032 4592 2092 4642 et
2122 4591 2411 4657 praeterea
2439 4583 2806 4641 Theodotum
2838 4584 3200 4643 descendere
3219 4586 3290 4644 ab
3307 4604 3443 4644 arce
3468 4589 3688 4661 jussit:

2032 4674 2115 4732 ibi
2172 4674 2226 4730 ei
2301 4673 2449 4731 duos
2513 4675 2670 4732 viros
2786 4675 3014 4732 obviam
3100 4676 3351 4744 futuros,
3435 4694 3685 4749 quorum

2033 4763 2182 4820 alter
2235 4763 2395 4822 mulo
2456 4763 2724 4822 insidens
2781 4765 3024 4821 omnino
3072 4765 3143 4819 sit
3207 4765 3457 4838 imperio
3534 4765 3685 4837 poti-

2033 4858 2226 4911 turus.
2267 4852 2603 4910 Theodotus
2654 4852 2730 4909 ad
2786 4853 3115 4911 indicatum
3164 4854 3275 4910 sibi
3333 4854 3531 4909 locum
3580 4852 3688 4909 ivit

2035 4943 2124 5000 rei
2148 4941 2527 5015 explorandae
2557 4958 2758 5014 causa,
2788 4943 3216 5015 hominemque
3271 4942 3353 4998 ibi
3411 4942 3485 4998 iis
3533 4957 3682 5015 quas

1469 5039 1827 5098 XYLANDRI
1864 5042 1952 5099 ET
1989 5042 2206 5099 GOARI
2247 5042 2472 5100 NOTAE.

262 5139 437 5196 matis
480 5139 692 5197 Leonis
719 5153 969 5196 uxorem
1001 5138 1319 5210 impeteret
1347 5136 1636 5210 ProcOpia
1667 5136 1920 5210 impera-

260 5212 399 5285 trix.
433 5228 553 5285 non
576 5211 822 5285 exponit
847 5214 1055 5285 auctor
1070 5207 1355 5285 tantum
1376 5207 1770 5285 circa'nomen
1785 5210 1917 5285 ejus

259 5284 464 5339 multis
515 5279 727 5341 lusisse
785 5282 999 5339 innuit.
1068 5281 1186 5337 Nec
1232 5279 1916 5353 difﬁcilihnegotiofilli

254 5371 517 5429 namque
550 5356 858 5429 proprium
889 5370 1026 5410 cum
1058 5354 1274 5429 barca_(
1287 5351 1500 5424 navigii
1526 5351 1715 5425 genus
1739 5352 1917 5410 intel-

254 5425 391 5499 lige)
418 5423 645 5499 nomen
664 5423 803 5482 erat
822 5440 1175 5499 commune.
1211 5423 1387 5480 Gosa.

326 5493 423 5564 (52
477 5498 697 5553 Scribit
727 5496 1026 5569 Xylander
1054 5500 1239 5569 votum
1264 5511 1391 5569 pro
1427 5493 1585 5563 felici
1615 5495 1675 5569 in
1705 5495 1916 5569 urbem

254 5570 517 5633 introitu,
549 5585 727 5640 quam
750 5565 856 5640 pro
888 5574 1161 5640 suscepto
1184 5565 1433 5640 imperio
1449 5571 1508 5620 et
1528 5566 1688 5638 regio
1704 5567 1914 5624 throno

254 5636 588 5697 conscenso
619 5636 770 5697 fecit
784 5636 1125 5713 patriarcha
1158 5636 1524 5711 Nicephorus
1554 5636 1813 5710 precem.
1848 5640 1915 5696 In

2026 5138 2245 5196 malam
2276 5138 2610 5213 partemde
2668 5153 2738 5193 eo
2788 5138 2891 5210 qui
2925 5154 3081 5213 _rem_
3114 5136 3373 5213 alienam
3406 5142 3679 5210 occupat,

2025 5217 2221 5284 potest
2279 5205 2345 5267 et
2396 5210 2458 5265 in
2507 5211 2723 5266 bonam
2757 5205 3120 5284 _s'umi._ASic
3176 5205 3451 5284 ὲττιτπῇσιτιιΔ
3496 5205 3674 5275 θῦσαι,

2026 5280 2127 5355 ξιιιὶ
2157 5298 2334 5339 naves
2377 5280 3265 5355 conscensurisacrificabant,
3303 5281 3674 5338 dicebantur.

2027 5352 2140 5409 Leo
2170 5370 2328 5410 vero.
2371 5353 2453 5407 ita
2510 5353 2728 5407 Paulus
2783 5352 3097 5415 Diaconus,
3156 5354 3453 5423 scripserat
3511 5356 3676 5409 Nice-

2017 5427 2198 5495 phoro
2218 5427 2286 5479 de
2311 5424 2419 5492 ﬁde
2445 5439 2564 5478 sua.
2596 5430 2786 5493 petens
2831 5425 3000 5478 etiam
3052 5430 3115 5478 ut
3167 5441 3291 5480 cum
3339 5428 3593 5483 oratione
3622 5433 3677 5483 et

2022 5498 2165 5551 nutu
2193 5495 2313 5564 ejus
2332 5496 2624 5563 imperium
2651 5501 2906 5550 sumeret.
2930 5495 3105 5551 Com.

2095 5566 2209 5638 (53)
2238 5566 2293 5622 Is
2316 5570 2408 5622 est
2427 5565 2676 5627 Michael
2707 5564 2940 5622 Balbus.
2966 5566 3104 5622 ΧΠ..
