4124 6210
305 343 418 406 937

1424 341 1972 408 HISTORIARUM
2016 343 2576 410 COMPENDIUM.

3591 350 3713 412 938

303 476 516 533 στεῖλαι
573 477 687 532 καῖ
713 476 914 552 λόγους
974 484 1190 548 κινῆσαι
1241 479 1364 555 περὶ
1423 479 1665 554 εἶρηνης’
1724 481 1836 536 Τοῦ
1894 474 1951 532 δὲ

2065 480 2168 536 sed
2201 498 2268 536 eo
2307 482 2629 538 ferociente
2687 499 2756 538 ac
2812 500 3017 554 pacem
3074 485 3325 556 superbe
3374 491 3713 553 recusante,

305 564 1052 643 Βουλγάρουῖφρυαξαμένου
1109 568 1197 623 καὶ
1254 570 1353 638 τήν
1416 568 1634 644 εἰρήνην
1693 588 1953 643 παρωσαα

309 654 494 727 μένου,
553 653 741 726 ἐδέησε
791 657 980 728 μάχης
1041 657 1092 727 ἐξ
1152 659 1388 733 ἀνάγκης
1442 663 1521 731 τῷ
1583 657 1816 734 βασιλεῖ.
1850 657 1954 715 Καὶ

305 748 438 818 γοῦν
479 744 570 799 καὶ
626 745 1122 820 συναθροισθέντων
1175 751 1286 801 τῶν
1346 749 1762 823 στρατευμάτων
1799 747 1954 821 μάχη

308 834 533 903 συνέστη
591 835 846 908 κρατερὰ,
905 836 996 890 καὶ
1053 834 1218 890 πάλιν
1275 838 1486 906 ἡττηθη
1545 837 1610 891 τὰ
1674 835 1959 908 Ῥωμαϊκὰ

307 919 702 994 στρατεύματα.
757 924 879 978 Τῶν
937 919 994 976 δὲ
1051 922 1380 999 Βουλγάρων
1410 927 1480 997 τῇ
1542 920 1723 995 διώξει
1754 921 1954 976 ἐπικει-

312 1006 510 1079 μένων,
551 1007 580 1060 ὁ
641 1006 895 1081 βασιλεὺς
954 1004 1006 1062 ἕν
1060 1030 1167 1064 τινι
1227 1006 1522 1083 ὑπερδεξίῳ
1576 1003 1730 1080 τόπῳ
1787 1006 1955 1069 ἑστὼς

308 1096 442 1170 μετά
470 1103 571 1165 τῆς
603 1098 724 1171 περὶ
785 1097 946 1153 αὐτὸν
989 1099 1258 1174 ἑταιρείας
1322 1099 1640 1154 κατεσκόπει
1695 1099 1764 1152 τὰ
1821 1095 1958 1172 δρώ-

307 1205 455 1257 μενα.
518 1185 622 1241 Καὶ
674 1205 1011 1257 κατανοησας
1085 1189 1158 1250 ὡς
1220 1187 1539 1244 ἀσύντακτοι
1624 1187 1714 1243 καὶ
1786 1191 1957 1241 πᾶσαν

299 1273 446 1347 τάξιν
501 1272 893 1337 ἀπολείποντες
941 1276 993 1330 οἱ
1052 1276 1360 1353 Βούλγαροι
1420 1275 1773 1332 ἐπιδιώκουσι
1828 1276 1958 1338 τοὺς

302 1361 620 1441 φεύγοντας,
653 1363 1033 1438 παρακαλέσας
1062 1365 1190 1427 τοὺς
1248 1367 1383 1440 ἄμφ’
1435 1365 1596 1421 αὐτὸν
1636 1367 1723 1420 καὶ
1760 1362 1956 1437 ἄνδρας

302 1450 538 1526 ἀγαθοὺς
620 1450 868 1526 γενέσθαι
925 1455 1304 1520 καθικετεύσας
1359 1456 1449 1511 καὶ
1513 1457 1588 1528 μὴ
1655 1459 1762 1510 τῶν
1820 1455 1958 1511 Ῥω-

310 1541 484 1614 μαίων
545 1539 790 1597 εὔκλειαν
845 1544 1114 1618 περιιδεῖν
1174 1550 1468 1621 χωροῦσαν
1537 1545 1613 1609 εἷς
1664 1545 1726 1599 τὸ
1761 1541 1954 1617 μηδὲν,

302 1630 598 1687 ἐπιτίθεται
632 1630 904 1706 ὀᾳγδαίως
961 1632 1164 1698 αὐτοῖς.
1226 1634 1332 1692 Καὶ
1390 1639 1472 1707 τῷ
1512 1631 1800 1710 παραδόξῳ
1857 1640 1956 1703 τῆς

301 1713 590 1781 ἐπιθέσεως
638 1721 978 1795 τρεψάμενος
1063 1723 1191 1784 τοὺς
1247 1725 1688 1799 παρατυχόντας,
1746 1724 1835 1778 καὶ
1891 1724 1955 1778 τὸ

303 1806 499 1864 λοιπὸν
519 1815 628 1865 τῶν
660 1810 991 1888 Βουλγάρων
1024 1814 1333 1887 στράτευμα
1388 1818 1464 1885 τῷ
1521 1810 1776 1891 αἰφνιδίῳ
1833 1834 1955 1868 κατ·-
1984 1855 2030 1919 Β

305 1902 315 1919 Ι
369 1899 389 1919 Ἃ
451 1903 472 1919 b
613 1903 626 1919 \
796 1903 874 1919 ν..
1024 1905 1038 1919 ι
1126 1899 1176 1919 ’Δ
1288 1907 1302 1919 ι
1350 1908 1360 1919 ι
1414 1904 1432 1919 ς
1694 1907 1707 1919 \
1782 1905 1825 1919 ις
1885 1910 1910 1919 ι-

299 1899 502 1972 έπληξε
539 1903 629 1956 καὶ
659 1903 910 1978 ταραχῆς
948 1905 1040 1959 καὶ
1072 1899 1244 1982 φόϐου
1286 1904 1572 1978 ἐνέπλησε,
1620 1907 1709 1961 καὶ
1771 1905 1946 1971 ἀλκῆς

301 1987 481 2054 οὐδεὶς
527 1990 824 2065 ἐμέμνητο.
881 1993 1100 2049 Τούτων
1153 1993 1342 2050 ἔπεσον
1409 1996 1502 2068 μὶν
1560 1995 1613 2050 ὲν
1679 1998 1747 2067 τῇ
1787 2015 1950 2070 προσ-

301 2075 445 2154 ϐολῇ
485 2079 713 2153 πολλοὶ,
743 2083 834 2137 καὶ
874 2083 1035 2146 αὐτὸς
1085 2084 1112 2138 ὀ
1160 2089 1266 2139 τῶν
1299 2083 1443 2140 ’ὀλων
1478 2084 1739 2159 ἀρχηγὸς,
1782 2084 1947 2138 εἶκαὶ

300 2169 514 2245 ταχέως
547 2171 649 2226 ὑπὸ
677 2177 785 2228 τῶν
815 2171 1031 2228 οἰκείων
1058 2171 1216 2247 ’ίππῳ
1271 2173 1466 2245 κέλητι
1514 2174 1769 2249 ἀναχθεὶς
1819 2171 1950 2247 δρα-

304 2263 428 2332 σμῷ
456 2261 556 2331 τὴν
607 2263 880 2337 σωτηρίαν
931 2263 1431 2338 ἐπραγματεύσατο,
1472 2263 1715 2318 ἑάλωσαν
1773 2260 1829 2318 δὶ
1858 2266 1948 2318 καὶ

303 2353 410 2402 τῶν
449 2350 720 2406 πεσόντων
771 2349 970 2422 πολλῷ
1037 2351 1280 2416 πλείους.
1338 2357 1510 2408 Τοῦτο
1567 2355 1630 2408 τὸ
1667 2347 1821 2428 ἔργον
1882 2353 1950 2407 τά

2061 577 2296 627 coactus
2311 580 2398 627 est
2410 574 2568 628 bello
2583 574 3258 629 decernere.Commisso
3282 581 3478 630 autem
3502 576 3714 647 grandi

2059 662 2283 731 praelio,
2316 679 2450 717 cum
2475 663 2670 718 denuo
2703 664 2950 720 Romani
2979 664 3273 718 exercitus
3333 665 3714 720 vincerentur

2061 749 2410 823 Bulgarique
2444 753 2515 808 iis
2557 753 2988 824 persequendis
3045 769 3106 808 se
3158 752 3386 816 darent,
3433 753 3542 807 Leo
3574 770 3711 809 cum

2061 855 2167 894 suo
2227 839 2499 895 sodalitio
2559 842 2846 896 eminenti
2905 842 3034 897 loco
3086 847 3248 896 stans
3297 841 3716 896 animadvertit

2061 928 2340 1001 Bulgaros
2364 929 2674 985 ordinibus
2705 931 2826 986 suis
2857 930 3066 985 solutis
3097 931 3281 986 effuse
3311 931 3711 1001 persecutioni

2063 1035 2126 1074 se
2156 1018 2412 1074 dedisse.
2450 1020 2534 1075 Ibi
2569 1025 2693 1075 tum
2723 1021 3064 1076 cohortatus
3096 1019 3711 1090 suos,obtestatusque

2060 1112 2128 1162 ut
2155 1107 2338 1164 fortes
2368 1114 2426 1163 et
2455 1115 2728 1164 strenuos
2760 1127 2822 1165 se
2843 1109 3179 1181 praeberent
3198 1126 3391 1180 neque
3414 1111 3711 1165 Romano-

2060 1213 2193 1252 rum
2223 1197 2472 1269 gloriam
2512 1199 2586 1254 ad
2611 1199 2867 1254 nihilum
2899 1198 3082 1270 redigi
3115 1204 3480 1270 paterentur,
3499 1215 3712 1271 magno

2061 1303 2198 1342 cum
2228 1287 2454 1359 impetu
2487 1289 2688 1345 hostes
2707 1289 3012 1355 adoritur;
3046 1294 3106 1344 et
3132 1289 3334 1344 obvios
3393 1289 3714 1360 improvisa

2061 1375 2451 1447 impressione
2482 1378 2738 1450 pellens,
2763 1378 2958 1434 subita
2987 1395 3050 1433 re
3072 1377 3458 1450 Bulgarorum
3472 1393 3712 1432 omnem

2061 1467 2386 1521 exercitum
2418 1473 2727 1538 perterret,
2762 1483 3010 1538 eamque
3070 1467 3525 1538 trepidationem
3556 1467 3714 1521 inter

2063 1570 2162 1610 eos
2193 1556 2410 1610 excitat
2437 1561 2502 1610 ut
2526 1556 2713 1611 virtus
2735 1557 2929 1611 omnis
2951 1556 3166 1611 animis
3223 1572 3428 1610 eorum
3475 1555 3708 1610 abierit.

2061 1643 2414 1700 Ceciderunt
2443 1661 2512 1700 eo
2544 1645 2603 1699 in
2628 1645 2831 1716 praelia
2859 1645 3196 1716 complures
3247 1644 3500 1717 Bulgari,
3534 1651 3712 1716 atque

2062 1733 2188 1804 ipse
2219 1733 2398 1788 etiam
2431 1734 2791 1805 imperator:
2837 1735 2939 1789 sed
2998 1735 3048 1789 is
3105 1733 3380 1789 celeriter
3430 1751 3465 1789 a
3495 1735 3618 1788 suis
3647 1734 3711 1788 in

2062 1839 2281 1893 equum
2309 1823 2562 1878 liberum
2594 1825 2906 1895 impositus
2928 1825 3064 1895 fuga
3083 1823 3336 1878 salutem
3358 1828 3711 1878 consecutus

2059 1911 2354 1966 est.Multo
2386 1912 2590 1984 plures
2611 1914 2764 1984 capti
2799 1918 2939 1968 sunt
2968 1929 3146 1984 quam
3194 1913 3351 1969 854
3391 1910 3708 1966 interfecti.

2061 2001 2178 2056 Hoc
2212 2001 2561 2072 praclarum
2590 2002 2820 2057 facinus
2880 2003 3265 2074 Bulgarorum
3326 2001 3709 2056 insolentiam

2060 2089 2374 2160 depressit,
2408 2095 2466 2144 et
2495 2091 2728 2145 animos
2754 2093 3155 2145 Romanorum
3212 2091 3501 2144 demissos
3531 2093 3708 2159 atque

2059 2183 2386 2249 prostratos
2417 2179 2786 2235 confirmavit
2807 2184 2866 2234 et
2895 2179 3433 2250 erexit.Imperator
3461 2177 3709 2250 amplis—

2061 2268 2211 2322 simo
2244 2285 2378 2323 cum
2403 2269 2702 2340 triumpho
2753 2274 2812 2323 et
2841 2269 3048 2341 spoliis
3080 2269 3140 2322 in
3180 2268 3389 2324 urbem
3443 2284 3714 2324 reversus

2061 2355 2135 2411 ad
2165 2355 2278 2411 alia
2307 2358 2543 2429 negotia
2571 2357 2840 2412 animum
2872 2357 3108 2428 adjecit.

320 2439 416 2509 μὶν
445 2442 552 2493 τῶν
583 2440 917 2514 Βουλγάρων
945 2437 1268 2496 ἐταπείνωσε
1288 2461 1461 2518 φρονη
1472 2462 1636 2514 ματα,
1659 2441 1726 2496 τὰ
1755 2437 1812 2495 δὲ
1832 2445 1938 2495 τῶν
1967 2442 2288 2515 Ῥωμαϊκῶν
2322 2443 2591 2520 κεκυφότα
2619 2443 2710 2498 καὶ
2740 2445 2876 2517 πρὸς
2909 2450 3013 2518 γῆν
3045 2443 3269 2497 νεύοντα
3336 2442 3710 2518 ἀναθαρῥῆσαι

310 2525 626 2596 πεποίηκεν.
661 2528 718 2582 ’0
741 2524 798 2582 δὲ
833 2527 1088 2604 βασιλεὺς
1119 2531 1254 2603 μετὰ
1283 2530 1554 2605 λαμπρῶν
1579 2533 1690 2585 τῶν
1719 2530 1996 2604 τροπαίων
2029 2531 2119 2586 καὶ
2151 2530 2303 2592 λείας
2335 2530 2420 2586 ὅτι
2445 2529 2668 2601 πολλῆς
2694 2533 2794 2601 τὴν
2829 2528 3084 2604 βασιλίδα
3130 2527 3456 2586 καταλαϐὼν
3511 2535 3624 2585 τῶν
3657 2529 3710 2584 έν

304 2615 492 2690 χερσὶν
526 2615 709 2692 εἴχετο
739 2619 1106 2694 πραγμάτων.

372 2707 528 2781 ’Ἄρτι
609 2704 666 2761 δὲ
737 2707 828 2763 καὶ
883 2708 959 2770 εἰς
1022 2710 1245 2782 μνήμην
1331 2708 1503 2764 ἐλθὼν
1556 2714 1654 2764 τοῦ
1705 2710 1840 2764 κατὰ
1893 2710 1956 2764 τὸ

299 2794 637 2869 Φιλομίλιον
685 2801 957 2873 μοναχοῦ,
1017 2792 1158 2874 ἔγνω
1217 2795 1416 2873 δώροις
1474 2799 1564 2855 καὶ
1615 2801 1956 2873 ἀναθήμασιν

303 2883 462 2939 αὐτὸν
548 2892 649 2954 τῆς
731 2885 814 2941 ἐπ’
862 2887 1009 2959 αὐτῷ
1065 2887 1403 2967 προφητείας
1455 2888 1808 2962 ἀμείψασθαι.
1868 2892 1954 2961 [Ρ.

301 2976 428 3046 488]
471 2973 850 3044 Ἑξαπέστειλε
877 2980 1008 3051 γοῦν
1067 2998 1188 3032 τινα
1235 2981 1343 3032 τῶν
1401 2979 1766 3044 πιστοτάτων,
1825 2979 1956 3032 ἀνα-

301 3063 520 3136 θήματα
554 3063 629 3126 εἷς
661 3063 822 3119 αὐτὸν
881 3070 1187 3139 κομίζοντα
1241 3067 1331 3121 καὶ
1388 3062 1595 3122 ἔπιπλα
1649 3067 1739 3122 καὶ
1787 3065 1950 3136 σκεύη

303 3156 513 3231 ἀργυρᾶ
567 3157 658 3210 καὶ
714 3157 920 3232 χρύσεα
973 3157 1063 3212 καὶ
1117 3155 1236 3228 εἷ’δη
1297 3156 1474 3229 εὐώδη
1533 3163 1641 3214 τῶν
1700 3158 1776 3220 εἷς
1807 3160 1954 3230 ἡμᾶς

2135 2711 2260 2776 Quo
2285 2715 2550 2783 tempore
2581 2712 2762 2767 etiam
2790 2711 3067 2767 monachi
3116 2709 3596 2766 Philomeliensis
3621 2726 3719 2765 re-

2064 2801 2825 2866 cordans,vaticinationem
2844 2801 3057 2872 ejusde
3091 2817 3152 2855 se
3183 2800 3714 2856 constituitmune-

2066 2890 2228 2944 ribus
2246 2894 2423 2960 atque
2436 2889 2702 2946 donariis
2715 2889 3294 2962 compensare.Mittit
3315 2905 3452 2962 ergo
3473 2903 3717 2944 suorum

2065 2979 2380 3048 quemdam
2395 2979 2790 3035 ﬁdelissimum
2804 2981 2904 3050 qui
2923 2979 2995 3034 ad
3012 2996 3147 3034 eum
3173 2978 3428 3034 deferret
3442 2977 3710 3048 donaria,

2064 3067 2518 3137 supellectilem,
2579 3085 2716 3124 vasa
2754 3074 3033 3140 argentea
3085 3074 3143 3122 et
3173 3084 3352 3122 aurea
3383 3084 3450 3122 ac
3483 3067 3710 3138 species

2063 3155 2360 3221 odoratas,
2411 3157 2616 3228 quales
2665 3157 2738 3212 ad
2788 3174 2897 3212 nos
2958 3174 3027 3212 ex
3109 3156 3274 3211 India
3356 3157 3708 3210 afferuntur.

305 3243 355 3313 ἒξ
389 3242 586 3309 Ἰνδίας
621 3248 1026 3320 κομιζομένων.
1081 3246 1242 3304 Ἀλλ’
1292 3246 1506 3310 ’ἐκεῖνος
1564 3249 1656 3320 μὲν
1709 3248 1736 3302 ὁ
1793 3269 1953 3320 μονα-

2066 3246 2280 3299 Verum
2313 3246 2363 3299 is
2395 3247 2868 3317 monachusjam
2927 3251 3052 3300 tum
3101 3246 3278 3300 vitam
3337 3261 3472 3300 cum
3521 3248 3712 3298 morte

308 3334 412 3412 χὸς
438 3327 601 3408 ἔτυχε
630 3337 1051 3408 προαποθανεῖν,
1110 3336 1337 3407 κατέστη
1400 3333 1457 3391 δὲ
1519 3340 1588 3410 τῇ
1646 3334 1953 3411 κέλλῃ(55)

305 3423 473 3477 αὐτοῦ
504 3419 763 3487 διάδοχος
800 3425 1044 3500 μοναχός
1079 3446 1165 3487 τις
1196 3424 1390 3494 ἃλλος,
1421 3428 1522 3495 τήν
1579 3424 1775 3495 κλῆσιν
1810 3419 1957 3479 Σαϐ-

305 3507 515 3583 ϐάτιος,
572 3515 673 3578 τῆς
733 3513 895 3577 ἀθέου
949 3517 1056 3568 τῶν
1108 3513 1484 3588 εἶκονομάχων
1528 3513 1789 3588 αἱρέσεως
1831 3513 1957 3567 ἀνά-

301 3597 484 3662 πλεως
533 3595 628 3656 ὤν,
687 3602 774 3664 Ἐς
831 3605 1022 3657 τοῦτον
1071 3600 1100 3655 ὸ
1160 3601 1307 3675 παρᾶ
1366 3601 1634 3676 βασιλέως
1691 3603 1954 3682 πεμφθεὶς

304 3689 636 3766 ἀφικόμενος
665 3692 732 3745 τά
786 3711 845 3746 τε
897 3689 1273 3764 ἀπεσταλμένα
1327 3695 1406 3762 τῷ
1464 3690 1628 3745 αὐτοῦ
1669 3693 1954 3766 καθηγητῇ

303 3780 448 3852 παρὰ
473 3779 744 3854 βασιλέως
777 3780 925 3857 δῶρα
984 3778 1227 3850 δέξασθαι
1283 3779 1590 3854 παρηγγύα,
1631 3779 1721 3834 καὶ
1777 3778 1955 3854 γράμ-

307 3889 436 3941 μασι
492 3869 583 3924 καὶ
641 3868 830 3944 εὐχαῖς
886 3869 976 3924 τὸν
1040 3868 1327 3943 πέμψαντα
1385 3869 1836 3942 ἀνταμείψασθαι.
1893 3868 1954 3923 Ὁ

309 3953 368 4012 δὲ
404 3959 472 4013 τὰ
502 3959 596 4031 μὶν
635 3957 1014 4034 ἀπεσταλμένα
1072 3955 1259 4015 λαϐεῖν
1310 3958 1409 4014 οὐκ
1446 3957 1733 4028 ἠθέλησεν,
1793 3957 1956 4012 αὐτὸν

309 4043 366 4102 δὲ
449 4047 852 4122 ὀπισθόρμητον
937 4047 1150 4103 ἀπιέναι
1207 4047 1660 4123 παρεκελεύσατο,
1739 4047 1952 4118 ἀνάξιον

309 4137 448 4193 εἶναι
516 4136 693 4214 λέγων
748 4141 838 4194 καὶ
896 4139 986 4195 τὸν
1049 4138 1280 4214 βασιλέα
1341 4145 1444 4208 τῆς
1498 4134 1823 4212 άλουργίδος
1881 4139 1957 4202 ὡς

309 4224 564 4291 εἰδώλοις
658 4228 1065 4304 προστετηκότα
1128 4227 1218 4284 καὶ
1277 4234 1394 4290 τοῖς
1448 4227 1635 4303 λόγοις
1691 4227 1956 4301 ἑπόμενον

309 4317 547 4391 Εἰρήνης
570 4325 670 4387 τῆς
698 4315 983 4392 βασιλίδος
1014 4318 1104 4372 καὶ
1159 4317 1428 4394 Ταρασίου
1458 4321 1555 4373 τοῦ
1586 4316 1950 4393 πατριάρχου·

307 4407 384 4462 ὦν
413 4409 513 4477 τήν
551 4409 645 4480 μὲν
675 4405 866 4484 παρδὼ
895 4407 985 4462 καὶ
1046 4405 1212 4472 θυάδα
1268 4409 1367 4476 τὴν
1429 4408 1694 4483 Εἷρήνην,
1752 4409 1844 4462 τὸν
1897 4403 1955 4462 δὶ

304 4495 357 4550 ἐν
439 4496 808 4573 πατριάρχαις
894 4494 1147 4572 ἀοίδιμον
1229 4497 1492 4572 Ταράξιον
1572 4496 1954 4570 κατωνόμαζεν

2062 3341 2474 3402 commutarat,
2509 3343 2991 3408 successeratque
3042 3336 3096 3392 ei
3131 3336 3441 3391 Sabbatius
3472 3335 3715 3406 quidam

2062 3430 2220 3480 totus
2253 3426 2448 3498 impiaa
2500 3426 3068 3498 imaginiperdarum
3128 3425 3343 3479 haeresi
3374 3425 3713 3480 immersus.

2060 3515 2149 3569 Ad
2172 3531 2308 3569 eum
2338 3532 2474 3570 cum
2504 3516 2764 3570 venisset
2793 3516 3020 3588 legatus
3043 3514 3716 3587 imperatoris,hortatus

2063 3609 2153 3658 est
2188 3610 2252 3657 ut
2283 3620 2533 3658 munera
2589 3606 2941 3676 prmceptori
2991 3622 3097 3660 suo
3158 3605 3340 3659 missa
3399 3605 3712 3675 acciperet,

2063 3691 2395 3762 litterisque
2410 3697 2467 3746 et
2479 3692 2752 3763 precibus
2767 3694 3187 3764 imperatorem
3210 3698 3713 3749 remuneraretur.

2060 3785 2131 3838 At
2161 3782 2471 3838 Sabbatius
2504 3798 2752 3837 munera
2783 3798 3084 3852 respuere,
3114 3783 3310 3852 ipsum
3362 3788 3518 3836 retro
3551 3782 3714 3836 abire

2053 3873 2288 3944 jubere,
2366 3872 2632 3942 adeoque
2695 3871 3114 3941 imperatorem
3181 3871 3521 3942 dignatione
3603 3871 3717 3925 ista

2063 3963 2373 4035 indignum
2400 3963 2618 4030 dicere,
2651 3962 2978 4032 imaginum
3007 3960 3186 4016 cultui
3217 3959 3482 4015 deditum
3517 3964 3574 4014 et
3598 3960 3714 4014 Ire-

2062 4070 2154 4108 naa
2177 4052 2573 4124 imperatricis
2593 4049 2933 4118 Tarasiique
2957 4048 3308 4120 patriarcha:
3341 4047 3576 4102 statutis
3607 4047 3715 4102 ob-

2063 4146 2514 4212 temperantem.
2531 4141 2764 4194 Irenam
2777 4137 3216 4209 impurissimus
3229 4137 3405 4191 homo
3417 4135 3710 4208 pardalim

2063 4239 2122 4289 et
2150 4233 2454 4297 baccham,
2485 4231 2788 4287 Tarasium
2806 4245 2940 4283 vero
2987 4227 3248 4284 nobilem
3271 4228 3332 4282 in
3354 4227 3712 4299 patriarcha-

2061 4338 2193 4377 rum
2225 4319 2811 4385 numero,Taraxium
2837 4317 3007 4388 quasi
3033 4317 3420 4387 turbatorem,
3442 4316 3713 4372 denomi-

2062 4411 2262 4468 nabat.
2287 4410 2556 4466 Celerem
2590 4424 2826 4480 quoque
2880 4407 3114 4479 imperii
3159 4412 3218 4462 et
3272 4407 3406 4462 vitae
3439 4406 3714 4462 amissio-

2061 4517 2199 4556 nem
2230 4500 2379 4558 855
2417 4498 2594 4555 Leoni
2645 4497 2884 4564 minari,
2943 4496 3060 4551 nisi
3110 4495 3551 4568 quamprimum
3601 4494 3714 4550 sibi

304 4585 333 4639 ὁ
391 4585 734 4660 παμμίαρος.
795 4583 1040 4642 Ἡπείλει
1100 4583 1158 4640 δὶ
1235 4587 1324 4640 καὶ
1401 4592 1624 4661 ταχεῖαν
1683 4581 1950 4640 ἔκπτωσιν

2063 4608 2280 4663 parens
2312 4605 2511 4645 sacras
2559 4587 2845 4659 dejiceret
2898 4586 3210 4658 imagines.
3260 4587 3588 4658 Imperator
3644 4585 3718 4639 iis

300 4679 400 4748 τῆς
443 4672 723 4747 βασιλείας
752 4677 832 4745 τῷ
867 4675 1082 4749 βασιλεῖ
1114 4674 1204 4729 καὶ
1244 4678 1341 4729 τοῦ
1402 4673 1523 4750 βίου
1554 4676 1950 4754 καταστροφὴν,

303 4759 348 4814 εἰ
383 4762 461 4833 μὴ
490 4766 680 4824 θᾶττον
738 4767 857 4826 τοῖς
891 4763 1059 4817 αὐτοῦ
1113 4761 1303 4837 λόγοις
1361 4762 1595 4824 πεισθεὶς
1652 4764 1746 4826 τὰς
1801 4761 1948 4827 θείας

301 4849 683 4926 καταστρέψειε
715 4849 1145 4928 στηλογραιρίας.
1208 4851 1502 4924 Δεξάμενος
1559 4849 1615 4906 δὲ
1669 4853 1735 4906 τὰ
1775 4855 1951 4928 γράμ-

309 4961 451 5014 ματα
545 4943 574 4997 ὁ
631 4941 1004 5017 αὐτοκράτωρ,
1064 4943 1154 4999 καὶ
1210 4945 1355 5016 παρὰ
1414 4948 1510 4999 τοῦ
1596 4942 1828 5018 ἀγγέλου
1894 4939 1951 4996 δὲ

311 5032 497 5104 μαθὼν
529 5033 626 5087 ὅσα
647 5054 703 5088 τε
735 5034 762 5088 ὁ
794 5033 1036 5112 μοναχὸς
1066 5034 1184 5089 εἶπε
1229 5035 1319 5088 καὶ
1371 5034 1469 5088 ’ὀσα
1509 5033 1669 5096 αὐτὸς
1725 5031 1949 5102 ἤκουσε,

305 5123 397 5176 καὶ
425 5127 674 5199 ταραχῆς
705 5121 990 5185 ἀνάπλεως
1019 5121 1284 5198 γεγονὼς,
1345 5120 1608 5178 Θεόδοτον
1678 5125 1950 5198 μετεπέμ-

305 5217 442 5287 ψατο
475 5214 566 5268 τὸν
598 5213 944 5284 Μελισσηνὸν
1001 5212 1090 5268 καὶ
1148 5212 1270 5287 περὶ
1325 5217 1427 5268 τοῦ
1483 5212 1795 5288 σκέμματος
1856 5213 1951 5268 ἀν-

301 5308 580 5360 ικοινοῦτο
611 5305 677 5360 τὰ
708 5301 960 5374 ποιητέα.
1015 5304 1074 5360 Ὀ
1127 5299 1185 5357 δί
1235 5302 1325 5357 καὶ
1374 5301 1547 5358 πάλαι
1601 5307 1670 5376 τῇ
1726 5301 1951 5377 τοιαύτῃ

299 5393 503 5468 αἱρέσει
575 5392 1015 5470 κατεσχημένος,
1074 5394 1165 5449 καὶ
1215 5391 1402 5468 καιρὸν
1472 5397 1651 5464 ζητῶν
1736 5390 1950 5468 παρῥη-

2064 4681 2279 4736 litteris
2310 4677 2590 4750 acceptis,
2622 4693 2756 4732 cum
2779 4693 2850 4731 ex
2891 4676 3082 4748 legato
3132 4675 3528 4731 intellexisset
3584 4689 3716 4742 quas

2064 4789 2133 4827 ex
2163 4769 2453 4826 monacho
2484 4767 2824 4834 audivisset,
2843 4766 3043 4820 animo
3074 4765 3362 4836 majorem
3381 4764 3441 4817 in
3471 4760 3714 4817 modum

2061 4859 2403 4932 perturbato
2451 4855 2818 4912 Theodotum
2877 4855 3256 4909 Melissenum
3308 4852 3382 4906 ad
3431 4867 3490 4904 se
3525 4853 3713 4916 vocat,

2062 4964 2314 5020 cumque
2349 4963 2415 5001 eo
2448 4945 2590 5016 quid
2632 4942 2926 5016 agendum
2983 4943 3059 4996 sit
3116 4941 3424 4995 deliberat.
3457 4941 3528 4992 At
3578 4952 3715 4990 vero

2061 5037 2398 5093 Theodotus
2422 5034 2786 5106 jampridem
2820 5030 3031 5086 hmresi
3066 5030 3180 5084 ista
3237 5028 3512 5093 infectus,
3543 5041 3710 5080 occa-

2063 5128 2290 5183 sionem
2301 5142 2412 5196 que
2426 5123 2623 5195 palam
2637 5121 2998 5192 impietatem
3014 5116 3329 5189 proﬁtendi
3343 5114 3718 5187 praestolatus

2063 5217 2174 5271 hoc
2197 5214 2434 5271 consilii
2467 5213 2570 5267 dat
2609 5209 2974 5282 imperatori,
3011 5208 3073 5262 in
3128 5205 3456 5278 Dagistensi
3509 5221 3720 5260 mona-

2063 5305 2243 5360 sterio
2267 5303 2480 5374 degere
2506 5299 2862 5355 monachum
2883 5295 3204 5368 quemdam
3221 5293 3519 5350 mirabilia
3537 5293 3717 5349 eden-

2060 5398 2180 5448 tem
2212 5391 2478 5446 facinora
2503 5405 2515 5443 :
2533 5404 2668 5443 cum
2685 5387 2797 5442 hoc
2828 5403 2952 5442 rem
2969 5383 3522 5441 communicandam
3535 5384 3685 5455 ,ejus
3702 5412 3726 5426 -

1470 5487 1834 5544 XYLANDRI
1873 5487 1960 5542 ET
2002 5483 2216 5541 GOARI
2257 5481 2481 5537 NOTAE.

369 5579 427 5647 (5
449 5577 486 5650 ὸ)
517 5577 692 5636 οειιω
723 5581 1060 5638 Grecorum
1091 5577 1522 5650 monachorum
1546 5583 1685 5634 sunt
1716 5578 1952 5650 tuguria

301 5651 416 5710 sibi
448 5648 702 5709 invicem
726 5651 958 5724 juncta,
992 5651 1148 5707 circa
1177 5648 1437 5706 mediam
1469 5650 1758 5718 arcam,in
1791 5648 1963 5723 cujus

585 5751 855 5818 Ρλτιιοι..
903 5753 1015 5817 σι.
1062 5750 1272 5813 CXXI.

2060 5575 2275 5630 iterum
2309 5568 2646 5627 meditullio
2680 5574 2770 5625 est
2825 5567 3098 5625 ecclesia.
3159 5567 3463 5623 Demortui
3515 5566 3714 5637 itaque

2072 5645 2319 5702 alterius
2351 5641 2563 5699 cellam
2595 5641 2691 5696 hic
2722 5639 3066 5713 occupabat.
3101 5639 3274 5696 Gon.

3477 5739 3556 5798 30
