4148 6212
347 386 463 454 941

1504 380 2040 453 ΗΙΞΤΟΙὶΙΑΡιυΜ
2087 377 2629 439 ΟΟΜΡΕΝΒΙΙῙΜ.

3645 393 3766 453 942

355 535 465 593 χης
524 519 956 597 προσκυνήσεσιν
1009 518 1268 599 ἐσχάταις
1323 519 1592 592 ἐδεξιοῦτο
1656 520 1746 577 καὶ
1803 518 2010 574 ἐκτάσει

2127 529 2408 568 coronam
2440 513 2792 586 reportavit;
2826 531 3018 585 neque
3069 516 3122 570 ei
3169 517 3370 575 datum
3404 529 3494 579 est
3519 528 3772 596 patriar-

351 613 567 682 χειρῶν
621 608 712 664 καὶ
772 607 1055 686 εὐλογίαις
1113 609 1273 666 αὐτὸν
1331 611 1728 681 κατησπάζετο,
1763 610 1838 683 μή
1873 607 2013 672 θεώ-

361 718 524 770 μενος
555 698 632 769 μὴ
667 699 958 772 θεώμενον,
1007 698 1153 754 ἀλλὰ
1209 706 1324 763 τοῖς
1379 705 1773 773 πνευματικοῖς
1804 695 2012 773 ὀφθαλ-

351 791 477 857 μοῖς
542 785 834 857 ἀλλήλους
898 785 1120 859 ἰδόντες,
1174 789 1266 844 καὶ
1331 790 1393 844 τὸ
1449 796 1730 866 προσῆκον
1787 786 2011 847 ’ὲκαστος

355 871 563 947 ἑκάστῳ
638 875 1010 950 ἀπονέμοντες
1080 873 1259 939 σέϐας.
1336 883 1449 932 Τῶν
1511 876 1898 951 συμπλεόντων
1953 871 2011 929 δέ

354 983 501 1025 τινος
562 963 852 1038 εἰρηκότος
922 971 1002 1039 τῷ
1076 967 1417 1042 πατριάρχῃ,
1479 990 1506 1018 ‹‹
1567 967 1709 1042 Πρὸς
1765 965 1904 1033 τίνα,
1962 962 2008 1016 ὦ

355 1049 620 1122 δέσποτα,
651 1054 745 1114 τὰς
793 1061 980 1130 χεῖρας
1039 1053 1206 1130 αἴρων
1266 1055 1341 1117 εἲς
1399 1054 1532 1129 ὕψος
1582 1057 1672 1110 τὸν
1721 1053 2005 1125 ἀσπασμὸν

349 1143 540 1198 τεποίου
570 1162 584 1214 ;
610 1169 638 1196 »
673 1177 734 1188 -υο
757 1169 784 1197 ‹‹
821 1145 965 1218 Πρὸς
988 1147 1078 1201 τὸν
1101 1146 1419 1214 ὁσιώτατον,
1452 1143 1576 1223 ἔφη,
1607 1145 1696 1199 καὶ
1728 1141 2009 1217 ὁμολογη-

331 1233 453 1304 ,τὴν
483 1234 784 1311 Θεοφάνην,
841 1234 933 1289 τὸν
962 1235 1281 1310 καθηγητήν
1336 1238 1433 1288 τοῦ
1492 1235 1718 1308 Ἀγροῦ,
1753 1230 2002 1304 λαμπάσι

2122 604 2297 658 cham
2331 619 2506 674 porro
2540 603 2838 669 videre,ne
2861 605 2988 676 ejus
3009 605 3099 658 vel
3131 606 3239 664 hac
3258 609 3318 665 in
3343 618 3508 680 parte
3535 613 3772 674 falleret

2121 693 2773 764 vaticinium.Relegato
2794 694 3121 765 Nicephoro
3145 697 3360 754 solium
3383 703 3775 774 archiepisco-

2121 780 2252 852 pale
2269 781 2505 852 indigne
2525 781 2870 836 conscendit
2885 783 3010 854 ipso
3024 785 3492 844 Resurrectionis
3509 793 3772 848 Domini-

2121 887 2201 926 σω
2233 871 2328 926 die
2362 871 2693 925 Theodotus
2725 872 3092 942 Melissenus,
3144 891 3318 945 quem
3352 884 3408 932 et
3435 879 3769 939 Cassiteran

2121 961 2345 1016 dictum
2379 977 2558 1032 supra
2589 962 2950 1017 monuimus.
2985 963 3037 1018 Is
3088 981 3154 1019 eo
3206 973 3460 1036 evectus,
3494 975 3550 1025 et
3582 971 3767 1045 impe-

2118 1051 2332 1105 ratoris
2383 1050 2710 1121 potentiam
2762 1050 2914 1107 858
2966 1053 3077 1106 sibi
3122 1053 3348 1112 habens
3400 1059 3764 1130 adjumento,

2118 1156 2236 1194 non
2262 1141 2388 1208 jam
2419 1139 2480 1192 in
2516 1139 2774 1194 tenebris
2805 1146 2863 1195 et
2894 1141 3120 1210 angulis
3153 1145 3254 1199 sed
3285 1147 3482 1217 palam
3513 1156 3570 1204 et
3591 1151 3766 1222 pleno

2117 1247 2218 1285 ore
2251 1227 2814 1300 imaginiperdarum
2845 1231 3238 1303 promulgavit
3267 1234 3563 1293 haaresim.

355 1320 448 1374 καὶ
483 1319 821 1394 θυμιάμασιν
854 1322 1002 1393 ἡμᾶς
1060 1318 1420 1392 δεξιούμενον.
1455 1343 1483 1371 ››
1541 1321 1672 1377 Μετ’
1732 1317 1798 1373 οὗ
1847 1315 1992 1372 πολὺ
2049 1313 2108 1371 δὲ
2163 1315 2253 1370 καὶ
2311 1317 2346 1383 ἡ
2401 1317 2497 1368 τοῦ
2558 1313 2902 1390 πατριάρχου
2932 1311 3088 1386 ἐξέϐη
3122 1317 3199 1381 εἷς
3247 1313 3399 1395 ἔργον
3433 1322 3762 1398 πρόῤῥησιςο

353 1408 491 1482 μετά
554 1407 792 1464 πολλῶν
855 1409 960 1484 γὰρ
1017 1409 1108 1464 καὶ
1174 1407 1361 1464 ἄλλων
1427 1408 1478 1464 έν
1548 1408 1610 1463 οὐ
1675 1411 1868 1482 μακρῷ
1950 1404 2050 1480 τῇς
2135 1404 2460 1474 Ἐκκλησίας
2528 1401 2838 1479 ἀφορισθεῖς
2905 1403 2995 1458 καὶ
3061 1404 3300 1469 πολλαῖς
3367 1414 3453 1464 καί
3522 1409 3770 1486 ἀπείροις

351 1498 660 1552 κακώσεσιν
724 1493 1062 1568 ὑποϐληθεὶς
1117 1499 1211 1554 τὸν
1265 1505 1364 1567 τῆς
1426 1494 1739 1574 ὁμολογίας
1797 1493 2094 1566 ἀνεδήσατο
2153 1493 2434 1570 στέφανον,
2499 1489 2694 1563 μηκέτι
2757 1492 3041 1546 θεάσασθαι
3088 1499 3184 1549 τοῦ
3226 1496 3426 1552 λοιποῦ
3455 1500 3546 1553 τὸν
3579 1521 3771 1576 πατρι-

355 1587 544 1661 άρχην
593 1586 861 1655 ἀξιωθεὶς,
923 1585 1006 1640 ἴνα
1065 1583 1199 1660 μηδ’
1255 1585 1307 1640 έν
1363 1584 1542 1658 τούτῳ
1602 1582 1831 1660 διαπέσῃ
1890 1587 1925 1655 ἡ
1983 1587 2080 1639 τοῦ
2137 1583 2484 1656 πατριάρχου
2542 1579 2864 1657 πρόρρησις.
2925 1581 3212 1658 Ὑπερορίᾳ
3269 1582 3325 1640 δέ
3371 1591 3468 1642 τοῦ
3507 1591 3773 1665 πατριάρ-

358 1694 466 1749 χου
524 1676 1034 1752 παραπεμφθέντος,
1094 1677 1167 1738 ὡς
1225 1675 1471 1751 εἷ’πομεν,
1530 1673 1728 1731 ἄνεισιν
1785 1674 2009 1747 ἀναξίως
2067 1671 2142 1734 εἷς
2207 1673 2298 1726 τὸν
2376 1676 2474 1740 τῆς
2531 1668 2948 1744 ἀρχιερωσύνης
3005 1675 3214 1749 θρόνον,
3268 1678 3384 1730 κατ’
3441 1679 3609 1748 αὐτὴν
3667 1682 3768 1751 τὴν

353 1770 459 1832 τῆς
518 1763 884 1826 Ἀναστάσεως
939 1768 1037 1820 τοῦ
1093 1766 1302 1839 Κυρίου
1358 1765 1592 1841 ⁴ἡμέραν,
1655 1761 1917 1826 Θεόδοτος
1998 1763 2026 1816 ὁ
2111 1758 2477 1830 Μελισσηνὸς,
2529 1756 2590 1812 δν
2646 1759 2736 1812 καὶ
2791 1763 3132 1838 Κασσιτηρᾶν
3189 1767 3686 1843 προσαγορεύεσθαι
3738 1773 3767 1828 ὁ

354 1850 527 1928 λόγος
587 1853 790 1928 φθάσας
848 1854 1173 1930 παρέστησε.
1237 1857 1321 1926 [Ρ.
1355 1857 1482 1930 490]
1538 1855 1640 1912 Καὶ
1703 1858 1800 1908 τοῦ
1861 1850 2055 1925 θρόνου
2113 1845 2327 1920 ἐπιϐὰς,
2387 1845 2534 1922 ἔχων
2591 1843 2648 1902 δὲ
2703 1852 3183 1926 συνεπαρήγουσαν
3219 1855 3309 1910 καὶ
3342 1857 3438 1926 τήν
3477 1859 3767 1932 βασιλικὴν

361 1941 630 2015 ἐξουσίαν,
690 1943 789 1998 οὐκ
844 1941 898 1998 ἐν
955 1945 1133 2000 σκότει
1192 1946 1283 2000 καὶ
1343 1945 1563 2024 γωνίαις
1621 1939 1724 2017 ἔτι,
1785 1940 1913 1998 ἀλλ’
1968 1942 2024 1994 ἐν
2081 1939 2326 2013 ὑπαίθρῳ
2378 1937 2468 1992 καί
2518 1936 2797 2014 παρρησίᾳ
2843 1942 2944 2009 τὴν
2984 1942 3184 2016 αἳρεσιν
3231 1950 3338 2000 τῶν
3369 1948 3766 2024 Εἶκονομάχων

365 2027 710 2104 ἔδημοσίευε.

432 2118 578 2173 Λέων
621 2116 676 2174 δὲ
731 2120 760 2174 ὁ
826 2119 1084 2194 βασιλεὺς
1129 2125 1199 2195 τῇ
1280 2143 1337 2178 τε
1391 2120 1821 2197 προηγησαμένῃ
1862 2118 1999 2174 κατά

2181 2120 2255 2172 At
2284 2119 2496 2173 Leonis
2523 2118 2778 2189 impetus
2809 2121 2992 2175 animi
3027 2139 3268 2192 prorsus
3300 2133 3472 2181 erant
3491 2129 3766 2199 elTrenes,

365 2206 686 2282 Βουλγάρων
737 2208 860 2283 νίκῃ
911 2210 1324 2286 ἐξωγκωμένος,
1375 2212 1463 2265 καὶ
1510 2211 1648 2266 κατά
1692 2214 1800 2264 τῶν
1842 2205 2008 2281 Ἀρά-

356 2291 466 2352 ϐων
529 2295 586 2353 δὲ
647 2303 830 2372 μικρῷ
882 2299 1149 2374 πρότερον
1232 2300 1560 2375 εὐτυχήσας,
1631 2298 2005 2376 ἀκατάσχετος

345 2386 412 2456 ἦν
468 2388 530 2442 τὸ
585 2387 841 2462 φρόνημα
894 2389 984 2442 καὶ
1052 2390 1188 2465 πρὸς
1256 2391 1319 2445 τὸ
1379 2388 1619 2462 σκληρὸν
1653 2389 1887 2456 ,ἀπένευε
1917 2386 2005 2439 καὶ

351 2475 651 2550 ὠμότερον·
710 2478 1080 2554 ἀπαραίτητός
1135 2499 1192 2535 τε
1247 2479 1347 2552 γάρ
1405 2479 1503 2547 τὴν
1553 2478 1718 2552 ὀργῆν
1752 2475 2004 2550 ἐγεγόνει,

341 2565 432 2619 καὶ
511 2571 618 2621 τῶν
704 2567 1124 2641 άπαρτημάτων
1221 2566 1497 2635 κολαστὴς
1579 2565 2003 2639 αὐστηρότατος,

342 2658 458 2716 τοῖς
533 2675 590 2710 τε
671 2655 1018 2731 ἐντυγχάνειν
1097 2655 1374 2713 ἐθέλουσιν
1471 2655 1818 2716 ἀνέντευκτος
1916 2652 2006 2706 καὶ

345 2739 786 2818 δυσξύμϐουλος,
844 2746 931 2802 έπί
987 2767 1045 2802 τε
1106 2752 1324 2823 μικροῖς
1372 2747 1727 2822 ἁμαρτήμασι
1764 2740 2007 2818 μεγάλας

355 2829 622 2910 ἐπιφέρων
651 2835 746 2896 τὰς
779 2833 1090 2904 καταδίκας,
1136 2837 1209 2890 ὧν
1263 2837 1356 2910 μὶν
1393 2841 1582 2910 χεῖρας
1608 2831 2008 2910 ἀφαιρούμενος

351 2921 425 2975 ὧν
461 2920 516 2976 δέ
546 2920 718 2985 πόδας
749 2924 823 2977 ὧν
870 2921 927 2978 δὲ
973 2945 1096 2978 τινα
1143 2920 1300 3000 ἓτερα
1345 2928 1454 2979 τῶν
1501 2923 1877 2996 καιριωτάτων
1914 2938 2007 2992 με·

360 3010 496 3082 λῶν,
531 3014 664 3089 ἅπερ
697 3015 1093 3088 ἀποτέμνεσθαι
1147 3015 1580 3092 ἀποφαινόμενος
1608 3013 1709 3066 ἀνὰ
1735 3014 1836 3076 τὴν
1869 3009 2010 3064 λεω-

355 3101 522 3176 φόρον
606 3095 1054 3178 ἀνακρεμαννύειν
1151 3103 1426 3159 ἐκέλευσεν
1515 3103 1589 3164 εἷς
1670 3097 2006 3170 κατάπληξιν

352 3190 499 3268 τάχα
553 3196 662 3246 τῶν
719 3192 971 3266 ὁρώντων
1023 3193 1114 3246 καὶ
1171 3189 1311 3254 δέος.
1380 3193 1476 3247 Ἐκ
1526 3190 1719 3246 τούτον
1778 3186 2009 3261 μισητὸς

362 3278 592 3349 κατέστη
651 3285 732 3352 τῷ
794 3280 898 3336 ὑπὸ
949 3287 1111 3356 χείρα
1168 3279 1343 3335 παντί.
1409 3277 1580 3334 Πλέον
1609 3275 1656 3332 δ’
1689 3275 1922 3332 ἐπέτεινε
1947 3276 2010 3330 τὸ

367 3372 526 3439 μῖσος
588 3368 655 3423 τὰ
717 3365 853 3424 πετὰ
916 3373 1102 3424 ταῦτα⁹
1174 3369 1234 3424 οὐ
1307 3368 1468 3443 μόνον
1533 3369 1634 3443 γὰρ
1703 3367 1837 3422 κατά
1903 3368 2010 3420 τῶν

2116 2209 2337 2262 recenti
2365 2207 2436 2262 de
2469 2207 2734 2280 Bulgaris
2764 2209 3008 2265 victoria
3039 2228 3105 2267 ac
3154 2214 3330 2284 paulo
3366 2222 3501 2271 ante
3533 2235 3597 2272 re
3628 2235 3768 2274 con-

2118 2301 2207 2351 tra
2239 2295 2460 2353 Arabes
2493 2296 2745 2352 feliciter
2766 2303 2930 2369 gesta
2952 2299 3166 2356 inﬂati.
3189 2305 3392 2374 Itaque
3424 2305 3768 2379 duriorjam

2116 2401 2243 2440 esse
2279 2391 2335 2439 et
2361 2385 2432 2439 ad
2465 2385 2875 2440 crudelitatem
2925 2389 3174 2458 prolabi,
3209 2392 3324 2446 iras
3365 2395 3765 2466 implacabiles

2115 2489 2352 2545 genere,
2381 2480 2438 2528 et
2460 2474 2675 2528 delicta
2698 2477 3070 2531 severissime
3094 2481 3304 2548 punire
3330 2497 3342 2545 ;
3368 2486 3646 2556 congredi
3669 2493 3772 2542 aut

2115 2562 2424 2616 consulere
2482 2561 2821 2616 volentibus
2879 2564 3185 2620 difﬁcilem
3221 2584 3282 2622 se
3324 2571 3586 2639 praebere
3614 2573 3626 2626 !
3659 2591 3766 2645 pro

2117 2650 2309 2722 parvis
2369 2650 2603 2705 delictis
2659 2668 2862 2724 graves
2921 2653 3229 2726 imponere
3262 2675 3508 2729 poenas;
3554 2679 3766 2720 manus

2117 2738 2452 2804 nonnullis,
2483 2737 2615 2794 aliis
2647 2739 2848 2810 pedes,
2872 2741 3005 2796 aliis
3037 2743 3152 2800 alia
3184 2749 3449 2818 corporis
3479 2758 3764 2822 praestan-

2116 2828 2269 2882 tiora
2290 2827 2556 2882 membra
2575 2830 2867 2900 amputari
2893 2847 3077 2902 eaque
3101 2833 3162 2888 in
3183 2835 3274 2890 via
3293 2838 3453 2908 regia
3483 2841 3766 2912 suspendi

2110 2915 2345 2987 jubere,
2371 2933 2486 2986 quo
2512 2921 2794 2972 terrorem
2818 2919 3153 2976 videntibus
3178 2930 3522 2998 metumque
3547 2929 3768 2986 incute-

2119 3010 2227 3060 ret.
2265 3005 2346 3059 Ob
2380 3005 2506 3060 hmc
2537 3005 2685 3060 nulli
2718 3024 2838 3062 non
2871 3009 3239 3068 subditorum
3266 3015 3508 3086 invisus,
3533 3019 3604 3073 iis
3635 3036 3766 3090 qum

2121 3094 2438 3149 subsecuta
2467 3100 2605 3150 sunt
2638 3096 2999 3153 facinoribus
3031 3101 3166 3156 odia
3213 3103 3275 3158 in
3322 3121 3383 3160 se
3429 3109 3609 3164 auxit.
3642 3109 3769 3164 Non

2121 3185 2280 3240 enim
2313 3189 2519 3239 contra
2551 3185 2819 3241 homines
2864 3192 3094 3244 tantum
3135 3192 3403 3262 ejusdem
3435 3211 3635 3252 secum
3667 3215 3772 3255 na-

2121 3279 2267 3329 tura;
2299 3279 2357 3328 et
2386 3273 2691 3346 dignitatis
2722 3276 3080 3333 efferebatur
3123 3285 3302 3352 atque
3338 3285 3635 3353 saeviebat,
3669 3287 3774 3344 sed

2121 3361 2401 3418 adversus
2434 3363 2623 3434 ipsam
2655 3363 2833 3418 etiam
2864 3366 3145 3436 pietatem
3177 3370 3481 3442 Deumque
3513 3373 3769 3431 furebat.

354 3456 644 3531 ὁμοτίμων
704 3459 804 3526 τήν
861 3458 1019 3532 φύσιν
1087 3458 1384 3533 ἀνθρώπων
1445 3455 1776 3552 έπῆρτοῼκαὶ
1833 3455 2005 3530 ἠγρι-

2123 3451 2206 3506 Ad
2239 3452 2363 3506 haec
2396 3457 2606 3507 nactus
2651 3458 2739 3506 est
2782 3455 3156 3525 aptissimum
3194 3458 3657 3518 instrumentum
3688 3463 3770 3517 vi-

351 3545 552 3611 αίνετο,
633 3545 779 3602 ἀλλὰ
851 3547 940 3602 καὶ
1014 3549 1129 3603 κατ’
1230 3547 1395 3618 αὐτῆς
1482 3541 1832 3617 έκορυϐαντία
1905 3550 2007 3613 τῆς

359 3627 615 3694 εὐσεϐοῦς
675 3633 906 3697 πίστεως
956 3636 1044 3688 καὶ
1101 3638 1197 3688 τοῦ
1253 3638 1407 3688 Θεοῦ.
1467 3635 1727 3709 Ὀργανον
1789 3630 1834 3686 δ’
1893 3629 2009 3684 έπι·

355 3718 578 3790 τήδειον
608 3723 744 3797 πρὸς
775 3727 935 3777 τοῦτο
993 3717 1149 3798 ἔσχεν
1204 3719 1368 3798 ἄνδρα
1418 3722 1539 3777 τινὰ
1594 3715 1884 3791 διαϐόητον
1922 3718 2008 3782 έπὶ

356 3811 678 3887 πανουργίᾳ,
758 3816 856 3866 τοῦ
934 3814 1211 3886 τάγματος
1291 3818 1400 3867 τῶν
1484 3811 1534 3866 έν
1622 3815 1701 3884 τῷ
1758 3808 2009 3881 παλατίῳ

356 3899 686 3975 ψαλλόντων
721 3903 818 3971 τήν
853 3901 1030 3978 ἀρχην
1086 3898 1301 3977 ἔχοντα,
1357 3898 1547 3972 ἔξωθεν
1584 3901 1677 3975 μέν
1712 3899 2008 3974 ἱεροπρεπῆ

355 3992 678 4070 φαινόμενον
737 3991 828 4045 καὶ
889 3986 1139 4060 θεοσεϐῆ,
1221 3986 1429 4046 ἔνδοθεν
1491 3989 1548 4045 δὲ
1614 3991 1689 4052 ὡς
1748 3989 1799 4044 έν
1859 3992 2014 4064 βαθεῖ

354 4076 542 4151 κωδίῳ
599 4080 690 4134 τὸν
748 4078 912 4134 λύκον
971 4077 1425 4137 έπικαλύπτοντα.
1486 4081 1660 4142 Οὗτος
1711 4079 1738 4134 ὁ
1772 4075 2010 4153 βέϐηλος

358 4169 548 4243 καιρὸν
605 4166 916 4239 ἐπιτήδειον
1001 4169 1268 4242 εὑρηκὼς,
1323 4171 1437 4224 καθ’
1513 4169 1572 4223 ὅν
1641 4168 1716 4230 εἷς
1775 4167 2009 4238 ἐπήκοον

365 4254 416 4312 έν
473 4261 539 4330 τῇ
601 4255 903 4329 Ἐκκλησία
959 4256 1146 4322 εἲωθεν
1205 4261 1240 4327 ἡ
1315 4262 1410 4313 τοῦ
1479 4255 2012 4334 μεγαλοφωνοτάτου

361 4346 584 4402 Ἡσαΐου
710 4347 1076 4422 ἀναγινώσθαι
1205 4347 1514 4424 προφητεία
1615 4348 1648 4415 ἡ
1755 4344 2012 4422 λέγουσα,

363 4459 390 4486 ιι
431 4436 543 4489 Τίνι
623 4435 947 4508 ὡμοιώσατε
1029 4438 1274 4510 Κύριονς
1348 4436 1438 4490 καὶ
1511 4434 1617 4490 τίνι
1695 4436 2016 4491 ὡποιώσατε

361 4524 565 4593 aena»;
630 4525 722 4594 Μὴ
781 4524 960 4580 εἷ’κόνα
1019 4524 1239 4595 ἐποίησε
1321 4524 1548 4595 τέκτων,
1605 4524 1640 4594 ἢ
1700 4525 2014 4600 χρυσοχόος

358 4610 641 4688 χωνεύσας
699 4615 935 4686 χρυσίον
991 4614 1430 4690 περιεχρύσωσεν
1485 4612 1677 4685 αὐτὴν,
1729 4615 1764 4684 ἢ
1806 4613 2017 4685 ὁμοιώ-

368 4721 498 4774 ματι
556 4700 935 4756 κατεσκεύασεν
1016 4703 1234 4774 αὐτήνς
1291 4727 1319 4754 ››
1389 4703 1477 4757 καὶ
1561 4702 1628 4757 τά
1684 4702 1852 4758 λοιπά
1918 4708 2018 4770 τῆς

365 4794 722 4864 προφητείας·
802 4791 1078 4866 παραστάς
1140 4791 1230 4846 οῦν
1306 4793 1442 4865 πρὸς
1547 4793 1638 4854 οὒς
1717 4789 1866 4868 λέγει
1940 4795 2020 4863 τῷ

2122 3557 2252 3595 rum
2283 3541 2603 3611 quemdam
2626 3541 2845 3596 nobilis
2869 3545 3160 3612 versutim,
3185 3548 3412 3604 cohorti
3440 3568 3645 3607 eorum
3669 3553 3768 3623 qui

2122 3630 2181 3683 in
2214 3629 2429 3700 palatio
2453 3629 2776 3699 psallerent
2798 3631 3140 3700 prmfectum
3161 3651 3174 3698 ;
3195 3637 3295 3704 qui
3320 3655 3439 3708 praa
3463 3656 3524 3694 se
3547 3641 3770 3696 sancti-

2123 3719 2384 3772 moniam
2404 3717 2601 3772 ferens
2619 3725 2792 3788 atque
2811 3719 3091 3790 pietatem
3113 3723 3275 3779 intus
3297 3726 3404 3781 sub
3427 3728 3609 3785 densa
3631 3730 3770 3787 lana

2122 3807 2328 3878 lupum
2385 3806 2651 3860 abditum
2705 3807 2990 3877 gestabat.
3048 3811 3322 3881 Impurus
3379 3816 3490 3870 iste
3539 3823 3774 3890 tempus

2122 3895 2369 3967 adeptus
2399 3900 2822 3966 opportunum,
2846 3913 2961 3966 quo
2983 3897 3058 3953 ad
3088 3915 3262 3955 aures
3293 3904 3568 3960 Ecclesia)
3600 3923 3768 3962 usur-

2121 3990 2326 4057 patum
2357 3990 2446 4039 est
2479 3984 2710 4040 recitari
2761 3987 3396 4058 magniloquentissimi
3427 3995 3593 4049 Isaia:
3624 3996 3767 4050 vati-

2122 4076 2376 4130 cinium:
2411 4098 2436 4124 ιι
2464 4075 2565 4130 Cui
2588 4075 2993 4133 assimilabitis
3017 4080 3371 4136 Dominum?
3399 4083 3551 4139 859
3586 4102 3772 4142 unum

2123 4166 2319 4237 opifex
2349 4165 2605 4236 efﬁgiem
2637 4164 2831 4236 faciet,
2874 4173 2978 4222 aut
3018 4169 3315 4225 aurifaber
3342 4173 3599 4230 conﬂato
3628 4192 3774 4232 auro

2125 4269 2255 4308 eam
2315 4251 2642 4323 integet?»
2704 4257 2839 4314 etc..
2901 4259 3040 4309 tunc
3097 4273 3232 4328 ergo
3291 4259 3388 4314 ille
3430 4261 3775 4334 imperatori

2125 4348 2326 4398 astans
2349 4342 2409 4397 in
2433 4358 2672 4398 aurem:
2698 4366 2724 4393 ‹‹
2751 4343 3187 4414 Animadverte,
3212 4347 3428 4420 inquit,
3449 4351 3576 4409 haec
3597 4353 3777 4412 verba

2125 4437 2190 4487 ut
2214 4448 2286 4486 ne
2310 4437 2364 4486 te
2389 4431 2570 4487 lateat
2587 4432 2827 4487 veritas:
2849 4434 3207 4505 amplectere
3229 4437 3384 4495 hanc
3405 4441 3773 4514 religionem,

2127 4537 2306 4592 quam
2339 4520 2443 4575 tibi
2477 4527 2635 4576 vates
2666 4519 2868 4576 dictat.
2905 4544 2934 4572 »
2989 4525 3088 4578 His
3118 4525 3294 4582 dictis
3325 4546 3558 4586 vaasano
3588 4532 3774 4603 impe-

2127 4609 2310 4666 ratori
2341 4609 2534 4665 acrius
2565 4610 2808 4667 hmresis
2838 4628 3128 4669 venenum
3171 4615 3498 4686 instillavit,
3525 4620 3607 4675 ita
3635 4626 3701 4676 ut
3728 4621 3776 4675 is

2131 4716 2307 4771 quam
2341 4699 2502 4770 prius
2533 4698 2880 4772 religionem
2916 4719 3092 4772 parce
3114 4720 3180 4759 ac
3203 4705 3544 4764 dubitanter
3573 4709 3778 4779 praedi-

2130 4790 2250 4845 cari
2275 4788 2673 4854 mandaverat,
2683 4789 2810 4860 jam
2836 4799 3036 4862 aperte
3057 4793 3549 4868 impudenterque
3573 4813 3780 4852 omnes

369 4875 605 4954 βασιλεῖ·
643 4902 670 4930 ‹‹
706 4879 868 4940 Σύνες
914 4884 1030 4941 τοῖς
1079 4878 1426 4954 λεγομένοις,
1459 4879 1504 4934 ὦ
1539 4879 1782 4956 βασιλεῦ,
1813 4881 1903 4934 καὶ
1939 4881 2010 4953 μή

2129 4878 2406 4949 amplecti
2433 4876 2702 4948 jusserit,
2737 4878 2796 4932 ni
2828 4878 3111 4946 facerent,
3145 4885 3490 4953 gravissima
3521 4884 3781 4940 minatus

362 4963 505 5040 λάθῃ
569 4987 624 5021 σε
704 4967 765 5022 τὸ
823 4965 1046 5038 ἀληθές,
1103 4968 1194 5022 καὶ
1257 4970 1515 5039 τοιαύτης
1575 4967 1709 5047 ἔχου
1769 4967 2020 5042 λατρείας

361 5058 553 5111 ὁποίαν
582 5078 666 5112 σοι
721 5057 1045 5128 ὑποτίθησιν
1099 5059 1126 5114 ὁ
1179 5062 1490 5136 προφήτης,
1526 5083 1553 5110 ››
1585 5063 1817 5113 Τοιαῦτα
1849 5058 2014 5113 εἰπὼν

359 5143 601 5216 ἐνέσταξε
657 5149 726 5220 τῇ
787 5144 1000 5219 διανοίᾳ
1052 5151 1148 5202 τοῦ
1210 5145 1484 5222 βασιλέως
1543 5145 1769 5202 πλείονα
1809 5147 1892 5201 ἶὸν
1919 5153 2018 5209 τῆς

358 5233 640 5307 αἱρέσεως,
674 5234 747 5297 ὡς
786 5232 854 5304 ἤν
912 5235 1177 5310 πρότερον
1243 5236 1376 5310 μετὰ
1436 5234 1657 5313 φειδοῦς
1685 5235 1776 5290 καὶ
1808 5233 2017 5290 ένδοια-

2132 4967 2304 5022 mala.
2337 4968 2636 5037 Quotquot
2667 4982 2803 5036 ergo
2837 4969 3090 5022 mollitia
3137 4970 3271 5024 victi
3304 4977 3444 5026 tunc
3474 4973 3780 5028 veritatem

2128 5055 2538 5128 prodiderunt,
2578 5054 2651 5108 iis
2684 5055 2885 5109 omnia
2916 5062 3040 5110 tuta
3070 5063 3257 5113 erant.
3293 5061 3400 5124 Qui
3440 5067 3636 5116 autem
3671 5062 3779 5118 im-

2128 5145 2398 5218 piissimo
2441 5143 2718 5198 mandato
2771 5159 2891 5198 non
2940 5151 3236 5216 parerent,
3292 5147 3353 5204 in
3403 5149 3782 5221 gravissimos

2127 5235 2429 5291 cruciatus
2456 5249 2523 5287 ac
2556 5231 2923 5286 calamitates
2955 5232 3366 5291 deveniebant.

361 5326 504 5396 σμοῦ
534 5323 818 5398 κηρύττειν
850 5324 1106 5400 ἠπείγετο
1139 5323 1420 5401 λατρείαν,
1448 5325 1647 5394 ταύτην
1681 5323 2180 5398 ἀνακεκαλυμμένῳ
2226 5321 2511 5396 προσώπῳ
2566 5317 2653 5371 καὶ
2687 5315 2940 5388 ἀναιδῶς,
2975 5318 3144 5373 εἰπεῖν
3174 5319 3340 5378 πλέον
3379 5324 3513 5398 μετὰ
3542 5325 3782 5383 ἀπειλῶν

351 5413 442 5467 καὶ
527 5410 790 5469 κινδύνων
875 5415 1147 5488 αἱρεῖσθαι
1203 5415 1528 5491 ἠνάγκαζεν.
1577 5415 1734 5472 Ὀσοι
1791 5415 1886 5486 μέν
1943 5413 2040 5468 οὖν
2103 5408 2537 5486 μαλακιζόμενοι
2587 5403 2952 5479 προὺδιδοσαν
3007 5409 3109 5477 τήν
3163 5409 3447 5482 ἀλήθείαν,
3481 5414 3533 5470 έν
3580 5413 3788 5480 ἀδείαις

353 5500 513 5569 ἦσαν·
544 5502 597 5556 οἱ
631 5504 706 5576 μὴ
742 5505 1164 5578 πειθαρχοῦντες
1198 5501 1256 5561 δὶ
1283 5508 1364 5575 τῷ
1417 5504 1585 5559 αὐτοῦ
1648 5497 2053 5575 δυσσεϐεστάτῳ
2081 5498 2464 5577 προστάγματι
2520 5493 2840 5564 ἀνηκέστοις
2873 5496 3074 5560 αἰκίαις
3103 5499 3190 5554 καὶ
3229 5511 3534 5581 συμφοραῖς
3564 5501 3789 5581 παρεδί-

366 5585 548 5646 δοντο.

437 5679 644 5758 Καίπερ
713 5680 771 5738 δέ
829 5679 1006 5747 οὕτως
1064 5681 1210 5760 ἔχων
1268 5679 1579 5749 δυσσεϐείας
1633 5684 1724 5738 καὶ
1785 5703 2021 5758 παρανο-

2205 5681 2280 5737 At
2323 5677 2482 5736 enim
2535 5677 2667 5747 Leo,
2719 5695 3060 5752 quanquam
3103 5682 3442 5756 hujusmodi
3479 5687 3786 5761 impietate
