4148 6212
315 324 443 389 948

1447 325 1998 392 ΗῐετοιιιΑιιυΜ
2041 327 2602 394 COMPENDIUM.

3622 336 3752 397 946

322 453 478 515 ἔνδον
508 461 611 530 τῆς
642 452 868 532 καρδίας
928 454 1273 535 ἱκφαυλίζειν
1331 454 1629 534 δυναμενος
1684 461 1974 536 μυστήρια.

2095 463 2328 520 veniret
2354 465 2685 537 proferens.
2719 467 2806 521 Ita
2843 471 2903 521 et
2949 466 3021 523 de
3070 466 3425 540 imperatore
3474 468 3747 540 quaedam

321 544 547 606 Ἔλᾶλει
602 545 709 625 γὰρ
772 550 879 603 πᾶν
930 547 995 603 τὸ
1061 547 1462 623 παριστάμενον
1516 549 1593 611 εἷς
1646 549 1980 629 τοῦμφανὶς,

318 635 641 712 ἀπερρίπτει
674 632 734 692 δὶ
761 636 854 691 καὶ
902 637 1022 692 κατ’
1079 636 1247 693 αὐτοῦ
1298 642 1396 694 τοῦ
1457 636 1728 713 βασιλέως
1781 637 1980 716 λόγους

313 725 418 782 οὐκ
467 725 784 800 εὐπρεπεῖς,
843 723 1094 782 ἀπειλῶν
1178 726 1331 800 αὖτῷ
1405 748 1464 783 τε
1517 729 1827 804 καθαίρεσιν
1878 731 1979 799 τῆς

320 813 607 892 βασιλείας
661 814 754 871 καὶ
807 818 879 888 τῇ
945 813 1110 872 αὐτοῦ
1190 818 1413 894 συζόγῳ
1480 816 1656 894 γάμον
1728 817 1977 874 Ξπισείων

314 902 550 961 ἀνόσιον.
619 904 798 980 Ἀπερ
855 904 884 960 ὁ
950 903 1220 980 βασιλεὺς
1303 905 1699 981 πυνθανόμενος
1760 911 1977 984 πρῶτον

324 994 424 1070 μὶν
480 992 817 1070 εὔμηχᾶνως
875 992 1131 1071 ἆπειρᾶτο
1212 997 1810 1072 παραπροσποιούμενο
1873 998 1975 1069 τήν

317 1086 541 1160 γνῶσιν,
598 1080 917 1153 ἀποστῆσαι
972 1086 1168 1139 τοῦτον
1222 1090 1325 1154 τῆς
1382 1083 1830 1161 ἇθυρογλωσσίας
1884 1086 1978 1142 καὶ

318 1175 430 1227 τῶν
510 1175 692 1227 κακῶν
780 1171 1183 1247 βουλευμάτων
1269 1170 1631 1250 βουλόμενος.
1691 1175 1788 1250 [Ρ.
1849 1178 1977 1251 492]

314 1257 470 1332 ᾝδει
496 1260 598 1338 γὰρ
659 1261 826 1319 αὐτὸν
872 1261 1136 1339 αἰσχίστῃ
1192 1262 1341 1337 νόσῳ
1390 1262 1683 1339 ἀκολάστῳ
1743 1263 1974 1342 γλώσσῃ

319 1347 673 1407 δουλεύοντα.
729 1356 817 1415 Ὧς
873 1346 934 1407 δὶ
991 1352 1082 1407 καὶ
1166 1350 1511 1428 παραινέσεσι
1576 1354 1668 1410 καὶ
1722 1353 1979 1421 ἀπειλαῖς

312 1440 427 1511 ὃτιη
485 1439 742 1516 παρείκοι
803 1440 1100 1516 χρώμενος
1182 1438 1337 1506 ευθὺς
1423 1443 1522 1517 μὶν
1585 1441 1977 1520 ἃξαρνούμενον

315 1525 531 1605 εὕρισκε
581 1529 650 1586 τὰ
705 1527 999 1605 λεγόμενα,
1047 1526 1231 1593 ἀδείας
1289 1527 1348 1586 δὶ
1401 1529 1568 1588 πάλιν
1632 1533 1977 1608 τετυχηκότα

316 1621 427 1673 τῶν
456 1617 592 1674 κατὰ
639 1617 844 1674 σκοπὸν
901 1619 980 1692 μή
1035 1619 1420 1697 ἀφιστάμενον,
1477 1619 1768 1699 ἐπαφίησιν
1828 1621 1975 1695 αὖτῷ

321 1704 561 1771 σκοποὺς
617 1706 709 1763 καὶ
762 1705 1106 1772 ὦτακουστὶς
1168 1704 1512 1780 λεληθότως,
1583 1710 1775 1773 οἳτινες
1830 1709 1975 1767 πολ-

313 1791 477 1858 λάκις
536 1794 589 1905 ιζ,
642 1793 923 1905 ρύωχίαιςν
960 1795 1052 1851 καὶ
1113 1794 1315 1905 μίθκαις.
1353 1798 1809 1872 μετακινούμενον
1863 1802 1971 1855 τῶν
2001 1838 2051 1905 Β

318 1887 531 1963 φρενῶν
561 1883 667 1940 ὑπὸ
707 1887 806 1940 τοῦ
861 1882 1010 1941 οἴνου
1067 1879 1471 1949 καταλαϐόντες
1509 1887 1599 1942 καὶ
1655 1892 1772 1950 τοῖς
1829 1909 1973 1961 προ-

307 1974 493 2049 τέροις
575 1971 733 2047 μάλα
810 1973 1113 2049 προθύμως
1193 1972 1567 2048 ἕπιτιθίμενον
1659 1974 1972 2047 κατάδηλον

310 2066 544 2119 ποιοῦσι
573 2065 654 2135 τῷ
696 2060 934 2137 βασιλεῖ.
992 2061 1241 2139 Ἐγίνετο
1285 2060 1345 2119 δὲ
1392 2065 1682 2139 προσθήκη
1741 2063 1972 2128 πίστεως

311 2156 424 2209 τῶν
480 2146 938 2228 διαϐαλλομένων
977 2157 1058 2226 τῷ
1113 2154 1349 2234 Μιχαὴλ
1407 2155 1499 2210 καὶ
1530 2155 1561 2210 ὁ
1594 2152 1969 2228 Ἐξαϐούλιος,

308 2240 450 2316 ἀνὴρ
480 2242 762 2318 φρενήρης
794 2241 885 2298 καὶ
938 2244 1182 2314 συνήθης
1229 2246 1309 2315 τῷ
1354 2241 1594 2317 βασιλεῖ,
1636 2245 1740 2301 οὐκ
1788 2245 1972 2321 ἄγνω-

315 2350 442 2393 στος
472 2327 531 2387 δὶ
557 2351 648 2408 καξ
694 2334 777 2405 τῷ
837 2329 1095 2408 Μιχαήλ.
1158 2332 1329 2394 Οὗτος
1384 2331 1660 2396 πολλάκις
1714 2334 1966 2414 ἐπισχεῖν

317 2420 483 2477 αὐτὸν
511 2427 613 2491 τῆς
662 2420 1070 2497 ἀθυροστομίας
1126 2418 1513 2499 ἐπιχειρήσας,
1563 2422 1652 2479 καὶ
1704 2425 1965 2495 παραινὲ-

304 2531 406 2575 σας
437 2515 623 2588 σιγᾷν,
680 2510 775 2567 καὶ
835 2512 914 2586 μή
971 2509 1146 2575 οὕτως
1204 2511 1447 2588 ἀκαίρως
1502 2511 1968 2590 παρρησιάζεσθαι

304 2601 396 2657 καὶ
443 2598 523 2665 εἷς
576 2601 856 2675 προῦπτον
914 2600 1103 2659 ἑαυτὸν
1167 2607 1430 2667 συνωθεῖν
1484 2598 1736 2659 κίνδυνον
1790 2623 1969 2678 παρα-

312 2687 570 2762 καλέσας,
638 2686 829 2761 ἕπειδὴ
894 2691 971 2765 μὴ
1025 2683 1226 2760 ἔπειθε,
1285 2688 1433 2761 δῆλα
1507 2690 1681 2748 πάντα
1728 2692 1797 2748 τὰ
1850 2681 1970 2748 κατ’

190 2798 207 2803 ·
312 2776 478 2836 αὖτὸν
506 2779 693 2851 τίθησι
743 2782 824 2853 τῷ
863 2778 1103 2854 βασιλεῖ.
1153 2779 1262 2838 Καὶ
1309 2777 1377 2852 δὴ
1417 2781 1525 2858 πρὸ
1578 2785 1707 2856 μιᾶς
1754 2782 1968 2858 ἡμέρας

308 2875 419 2940 τῆς
445 2868 584 2926 κατᾶ
612 2869 786 2946 σάρκα
822 2868 1058 2945 Χριστνῦ
1111 2873 1210 2928 τοῦ
1264 2873 1401 2927 Θεοῦ
1449 2871 1612 2941 ἡμῶν
1661 2872 1966 2949 γεννήσεως

316 2954 610 3032 δεξάμενος
634 2957 732 3020 τὰς
773 2958 1034 3033 μηνύσεις
1081 2959 1111 3015 ὁ
1164 2956 1422 3035 βασιλεὺς
1472 2956 1561 3014 ἐπὶ
1618 2959 1868 3034 βήματός
1907 2979 1967 3016 τε

316 3044 374 3104 ἰν
429 3051 549 3109 τοῖς
631 3045 1018 3123 ἆσηκρητείοις
1095 3049 1210 3124 (58)
1293 3045 1525 3115 ἐκάθισε,
1584 3048 1676 3104 καὶ
1731 3042 1966 3126 ἀκριϐὴς

311 3135 596 3208 ὶξεταστῆς
634 3139 744 3191 τῶν
811 3134 1156 3210 μηνυθὲντων
1213 3134 1440 3216 ἐγίνετο.
1490 3135 1801 3195 Ἀλίσκεται
1852 3134 1967 3193 τοί-

312 3198 409 3281 νυν
462 3198 747 3299 τυρανίδος
876 3198 1142 3306 Μιχαὴλ,
1222 3198 1387 3289 alith
1478 3225 1801 3292 καταθίσθαι
1857 3226 1962 3282 ὑπὸ
2001 3198 2047 3268 C

315 3318 421 3384 τῆς
451 3310 726 3390 ἐναργείας
761 3316 870 3369 τῶν
911 3311 1162 3392 ἰλὲγχων
1220 3312 1597 3390 ἀναγκασθείςο
1645 3314 1738 3370 καὶ
1785 3318 1969 3390 ψῆφος

318 3402 600 3480 ἃκφέρεται
644 3405 765 3459 κατ’
818 3404 986 3461 αὐτοῦ
1039 3406 1172 3480 πυρὶ
1227 3403 1590 3482 καταστρέψαι
1646 3405 1749 3474 τήν
1804 3405 1969 3475 ξωήν,

316 3488 693 3570 ἕμϐληθίντος
749 3496 809 3550 ἓν
863 3497 934 3569 τῇ
986 3495 1207 3569 καμίνῳ
1258 3491 1362 3550 τοῦ
1418 3494 1472 3550 ἐν
1553 3497 1634 3568 τῷ
1715 3492 1971 3566 παλατίῳ

317 3580 584 3658 λουτροῦ,
613 3581 756 3638 εἶναι
786 3578 845 3638 δὶ
873 3584 966 3638 καὶ
995 3580 1158 3638 αὐτὰν
1200 3581 1405 3658 θεωρὸν
1454 3583 1545 3637 τὸν
1599 3581 1829 3658 βασιλέα
1872 3585 1971 3637 τοῦ

317 3665 618 3747 δράματος.
648 3676 850 3748 ’Πγετο
883 3671 979 3745 μὶν
1020 3671 1113 3727 οὗν
1164 3672 1265 3742 τήν
1324 3669 1414 3726 ἐπὶ
1471 3671 1695 3735 θάνατον
1755 3667 1974 3744 δεσμώ-

317 3780 443 3832 της,
474 3756 662 3816 εἵπετο
687 3755 746 3816 δὲ
776 3759 869 3815 καὶ
917 3762 948 3818 ὁ
997 3758 1254 3837 βασιλεὺς
1314 3760 1511 3830 θεατὴς
1567 3760 1699 3815 εἶναι
1740 3758 1975 3835 ὀριγνώ-

320 3868 484 3924 μενος
521 3852 620 3906 τοῦ
678 3845 980 3925 δρωμένου.
1040 3850 1130 3907 Ἑν
1186 3846 1299 3924 ὅσῳ
1351 3846 1410 3905 δὶ
1459 3848 1525 3906 τὸ
1578 3849 1776 3922 μεταξὺ
1833 3867 1973 3923 παρα

317 3932 556 4013 ήμειϐον
583 3935 886 4014 διάστημα,
913 3940 949 4009 ἡ
983 3937 1203 4014 βασιλὶς
1231 3936 1515 4005 Θεοδοσία,
1557 3938 1621 3995 τὸ
1648 3940 1747 3993 τοῦ
1777 3938 1973 4013 ’Δρσα-

320 4022 431 4105 ϐἠρ
462 4025 779 4105 θυγάτριον,
806 4029 1056 4100 μαθοῦσα
1081 4027 1145 4084 τὸ
1194 4025 1402 4103 μὲλλον
1447 4032 1765 4104 πραχθῆναι
1814 4021 1975 4097 ἔξεισι

324 4115 462 4192 μετὰ
491 4111 735 4186 σπουδῆς
764 4113 849 4171 ὅτι
877 4114 1100 4186 πολλῆς
1151 4119 1250 4172 τοῦ
1297 4113 1571 4189 θαλάμου,
1615 4109 1974 4195 παράϐασχόν

318 4225 374 4261 τι
402 4204 491 4260 καὶ
546 4205 771 4279 μανικὸν
825 4205 1145 4279 κινουμίνη,
1202 4203 1296 4259 τὸν
1357 4203 1590 4280 βασιλὲα
1643 4224 1703 4261 τε
1739 4203 1977 4261 καταλα-

322 4288 497 4350 ϐοῦσα
526 4291 805 4365 ἀλάστορα
840 4313 898 4348 τε
953 4293 1046 4349 καὶ
1091 4292 1370 4370 θεομάχον
1416 4291 1678 4349 ἀπεκάλει
1726 4293 1808 4355 οἷς
1851 4291 1979 4349 οὐδὲ

318 4384 419 4453 τὴν
471 4382 619 4439 θείαν
672 4381 884 4457 ⁴ἡμέραν
967 4380 1089 4457 ἄγει
1177 4378 1267 4438 διὰ
1367 4378 1610 4460 φειδοῦς,
1687 4386 1786 4438 τοῦ
1831 4382 1979 4438 θείου

327 4471 550 4548 μέλλων
584 4471 841 4544 σώματος
874 4475 1192 4550 μετασχεῖν,
1246 4469 1338 4526 καὶ
1395 4476 1496 4539 τῆς
1544 4472 1724 4547 ὁρμῆς
1787 4469 1978 4528 Bamb.

2093 565 2306 623 parum
2332 552 2583 609 honeste
2599 554 2852 617 dixerat,
2878 554 3116 609 minans
3139 555 3189 609 ei
3210 555 3446 626 imperii
3467 556 3746 627 privatio-

2092 654 2229 695 nem
2264 648 2323 698 et
2352 644 2521 699 uxori
2548 643 2784 699 illicitas
2813 646 3072 716 nuptias.
3107 645 3183 700 Ea
3233 663 3368 700 cum
3420 654 3617 701 essent
3665 648 3741 703 ad

2085 743 2150 783 se
2179 730 2383 791 allata.
2417 733 2742 803 imperator
2772 734 3065 805 principio
3112 734 3317 788 statuit
3369 742 3495 789 arte
3539 752 3673 790 eum
3706 752 3739 790 a

2083 814 2497 873 maledicentia
2525 835 2595 874 ac
2623 820 2817 891 pravis
2872 820 3139 874 consiliis
3178 820 3491 875 detrahere
3537 822 3737 889 (norat

2085 906 2243 965 enim
2275 924 2401 963 eum
2432 909 2782 980 turpissimo
2813 910 3029 982 lingua:
3062 911 3467 965 immoderata:
3528 911 3734 965 morbo

2081 994 2400 1069 laborare),
2428 997 2805 1054 dissimulata
2828 1015 3033 1054 eorum
3056 1016 3187 1070 quae
3211 999 3272 1055 in
3298 1016 3359 1054 se
3387 1004 3557 1055 erant
3583 1000 3672 1054 dir
3684 1006 3739 1055 ta

2081 1085 2312 1141 notitia.
2347 1086 2491 1141 Cum
2510 1092 2709 1143 autem
2737 1088 3158 1143 interminatus
3178 1103 3440 1158 ususque
3465 1088 3738 1145 admoni-

2083 1173 2345 1230 tionibus
2368 1174 2843 1246 deprehenderet
2855 1192 2991 1231 eum
3012 1176 3073 1231 in
3088 1178 3405 1247 praesentia
3421 1176 3741 1235 maledicta

2082 1262 2349 1329 inﬁtiari,
2383 1279 2709 1336 rursusque
2741 1270 2979 1320 nactum
3007 1264 3313 1319 licentiam
3344 1264 3417 1319 ab
3476 1265 3732 1338 inccepto

2081 1367 2203 1408 non
2233 1350 2539 1420 desistere,
2572 1352 2871 1408 submittit
2899 1353 3129 1409 occulte
3151 1352 3603 1420 auscultatores,
3629 1354 3731 1425 qui

2080 1440 2463 1497 observarent
2482 1441 2807 1499 hominem.
2831 1443 2877 1497 Ii
2901 1459 3037 1497 cum
3060 1446 3373 1497 notassent
3393 1458 3529 1497 eum
3547 1459 3736 1514 saape-

2079 1545 2330 1585 numero
2360 1530 2422 1585 in
2443 1530 2728 1587 conviviis
2749 1536 2927 1602 atque
2954 1531 3113 1586 inter
3132 1529 3349 1603 pocula
3368 1530 3503 1585 vino
3537 1535 3733 1586 mente

2080 1620 2337 1676 alienata
2364 1636 2578 1694 magno
2596 1627 2814 1678 conatu
2830 1621 3200 1693 propositum
3228 1635 3401 1675 suum
3429 1621 3729 1691 persequi,

2078 1726 2207 1766 rem
2237 1710 2581 1782 imperatori
2610 1710 2763 1767 862
2796 1714 3118 1782 exponunt.
3150 1708 3481 1765 Plurimum
3507 1709 3730 1764 delato-

2079 1799 2246 1855 ribus
2276 1799 2545 1855 Michaeli
2589 1800 2728 1855 fidei
2776 1799 3115 1856 conciliavit
3159 1798 3498 1865 Exabulius,
3550 1799 3724 1854 homo

2079 1889 2342 1963 prudens
2371 1889 2615 1963 regique
2645 1889 2960 1946 familiaris
2992 1890 3225 1962 ipsique
3268 1888 3554 1944 Michaelo
3603 1904 3723 1942 non

2077 1978 2332 2052 ignotus.
2366 1978 2550 2044 Quem
2577 1979 2628 2033 is
2658 1995 2793 2034 cum
2825 1994 2981 2050 saepe
3004 1978 3077 2034 ab
3126 1978 3445 2033 immodica
3488 1977 3727 2033 dicendi

2077 2065 2322 2123 licentia
2349 2072 2510 2123 esset
2536 2066 2900 2132 dehortatus,
2931 2067 3380 2138 monuissetque
3408 2072 3476 2122 ut
3502 2070 3729 2122 taceret

2076 2173 2272 2228 neque
2304 2162 2423 2213 tam
2447 2156 2869 2229 intempestiva
2897 2155 3174 2212 libertate
3204 2156 3325 2211 oris
3355 2155 3417 2211 in
3464 2171 3728 2227 prmsens

2075 2246 2407 2319 periculum
2441 2261 2507 2301 se
2543 2245 2888 2318 conjiceret,
2948 2262 3081 2301 cum
3140 2262 3262 2301 non
3318 2245 3726 2317 persuaderet,

2078 2335 2280 2391 omnia
2309 2334 2440 2406 ejus
2497 2333 2697 2390 studia
2744 2333 3089 2406 imperatori
3139 2333 3480 2389 declaravit.
3533 2333 3732 2388 Pridie

2076 2424 2279 2495 itaque
2318 2422 2728 2478 natalitiorum
2791 2423 3007 2479 Christi
3059 2423 3386 2494 imperator
3430 2422 3732 2493 perceptis

2076 2512 2316 2570 indiciis
2345 2512 2407 2567 in
2439 2511 2676 2568 archivo
2708 2528 2815 2583 pro
2847 2510 3133 2566 tribunali
3164 2509 3433 2566 considet
3470 2510 3595 2580 ipse
3648 2510 3733 2566 de

2074 2602 2150 2659 iis
2178 2601 2594 2674 inquisitums.
2626 2600 2713 2655 lbi
2737 2599 3059 2656 Michaelus
3087 2617 3151 2655 re
3190 2604 3464 2655 accurate
3513 2598 3724 2670 explo-

2073 2697 2203 2748 rata
2224 2692 2513 2747 affectata
2534 2689 2870 2762 tyrannidis
2890 2705 3029 2745 reus
3044 2689 3364 2762 peragitur,
3388 2689 3517 2759 ipse
3544 2687 3725 2743 etiam

2073 2780 2346 2838 conﬁteri
2386 2779 2582 2836 scelus
2637 2779 2712 2835 ob
2768 2777 3187 2851 probationum
3238 2775 3723 2849 perspicuitatem

2073 2873 2352 2936 coactus;
2383 2867 2688 2939 ferturque
2719 2868 2781 2922 in
2812 2883 2945 2922 eum
2975 2866 3290 2936 sententia,
3324 2871 3389 2920 ut
3416 2865 3479 2920 in
3530 2864 3718 2920 cami-

2073 2974 2221 3016 num
2251 2956 2489 3024 lavacri,
2521 2955 2679 3027 quod
2709 2961 2799 3010 est
2828 2955 2889 3010 in
2920 2955 3162 3027 palatio,
3194 2955 3355 3009 vivus
3412 2952 3719 3023 conjectus

2072 3051 2391 3116 cremetur,
2423 3044 2778 3116 inspiciente
2809 3044 3186 3115 imperatore.
3221 3043 3364 3098 Cum
3401 3042 3528 3113 jam
3579 3041 3713 3095 vin-

2075 3141 2202 3193 ctus
2231 3134 2304 3191 ad
2358 3133 2716 3207 supplicium
2775 3132 3109 3199 duceretur,
3167 3130 3345 3202 idque
3394 3131 3717 3201 imperator

2075 3241 2277 3282 coram
2336 3238 2580 3280 cernere
2637 3222 2903 3295 gestiret,
2960 3221 3199 3276 interim
3254 3219 3397 3276 dum
3456 3219 3714 3290 spatium

2075 3331 2193 3387 quo
2259 3312 2333 3370 ad
2398 3312 2595 3368 locum
2661 3327 2851 3383 paena,
2915 3310 3149 3366 venitur
3209 3308 3716 3381 perambularent,

2075 3403 2423 3477 imperatrix
2450 3401 2799 3468 Theodosia,
2848 3399 3123 3455 Arsaberi
3172 3399 3357 3455 ﬁliola
3403 3398 3531 3465 illa,
3579 3395 3721 3467 quid

2074 3492 2368 3568 agendum
2400 3495 2558 3548 esset
2604 3490 2860 3564 cognito,
2923 3489 3199 3545 celeriter
3257 3488 3519 3543 thalamo
3576 3486 3719 3552 exit,

2075 3583 2313 3640 bacchas
2341 3580 2652 3653 cujusdam
2686 3581 2872 3635 instar
2903 3584 3067 3634 motu
3102 3579 3322 3633 furioso
3355 3593 3488 3633 seoe
3518 3593 3722 3647 agens,

2077 3671 2617 3743 imperatoremque
2647 3668 3088 3741 apprehensum
3122 3667 3477 3739 ﬂagitiosum
3510 3682 3577 3721 ac
3606 3666 3725 3720 Deo

2077 3759 2488 3818 adversantem
2520 3756 2800 3830 appellat,
2834 3757 2938 3828 qui
2967 3771 3043 3812 ne
3082 3772 3265 3813 sacrm
3315 3755 3557 3825 quidem
3606 3753 3726 3814 diei

2077 3852 2369 3923 parceret,
2427 3845 2801 3903 Dominicum
2884 3861 3102 3916 corpus
3170 3849 3577 3915 percepturus.
3638 3843 3728 3896 Ita

2081 3935 2460 4010 imperatoris
2514 3935 2803 4006 impetum
2860 3950 2931 3988 ea
2986 3932 3264 3996 inhibuit,
3334 3937 3401 3986 ut
3452 3936 3726 3985 metuens

2082 4045 2159 4085 ne
2198 4029 2385 4083 Deum
2433 4022 2785 4091 offenderet,
2837 4023 2895 4078 in
2954 4020 3270 4093 praesentia
3324 4018 3514 4074 salute
3570 4017 3725 4072 863

2080 4114 2431 4173 Michaelum
2491 4111 2748 4176 donarit,
2833 4109 3217 4182 compedibus
3284 4106 3460 4163 modo
3516 4105 3727 4161 ferreis

2083 4205 2418 4270 inclusum;
2447 4217 2699 4274 quarum
2744 4200 2905 4256 clave
2953 4199 3065 4255 sibi
3121 4202 3372 4264 retenta,
3423 4195 3727 4251 hominem

2083 4293 2274 4368 papiaa
2300 4290 2756 4349 custodiendum
2797 4287 3115 4345 mandavit.
3163 4287 3252 4344 Ad
3300 4302 3545 4342 uxorem
3589 4300 3729 4340 vero

2086 4398 2401 4440 conversus
2431 4397 2444 4436 :
2478 4402 2505 4431 ‹‹
2533 4380 2689 4447 Feci,
2722 4379 2937 4450 inquit,
2991 4377 3147 4448 quod
3180 4375 3440 4447 jussisti,
3496 4372 3728 4439 mulier,

2088 4472 2205 4528 tuis
2234 4487 2551 4544 persuasus
2571 4467 3092 4526 bacchationibus:
3118 4466 3221 4521 sed
3244 4471 3309 4521 tu
3330 4482 3469 4521 mox
3500 4479 3730 4527 cernes,

326 4559 474 4618 λυεν.
497 4560 669 4621 Οὗτος
724 4555 786 4614 δὶ
838 4563 921 4631 τῷ
976 4563 1093 4632 Θεῷ
1145 4560 1223 4634 μὴ
1277 4561 1649 4635 προσκροῦσαι
1697 4557 1974 4622 δεδοικὼς.

2090 4566 2149 4617 et
2178 4559 2377 4633 prolos
2415 4564 2637 4621 nostra,
2670 4557 2815 4630 quid
2844 4560 3189 4612 eventurum
3221 4556 3318 4615 sit.
3351 4555 3531 4610 etiam
3562 4553 3609 4607 si
3638 4568 3731 4607 me

325 4650 391 4707 τὸ
424 4649 524 4722 μὶν
553 4653 901 4724 παραχρῆμα
928 4646 1306 4724 παλίντροπον
1360 4647 1510 4722 αὖτῷ
1562 4651 1665 4719 τὴν
1710 4649 1984 4726 σωτηρίαν

325 4732 641 4812 ἕϐρᾶϐευσε,
707 4732 932 4808 σίδηρον
1001 4733 1061 4792 Si
1122 4742 1241 4801 τοῖς
1329 4738 1458 4793 ποσὶ
1549 4739 1790 4812 περιθεὶς
1880 4743 1979 4794 τοῦ

326 4822 590 4902 Μιχαὴλ,
618 4825 844 4895 καὶτῆς
893 4821 1110 4888 κλειδὸς
1166 4825 1344 4899 ὶαυτῷ
1401 4826 1503 4895 τὴν
1562 4827 1798 4907 φρουρὰν
1859 4826 1983 4883 ἐπι-

322 4916 551 4992 τρίψας,
607 4917 692 4987 τῷ
746 4914 925 4988 παπίᾳ
978 4914 1080 4985 τὴν
1136 4913 1304 4971 αὐτοῦ
1361 4914 1612 4993 φυλακὴν
1679 4916 1980 4989 ἀνατίθησι.

327 5007 472 5084 Πρὸς
504 5003 563 5063 δὶ
596 5007 699 5078 τὴν
760 5005 989 5081 σύζυγον
1026 5001 1373 5085 ἕπιστραφεῖς
1421 5000 1547 5087 ἔφη’
1601 5030 1629 5059 ‹‹
1658 5007 1805 5081 Ἐγὼ
1865 5005 1983 5081 μὶν,

327 5099 375 5155 ὦ
402 5095 585 5174 γύναι,
629 5102 751 5161 ταῖς
806 5100 927 5158 σαῖς
977 5094 1268 5176 βακχείαις
1323 5096 1564 5161 πεισθεὶς
1621 5095 1854 5167 ὶποίησα
1909 5097 1984 5160 ὡς

321 5184 630 5250 ἐκέλευσας⁸
690 5184 754 5242 σὺ
809 5182 869 5241 δὶ
911 5183 1013 5242 οὐκ
1064 5183 1143 5248 είς
1228 5187 1438 5260 μακρὰν
1493 5184 1710 5261 ἐπόψεὶ,
1774 5184 1867 5242 καὶ
1917 5183 1986 5241 τᾶ

319 5283 427 5349 τῆς
458 5274 599 5351 ὶμῆς
631 5272 836 5347 νηδύος
885 5272 1273 5350 βλαστήματα,
1331 5273 1400 5330 τὰ
1462 5270 1874 5350 ἀποϐησόμενα,
1937 5273 1984 5330 εί

2093 4650 2270 4708 hodie
2301 4666 2335 4705 a
2360 4654 2601 4722 peccato
2632 4646 2995 4704 abstinuisti.
3028 4666 3057 4697 ››
3092 4648 3282 4718 Atque
3326 4646 3438 4701 hoc
3488 4641 3732 4715 quidem

2088 4741 2562 4812 ille,quanquam
2583 4754 2617 4793 a
2637 4737 2878 4792 fatidica
2897 4734 3286 4807 inspiratione
3307 4731 3732 4798 alienissimus,

2087 4847 2222 4887 vere
2254 4828 2604 4885 vaticinatus
2635 4831 2743 4880 est.
2776 4827 2985 4881 Fertur
3014 4830 3073 4880 et
3102 4823 3409 4880 oraculum
3433 4821 3559 4891 jam
3589 4818 3733 4873 olim

2089 4918 2411 4990 accepisse,
2443 4931 2560 4988 quo
2589 4912 2945 4970 monebatur
2973 4929 3100 4968 esse
3132 4912 3191 4966 in
3224 4909 3357 4965 fatis
3382 4912 3448 4962 ut
3466 4904 3734 4961 natalitio

2090 5006 2306 5064 Christi
2335 5006 2485 5061 festo
2516 5019 2651 5059 cum
2679 5001 2928 5075 imperio
2958 5000 3133 5054 vitam
3165 4997 3419 5053 amittat.
3458 4994 3593 5049 Fuit
3623 4993 3733 5048 hoc

2091 5094 2399 5152 oraculum
2457 5091 2835 5165 Sibyllinum,
2889 5087 3243 5159 inscriptum
3303 5084 3453 5139 libro
3498 5082 3733 5138 cuidam

2090 5184 2466 5241 bibliothecae
2498 5178 2920 5255 imperatorias,
2954 5193 3070 5248 quo
3103 5192 3223 5230 non
3271 5171 3512 5229 oracula
3560 5170 3732 5227 modo

2093 5273 2553 5332 continebantur
2564 5269 2669 5326 sed
2690 5273 2749 5323 et
2766 5268 2966 5339 ﬁgura;
2989 5266 3414 5336 imperatorum
3436 5259 3734 5316 coloribus

1535 5401 1901 5458 XYLANDRI
1928 5400 2016 5455 ET
2044 5401 2261 5456 GOARI
2299 5398 2521 5453 NOTAE.

395 5502 514 5575 (58)
540 5503 609 5557 In
636 5500 854 5626 plalatio
911 5499 1276 5572 augustiore,
1324 5499 1451 5572 juri
1505 5499 1764 5557 dicundo
1816 5498 1974 5556 desi-

395 5579 505 5626 iato
534 5571 611 5626 ad
689 5569 1088 5626 innodronum
1120 5576 1439 5626 exstructo.
1473 5570 1617 5626 Πρὸς
1665 5569 1759 5626 τὺν
1808 5568 1974 5625 ἱππό-

407 5568 505 5630 ato
534 5571 611 5629 ad
637 5568 1088 5644 Hippodronum
1120 5568 1439 5644 exstructo.
1473 5570 1622 5644 Πρὸς
1665 5569 1759 5626 τὺν
1788 5568 1979 5644 lund-

358 5662 533 5722 ρομον
594 5639 733 5697 κατᾶ
754 5639 851 5697 ’τὰ
903 5639 1265 5719 ἆσηκρητεῖα.
1307 5639 1534 5700 Ἐκεῖσί
1564 5641 1669 5720 γὰρ
1736 5641 1864 5700 τότε
1911 5641 1977 5699 τὸ

2086 5499 2198 5551 τῶν
2221 5494 2520 5564 ἆσηκρῆτις
2548 5492 2617 5561 ἦν
2658 5488 3028 5564 καταγώγιον.
3084 5486 3371 5564 successu
3420 5485 3731 5557 temporis,

2089 5573 2155 5624 ut
2183 5557 2322 5622 hinc
2354 5557 2541 5637 liquet
2569 5557 2686 5621 alio
2716 5557 3069 5618 translatum
3102 5557 3229 5614 fuit.
3264 5558 3441 5613 Gosa.
