4148 6212
418 317 533 378 94⁸1

1780 302 2100 366 GEORGII
2146 305 2489 369 CEDRENI

3702 319 3827 376 948

419 453 716 524 exspictze.
750 453 814 505 In
849 466 916 504 eo
945 449 1096 503 libro
1144 447 1376 518 depicta
1431 451 1555 500 erat
1611 444 1735 498 fera
1795 441 1907 506 leo,
1969 440 2096 502 cui,

2206 439 2265 493 ,αὶ
2327 444 2566 518 σήμερόν
2626 465 2691 518 με
2745 449 2843 500 τοῦ
2893 444 3291 519 ἁμαρτήματος
3347 444 3750 522 ἡλευθέρωσας.
3801 472 3830 499 ι)

420 558 676 614 superne
707 543 768 595 in
799 541 972 594 dorso
1005 539 1201 592 littera
1233 554 1274 609 χ
1302 534 1376 592 ad
1405 542 1672 590 ventrem
1702 549 1894 604 usque
1948 535 2076 586 erat

419 632 704 702 inscripta
731 650 744 697 ;
780 635 838 683 et
858 645 890 682 a
912 634 1074 697 tergo
1097 627 1184 680 vir
1205 625 1452 696 quidam
1476 641 1798 680 accurrens
1839 623 2074 677 leonem

420 722 591 776 hasta
622 735 728 790 per
758 719 944 790 ipsam
992 717 1250 771 litteram
1303 714 1649 787 conﬁgebat.
1704 715 1966 782 Cumque
2015 709 2074 763 id

425 808 732 866 oraculum
763 808 1080 862 obscurum
1115 805 1435 872 videretur,
1472 804 1634 859 solus
1688 819 1754 856 eo
1809 807 2076 871 tempore

428 901 690 971 quaestor
707 897 902 967 interp
913 894 1486 961 retabatur,Leonem
1504 892 1704 946 dicens
1732 890 1873 944 olim
1893 890 2078 960 impe-

427 994 686 1044 ratorem
719 987 862 1051 fore,
901 984 1002 1056 qui
1035 985 1164 1055 ipso
1195 983 1409 1037 Christi
1442 981 1630 1037 Natali
1684 981 1840 1036 mala
1889 986 2078 1037 morte

433 1081 588 1132 esset
617 1075 987 1130 interiturus.
1020 1074 1220 1143 Neque
1251 1071 1449 1126 minus
1483 1071 1735 1125 Leonem
1784 1075 2077 1141 perterre-

431 1166 535 1222 bat
563 1165 738 1220 matri
770 1165 900 1235 ejus
939 1162 1138 1216 oblata
1194 1160 1360 1215 visio.
1421 1162 1502 1215 Ea
1559 1160 1718 1214 enim
1779 1160 2080 1214 dormiens

431 1255 634 1309 videre
667 1253 777 1308 sibi
810 1252 936 1306 visa
964 1251 1158 1305 fuerat
1187 1266 1271 1316 se,
1317 1265 1450 1304 cum
1501 1249 1562 1304 in
1613 1248 1799 1303 eadem
1852 1263 2080 1303 sacram

423 1345 698 1415 'Deiparae
729 1343 1227 1397 Blachernensem
1250 1340 1454 1394 crebro
1471 1345 1855 1406 commearet,
1871 1338 2080 1410 virgini

434 1434 668 1489 cuidam
689 1447 996 1487 occurrere
1016 1431 1227 1485 albatis
1248 1429 1388 1484 viris
1413 1431 1671 1502 stipatas;
1697 1445 1872 1499 porro
1895 1427 2084 1482 aedem

433 1524 592 1580 864
621 1540 682 1577 se
724 1521 919 1576 videre
978 1520 1263 1591 sanguine
1317 1520 1628 1591 repletam.
1688 1524 1746 1573 et
1803 1519 2084 1590 virginem

439 1613 614 1669 istam
646 1611 883 1667 cuidam
915 1610 1246 1665 albatorum
1275 1609 1557 1664 mandare
1602 1613 1666 1662 ut
1713 1608 1893 1663 ollam
1946 1623 2088 1661 san-

439 1702 615 1774 guine
642 1700 920 1772 impleret
951 1699 1243 1769 matrique
1281 1698 1488 1752 Leonis
1517 1696 1844 1750 bibendum
1897 1695 2087 1767 porri-

2183 529 2338 587 Οὕτω
2394 534 2458 587 τὸ
2519 532 2744 606 μέλλον,
2796 533 2840 589 εἷ
2925 535 3014 590 καὶ
3107 536 3298 611 πόρρω
3353 556 3701 612 προφητιγης
3759 539 3828 606 ἦν

2183 615 2489 689 ἐπιπνοίας,
2543 621 2766 691 ἀληθῶς
2825 619 3178 698 ἀπεφοίὸασε.
3237 624 3468 695 Λέγουσι
3522 621 3570 679 δ’
3624 625 3831 680 ὅτικαῖ

2185 711 2442 783 χρησμὸς
2479 710 2547 778 ἦν
2604 710 2808 767 ἄνωθεν
2861 713 3008 786 αύτῷ
3068 711 3356 786 δεδομένος
3418 714 3492 768 ὡς
3548 715 3685 768 κατᾶ
3731 714 3832 782 tis

2185 799 2392 874 ἡμέραν
2451 807 2551 869 τῆς
2609 805 2852 874 Χριστοῦ
2909 807 3006 858 τοῦ
3064 807 3198 858 Θεοῦ
3263 806 3423 877 ἡμῶν
3473 804 3609 858 κατά
3667 803 3838 880 σάρκα

2185 890 2484 962 γεννήσεως
2516 887 2796 965 πέπρωται
2830 892 2976 963 αύτῷ
3021 893 3122 962 τήν
3180 912 3238 948 τε
3299 891 3592 967 βασιλικὴν
3652 890 3834 948 εὐδαι-

2191 979 2378 1052 μονίαν
2410 977 2729 1049 ἀποϐαλεῖν,
2787 981 3194 1052 προσαπολὲσαι
3248 978 3304 1036 δὲ
3359 981 3447 1036 καὶ
3508 981 3673 1052 αὐτὴν
3733 985 3838 1050 τήν

2192 1071 2359 1139 ζωήν.
2401 1073 2486 1144 [Ρ.
2521 1073 2646 1144 493]
2679 1065 3049 1126 Σιϐυλλιακὸς
3082 1068 3137 1126 δὲ
3167 1073 3232 1140 ἦν
3260 1072 3288 1126 6
3320 1072 3598 1151 χρησμὸς,
3645 1063 3698 1126 ἕν
3731 1094 3837 1126 τινι

2193 1154 2375 1234 βίϐλῳ
2429 1167 2529 1230 τῆς
2590 1161 2882 1236 βασιλικῆς
2939 1156 3305 1236 βιϐλιοθήκης
3362 1159 3839 1238 ἐγγεγραμμένος.

2191 1247 2254 1304 οὗ
2288 1251 2579 1328 χρησμοὺς
2611 1250 2771 1322 μόνον
2805 1249 2995 1312 ἁπλῶς
3018 1248 3242 1325 ἐχούσῃ,
3285 1248 3430 1305 ἀλλὰ
3479 1251 3567 1304 κάὶ
3620 1252 3839 1329 μορφάς

2191 1337 2280 1392 καὶ
2309 1340 2568 1414 σχήματα
2596 1343 2702 1393 τῶν
2742 1335 3012 1413 βασιλέων
3067 1335 3154 1393 διὰ
3203 1340 3540 1413 χρωμάτων.
3591 1340 3690 1396 Ἠν
3741 1338 3836 1394 οὗν

2195 1427 2385 1498 θηρίον
2424 1429 2870 1507 μεμορφωμένων
2904 1428 2931 1482 6
2962 1425 3100 1483 λέων
3129 1427 3184 1482 ἐν
3223 1433 3302 1500 τῷ
3362 1422 3587 1503 βιϐλίῳ,
3633 1427 3841 1492 ἄνωθεν

2195 1514 2251 1571 δὲ
2280 1523 2378 1585 τῆς
2410 1516 2573 1571 αὐτοῦ
2635 1515 2848 1592 ῥάχεως
2905 1516 3272 1593 ἐπεγέγραπτο
3325 1517 3389 1572 τὸ
3447 1523 3513 1592 χῖ
3567 1523 3848 1592 στοιχεῖον

2199 1605 2364 1680 μέχρι
2394 1606 2483 1660 καὶ
2516 1605 2684 1672 αὐτῆς
2723 1612 2824 1674 τῆς
2882 1606 3137 1681 γαστρὸς,
3193 1606 3418 1660 κατόπιν
3469 1603 3524 1660 δέ
3571 1627 3652 1668 τις
3701 1607 3844 1681 ἀνήρ

2196 1693 2421 1750 ἐπιθέων
2457 1693 2641 1771 δόρατι
2673 1693 2884 1767 καιρίαν
2921 1693 3103 1751 ἐδίδου
3151 1694 3371 1769 πληγὴν
3412 1699 3493 1768 τῷ
3542 1696 3715 1770 θηρίῳ
3755 1695 3850 1750 διὰ

439 1797 639 1864 geret;
675 1808 735 1846 se
782 1795 979 1845 autem
1029 1787 1348 1843 multorum
1399 1803 1691 1841 annorum
1739 1785 2081 1840 viduitatem

2206 1781 2364 1855 μέσου
2392 1787 2488 1838 τοῦ
2519 1789 2603 1858 χῖ.
2663 1784 2949 1862 ’Δσάφειαν
3013 1782 3060 1838 δ’
3120 1784 3509 1861 ὑποφαίνοντος
3564 1788 3660 1840 τοῦ
3692 1804 3840 1860 χρη-

439 1879 828 1954 praatendere,
853 1878 1024 1948 cujus
1051 1879 1238 1949 gratia
1258 1892 1451 1948 neque
1474 1892 1683 1931 carnes
1705 1892 1898 1945 neque
1921 1874 2103 1948 quid-_

440 1987 614 2041 quam
650 1968 938 2039 sanguine
967 1966 1280 2037 prteditum
1311 1969 1623 2036 gustasset,
1669 1964 1921 2034 ideoque
1969 1963 2100 2018 olla

445 2059 623 2112 etiam
657 2058 765 2110 lmc
809 2055 1154 2110 abstineret.
1204 2055 1349 2107 Tum
1397 2053 1682 2124 virginem
1733 2053 1944 2106 iratam
1995 2051 2086 2106 di-

445 2163 600 2211 cere,
639 2168 664 2195 u
699 2144 804 2208 Qui
845 2160 981 2215 ergo
1014 2142 1173 2197 illius
1206 2148 1340 2196 tuus
1372 2158 1490 2196 non
1524 2141 1744 2196 desinit
1787 2158 1847 2195 se
1903 2140 2088 2195 multo

446 2251 654 2290 cruore
686 2232 948 2304 opplere,
984 2247 1171 2302 eoque
1202 2247 1294 2285 me
1326 2236 1384 2284 et
1422 2229 1637 2285 Filium
1672 2231 1857 2285 Deum
1890 2246 2088 2283 meum

448 2324 679 2378 irritare
703 2322 730 2376 ‘?
760 2344 788 2371 ››
820 2323 1007 2391 Atque
1040 2320 1113 2375 ab
1146 2335 1212 2374 eo
1246 2325 1512 2391 tempore
1569 2324 1760 2374 mater
1806 2319 2092 2373 visionem

448 2414 619 2468 istam
680 2410 899 2482 tragice
955 2409 1242 2478 referens,
1302 2426 1420 2463 non
1471 2408 1782 2464 destiterat
1838 2410 2093 2463 Leonem

446 2501 668 2556 hortari
726 2507 795 2554 ut
845 2499 1414 2571 imaginiperdarum
1489 2498 1698 2554 haeresi
1758 2497 2090 2553 obsisteret.

445 2589 837 2646 Perturbabat
867 2595 925 2642 et
954 2588 1071 2643 alia
1101 2588 1260 2643 haud
1303 2587 1530 2643 modice
1579 2587 1744 2643 visio.
1797 2590 1938 2642 Nam
1990 2605 2098 2659 per

448 2680 709 2752 quietem
740 2679 898 2733 visus
925 2678 1035 2732 sibi
1085 2679 1278 2732 fuerat
1324 2677 1528 2731 audire
1572 2677 1874 2732 Tarasium
1913 2677 2096 2748 patri-

449 2772 689 2826 archam
723 2769 986 2824 nobilem
1020 2768 1210 2836 illum,
1245 2769 1344 2838 qui
1370 2768 1725 2839 jamdudum
1757 2769 1932 2823 vitam
1960 2785 2096 2824 cum

452 2867 644 2916 morte
675 2865 1158 2920 commutaverat,
1193 2859 1542 2914 Michaelum
1575 2858 1891 2929 quemdam
1911 2860 2098 2913 nomi-

451 2951 638 3006 natim
673 2949 970 3004 exhortari
1030 2953 1204 3020 atque
1255 2948 1561 3019 impellere
1611 2952 1677 3002 ut
1723 2947 1782 3001 in
1843 2949 2097 3002 Leonem

450 3042 736 3112 impetum
759 3039 977 3094 faceret
996 3037 1276 3109 letalique
1297 3039 1414 3091 ictu
1438 3037 2098 3109 sterneret.Exagitabat

2193 1876 2356 1944 σμοῦ,
2394 1871 2558 1945 μόνος
2589 1874 2617 1926 6
2644 1877 2941 1943 τηνικαῦτα
2970 1871 3265 1947 κοιαίστωρ
3327 1872 3484 1928 αὐτὸν
3537 1869 3847 1947 διετρανου,

2193 1963 2396 2019 Λέοντα
2429 1963 2650 2038 μέλλειν
2682 1966 2857 2041 φήσας
2901 1966 3022 2020 τινὰ
3077 1964 3303 2041 βασιλέα
3355 1967 3476 2020 κατ’
3523 1965 3690 2035 αὐτὴν
3745 1968 3848 2035 τήν

2194 2052 2402 2126 ⁴ἡμέραν
2435 2055 2533 2119 τῆς
2565 2058 2660 2108 τοῦ
2691 2055 2930 2121 Χριστοῦ
2979 2056 3285 2125 Γεννήσεως
3329 2056 3546 2127 θανάτῳ
3602 2054 3848 2130 ὀλεθρίῳ

2195 2139 2588 2216 παραδοθῆναι.
2621 2143 2954 2218 Ὑπέθραπτε
2985 2140 3040 2198 δὶ
3073 2140 3225 2198 οὐδὲν
3257 2144 3421 2213 ἧττον
3481 2142 3572 2198 τὸν
3619 2142 3858 2216 βασιλέα

2195 2231 2284 2286 καὶ
2346 2229 2687 2304 ἐξεδειμάτου
2745 2233 2835 2287 καὶ
2898 2235 2932 2302 ἡ
2993 2240 3093 2303 τῆς
3153 2232 3354 2295 οίκείας
3427 2235 3634 2308 μητρὸς
3693 2228 3852 2306 ὄψις.

2199 2322 2390 2394 ’Έγοξε
2418 2321 2516 2395 γὰρ
2551 2320 2686 2390 αὕτη
2720 2322 2856 2376 κατὰ
2885 2323 2976 2376 τὸν
3025 2321 3076 2376 ἐν
3133 2321 3475 2401 Βλαχέρναις
3527 2324 3666 2377 θεῖον
3729 2323 3860 2376 ναὸν

2197 2415 2298 2478 τῆς
2331 2409 2598 2464 Θεοτόκου
2631 2414 2876 2487 φοιτῶσα
2915 2415 3160 2486 συνεχῶς
3218 2412 3357 2486 κόρῃ
3427 2411 3535 2466 τινὶ
3599 2416 3862 2482 συναντᾷν

2203 2494 2558 2570 λευχείμοσιν
2618 2493 2843 2571 ἀνδράσι
2903 2494 3373 2576 δορυφορουμένῃ,
3449 2498 3594 2571 ἑώρα
3651 2494 3710 2552 δὲ
3767 2499 3862 2552 καὶ

2197 2585 2288 2639 τὸν
2323 2587 2464 2640 θεῖον
2518 2586 2640 2640 ναὸν
2699 2585 2927 2659 αἳματος
2984 2586 3397 2660 πεπλησμένον.
3463 2585 3863 2662 Ηροστᾶξαιδέ

2202 2676 2302 2741 τὴν
2345 2675 2619 2730 θεαθεῖσαν
2672 2675 2844 2750 κόρην
2903 2676 2977 2730 ἒνὶ
3033 2681 3144 2731 τῶν
3206 2675 3586 2752 λευχειμόνων
3646 2675 3857 2752 ἀνδρῶν

2206 2763 2410 2839 χύτραν
2439 2766 2560 2819 τινά
2585 2764 2853 2836 πλήσαντι
2914 2765 3145 2837 αἳματος
3195 2769 3263 2838 τῇ
3329 2767 3630 2842 μητρῖτοῦ
3687 2766 3867 2821 Λέον-

2202 2875 2295 2916 τος
2355 2851 2630 2908 ἐπιδοῦναι
2688 2859 2850 2908 πιεῖν·
2906 2853 3074 2924 αὐτῆς
3145 2853 3201 2910 δέ
3289 2853 3532 2924 πολυετῆ
3619 2855 3858 2931 χηρείαν

2206 2939 2692 3018 προϐαλλομένης,
2727 2940 2774 2997 δ’
2831 2943 2897 3012 ἤν
2963 2946 3100 3015 μήτε
3155 2948 3326 3018 κρεῶν
3381 2946 3521 3016 μήτε
3571 2946 3712 3007 τινὸς
3745 2950 3857 3000 τῶν

2206 3031 2441 3105 ἐναίμων
2472 3032 2780 3107 γεύσασθαι,
2813 3033 2904 3086 καὶ
2937 3030 3026 3088 διὰ
3078 3036 3241 3088 τοῦτο
3302 3030 3444 3105 μηδέ
3494 3036 3695 3104 ταύτης
3754 3041 3858 3103 τῆς

455 3131 632 3186 etiam
663 3128 940 3184 monachi
990 3128 1144 3199 apud
1199 3126 1617 3182 Philomelium
1662 3126 1989 3197 praedictio,
2042 3131 2096 3181 et

2213 3121 2415 3196 χύτρας
2475 3115 2730 3194 ἅψασθαι,
2789 3147 2817 3173 «
2871 3122 2971 3178 Καὶ
3033 3126 3173 3192 πῶς,
3227 3117 3422 3199 ἔφησεν
3457 3125 3491 3192 ἡ
3525 3125 3660 3198 κόρη
3724 3123 3863 3196 μετα

453 3220 628 3274 vestis
687 3236 806 3273 suaa
838 3217 1180 3272 aMichaelo
1239 3216 1461 3270 induta)
1517 3215 1870 3280 recordatio,
1921 3231 2100 3284 quam

456 3325 582 3364 rem
616 3323 795 3378 supra
852 3305 1254 3376 exposuimus.
1308 3305 1407 3357 His
1452 3303 1728 3358 omnibus
1779 3303 2104 3358 terroribus

459 3401 623 3452 actus
657 3395 979 3464 imperator
1007 3399 1168 3446 metu
1201 3391 1650 3446 concutiebatur
1677 3397 1854 3462 atque
1903 3391 2102 3446 animo

459 3485 806 3552 ﬂuctuabat,
859 3499 1109 3553 eamque
1169 3487 1404 3536 noctem
1464 3481 1803 3536 insomnem
1865 3481 2103 3554 exigens

462 3573 790 3645 sapientius
821 3586 998 3641 quam
1032 3570 1140 3624 sibi
1175 3570 1544 3626 commodius
1576 3571 1891 3626 consilium
1951 3571 2101 3628 iniit.

462 3665 606 3718 Nam
634 3666 916 3734 perrupta
945 3676 1061 3730 qua
1091 3660 1166 3714 ad
1196 3660 1430 3731 papiam
1457 3659 1652 3716 ibatur
1699 3661 1954 3732 portula,
1996 3661 2104 3716 do-

462 3770 625 3809 mum
658 3753 786 3824 ejus
819 3751 1074 3820 intravit,
1107 3751 1479 3822 speculatum
1509 3750 1652 3820 quid
1681 3751 1760 3804 ibi
1782 3757 2104 3824 gereretur.

457 3844 730 3916 Ingresso
771 3839 1012 3894 domum
1046 3854 1174 3893 eam
1218 3837 1621 3909 spectaculum
1677 3839 1938 3893 oblatum
1995 3845 2103 3906 est,

458 3931 614 4002 quod
646 3945 781 3984 eum
815 3926 974 3982 haud
1006 3927 1323 3999 vulgariter
1351 3928 1691 3998 perterruit.
1729 3927 1881 3982 Vidit
1938 3944 2105 3982 nam-

459 4037 571 4090 que
599 4019 945 4073 damnatum
980 4016 1099 4070 alto
1140 4033 1207 4071 ac
1263 4016 1575 4086 magnifice
1627 4015 1944 4070 admodum
2003 4034 2104 4071 ex-

460 4114 683 4162 structo
719 4113 845 4161 toro
869 4107 1091 4176 jacere,
1127 4106 1299 4176 papia
1331 4105 1390 4158 in
1427 4104 1585 4159 nudo
1635 4106 1970 4176 pavimento
2019 4123 2106 4160 re-

461 4197 798 4251 cumbente.
825 4194 975 4250 865
1004 4195 1423 4263 Curiosiusque
1446 4210 1776 4264 aggressus,
1803 4201 1868 4249 ut
1895 4193 2105 4265 depre-

461 4286 750 4341 henderet
778 4300 920 4338 num
954 4282 1294 4346 Michaelus,
1330 4282 1486 4352 quod
1519 4282 1712 4336 solent
1750 4284 1906 4337 anxii
1940 4289 1997 4337 et
2047 4284 2108 4337 in

461 4373 592 4426 vita)
624 4371 968 4427 discrimine
997 4371 1321 4439 constituti,
1354 4387 1628 4425 somnum
1688 4371 2008 4442 ancipitem
2041 4389 2108 4428 ac

463 4462 621 4518 curis
652 4462 920 4533 plenum,
950 4477 1026 4514 an
1058 4466 1262 4514 contra
1309 4476 1581 4514 securum
1640 4465 1816 4532 atque
1866 4477 2105 4516 suavem

462 4551 725 4616 duceret,
750 4549 933 4603 sensit
958 4565 1092 4602 eum
1117 4547 1410 4618 profundo
1437 4549 1634 4620 sopori
1661 4549 2110 4617 deditum,adeo

463 4646 527 4695 ut
557 4657 630 4696 ne
663 4638 1087 4695 coutrectando
1119 4637 1361 4708 quidem
1386 4655 1519 4692 eum
1539 4639 1800 4710 potuerit
1830 4640 2106 4695 excitare.

461 4732 580 4787 Hoc
612 4737 731 4785 tam
766 4729 1062 4799 insperato
1103 4729 1441 4799 spectaculo
1491 4729 1577 4783 ira
1625 4729 1820 4782 acrius
1869 4729 2113 4785 incensa

463 4820 755 4884 discessit,
791 4835 895 4890 per
921 4818 1106 4871 otium
1140 4833 1260 4871 non
1297 4817 1577 4872 Michaelo
1603 4823 1828 4872 tantum
1865 4819 1967 4872 sed
2000 4818 2110 4890 ipsi

462 4927 698 4983 quoque
731 4907 920 4981 papiaa
951 4907 1193 4962 exitium
1225 4913 1575 4961 structurus.
1609 4908 1810 4977 Neque
1843 4908 1968 4962 hmo
2017 4924 2113 4962 res

463 5003 700 5074 papiam
724 4997 954 5061 fefellit,
976 4997 1130 5068 quod
1151 4995 1394 5067 quidam
1418 4996 1682 5050 Michaeli
1699 4996 2111 5051 excubitorum

463 5107 531 5145 ex
599 5087 869 5160 puniceis
924 5083 1231 5139 cothurnis
1297 5083 1717 5154 imperatorem
1775 5090 2110 5155 agnoverat,

463 5177 696 5248 ipsique
727 5174 864 5245 quid
923 5179 1117 5228 actum
1168 5177 1326 5226 esset
1373 5170 1684 5242 perspicue
1727 5171 2109 5227 indicaverat.

459 5268 664 5335 Itaque
698 5265 901 5336 papias
933 5279 1064 5317 cum
1099 5261 1244 5325 suis,
1278 5261 1477 5316 animo
1501 5261 1844 5332 gravissime
1877 5267 2114 5332 pertur-

463 5352 604 5416 bati,
628 5370 696 5407 ac
723 5369 904 5423 prope
928 5357 1090 5407 extra
1117 5367 1178 5404 se
1197 5351 1372 5420 rapti,
1391 5350 1462 5405 de
1487 5349 1752 5422 periculo
1776 5351 2110 5423 effugienda

465 5439 816 5494 deliberant.
859 5443 1100 5512 Jamque
1153 5440 1557 5508 illucescebat,
1609 5458 1742 5496 cum
1791 5442 2112 5497 Michaelus

467 5527 576 5581 hoc
609 5528 840 5582 consilii
874 5531 1047 5599 capit-
1107 5529 1354 5585 Simulat
1411 5547 1472 5585 se
1532 5547 1710 5602 opera
1768 5531 2108 5600 Theoctisti,

466 5629 642 5685 quem
673 5622 873 5685 postea
904 5616 972 5669 ad
1003 5617 1251 5671 caniclei
1284 5617 1633 5689 dignitatem
1666 5621 1878 5689 evexit,
1930 5635 2104 5692 quas—

2215 3212 2409 3280 θυμοῦ,
2461 3206 2522 3264 ού
2580 3207 2803 3264 παύεται
2874 3209 2901 3263 6
2962 3210 3054 3272 σὸς
3109 3209 3225 3272 υἱὸς
3272 3209 3497 3266 πολλῶν
3562 3210 3862 3283 ἐμπιπλῶν

2214 3298 2458 3370 αἱμάτων
2518 3296 2615 3370 ἐμὲ
2672 3297 2761 3352 καὶ
2821 3300 2910 3353 τὸν
2964 3299 3096 3371 ἐμὸν
3183 3300 3532 3376 παροργίζων
3591 3301 3714 3354 Υἱὸν
3770 3302 3863 3354 καὶ

2212 3385 2341 3442 Θεόν
2373 3406 2386 3454 ;
2425 3411 2451 3437 ››
2485 3384 2677 3440 Πολλά
2705 3407 2762 3440 τε
2793 3384 2975 3442 ἔκτοτε
3002 3389 3096 3443 τὸν
3148 3388 3342 3453 ἑαυτῆς
3388 3386 3692 3461 ἐξελιπάρει
3744 3389 3861 3442 υἱὸν

2211 3483 2310 3542 τῆς
2338 3481 2444 3531 τῶν
2489 3476 2888 3552 Εἰκονομάχων
2947 3477 3200 3547 ἐκστῆναι
3253 3479 3530 3552 αἱρέσεως,
3583 3481 3683 3548 τήν
3735 3476 3860 3550 ὄψιν

2213 3563 2691 3640 ἐκτραγῳδήσασα.
2745 3567 2850 3622 Καὶ
2909 3567 3061 3642 ἑτέρα
3117 3565 3173 3622 δέ
3229 3589 3310 3630 τις
3358 3563 3482 3642 ὄψις
3521 3567 3582 3622 ού
3645 3573 3860 3642 μικρῶς

2215 3656 2587 3731 συνετάρασσε·
2647 3656 2918 3731 Ταράσιος
2977 3657 3080 3731 γὰρ
3114 3654 3422 3730 ὁάοίδιμος
3483 3659 3860 3735 πατριάρχης,

2213 3743 2383 3800 πάλαι
2436 3745 2526 3799 τὸν
2587 3745 2703 3820 βίον
2765 3743 3162 3824 μετηλλαχὼς.
3224 3745 3453 3821 Μιχαὴλ
3512 3769 3628 3802 τινα
3683 3745 3860 3802 ἐδόκει

2213 3833 2401 3890 καλεῖν
2433 3833 2482 3907 ἐξ
2516 3834 2785 3908 ὀνόματος
2835 3833 2886 3889 ἐν
2943 3835 3195 3910 ὀνείροις,
3245 3833 3580 3906 ἐπιπηδῆσαι
3627 3857 3859 3912 προτρε-

2214 3924 2451 3997 πόμενος
2517 3945 2596 3997 τῳ
2657 3927 2845 3981 Λέοντι
2913 3926 3001 3980 καὶ
3077 3926 3288 4000 καιρίαν
3384 3925 3586 3997 πλῆξαι
3673 3927 3860 3983 αὐτόν.

2213 4009 2492 4088 Ἐστρόϐει
2526 4012 2583 4068 δὲ
2627 4011 2784 4068 αὺτὸν
2843 4016 2933 4069 καῖ
2983 4017 3016 4084 ἡ
3068 4019 3164 4071 τοῦ
3216 4016 3349 4070 κατά
3396 4017 3458 4072 τὸ
3519 4014 3858 4089 Φιλομίλιον

2220 4106 2466 4177 μοναχοῦ
2496 4103 2798 4178 πρόρρησις
2859 4103 2942 4158 καὶ
2978 4106 3010 4172 ἡ
3038 4111 3137 4172 τῆς
3192 4104 3414 4173 ἐσθῆτος
3475 4105 3856 4181 μεταμφίασις,

2217 4193 2283 4260 ἢν
2312 4192 2338 4245 ὁ
2372 4189 2604 4266 Μιχαὴλ
2639 4190 2956 4262 ἐποιήσατο,
3017 4190 3091 4254 ὥς
3145 4215 3249 4248 που
3298 4195 3590 4272 φθάσαντες
3637 4195 3859 4269 ἱστορή-

2219 4301 2408 4352 σαμεν.
2459 4281 2560 4342 Οἷς
2621 4278 2782 4334 ἅπασι
2843 4278 3266 4355 δειματούμενος
3323 4283 3350 4336 ὁ
3387 4280 3641 4355 βασιλεὺς
3698 4279 3862 4337 ἐπάλ-

2218 4367 2343 4424 λεττ
2371 4389 2428 4423 τε
2456 4373 2535 4440 τῷ
2567 4366 2672 4423 δέει
2714 4368 2801 4423 καὶ
2849 4371 2949 4438 τὴν
2999 4371 3186 4443 ψυχὴν
3236 4369 3575 4444 ἐκυμαίνετο.
3630 4372 3720 4426 Διὸ
3768 4372 3854 4425 καί

2219 4455 2488 4531 ἄγρυπνος
2521 4454 2747 4512 διετέλει
2789 4459 2918 4532 παρ’
2974 4458 3112 4527 ὃλην
3169 4459 3268 4528 τὴν
3332 4461 3515 4515 νύκτα.
3569 4463 3858 4538 Σοφώτερα

2217 4546 2397 4601 τοίνυν
2430 4547 2465 4617 ἢ
2504 4545 2904 4622 βασιλικώνερα
2958 4547 3415 4622 βουλευσάμενος,
3471 4552 3570 4619 τήν
3627 4549 3710 4605 ἐπὶ
3766 4550 3858 4604 τὸν

2219 4636 2421 4691 παπίαν
2480 4637 2743 4716 φέρουσαν
2798 4634 3004 4693 πυλίδα
3064 4635 3354 4714 διαρρήξας
3417 4641 3736 4694 κατεσκόπει
3791 4641 3858 4693 τά

2219 4723 2387 4782 ἔνδον.
2422 4725 2698 4790 Εἰσελθὼν
2733 4724 2789 4780 δὲ
2815 4725 2891 4790 ei};
2938 4749 2988 4781 τι
3050 4724 3328 4800 δωμάτιον
3389 4728 3564 4800 θέαμα
3621 4731 3716 4802 ὁρᾷ
3783 4729 3860 4792 εἷς

2219 4810 2478 4885 ἔκπληξιν
2512 4814 2574 4869 οὐ
2602 4818 2700 4884 τὴν
2728 4819 3001 4894 τυχοῦσαν
3055 4814 3182 4889 ἄγον
3229 4817 3414 4871 αὐτόν·
3465 4813 3574 4872 εἶδε
3621 4819 3720 4892 γάρ
3767 4819 3857 4872 τὸν

2225 4904 2318 4977 μὶν
2340 4911 2656 4979 κατάκριτον
2685 4903 2771 4958 ἐπὶ
2804 4900 3054 4965 στιϐάδος
3100 4905 3314 4978 ὑψηλῆς
3345 4906 3484 4959 πάνυ
3521 4906 3858 4980 μεγαλοπρε-

2221 4998 2336 5055 πῶς
2369 4993 2738 5066 ἀνακείμενον,
2770 4995 2863 5048 τὸν
2893 4990 2950 5048 δὲ
2979 4995 3185 5048 παπίαν
3219 4993 3306 5049 ἐπὶ
3339 4994 3506 5070 ξηροῦ
3535 4995 3862 5050 κατακλινό-

2225 5103 2380 5154 μενον
2432 5086 2529 5136 τοῦ
2587 5081 2839 5160 ἐδάφους.
2927 5084 3344 5158 Ιιεριεργότερον
3426 5081 3485 5138 δὲ
3547 5083 3861 5159 προσελθὼν

2221 5170 2504 5226 ἐπεσκόπει
2535 5171 2625 5226 τὸν
2656 5170 2916 5247 Μιχαὴλ,
2949 5171 2994 5226 εἰ
3028 5172 3161 5246 ὅπερ
3190 5171 3344 5251 φιλεῖ
3393 5171 3444 5226 ἐν
3494 5174 3614 5236 τοῖς
3667 5195 3864 5246 κυμαι-

2220 5261 2470 5334 νομένοις
2498 5261 2584 5316 καὶ
2642 5263 2742 5331 τήν
2795 5263 2939 5330 ζωὴν
2993 5256 3312 5340 ἀμφίϐολον
3362 5259 3552 5337 ἔχουσι
3603 5262 3864 5338 γίνεσθαι,

2220 5349 2543 5407 ἐπιπόλαιόν
2594 5372 2714 5406 τινα
2766 5351 2856 5405 καὶ
2918 5349 3255 5424 ἐμμέριμνον
3319 5350 3583 5407 ὑπνώττει
3636 5353 3794 5407 ὕπνον

2216 5440 2529 5495 τούναντίον
2574 5437 2868 5516 ἀφρόντιδα
2910 5439 3002 5494 καὶ
3061 5437 3217 5509 ἡδύν.
3271 5443 3357 5514 [Ρ.
3394 5443 3521 5514 494]
3576 5443 3664 5503 Ὠς
3696 5440 3742 5496 δ’
3773 5443 3860 5496 εὗ-

2220 5550 2305 5603 ρεν
2337 5529 2537 5590 ἀνέτως
2571 5528 2833 5583 ὑπιοῦντα
2887 5530 2998 5600 (καὶ
3056 5529 3161 5604 γάρ
3209 5527 3326 5584 οὐδ’
3374 5528 3730 5605 ἐπαφώμενος
3769 5531 3862 5585 αὐ-

2216 5619 2306 5674 τὸν
2341 5616 2623 5673 διυπνίσαι.
2674 5616 2939 5693 ἴσχυσεν),
2999 5618 3076 5682 εἷς
3138 5618 3361 5692 μείζονα
3420 5619 3631 5698 ἀνήφθη
3689 5619 3856 5694 θυμὸν
