4148 6212
313 352 432 413 949

1457 351 1997 418 HISTORIARUM
2043 355 2607 425 COMPENDIUM.

3619 375 3737 435 950

315 490 433 548 τοῖς
461 505 594 560 παρ,
653 481 851 540 ἐλπίδα
916 483 1132 548 τούτοις
1193 487 1444 561 θεάμασι,
1502 488 1592 544 καὶ
1653 486 1814 561 ἀπῄει
1845 508 1953 544 κατι

2064 493 2230 556 dam
2271 499 2486 554 anima:
2544 517 2664 556 sum
2723 502 2970 558 mendas
3029 505 3382 574 quibusdam
3445 509 3733 581 religiosis

319 576 558 651 σχολὴν,
591 572 762 630 δεινὸν
792 575 892 631 οὒκ
938 579 1088 649 αὖτῷ
1126 577 1309 651 μόνον,
1370 575 1516 632 ἀλλά
1569 578 1654 632 καὶ
1688 582 1766 648 τῷ
1794 577 1953 648 παπίς

2075 584 2416 642 hominibus
2449 589 2592 645 velle
2650 592 2917 662 aperire.
2987 572 3249 664 cumque
3303 597 3361 651 id
3410 572 3734 670 impevrator

321 666 560 724 εὓσείων.
617 667 714 722 Καὶ
769 670 937 722 ταῦτα
998 669 1092 740 μὶν
1125 669 1153 722 6
1189 665 1466 744 βασιλεὺς.
1521 668 1639 724 Οὐκ
1695 663 1855 722 ἔλαυε
1913 665 1953 722 δί

2072 676 2462 745 permisisset,
2522 679 2826 735 licentiam
2886 687 3091 737 nactus
3126 663 3459 740 Tlieoctisto
3495 663 3723 746 indicat

317 761 489 812 ταῦτα
515 755 642 819 τοὺς
671 755 793 830 περῖ
824 757 918 811 τὸν
945 758 1173 826 παπίαν,
1205 757 1354 813 ἀλλά
1407 778 1492 819 τις
1521 761 1628 812 τῶν
1661 756 1969 830 προκοίτων

317 851 416 903 τοῦ
447 845 678 921 Μιχαὴλ
709 846 769 900 ἐκ
795 850 899 900 τῶν
954 852 1210 924 φοινικῶν
1265 847 1652 925 φωρασάμενος
1714 841 1966 920 ἐμϐάδων

320 932 633 1009 ἀπήγγειλε
690 934 864 989 πάντα
916 938 1118 1013 σαφῶς.
1173 935 1273 996 Οἷς
1328 936 1579 997 ἐκπαθεῖς
1636 935 1725 989 καὶ
1769 937 1968 1008 μικροῦ

318 1021 428 1078 δεῖν
461 1021 718 1101 ἔκφρονες
779 1026 831 1079 οἱ
887 1024 1013 1096 περὶ
1065 1025 1161 1080 τὸν
1217 1023 1418 1080 παπίαν
1465 1024 1747 1100 γενόμενοι
1806 1022 1964 1078 ἐσκέ-

318 1134 518 1169 πτοντο
544 1119 662 1174 πῶς
703 1113 765 1168 ἃν
796 1113 887 1169 τὸν
914 1110 1166 1168 κίνδυνον
1227 1111 1562 1192 διαφύγοιεν.
1620 1113 1962 1186 ’Υπέλαμπεν

314 1204 436 1278 ἄρτι
468 1205 672 1279 ἡμέρα,
703 1203 794 1259 καὶ
835 1203 1118 1260 σκέπτεται
1150 1207 1347 1279 σκῆψιν
1399 1203 1617 1260 τοιάνδε
1648 1206 1676 1259 6
1709 1203 1960 1280 Μιχαὴλ,

314 1295 390 1356 ὡς
419 1293 658 1369 ψυχικάς
686 1313 835 1355 τινας
863 1291 1098 1363 κηλῖδας
1155 1293 1412 1369 βούλεταί
1466 1315 1573 1348 τινι
1630 1298 1736 1348 τῶν
1769 1293 1958 1372 Θεοφί-

313 1380 424 1437 λων
458 1381 802 1460 ἐξαγορεῦσαι
853 1380 942 1438 διὰ
999 1383 1344 1454 Θεοκτίστου,
1374 1384 1432 1438 ὃν
1492 1382 1628 1455 μετᾶ
1683 1385 1851 1437 ταῦτα
1881 1385 1962 1452 τῷ

309 1476 408 1528 τοῦ
463 1471 776 1528 κανικλείου
854 1491 1144 1548 τετιμηκεν
1216 1472 1487 1544 ἀξιώματι
1545 1476 1678 1544 (59).
1741 1469 1962 1527 Ἐπετέ-

309 1581 519 1637 τραπτο
554 1565 684 1637 γοῦν
741 1565 909 1617 τοῦτο
959 1562 1202 1636 γενέσθαι
1262 1561 1409 1635 παρᾶ
1469 1560 1760 1637 βασιλέως.
1800 1561 1862 1618 Ὁ
1903 1557 1962 1616 δὶ

310 1648 545 1726 Μιχαὴλ
575 1647 758 1712 ἀδείας
788 1646 1094 1723 λαϐόμενος
1148 1649 1292 1725 λέγει
1349 1650 1486 1726 πρὸς
1514 1650 1606 1705 τὸν
1639 1649 1957 1705 Θεόκτιστον

315 1763 345 1792 ε(
377 1741 603 1814 Καιρὸς,
643 1741 690 1794 ὦ
746 1738 1017 1810 Θεόκτισε,
1075 1744 1198 1801 τοῖς
1245 1740 1588 1812 συνωμόταις
1645 1736 1958 1809 ἒπάπειλῆ-

2075 768 2307 833 tempus
2361 784 2603 836 poscere
2635 775 2699 824 ut
2728 771 2904 825 sociis
2962 773 3399 842 conjurationis
3433 778 3720 849 minetur,

2073 852 2188 908 nisi
2220 855 2412 926 ipsum
2461 859 2773 913 celerrime
2823 860 3152 916 discrimini
3187 865 3508 934 eriperent,
3542 885 3603 920 se
3636 874 3721 922 to-

2075 947 2194 998 tam
2225 961 2350 1000 rem
2375 947 2718 1018 imperatori
2743 951 3189 1006 enuntiaturum
3247 953 3365 1008 Hoc
3381 955 3724 1012 mandatum

2071 1041 2431 1104 exsequente
2481 1037 2845 1104 Theoctisto,
2891 1041 3357 1111 conspirationis
3411 1045 3729 1116 papulares

2068 1138 2191 1176 non
2223 1123 2540 1179 mediocris
2563 1127 2808 1180 incessit
2840 1128 3201 1196 sollicitudo,
3233 1132 3526 1203 anxieque
3576 1151 3723 1190 con-

2068 1209 2441 1266 sultaveruut
2497 1213 2798 1284 quomodo
2833 1220 2890 1268 et
2920 1231 3086 1270 suam
3119 1223 3177 1271 et
3205 1219 3470 1274 Michaeli
3497 1222 3626 1291 jam
3658 1225 3719 1279 in

2070 1303 2334 1353 extremo
2362 1299 2435 1354 de
2469 1301 2586 1356 vita
2637 1319 2744 1356 sua
2799 1303 3066 1373 periculo
3127 1307 3412 1360 versantis
3466 1310 3725 1367 salutem

2065 1390 2770 1446 conservarent.Tandem
2801 1391 3122 1447 consilium
3145 1396 3714 1468 componitur,quod

2067 1481 2126 1531 et
2169 1476 2329 1546 ipsos
2382 1478 2713 1534 incolumes
2743 1479 3005 1534 reddidit
3036 1486 3093 1536 et
3118 1483 3402 1538 Michaelo
3435 1502 3571 1540 cum
3605 1489 3722 1544 vita

2066 1564 2385 1636 imperium
2418 1568 2572 1624 866
2601 1569 2844 1640 paravit.
2882 1571 3000 1624 Mos
3059 1577 3195 1626 tunc
3229 1578 3353 1628 erat
3382 1591 3500 1630 non
3528 1577 3578 1632 is
3615 1579 3717 1648 qui

2066 1669 2226 1709 nunc
2259 1660 2514 1722 tenetur,
2548 1657 2621 1712 ab
2653 1657 2755 1713 illo
2791 1664 3059 1730 tempore
3096 1668 3387 1733 receptus,
3427 1670 3495 1719 ut
3525 1667 3625 1736 qui
3655 1667 3715 1722 in

2063 1746 2332 1802 Palatino
2359 1749 2574 1820 templo
2607 1750 2873 1821 psallunt
2901 1751 3124 1819 clerici,
3142 1752 3202 1806 in
3234 1756 3392 1826 regia
3414 1757 3715 1813 habitent:

312 1850 426 1899 σαι,
457 1830 533 1891 ὡς
559 1827 609 1884 εἴ
640 1830 715 1902 μὴ
765 1828 964 1904 τάχιον
1025 1828 1346 1883 σπεόσουσιν
1392 1827 1667 1899 ἇξελέσθαι
1724 1833 1822 1882 τοῦ
1850 1848 1953 1882 κιν-

2064 1833 2176 1914 ,sed
2209 1836 2459 1907 quisque
2474 1837 2632 1893 domi
2665 1856 2786 1894 sua;
2819 1839 3040 1910 degens
3071 1841 3227 1897 circa
3253 1845 3490 1900 tertiam
3525 1847 3714 1902 noctis

311 1915 476 1974 δύνου
533 1920 681 1990 ἡμᾶς
717 1961 730 1988 ,
797 1917 967 1972 πάντα
1044 1918 1109 1972 τὰ
1164 1925 1266 1987 τῆς
1320 1917 1564 1992 πράξεως
1614 1915 1958 1990 ἀνακαλύψαι

307 2012 391 2080 τῷ
462 2006 696 2083 βασιλεῖ.
733 2031 761 2058 υ
820 2006 921 2064 Καὶ
978 2011 1075 2062 τοῦ
1129 2006 1449 2062 Θεοκτίστου
1507 2008 1584 2068 ὡς
1665 2004 1957 2076 ἐκελεύσθη

307 2100 666 2170 ποιήσαντος,
708 2096 785 2160 είς
837 2097 1069 2172 ἀγωνίαν
1126 2095 1189 2151 οὐ
1235 2099 1334 2166 τὴν
1383 2094 1654 2172 τυχοῦσαν
1714 2095 1961 2151 ἇνέπεσον

309 2187 362 2242 οἳ
429 2186 756 2260 συνίστορες,
813 2185 905 2240 καὶ
973 2182 1358 2241 διεσκοποῦντο
1424 2189 1541 2247 πῶς
1602 2186 1662 2240 ἃν
1696 2183 1850 2239 αὐτοί
1900 2203 1959 2237 τε

307 2279 530 2332 σωθεῖεν
554 2276 646 2331 καὶ
689 2277 784 2332 τὸν
852 2277 980 2331 ὅσον
1028 2273 1241 2332 οὐδέπω
1309 2277 1484 2331 θανεῖν
1542 2272 1958 2330 κινδυνεύσαντα

308 2363 653 2424 διασώσαιεν.
707 2366 1032 2422 Ῥάπτουσιν
1092 2366 1183 2421 οὖν
1245 2363 1455 2440 βουλὴν
1510 2362 1636 2433 ἥτις
1673 2363 1869 2424 αὐτούς
1899 2383 1958 2418 τε

307 2454 570 2532 ἐῤῥῦσατο
601 2456 692 2510 καὶ
730 2460 811 2528 τῷ
867 2453 1105 2530 Μιχαὴλ
1153 2456 1289 2528 πρὸς
1346 2458 1416 2528 τῇ
1451 2453 1704 2528 βασιλείᾳ
1740 2454 1828 2508 καὶ
1857 2453 1957 2519 τὴν

310 2545 458 2614 ζωὴν
525 2544 838 2621 ἐχαρίσατο.
898 2546 1061 2608 Ἔθος
1129 2540 1406 2618 ἔπεκράτει
1462 2543 1606 2609 τότε,
1645 2543 1744 2616 μὴ,
1773 2540 1956 2616 ὥσπερ

305 2639 420 2705 νῦν,
453 2631 604 2689 ἔνδον
632 2638 738 2689 τῶν
787 2633 1080 2709 βασιλείων
1149 2628 1332 2688 ἔκτοτε
1387 2628 1554 2687 λαϐὸν
1620 2633 1720 2701 τὴν
1747 2631 1953 2706 ἀρχὴν,

312 2727 483 2800 μένειν
516 2724 645 2786 τοὺς
701 2729 770 2798 τῇ
837 2722 1102 2794 ἐκκλησίᾳ
1151 2727 1248 2778 τοῦ
1311 2721 1581 2778 παλατίου
1639 2720 1952 2796 ψάλλοντας

308 2813 633 2890 κληρικοὺς,
665 2812 811 2869 ἀλλᾶ
865 2818 982 2875 τοῖς
1035 2810 1196 2874 ἰδίοις
1258 2811 1450 2881 οἴκοις,
1509 2812 1633 2886 περὶ
1666 2809 1723 2866 δέ
1760 2810 1952 2886 τρίτην

303 2903 556 2986 φυλακὴν
597 2910 699 2974 τῆς
728 2903 920 2964 νυκτὸς
961 2904 1071 2975 (60)
1112 2900 1418 2976 ἀγείρεσθαι
1477 2902 1611 2955 κατᾶ
1664 2901 1762 2967 τὴν
1792 2899 1950 2957 Ἑλε-

303 3015 585 3069 φαντινην,
636 2995 879 3056 κάκεῖθεν
936 2991 1148 3047 ἀπιέναι
1207 2993 1344 3066 πρὸς
1391 2992 1491 3061 τὴν
1531 2990 1822 3061 ἐκκλησίαν
1859 2993 1950 3046 καὶ

298 3091 378 3159 τῷ
419 3083 535 3158 Θεῷ
579 3085 680 3145 τὰς
729 3083 953 3145 ἑωθινὰς
1004 3079 1324 3138 ἀποδιδόναι
1400 3081 1594 3160 εὐχάς.
1631 3081 1860 3143 Τούτοις
1891 3081 1947 3135 οἱ

301 3175 613 3246 συνωμόται
645 3171 1128 3248 έγκαταμικθέντες
1159 3171 1303 3241 τότε,
1371 3171 1475 3226 ὑπὸ
1545 3170 1729 3244 μάλης
1760 3169 1948 3248 ἐγχει-

307 3261 452 3340 ρίδια
493 3258 736 3339 ἔχοντες,
793 3262 1158 3336 συνεισῇεσαν,
1188 3261 1278 3315 καὶ
1331 3258 1383 3315 ἔν
1413 3281 1519 3315 τινι
1553 3264 1810 3331 σκοτεινῷ
1846 3266 1946 3329 τῆς

305 3352 597 3423 ἐκκλησίας
638 3351 979 3428 λοχήσαντες
1021 3351 1177 3423 τόπῳ
1222 3350 1286 3405 τὸ
1329 3349 1578 3422 σύνθημα
1616 3347 1949 3424 ἐξεδέχοντο.

300 3443 394 3503 Ὠς
425 3439 471 3497 δ’
503 3442 532 3496 6
563 3443 734 3514 ὕμνος
794 3438 1178 3516 διεπεραίνετο,
1219 3438 1329 3508 ⁴ἤδη
1363 3437 1418 3494 δὲ
1447 3445 1624 3514 παρῆν
1661 3440 1749 3494 καὶ
1782 3440 1809 3493 ὁ
1852 3441 1952 3514 βα-

307 3534 523 3611 σιλρὺς,
579 3535 798 3604 καὶτῆς
839 3531 1113 3606 ὑμνῳδίας
1170 3532 1422 3608 ἐξῆρχεν,
1483 3533 1556 3593 ὡς
1620 3527 1762 3600 ἔθος,
1796 3557 1822 3582 ‹‹
1855 3534 1950 3604 Τῷ

306 3624 674 3685 παντάνακτος
741 3621 1090 3698 ὶξεφαόλισαν
1148 3623 1304 3695 πόθῳ
1336 3645 1364 3675 n
1425 3623 1569 3696 (εἶχε
1596 3621 1721 3696 γὰρ,
1755 3621 1830 3682 ὡς
1862 3619 1950 3675 εἷ’-

306 3733 506 3784 πομεν,
562 3714 866 3787 τορωτέραν
927 3713 1159 3791 φωνὴν),
1215 3712 1342 3766 τότε
1395 3708 1459 3780 δὴ
1524 3707 1949 3780 εἰσπηδήσαντες

301 3801 498 3878 ἀθρόον
532 3803 584 3857 οἱ
615 3801 919 3875 συνωμόται
950 3803 1012 3855 ’ἐκ
1045 3801 1142 3874 μὲν
1199 3803 1299 3864 τῆς
1358 3800 1581 3872 πρώτης
1638 3799 1948 3873 ἡμάρτανον

299 3885 640 3968 προσϐολῆς,
673 3889 809 3964 πρὸς
847 3889 939 3944 τὸν
988 3891 1086 3944 τοῦ
1125 3885 1339 3961 κλήρου
1370 3883 1598 3961 ἔξαρχον
1630 3886 1951 3956 ἀποπλανῆ-

297 3980 497 4049 θέντες,
553 3979 661 4034 εἴτε
714 3976 1024 4052 παρόμοιὸν
1080 3972 1208 4032 ὄντα
1273 3980 1351 4048 τῷ
1410 3976 1629 4050 βασιλεῖ
1685 3977 1826 4031 κατά
1851 3977 1951 4046 τὴν

298 4069 620 4142 σωματικὴν
679 4066 989 4142 ἐμφέρειαν,
1087 4063 1194 4119 εἴτε
1246 4068 1317 4138 τῇ
1375 4063 1500 4139 περὶ
1566 4065 1664 4132 τὴν
1705 4063 1948 4140 κεφαλὴν

299 4159 469 4232 ὁμοίᾳ
523 4152 819 4233 περιϐὀλῇι
880 4155 945 4222 ἦν
1005 4155 1107 4230 γὰρ
1141 4156 1175 4223 ἡ
1209 4152 1327 4228 ὣρα
1383 4151 1684 4226 κρυμώδης
1745 4175 1803 4208 τε
1858 4155 1948 4209 καὶ

301 4247 587 4322 χειμέριος
631 4289 645 4318 ,
713 4245 803 4299 καὶ
868 4243 959 4298 διὰ
1004 4249 1168 4299 τοῦτο
1222 4241 1270 4297 ἐν
1325 4238 1704 4317 περιϐλήμασι
1762 4242 1950 4305 πάντες

301 4335 676 4412 διεκαρτέρουν
759 4334 1180 4410 στεγανωτέροις
1215 4377 1228 4399 ,
1296 4331 1484 4394 πίλοις
1536 4333 1632 4395 τὰς
1711 4329 1951 4409 κεφαλὰς

302 4425 579 4498 ὀξυτάτοις
635 4421 1154 4498 περικαλύπτοντες.
1216 4419 1376 4476 Ἀλλ’
1408 4423 1436 4476 6
1469 4423 1562 4494 μὲν
1607 4426 1706 4476 τοῦ
1735 4423 1948 4496 κλήρου

299 4516 633 4591 καθηγεμὼν
691 4513 785 4569 τὸν
843 4509 1093 4567 κίνδυνον
1140 4512 1446 4582 ἀπεώσατο,
1484 4532 1576 4567 τον
1645 4512 1808 4568 πίλον
1847 4523 1948 4584 τῆς

2070 1923 2328 1994 vigiliam
2362 1927 2435 1980 ad
2462 1934 2692 1996 portam
2726 1928 3178 1999 Elephantinam
3231 1948 3336 1986 seu
3393 1933 3718 1991 eburneam

2070 2014 2520 2082 conveniebant,
2557 2016 2810 2087 indeque
2841 2018 2900 2071 in
2938 2019 3224 2089 templum
3255 2023 3552 2092 progressi
3603 2025 3720 2078 Deo

2068 2103 2362 2158 matutina
2392 2108 2526 2159 vota
2567 2106 3011 2177 nuncupabant.
3055 2107 3131 2162 lis
3162 2113 3287 2162 tum
3327 2110 3619 2181 conjurati
3655 2128 3715 2167 se

2067 2193 2516 2262 permiscentes,
2579 2194 2936 2266 pugionibus
2982 2195 3186 2250 subter
3227 2196 3350 2252 alas
3381 2199 3713 2269 occultatis,

2068 2295 2186 2335 una
2218 2281 2540 2349 intrabant,
2593 2283 2897 2354 abditique
2953 2283 3014 2338 in
3064 2286 3314 2341 obscuro
3349 2288 3553 2359 templi
3586 2289 3714 2344 loco

2066 2373 2354 2425 tesseram
2405 2373 2869 2442 exspectabant.
2933 2378 3166 2445 Hymno
3225 2375 3520 2440 absoluto,
3555 2379 3713 2432 venit

2067 2460 2245 2514 etiam
2279 2460 2619 2529 imperator,
2651 2477 2718 2515 ac
2740 2479 2845 2531 pro
2878 2479 3042 2516 more
3075 2480 3178 2516 suo
3215 2480 3351 2517 voce
3399 2466 3712 2535 grandiore

2065 2548 2357 2604 intonavit
2382 2564 2652 2604 carmen:
2689 2571 2714 2598 η
2742 2552 3024 2620 Sprevere
3046 2552 3241 2605 sumni
3275 2559 3482 2608 cuncta
3507 2569 3707 2610 amore

2064 2637 2432 2710 principis.»
2491 2640 2634 2692 Tum
2701 2640 2992 2710 conjurati
3053 2640 3367 2695 confertim
3417 2643 3706 2714 impetum

2065 2726 2377 2793 dederunt,
2411 2727 2510 2797 qui
2539 2743 2639 2782 eos
2665 2728 2836 2783 initio
2867 2745 2973 2799 per
3015 2745 3278 2783 errorem
3311 2731 3371 2784 in
3405 2731 3548 2786 cleri
3581 2749 3706 2787 ma-

2061 2817 2311 2889 gistrum
2345 2816 2501 2887 tulit,
2534 2817 2652 2871 sive
2685 2817 2840 2887 quod
2871 2817 2921 2871 is
2951 2834 3196 2889 corpore
3228 2819 3569 2890 imperatori
3593 2822 3705 2876 ad-

2063 2907 2275 2962 similis
2305 2912 2450 2976 erat,
2485 2908 2603 2961 sive
2636 2907 2794 2978 quod
2819 2913 2995 2980 caput
3022 2909 3202 2964 simili
3225 2915 3382 2965 veste
3413 2911 3704 2967 velaverat

2061 3003 2188 3052 erat
2209 2997 2370 3051 enim
2391 3003 2657 3068 tempore
2682 3014 2749 3052 eo
2773 3014 3052 3068 magnum
3077 2998 3488 3071 gelu,ideoque
3513 3002 3704 3072 quivis

2061 3092 2239 3158 caput
2259 3103 2430 3141 suum
2462 3087 2736 3142 densiore
2768 3087 2922 3158 pileo
2944 3092 3164 3143 tectum
3188 3105 3308 3143 non
3339 3089 3698 3145 denudabat.

2061 3175 2172 3230 Sed
2209 3177 2258 3230 is
2291 3175 2530 3246 quidem
2565 3175 2718 3246 pileo
2749 3177 2928 3247 capiti
2963 3175 3248 3244 detracto,
3281 3183 3517 3233 ostensa
3575 3180 3703 3235 cal-

2059 3266 2218 3333 vitie,
2291 3264 2555 3336 periculo
2604 3282 2666 3318 se
2696 3265 3004 3319 subtraxit.
3069 3268 3396 3337 Imperator
3453 3267 3701 3324 insidias

2061 3355 2322 3412 sentiens
2353 3355 2411 3408 in
2444 3353 2749 3426 penetrale
2783 3354 2987 3409 altaris
3019 3371 3080 3409 se
3109 3355 3409 3424 subduxit,
3443 3356 3707 3429 derepta-

2061 3462 2174 3516 que
2204 3443 2490 3500 thuribuli
2522 3449 2747 3512 catena,
2775 3449 2878 3498 aut
2906 3448 2972 3498 ut
2995 3443 3095 3498 alii
3129 3445 3542 3515 perhibebent,
3575 3447 3707 3503 diva

2060 3553 2252 3606 cruce,
2311 3536 2464 3590 ictus
2496 3551 2912 3606 percussorum
2966 3535 3214 3607 excepit.
3249 3538 3464 3592 Verum
3514 3538 3554 3591 ii
3586 3555 3705 3594 non

2059 3625 2275 3698 singuli
2335 3624 2440 3678 sed
2496 3625 2648 3678 facto
2700 3641 2886 3678 cuneo
2938 3625 3254 3692 irruentes,
3304 3626 3458 3681 alius
3507 3628 3708 3698 capiti,

2060 3713 2248 3769 ventri
2281 3712 2643 3778 alius,"alius
2674 3712 2773 3766 alii
2807 3713 3072 3782 corporis
3104 3715 3253 3769 807
3308 3716 3460 3785 parti
3505 3717 3707 3789 plagas
3751 3713 3759 3719 ’

2060 3802 2453 3858 intentabant.
2491 3802 2600 3855 Leo
2632 3801 2978 3871 aliquandiu
2992 3818 3164 3856 cruce
3187 3819 3248 3856 se
3271 3802 3553 3873 defendit,
3581 3805 3711 3876 icti-

2060 3892 2169 3947 bus
2199 3891 2531 3963 gladiorum
2561 3890 2838 3960 repulsis,
2867 3890 3057 3944 donec
3116 3891 3255 3944 feras
3317 3893 3503 3945 instar
3533 3893 3709 3946 undi-

2059 3997 2292 4054 quaque
2345 3980 2646 4052 impetitus
2707 3979 3038 4034 succubuit.
3091 3980 3346 4034 Tandem
3391 3983 3708 4050 quemdam

2058 4070 2306 4125 immani
2354 4085 2600 4140 corpore
2660 4068 2912 4140 gigantis
2953 4068 3210 4122 similem
3270 4069 3488 4124 inferre
3519 4070 3702 4125 ictum

2058 4174 2329 4215 cernens.
2373 4174 2478 4228 per
2527 4156 2960 4211 inhabitantem
3010 4156 3214 4211 fanum
3273 4157 3418 4212 illud
3449 4160 3700 4230 gratiam

2051 4247 2320 4318 juratum
2371 4246 2712 4300 obsecratus
2750 4251 2841 4298 est
2871 4251 2937 4299 ut
2965 4245 3074 4300 sibi
3108 4252 3394 4317 parceret.
3429 4248 3560 4303 Fuit
3589 4266 3698 4304 no-

2059 4335 2198 4389 bilis
2255 4335 2364 4389 iste
2414 4333 2925 4388 Crambonitarum
2986 4334 3169 4405 stirpe
3243 4335 3578 4405 oriundus;
3635 4354 3703 4392 ac

2060 4425 2266 4480 dicens
2287 4442 2406 4480 non
2426 4426 2903 4495 juramentorum
2927 4440 3056 4479 esse
3081 4424 3212 4491 hoc,
3237 4425 3340 4479 sed
3367 4426 3544 4481 caedis
3567 4432 3706 4484 tem-

2060 4531 2169 4586 pus
2189 4515 2343 4586 gravi
2380 4514 2502 4568 ictu
2532 4529 2776 4567 manum
2823 4513 3033 4567 Leonis
3089 4513 3373 4570 clavicula
3430 4516 3706 4581 abscidit,

297 4604 542 4682 κεφαλῆς
609 4600 825 4680 ἀφελὼν
881 4602 970 4655 καὶ
1023 4604 1092 4674 τῇ
1178 4598 1432 4680 φαλάκρᾳ
1516 4602 1616 4670 τὴν
1671 4603 1945 4677 σωτηρίαν

2064 4603 2353 4674 simulque
2385 4618 2572 4657 cornu
2614 4602 2826 4656 crucis.
2860 4601 3118 4657 Tandem
3159 4603 3503 4660 vulneribus
3552 4606 3702 4661 victo

1498 4721 1861 4778 XYLANDRI
1902 4725 1990 4779 ET
2027 4723 2233 4781 GOARI
2275 4721 2492 4776 NOTAE.

371 4821 484 4900 (59)
563 4814 914 4900 Κανικλείοιη
950 4816 1162 4900 ἀξιωμα
1227 4817 1382 4900 quid.
1428 4817 1809 4900 sit,‘nescio.
1861 4821 1951 4875 Fit

301 4888 527 4950 mentio
557 4891 738 4948 etiam
763 4888 918 4961 apud
951 4890 1211 4961 Nicetam
1244 4888 1305 4944 in
1336 4890 1605 4944 Manuelo
1625 4892 1944 4946 Comneno.

300 4967 440 5022 XYL.
465 4997 534 5005 —
560 4965 639 5018 De
657 4960 889 5018 caniclei
911 4960 1190 5032 praafecto
1214 4966 1347 5032 post
1370 4961 1689 5016 Meursium
1715 4964 1911 5018 Greise
1931 4994 1943 5004 -

298 5053 402 5093 rus
432 5035 691 5108 plurima
720 5039 847 5088 tum
968 5046 1183 5108 comm.
1216 5031 1446 5100 Codini,
1469 5038 1594 5108 tum
1619 5034 1684 5108 in
1716 5034 1947 5108 Adden-

299 5109 411 5175 dis,
432 5103 524 5164 hil
551 5114 748 5162 tamen
773 5103 930 5175 quod
951 5105 1183 5158 caniclei
1203 5119 1422 5158 nomen
1453 5104 1544 5158 vel
1572 5105 1832 5160 ofﬁcium
1856 5123 1949 5160 ex-

293 5181 859 5258 ponat_._Utrum_que
889 5175 1146 5258 breviter
1175 5191 1490 5258 exseqpor.
1539 5176 1730 5230 Κάνιον
1765 5177 1948 5258 εἶξε)ιὶ-

290 5239 428 5310 ἆεωι
459 5251 678 5308 ϐιοεεω
709 5239 1202 5317 ϐὖωοοῢᾶνδᾶνωξ
1241 5239 1606 5321 ἀλάβαστρον.
1631 5239 1946 5321 ⁸ςιςνωκαὶδῖον,

297 5324 638 5397 μυροθήκην,
671 5335 766 5397 eqs
787 5321 1084 5397 unguentis
1115 5317 1412 5397 condendis
1432 5317 1504 5373 ei
1533 5317 1827 5397 alabastro
1857 5321 1949 5375 vel

294 5386 554 5470 pretioso
576 5386 754 5470 ﬁctili
785 5390 1094 5470 metallove
1123 5390 1464 5470 confectum
1495 5407 1509 5443 :
1559 5386 1719 5449 κλέος
1743 5397 1950 5470 autem

294 5458 430 5523 cum
462 5467 701 5536 gloriam
733 5468 925 5536 sonet,
961 5458 1269 5536 κανικλεῖον
1303 5461 1416 5516 erit
1446 5478 1719 5516 vasorum
1743 5463 1949 5536 hujus-

296 5533 482 5592 modi'
517 5534 981 5592 nobilissimum.
1042 5533 1314 5602 llludque
1378 5536 1521 5596 erat,
1585 5550 1699 5602 quo
1731 5534 1949 5588 rubens

295 5609 497 5681 liquor
526 5608 644 5664 sive
668 5605 1014 5681 cinnabaris
1035 5604 1381 5681 imperatori
1405 5603 1782 5681 chr_y_sobulla
1804 5605 1952 5681 scri-

295 5674 471 5754 pturo
499 5677 842 5736 servabatur
896 5680 955 5732 et
1009 5674 1447 5750 proferebatur.
1507 5674 1792 5747 Vasisque
1824 5675 1947 5732 hu-

2053 4820 2308 4892 jusmoei
2345 4823 2566 4892 custoe
2613 4822 2740 4872 erat
2772 4813 2910 4892 ὀκέτί
2967 4820 3062 4870 τοῦ
3104 4816 3460 4892 Δκαινικλεέους
3522 4819 3706 4874 Dictis

2058 4889 2317 4962 suggerit
2345 4890 2759 4944 auctoritatem
2819 4889 3049 4962 Nicetas
3100 4889 3161 4942 in
3215 4890 3480 4962 Manugele
3529 4893 3700 4945 Com-

2057 4960 2212 5018 neno
2245 4967 2293 5022 1,
2325 4964 2380 5027 4,
2415 4961 2512 5016 ubi
2541 4978 2674 5016 cum
2708 4961 2910 5030 Stypio
2941 4967 3148 5030 natum
3183 4960 3499 5030 quemdam
3528 4962 3706 5030 Theo-

2059 5034 2269 5102 dorum
2303 5031 2376 5092 εἷς
2410 5033 2508 5099 τὴν
2565 5035 2657 5084 τοῦ
2716 5027 3026 5083 καήνὶκλείου
3091 5027 3482 5102 μεγαλυπρεπῆ
3515 5027 3708 5102 προϐι-

2057 5099 2554 5177 ϐαζὸμενοντιμήν
2585 5103 2959 5177 asseruisset,
3009 5099 3300 5177 Joannem
3328 5099 3704 5177 A'Hagiot'heo-

2058 5171 2287 5232 doriten
2325 5171 2456 5231 ideo
2491 5174 2712 5228 invidia
2755 5178 2979 5226 motum
3037 5171 3240 5242 subdit
3288 5171 3557 5242 ejusdem
3588 5178 3704 5230 Ma-

2059 5250 2279 5320 nuelis_
2303 5249 2356 5312 3,
2389 5250 2421 5300 4
2443 5245 2582 5320 ζλΈΑκ
2613 5247 2707 5296 τοῦ
2755 5242 2834 5320 τῷ
2870 5241 3186 5320 Στυπειώτῃ
3223 5239 3448 5320 δοθῖῆναι
3483 5242 3708 5320 δοχεῖον

2058 5310 2416 5394 έρυθροδάνου
2449 5313 2691 5369 διάλιθον
2726 5310 2956 5387 χρῖὂσεον
2990 5312 3078 5365 καὶ
3110 5310 3224 5373 τοῖς
3282 5310 3468 5387 ὅρκοις
3518 5310 3710 5373 τόὖτον

2058 5388 2414 5454 ἐπιπατῆσαι
2467 5388 2641 5441 ΟΟΑΒ.

2139 5461 2250 5530 (60)
2285 5452 2502 5530 Auctor
2550 5457 2734 5530 paulo
2769 5456 2961 5530 intra;
2997 5452 3111 5526 ὥρα
3149 5456 3215 5523 ἦν
3250 5457 3324 5517 ὡς
3357 5454 3557 5528 δεκάτη
3607 5469 3708 5530 ti:

2062 5528 2273 5592 νυκτός,
2309 5547 2342 5583 a
2373 5529 2663 5604 principio
2695 5528 2910 5604 noctis
2945 5529 3222 5582 horarum
3257 5537 3314 5585 et
3345 5528 3707 5604 vigiliarum.

2064 5619 2322 5672 quarum
2349 5601 2582 5655 tertiam
2609 5601 2765 5655 circa
2787 5599 3079 5654 decimam
3113 5599 3491 5674 terminatur,
3529 5606 3710 5663 ducto

2061 5689 2329 5730 numero.
2365 5675 2538 5729 Gesn.
