4148 6212
491 329 602 390 951

1850 325 2166 388 GEORGII
2211 325 2558 389 CEDRENI

3781 323 3892 386 952

493 470 551 521 et
579 463 655 519 ad
685 467 904 518 terram
936 462 1264 518 subsidenti
1296 461 1538 532 quidam
1583 465 1759 533 caput
1790 461 2139 532 amputavit.

2253 461 2832 535 πραγματευσάμενος·
2911 463 2940 516 ὁ
2999 457 3056 516 δὲ
3161 459 3417 534 βασιλεὺς
3484 459 3895 532 συναισθόμενος

493 555 661 609 Hunc
694 553 875 608 ﬁnem
898 553 1029 606 vita)
1060 551 1302 606 sortitus
1325 556 1416 606 est
1433 552 1566 619 Leo,
1599 567 1803 606 mense
1829 551 2137 606 Decembri

2253 551 2346 614 τῆς
2427 545 2731 620 ἐπιϐουλῆς
2817 550 2894 611 εἷς
2966 550 3034 606 τὰ
3115 547 3284 605 ἄδυτα
3356 553 3454 605 τοῦ
3510 551 3888 621 θυσιαστηρίου

492 643 642 700 hora
671 641 862 697 noctis
886 658 1069 714 prope
1101 640 1354 706 decima,
1387 657 1519 695 cum
1550 641 1868 712 imperium
1890 656 2077 696 annos
2107 641 2138 694 Ἰ

495 735 791 790 ηιθῐιεεεδ
822 731 1090 804 gessiset,
1131 737 1190 785 et
1244 730 1460 802 majori
1518 747 1696 801 quam
1755 730 1914 786 ullus
1971 735 2142 784 ante-

493 837 794 878 cessorum
825 819 1173 876 crudelitate
1192 824 1369 890 atque
1400 819 1702 890 impietate
1725 835 1870 874 usus
1900 818 2141 890 diligen-

493 912 637 966 tiam
671 910 727 963 in
750 926 813 964 re
835 909 1072 980 publica
1103 908 1472 978 procuranda
1502 909 1682 978 inque
1712 907 1891 962 rebus
1912 907 2140 962 bellicis

489 998 901 1054 fortitudinem
935 1014 1100 1053 suam
1123 997 1520 1052 obscurasset.
1545 997 1726 1051 Aiunt
1761 1013 1961 1051 vocem
1992 1013 2142 1067 quo-

493 1106 609 1162 que
639 1090 868 1146 caalitus
927 1089 1127 1143 statim
1180 1088 1426 1152 editam,
1487 1105 1617 1157 quae
1675 1087 1880 1142 laetum
1911 1087 1982 1141 de
2013 1088 2142 1158 ejus

490 1186 681 1236 morte
713 1179 991 1234 nuntium
1023 1177 1227 1232 multis
1277 1176 1622 1248 patefecerit
1648 1193 1715 1232 ac
1746 1176 2142 1232 navicularios

491 1269 784 1341 quosdam
817 1268 918 1338 qui
950 1284 1082 1322 eam
1114 1267 1497 1333 audivissent,
1529 1273 1730 1322 notato
1767 1273 2030 1338 tempore
2086 1271 2145 1322 et

495 1367 668 1417 nocte
688 1358 1193 1427 ea,ratiocinando
1217 1375 1346 1414 eam
1370 1375 1637 1414 veracem
1655 1359 2139 1430 deprehendisse.

493 1451 793 1506 lnterfecti
809 1449 1019 1504 Leonis
1035 1447 1285 1502 cadaver
1304 1464 1686 1519 percussores
1701 1447 2024 1502 crudeliter
2037 1465 2144 1518 per

495 1539 687 1612 spolia
709 1539 767 1593 in
788 1539 1010 1593 circum
1027 1537 1553 1605 traxerunt,omnis
1567 1543 1760 1592 metus
1773 1538 1960 1604 vacui,
1985 1536 2144 1608 quod

497 1630 620 1685 suis
638 1629 818 1684 armis
838 1628 1059 1700 regiam
1073 1627 1458 1698 undiquaque
1481 1627 2147 1697 cinxissent.Aulaquo-

495 1721 934 1789 queAugustam
957 1717 1407 1787 ejeceruntcum
1426 1721 1681 1787 quatuor
1699 1715 1832 1771 ﬁliis
1848 1715 2144 1787 ejus.Sab-

2248 637 2464 708 εἷσέδυ,
2533 640 2624 694 καὶ
2704 642 2803 710 τήν
2892 639 2990 696 τοῦ
3061 639 3427 714 θυμιατηρίου
3492 638 3672 715 σειρὰν
3742 637 3889 714 διαρο

2248 726 2443 796 πάσας,
2493 726 2554 796 ἢ,
2593 725 2670 792 ὥς
2725 748 2866 790 τινες
2925 727 3199 804 λέγουσι,
3256 729 3398 783 θεῖον
3457 729 3687 802 σταυρὸν
3723 770 3738 795 ,
3796 728 3887 789 τὰς

2252 816 2426 893 βολὰς
2446 823 2554 875 τῶν
2570 817 2920 887 πληττόντων
2953 817 3194 894 ἐδέχετο.
3229 821 3313 893 [Ρ.
3336 823 3463 890 495]
3494 817 3655 874 Ἀλλ’
3687 819 3747 872 οἱ
3777 839 3892 872 συν-

2250 907 2462 981 ωμόται
2496 908 2682 984 ἀθρόοι
2711 908 2801 962 καὶ
2843 909 2906 964 ού
2965 911 3080 972 καθ’
3134 904 3223 963 ἕνα
3283 905 3701 981 ἐπιδραμόντες,
3737 907 3766 961 ὁ
3799 908 3888 979 μὶν

2249 998 2384 1052 κατὰ
2437 1001 2539 1062 τῆς
2619 997 2884 1078 κεφαλῆς,
2980 995 3151 1060 ἄλλος
3207 998 3347 1052 κατά
3397 1002 3506 1053 τῶν
3557 997 3892 1074 σπλάγχνων

2250 1086 2340 1141 καὶ
2395 1085 2568 1151 ἄλλος
2632 1085 2914 1167 ἀλλαχόθι
2969 1091 3066 1143 τοῦ
3125 1086 3376 1158 σώματος
3443 1087 3892 1162 κατετίτρωσκον.

2251 1178 2348 1231 Καὶ
2418 1178 2622 1251 χρόνον
2710 1175 2806 1249 μέν
2879 1197 3001 1232 τινα
3051 1175 3302 1251 ἀντέσχε,
3359 1181 3439 1249 τῷ
3495 1174 3624 1248 θείῳ
3678 1179 3897 1250 σταυρῷ

2250 1267 2346 1326 τας
2401 1270 2509 1320 τῶν
2596 1268 2764 1341 ξιφῶν
2879 1265 3056 1339 ὁρμὰς
3140 1263 3606 1339 ἀποκρουόμενος·
3693 1265 3898 1319 πάντο-

2251 1355 2336 1409 θεν
2387 1351 2432 1409 δ’
2496 1355 2571 1416 ὡς
2631 1355 2819 1430 θηρίον
2890 1351 3231 1430 βαλλόμενος
3290 1353 3379 1408 καὶ
3434 1353 3572 1428 πρὸς
3630 1354 3728 1415 τὰς
3757 1355 3896 1427 τρώ-

2252 1450 2361 1505 σείς
2421 1442 2716 1516 ἀποκαμὼν
2749 1487 2764 1510 ,
2814 1442 3123 1500 τελευταῖον
3215 1442 3311 1498 ’ἑνα
3385 1443 3508 1498 τινὰ
3563 1448 3896 1519 γιγαντιαῖον

2252 1531 2572 1612 ἐπιφέροντα
2638 1531 2770 1588 ἰδὼν
2828 1535 2927 1602 τὴν
2985 1532 3236 1611 πληγήν,
3291 1527 3439 1607 ὅρκῳ
3495 1535 3598 1597 τῆς
3654 1536 3740 1603 τῷ
3789 1537 3898 1604 ναῷ

2251 1621 2564 1693 ἐνοικούσης
2622 1621 2940 1696 κατεδέσμει
3029 1624 3257 1701 χάριτος
3324 1623 3414 1676 καὶ
3483 1620 3772 1697 φείσασθαι
3823 1620 3900 1691 ἐξ-

2251 1710 2520 1786 ελιπάρει·
2597 1718 2700 1781 τῆς
2772 1716 2883 1766 τῶν
2943 1706 3349 1786 Κραμϐωνιτῶν
3415 1708 3575 1774 οὗτος
3629 1711 3657 1766 ὁ
3713 1712 3892 1787 γεννά-

498 1807 679 1868 batio,
714 1807 813 1878 qui
845 1806 1171 1878 imperator
1216 1805 1368 1860 868
1401 1805 1743 1878 designatus
1773 1805 2142 1860 Constantini

2255 1796 2350 1862 δας
2391 1800 2621 1875 ὥρμητο
2663 1806 2869 1874 γενεᾶς.
2931 1797 3091 1856 Ἀλλ’
3149 1801 3180 1856 ὅ
3235 1819 3315 1876 γε,
3357 1819 3382 1844 ιι
3413 1795 3533 1873 Οὸχ
3582 1799 3790 1873 ὅρκων,
3817 1799 3894 1856 εἰ·

493 1913 712 1952 nomen
745 1901 1109 1967 susceperat,
1133 1895 1369 1961 Basilio,
1402 1895 1678 1966 Gregorio
1697 1899 1754 1948 et
1773 1893 2100 1949 Theodosio
2127 1911 2140 1961 ;

493 2002 642 2056 quos
673 2001 878 2039 omnes
901 1985 962 2038 in
986 1983 1250 2038 lembum
1283 1983 1591 2054 impositos
1622 1983 1684 2036 in
1709 1984 1945 2037 Protam
1971 1983 2140 2037 insu-

492 2073 612 2127 lam
643 2077 984 2127 avexerunt.
1036 2071 1122 2125 Ibi
1154 2087 1362 2125 omnes
1409 2071 1645 2125 castrati
1677 2076 1838 2137 sunt,
1871 2075 1928 2126 et
1955 2071 2141 2126 Theo-

495 2160 696 2216 dosius
727 2161 843 2216 vita
877 2159 1189 2215 defunctus
1221 2177 1339 2214 una
1370 2175 1504 2214 cum
1536 2165 1700 2230 patre
1733 2164 1821 2214 est
1851 2159 2140 2231 sepultus.

2251 1891 2389 1958 πὼν,
2439 1887 2585 1944 ἀλλὰ
2630 1890 2807 1965 φόνων
2867 1888 3076 1965 καιρὸς,
3109 1913 3137 1940 ι)
3203 1889 3350 1944 παὶέι
3390 1888 3526 1943 κατᾶ
3579 1896 3682 1958 τῆς
3711 1890 3898 1965 χειρὸς

2254 1976 2529 2034 διανταίαν
2565 1977 2812 2056 πληγὴν,
2845 1981 2919 2044 ὡς
2961 1981 3036 2054 μὴ
3074 1979 3238 2052 μόνον
3283 1986 3386 2048 τῆς
3450 1977 3669 2041 κλεὶδὸς
3697 1980 3897 2049 ταύτην

2254 2068 2565 2142 ἀποτεμεῖν,
2627 2067 2771 2125 ἀλλὰ
2827 2069 2916 2124 καὶ
2997 2070 3060 2124 τὸ
3125 2071 3286 2145 κέρας
3341 2074 3732 2140 συναποτεμεῑν
3809 2073 3897 2123 τοῦ

2255 2162 2508 2231 σταυροῦ.
2539 2157 2860 2232 ’Δποτέμνει
2916 2157 2974 2214 δέ
3037 2179 3122 2220 τις
3186 2157 3350 2214 αὐτού
3382 2159 3468 2213 καὶ
3502 2159 3601 2228 τήν
3634 2157 3896 2236 κεφαλήν,

493 2247 604 2318 ἤδη
639 2249 1158 2321 καταπεπονημένου
1187 2253 1307 2310 ταῖς
1336 2246 1581 2321 πληγαῖς
1607 2247 1694 2303 καὶ
1739 2246 2089 2309 ὀκλάσαντος.
2157 2247 2402 2321 Τοιούτῳ
2462 2249 2556 2320 μέν
2621 2249 2743 2324 βίου
2799 2248 2945 2306 τέλει
3001 2251 3029 2304 ὁ
3085 2250 3234 2304 Λέων
3293 2248 3592 2328 ἐχρήσατο,
3647 2250 3791 2304 κατὰ
3815 2251 3899 2303 τὸν

497 2332 839 2411 Δεκέμϐριον
899 2344 1077 2410 μῆνα,
1125 2334 1241 2411 ὥρα
1296 2339 1361 2405 ἦν
1422 2334 1618 2408 δεκάτη
1685 2344 1784 2406 τῆς
1836 2338 2052 2406 νυκτὸς,
2111 2334 2194 2392 ἐπ’
2251 2333 2344 2407 ἔτη
2410 2336 2732 2411 βασιλεύσας
2789 2341 2830 2408 ζ’
2885 2341 2974 2394 καὶ
3036 2342 3216 2412 μῆνης
3271 2339 3330 2407 ε’,
3389 2337 3698 2412 ὠμότατος,
3758 2337 3896 2412 εἴπερ

494 2447 579 2488 τις
634 2423 833 2495 ἄλλος,
891 2425 1158 2501 γεγονὼς,
1225 2425 1313 2479 καὶ
1369 2430 1480 2479 τῶν
1536 2424 1642 2501 πρὸ
1700 2424 1863 2480 αὐτοῦ
1919 2427 2135 2480 πάντων
2191 2426 2220 2480 ὁ
2272 2420 2646 2495 ἀσεϐέστατος,
2706 2427 2789 2490 οἷς
2845 2430 2943 2498 τὴν
3002 2449 3061 2484 τε
3123 2431 3430 2504 προσοῦσαν
3489 2427 3637 2499 αύτῷ
3686 2425 3742 2482 ἐν
3786 2432 3896 2489 τοῖς

491 2519 697 2576 κοινοῖς
753 2512 1070 2587 ἐπιμέλειαν
1126 2514 1212 2568 καὶ
1271 2515 1372 2582 τὴν
1433 2513 1484 2568 ἐν
1567 2514 1721 2592 χερσὶ
1789 2513 2146 2589 γενναιότητα
2201 2513 2597 2587 ἀπημαύρωσε.
2666 2515 2892 2592 Λέγεται
2950 2514 3008 2572 δὲ
3062 2517 3153 2572 καὶ
3215 2516 3400 2592 φωνὴν
3446 2515 3737 2591 οὐρανόθεν
3807 2536 3894 2570 κα-

493 2599 828 2678 ταρραγῆναι
861 2601 1015 2666 εὐθὺς
1076 2604 1176 2672 τὴν
1235 2603 1403 2657 αὑτοῦ
1461 2602 1750 2658 κατάλυσιν
1808 2601 2302 2679 εύαγγελιζομένην
2359 2602 2616 2668 πολλοῖς·
2672 2607 2739 2675 ἧς
2794 2609 2885 2662 καί
2935 2629 3078 2672 τινες
3142 2603 3439 2676 ἀκηκοότες
3497 2605 3751 2661 ναυτῑλοὶ
3807 2606 3893 2659 τὸν

492 2693 679 2766 καιρόν
737 2713 796 2747 τε
848 2691 938 2746 καὶ
996 2693 1094 2760 τήν
1153 2692 1318 2746 νύκτα
1375 2693 1851 2767 καταγραψάμενοι
1888 2737 1902 2761 ,
1956 2691 2015 2747 ἐκ
2069 2696 2166 2747 τοῦ
2227 2693 2360 2766 μετά
2414 2693 2580 2748 ταῦτα
2636 2698 3092 2772 συμπεράσματυς
3165 2696 3319 2769 εὗρον
3397 2694 3558 2750 οὖσαν
3613 2693 3896 2764 ἀληθινήν.

496 2779 876 2853 Ἀνῃρημένου
909 2777 968 2834 δὲ
995 2783 1093 2834 τοῦ
1146 2779 1398 2850 Λέοντος,
1460 2781 1511 2834 οἱ
1567 2779 1902 2854 ἀνῃρηκότες
1961 2779 2210 2854 σύροντες
2263 2780 2354 2836 τὸν
2409 2782 2604 2837 τούτου
2655 2785 2843 2858 νεκρὸν
2899 2785 3142 2857 ἀνηλεῶς
3195 2785 3284 2843 διὰ
3345 2794 3455 2846 τῶν
3513 2792 3744 2848 Σκύλων
3795 2783 3901 2861 (61)

505 2866 583 2928 εἷς
612 2868 703 2921 τὸν
737 2865 1086 2942 ἱππόδρομον
1120 2867 1407 2944 ἐξήγαγον,
1437 2869 1637 2930 παντὸς
1678 2867 1862 2931 αὐτοῖς
1921 2867 2331 2944 περιῃρημένου
2389 2865 2562 2950 φόϐου
2617 2869 2708 2927 διὰ
2751 2874 2814 2929 τὸ
2866 2875 2964 2944 τήν
3029 2875 3308 2952 βασίλειον
3362 2879 3536 2951 αύλήν
3594 2879 3794 2944 ὅπλοις
3825 2883 3899 2937 οἱ·

502 2954 672 3017 κείοις
705 2956 962 3010 πάντοθεν
1005 2959 1464 3034 περιφραχθῆναι.
1525 2956 1871 3014 Κατέσπασαν
1931 2954 1987 3012 δὲ
2031 2963 2138 3014 τῶν
2199 2955 2492 3034 βασιλείων
2540 2961 2632 3015 καὶ
2686 2963 2786 3032 τὴν
2837 2964 3002 3020 αὐτοῦ
3032 2969 3274 3040 γαμετήν
3331 2967 3428 3024 σὺν
3484 2975 3601 3028 τοῖς
3654 2973 3902 3046 τέσσαρσι

498 3042 708 3107 τέκνοις
739 3044 929 3115 αὐτῆς.
961 3040 1264 3101 Σαϐϐάτιον
1309 3047 1402 3102 τὸν
1461 3045 1926 3120 μετονομασθέντα
1984 3047 2119 3102 κατὰ
2173 3048 2274 3117 τὴν
2330 3047 2624 3124 ἀνάρρησιν
2686 3055 3106 3122 Κωνσταντινον,
3170 3057 3457 3114 Βασίλειόν
3508 3081 3565 3116 τε
3615 3062 3704 3117 καὶ
3757 3040 3898 3133 Γρη-

493 3132 682 3208 γόριον
716 3135 830 3206 ἅμα
861 3131 1156 3220 Θευδοσιῳ·
1217 3136 1310 3198 οὓς
1368 3137 1457 3190 καὶ
1505 3133 1714 3208 ἀκατίῳ
1768 3134 2004 3196 ἐνθέντες
2055 3136 2191 3210 πρὸς
2248 3139 2348 3207 τήν
2407 3140 2634 3214 Πρώτην
2694 3148 2856 3211 νῆσον
2903 3143 3206 3220 ἀπήγαγον,
3253 3154 3469 3204 κακεῖσε
3524 3155 3630 3206 τῶν
3685 3131 3897 3206 πάντων

496 3221 870 3295 ἐκτμηθέντων
905 3219 1100 3294 συνέϐη
1133 3226 1223 3279 τὸν
1253 3222 1538 3280 Θεοδόσιον
1579 3227 1677 3292 τὴν
1711 3226 1904 3280 ἑαυτοῦ
1931 3223 2228 3280 καταλῦσαι
2261 3228 2408 3296 ζωὴν
2439 3229 2528 3283 καὶ
2559 3235 2733 3306 ταφῆς
2761 3236 2840 3304 τῷ
2873 3230 2995 3307 ἰδίῳ
3025 3219 3470 3308 κεκοινωνηκέναι
3512 3241 3706 3316 πατρί.

569 3316 640 3368 At
672 3315 991 3370 Michaelus
1047 3316 1237 3387 papiau
1299 3315 1568 3370 custodia
1628 3316 1936 3380 liberatus,
1971 3317 2052 3370 ita
2082 3322 2142 3370 ut

2278 3401 2284 3403 _
2328 3318 2388 3373 Ὁ
2421 3315 2478 3372 δὲ
2527 3319 2761 3394 Μιχαὴλ
2819 3324 2916 3390 τῆς
2956 3322 3016 3378 ἐκ
3043 3326 3139 3380 τοῦ
3177 3329 3357 3382 παπία
3395 3315 3632 3403 φρουρᾶς
3665 3331 3891 3397 ἁνεθεὲς,

497 3403 678 3474 pedes
709 3403 902 3458 adhuc
924 3404 985 3458 in
1016 3404 1225 3458 ferreis
1257 3403 1513 3458 habebat
1541 3404 1928 3474 compedibus
1961 3404 2147 3459 inclu-

499 3509 598 3548 sos
630 3494 856 3563 (earum
888 3493 1047 3547 enim
1074 3493 1262 3547 claves
1294 3493 1354 3546 in
1379 3493 1511 3547 sinu
1537 3493 1744 3547 Leonis
1771 3493 2146 3548 asservabau-

497 3581 1022 3654 tur),imperatorio
1042 3581 1190 3638 solio
1232 3582 1523 3649 concedit,
1541 3588 1747 3653 estque
1779 3582 1851 3637 ab
1871 3583 2145 3640 omnibus

498 3672 599 3742 qui
632 3677 754 3726 tum
787 3671 847 3724 in
879 3669 1096 3742 palatio
1123 3671 1372 3726 aderant
1393 3670 1717 3742 imperator
1737 3672 2026 3728 salutatus
2047 3678 2144 3728 at-

499 3777 614 3832 que
645 3761 941 3815 adoratus.
977 3761 1094 3816 Sub
1126 3760 1440 3816 meridiem
1471 3777 1606 3815 vero
1630 3762 1790 3816 fama
1815 3762 1942 3833 jam
1965 3763 2142 3818 undi-

497 3865 731 3920 quaque
755 3849 1063 3921 dissipata,
1088 3850 1304 3905 malleo
1329 3866 1434 3920 per
1449 3849 1564 3904 vim
1584 3849 1828 3906 difﬁssis
1850 3852 2145 3924 compedi-

492 3939 624 4006 bus,
659 3956 853 4010 neque
903 3939 1180 3994 manibus
1217 3939 1455 4003 ablutis,
1498 3957 1692 4012 neque
1734 3941 1836 3997 Dei
1875 3949 2043 3997 metu
2084 3944 2144 3998 in

493 4029 759 4084 animum
801 4045 975 4084 suum
1025 4028 1289 4091 inducto,
1335 4045 1528 4099 neque
1569 4030 1693 4086 ulla
1724 4032 1841 4086 alia
1871 4049 1933 4087 re
1967 4049 2144 4102 quam

496 4117 886 4173 decebatﬁeri
906 4123 1164 4188 peracta,
1185 4117 1258 4171 ad
1282 4133 1562 4188 magnum
1581 4120 1806 4175 Sancta
1829 4121 2144 4191 Sapientia

498 4206 786 4278 templum
817 4205 1056 4276 prodiit,
1090 4206 1336 4276 cupiens
1369 4223 1551 4262 manu
1595 4209 1943 4280 patriarchae
1974 4227 2143 4265 coro-

499 4296 628 4350 nari
663 4301 723 4349 et
779 4295 851 4349 ab
913 4295 1184 4349 universo
1244 4296 1466 4368 populo
1525 4297 1847 4368 imperator
1877 4299 2145 4360 salutari,

499 4382 644 4436 solis
703 4381 894 4438 fidens
951 4383 1383 4454 conjurationis
1444 4386 1620 4441 sociis
1667 4393 1726 4442 et
1770 4388 1978 4443 Leonis
2009 4405 2143 4460 per-

496 4471 861 4527 cussoribus.
906 4472 1224 4543 Utriusque
1255 4474 1354 4528 hic
1385 4476 1634 4530 miretur
1665 4476 1881 4548 aliquis
1912 4495 2142 4548 perver-

498 4560 733 4615 sitatem
762 4577 774 4613 :
809 4561 1040 4624 Leonis,
1074 4562 1231 4632 quod
1261 4563 1406 4618 adeo
1436 4564 1670 4620 nullum
1694 4566 1899 4620 habuit
1928 4568 2017 4621 sui
2051 4568 2146 4623 de-

2258 3401 2361 3461 ἕτει
2401 3406 2528 3470 τοὺς
2561 3407 2732 3471 πόδας
2766 3409 2818 3465 ἐν
2853 3409 3240 3486 σιδηροπέδαις
3269 3401 3416 3492 ἔχων
3437 3401 3888 3494 ίκατισχημένούς

2256 3491 2344 3550 διὰ
2381 3497 2444 3551 τὸ
2473 3499 2572 3566 τήν
2601 3497 2752 3554 κλεῖν
2792 3506 2900 3556 τῶν
2925 3499 3166 3577 σιδήριον
3199 3505 3252 3559 ἐν
3391 3506 3585 3581 κόλπῳ
3605 3491 3709 3563 τοῦ-
3733 3509 3888 3565 Λέον-

2252 3605 2348 3674 τος
2398 3586 2780 3662 φυλάττεσθαι,
2823 3592 2998 3653 οὕτως
3055 3594 3133 3656 ὡς
3198 3597 3317 3670 εἶχε
3349 3599 3487 3668 μετὰ
3514 3603 3622 3653 τῶν
3655 3597 3886 3674 σιδήρωι

2255 3673 2343 3728 ἐπὶ
2372 3675 2463 3730 τὸν
2509 3677 2782 3750 βασίλειον
2825 3678 3034 3737 ἐκάθισε
3091 3683 3305 3756 θρόνον,
3363 3687 3453 3740 καί
3511 3690 3655 3762 παρᾶ
3685 3673 3894 3746 πάντων

2253 3768 2359 3819 τῶν
2391 3765 2525 3826 τέως
2555 3765 2718 3821 ὄντων
2767 3768 2822 3823 ἐν
2891 3776 2970 3843 τῷ
3011 3773 3260 3846 παλατίῳ
3314 3773 3689 3851 ἀναγορευθεὶς
3728 3800 3894 3854 προσο

2257 3854 2513 3943 εκυνήθηἶ
2544 3854 2687 3943 ’ᾚδη
2741 3854 2800 3911 δὲ
2858 3860 3130 3930 μεσούσης
3197 3861 3428 3937 ἡμέρας,
3485 3872 3766 3943 πανταχοῦ
3795 3875 3893 3938 τῆς

2255 3943 2452 4014 φήμης
2495 3939 2924 4020 διαδραμούσης,
2971 3953 3078 4003 τῶν
3158 3949 3370 4024 δεσμῶν
3422 3939 3763 4018 θλασθέντων
3797 3957 3898 4012 ὑπὸ

2255 4029 2460 4104 σφύρας
2514 4032 2727 4104 βιαίως,
2780 4034 2840 4091 όῦ
2881 4042 3071 4113 χεῖρας
3125 4041 3552 4114 ἀπονιψάμενος,
3583 4043 3646 4100 οὒ
3683 4045 3776 4100 τὸν
3803 4050 3896 4101 τοῦ

2255 4124 2392 4174 Θεοῦ
2431 4115 2603 4196 φόϐον
2649 4121 2738 4177 ἐπὶ
2795 4128 2919 4180 νοῦν
2977 4126 3242 4204 εἰληφὼς,
3283 4131 3383 4184 οὑκ
3411 4129 3552 4186 ἄλλο
3607 4131 3759 4189 οὸδὶν
3789 4137 3898 4190 τῶν

2257 4205 2493 4302 δεόντων
2525 4211 2749 4286 πράξας,
2781 4217 2917 4292 πρὸς
2972 4220 3064 4272 τόν
3134 4221 3302 4294 μέγαν
3330 4224 3430 4286 τῆς
3470 4223 3656 4297 ’Λγίας
3691 4226 3893 4302 Σοφίας

2257 4299 2382 4392 ναὸν
2454 4302 2826 4377 προελήλυθε,
2886 4307 3032 4382 χειρὶ
3071 4312 3168 4364 τοῦ
3215 4330 3562 4387 πατριαρχου
3606 4299 3896 4392 πεφθῆναι

2259 4388 2619 4464 βουλόμενος,
2678 4395 2767 4448 καὶ
2819 4394 3152 4468 γλιχόμενος
3201 4400 3287 4454 καὶ
3346 4404 3446 4472 τῇς
3484 4388 3776 4476 πανδήμου
3805 4426 3898 4459 τυ-

2259 4485 2380 4553 χεῖν
2411 4479 2783 4554 ἀναρῥήσεως,
2824 4481 3049 4546 ἐκείνοις
3091 4487 3276 4558 μόνοις
3304 4495 3420 4552 τοῖς
3473 4493 3567 4546 τὸν
3625 4493 3784 4571 φόνον
3817 4493 3898 4564 ἰξ-

2255 4567 2478 4636 ηνυκόσι
2541 4573 2882 4643 συνωμόταις
2930 4573 3163 4649 θαῤῥῶν.
3225 4577 3312 4648 [Ρ.
3345 4581 3470 4652 496]
3501 4567 3664 4645 Ἔνθα
3694 4584 3785 4636 καὶ
3815 4605 3900 4645 τις

494 4649 792 4705 fensorem
825 4650 897 4705 de
931 4655 1015 4704 tot
1050 4651 1344 4722 tantisque
1375 4654 1862 4720 assentatoribus,
1887 4657 1986 4726 qui
2021 4661 2142 4711 tum

2257 4659 2580 4730 θαυμάσεεεν
2612 4660 2931 4737 ἂμφοτέρων
2962 4664 3024 4717 τὸ
3053 4664 3430 4740 κακόγνωμον·
3453 4649 3567 4724 -τοῦ
3602 4671 3696 4743 μὲν
3731 4671 3899 4727 ἀπελ-

496 4740 1083 4812 οηιῐιθεξινορῐιιιιιὶιιιιι
1100 4739 1423 4796 bestiarum
1449 4741 1508 4795 in
1529 4758 1753 4796 morem
1783 4744 1842 4798 in
1858 4744 2146 4802 foramina

497 4847 558 4886 se
589 4847 696 4886 sua
721 4829 1103 4898 abdiderant;
1129 4829 1399 4884 Michaeli
1420 4830 2018 4902 veroimpudentiam,
2045 4835 2148 4905 qui

496 4919 557 4973 in
581 4919 768 4975 aadem
803 4919 1054 4974 intraret
1075 4933 1196 4973 non
1219 4924 1282 4973 ut
1321 4918 1620 4974 homicida
1640 4919 1856 4992 aliquis
1887 4929 1988 4978 aut
2015 4941 2147 4979 car-

494 5009 657 5068 nifex
687 5008 975 5082 sanguine
1006 5007 1248 5080 pollutis
1280 5008 1576 5077 manibus,
1611 5010 1714 5066 sed
1753 5011 1930 5067 veluti
1963 5014 2148 5070 victor

2261 4748 2463 4810 θόντες,
2505 4749 2655 4812 ὅπως
2702 4747 2892 4804 οὐδένα
2943 4747 3072 4828 ἔσχε
3102 4755 3196 4809 τὸν
3234 4756 3535 4830 βοηθοῦντα
3574 4758 3634 4814 ἐκ
3653 4766 3756 4815 τῶν
3807 4783 3899 4816 το-

2257 4836 2464 4892 σούτων
2523 4839 2610 4893 καὶ
2707 4838 3051 4909 τηλικούτων
3120 4843 3393 4915 κολάκων,
3452 4846 3688 4922 ἐρπετῶν
3739 4849 3895 4921 δίκην

2257 4923 2502 4980 ἁπάντων
2564 4925 3004 4986 καταδεδυκότων
3035 4930 3110 4994 εἷς
3168 4936 3491 5010 χηραμούς·
3553 4942 3652 4993 τοῦ
3691 4936 3746 4994 δὲ
3778 4942 3896 5011 μετ’

2254 5013 2277 5069 ἐ
2344 5017 2366 5036 ν
2525 5015 2539 5034 \
2579 5015 2612 5071 ἆ
2701 5015 2746 5072 δῖ
2913 5020 2927 5037 ς
3003 5021 3016 5038 ν
3099 5021 3111 5042 1
3425 5027 3446 5042 ﬂ
3714 5029 3728 5045 \

2281 5035 2456 5071 κεινον
2485 5035 2548 5071 το
2613 5038 2693 5072 ναι
2734 5037 2786 5081 ες
2843 5039 2929 5074 και
2991 5042 3371 5098 αναισχυντον,
3426 5045 3484 5086 ος
3543 5027 3621 5089 εἰς
3667 5049 3766 5096 την
3807 5028 3898 5084 ἐκ·

1672 5153 2036 5211 XYLANDRI
2074 5157 2162 5212 ET
2202 5159 2415 5215 GOARI
2458 5160 2678 5216 NOTAE.

564 5275 678 5356 (64)
710 5273 806 5362 Διά
833 5270 1444 5362 σκύλωνειιεᾷαςοιιιηι..
1479 5276 1827 5362 ῌοωθξιοθεξ
1862 5279 2138 5362 loci_pro-

494 5343 803 5424 priu_rj_1,_et
835 5343 1386 5424 vert._i_non_de_bujt:
1421 5345 1593 5424 Intra,
1627 5348 1726 5424 ubi
1781 5343 2141 5424 describitur

495 5415 558 5466 in
591 5416 894 5492 .Michaelo
937 5415 1244 5492 Theophili
1305 5416 1793 5492 filioLTheoctisti
1843 5421 2138 5492 interitus,

500 5483 705 5537 eadem
730 5483 1172 5558 voxreperitur,
1197 5486 1410 5558 XvL.—
1431 5489 1716 5546 Prmseuti
1738 5494 2020 5550 vocabulo
2039 5483 2141 5550 nu:

716 5556 1446 5648 spoliiofumwléxlaudro
1461 5560 1778 5648 intelliges,
1811 5565 1926 5646 sed.
1945 5573 2139 5648 custo-

501 5623 612 5678 dite
644 5623 1016 5695 carcerisqne
1061 5623 1277 5698 publici
1318 5628 1536 5702 locum,
1569 5623 1687 5704 quo
1717 5623 1962 5706 majoris
1991 5635 2140 5694 inia-

2249 5285 2385 5340 mim
2410 5303 2592 5343 causa
2625 5287 2903 5344 trucidati
2940 5289 3148 5348 Leonis
3205 5294 3454 5351 cadaver
3509 5298 3898 5357 ignominiosa

2250 5362 2500 5437 tractam
2558 5359 2690 5437 fuit.
2753 5361 2973 5437 Auctor
3029 5363 3184 5419 infra
3239 5383 3296 5437 p.
3353 5370 3456 5422 543

2247 5427 2492 5499 jamjam
2527 5432 2656 5484 neci
2692 5430 3042 5488 tradendum
3075 5451 3143 5489 eo
3172 5427 3411 5492 ductum
3447 5445 3507 5495 et
3534 5427 3893 5496 asservatum

2251 5507 2456 5585 narrat
2549 5502 2746 5585 ’ῌγετο
2779 5502 2873 5585 μέν
2907 5499 2998 5556 οὖν
3031 5505 3167 5579 πρὸς
3203 5507 3268 5560 τὰ
3299 5507 3493 5578 σκῦλα,
3527 5515 3734 5585 φρουρᾷ
3761 5511 3894 5570 τέως

2250 5567 2790 5644 παραδοθησόμενοςῘ
2828 5575 3003 5631 GOAB.
3076 5567 3085 5579 ’
3481 5567 3492 5578 ’
3541 5567 3580 5585 ’³
3671 5567 3684 5587 ⁸

3590 5372 3897 5428 eoctistum
