4148 6212
333 347 449 408 953

1476 347 2019 410 HISTORIAHUM
2067 348 2614 416 COMPENDIUM.

3615 349 3734 410 οδε

330 477 564 550 κλησίαν
592 475 764 550 εἲσῄει
797 475 906 556 οὐχ
933 475 1007 540 ὥς
1053 498 1138 542 τις
1179 481 1367 558 φονεὺς
1410 480 1500 534 καὶ
1549 477 1750 553 δήμιος
1779 478 1974 557 ᾑμαγ-

2091 482 2244 540 889
2275 501 2343 541 ac
2373 486 2473 558 qui
2505 485 2764 558 palmam
2793 483 3129 548 meruisset.
3155 501 3222 541 eo
3243 483 3504 541 facinore
3535 499 3737 556 super-

333 568 496 640 μένας
525 565 668 642 ἔχων
698 565 793 628 τὰς
826 572 1040 642 χεῖρας,
1072 565 1199 622 ἀλλ’
1231 566 1412 642 ὣσπερ
1438 590 1523 633 τις
1551 568 1862 646 άθλοφόρος
1891 565 1980 624 καὶ

329 659 586 731 νικητής,
667 656 756 713 ἐπὶ
840 661 920 731 τῷ
1003 659 1248 731 γεγονότι
1302 659 1647 735 γαννόμενος,
1714 659 1982 737 ἐμφύλιον

333 747 528 829 ἐκχέας
559 749 698 821 αἷμα
731 745 830 802 οὐκ
879 745 969 801 ἐπὶ
1007 751 1106 801 τοῦ
1142 747 1404 825 τυχόντος
1432 748 1629 821 τόπου,
1662 747 1787 805 ἀλλ’
1819 749 1870 806 ἐν
1901 755 1982 824 τῷ

331 838 464 911 θείῳ
496 837 892 911 θυσιαστηρίῳ,
953 833 1075 891 ἔνθα
1129 836 1193 892 τὸ
1252 839 1580 893 Δεσποτικὸν
1623 841 1740 895 καθ’
1771 838 1978 913 ἡμέραν

330 925 578 1002 ἐκχέεται
607 931 715 980 τῶν
748 924 1030 1000 ἡμετέρων
1055 921 1210 980 ἕνεκα
1243 924 1456 999 λύτρων
1499 928 1804 1002 ἁμαρτιῶν.

405 1018 608 1073 Τοῦτον
643 1015 735 1070 τὸν
800 1012 1032 1094 Μιχαὴλ
1087 1013 1282 1090 ἤνεγκε
1341 1016 1435 1089 μὲν
1485 1017 1520 1085 ἡ
1579 1018 1715 1072 κατᾶ
1746 1018 1844 1085 τήν
1873 1015 1982 1072 ἄνω

331 1105 573 1178 Φρυγίαν
606 1101 769 1164 πόλις
797 1103 1102 1176 Ἀμώριον,
1135 1103 1278 1158 οὕτω
1317 1101 1656 1178 καλουμένη,
1689 1104 1742 1159 ἐν
1837 1109 1982 1163 Ἰου-

333 1189 499 1247 δαίων
545 1193 636 1246 καί
690 1191 1024 1266 Ἀθιγγάνων
1080 1191 1172 1246 καὶ
1229 1191 1423 1267 ἐτέρων
1493 1188 1700 1248 ἀσεϐῶν
1768 1192 1984 1264 πλῆθος

330 1276 568 1336 ἔκπαλαι
607 1284 715 1335 τῶν
745 1279 957 1356 χρόνων
1001 1277 1446 1357 ἓγκατοικίζεται.
1502 1282 1600 1338 Καὶ
1631 1304 1714 1346 τις
1747 1281 1804 1340 δὲ
1833 1283 1984 1360 αἳρε-

331 1390 413 1432 σις
443 1369 502 1425 ἐκ
529 1372 628 1439 τῆς
657 1367 926 1440 ἀλλήλων
967 1369 1251 1433 κοινωνίας
1302 1371 1389 1426 καὶ
1439 1368 1723 1443 διηνεκοῦς
1755 1371 1982 1448 ὁμιλίας

325 1460 510 1516 καινὸν
544 1457 750 1535 ἔχουσα
780 1460 869 1514 τὸν
902 1459 1107 1535 τρόπον
1137 1461 1225 1515 καί
1261 1458 1541 1517 ἀλλόκοτα
1570 1459 1816 1536 δόγματα
1863 1461 1979 1517 ἐπι-

329 1548 540 1626 φύεται,
571 1551 638 1618 ἧς
669 1547 758 1603 καὶ
783 1546 941 1609 αὐτὸς
969 1548 1204 1624 μέτοχος
1223 1549 1310 1620 ἧν,
1334 1548 1820 1626 πατροπαράδοτος
1853 1554 1982 1625 θρη-

325 1637 505 1693 σκείαν
533 1636 898 1712 ἀποπληρῶν.
962 1637 1105 1708 Αὕτη
1153 1642 1250 1693 τοῦ
1305 1639 1400 1712 μὲν
1447 1639 1594 1705 θείου
1624 1640 1858 1716 λουτροῦ
1889 1641 1979 1697 καὶ

324 1724 722 1801 σωῦηριώδους
751 1728 877 1789 τοὺς
908 1725 1276 1800 τελουμένους
1308 1728 1741 1805 μεταλαγχάνειν
1769 1729 1977 1802 ἀνίησι,

323 1817 507 1873 τᾶλλα
537 1815 595 1873 δὲ
623 1817 796 1872 πάντα
824 1819 1008 1888 σώζει,
1031 1817 1375 1896 φυλάττουσα
1396 1821 1484 1874 τὸν
1517 1821 1684 1894 νόμον
1715 1821 1806 1876 τὸν
1841 1823 1974 1879 Μω-

320 1908 510 1962 οαϊκὸν
560 1904 707 1976 πλὴν
754 1913 855 1976 τῆς
900 1914 1226 1982 περιτομῆς.
1285 1909 1422 1982 Εἶχε
1468 1906 1526 1964 δὶ
1573 1906 1900 1966 διδάσκαλον
1941 1912 1970 1966 ὁ

323 1997 563 2073 Μιχαὴλ
594 1995 685 2050 καὶ
716 1997 830 2051 οἷον
859 1994 1106 2072 ἔξαρχον,
1141 1997 1230 2052 ὑπ’
1273 1996 1437 2053 αὐτοῦ
1469 2019 1866 2076 μεμυσταγωγη
1879 1998 1974 2075 μὲ-

321 2107 439 2153 νος,
471 2080 726 2160 Ἐϐραῖόν
757 2107 876 2140 τινα
904 2083 940 2155 ἤ
973 2081 1233 2161 Ἐϐραῒδα
1279 2088 1414 2143 κατὰ
1449 2089 1542 2144 τὸν
1574 2090 1767 2144 ἑαυτοῦ
1797 2092 1971 2160 οἷκον,

319 2173 381 2230 οὗ
417 2175 580 2248 μόνον
611 2173 678 2229 τὰ
709 2176 921 2249 ψυχικά
949 2177 1088 2249 (62),
1117 2174 1262 2232 ἀλλᾶ
1310 2173 1377 2245 δὴ
1427 2178 1516 2232 καὶ
1545 2177 1642 2242 τὰς
1672 2180 1792 2234 κατ’
1822 2181 1975 2236 οἷκον

317 2262 640 2334 οἰκονομίας
688 2259 849 2317 αὑτὸν
911 2261 1316 2323 ἐκπαιδεόοντα.
1355 2265 1469 2346 Ὑφ’
1518 2266 1580 2321 οὗ
1631 2265 1972 2345 προληφθεὶς

321 2349 476 2408 οὐδὶι
534 2352 784 2424 άκέραιον
835 2347 1054 2423 ἔσωζεν,
1097 2351 1226 2409 ἀλλ’
1279 2354 1346 2423 ἦν
1400 2354 1650 2419 ἀπιστίας
1713 2377 1796 2419 τις
1851 2357 1974 2412 σόν-

324 2438 476 2507 οδος,
507 2439 574 2496 τὰ
626 2459 686 2494 τε
741 2442 1077 2515 Χριστιανῶν
1134 2444 1546 2520 παραχαράξας,
1576 2445 1644 2500 τὰ
1701 2442 1976 2501 Ἰουδαίων

324 2523 692 2599 κιϐδηλεόσας
749 2528 839 2584 καὶ
897 2529 1075 2586 τᾶλλα
1113 2531 1536 2606 παρανοθεόσας,
1581 2537 1668 2588 χαί
1725 2539 1973 2597 τοιοῦτος

324 2619 426 2687 τήν
481 2617 662 2672 πίστιν
691 2617 1005 2694 γενόμενος,
1035 2619 1292 2680 ποικίλος
1339 2641 1398 2676 τε
1449 2621 1539 2677 καὶ
1586 2621 1972 2700 πολύμορφος,

327 2708 497 2763 ὁποῖά
549 2728 679 2788 φασι
706 2707 773 2763 τὰ
812 2705 867 2762 ἐν
921 2703 1093 2783 Λιϐύῃ
1151 2709 1382 2786 γίνεσθαι
1440 2710 1603 2786 Θηρία
1633 2707 1723 2766 διὰ
1751 2713 1850 2781 τήν
1882 2716 1978 2768 τοῦ

329 2792 529 2860 ὕδατος
584 2790 787 2852 ἔνδειαν
841 2798 1179 2872 συναγόμενα
1233 2799 1323 2853 καὶ
1381 2797 1656 2871 ἀλλήλοις
1692 2799 1978 2878 ἕπιμιγνό-

331 2905 484 2958 μενα.
515 2886 604 2950 Ὠς
665 2883 732 2955 δὴ
774 2886 866 2941 καὶ
924 2885 1000 2948 εἷς
1066 2887 1166 2956 τὴν
1220 2886 1493 2961 βασίλειον
1525 2889 1742 2964 ἀνήχθη
1774 2889 1978 2966 ἀρχὴν,

327 2973 644 3048 ἐσεμνύνετό
674 2996 732 3031 τε
768 2975 859 3031 καὶ
890 2974 1153 3048 ὡραΐζετο
1208 2978 1292 3051 [ἢ]
1337 2982 1418 3050 τῷ
1462 2975 1761 3052 διαδήματι
1791 2981 1882 3035 καὶ
1910 2983 1980 3054 τῇ

323 3062 639 3141 ἁλουργίδι,
673 3063 841 3140 λόγον
876 3062 934 3121 δὶ
963 3067 1052 3121 καὶ
1088 3065 1324 3140 μάθησιν
1367 3067 1441 3130 ὡς
1466 3068 1535 3124 τά
1563 3067 1732 3124 αὐτοῦ
1762 3069 1980 3144 ἀνατρέ-

321 3175 494 3210 ποντα
540 3154 630 3210 καὶ
677 3151 948 3229 δυνάμενα
999 3153 1408 3228 μεταδιδάσκειν
1445 3158 1513 3212 τά
1558 3157 1838 3231 κρείττονα
1867 3157 1974 3214 ἀπ-

2088 573 2280 641 biens,
2313 593 2447 632 cum
2471 577 2713 648 quidem
2761 576 2993 633 civilem
3035 575 3381 647 sanguinem
3425 591 3548 630 non
3587 590 3736 646 quo-

2090 665 2173 722 vis
2204 667 2334 723 loco
2365 667 2636 736 fudisset,
2673 667 2777 725 sed
2807 667 2883 724 ad
2921 683 3151 723 sacram
3197 682 3380 731 aram,
3412 664 3514 720 ubi
3546 665 3735 736 quoti-

2090 755 2185 813 die
2244 757 2586 832 Domjnicus
2644 758 2883 832 sanguis
2933 772 3040 828 pro
3095 755 3353 830 peccatis
3394 753 3613 810 nostris
3643 769 3739 809 ex-

2090 846 2323 919 piandis
2351 847 2638 904 funditur.

2161 1018 2294 1074 Fuit
2352 1019 2449 1074 hic
2507 1017 2826 1074 Michaelus
2880 1015 3106 1072 Amorii
3163 1021 3359 1081 natus,
3411 1011 3736 1084 superioris

2089 1108 2356 1180 Phrygias
2386 1107 2533 1164 urbe
2558 1125 2571 1174 ;
2607 1108 2667 1162 in
2699 1123 2818 1178 qua
2845 1106 2917 1161 ab
2947 1105 3206 1175 antiquis
3233 1101 3600 1175 temporibus
3626 1101 3735 1156 Ju-

2090 1196 2856 1268 dmorum,Athinganorum
2870 1195 3241 1264 aliorumque
3258 1192 3577 1263 impiorum
3589 1189 3738 1244 mul-

2089 1285 2277 1341 titudo
2309 1284 2648 1350 habitabat;
2684 1291 2744 1340 et
2788 1283 3060 1356 quaedam
3092 1282 3170 1336 ibi
3218 1281 3461 1336 hmresis
3493 1296 3562 1335 ex
3593 1280 3736 1334 isto-

2088 1391 2220 1431 rum
2248 1375 2532 1431 diuturna
2586 1380 2762 1446 atque
2816 1371 3143 1429 continenti
3174 1371 3332 1426 inter
3361 1385 3422 1424 se
3482 1368 3738 1424 conflata

2088 1463 2520 1521 consuetudine
2568 1468 2744 1519 enata
2790 1467 2936 1530 erat,
2989 1477 3140 1516 nova
3185 1476 3428 1532 prorsus
3470 1464 3528 1512 et
3556 1456 3736 1512 inusi-

2090 1553 2230 1609 tatis
2259 1557 2540 1608 constans
2593 1550 3017 1624 Opinionibus;
3073 1565 3106 1606 a
3163 1563 3280 1620 qua
3337 1552 3396 1602 et
3445 1547 3570 1618 ipse
3609 1549 3737 1600 erat

2087 1642 2430 1715 imperator,
2456 1641 2686 1697 traditas
2709 1657 2743 1697 a
2760 1639 3087 1712 majoribus
3110 1635 3516 1710 superstitioni
3548 1635 3736 1689 inbua-

2086 1748 2246 1786 rens.
2302 1733 2382 1786 Ea
2437 1731 2682 1786 haeresis
2741 1745 2878 1784 suos
2936 1727 3009 1783 ad
3067 1726 3339 1782 divinum
3379 1741 3446 1780 ac
3475 1724 3734 1779 salutare

2086 1820 2366 1893 baptismi
2398 1819 2696 1875 lavacrum
2747 1817 3007 1873 admittit
3049 1816 3315 1888 quidem,
3369 1815 3430 1870 in
3483 1813 3732 1884 reliquis

2082 1913 2280 1965 autem
2307 1907 2606 1976 omnibus,
2639 1908 2878 1979 dempta
2910 1905 3386 1972 circumcisione,
3419 1903 3731 1959 Mosaicam
3773 1947 3776 1950 .

2080 1997 2270 2072 legem
2331 2003 2510 2054 tenet.
2566 1999 2702 2053 Erat
2752 1995 3035 2052 Michaelo
3076 1999 3422 2067 praeceptor,
3456 1994 3556 2064 qui
3589 2008 3725 2048 cum

2079 2089 2154 2144 iis
2184 2089 2368 2144 sacris
2393 2087 2750 2151 initiaverat,
2783 2089 2843 2142 et
2869 2085 3039 2156 quasi
3079 2083 3415 2156 praefectus,
3447 2081 3728 2137 Hebrwus

2080 2176 2323 2250 quidam
2353 2175 2497 2249 (sive
2527 2176 2577 2230 is
2607 2175 2831 2230 femina
2850 2173 3048 2246 potius
3077 2171 3362 2228 Hebraica
3389 2171 3728 2242 fuit).quem

2081 2267 2240 2322 domi
2272 2265 2522 2334 fovebat,
2554 2264 2626 2320 ab
2675 2280 2862 2334 eoque
2893 2279 3012 2318 non
3043 2261 3118 2317 ad
3146 2260 3497 2334 religionem
3529 2258 3729 2324 modo,

2080 2356 2184 2412 sed
2225 2360 2284 2410 et
2339 2353 2414 2409 ad
2468 2369 2593 2409 rem
2653 2352 3038 2408 domesticam
3089 2349 3526 2422 pertinentibus
3553 2347 3730 2404 rebus

2082 2442 2522 2502 instituebatur.
2554 2441 2640 2497 Ab
2673 2457 2740 2496 eo
2772 2445 3219 2513 praaoccupatus
3253 2437 3404 2493 nihil
3435 2438 3730 2510 integrum

2086 2537 2441 2598 servaverat,
2477 2530 2580 2586 sed
2611 2535 2739 2585 erat
2784 2546 2976 2602 pravas
3024 2527 3328 2600 religionis
3369 2525 3430 2580 in
3460 2542 3529 2580 eo
3562 2523 3727 2596 quasi

2085 2622 2337 2680 colluvio
2397 2619 2692 2691 quaadam,
2751 2633 2887 2674 cum
2946 2622 3004 2672 et
3058 2615 3407 2672 Christianas
3457 2613 3594 2668 ﬁdei
3625 2612 3730 2668 de-

2084 2719 2246 2770 creta
2273 2711 2638 2768 adulteraret
2683 2714 2743 2764 et
2796 2707 3099 2764 Iudaicam
3128 2705 3478 2777 religionem
3511 2702 3729 2774 spuriis

2083 2800 2467 2876 opinionibus
2493 2798 2807 2871 pollueret.
2868 2797 3117 2868 Fuitque
3170 2793 3437 2862 omnino,
3469 2791 3627 2863 quod
3657 2790 3732 2846 ad

2084 2891 2321 2966 pietatis
2365 2889 2795 2962 professionem
2851 2887 3084 2953 attinet,
3120 2884 3258 2940 talis
3290 2883 3352 2939 in
3384 2899 3452 2938 eo
3482 2880 3735 2936 varietas

2088 2987 2145 3038 et
2174 2979 2467 3046 confusio,
2500 2979 2692 3051 qualis
2731 2977 2918 3032 fertur
2965 2976 3310 3047 Libycarum
3357 2988 3485 3029 esse
3516 2971 3736 3027 bestia-

2086 3087 2219 3128 rum
2251 3076 2482 3139 natura,
2516 3086 2647 3142 qum
2679 3085 2748 3124 ex
2779 3066 3025 3122 diversis
3067 3063 3428 3120 animalibus
3461 3062 3534 3118 ob
3566 3079 3735 3134 aqua)

2089 3163 2385 3220 defectum
2424 3159 2758 3233 congressis
2813 3161 3160 3214 nascuntur.
3221 3156 3276 3210 Is
3324 3170 3462 3226 ergo
3513 3154 3736 3226 potitus

323 3238 589 3299 εϐάλλετο
623 3245 710 3299 καὶ
740 3222 1026 3317 ἠτίμαζεν.
1059 3243 1256 3318 Ἐτίμα
1304 3243 1360 3301 δὲ
1388 3247 1455 3301 τὰ
1481 3222 1654 3302 οἱκεῖα
1692 3245 1972 3323 διαφερόν-

2087 3252 2336 3324 imperio
2365 3222 2624 3306 nullavre
2652 3248 2770 3304 alia
2799 3263 2977 3319 quam
3026 3245 3360 3302 diademate
3390 3222 3451 3299 et
3475 3222 3739 3315 purpura

325 3353 458 3396 τως·
489 3335 555 3388 τά
578 3331 636 3389 δὶ
657 3334 746 3403 ἦν,
772 3338 912 3388 συῶν
937 3334 1031 3406 μὶν
1049 3338 1157 3389 τῶν
1187 3334 1306 3410 άρτι
1333 3335 1507 3391 τόκων
1538 3335 1833 3413 προλέγειν
1856 3337 1976 3393 ’ὀσοι

322 3444 382 3478 τε
439 3418 651 3478 ἔσονται
710 3423 991 3501 εὐτραφεῖς
1051 3423 1140 3478 καὶ
1225 3426 1495 3498 σωμάτων
1562 3428 1818 3503 μεγέθους
1877 3426 1978 3483 οὐκ

322 3512 715 3586 ἀμοιρήσουσι,
746 3512 836 3566 καὶ
862 3511 978 3567 ὅσοι
1017 3517 1134 3576 τοῖς
1167 3511 1430 3578 ἐναντίοις
1462 3518 1974 3592 περισχεθήσονται,

322 3601 414 3656 καὶ
487 3602 658 3656 ἳππον
737 3601 832 3674 μὶν
905 3601 1066 3679 ἐγγὺς
1143 3603 1354 3659 ἐστάνάι
1428 3609 1535 3660 τῶν
1614 3605 1978 3676 λακτιζόντων

331 3686 546 3755 εἰδέναι,
607 3689 766 3753 ὅνους
826 3687 883 3746 δὶ
933 3692 1062 3753 τοὺς
1122 3691 1475 3763 λακτίζοντας
1525 3695 1601 3756 ὡς
1640 3694 1978 3773 πορρωτάτω

326 3775 673 3852 ἐκτρέπεσθαι
753 3777 983 3860 εὐφυῶς.
1063 3781 1336 3854 Ἥμιόνων
1395 3803 1454 3838 τε
1510 3784 1702 3858 κριτής
1761 3782 1978 3859 ἄριστος

327 3868 418 3937 ἦν,
449 3869 540 3923 καὶ
569 3867 776 3924 τούτων
811 3869 930 3925 ὅσοι
985 3870 1080 3943 μὲν
1129 3871 1266 3945 πρὸς
1315 3872 1513 3948 φόρτον
1542 3869 1843 3944 ἐπιτήδειοί
1875 3872 1978 3928 εἶσι

327 3955 641 4032 διακρίνειν,
703 3959 821 4013 ὅσοι
879 3956 934 4014 δὲ
989 3958 1116 4021 τοὺς
1173 3955 1430 4024 ἐπιϐάτας
1493 3961 1738 4041 εὐφόρως
1803 3961 1982 4039 φέρειν

323 4041 597 4115 δύνανται,
651 4047 738 4101 καὶ
830 4050 905 4120 μή
977 4069 1085 4104 τινι
1142 4053 1305 4122 πτοίᾳ
1368 4047 1634 4124 περιδεεῖς
1699 4051 1980 4126 γινόμενοι

317 4133 799 4211 ἐκτραχηλίζοιεν.
842 4137 918 4196 Οὐ
984 4139 1092 4212 μήν
1145 4138 1294 4196 ἆλλά
1357 4139 1446 4195 καὶ
1495 4139 1622 4205 τοὺς
1671 4138 1876 4204 τίππους
1919 4140 1982 4197 ό-

321 4221 590 4300 φθαλμῶν
642 4225 807 4297 μόνον
854 4225 1055 4301 κρίνων
1112 4225 1424 4298 ἐπιϐολαῖς,
1457 4229 1577 4285 ὅσοι
1603 4251 1661 4284 τε
1691 4231 1826 4304 πρὸς
1854 4228 1981 4306 δρό·

327 4334 428 4386 μον
490 4313 698 4370 εὔτονοι
757 4316 847 4370 καὶ
899 4322 1090 4396 ταχεῖς
1147 4317 1237 4372 καὶ
1295 4319 1414 4374 ὅσοι
1470 4319 1607 4393 πρὸς
1635 4317 1882 4392 πόλεμον
1918 4321 1981 4376 τὸ

319 4405 644 4478 καρτερικὸν
744 4401 1094 4475 διασώζουσι·
1175 4409 1324 4482 [497]
1409 4403 1702 4481 προϐάτων
1767 4430 1827 4465 τε
1889 4410 1978 4465 καὶ

333 4493 479 4568 βοῶν
511 4493 783 4563 εὖτοκίας,
811 4496 898 4550 καὶ
939 4497 1038 4566 τήν
1079 4500 1175 4551 τοῦ
1227 4497 1494 4570 γάλακτος
1545 4500 1665 4553 ὅσαι
1698 4496 1979 4572 δαψίλειαν

2079 3358 2142 3397 se
2181 3339 2518 3405 ostentavit,
2566 3337 2721 3394 810
2769 3335 2932 3391 omni
2988 3333 3259 3390 doctrina
3308 3336 3368 3387 et
3420 3329 3739 3402 disciplina

2079 3431 2410 3506 ignominio
2441 3447 2503 3486 se
2535 3425 3043 3501 repudiata,quod
3069 3424 3206 3480 inde
3237 3439 3344 3478 sua
3374 3420 3552 3477 everti
3584 3426 3644 3476 et
3675 3437 3737 3476 se

2080 3522 2300 3579 melius
2331 3519 2557 3591 aliquid
2615 3518 2816 3574 doceri
2873 3532 3047 3589 posse
3108 3516 3423 3570 metueret.
3456 3512 3572 3568 Sua
3600 3528 3734 3566 vero

2082 3611 2328 3668 maximi
2357 3609 2630 3675 ducebat,
2664 3625 2795 3679 quas
2844 3610 3015 3662 erant
3061 3604 3383 3677 praedicere
3415 3617 3734 3675 porcorum

2082 3718 2293 3758 recens
2323 3704 2599 3756 natorum
2653 3697 2754 3768 qui
2802 3695 3085 3768 praeclare
3116 3693 3376 3749 adulturi
3409 3696 3606 3748 essent
3635 3695 3738 3746 aut

2085 3796 2312 3857 contra,
2344 3803 2517 3860 posse
2549 3785 2719 3858 equis
2750 3782 3199 3841 calcitrantibus
3220 3796 3404 3852 prope
3431 3779 3732 3848 assistere,

2084 3878 2284 3934 asinos
2315 3875 2695 3932 calcitrantes
2737 3876 2864 3927 arte
2907 3886 3085 3941 quam
3131 3867 3476 3939 longissime
3505 3866 3733 3932 vitare;

2085 3965 2158 4023 de
2187 3965 2369 4022 mulis
2399 3963 2621 4036 optime
2647 3961 2938 4032 judicare,
2974 3964 3034 4014 et
3080 3957 3419 4013 discernere
3451 3955 3553 4026 qui
3593 3970 3736 4008 one-

2084 4056 2250 4112 ribus
2280 4058 2382 4110 aut
2410 4053 2510 4124 qui
2559 4049 2778 4106 sessori
2825 4045 3307 4104 commodissime
3339 4042 3582 4098 ferendo
3618 4043 3739 4114 apti

2085 4145 2301 4209 forent,
2337 4147 2402 4197 ut
2453 4141 2621 4197 nullo
2673 4154 2884 4212 pavore
2933 4134 3294 4192 consternati
3327 4149 3464 4188 eum
3495 4136 3737 4187 excute-

2087 4239 2252 4301 rent;
2286 4248 2469 4304 equos
2518 4229 2643 4286 solo
2696 4227 2913 4284 intuitu
2957 4225 3322 4294 dignoscere,
3355 4222 3456 4293 qui
3498 4221 3574 4276 ad
3604 4237 3738 4276 cur-

2087 4339 2218 4378 sum
2239 4320 2466 4376 robusti
2498 4324 2557 4374 et
2585 4317 2810 4373 celeres
2831 4315 2921 4370 vel
2942 4313 3154 4370 bellica
3174 4311 3525 4367 fortitudine
3556 4309 3740 4368 mobi-

2086 4412 2172 4466 les
2204 4414 2404 4465 essent
2431 4408 2648 4474 futuri;
2695 4407 2838 4461 item
2887 4403 2959 4459 de
3003 4403 3199 4459 ovium
3232 4407 3291 4456 et
3317 4401 3500 4456 boum
3531 4400 3735 4456 fecun-
3783 4395 3795 4405 ’

2090 4499 2273 4554 ditate
2303 4514 2372 4553 ac
2391 4497 2560 4552 lactis
2590 4494 2956 4552 abundantia
2986 4498 3044 4548 et
3071 4492 3143 4547 de
3175 4491 3401 4546 recenti
3432 4489 3554 4546 fetu
3577 4487 3736 4561 judi-

329 4581 634 4660 ἐκφύσεως
701 4581 924 4657 ἔλαχον·
995 4589 1100 4640 τῶν
1165 4607 1225 4642 τε
1280 4586 1577 4662 ἀρτιγενῶν
1625 4590 1978 4665 γεννημάτων

2090 4605 2245 4655 care,
2279 4588 2448 4659 cujus
2479 4586 2668 4657 quivis
2713 4585 2920 4642 matris
2964 4588 3139 4639 esset.
3172 4582 3307 4637 Haec
3336 4581 3466 4653 ejus
3497 4579 3740 4635 fuerunt

337 4667 532 4725 εἰδέναι
565 4668 859 4748 διακρίνειν
910 4679 1072 4730 ποῖον
1124 4674 1315 4737 ὁποίας
1363 4675 1475 4731 ἐστὶ
1528 4677 1756 4751 μητρός.
1789 4678 1986 4734 Καὶτά

341 4759 434 4830 μὶν
485 4761 587 4828 τῆς
639 4763 866 4834 πρώτης
904 4762 1150 4835 ἡλικίας,
1208 4764 1376 4820 εἰπεῖν
1429 4763 1486 4821 δὶ
1532 4767 1623 4822 καὶ
1671 4773 1772 4836 τῆς
1799 4766 1985 4822 τελευε-

329 4847 504 4918 ταίας,
559 4852 729 4902 ταῦτα
785 4847 851 4920 δὴ
910 4851 978 4906 τὰ
1037 4853 1334 4926 μαθήματα
1376 4855 1466 4908 καὶ
1497 4853 1981 4933 σεμνολογήματαξ

2096 4678 2288 4750 prima
2316 4681 2489 4732 {etate
2521 4675 2737 4746 studia,
2770 4673 2986 4746 quibus
3015 4679 3074 4728 et
3109 4671 3427 4744 postremis
3457 4669 3580 4725 suis
3608 4684 3737 4722 sese

2087 4765 2334 4840 jactavit
2361 4765 2900 4838 temporibus.Cum
2931 4768 3128 4818 autem
3159 4775 3418 4834 paupere
3442 4759 3559 4812 vita
3589 4755 3737 4811 tole-

2095 4855 2282 4912 randa
2311 4855 2684 4923 adolevisset,
2716 4854 2876 4910 omni
2928 4857 3145 4909 conatu
3183 4851 3360 4905 nixus
3391 4852 3481 4902 est
3507 4862 3580 4901 ea
3608 4859 3738 4900 sese

328 4937 402 4998 ὡς
459 4933 516 4992 δὲ
570 4937 812 5011 ἤκμαζεν
873 4937 1004 5010 ἤδη,
1059 4942 1153 4996 τὸν
1209 4941 1416 5013 πένητα
1461 4945 1585 5019 βίον
1614 4932 1854 5010 διαθλῶν
1895 4932 1978 5003 καῘ

2093 4949 2380 5015 liberare;
2405 4953 2464 5004 et
2483 4945 2806 5020 aliquando
2830 4961 3002 5000 suum
3027 4941 3330 4997 tribunum
3353 4937 3521 5005 adiit,
3542 4935 3738 5004 balba,

322 5029 625 5097 καρτερῶν,
689 5020 912 5083 ἔσπευδε
971 5033 1166 5086 τοῦτον
1219 5029 1364 5107 πάσῃ
1421 5032 1816 5109 ἀποτρίψασθαι
1873 5057 1986 5110 μη-

324 5119 493 5190 χανῇ.
570 5114 677 5171 Καὶ
753 5136 886 5172 ποτε
933 5121 1013 5190 τῷ
1087 5117 1284 5175 ἑαυτοῦ
1361 5122 1635 5197 παραστὰς
1692 5129 1984 5199 στρατηγῷ

323 5202 512 5258 ἑαυτὸν
571 5202 852 5283 ὑπέφαινε,
907 5209 976 5280 τῇ
1033 5214 1137 5278 τῆς
1195 5209 1453 5281 γλώττης
1501 5211 1835 5284 τραυλότητι
1887 5215 1979 5269 τὸν

320 5289 566 5368 ἄρχοντα
633 5291 1060 5370 ἐκκαλούμενος.
1130 5301 1254 5356 Τῶν
1343 5297 1402 5354 δὲ
1467 5301 1805 5376 Ἀθιγγάνων
1873 5323 1978 5370 τις,

317 5384 558 5455 γνωστὸς
620 5384 886 5460 ὑπάρχων
942 5391 1024 5459 τῷ
1081 5394 1389 5465 στρατηγῷ,
1448 5389 1608 5446 αὐτὸν
1663 5412 1722 5447 τε
1784 5396 1978 5448 τοῦτον

2091 5044 2159 5094 ut
2187 5043 2334 5108 erat,
2365 5054 2505 5094 voce
2536 5053 2672 5093 eum
2720 5035 2938 5090 idcirco
2987 5029 3376 5102 compellans.
3411 5025 3494 5081 Ibi
3527 5025 3736 5079 Athin-

2090 5145 2278 5202 ganus
2308 5126 2550 5199 quidam
2582 5130 2757 5180 notus
2787 5120 3024 5177 tribuno
3057 5116 3375 5174 affirmavit
3401 5113 3575 5186 paulo
3605 5116 3741 5184 post

2090 5220 2250 5274 hunc
2274 5215 2624 5272 Michaelum
2648 5218 2707 5269 et
2729 5208 3046 5284 quemdam
3069 5207 3254 5262 alium
3276 5204 3568 5260 illustrem
3590 5203 3738 5268 fore,

2091 5323 2157 5362 ac
2188 5305 2438 5377 imperio
2470 5305 2599 5375 ipso
2630 5304 3030 5357 Romanorum
3063 5296 3408 5369 potiturum.
3441 5291 3530 5349 Ad
3561 5306 3739 5363 quam

2089 5394 2538 5466 prmdictionem
2589 5391 2860 5446 tribunus
2899 5387 3099 5443 animo
3145 5385 3227 5440 ita
3268 5381 3517 5440 incaluit
3544 5387 3609 5438 ut
3638 5379 3737 5452 qui

1529 5544 1892 5600 XYLANDRI
1930 5545 2017 5600 ET
2055 5543 2271 5601 GOABI
2308 5542 2530 5598 ΝΟΤᾸΞ.

402 5658 518 5730 (62)
551 5660 675 5716 Non
705 5663 780 5720 ad
814 5664 1168 5739 religionem
1199 5665 1413 5738 solum,
1447 5667 1550 5726 sed
1580 5670 1904 5729 universim
1934 5670 2012 5730 ad
2037 5669 2300 5730 animam
2328 5667 2648 5744 pertinent.
2675 5669 2858 5727 Gom.
