4148 6212
435 296 552 356 955

1767 283 2093 344 GEORGII
2137 285 2459 349 CEDREN
2465 291 2493 348 Ι

3732 286 3857 346 956

429 427 701 484 futurum
722 423 848 496 jam
875 419 1040 492 quasi
1090 419 1152 472 in
1191 417 1432 490 speculo
1471 419 1607 472 ante
1637 415 1842 474 oculos
1872 429 2078 470 cerne-

2202 415 2282 470 ῑόν
2340 408 2576 495 Μιχαὴλ
2641 415 2730 472 καὶ
2789 436 2902 473 τινα
2955 414 3138 491 ’ἓτερον
3213 410 3579 490 περιϐοήτους
3635 409 3858 471 ἔσεσθαι

434 522 527 572 ret
550 535 563 584 ;
597 521 654 571 et
680 516 822 570 871
853 510 1228 566 occasionem
1247 523 1631 579 nequaquam
1651 503 2084 578 repudiandazn

436 611 620 671 ratus,
655 618 831 674 quam
857 615 982 654 non
1010 597 1181 652 facile
1205 613 1412 652 rursus
1438 602 1601 652 esset
1629 599 2082 660 consecuturus,

439 713 469 751 e
499 693 734 763 vestigio
765 691 898 745 aliis
931 688 1205 744 omnibus
1250 687 1351 758 qui
1401 692 1459 741 et
1504 685 1738 758 generis
1765 684 2086 757 splendore

437 789 496 838 et
547 780 932 854 dignitatibus
990 777 1284 832 ﬂorebant
1341 776 1704 848 postpositis,
1766 774 1873 828 hos
1930 774 2086 828 viros

437 871 698 928 convivio
731 867 1019 932 adhibuit,
1080 883 1147 920 ac
1206 865 1431 936 vigente
1472 864 1906 935 compotatione
1933 862 2086 918 filias

436 961 736 1016 adducens
758 959 831 1012 iis
853 958 912 1011 in
935 954 1385 1010 matrimonium
1411 952 1746 1024 despondit,
1773 951 1846 1006 ad
1873 967 2084 1006 novam

437 1049 677 1122 quidem
725 1053 783 1101 et
835 1045 1202 1116 inopinatam
1249 1059 1372 1097 rem
1433 1041 1723 1113 principio
1756 1047 2083 1111 stupentes,

435 1138 827 1196 assentientes
879 1139 1078 1188 tamen
1150 1138 1208 1187 et
1280 1132 1647 1203 paciscentes
1703 1130 1962 1201 nuptias,
2020 1133 2087 1183 ut

439 1229 540 1300 qui
590 1243 711 1281 non
754 1223 1034 1284 hominis,
1092 1222 1194 1277 sed
1245 1221 1347 1275 Dei
1396 1219 1507 1274 hoc
1555 1235 1685 1274 esse
1734 1236 1882 1290 Opus
1913 1222 2083 1290 puta-

439 1321 594 1370 rent.

2193 507 2307 580 μετ’
2347 507 2408 563 ού
2442 506 2587 564 πολὺ
2625 507 2936 587 διηγόρευε,
2989 507 3078 563 καὶ
3133 505 3414 582 βασιλείας
3457 509 3628 578 αὐτῆς
3663 505 3862 563 ἐπι-τοο

2189 601 2309 672 χεῖν
2339 596 2438 651 ούκ
2471 597 2524 652 ἐν
2559 591 2760 673 μακρῷ
2811 603 2893 670 τῷ
2949 596 3162 676 χρόνῳ.
3210 596 3444 659 Τούτοις
3473 598 3502 652 ὁ
3534 598 3862 671 στρατηγὸς

2187 686 2288 755 τὴν
2331 687 2526 761 ψυχὴν
2577 686 2981 764 ἐκθερμωθεῖς,
3035 686 3127 740 καὶ
3177 686 3242 741 τὸ
3303 685 3508 759 μέλλον
3541 683 3742 760 ὥσπερ
3774 685 3861 740 ἐν·

2193 774 2612 848 οπτριζόμενος,
2671 777 2772 831 οὐκ
2822 771 2962 854 ἔγνω
3018 772 3318 850 βραδυτῆσι
3371 777 3738 848 παρώσασθαι
3771 777 3866 831 τὸν

2191 865 2399 937 καιρὸν,
2423 865 2486 918 οὗ
2509 865 2678 919 πάλιν
2700 869 2886 940 τυχεῖν
2921 861 2983 919 οὺ
3016 861 3219 938 ῥᾴδιον.
3257 864 3508 937 Τράπεζα
3539 863 3636 918 οὖν
3671 885 3862 940 παρα-

2191 954 2412 1032 χρήμα,
2443 954 2532 1009 καὶ
2563 955 2693 1017 τοὺς
2740 951 2950 1017 ἄλλους
3005 954 3206 1015 πάντας
3236 951 3558 1010 καταλιπὼδ
3590 955 3732 1017 τοὺς
3765 954 3860 1009 καὶ

2193 1041 2336 1118 γένει
2384 1042 2475 1096 καί
2532 1043 2804 1116 ἀξιώμασι
2862 1040 3330 1117 διαφανεστέρους,
3362 1042 3595 1104 τούτους
3625 1040 3702 1111 δὴ
3731 1043 3868 1104 τοὺς

2193 1127 2391 1204 ἄνδρας
2443 1131 2518 1193 είς
2569 1131 2802 1187 ἑστίασιν
2852 1131 3130 1206 συγκαλεῖ,
3181 1133 3272 1186 καὶ
3320 1135 3416 1186 τοῦ
3465 1131 3638 1186 πότου
3671 1132 3868 1204 ἀκμά-

2193 1223 2385 1288 ζοντος
2437 1220 2532 1280 τὰς
2591 1221 2889 1297 θυγατέρας
2955 1218 3103 1296 ἄγων
3177 1216 3357 1274 ἐδίδου
3411 1225 3531 1280 τοῖς
3587 1221 3774 1289 ξένοις
3837 1220 3864 1275 6

2195 1309 2520 1385 στρατηγὸς,
2578 1310 2667 1364 καὶ
2742 1307 3010 1388 νύμφίους
3086 1303 3232 1383 ἔχειν
3293 1307 3726 1388 καθωμολόγει,
3778 1312 3862 1380 τῷ

441 1405 574 1476 ξένῳ
635 1401 730 1473 μὶν
789 1397 881 1453 καὶ
938 1394 1226 1471 παραδόξῳ
1280 1399 1379 1450 106
1435 1394 1758 1472 πράγματος
1811 1393 1863 1449 ἐν
1918 1392 2160 1450 ἐκστάσει
2221 1384 2485 1471 πρότερον
2539 1384 2886 1473 γενομένους,
2941 1394 3397 1472 ἀποδεχομένους
3443 1394 3501 1452 δὲ
3551 1384 3726 1470 ὅμως
3773 1396 3866 1451 καὶ

438 1488 1017 1564 συγκατατιθεμένους,
1050 1486 1139 1540 καὶ
1171 1488 1304 1540 Θεοῦ
1335 1483 1492 1560 ἔργον
1522 1485 1584 1538 τὸ
1614 1489 1885 1554 τοιοῦτον,
1921 1480 2020 1538 οὒκ
2050 1485 2334 1560 ἀνθρώπου
2362 1485 2801 1563 ὁμολογοῦντας.

511 1581 822 1636 Enimvero
865 1577 1182 1633 Michaelus
1226 1577 1545 1647 Athingani
1580 1576 1748 1630 istius
1778 1591 1978 1630 vocem
2010 1575 2093 1630 ita
2121 1577 2166 1643 Β

441 1671 682 1728 auribus
714 1669 931 1737 hausit,
991 1673 1054 1722 ut
1101 1668 1203 1738 qui
1263 1683 1393 1722 eam
1444 1666 1654 1720 divina)
1686 1665 2092 1737 praedictionis

441 1762 570 1817 loco
602 1763 924 1831 reputaret.
960 1757 1154 1811 Altero
1189 1755 1404 1810 deinde
1455 1755 1654 1808 omine
1685 1753 2090 1822 confirmatus,

442 1849 719 1908 monachi
750 1863 966 1918 nempe
997 1845 1148 1917 apud
1175 1844 1597 1900 Philomblium
1629 1843 2094 1914 vaticinio,quod

444 1955 623 2010 supra
653 1937 988 2004 retulimus,
1031 1951 1101 1990 eo
1155 1933 1437 1989 audacius
1469 1949 1536 1987 ac
1587 1933 1840 1988 ferocius
1871 1933 2094 1987 caedem

444 2029 621 2084 Leoni
655 2027 897 2081 molitus
929 2030 1037 2080 est.
1071 2023 1216 2078 Male
1262 2041 1324 2078 se
1373 2029 1636 2095 gesserat
1664 2023 1944 2077 adversus
1974 2021 2093 2092 pri-

445 2134 611 2173 mum
661 2132 834 2171 suum
883 2113 1322 2168 benefactorem
1373 2111 1766 2176 Bardanium;
1817 2111 1988 2183 pejus
2033 2127 2094 2166 se

445 2207 628 2280 gessit
677 2205 956 2260 adversus
1006 2203 1353 2268 secundum,
1391 2203 1643 2256 Leonem
1696 2201 1959 2271 inquam,
1993 2201 2094 2271 qui

447 2298 626 2354 etiam
659 2296 849 2350 ﬁlium
897 2292 1163 2348 Michaeli
1215 2308 1286 2346 ex
1335 2307 1502 2346 sacro
1555 2290 1785 2345 lavacro
1817 2306 2096 2361 suscepe-

442 2393 554 2445 rat.
614 2371 888 2452 Quamvis
947 2389 1146 2439 autem
1211 2383 1465 2438 Leonem
1523 2381 1896 2437 atrocissima
1949 2397 2093 2437 nece

445 2477 702 2543 sustulit,
736 2475 1072 2547 portionem
1105 2478 1304 2528 tamen
1345 2471 1664 2542 quamdam
1696 2470 1769 2526 ad
1800 2470 1930 2524 vitae
1962 2487 2094 2526 sus-

443 2566 834 2622 tentationem
859 2563 999 2619 ﬁliis
1022 2562 1072 2634 ej
1084 2579 1152 2616 us
1173 2567 1231 2616 et
1252 2561 1452 2616 uxoris
1477 2577 1548 2616 ex
1572 2559 1887 2632 publicatis
1910 2559 2096 2632 ipsius

441 2659 616 2714 bonis
648 2662 826 2727 atque
851 2652 1331 2728 possessionibus
1353 2651 1592 2718 decidit,
1615 2667 1830 2722 pueros
1857 2665 2094 2721 quoque

439 2749 514 2804 de
557 2748 679 2803 suis
739 2746 966 2816 aliquot
1026 2744 1110 2798 eis
1169 2743 1419 2811 donans,
1479 2758 1731 2812 quorum
1785 2745 2097 2797 uterentur

438 2836 794 2894 ministerio.
844 2836 1094 2890 Uxorem
1147 2847 1406 2902 namque
1455 2831 1666 2886 Leonis
1705 2831 1765 2886 in
1793 2835 2095 2887 monaste-

2272 1573 2443 1632 ’Βλλά
2485 1580 2654 1631 ταῦτα
2716 1577 2811 1650 μὲν
2880 1575 3173 1652 ἐπράττετο
3228 1574 3423 1638 οὕτως’
3480 1577 3582 1646 τὴν
3637 1573 3700 1631 δὲ
3765 1579 3865 1631 τοῦ

2202 1663 2456 1738 ῥηθέντος
2490 1665 2814 1741 Ἀθιγγάνου
2855 1667 2970 1740 (63)
3019 1667 3205 1742 φωνὴν
3241 1664 3317 1728 ὥς
3355 1685 3476 1719 τινα
3503 1665 3648 1718 θείαν
3681 1664 3868 1740 πρόρ-

2204 1753 2361 1827 ῥησιν
2391 1751 2680 1830 ἐνηχηθεῖς
2723 1754 2751 1808 6
2803 1751 3061 1830 Μιχαὴλ,
3118 1751 3364 1829 δεύτερον
3395 1750 3442 1808 δ’
3471 1753 3665 1808 οἰωνὸν
3699 1753 3872 1825 εἰλη-

2203 1841 2318 1920 φὼς
2347 1842 2435 1896 καὶ
2468 1843 2567 1911 τὴν
2627 1842 2762 1898 κατὰ
2816 1843 2879 1898 τὸ
2941 1841 3279 1916 Φιλομίλιον
3311 1845 3409 1898 τοῦ
3441 1846 3694 1918 μοναχοῦ
3723 1863 3868 1919 προ-

2203 1931 2507 2005 αγόρευσιν,
2539 1932 2614 1986 ὡς
2645 1929 2752 2003 ἢδη
2813 1930 3105 2010 φθάσαντες
3166 1931 3412 2006 εἴπομεν,
3445 1937 3529 2005 τῷ
3558 1936 3656 1987 106
3689 1932 3866 1988 Λέον-

2203 2041 2295 2083 τος
2349 2023 2499 2100 φόνῳ
2555 2021 2891 2097 ἰταμώτερον
2941 2021 3158 2078 ἐπέθετο
3214 2021 3304 2078 καὶ
3365 2021 3712 2099 θρασύτερον,
3766 2045 3868 2077 κα-

2203 2109 2297 2170 κὸς
2360 2109 2454 2182 μὶν
2512 2111 2634 2184 περί
2683 2111 2774 2165 τὸν
2823 2115 3046 2184 πρῶτον
3102 2109 3388 2191 εύερφέτην
3419 2111 3624 2191 φανεὶς,
3655 2110 3867 2167 ἐκεῖνον

2205 2196 2270 2269 δὴ
2329 2200 2422 2255 τὸν
2478 2200 2763 2274 εἰρημένον
2820 2197 3140 2276 Βαρδάνιον,
3217 2201 3420 2256 κακίων
3479 2197 3535 2256 δὲ
3591 2202 3718 2277 περὲ
3773 2203 3868 2256 τὸν

2205 2285 2474 2364 δεύτερον,
2526 2290 2672 2364 φημὶ
2713 2287 2779 2359 δὴ
2812 2291 2905 2345 τὸν
2959 2289 3183 2356 Λέοντα,
3218 2289 3277 2352 ὅς
3307 2291 3394 2344 καὶ
3425 2290 3516 2345 τὸν
3550 2291 3666 2345 υἱὸν
3697 2291 3863 2346 αὐτοῦ

2203 2377 2264 2432 ἐκ
2318 2382 2415 2433 106
2475 2377 2620 2442 θείου
2681 2379 3059 2454 βαπτίσματος
3118 2379 3574 2454 υἱοθετησάμενος
3620 2380 3688 2447 ἧν

2202 2468 2391 2538 Ὅμως
2444 2463 2501 2521 δὲ
2557 2467 2645 2521 καὶ
2701 2467 2794 2522 τὸν
2857 2466 3079 2536 Λέοντα,
3137 2465 3392 2538 οἳκτίστῳ
3422 2467 3634 2540 θανάτῳ
3661 2488 3860 2542 κατερ-

2201 2555 2506 2632 γασάμενος
2556 2555 2864 2630 ἆπόμοιράν
2895 2577 3016 2610 τινα
3047 2556 3323 2635 χορηγίας
3355 2561 3472 2618 τοῖς
3500 2561 3599 2610 106
3622 2556 3857 2618 Λέοντος

2202 2641 2544 2699 έναποτάττει
2601 2643 2757 2699 παισὶ
2835 2644 2926 2699 καὶ
3007 2647 3076 2717 τῇ
3131 2645 3340 2700 τούτων
3403 2645 3574 2720 μητρὶ
3631 2645 3691 2700 ἐκ
3743 2649 3852 2700 τῶν

2203 2729 2582 2804 δημευθέντων
2638 2733 2939 2806 κτημάτων
2989 2733 3178 2802 αὐτοῦ,
3225 2733 3314 2788 καὶ
3344 2753 3494 2795 τινας
3519 2739 3630 2789 τῶν
3663 2735 3857 2790 ἑαυτοῦ

2203 2819 2409 2878 παίδων
2487 2824 2621 2897 πρὸς
2689 2822 2984 2897 ὑπηρεσίαν
3052 2821 3240 2885 αὐτοῖς
3293 2819 3703 2897 δωρησάμενος,
3763 2825 3851 2880 καὶ

439 2929 595 2984 rium
629 2926 787 2998 quod
816 2924 1191 2980 dominorum
1221 2922 1438 2978 dicitur
1486 2922 1748 2992 inclusit,
1781 2921 1933 2976 filios
1962 2937 2092 2976 ma-

2202 2912 2298 2980 τὴν
2336 2911 2430 2983 μὲν
2487 2915 2585 2966 106
2630 2911 2866 2974 Λέοντος
2925 2911 3170 2987 γαμετὴν
3226 2912 3301 2974 εἷς
3355 2914 3456 2981 τὴν
3513 2914 3661 2968 οὕτω
3689 2912 3853 2988 λεγο-

439 3035 535 3073 res
567 3017 626 3072 in
657 3015 810 3072 812
842 3016 1018 3070 Prota
1048 3013 1263 3068 insula.
1296 3011 1404 3078 Qui
1449 3027 1584 3067 cum
1632 3010 1714 3066 ibi
1762 3015 2090 3066 castraren-

441 3114 557 3176 tur,
605 3105 966 3163 Theodosius
1026 3105 1088 3158 in
1146 3103 1268 3158 fata
1326 3103 1638 3170 concessit,
1672 3101 2095 3156 Constantinus

442 3204 660 3263 autem,
715 3195 818 3268 qui
875 3195 990 3250 alio
1042 3193 1288 3248 nomine
1345 3190 1596 3246 Basilius
1654 3190 1890 3256 dicitur,
1935 3189 2096 3244 vocis

440 3303 554 3342 usu
585 3287 655 3342 ab
689 3284 1023 3340 exsectione
1055 3281 1315 3336 virilium
1367 3280 1648 3350 privatus,
1691 3279 1822 3350 ejus
1851 3278 2097 3332 restitu-

443 3377 668 3430 tionem
725 3390 860 3428 οδω
945 3375 1130 3426 Deum
1209 3369 1508 3441 ﬂagitavit,
1568 3373 1694 3422 tum
1753 3368 2096 3440 Gregorium

447 3464 754 3536 theologia:
787 3461 1029 3517 nomine
1061 3459 1378 3524 illustrem,
1413 3458 1584 3529 cujus
1615 3455 1695 3512 ibi
1740 3458 1891 3512 forte
1934 3473 2098 3528 quaa-

447 3553 583 3609 dam
615 3555 742 3606 erat
768 3554 980 3605 statua.
1013 3546 1288 3602 Exaudiit
1317 3562 1452 3602 eum
1501 3549 1741 3601 sanctus
1789 3545 1912 3613 ille,
1945 3545 2097 3600 visa—

447 3660 562 3716 que
595 3645 684 3697 est
715 3639 765 3695 ei
795 3639 988 3710 imago
1020 3653 1189 3692 sacra
1218 3651 1392 3691 mane
1415 3634 1636 3707 jubens
1680 3650 1876 3690 ceram
1918 3650 2096 3705 quam

445 3731 782 3807 porrigebat
813 3730 1029 3802 legere.
1055 3729 1135 3782 Ac
1167 3725 1416 3782 Basilius
1450 3725 1628 3781 ﬁdem
1660 3725 1816 3782 dicto
1848 3724 2096 3794 habens,

443 3821 746 3896 ingressus
804 3819 1032 3887 fanum,
1091 3817 1253 3872 clara
1309 3815 1746 3888 purissimaque
1807 3831 1945 3871 voce
2003 3830 2099 3870 re-

446 3914 646 3970 citavit
701 3911 862 3966 ha—ac:
940 3911 1215 3973 Rursum,
1268 3907 1438 3961 Jesus
1493 3921 1680 3960 meus.
1764 3907 1913 3959 Voce
1989 3905 2096 3958 ita-

448 4020 561 4076 que
610 4006 850 4072 recepta
901 3998 1178 4052 traditam
1236 4011 1270 4050 a
1326 3999 1492 4066 patre
1552 3994 1663 4049 sibi
1730 3994 2098 4065 impietatem

449 4093 846 4158 abominatus,
904 4093 1132 4160 gratum
1214 4101 1275 4139 se
1346 4100 1484 4156 erga
1559 4099 1755 4138 sacras
1809 4083 2098 4153 imagines

451 4181 723 4252 prmbuit.

2205 2999 2370 3074 μένην
2427 3004 2534 3056 τῶν
2593 3005 2877 3056 Δεσποτῶν
2934 3002 3106 3074 μονὴν
3167 3000 3509 3078 ἐνασφαλίζει
3567 3001 3850 3076 κελεύσας,

2201 3090 2328 3154 τοὺς
2385 3089 2607 3166 ἄρρενας
2669 3087 2726 3146 δὲ
2779 3095 2888 3145 τῶν
2949 3088 3158 3146 παίδων
3220 3089 3270 3145 ἐν
3328 3095 3396 3165 τῇ
3451 3093 3649 3166 Πρώτῃ
3682 3095 3852 3167 νήσῳ.

2202 3179 2277 3241 ὡς
2313 3177 2548 3254 εἴρηται.
2611 3181 2708 3234 Ὧν
2765 3181 2882 3235 κατ’
2939 3178 3108 3248 αὐτὴν
3170 3179 3628 3255 εὖνουχισθέντων
3659 3179 3858 3237 Θεοδό-

2203 3287 2318 3329 σιος
2379 3269 2472 3340 μὲν
2527 3263 2758 3340 ἀπεϐίω,
2815 3274 3221 3330 Κωνσταντῖνος
3253 3267 3302 3324 δ’
3350 3271 3379 3325 6
3431 3271 3856 3343 μετονομασθεῖς

2204 3355 2490 3421 Βασίλειος
2519 3359 2732 3438 ἀφωνία
2791 3360 2926 3433 μετὰ
2981 3360 3072 3414 τὸν
3105 3357 3471 3436 εὒνουχισμὸν
3502 3361 3857 3435 κατασχεθεὶς

2204 3441 2376 3501 ἐδεῖτο
2454 3446 2552 3518 μὶν
2617 3450 2712 3500 106
2769 3451 2905 3502 Θεοῦ
2957 3447 3056 3515 τὴν
3113 3447 3306 3502 ἑαυτοῦ
3363 3448 3596 3517 λυθῆναι
3654 3449 3857 3519 φωνὴν,

2203 3531 2376 3590 ἐδεῖτο
2435 3531 2492 3590 δὲ
2543 3535 2634 3590 καὶ
2687 3541 2786 3591 106
2843 3534 2897 3590 ἐν
2959 3534 3221 3610 θεολογίᾳ
3261 3539 3614 3613 περιωνύμου
3651 3543 3862 3614 Γρηγο-

2204 3623 2348 3698 ρίου,
2371 3623 2541 3679 ὲκεῖσέ
2571 3645 2676 3679 που
2705 3622 3153 3697 ἀνεστηλωμένου
3182 3626 3555 3700 τυγχάνοντος
3583 3629 3669 3700 [Ρ.
3704 3627 3851 3699 498].

2202 3713 2532 3782 Ὓπήκουσεν
2593 3711 2688 3767 οὖν
2745 3720 2844 3782 τῆς
2897 3713 3062 3768 αὐτοῦ
3148 3711 3386 3784 δεήσεως
3447 3715 3476 3769 6
3535 3715 3709 3789 ἅγιος,
3762 3715 3848 3769 καὶ

2205 3802 2389 3876 ὡράθη
2421 3805 2501 3874 τῷ
2532 3801 2924 3875 Κωνπαντίνῳ
2953 3804 3171 3880 φάσκων
3207 3804 3234 3857 6
3265 3806 3411 3865 θεῖος
3431 3804 3623 3866 τύπος·
3649 3829 3678 3856 ‹‹
3713 3805 3857 3859 Κατὰ

2203 3891 2296 3946 τὸν
2356 3887 2550 3965 ὄρθρον
2607 3891 2824 3946 τουτονὶ
2881 3892 2972 3946 τὸν
3031 3893 3200 3965 κηρὸν
3262 3886 3447 3947 λαϐὼν
3504 3893 3791 3967 ἀνάγνωθι.
3828 3917 3855 3944 ιο

2203 3981 2267 4036 Ὀ
2318 3976 2376 4033 δὲ
2431 3978 2723 4040 πιστεύσας
2780 3984 2898 4043 τοῖς
2949 3979 3298 4053 λεγομένοις,
3340 3979 3601 4045 εἰσελθὼν
3657 3981 3858 4055 ἀνέγνω

2206 4067 2436 4142 λαμπρᾷ
2474 4069 2564 4122 καὶ
2621 4069 2975 4143 καθαρωτάτη
3039 4075 3222 4147 φωνὴ,
3261 4069 3323 4124 τὸ
3384 4093 3413 4120 «ε
3445 4065 3619 4126 Πάλιν
3649 4071 3859 4140 Ἰησοῦς

2205 4158 2235 4212 6
2265 4155 2417 4229 ἐμός.
2452 4180 2479 4209 ιι
2539 4158 2653 4225 Τῆς
2693 4163 2880 4232 φωνῆς
2939 4158 2996 4212 δὶ
3051 4155 3308 4228 λυθείσης
3344 4159 3512 4213 αὐτοῦ
3538 4161 3641 4229 τήν
3667 4179 3725 4214 τε
3753 4179 3860 4213 πα-

2204 4241 2615 4320 τροπαράδοτον
2645 4240 2973 4318 ἒϐδελύξατο
3033 4242 3238 4316 ἄνοιαν,
3293 4247 3382 4300 καῖ
3429 4246 3551 4321 περὶ
3589 4247 3686 4308 τὰς
3710 4249 3859 4311 θείας

2127 4323 2173 4388 Ῑ)
2203 4334 2448 4398 εῗκόντας
2477 4336 2576 4404 τὴν
2600 4334 3020 4412 εὐγνωμοσύνην
3055 4335 3322 4409 μετέθετο.

523 4430 738 4482 Verum
769 4427 896 4480 hmo
921 4425 1228 4496 aliquanto
1260 4428 1393 4494 post
1435 4427 1778 4477 evenerunt.
1810 4422 2094 4477 Caeterum

2283 4421 2461 4480 Ἀλλὰ
2511 4429 2682 4481 ταῦτα
2741 4426 2836 4498 μὲν
2896 4426 3138 4501 ὕστερον·
3202 4424 3312 4498 ἤδη
3373 4425 3432 4483 δὲ
3458 4429 3558 4498 τὴν
3590 4427 3855 4501 αὐτοκρά-

451 4517 524 4572 ad
553 4515 902 4570 Michaelum
961 4514 1210 4584 imperio
1267 4512 1350 4567 ita
1405 4511 1681 4582 potitum,
1741 4526 1954 4581 resque
1994 4525 2094 4564 suo

2209 4533 2343 4588 τορα
2397 4518 2495 4569 106
2555 4513 2792 4592 Μιχαὴλ
2846 4513 3244 4589 ἐπανελομέιου
3303 4517 3482 4591 ἀρχὴν
3528 4517 3618 4573 καὶ
3649 4518 3714 4572 τὰ
3743 4515 3858 4571 κατ’

450 4607 738 4663 arbitratu
759 4603 1222 4658 constituentem
1239 4600 1600 4672 Nicephorus
1618 4598 1835 4654 nobilis
1855 4598 2094 4670 patriar-

2211 4601 2383 4672 αὐτὴν
2425 4603 2498 4665 ὡς
2531 4597 2792 4659 ἐϐούλετο
2823 4600 3183 4672 διοικοῦντος,
3217 4603 3514 4676 ἐπιστολὴν
3539 4607 3568 4662 6
3600 4603 3850 4680 ἀοίδιμος

451 4698 562 4752 cha
583 4692 896 4766 epistolam
917 4690 1335 4760 mittit,petens
1357 4705 1426 4744 ea
1448 4704 1751 4744 sacrarum
1775 4687 2094 4758 imaginum

2212 4692 2528 4769 Νικηφόρος
2559 4693 2588 4746 6
2618 4692 2968 4772 πατριάρχης
3009 4691 3294 4767 ἐκπέμπει,
3335 4693 3668 4767 παρακαλῶν
3712 4695 3852 4750 ἀπο-

451 4784 946 4842 instaurationem
970 4786 1027 4834 et
1047 4779 1284 4851 pietatis
1296 4776 2094 4848 revocationem.Respondel

2214 4776 2405 4836 λαϐεῖν
2461 4783 2554 4836 τὸν
2612 4782 2894 4854 ἀσπασμὸν
2949 4784 3044 4843 τὰς
3099 4783 3245 4845 θείας
3302 4782 3509 4845 εῗκόνας
3578 4785 3670 4839 καὶ
3725 4785 3852 4839 ἀνά-

452 4873 769 4930 Michaelus
793 4888 854 4926 se
878 4885 1071 4941 neque
1098 4869 1282 4934 ullum
1308 4866 1684 4922 decretorum
1714 4865 1785 4921 de
1819 4865 1935 4920 fide
1961 4881 2094 4921 con-

2211 4868 2409 4937 κλησιν
2441 4867 2680 4944 γενέσθαι
2714 4874 2815 4936 τῆς
2848 4867 3143 4933 εὐσεϐείας.
3175 4869 3334 4928 Ἀλλ’
3385 4873 3414 4927 6
3463 4870 3702 4948 Μιχαὴλ
3755 4873 3858 4928 ἀπ-

449 4965 666 5020 vellere
697 4961 998 5028 statuisse,
1029 4974 1224 5029 neque
1280 4956 1462 5012 etiam
1517 4953 1844 5026 quidquam
1897 4970 2094 5009 eorum

2215 4957 2458 5030 εκρίνατο
2493 4961 2633 5031 μήτε
2670 4980 2720 5014 τι
2779 4961 3172 5034 κακουργήσων
3235 4957 3413 5024 ἐλθεῖν
3457 4961 3564 5015 τῶν
3621 4961 3745 5037 περὶ
3773 4959 3863 5015 πί·-

453 5071 584 5126 qua;
599 5051 813 5108 tradita
819 5049 945 5121 jam
965 5054 1022 5104 et
1036 5047 1306 5102 confessa
1317 5044 1682 5102 haberentur
1695 5043 2094 5100 damnaturu-n

2215 5066 2384 5108 στεως
2414 5045 2824 5121 ὲκτεθειμένων,
2870 5049 3011 5120 μήτε
3071 5049 3179 5120 μὴν
3235 5053 3342 5104 τῶν
3396 5045 3503 5119 ἤδη
3537 5047 3860 5126 παραδοθένο

1656 5143 2016 5198 XYLANDR!
2056 5143 2143 5199 ET
2185 5145 2402 5203 GOABI
2443 5149 2664 5204 NOTAE.

522 5249 635 5322 (ϐξ)
667 5246 1061 5322 ΔἈθυγγσὶνους
1126 5240 1613 5322 παλσμοσκόποις,
1662 5239 2094 5322 λ-εκανομάντεσιτ

2217 5244 2376 5322 rima
2388 5247 2605 5322 nugari
2626 5245 2828 5322 refert,
2853 5262 2984 5318 quin
3002 5263 3077 5302 ne
3101 5247 3336 5320 scriptis
3362 5247 3607 5319 quidem
3635 5248 3863 5305 tradan-

454 5313 888 5382 νεῲοδιώκταις’,’
925 5319 1205 5389 γυτευταῖς
1264 5318 1632 5389 annumerat
1679 5313 1993 5389 Balsamon
2047 5313 2094 5368 in

2218 5319 2315 5370 tur
2344 5313 2521 5389 digna
2552 5324 2708 5374 sunt.
2743 5313 2917 5374 Goai.

455 5405 743 5460 canonem
803 5394 860 5460 6t
916 5382 1306 5460 ⁸’ΪῚ-ιιιιελιῐιιιξῐῃ
1340 5391 1399 5440 et
1452 5387 1513 5440 in
1569 5387 1638 5460 65
1689 5382 2094 5460 oivaoa'xd‘nozg.

2288 5389 2378 5460 (64
2389 5382 2753 5460 Γευςοερεναε
2773 5407 2801 5444 e
2820 5389 3088 5458 baptismo
3109 5395 3159 5444 et
3178 5390 3499 5460 adoptarat.
3533 5392 3863 5448 Secundum

453 5455 722 5533 γεςῴσταις
771 5459 858 5510 καὶ
912 5455 1586 5533 ἐγγγαστριμύθοιςηῳιξξεί
1616 5456 1881 5533 profanis
1912 5456 2094 5533 vatici

2217 5455 2767 5533 omisithla—nder,
2792 5455 2961 5530 cujus
2987 5455 3452 5517 ecclesiasticum
3481 5462 3662 5519 ritum
3695 5463 3864 5518 habet

457 5526 573 5584 niis
607 5535 662 5581 et
692 5526 1120 5602 superstitiosis
1168 5526 1631 5602 divinationibus
1673 5526 1929 5602 deditos.
1973 5527 2108 5602 ser-
2216 5526 2660 5602 Euchologium.
2698 5526 2874 5587 Gesn:

458 5604 666 5673 pontes
697 5597 785 5655 in'
807 5599 942 5654 sinu
984 5604 1234 5668 gestare,
1286 5600 1484 5655 futura
1530 5597 1853 5669 praedicere
1885 5603 1944 5654 et
1971 5597 2108 5670 plu-
