4148 6212
288 376 403 437 95⁵1

1437 377 1800 439 HISTORIA
1813 375 1976 437 RUM
2021 375 2344 440 COMPEN
2355 382 2546 447 DlUM
2559 429 2575 445 .

3587 387 3706 447 958

293 531 402 566 των
429 507 518 564 καὶ
576 507 1103 586 ἀνομολογηθὲντων
1156 505 1511 583 καταδρομήν
1570 528 1690 564 τινα
1721 507 1950 584 ἐργάζε-

2067 510 2158 566 vel
2189 518 2555 574 mutaturum
2585 535 2598 574 :
2632 519 2820 590 quivis
2852 507 3056 576 secure
3109 520 3169 575 id
3225 511 3577 593 sequeretur
3625 523 3707 574 at-

295 603 415 655 σθαι
454 598 543 654 καὶ
575 598 905 673 καθαίρεσιν.
938 622 965 651 ιι
996 599 1261 661 Ἕκαστος
1303 598 1418 666 οὖν,
1452 597 1606 673 φησὶ,
1635 599 1698 654 τὸ
1749 596 1942 654 δοκοῦν

296 687 445 760 αὗτῷ
474 687 702 742 ποιείτω
731 686 822 742 καῖ
848 686 1057 764 ἐφετὸν,
1088 687 1302 756 ἀπαθὴς
1334 688 1514 743 πόνων
1543 688 1636 742 καὶ
1690 689 1945 765 ἄγευστος

299 776 480 848 λύπης
515 775 801 834 διατελῶν.
837 801 866 827 n
897 775 1048 846 [Ιλὴν
1079 776 1140 831 οὐ
1177 777 1344 856 μέχρι
1372 775 1565 840 τέλους
1595 777 1794 847 ταύτην
1820 777 1948 847 ἐτή-

304 887 437 942 ρησε
475 869 574 935 τήν
605 865 918 940 προαίρεσιν
951 867 978 920 ὁ
1022 864 1163 938 μηδέ
1190 868 1289 935 τήν
1333 868 1512 942 ἀρχὴν
1562 866 1776 937 ἀληθὴς
1807 871 1950 942 Χρι-

303 957 514 1018 στιανὸς
542 956 803 1032 γεγονώς’
863 954 990 1010 ἀλλ’
1047 956 1173 1010 ’ὀσον
1223 956 1290 1011 τὰ
1339 963 1440 1025 τῆς
1485 954 1762 1032 βασιλείας
1805 955 1950 1028 αύτῷ

301 1045 642 1122 ἐκρατύνετο,
673 1048 935 1100 τοσοῦτον
974 1041 1334 1118 κακοδαίμονι
1365 1045 1520 1125 φύσει
1548 1045 1640 1099 καὶ
1680 1044 1944 1119 ὼμοτάτῃ

301 1135 392 1190 τὸν
420 1134 558 1190 κατά
591 1139 698 1190 τῶν
760 1135 1096 1206 Χριστιανῶν
1155 1133 1246 1188 καὶ
1303 1139 1411 1189 τῶν
1476 1132 1776 1212 ὁμοφύλων
1834 1137 1948 1206 (65)

302 1223 612 1298 ἀνεῤῥίπιζε
667 1223 942 1296 πόλεμον,
993 1226 1085 1278 νῦν
1156 1223 1249 1294 μὲν
1295 1225 1424 1285 τοὺς
1486 1222 1766 1298 μόναχοὺς
1831 1221 1948 1278 δια-

297 1313 481 1368 πτύων
519 1313 609 1368 καὶ
666 1313 948 1377 παντοίοις
1003 1309 1360 1388 περιϐάλλων
1421 1311 1637 1384 δεινοῖς,
1695 1313 1786 1368 καὶ
1817 1333 1948 1367 ποι-

297 1409 415 1466 ναῖς
444 1403 764 1478 ἐξευρίσκων
803 1403 1019 1472 ποινάς,
1049 1406 1140 1457 νῦν
1185 1400 1243 1457 δὲ
1292 1402 1422 1465 τοὺς
1470 1401 1678 1466 ἄλλους
1725 1401 1952 1464 πιστοὺς

298 1492 564 1570 ἒγκλείων
627 1498 888 1571 φρουραῖς
945 1493 1032 1546 καὶ
1107 1491 1430 1567 ὑπερορίους
1490 1491 1678 1556 τιθείς.
1735 1494 1951 1547 Ἐντεῦ-

302 1594 388 1648 θεν
415 1582 503 1638 καὶ
537 1579 798 1639 Μεθόδιον
825 1581 920 1637 τὸν
953 1582 1087 1653 μετὰ
1139 1581 1318 1656 βραχὺ
1369 1585 1772 1656 πατριαρχικοῦ
1825 1581 1951 1655 θρό-

300 1693 396 1728 νου
463 1671 758 1742 ἀξιωθέντα
822 1670 912 1725 καὶ
971 1669 1245 1743 Εὐθύμιον
1330 1671 1421 1725 τὸν
1489 1673 1787 1740 τηνικαῦτα
1842 1674 1950 1724 τῶν

303 1758 556 1835 Σάρδεων
584 1757 1000 1836 προεδρεύοντα,
1029 1764 1109 1831 τῷ
1140 1760 1306 1814 αὐτοῦ
1344 1757 1616 1832 θελήματι
1677 1760 1754 1832 μὴ
1810 1759 1956 1814 ὑπεί-

2059 616 2172 672 que
2204 609 2404 675 ageret
2433 607 2590 677 quod
2623 608 2732 663 sibi
2763 609 3115 680 probaretur
3135 614 3310 680 atque
3335 609 3560 664 liceret.
3577 611 3704 664 Non

2059 695 2257 746 tamen
2289 694 2349 748 in
2385 696 2494 752 hoc
2525 699 2826 769 proposito
2869 699 3282 770 perseveravit,
3331 699 3550 770 quippe
3600 698 3704 770 qui

2059 796 2134 836 ne
2157 781 2328 838 initio
2357 785 2598 855 quidem
2620 804 2791 843 verus
2810 788 2922 843 fuit
2939 788 3325 843 Christianus.
3354 787 3465 842 Sed
3497 803 3704 858 quam-

2059 875 2159 931 diu
2193 877 2511 950 imperium
2545 881 2755 950 tenuit,
2789 883 3012 938 bellum
3043 883 3196 938 878
3255 881 3605 937 Christianis
3651 885 3708 934 et

2059 968 2379 1038 gentilibus
2407 987 2613 1027 eorum
2646 972 2845 1028 animo
2876 973 3030 1029 malo
3059 979 3236 1044 atque
3294 971 3708 1028 crudelissimo

2061 1057 2263 1123 movit,
2297 1058 2474 1113 modo
2527 1061 2848 1116 monachos
2907 1061 3225 1132 despuens,
3285 1076 3503 1132 eosque
3546 1060 3706 1116 varie

2061 1145 2353 1218 afﬂigens,
2385 1148 2620 1220 aliaque
2663 1150 2722 1205 in
2757 1167 2857 1206 eos
2890 1167 3069 1222 super
3097 1151 3214 1206 alia
3261 1155 3527 1206 statuens
3567 1166 3706 1221 sup-

2060 1234 2258 1306 plicia,
2293 1237 2466 1292 modo
2498 1239 2647 1294 alios
2680 1240 2808 1310 pios
2839 1239 2902 1294 in
2933 1257 3202 1295 carceres
3239 1238 3568 1308 conjiciens
3601 1255 3706 1292 ex-

2061 1329 2322 1380 torresve
2354 1342 2554 1398 agens.
2601 1329 2762 1384 Inter
2819 1329 2927 1384 hos
2989 1327 3370 1396 Methodium,
3430 1327 3530 1398 qui
3588 1343 3709 1381 non

2061 1413 2246 1468 multo
2280 1421 2412 1487 post
2441 1416 2514 1472 ad
2547 1417 2761 1472 solium
2795 1418 3147 1489 patriarchae
3199 1421 3434 1472 evectus
3490 1421 3596 1483 est,
3646 1430 3714 1469 ac

2063 1504 2466 1574 Euthymium,
2502 1524 2572 1563 eo
2605 1512 2870 1579 tempore
2894 1507 3167 1563 Sardium
3190 1503 3524 1578 praasulem,
3555 1503 3712 1574 quod

2063 1610 2184 1647 suae
2230 1593 2514 1651 voluntati
2573 1613 2694 1651 non
2752 1597 3223 1668 obsequerentur
3279 1611 3470 1666 neque
3528 1593 3711 1647 sacris

2065 1681 2422 1754 imaginibus
2481 1685 2682 1741 deberi
2739 1685 3026 1740 honorem
3085 1684 3511 1750 diffiterentur,
3565 1681 3713 1736 urbe

2066 1767 2261 1839 ejecit.
2285 1771 2355 1825 Et
2373 1771 2732 1827 Methodium
2762 1773 3002 1842 quidem
3034 1773 3095 1826 in
3152 1770 3345 1826 insula
3391 1769 3602 1824 Acritae
3652 1768 3713 1822 iu

299 1870 496 1914 κοντας
545 1847 685 1924 μηδὲ
739 1851 838 1918 τὴν
891 1855 1000 1906 τῶν
1059 1849 1217 1903 θείων
1278 1847 1500 1903 εἰκόνων
1533 1847 1950 1922 ἐξαρνουμένους

2066 1859 2396 1914 custodiam
2428 1858 2611 1926 dedit,
2644 1859 2884 1916 beatum
2927 1877 3063 1915 vero
3103 1859 3484 1930 Euthymium
3535 1872 3715 1927 opera

297 1941 618 2014 τι’μήν,τῆς
647 1938 864 2000 πόλεως
910 1939 1118 2010 ἰξιϐθεῖ,
1170 1939 1260 1994 καὶ
1308 1940 1399 1994 τὸν
1463 1941 1558 2012 μὲν
1616 1945 1760 2004 θεῖον
1810 1941 1949 1994 Μεθ-

303 2027 452 2085 όδιον
480 2029 697 2110 φυλακῇ
731 2027 1066 2104 παραδίδωσι
1097 2030 1237 2084 κατὰ
1263 2031 1364 2098 τήν
1394 2035 1558 2098 νῆσον
1607 2034 1706 2084 τοῦ
1763 2028 1950 2104 Ἀκρίο

298 2140 398 2174 του
428 2123 562 2189 (66),
593 2120 683 2173 τὸν
711 2115 768 2173 δὲ
802 2117 1106 2193 μακαρίτην
1141 2117 1414 2190 Εύθύμιον
1440 2116 1529 2172 διὰ
1554 2117 1824 2193 Θεοφίλου
1854 2120 1951 2172 τοῦ

305 2208 510 2264 οἰκείου
541 2210 660 2262 υἱοῦ
705 2209 914 2277 θανάτῳ
974 2203 1334 2282 παραδίδωσι,
1394 2205 1708 2282 βουνεύροις
1749 2207 1950 2262 τυπτό-

301 2311 461 2373 μενον
519 2293 780 2372 ἀφειδῶς.
821 2297 983 2351 Ὂσον
1042 2293 1099 2350 δὲ
1153 2297 1252 2365 τήν
1290 2298 1528 2372 Χριστοῦ
1570 2295 1946 2370 κληρονομίαν

297 2387 500 2456 ἐπίεζε,
529 2391 790 2441 τοσοῦτον
819 2386 949 2447 τοὺς
1004 2383 1302 2447 Ἰουδαίους
1359 2384 1579 2448 ἀνέτους
1637 2385 1820 2459 φόρων
1859 2386 1952 2440 καὶ

303 2475 623 2550 ἐλευθέρους
653 2473 836 2541 ἐτίθει⁹
871 2474 1264 2549 ἀγαπωμένους
1303 2473 1392 2528 καὶ
1433 2473 1823 2549 στεργομένους
1854 2473 1953 2528 αὗ-

301 2569 382 2635 τῷ
405 2569 515 2618 τῶν
548 2561 735 2618 ἄλλων
783 2563 1086 2637 ἀνθρώπων
1126 2559 1511 2640 διαφερόντως.
1555 2557 1950 2638 Προύϐάλλετο

306 2650 354 2708 δ’
386 2654 567 2726 ὥσπερ
605 2674 658 2708 τι
707 2651 1054 2726 προκὲντημα
1110 2651 1200 2706 καὶ
1255 2652 1562 2728 ἀρχέτυπον
1601 2656 1700 2706 τοῦ
1748 2651 1953 2706 οἰκείου

306 2742 430 2818 βίου
459 2743 596 2817 πρὸς
631 2741 865 2817 μίμησιν
894 2741 986 2796 τὸν
1019 2745 1115 2795 τοῦ
1145 2741 1528 2815 Κοπρωνύμου
1562 2741 1700 2816 βίον,
1727 2740 1814 2794 καὶ
1833 2744 1954 2795 τοῦ-

304 2852 400 2888 τον
433 2832 716 2904 μιμεῖσθαι
748 2829 824 2891 εἷς
854 2829 1020 2903 ἄκρον
1049 2825 1364 2899 ἐσπούδαζε.
1398 2829 1491 2884 Διὸ
1529 2829 1618 2883 ναὶ
1667 2829 1805 2899 πρὸς
1849 2829 1949 2896 τήν

309 2919 607 2995 ἀκρόπολιν
631 2914 827 2997 ἔφθασε
863 2924 964 2988 τῆς
1013 2913 1282 2990 ἀσεϐείας,
1339 2917 1460 2990 ἄρτι
1520 2918 1616 2991 μὶν
1667 2911 1948 2972 Σάϐϐατον

307 3011 584 3080 νηστεύειν
620 3012 929 3082 νομοθετῶν
985 3010 1114 3080 (67),
1153 3005 1276 3082 ἄρτι
1335 3005 1392 3062 δὲ
1436 3008 1574 3062 κατὰ
1627 3012 1735 3062 τῶν
1791 3006 1947 3062 θείων

300 3106 601 3180 προφητῶν
631 3100 730 3168 τήν
761 3099 1010 3176 γλῶτταν
1039 3098 1330 3170 ἑξακονῶν,
1389 3099 1511 3174 ἄρτι
1555 3095 1612 3153 δὲ
1657 3099 1758 3167 τήν
1812 3097 1949 3172 μὲλ-

305 3189 505 3246 λουσαν
533 3190 843 3264 ⁵ἀνάστασιν
901 3188 1103 3253 ἀθετῶν
1158 3187 1248 3242 καὶ
1299 3188 1366 3243 τὰ
1421 3187 1620 3252 ἐκεῖθεν
1677 3187 1944 3265 ἐπηγγελ-

302 3277 434 3352 μένα
465 3279 636 3354 αγαθά
667 3277 960 3354 διασύρων,
1011 3273 1270 3332 διάϐολόν
1312 3297 1370 3332 τε
1421 3279 1498 3351 μὴ
1553 3277 1689 3332 εἶναι
1743 3276 1944 3340 ὅλωςί-

296 3369 699 3444 σχυριζόμενος
731 3368 824 3422 ἅτε
866 3364 994 3440 μηδ’
1029 3366 1134 3422 ὐπὸ
1186 3367 1424 3428 Μωσέως
1459 3366 1656 3422 τούτου
1707 3362 1948 3440 παραδε-

297 3453 552 3533 δομένου.
589 3456 850 3532 Πορνείαν
886 3453 944 3510 δὲ
971 3455 1374 3525 κατησπάζετο,
1418 3456 1509 3510 καὶ
1553 3458 1644 3511 τὸν
1699 3454 1787 3510 ἐπὶ
1817 3460 1948 3510 πᾶσι

297 3545 407 3602 δεῖν
438 3547 669 3621 ὀμνύναι
709 3548 838 3602 Θεὸν
889 3545 1193 3618 ἐνομοθέτει
1254 3548 1393 3620 (68),
1449 3545 1540 3600 καὶ
1595 3545 1685 3600 τὸν
1743 3542 1950 3601 Ἰουδαν

306 3635 598 3709 ἀκολάστῳ
627 3636 856 3711 γλώσσῃ
886 3636 1093 3690 τάττων
1127 3633 1259 3708 μετά
1288 3639 1395 3690 τῶν
1434 3636 1779 3707 σωζομένων.
1835 3636 1951 3702 Τὴν

306 3728 370 3800 [Ρ
425 3726 551 3799 499]
584 3725 778 3799 ἑορτὴν
805 3729 902 3778 τοῦ
935 3725 1210 3798 σωτηρίου
1242 3724 1438 3802 Πάσχα
1466 3727 1646 3785 κακῶς
1672 3725 1758 3778 καὶ
1809 3724 1956 3799 παρὰ

304 3815 496 3888 καιρὸν
531 3813 815 3889 χλευάζων
846 3815 1127 3886 τιμᾶσθαι,
1179 3813 1265 3867 καὶ
1309 3813 1383 3874 ὠς
1426 3811 1759 3884 Ἑλληνικὴν
1811 3814 1958 3888 τάχα

302 3900 580 3958 παίδευσιν
646 3901 920 3958 διαπτύων
987 3904 1087 3972 τὴν
1155 3901 1423 3977 ἡμετέραν
1479 3903 1568 3956 καὶ
1630 3901 1774 3956 θείαν
1832 3901 1956 3956 παίο

305 3991 486 4047 δευσιν
567 3996 828 4046 τοσοῦτον
903 3991 1379 4068 ἀποστρεφόμενος
1462 3991 1536 4050 ὡς
1635 3987 1776 4063 μηδὲ
1830 3990 1957 4053 τοὺς

304 4081 458 4144 νὲους
500 4074 970 4154 παιδοτριϐεῖσθαί
1025 4100 1128 4133 που
1182 4084 1510 4154 συγχωρεῖν,
1562 4077 1651 4133 ⁴ἶνα
1695 4081 1834 4151 μήτε
1887 4085 1956 4154 τῇ

310 4174 478 4229 αὐτοῦ
534 4171 731 4246 ἀλυγία
798 4169 1110 4237 ἀντιστῆναί
1205 4190 1289 4230 τις
1373 4166 1475 4243 ἔχη
1541 4171 1673 4224 ποτε
1732 4169 1820 4223 καὶ
1877 4167 1957 4223 δι-

307 4262 542 4337 ελέγξαι,
579 4262 716 4333 μήτε
748 4258 914 4314 πάλιν
945 4263 1024 4331 τῷ
1063 4260 1222 4332 τάχει
1254 4261 1362 4311 τῶν
1402 4256 1699 4334 ὀφθαλμῶν
1757 4260 1849 4313 καὶ
1888 4261 1958 4333 τῇ

304 4359 407 4422 τῆς
473 4349 730 4429 γλώττης
789 4349 938 4423 ῥύμῃ
994 4347 1294 4422 φερόμενος
1343 4345 1432 4401 διὰ
1485 4353 1586 4416 τῆς
1625 4345 1959 4410 παιδεύσεως

2067 1945 2175 2000 ﬁlii
2207 1947 2336 2017 ejus
2365 1949 2671 2020 Theophili
2704 1949 2904 2021 ﬂagris
2937 1950 3185 2004 necavit.
3238 1949 3532 2013 Quantum
3576 1960 3711 2000 vero

2065 2033 2278 2090 Christi
2293 2037 2649 2106 patrimonio
2664 2037 3028 2092 incommodi
3042 2037 3238 2104 dabat,
3261 2041 3488 2092 tantum
3509 2031 3713 2088 tributi

2064 2122 2462 2180 immunitatis
2476 2129 2534 2179 et
2558 2125 2851 2181 libertatis
2875 2125 3294 2182 donationibus
3313 2123 3546 2179 Iudaeos
3569 2121 3711 2178 sub-

2065 2211 2318 2282 levabat,
2347 2213 2462 2268 sibi
2493 2231 2673 2286 supra
2695 2232 2902 2271 omnes
2917 2215 3188 2271 homines
3209 2213 3478 2268 dilectos.
3511 2213 3715 2266 Exem-

2065 2303 2148 2374 pli
2183 2302 2310 2358 loco
2338 2303 2496 2373 quod
2527 2304 2862 2360 imitaretur
2886 2321 2955 2360 ac
2992 2322 3099 2376 pro
3131 2303 3372 2360 stimulo
3403 2303 3574 2373 quasi
3604 2301 3708 2356 ha-

2065 2391 2252 2460 beret,
2288 2393 2464 2447 vitam
2487 2394 2844 2465 Copronymi
2867 2394 2978 2449 sibi
3008 2393 3336 2465 proposuit,
3360 2407 3711 2462 summoque

2067 2495 2198 2536 eam
2255 2481 2451 2536 studio
2509 2482 2821 2537 aemulatus
2887 2482 2961 2537 ad
3028 2498 3329 2536 summum
3388 2479 3712 2551 impietatis

2065 2570 2345 2642 perrexit.
2366 2571 2568 2640 Itaque
2593 2571 2765 2626 modo
2785 2570 3019 2626 Sabbati
3037 2570 3338 2642 jejunium
3364 2569 3709 2640 preacipere,

2067 2658 2243 2714 modo
2274 2659 2538 2732 linguam
2567 2666 2776 2715 contra
2805 2660 3032 2715 divinos
3063 2665 3222 2714 vates
3253 2675 3487 2726 acuere,
3536 2657 3710 2713 modo

2065 2747 2326 2804 futuram
2356 2749 2856 2804 resurrectionem
2889 2748 3132 2804 infitiari
3163 2752 3223 2803 et
3269 2747 3427 2802 bona
3465 2763 3596 2818 quae
3637 2763 3708 2802 ex

2065 2853 2135 2892 ea
2163 2837 2335 2892 nobis
2363 2838 2796 2910 promittuntur
2843 2837 3135 2905 deridere,
3181 2835 3359 2892 modo
3405 2836 3706 2894 diabolum

2063 2926 2251 2982 ullum
2284 2944 2412 2982 esse
2434 2944 2671 3000 negare,
2705 2927 2862 2998 quod
2883 2927 3036 2982 nihil
3065 2927 3136 2982 de
3155 2943 3223 2983 eo
3243 2929 3430 2983 Moses
3454 2925 3709 2982 tradide-

2062 3017 2159 3073 rit.
2191 3018 2352 3074 Idem
2385 3023 2443 3074 et
2472 3020 2862 3074 scortationes
2892 3019 3089 3090 magni
3114 3019 3273 3087 fecit,
3297 3023 3354 3073 et
3375 3018 3448 3073 de
3466 3020 3582 3074 Deo
3605 3018 3706 3090 qui

2063 3124 2243 3179 supra
2272 3107 2475 3163 omnia
2503 3113 2592 3163 est
2598 3107 2859 3179 jurando
2891 3108 3082 3180 legem
3119 3108 3275 3176 tulit,
3308 3113 3366 3163 et
3388 3109 3546 3162 inter
3572 3107 3709 3162 bea-

2063 3199 2153 3251 tos
2182 3195 2392 3251 Iudam
2433 3197 2641 3252 effreni
2689 3196 2894 3267 lingua
2941 3197 3296 3252 numeravit.
3357 3197 3512 3252 874
3559 3195 3709 3261 Quin

2061 3289 2121 3340 et
2158 3286 2386 3342 Pascha
2433 3285 2590 3341 male
2643 3292 2701 3340 et
2749 3285 3167 3357 intempestive
3209 3302 3243 3341 a
3271 3285 3444 3341 nobis
3494 3286 3712 3341 festum

2063 3373 2350 3430 celebrari
2381 3373 2551 3444 dixit,
2586 3380 2644 3430 et
2673 3375 2917 3431 omnino
2950 3378 3215 3430 nostram
3261 3391 3463 3430 rerum
3513 3391 3714 3431 sacra-

2063 3481 2197 3518 rum
2229 3464 2667 3520 institutionem
2698 3470 2764 3519 ut
2794 3465 3194 3520 Graecanicam
3225 3470 3316 3520 est
3364 3464 3712 3520 detestatus.

2065 3551 2483 3608 Litteraturam
2527 3570 2763 3625 quoque
2815 3553 2960 3608 adeo
3019 3558 3110 3609 est
3163 3559 3466 3610 aversatus
3518 3558 3584 3608 ut
3637 3569 3712 3609 ne

2063 3659 2282 3713 pueros
2310 3643 2552 3713 quidem
2586 3660 2654 3698 ea
2684 3644 3025 3715 permiserit
3054 3644 3297 3713 erudiri,
3326 3661 3399 3699 ne
3424 3645 3509 3699 vel
3532 3661 3714 3700 vaasa-

2064 3731 2178 3786 nite
2219 3731 2405 3802 ipsius
2439 3732 2825 3803 coarguenda
2871 3737 3048 3803 atque
3097 3733 3436 3788 refellendee
3487 3734 3712 3789 instru-

2066 3824 2268 3875 menta
2304 3820 2404 3874 alii
2455 3819 2594 3874 inde
2648 3825 2947 3891 pararent,
2986 3820 3076 3875 vel
3134 3821 3450 3892 disciplina
3499 3821 3712 3892 adjuti,

2068 3925 2203 3964 cum
2236 3909 2544 3963 oculorum
2567 3924 2635 3962 ac
2661 3907 2878 3980 linguae
2901 3908 3208 3964 velocitate
3232 3910 3292 3963 in
3315 3908 3562 3980 legendo
3585 3915 3715 3965 ute-

2066 4003 2296 4062 rentur,
2331 3998 2443 4069 ipsi
2474 3997 2738 4070 palmam
2778 3998 2907 4069 ejus
2955 3999 3038 4053 rei
3091 3999 3503 4070 prwriperent.
3553 3998 3714 4054 Adeo

2070 4087 2231 4141 enim
2290 4087 2352 4140 in
2409 4087 2625 4142 litteris
2681 4086 3112 4158 componendis
3194 4086 3399 4141 tardus
3475 4093 3602 4142 erat
3659 4093 3719 4141 et

2069 4174 2315 4247 syllabis
2371 4175 2778 4243 conficiendis,
2839 4179 2903 4230 ut
2954 4174 3173 4229 librum
3257 4175 3410 4231 alius
3481 4176 3715 4232 facilius

2069 4263 2401 4335 perlegeret
2430 4279 2607 4333 quam
2647 4263 2772 4334 ipse
2829 4263 2918 4319 sui
2971 4262 3228 4318 nominis
3277 4263 3574 4320 elementa
3621 4282 3715 4320 re-

2069 4358 2359 4408 censeret.

307 4446 376 4499 τᾶ
434 4439 707 4511 δευτερεῖα
762 4441 958 4492 τοῦτον
1016 4435 1194 4514 φὲρειν
1248 4436 1690 4513 καταναγκάσειε.
1749 4438 2027 4494 Τοσοῦτον
2082 4441 2186 4514 γάρ
2243 4441 2404 4514 ἢργει
2460 4439 2596 4513 πρὸς
2649 4440 2750 4509 τὴν
2811 4442 2956 4514 μῖξιν
3015 4446 3122 4496 τῶν
3183 4439 3518 4518 γρκμμάτων
3581 4441 3719 4497 ἐκει-

308 4551 398 4593 νος
428 4531 515 4584 καὶ
547 4529 782 4597 τὴντῶν
817 4520 1104 4582 συλλαϐῶν
1139 4523 1462 4601 ἀνάγνωσιν,
1495 4525 1570 4587 ὡς
1603 4525 1729 4598 ῥᾷον
1781 4522 1842 4580 ἄν
1898 4547 1981 4590 τις
2040 4525 2236 4598 διῆλθε
2294 4525 2512 4604 βιϐλίον
2565 4527 2600 4598 ἢ
2651 4529 2810 4591 αὐτὸς
2865 4533 2934 4604 τῇ
2994 4527 3289 4607 βραδυτῆτι
3346 4535 3444 4586 τοῦ
3499 4535 3594 4587 νοῦ
3649 4532 3720 4588 τὰ

309 4616 409 4674 τού
441 4616 644 4672 ολῗκείου
675 4622 923 4690 στοιχεῖα
953 4614 1242 4688 ὀνόματος.

383 4704 566 4762 Ἀλλά
593 4708 760 4759 ταῦτα
794 4705 888 4777 μὲν
915 4703 1190 4777 παρείσθω
1240 4704 1317 4766 ὠς
1365 4703 1456 4758 καὶ
1505 4701 1705 4767 ἄλλοις
1763 4705 1950 4769 ἱκανῶς

2143 4710 2254 4767 Sed
2284 4710 2376 4765 his
2407 4707 2645 4765 omissis
2676 4727 2806 4780 quaa
2857 4710 2920 4765 in
2969 4711 3100 4784 ejus
3149 4712 3534 4782 opprobrium
3583 4715 3723 4765 sunt

308 4793 762 4866 ἐστηλιτευμένα,
820 4795 856 4862 ἡ
915 4789 962 4846 δ’
1009 4793 1223 4864 ἱστορία
1309 4791 1519 4868 ὲχέσθω
1577 4798 1686 4848 τῶν
1743 4791 1950 4870 ἐφεξῆς.

2071 4799 2144 4855 ab
2176 4799 2312 4855 aliis
2336 4800 2479 4854 satis
2510 4799 2744 4870 copiose
2777 4800 3066 4870 exposita,
3099 4800 3411 4855 historiam
3442 4803 3720 4870 pertexe.-

313 4885 469 4942 Κατὰ
497 4884 602 4958 γὰρ
645 4882 739 4937 τὸν
789 4883 975 4956 καιρὸν
1041 4885 1235 4936 τοῦτον
1296 4884 1323 4937 ὁ
1378 4881 1656 4960 ἒμφύλιος
1715 4883 1950 4957 πόλεμοι

2071 4905 2204 4944 mus
2235 4905 2302 4943 ac
2331 4887 2554 4942 bellum
2577 4887 2742 4942 civile
2773 4903 3106 4956 narremus,
3139 4889 3296 4959 quod
3336 4904 3402 4942 eo
3447 4893 3716 4958 tempore

307 4975 489 5055 ἀρχὴν
523 4970 772 5048 εἰληφὼς
803 4970 853 5042 ἐξ
885 4975 1166 5039 Ανατολῆς
1220 4972 1493 5026 παντοίων
1542 4971 1810 5042 ἐνέπλησε
1857 4974 1950 5041 τήν

2068 4977 2132 5031 in
2164 4977 2400 5032 Oriente
2433 4981 2724 5042 exortum,
2755 4976 2949 5030 omnis
2979 4976 3212 5046 generis
3247 4975 3404 5031 mala
3434 4975 3560 5030 orbi
3595 4981 3713 5030 ter-

308 5063 636 5136 οἰκουμένην
669 5066 867 5132 κακῶν,
903 5058 1103 5139 φθόρον
1159 5056 1217 5114 δὲ
1273 5058 1446 5116 πολὺν
1503 5064 1611 5116 τῶν
1659 5061 1950 5136 ἀνθρώπων

2067 5083 2266 5122 rarum
2298 5065 2522 5126 intulit,
2557 5079 2886 5136 magnaque
2918 5063 3255 5119 mortalium
3301 5064 3714 5120 internecione

303 5155 396 5211 καὶ
456 5154 603 5230 παρά
657 5156 818 5209 τοῦτο
877 5147 1230 5226 ὀλιγανδρίαν
1287 5150 1592 5227 εἰργάσατο.
1654 5158 1856 5225 Θωμᾶς
1882 5153 1950 5222 ἦν

2066 5155 2224 5210 edita
2253 5153 2564 5209 hominum
2619 5152 2932 5223 penuriam
2993 5152 3206 5208 eﬂ‘ecit.
3252 5152 3536 5224 Princeps
3583 5153 3714 5224 ejus

1523 5297 1886 5353 XYLANDRI
1926 5299 2014 5352 ET
2052 5297 2266 5352 GOARI
2303 5297 2530 5351 NOTAE.

368 5401 478 5470 (65)
511 5398 1058 5470 θεηιίίὶὸαεεονηγη,
1096 5397 1183 5451 vel
1225 5397 1347 5451 suis
1389 5395 1756 5470 gentilibus__:
1808 5413 1950 5470 nam
2063 5393 2968 5470 nonumapostolorumnomine
3002 5393 3712 5470 evulgatorugm66.Goan.

297 5463 614 5528 de‘Ju'daais
647 5469 896 5541 intelligi
931 5485 1051 5522 non
1083 5485 1279 5540 posse,
1322 5463 1416 5521 ex'
1443 5468 1833 5538 sequentibus
1878 5467 1952 5521 li-
2065 5537 2075 5541 _
2133 5463 2396 5541 (68)_Hoc
2428 5465 2509 5520 ita
2541 5463 2830 5541 intelligo,
2864 5463 3709 5541 noluisse—leumChristumin

299 5548 469 5614 quet.
497 5541 636 5614 ΧῊ,ζ
847 5535 882 5614 ⁷-
909 5610 924 5614 _
1026 5609 1035 5614 Α
1083 5535 1101 5540 ”
1219 5611 1250 5614 _
1786 5611 1807 5614 _
2055 5535 2657 5614 formulajuramenti
2683 5542 2741 5588 et
2761 5541 3001 5614 sanctos
3018 5535 3446 5614 nominari,sed
3465 5540 3707 5614 Iudaico

367 5613 480 5684 (66)
514 5610 986 5684 lin_lfropont_ide,
1015 5609 1198 5684 juxta
1213 5611 1472 5684 ‘Protemg
1497 5609 1735 5684 dictam.
1771 5611 1946 5664 Goan.
2056 5609 2572 5684 moreﬂreatorem
2593 5606 2799 5662 mundi
2820 5607 3214 5676 voluisse,illo
3236 5611 3708 5682 circumscripto,

371 5680 483 5757 (67)
517 5680 765 5738 Sabbato
789 5680 1068 5754 jajunare
1097 5680 1262 5737 nefas
1291 5681 1477 5737 erci
1507 5680 1734 5739 ducunt
1760 5697 1831 5739 ex
1858 5697 1949 5740 ca—
2047 5680 2265 5754 jurari.
2299 5681 2441 5737 XYL.
