2062 3105
14 3022 62 3053 ὶέκ

198 140 258 172 959
879 138 1041 171 GEORGII
1062 138 1238 172 GEDRENI
1849 140 1914 173 960

199 208 256 238 fuit
269 208 406 243 Thomas,
422 207 459 236 de
474 215 532 243 quo
555 206 665 243 duplex
693 206 789 235 fertur
817 215 925 235 sermo.
954 205 1024 240 Qui-

1080 208 1132 241 τῆς
1151 206 1324 238 ἀποστάσεως
1352 206 1478 246 ἔξαρχος,
1507 206 1570 245 περὶ
1604 205 1636 235 οὗ
1664 204 1750 236 διττοῖ
1779 208 1910 248 φύρονται

200 253 269 282 dam
284 253 364 281 hunc
379 252 513 280 obscuris
529 251 693 288 majoribus
709 253 806 280 ortum
822 255 911 288 atque
920 259 1028 288 paupe-

200 297 284 325 ribus
303 297 415 329 ferunt.
444 296 541 332 iisque
564 296 724 331 barbaris;
754 297 864 332 diuque
893 296 924 324 in
953 304 1028 332 pau-

201 344 314 378 pertate
331 342 446 376 vixisse,
472 341 581 368 victum
608 341 709 369 labore
734 350 877 369 manuum
907 349 1027 369 suarum

199 389 366 423 parantem,
389 394 603 421 nonnunquam
635 387 724 413 etiam
755 386 909 413 servilibus
939 385 1026 413 mini-

203 432 311 459 steriis.
340 431 451 458 Deinde
482 431 577 466 patria
607 431 710 458 relicta
735 439 802 458 eum
843 430 945 466 Cpolin
976 438 1026 457 ve-

201 477 293 509 nisse,
321 477 421 511 ibique
456 476 558 504 famuli
588 476 652 503 loco
682 485 699 504 a
727 476 856 512 quodam
884 476 1026 503 senatorii

202 522 315 550 ordinis
344 525 531 557 assumptum
562 530 595 549 eo
640 521 773 549 libidinis
813 530 846 549 ac
885 521 1026 549 foeditatis

203 569 444 603 progressum,ut
457 566 520 593 heri
537 575 655 601 quoque
666 566 775 594 lectum
790 566 923 602 polluere
937 574 1026 593 ausus

202 612 275 640 875
294 611 394 638 fuerit.
411 611 471 643 Qua
488 619 518 637 re
531 610 658 645 detecta,
675 620 742 638 cum
759 611 950 646 ignominiam
966 619 1026 638 non

199 655 291 682 ferret
307 663 340 682 ac
355 662 456 690 poenas
480 657 623 690 prieterea
644 655 716 682 talia
731 655 865 682 facinora
881 655 1026 691 aggressis

201 699 377 726 constitutas
389 701 546 733 metueret,
559 699 595 726 ad
606 700 756 735 Agarenos
764 699 928 735 perfugisse
940 708 945 726 :
958 700 1024 734 qui-

198 743 253 771 bus
264 751 331 770 cum
342 751 373 770 se
389 743 460 770 satis
472 743 628 779 probasset
642 743 923 779 continentibusque
935 744 1025 771 actio-

198 788 286 816 nibus
316 796 369 823 per
399 788 519 824 longum
550 791 667 823 tempus
695 787 784 815 fidem
821 789 1028 816 confirmasset

199 833 305 868 (annos
317 833 439 860 enim25
451 832 529 868 apud
549 841 599 859 eos
626 833 731 869 exegit,
762 836 864 860 sancta
888 833 1025 861 Christia-

1082 252 1174 290 λόγοι,
1190 253 1227 280 ὧν
1243 253 1258 280 ό
1275 254 1324 290 μὲν
1341 252 1378 284 εἷς
1405 254 1541 290 ὁρμᾶσθαι
1565 250 1661 281 τοῦτόν
1687 264 1770 290 φησιν
1789 253 1817 290 ἆξ
1840 254 1911 290 ἀσή-

1084 308 1143 334 μων
1160 296 1263 336 γονὲων
1280 298 1326 326 καὶ
1346 300 1485 337 πενιχρῶν
1514 297 1560 325 καὶ
1588 298 1620 326 τὸ
1644 298 1724 335 γένος
1750 296 1912 337 βαρϐάρων,

1082 341 1126 369 ἐπὶ
1142 341 1214 369 πολὺ
1231 340 1259 369 δὲ
1274 341 1351 374 πενία
1367 345 1461 379 συζῇν,
1483 341 1528 370 διὰ
1549 346 1599 377 τῆς
1624 345 1677 370 τῶν
1701 345 1805 382 χειρῶν
1828 343 1914 382 ἀργα-

1083 386 1140 417 σίας
1155 387 1187 414 τὰ
1203 387 1270 425 πρὸς
1284 388 1315 415 τὸ
1332 389 1379 424 ζῇν
1404 387 1601 425 ποριζόμενον,
1630 386 1713 416 ἐνίοτε
1739 387 1767 416 δὲ
1791 389 1836 416 καὶ
1859 390 1915 425 θη-

1081 431 1202 459 τεύοντα*
1219 432 1279 459 εἶτα
1306 433 1355 467 τήν
1384 431 1545 470 ἐνεγκοῦσαν
1576 431 1747 460 ἀπολιπόντα
1765 433 1812 461 καὶ
1839 434 1913 469 πρὸς

1082 477 1131 511 τήν
1150 476 1338 515 μιγαλόπολιν
1354 476 1454 512 ταύτην
1484 477 1682 515 πεφοιτηκότα,
1704 477 1750 505 καί
1774 488 1829 506 τινι
1851 480 1910 506 τῶν

1081 521 1269 559 συγκλητικῶν
1287 520 1324 552 sv“:
1343 521 1488 559 ὑπηρεσίαν
1517 522 1738 560 προσληφθέντα,
1762 521 1789 553 ἐς
1808 525 1911 550 τοσοῦ-

1080 577 1127 594 τον
1143 566 1289 598 ἀκολασίας
1306 566 1471 602 ἐληλακέναι
1486 566 1531 594 καὶ
1561 564 1665 604 ὕϐρεως
1689 567 1727 599 ὡς
1754 568 1799 595 καὶ
1821 567 1910 602 αὐτὴν

1080 610 1289 648 κατατολμῆσαι
1331 612 1380 645 τήν
1425 610 1588 646 δεσποτικὴν
1626 609 1786 649 καθυϐρίσαι
1817 611 1911 648 ὠνήν.

1082 656 1134 685 Καὶ
1150 656 1207 684 ἐπεὶ
1224 656 1363 695 ἐφωράθη,
1380 657 1418 693 μή
1441 656 1499 688 οἶός
1513 667 1542 684 τι
1566 654 1602 684 ὧν
1627 656 1660 684 τὰ
1687 656 1778 692 ὀνείδη
1804 658 1913 697 φέρειν,

1081 699 1210 732 δεδοικὼς
1228 699 1256 728 δὲ
1281 701 1325 728 καὶ
1347 701 1396 732 τὰς
1423 701 1627 739 ἱέπηρτημένας
1651 702 1748 733 ποινὰς
1768 705 1828 734 τοῖς
1851 704 1909 730 τῶν

1080 746 1211 774 τοιούτων
1234 745 1400 782 τολμηταῖς,
1429 747 1516 784 φυγὰς
1545 746 1612 784 πρὸς
1640 745 1704 777 τοὺς
1734 746 1911 784 ’Δγαρηνοίις

1079 791 1191 828 γίνεται·
1209 790 1253 818 καὶ
1281 790 1389 822 τούτοις
1416 791 1507 818 πίστιν
1537 791 1632 826 ἱκανὴν
1665 789 1793 823 δεδωκὼς
1828 789 1860 819 ἔκ
1879 802 1910 820 τε

1079 838 1127 863 τοῦ
1141 834 1333 871 καταλλήλαις
1349 837 1466 873 χρᾶσθαι
1482 835 1592 873 πράξεσι
1605 836 1649 863 καὶ
1677 835 1707 863 ἐκ
1732 838 1782 864 τοῦ
1800 838 1909 875 χρόνου

198 885 305 905 norum
316 878 340 913 ej
346 880 431 905 urata
442 878 583 913 religione
595 878 808 905 Muamedicam
820 878 1025 905 detestabilem

1082 879 1229 918 βεϐαιῶσαι
1244 881 1279 908 τὰ
1294 879 1359 919 ἔργα
1388 878 1457 916 (ἔτος
1486 881 1536 919 γὰρ
1565 881 1689 917 πέμπτον
1714 881 1760 909 καὶ
1786 882 1910 910 εἰκοστὸν

198 923 382 958 impietatem
400 922 579 958 amplexus),
595 922 631 949 ab
648 923 683 949 iis
699 922 812 950 bellicas
827 923 943 950 cuidam
958 923 1027 958 pha-

202 967 280 1003 langi
298 966 471 1002 praefectum
500 975 533 994 ac
564 970 667 994 contra
692 967 873 994 Christianos
901 967 1026 994 missum

201 1012 304 1044 fuisse,
322 1011 487 1047 pollicitum
505 1019 536 1038 se
551 1012 716 1039 Romanum
736 1012 895 1047 imperium
912 1012 943 1038 in
959 1011 1027 1039 illo—

200 1064 267 1084 rum
284 1059 460 1092 potestatem
477 1056 678 1083 redacturum.
704 1057 743 1083 Ac
759 1065 795 1083 ne
812 1056 935 1083 Romani
950 1056 1027 1083 frau-

201 1100 267 1128 dem
284 1100 410 1128 struenti
422 1103 454 1128 ut
470 1100 644 1136 alienigena;
656 1104 683 1128 et
696 1100 841 1128 diversam
850 1101 1025 1137 religionem

200 1145 309 1174 colenti
325 1145 414 1172 fidem
436 1154 495 1172 non
520 1145 673 1180 haberent,
705 1145 932 1173 Constantinum
960 1154 1024 1173 sese

199 1199 266 1219 eum
282 1190 465 1225 nominasse,
485 1190 583 1217 lrenes
605 1190 712 1224 filium,
738 1198 825 1226 quem
852 1190 889 1218 ob
915 1191 1024 1227 ingenii

200 1243 377 1271 morumque
391 1235 614 1270 perversitatem
633 1238 661 1262 et
674 1235 819 1262 malitiam
842 1237 937 1263 mater
946 1236 1025 1271 jam-

201 1280 317 1316 pridem
334 1280 428 1307 oculis
445 1280 627 1316 imperioque
644 1280 798 1307 orbaverat
811 1288 951 1315 morsque
962 1280 1026 1316 jam

203 1328 266 1353 tum
282 1325 352 1351 vivis
369 1327 528 1352 exemerat.
546 1325 613 1351 [hec
628 1324 709 1359 prior
724 1327 767 1351 est
782 1327 810 1351 et
839 1324 941 1352 multis
962 1333 1027 1352 cre-

201 1369 264 1397 dita
280 1368 422 1396 narratio.
438 1368 496 1395 Alii
512 1368 591 1395 hunc
620 1368 761 1395 Thomam
785 1376 852 1396 eum
877 1368 1028 1396 afﬁrmant

199 1414 249 1450 qui
268 1412 419 1448 quondam
436 1412 467 1439 in
496 1412 609 1439 familia
638 1412 775 1440 Bardanii
800 1412 899 1446 fuerit,
929 1421 962 1441 ac
990 1413 1026 1441 de

199 1458 276 1486 876
294 1465 352 1493 quo
369 1456 534 1484 monachus
551 1456 719 1484 Philomelii
736 1458 774 1485 sit
794 1457 981 1491 vaticinatus,
997 1460 1026 1486 et

202 1511 290 1539 quem
308 1502 363 1530 Leo
379 1502 541 1538 imperator
556 1501 765 1530 foederatorum
781 1503 894 1530 cohorti
910 1512 1026 1539 praepo-

202 1548 304 1577 suerit.
317 1548 389 1575 Eum
403 1555 471 1583 ergo
486 1548 638 1583 Thomam,
653 1556 720 1575 cum
737 1548 926 1575 interfectum
941 1556 957 1575 a
972 1548 1024 1575 Mi-

201 1593 304 1621 chaelo
317 1593 443 1620 Leonem
464 1593 656 1628 cognovisset,
682 1592 789 1628 partim
810 1595 842 1620 ut
856 1591 1024 1619 benefacto-

201 1646 265 1665 rem
282 1637 485 1671 ulcisceretur,
494 1637 602 1672 partim
611 1639 643 1664 ut
656 1644 741 1663 suum
753 1636 886 1663 animum
897 1636 1024 1664 exsatia-

200 1684 245 1710 ret
260 1684 341 1714 (nam
362 1681 397 1708 ab
415 1680 615 1707 adolescentia
627 1689 719 1715 usque
736 1680 762 1707 ei
788 1689 855 1708 cum
881 1681 1023 1708 Michaelo

201 1726 365 1753 inimicitia:
378 1725 630 1759 intercesserant),
643 1725 733 1752 simul
745 1727 774 1752 et
787 1725 924 1753 monachi
939 1725 1025 1753 istius

200 1771 237 1799 de
253 1780 287 1799 eo
304 1771 505 1807 praedictionis
521 1774 704 1799 metuentem
720 1772 844 1804 exitum,
861 1781 944 1800 arma
958 1781 1026 1800 con-

201 1820 247 1845 tra
257 1816 432 1844 Michaelum
442 1816 613 1852 sumpsisse.
626 1816 725 1844 Primo
738 1817 902 1845 Orientales
914 1817 1025 1853 copias,

203 1863 282 1900 apud
297 1871 371 1899 quas
386 1862 520 1899 degebat,
537 1862 702 1898 concitavit,
733 1863 954 1899 exercitumque
970 1864 1027 1891 mi-

202 1909 283 1937 nime
290 1908 440 1936 imbellem
447 1911 497 1936 aut
504 1908 706 1943 exiguum,sed
712 1908 853 1944 grandem
860 1908 1026 1944 fortemque

202 1953 331 1989 collegit,
348 1953 487 1981 omnibus
502 1952 552 1988 qui
564 1961 740 1988 quocunque
757 1953 843 1980 modo
855 1961 938 1981 arma
949 1953 1025 1980 ferre

201 2001 323 2035 possent
340 1998 376 2026 ad
391 1998 530 2026 militiam
546 1998 666 2025 vocatis.
683 1998 792 2025 Horum
808 1997 859 2025 alii
883 1998 908 2024 vi
933 1998 1026 2026 coacti

201 2046 298 2071 castra
312 2043 430 2070 Thomaa
446 2042 656 2078 sequebantur,
672 2041 721 2069 alii
736 2042 943 2070 benevolentia
959 2051 1027 2079 erga

201 2096 268 2115 cum
282 2087 513 2119 ducti,nonnulli
530 2095 580 2122 spe
592 2086 711 2122 praeda),
724 2086 844 2122 quidam
857 2087 945 2115 etiam
960 2087 1026 2115 odio

202 2132 232 2159 in
249 2131 435 2158 Michaelum.
452 2132 478 2158 Is
494 2131 573 2158 enim
599 2131 738 2159 omnibus
766 2132 877 2159 invisus
904 2134 968 2160 erat
989 2132 1026 2159 ob

203 2183 319 2204 morum
336 2176 569 2210 perversitatem,
587 2178 615 2202 et
635 2176 713 2212 quod
730 2184 760 2203 se
791 2176 896 2204 ducem
923 2177 1026 2204 Athin-

203 2228 285 2256 ganm
311 2222 397 2247 secta:
425 2219 585 2256 praebebat,
616 2228 671 2247 nec
693 2229 753 2248 non
781 2224 902 2256 propter
917 2221 1025 2257 lingua;

1082 925 1210 961 διηνύσθη
1232 925 1321 962 τούτῳ
1346 925 1371 952 ἐν
1396 927 1430 962 τῇ
1457 926 1525 963 πρὸς
1550 924 1668 957 διείνους
1694 924 1834 965 διατριϐῇ)
1864 927 1911 955 καὶ

1081 971 1110 998 ἐκ
1124 971 1172 998 τοῦ
1188 971 1237 1004 τήν
1253 970 1325 1005 ἱερὰν
1341 972 1395 998 τῶν
1424 972 1597 1009 Χριστιανῶν
1627 970 1818 1008 ἀπομόσασθαι
1840 972 1914 1009 θρη-

1080 1015 1170 1043 σκείαν
1187 1016 1231 1042 καὶ
1261 1017 1295 1051 τῇ
1328 1017 1377 1042 τοῦ
1398 1014 1534 1052 ἐπαράτου
1562 1016 1745 1052 προστεθῆναι
1773 1015 1912 1053 Μωᾶμεδ,

1079 1059 1235 1096 πολεμικῆς
1263 1069 1335 1090 τινος
1369 1059 1506 1098 φάλαγγος
1546 1057 1735 1087 ἀποδείκνυται
1777 1060 1909 1098 ἀρχηγὸς

1079 1104 1125 1132 καὶ
1162 1104 1230 1131 κατά
1258 1106 1428 1141 Χριστιανῶν
1456 1103 1634 1141 ἐκπέμπεται,
1660 1104 1708 1139 τήν
1740 1106 1793 1132 τῶν
1832 1106 1905 1133 Ῥω-

1082 1148 1168 1186 μαίων
1187 1148 1327 1186 βασιλείαν
1346 1149 1398 1176 ὑπὸ
1423 1150 1473 1184 τὴν
1500 1149 1589 1176 αὐτῶν
1617 1151 1701 1181 θεῖναι
1728 1151 1807 1186 χεῖρα
1833 1150 1902 1177 καθ’

1081 1194 1280 1231 υποσχόμενος.
1297 1193 1349 1221 Καὶ
1370 1192 1416 1221 ἵνα
1447 1194 1485 1230 μή
1514 1204 1574 1221 τινα
1602 1194 1640 1225 ὡς
1672 1191 1830 1233 ἀλλόφυλος
1854 1195 1902 1222 καὶ

1080 1237 1247 1270 ἀλλόπιστος
1263 1236 1431 1275 ἐμποδισπὸν
1448 1235 1500 1276 ἔχῃ
1526 1238 1727 1275 ἀπιστούμενος
1753 1238 1806 1266 ὑπὸ
1830 1239 1902 1268 Ῥω.

1082 1284 1169 1319 μαίων
1193 1285 1258 1320 (69),
1288 1285 1491 1311 Κωνσταντῖνον
1520 1283 1612 1311 ἑαυτὸν
1639 1283 1806 1323 ἐπιφήμιζεν
1835 1283 1905 1311 εἶναι

1079 1329 1124 1356 τὸν
1157 1332 1206 1363 τῆς
1236 1328 1354 1366 Εἰρήνης
1388 1328 1456 1362 υἱὸν,
1483 1329 1512 1355 δν
1541 1329 1558 1363 ἡ
1591 1329 1684 1365 μήτηρ
1725 1327 1770 1356 διὰ
1797 1328 1829 1356 τὸ
1857 1339 1906 1356 και

1080 1373 1175 1400 κόνουν
1202 1372 1246 1400 καὶ
1275 1373 1306 1400 τὸ
1331 1375 1381 1399 τοῦ
1408 1372 1511 1410 τρόπου
1541 1371 1660 1400 ὕπουλον
1694 1372 1740 1400 καὶ
1768 1372 1906 1409 κακόηθες

1079 1418 1165 1445 πάλαι
1187 1418 1254 1454 μετά
1267 1420 1317 1452 τῆς
1349 1416 1486 1454 βασιλείας
1515 1418 1561 1445 καὶ
1593 1419 1647 1445 τῶν
1673 1417 1823 1454 ὀφθαλμῶν
1853 1417 1906 1446 ἀπ-

1079 1462 1216 1500 εστέρησε,
1231 1464 1380 1497 τηνικαῦτα
1401 1460 1430 1490 Si
1446 1461 1490 1489 καὶ
1509 1462 1555 1490 τὸν
1582 1462 1642 1500 βίον
1664 1461 1797 1500 ἑτύγχανι
1820 1472 1906 1490 καται-

1078 1507 1206 1544 στρέψας.
1225 1505 1273 1534 Καὶ
1289 1507 1303 1534 ὁ
1332 1507 1381 1542 μὲν
1404 1508 1511 1544 πρῶτος
1538 1506 1584 1534 καὶ
1612 1505 1700 1538 πολὺς
1723 1507 1811 1538 οὕτως
1832 1505 1908 1545 εχσιν

1080 1551 1142 1589 περὶ
1173 1553 1223 1586 τῆς
1255 1551 1385 1586 τοιαύτης
1421 1551 1572 1583 ὑποθέσεως
1614 1550 1769 1579 πιστιύιται
1811 1551 1906 1589 λόγος·

1081 1596 1177 1633 ἃτερος
1205 1594 1233 1623 δὲ
1259 1598 1354 1623 τοῦτον
1389 1595 1456 1623 εἷναί
1487 1606 1553 1634 φησι
1581 1596 1627 1623 τὸν
1656 1598 1756 1633 Θωμᾶν
1793 1596 1840 1624 τὸν
1865 1598 1907 1633 τῷ

1079 1639 1222 1678 Βαρδανίῳ
1238 1640 1323 1668 πάλαι
1340 1640 1466 1675 συνόντα,
1492 1640 1554 1677 περί
1580 1641 1611 1668 οὗ
1635 1640 1680 1668 καὶ
1695 1641 1710 1668 ὁ
1723 1640 1748 1668 ἐν
1763 1643 1804 1677 τῷ
1818 1639 1905 1669 Φιλο-

1080 1685 1166 1722 μιλίῳ
1185 1685 1305 1724 μοναχὸς
1320 1685 1369 1719 τὴν
1390 1683 1539 1722 πρόῤῥησιν
1567 1682 1746 1724 ἀπεφοίϐασε,
1771 1685 1816 1722 [Ρ.
1836 1686 1903 1723 500]

1078 1730 1213 1767 παράτοῦ
1230 1729 1364 1767 βασιλέως
1392 1728 1421 1756 δὶ
1454 1729 1569 1760 Λέοντος
1599 1728 1749 1766 ἀναχθέντα
1782 1728 1821 1761 εἷς
1849 1729 1901 1764 τὴν

1078 1774 1167 1812 ἀρχὴν
1182 1776 1230 1801 τοῦ
1245 1776 1298 1801 τῶν
1327 1771 1494 1812 φοιδεράτων
1521 1774 1671 1810 τάγματος.
1697 1774 1746 1805 ’ος
1769 1772 1828 1802 hui
1849 1784 1902 1812 με·

1081 1819 1197 1856 μιθήκοι
1230 1818 1275 1845 τὸν
1308 1818 1408 1845 Λέοντα
1436 1817 1486 1845 ὑπὸ
1514 1819 1562 1845 τοῦ
1586 1817 1704 1855 Μιχαὴλ
1742 1818 1903 1856 ἀνῃρῆσθαι,

1079 1862 1192 1891 ἐκδικῶν
1218 1862 1291 1901 τάχα
1317 1862 1364 1889 τὸν
1394 1861 1549 1899 εὐεργέτην,
1578 1861 1649 1898 ὀμοῦ
1683 1860 1712 1890 δὶ
1742 1862 1789 1890 καὶ
1817 1863 1906 1899 θυμὸν

1076 1906 1148 1935 ’ίόιον
1178 1906 1317 1943 ἐμπιπλὰς
1345 1906 1489 1945 (ἱτύγχανε
1515 1906 1567 1944 γὰρ
1594 1908 1653 1936 πῶς
1687 1905 1714 1942 ἒξ
1743 1905 1904 1942 ἡλικιωτῶν

1080 1951 1272 1989 διαφερόμενος
1302 1951 1369 1988 πρὸς
1398 1951 1444 1978 τὸν
1474 1950 1614 1988 Μιχαὴλ),
1642 1949 1701 1987 ἃμα
1728 1949 1758 1978 δὶ
1783 1950 1829 1978 καὶ
1856 1952 1907 1985 τὰς

1079 1997 1140 2033 περὶ
1157 1996 1239 2024 αὐτοῦ
1253 1997 1303 2023 τοῦ
1316 1995 1341 2022 ἐν
1355 1997 1395 2031 τῷ
1410 1993 1574 2031 Φιλομιλίῳ
1590 1997 1715 2033 μοναχοῢ
1736 1994 1905 2033 προρῤήσιις

1080 2038 1260 2078 φοϐούμενος,
1281 2043 1361 2079 χεῖρα
1388 2039 1506 2067 ἐναντίαν
1534 2042 1614 2074 κινεῖ,
1641 2041 1691 2067 τοῦ
1718 2041 1773 2068 τῶν
1801 2039 1904 2069 ἀνατο-

1079 2085 1164 2113 λικῶν
1193 2085 1339 2122 ἀρξάμενος
1368 2083 1495 2120 θέματος,
1525 2084 1580 2119 ὅπη
1611 2082 1645 2118 δὴ
1684 2083 1730 2112 καὶ
1773 2082 1904 2122 διὴριει,

1079 2130 1193 2167 ῢύναμιν
1211 2129 1260 2157 οὐκ
1275 2129 1370 2168 ἀγεννῆ
1386 2139 1447 2157 τινα
1475 2129 1521 2156 καὶ
1552 2129 1660 2167 μικρὰν,
1689 2128 1763 2158 ἀλλά
1791 2130 1903 2168 βαριῖαν

1078 2174 1123 2202 καὶ
1139 2173 1263 2212 ἀνδρώδη
1281 2173 1472 2211 συνηθρωκὼς,
1489 2174 1574 2201 πάντα
1589 2174 1636 2201 τὸν
1664 2172 1750 2202 ὅπλον
1773 2174 1806 2202 τὸ
1828 2174 1905 2202 οἱον-

1080 2221 1125 2247 οὒν
1142 2222 1226 2247 κινεῖν
1256 2218 1406 2255 δυνάμενον
1441 2216 1550 2246 ἕπεσθαῖ
1570 2218 1597 2246 οἱ
1622 2217 1837 2256 καταναγκάσας,
1871 2218 1903 2248 δν

202 2264 365 2292 balbutiem
382 2267 410 2291 et
426 2264 592 2292 mollitiem.
610 2265 682 2292 Nam
697 2265 824 2292 Thomas
850 2266 965 2293 tametsi
982 2266 1024 2293 al-

1081 2265 1129 2301 μέν
1146 2264 1204 2301 βίᾳ,
1220 2263 1249 2291 ὃν
1266 2262 1294 2291 δὲ
1309 2263 1389 2300 φιλίᾳ
1403 2264 1436 2300 τῇ
1452 2262 1521 2300 πρὸς
1537 2262 1628 2298 αὐτὸν,
1644 2263 1674 2290 ὃν
1691 2261 1720 2291 δὶ
1734 2264 1780 2292 καὶ
1809 2262 1904 2293 ut“!

201 2312 299 2337 terum
310 2309 415 2345 pedem
431 2309 559 2336 habebat
567 2309 705 2337 mutilum
717 2317 751 2336 ac
762 2317 870 2345 genere
881 2309 1024 2337 barbarus

199 2357 272 2388 erat,
285 2356 384 2382 tamen
395 2353 432 2381 ob
444 2353 583 2381 canitiem
593 2353 865 2387 venerabilis,aditu
877 2357 905 2382 et
916 2354 945 2382 in
955 2363 1024 2382 con-

199 2407 303 2436 gressu
315 2398 412 2426 facilis
425 2401 513 2434 atque
529 2398 703 2433 civilis,qum
714 2398 883 2434 gratissima
894 2400 1027 2427 suntmi-

200 2445 281 2473 litari
296 2443 592 2478 multitudini,neque
603 2451 752 2478 quoquam
766 2444 897 2479 corporis
910 2444 1026 2472 fortitu-

201 2490 271 2518 dine
282 2489 429 2526 posterior
439 2487 613 2516 habebatur.
622 2488 650 2514 Is
661 2495 730 2524 ergo
741 2488 861 2516 Oriente
873 2492 1027 2525 occupato,

1079 2307 1231 2347 διαρπαγῆς
1248 2307 1386 2347 λαφύρων,
1403 2307 1432 2335 ὅν
1449 2305 1478 2335 δὲ
1493 2307 1537 2334 καὶ
1556 2309 1596 2344 τῷ
1619 2307 1688 2345 πρὸς
1711 2307 1758 2336 τὸν
1783 2307 1902 2346 Μιχαὴλ

1082 2352 1311 2391 μίσει-ἐτύγχανε
1330 2352 1381 2389 γάρ
1411 2351 1490 2383 οὗτος
1519 2351 1570 2379 ὑπὸ
1598 2352 1706 2380 πάντων
1735 2350 1780 2380 διὰ
1806 2362 1904 2383 σκαιο-

1079 2397 1195 2435 τροπίαν
1212 2396 1388 2434 μισούμενος,
1413 2396 1456 2424 καὶ
1487 2394 1533 2423 διὰ
1559 2396 1591 2424 τὸ
1617 2398 1668 2431 τῆς
1695 2399 1750 2425 τῶν
1778 2397 1906 2436 ’Δοιγγά-

1080 2453 1134 2470 νων
1149 2442 1285 2477 Θιασώτην
1301 2441 1367 2469 εἶναι
1384 2440 1525 2478 αἱρέσεως,
1539 2440 1585 2468 καὶ
1601 2439 1647 2468 διὰ
1659 2441 1710 2476 τὴν
1737 2444 1788 2477 τῆς
1810 2440 1905 2480 γλώτ-

1079 2498 1130 2523 της
1155 2487 1339 2525 τραυλότητα,
1364 2486 1409 2514 καὶ
1439 2485 1475 2513 δι’
1506 2483 1648 2523 ἀνανδρίαν
1687 2486 1733 2514 καὶ
1768 2485 1904 2524 μαλακίαι

809 2538 988 2565 XYLANDBI
1007 2539 1050 2566 ET
1070 2538 1177 2566 GOARI
1197 2537 1308 2565 ΝΟΤᾸΞ.

235 2588 291 2623 (69)
309 2587 401 2614 Verba
415 2585 556 2623 fraudem
581 2586 704 2623 struentir
726 2586 756 2613 in
778 2586 1023 2622 interpretatione

200 2621 317 2651 demeo
333 2622 433 2650 addidi
461 2621 671 2649 connectendaa
698 2622 829 2650 historiae
854 2621 953 2651 causa.
980 2623 1023 2650 Vi-

200 2658 286 2685 detur
301 2659 391 2691 enim,
407 2658 429 2686 si
449 2658 535 2686 modo
552 2657 626 2685 nihil
642 2658 751 2685 excidit
770 2661 798 2685 et
821 2659 949 2686 narratio
976 2658 1021 2687 in-

200 2696 282 2728 tegra
298 2696 354 2729 est,
369 2694 494 2721 Thomas
510 2694 566 2721 hoc
582 2694 689 2729 egisse,
704 2694 734 2721 ui
750 2702 767 2722 ο.
788 2695 925 2722 Romanis
941 2703 1023 2723 sum-

200 2737 256 2756 mm
269 2736 370 2757 rerum
385 2729 538 2764 praafectus
551 2730 698 2757 exercitus
708 2738 810 2758 eorum
824 2734 875 2758 aut
888 2731 979 2759 urbes
994 2733 1023 2758 et

199 2764 366 2828 grovincias
376 2766 518 2797 Agarenis
532 2765 680 2800 proderet.
696 2766 764 2793 XYL.
774 2782 810 2787 —
818 2767 903 2794 Falso
914 2767 1023 2803 Xylan-

223 2808 264 2828 er.
282 2801 481 2828 mmeriumaue
494 2802 644 2828 Romanum
660 2801 736 2828 ipsis.
754 2801 784 2828 id
800 2804 854 2828 est.
870 2802 1022 2828 Anarenis.

223 2808 264 2833 er,
282 2799 481 2834 imperiumque
494 2799 644 2829 Romanum
660 2801 736 2836 ipsis,
754 2801 784 2829 id
800 2804 854 2838 est,
870 2799 1022 2839 Agarenis,

1077 2587 1275 2622 subjeccurum.
1292 2585 1404 2618 Quibus
1420 2584 1657 2622 enim_deinceps
1680 2585 1830 2622 Romanus
1844 2585 1904 2615 im-

1076 2620 1203 2659 peraret,
1220 2624 1344 2659 antiquo
1372 2620 1544 2659 commodo_
1559 2620 1666 2649 ductus
1687 2629 1719 2650 se
1748 2621 1904 2659 somnia

1077 2655 1260 2699 iubjicei-et‘?
1274 2655 1376 2685 verius
1393 2655 1610 2693 reponendum,
1625 2658 1694 2721 goat
1707 2657 1905 2693 proditus:-

1077 2702 1192 2721 racenls
1205 2694 1353 2721 Romanos
1366 2693 1441 2721 fines
1451 2695 1613 2721 tvrannum
1646 2701 1831 2721 ammon-im
1840 2702 1905 2721 nn-

1075 2693 1192 2736 racenis
1205 2694 1353 2736 Romanos
1366 2693 1441 2735 ﬁnes
1451 2695 1613 2736 tyrannum
1625 2693 1831 2736 ξανιιοςιιοι-ψι
1838 2702 1905 2733 μνο-

1075 2731 1167 2765 prium
1186 2730 1379 2771 principatum
1404 2727 1472 2764 ipsis
1493 2727 1662 2770 solummodo
1685 2727 1905 2766 subjacm'n-

1076 2766 1205 2794 ucturum
1217 2772 1385 2800 promisisse,
1401 2772 1439 2793 ne
1451 2771 1541 2801 quau;
1555 2772 1588 2792 ιιι
1597 2766 1752 2801 posterum
1766 2765 1904 2796 dono-

1076 2785 1612 2838 ἱὶῖέ”ίιῦἑὶἐῖἰίέἱὶι”εἷὲἱὲτέῖιῗιῦηῗῗιὲἷιῗ

1831 2999 1916 3060 ,Αἱ
