4148 6212
249 3699 263 3718 ‘
336 3658 444 3691 νων

330 378 445 438 96!

327 507 760 584 συμπεισθέντων
836 508 985 582 αύτῷ
1077 511 1544 586 συστρατεύεσθαι.

329 601 437 677 γὰρ
464 596 519 656 εἷ’
539 599 630 655 καὶ
667 599 762 656 τὸν
787 598 975 676 ἓτερον
1027 604 1134 656 τῶν
1187 599 1371 658 ποδῶν
1433 604 1552 680 εἶχε
1583 603 1984 678 πεπηρωμένον

327 691 420 746 καὶ
459 690 523 746 τὸ
568 690 722 765 γένος
775 685 1052 766 βάρϐαρος
1086 691 1173 760 ἢν,
1205 691 1330 749 ἀλλ’
1361 690 1454 748 οὖν
1494 697 1563 768 τῇ
1595 713 1657 770 γε
1686 691 1857 764 πολιᾷ
1894 693 1983 748 al-

329 777 559 852 δέσιμος
617 777 912 855 ἐτύγχανεν
999 776 1073 834 ὤν
1156 780 1245 836 καὶ
1306 781 1368 837 τὸ
1427 783 1837 859 εὐπροσήγορον
1891 780 1981 837 καὶ

325 868 540 924 ἀστεῖον
573 869 740 948 εἶχεν,
774 867 908 943 ἅπερ
949 868 1105 943 φιλεῖ
1161 872 1190 925 6
1248 870 1588 947 στρατιώτης
1641 870 1795 939 λαὸς,
1836 871 1983 927 ἀλλὰ

329 960 418 1014 καὶ
449 962 560 1014 τῶν
584 958 719 1013 κατὰ
775 959 1128 1035 γενναιότητα
1189 960 1443 1033 σώματος
1499 961 1562 1016 οίί
1619 981 1769 1022 τινος
1826 958 1982 1039 ἐφαί-

329 1068 448 1103 νετο
479 1045 746 1120 δεύτερος.
779 1045 947 1109 Οὗτος
977 1048 1156 1103 τοίνυν
1189 1049 1218 1103 6
1259 1055 1460 1123 Θωμᾶς
1516 1053 1687 1104 πᾶσαν
1735 1051 1836 1118 τήν
1866 1049 1980 1104 Ἕω

331 1131 689 1212 παραλαϐὼν,
717 1137 805 1192 καὶ
838 1136 967 1199 τοὺς
1024 1140 1134 1192 τῶν
1194 1135 1479 1212 δημοσίων
1537 1137 1844 1214 πράκτορας
1875 1137 1982 1217 φὰ-

333 1247 442 1302 ρων
521 1227 610 1304 ὑφ’
674 1226 863 1282 ἑαυτὸν
923 1228 1315 1302 ποιησάμενος,
1373 1228 1464 1283 καὶ
1523 1226 1976 1308 μεγαλοφροσύνῃ

327 1316 418 1371 καὶ
478 1313 718 1372 ἐπιδόσει
786 1314 925 1391 ἄκρᾳ
979 1317 1360 1394 χρησάμενος,
1423 1316 1602 1379 πολὺς
1660 1315 1720 1372 ἐκ
1778 1320 1978 1391 μικροῦ

325 1408 514 1482 γέγονε
562 1405 652 1460 καὶ
712 1403 761 1474 ἐξ
820 1404 1075 1468 ἀσθενοῦς
1129 1405 1357 1482 ἰσχυρός
1408 1407 1536 1469 τοὺς
1596 1408 1689 1480 μὲν
1747 1407 1849 1481 γὰρ
1878 1406 1979 1480 ἦγε

324 1495 624 1549 πειθοῖκαὶ
657 1492 836 1571 φιλία,
897 1494 1123 1557 ὁπόσοις
1155 1496 1183 1550 6
1212 1499 1324 1550 τῶν
1380 1499 1578 1551 καινῶν
1633 1495 1978 1570 πραημάτων

321 1583 411 1638 καὶ
441 1588 539 1639 τοῦ
570 1582 966 1663 φιλοπλουτεῖν
991 1583 1133 1660 ἔρως
1167 1585 1312 1655 ένῆν;
1361 1583 1490 1648 τοὺς
1549 1582 1606 1640 δὶ
1651 1585 1857 1662 ἀνᾶγκᾳ
1885 1583 1976 1638 καὶ

325 1673 421 1750 βίᾳ
450 1673 712 1749 δπήγετο,
767 1674 920 1735 ὁσοις
975 1670 1041 1743 δὴ
1104 1674 1174 1730 τὰ
1228 1679 1338 1730 τῶν
1395 1673 1683 1752 ἐμφυλίων
1739 1675 1974 1729 στάσεων

326 1762 464 1818 κατᾶ
517 1760 780 1836 ἐμισεῖτο.
834 1763 1108 1827 Ἐντεῦθεν
1158 1763 1209 1817 οἱ
1241 1763 1504 1844 ἐμφύλιοι
1562 1763 1979 1838 ἀναρρηγνύμε-

329 1871 415 1906 νοι
445 1850 708 1924 πόλεμοι,
764 1851 854 1906 καὶ
915 1851 1031 1906 οἷόν
1095 1873 1241 1915 τινες
1298 1857 1552 1926 ποταμοῦ
1609 1852 1973 1929 καταρράκται

1480 380 2019 445 HISTORIARUM
2067 378 2598 442 COMPENDIUM

1624 514 1687 572 Ὁ
1772 516 1970 587 Θωμᾶς
2003 513 2055 582 Α
2082 512 2459 586 publicorum
2490 512 2843 570 tributorum
2873 517 3248 575 exactoribus
3277 519 3338 576 in
3371 538 3537 580 suam
3567 527 3739 585 reda-

3617 395 3739 456 96!

2089 603 2200 658 ctis
2231 607 2602 674 potestatem,
2627 603 2810 659 animi
2839 606 3250 678 magnitudine
3281 609 3377 664 87
3391 613 3431 666 7
3467 619 3526 668 et
3555 618 3736 674 rebus

2091 691 2540 748 secundissimis
2570 708 2736 761 usus,
2769 710 3020 767 magnus
3065 696 3137 751 de
3186 714 3363 769 parvo
3381 699 3573 773 deque
3623 707 3738 762 im-

2089 780 2299 836 becillo
2332 787 2545 854 potens
2575 782 2766 840 factus
2791 790 2899 853 est,
2933 785 3080 841 alios
3121 786 3316 844 favore
3373 790 3484 846 sibi
3517 800 3574 848 et
3602 813 3739 866 per-

2090 870 2394 926 suadendo
2416 871 2766 944 adjungens,
2791 890 2939 945 quos
2955 891 3156 931 rerum
3179 893 3462 936 novarum
3481 887 3540 936 et
3559 901 3738 955 opum

2089 959 2383 1031 cupiditas
2424 961 2476 1015 ei
2505 961 2878 1027 conciliabat,
2913 963 3060 1020 alios
3088 966 3139 1019 vi
3173 967 3470 1040 subigens,
3520 972 3738 1042 quibus

2087 1047 2350 1104 civilium
2382 1049 2673 1104 bellorum
2704 1050 2862 1107 mala
2888 1068 3065 1108 exosa
3104 1061 3294 1110 erant.
3329 1058 3407 1112 Eo
3455 1059 3626 1115 initio
3657 1062 3738 1116 ci-

2085 1135 2227 1191 vilia
2275 1136 2432 1192 bella
2464 1153 2712 1210 erupere
2767 1145 2824 1194 et
2853 1141 3021 1210 quasi
3081 1143 3349 1200 fluminis
3408 1149 3742 1220 praecipites

2087 1225 2372 1282 decursus
2401 1228 2657 1296 ruentia,
2682 1245 2802 1283 non
2862 1246 3016 1300 aqua
3074 1232 3178 1286 sed
3235 1235 3523 1306 sanguine
3555 1243 3743 1295 terras

2085 1313 2545 1372 inundaverunt.
2577 1319 2720 1373 Tota
2745 1319 2884 1374 Asia
2915 1321 3345 1378 vastationibus
3387 1339 3455 1379 ac
3511 1325 3741 1397 deprae-

2086 1403 2423 1461 dationibus
2440 1407 2658 1462 misere
2671 1407 3320 1480 afﬂigebatur,urbibus
3341 1411 3472 1468 aliis
3494 1414 3580 1468 Th
3592 1432 3743 1471 0mm

2085 1509 2147 1549 se
2183 1495 2257 1549 ob
2289 1501 2516 1552 metum
2547 1496 3033 1570 adjungentibus,
3067 1499 3202 1555 aliis
3233 1501 3393 1572 quod
3426 1501 3606 1559 fidem
3630 1505 3740 1560 im-

2088 1585 2347 1654 peratori
2409 1591 2714 1641 servarent
2762 1585 3009 1658 direptis
3040 1593 3218 1659 atque
3276 1589 3338 1644 in
3393 1592 3738 1648 servitutem

2085 1673 2256 1728 actis.
2291 1675 2518 1730 Potitus
2551 1679 2641 1729 est
2679 1680 2888 1730 auctor
2934 1675 3276 1733 rebellionis
3307 1684 3430 1734 tota
3455 1681 3612 1750 Asia,
3649 1699 3741 1737 so-

2085 1761 2157 1822 lis
2188 1762 2522 1834 Opsicianis
2555 1769 2613 1818 et
2642 1765 3012 1820 Armeniacis
3052 1765 3328 1838 demptis,
3360 1786 3614 1838 quorum
3645 1772 3740 1827 his

2083 1849 2388 1919 Olbianus,
2418 1851 2536 1906 illis
2565 1853 2864 1909 Catacelas
2893 1854 3153 1925 praefecti
3183 1857 3256 1912 ad
3286 1863 3617 1916 extremum
3649 1877 3740 1916 us-

337 1914 655 2017 φερόμενόι,
695 1914 804 2015 οὐχ
853 1937 1063 2010 ὕδασιν,
1129 1914 1259 1998 ἀλλ’
1314 1914 1506 2015 αἵμασι
1561 1943 1664 2012 τὴν
1718 1914 1820 2017 γίῖιιν
1847 1961 1980 1996 κατ-

2088 1955 2203 2009 que
2243 1939 2305 1994 in
2361 1939 2475 1994 fide
2505 1939 2881 2012 imperatoris
2919 1952 3457 2014 perseveraverunt.
3479 1947 3738 2020 Ideoque

338 2028 588 2098 έκλυζον.
634 2034 783 2084 Πᾶσα
816 2029 910 2103 μὲν
946 2028 1040 2085 οῦν
1071 2032 1106 2100 ἡ
1131 2029 1283 2088 Ἀσία
1333 2029 1682 2105 πορθουμένη
1729 2029 1820 2085 καὶ
1853 2029 1984 2100 ληϊ-

343 2118 547 2192 ζομένη
581 2115 933 2189 έδυσθανάτα,
988 2122 1099 2174 τῶν
1167 2119 1220 2174 έν
1275 2118 1414 2194 αὐτῇ
1471 2117 1689 2174 πόλεων
1742 2122 1850 2174 τῶν
1892 2119 1986 2192 μὶν

340 2208 780 2281 προστιθεμένων
811 2213 892 2280 τῷ
921 2213 1093 2282 Θωμᾷ
1130 2205 1219 2263 διὰ
1249 2209 1344 2264 τὸν
1403 2203 1596 2288 φόϐον,
1644 2212 1755 2264 τῶν
1787 2205 1834 2263 δ’
1865 2205 1985 2263 ὅσαι

341 2297 411 2352 τὰ
434 2297 598 2352 πιστᾶ
627 2301 706 2370 τῷ
761 2302 1050 2372 κρατοῦντι
1106 2297 1334 2371 ἐτήρουν
1380 2296 1840 2372 λεηλατουμένων
1895 2297 1986 2352 καὶ

339 2382 910 2461 ἆνδραποδιζομένων.
970 2386 1075 2443 Καὶ
1129 2387 1198 2442 τὰ
1258 2387 1353 2461 μὲν
1408 2392 1509 2456 τῆς
1562 2386 1748 2450 Ἀσίας
1778 2381 1990 2442 ἅπαντα

340 2474 560 2546 ὑπήκοα
588 2473 778 2551 γέγονε
806 2479 889 2548 τῷ
918 2475 1218 2550 ἀποστάτῃ,
1271 2473 1609 2551 ξξῃρημένου
1664 2480 1762 2531 τοῦ
1820 2472 1990 2550 θέμα-

335 2584 432 2627 τος
460 2567 556 2619 τοῦ
585 2563 837 2639 Ὀψικίου
867 2563 1085 2640 (τούτου
1111 2565 1214 2642 γὰρ
1237 2568 1558 2642 στρατηγῶν
1601 2565 1630 2620 6
1664 2562 1988 2634 Κατάκηλας

338 2650 657 2728 διετήρησεν
700 2653 830 2729 ἄχρι
867 2651 1068 2716 τέλους
1097 2659 1177 2728 τῷ
1240 2652 1458 2729 βασιλεῖ
1509 2651 1767 2728 εὔνοιαν),
1822 2651 1902 2709 ἔτι
1931 2650 1991 2708 δὲ

334 2741 427 2797 καὶ
459 2745 557 2798 τοῦ
585 2747 696 2798 τῶν
729 2744 1122 2818 ’Δρμενιακῶνο
1169 2743 1260 2798 καὶ
1302 2744 1498 2799 τούτου
1553 2744 1656 2818 γὰρ
1690 2744 1994 2818 στρατηγὸς

337 2829 410 2886 ὢν
445 2831 474 2886 6
505 2827 799 2894 Ὀλϐιανὸς
830 2830 1042 2886 εὕνοιαν
1075 2830 1309 2908 ἐτήρησε
1338 2835 1417 2905 τῷ
1461 2830 1697 2907 βασιλεῖ.
1747 2833 1994 2893 Οἷστισιν

336 2917 629 2994 ἀπονέμων
691 2915 926 2994 ἀμοιϐὰς
974 2921 1002 2975 6
1050 2919 1307 2995 βασιλεὺς
1335 2923 1400 2974 τὸ
1455 2919 1534 2986 εἷς
1585 2920 1648 2975 τὸ
1710 2919 1994 2996 βασιλικὸν

340 3016 592 3085 ταμιεῖον
649 3011 1004 3090 εἰσαγόμενον
1061 3009 1331 3086 δημόσιον
1388 3010 1588 3082 τέλος,
1647 3012 1676 3066 ’ὸ
1732 3012 1995 3067 καπνικὸν

343 3097 532 3156 καλεῖν
585 3099 834 3156 εἷ’ώθασιν
869 3149 884 3174 ,
944 3097 1298 3177 ἐδωρήσατο.
1361 3101 1705 3158 Μανθάνουσι
1761 3098 1819 3156 δὲ
1873 3106 1992 3164 τοῖς

349 3189 670 3265 Ἀγαρηνοῖς
696 3191 796 3260 τήν
855 3188 1125 3268 ἐμφύλιον
1193 3189 1374 3246 στάσιν
1433 3190 1652 3268 χαίρειν
1712 3188 1868 3265 ὲπῂει
1899 3191 1988 3246 καὶ

2088 2028 2412 2100 imperator
2440 2028 2765 2086 referenda
2794 2032 2997 2104 gratiae
3019 2049 3197 2088 causa
3225 2034 3525 2105 publicum
3556 2038 3734 2092 vecti-

2091 2121 2206 2193 gal,
2240 2121 2401 2192 quod
2429 2122 2770 2179 Fumarium
2797 2124 3016 2180 dicitur
3044 2131 3103 2181 et
3130 2126 3192 2181 in
3224 2129 3501 2184 aerarium
3531 2129 3744 2201 princi-

2091 2210 2182 2280 pis
2210 2209 2417 2266 inferri
2449 2211 2698 2280 solebat,
2732 2213 2804 2268 iis
2835 2213 2990 2269 dono
3009 2214 3190 2270 dedit.
3210 2216 3454 2273 Interim
3488 2218 3741 2289 Agareni

2091 2298 2246 2354 bello
2279 2300 2436 2355 civili
2480 2303 2880 2358 Romanorum
2912 2304 3144 2376 cognito
3175 2305 3389 2378 gaudio
3423 2307 3739 2375 exsultare,

2093 2405 2344 2460 eamque
2377 2391 2749 2447 occasionem
2781 2409 2948 2448 suam
2978 2394 3194 2459 facere,
3218 2399 3278 2449 et
3308 2411 3518 2451 omnes
3548 2398 3744 2469 regio-

2093 2494 2200 2534 nes
2231 2495 2437 2534 secure
2479 2480 2922 2536 incursionibus
2954 2481 3254 2550 infestare,
3293 2483 3461 2538 obvia
3492 2501 3742 2556 quaeque

2093 2565 2423 2640 depraedari
2455 2574 2513 2624 et
2544 2585 2772 2641 capere.
2800 2570 3006 2642 Itaque
3037 2575 3313 2627 metuens
3335 2573 3588 2628 Thomas
3609 2591 3682 2628 ne
3709 2591 3743 2630 a

2065 2675 2068 2678 ’
2095 2659 2219 2713 suis
2248 2663 2412 2715 metu
2436 2659 2696 2732 impetus
2728 2661 3132 2733 Agarenorum
3158 2661 3381 2717 territis
3413 2663 3740 2728 deseretur,

2092 2748 2418 2820 reprimere
2449 2765 2572 2819 eos,
2603 2749 2796 2821 iisque
2827 2766 2962 2805 cum
3001 2751 3096 2806 87
3107 2751 3154 2806 8
3188 2751 3370 2806 tantis
3403 2753 3526 2809 suis
3556 2754 3743 2826 copiis

2097 2837 2569 2910 snperveniendo
2592 2843 2816 2895 terrere
2837 2839 3030 2912 adque
3054 2856 3259 2913 pacem
3283 2842 3748 2914 componendam

2095 2927 2331 3000 adigere
2363 2927 2637 2984 intendit.
2670 2931 2864 3000 Atque
2919 2927 2980 2984 id
3031 2930 3348 2986 consilium
3403 2932 3692 2988 successit
3727 2949 3740 2988 :

2096 3016 2290 3071 subito
2339 3017 2498 3072 enim
2533 3017 2956 3090 superveniens
2985 3019 3270 3090 Agarenis
3299 3019 3600 3076 Orientem
3633 3037 3735 3092 po-

2095 3105 2440 3178 pulantibus
2463 3122 2564 3162 eos
2586 3107 2817 3174 terruit,
2849 3106 3169 3178 habitoque
3200 3107 3498 3180 colloquio
3530 3126 3735 3181 pacem

2097 3194 2650 3267 pepigit,pollicitus
2673 3212 2735 3251 se
2759 3196 2909 3251 fines
2923 3198 3320 3254 Romanorum
3343 3197 3486 3269 ipsis
3508 3197 3739 3270 subjec-

346 3282 566 3352 σκιρτᾷν
601 3299 615 3312 ·
675 3283 869 3353 καιροῦ
920 3267 1021 3355 γὰρ
1081 3273 1382 3354 λαϐόμενοι
1438 3267 1611 3334 πᾶσαν
1670 3285 1834 3349 νῆσον
1889 3278 1980 3335 καί

2099 3285 2426 3342 taditurum
2457 3286 2896 3358 imperiumque
2920 3288 3250 3343 Romanum
3281 3267 3426 3359 ipsis
3457 3267 3746 3359 subjecta-

338 3368 531 3447 χώραν
559 3367 886 3444 κατέτρεχον
915 3366 1108 3431 ἀδεὼς.
1159 3371 1246 3443 [Ρ.
1305 3371 1432 3443 501]
1465 3369 1653 3432 Δείσας
1686 3367 1778 3424 οὗν
1807 3369 1836 3424 6
1867 3375 1984 3425 Θω-

342 3464 446 3534 μᾶς
475 3461 549 3523 ὡς
584 3461 660 3535 μή
710 3462 1032 3531 πτοηθέντες
1089 3461 1142 3516 οἱ
1173 3460 1268 3516 σὺν
1320 3461 1470 3534 αύτῷ
1528 3465 1852 3536 στρατιῶται
1884 3461 1985 3532 τήν

331 3552 441 3604 τῶν
467 3549 777 3626 Ἀγαρηνῶν
821 3547 1038 3628 ἔφοδον,
1073 3548 1242 3621 λείαν,
1306 3549 1381 3612 ὠς
1441 3547 1677 3624 εῗρησαι,
1717 3549 1983 3624 ποιουμέ-

504 3637 678 3692 πάντα
731 3639 800 3694 τὰ
854 3637 904 3692 έν
961 3638 1090 3693 ποσὶ
1175 3637 1266 3692 καὶ
1335 3636 1860 3713 αίχμαλωτιζόντων
1916 3640 1984 3693 τὰ

334 3727 746 3802 προστυχόντα,
793 3727 1182 3790 καταλιπόντες
1241 3728 1406 3783 αὑτὸν
1465 3727 1809 3804 οίχήσονται,
1863 3725 1982 3782 δέον

334 3813 558 3892 ἐγνώκει
585 3815 720 3878 τέως
749 3816 1100 3892 ἀναχαιτίσαι
1156 3817 1257 3886 τήν
1309 3817 1488 3873 αὑτῶν
1531 3817 1711 3892 ὁρμὴν
1742 3813 1811 3870 δι’
1860 3815 1978 3872 ἐπι-

335 3905 553 3983 φανείας
602 3903 788 3976 αύτοῦ,
836 3905 928 3960 καὶ
959 3910 1039 3978 τῷ
1085 3903 1289 3976 πλήθει
1335 3910 1442 3962 τῶν
1502 3906 1783 3978 ἑπομένων
1817 3904 1981 3960 δυνά-

335 4017 481 4070 μεων
523 3994 791 4067 έκπλῆξαί
846 4017 904 4052 τε
959 3997 1049 4052 καὶ
1080 3997 1216 4072 πρὸς
1278 3997 1502 4072 εῗρήνην
1562 3995 1759 4060 αὐτοὺς
1819 3995 1974 4053 ἐκκαο

331 4083 607 4142 λέσάσθαι.
638 4087 706 4144 Ὀ
745 4085 835 4142 καὶ
893 4082 1110 4157 συνέϐηο
1152 4088 1270 4161 ἄρτι
1331 4086 1436 4164 γὰρ
1494 4092 1610 4148 τοῖς
1642 4091 1976 4161 Σαρακηνοῖς

327 4175 428 4244 τήν
459 4175 574 4231 Ἕω
631 4173 983 4250 ληϊζομένοις
1041 4173 1312 4255 αἰφνίδιος
1369 4174 1656 4254 ἐπιφανείς
1693 4173 1970 4248 ἐξέπληξε,

325 4261 416 4317 καὶ
445 4261 523 4326 εἷς
555 4262 754 4340 λόγους
814 4263 985 4320 ἐλθὼν
1045 4263 1346 4334 ἐσπείσατο,
1409 4264 1784 4341 ὑποσχόμενος
1826 4283 1975 4340 προ-

326 4347 508 4408 δοῦναι
536 4351 756 4415 τούτοις
808 4353 876 4409 τὰ
930 4353 1218 4427 Ῥωμαίων
1278 4352 1422 4427 δρια,
1479 4353 1570 4408 καὶ
1637 4353 1737 4422 την
1795 4352 1972 4408 αὐτῶν

323 4439 507 4504 αὐτοῖς
541 4441 858 4517 ὑποχείριον
892 4439 1073 4497 θέσθαι
1120 4442 1320 4518 ἀρχήν.
1394 4440 1726 4517 Ἀπαλαγεὶς
1773 4437 1831 4496 δὶ
1874 4445 1974 4497 τοῦ

320 4528 428 4584 ἀπὸ
459 4529 673 4585 τὸύτων
704 4528 840 4593 δέως
885 4529 1113 4606 βασιλέα
1173 4531 1360 4586 ἑαυτὸν
1421 4531 1606 4585 ἀνεῖπε
1661 4530 1752 4584 καὶ
1785 4527 1974 4601 διάδη-

2093 3390 2245 3430 rum.
2277 3373 2531 3430 Proinde
2563 3379 2727 3430 metu
2750 3376 3152 3447 Agarenorum
3177 3376 3466 3432 liberatus
3495 3376 3747 3448 impera-

2092 3463 2240 3518 toris
2270 3479 2489 3519 nomen
2550 3463 2663 3519 sibi
2723 3465 3033 3536 arrogavit,
3092 3465 3369 3520 diadema
3426 3481 3532 3521 suo
3566 3467 3742 3538 capiti

2090 3551 2394 3622 imposuit,
2429 3555 2636 3622 estque
2691 3552 3022 3608 Antiochia)
3054 3552 3128 3607 ab
3159 3553 3290 3625 ejus
3321 3554 3604 3625 temporis
3633 3569 3741 3624 pa-

2091 3645 2250 3695 store
2282 3640 2558 3695 Ecclesiua
2587 3641 2975 3696 Antiochense
3003 3641 3150 3696 Jobo
3181 3642 3508 3713 imperator
3538 3643 3736 3698 decla-

2089 3734 2274 3784 ratus.
2309 3730 2544 3784 Manum
2577 3744 2756 3800 porro
2815 3729 3075 3786 militum
3131 3730 3380 3787 validam
3445 3748 3580 3788 cum
3612 3732 3739 3803 ipse

2090 3835 2156 3873 co
2165 3817 2415 3890 egittum
2439 3817 2509 3872 ab
2523 3819 2807 3890 Agareuis
2823 3818 3069 3888 accepit,
3096 3835 3216 3873 non
3235 3835 3304 3874 ex
3327 3821 3546 3875 nostris
3559 3822 3736 3876 modo

2087 3907 2295 3962 vicinis
2318 3906 2651 3972 collectam,
2673 3906 2775 3961 sed
2800 3906 2977 3961 etiam
3003 3922 3070 3962 ex
3100 3907 3542 3976 remotioribus,
3576 3911 3746 3980 Egy-

2089 3996 2250 4068 ptiis,
2283 3995 2466 4062 Indis,
2499 3995 2715 4062 Persis,
2749 3996 3025 4066 Assyriis,
3071 3997 3389 4064 Armeniis,
3421 3997 3736 4063 Chaldaeis,

2088 4085 2298 4152 Iberis,
2330 4084 2543 4149 Zichis,
2568 4083 2813 4138 Cabiris.
2839 4085 2940 4139 His
2972 4085 3248 4140 omnibus
3272 4087 3540 4141 munitus
3563 4091 3741 4156 atque

2089 4175 2340 4246 stipatus
2373 4173 2663 4244 optimum
2692 4173 2912 4228 factum
2939 4174 3296 4230 existimavit
3313 4192 3448 4230 eum
3472 4175 3533 4230 in
3551 4175 3737 4230 tilium

2086 4264 2430 4336 adaptatum
2454 4262 2688 4334 imperii
2714 4263 2940 4318 socium
2964 4263 3416 4335 adjutoremque
3446 4266 3735 4321 asciscere

2087 4359 2144 4410 et
2172 4369 2390 4408 nomen
2424 4359 2656 4408 mutare
2715 4351 2854 4407 inde
2909 4353 3206 4424 profectus
3262 4359 3454 4410 totum
3510 4355 3738 4412 ferebat

2085 4443 2412 4514 agebatque
2481 4441 2802 4497 Orientem.
2860 4443 3188 4514 Imperator
3233 4443 3326 4500 his
3362 4446 3635 4518 cognitis,
3673 4463 3735 4501 se

2083 4547 2322 4603 quoque
2353 4529 2427 4586 ad
2452 4530 2850 4585 resistendum
2865 4530 3025 4587 bello
3039 4533 3284 4603 paravit,
3305 4535 3624 4606 copiasque
3638 4550 3738 4589 nc-

324 4637 398 4689 μα
427 4617 502 4688 τῇ
536 4617 750 4695 κεφαλῇ
806 4619 1107 4694 περιέθετο,
1160 4619 1251 4674 καὶ
1283 4618 1638 4694 αὐτοκράτωρ
1670 4617 1724 4674 ἐν
1753 4622 1972 4676 Ἀντιο-

2088 4635 2388 4692 quaquam
2420 4618 2732 4674 certamini
2765 4635 2938 4692 pares
2969 4637 3104 4676 cum
3135 4621 3283 4677 duce
3310 4622 3511 4677 emisit
3539 4639 3552 4688 ;
3587 4638 3734 4692 quas

321 4704 449 4780 χείᾳ
504 4705 888 4780 ἀναγορεύεται
947 4708 1092 4782 παρᾶ
1141 4712 1239 4764 τοῦ
1292 4711 1588 4779 τηνικαῦτα
1645 4709 1744 4778 τήν
1805 4708 1978 4764 ἐκεῖσε

320 4793 712 4866 ποιμαίνοντος
741 4796 1067 4868 Ἐκκλησίαν
1129 4793 1277 4856 Ἰώϐ.
1335 4803 1510 4873 Χεῖρα
1541 4795 1597 4853 δὲ
1622 4795 1840 4867 πολλὴν
1873 4797 1972 4853 αύ-

319 4882 412 4945 τός
440 4904 498 4938 τε
530 4881 786 4960 συλλέγει
819 4886 907 4941 καὶ
964 4887 1111 4962 παρὰ
1165 4890 1276 4942 τῶν
1333 4889 1648 4966 Ἀγαρηνῶν
1678 4882 1970 4962 Λαμϐάνει,

321 4971 384 5028 ού
420 4973 587 5046 μόνον
619 4971 678 5029 δὶ
705 4979 812 5029 τῶν
862 4976 1171 5051 προσοίκων
1224 4979 1385 5051 ἡμῖν,
1445 4975 1592 5032 αλλὰ
1645 4977 1735 5033 καὶ
1769 4981 1877 5033 τῶν
1911 4975 1971 5034 ἔκ

315 5068 419 5132 τῆς
449 5061 676 5137 περαίας
704 5063 1044 5137 Λῖγυπτίων,
1076 5061 1282 5138 Ἰνδῶν,
1334 5070 1578 5140 Περσῶν,
1639 5066 1967 5141 Ἀσσυρίων,

313 5149 644 5225 Ἀρμενίων,
673 5148 986 5222 Χαλδαίων,
1021 5147 1274 5230 Ἰϐήρων,
1329 5158 1543 5230 Ζικχῶν
1587 5157 1694 5227 (70)
1723 5155 1814 5210 καὶ
1849 5158 1966 5212 Κα-

2085 4723 2438 4781 congressus
2459 4706 2664 4778 praalio
2684 4707 2938 4762 Thomas
2959 4709 3195 4780 penitus
3217 4709 3540 4781 dissipavit,
3565 4715 3730 4780 parte

2081 4798 2299 4862 occisa,
2330 4795 2573 4868 partein
2587 4795 2783 4867 fugam
2799 4797 3086 4870 conjecta.
3119 4799 3260 4853 Post
3289 4796 3732 4852 hmclicentiam

2081 4892 2290 4942 nactus
2323 4901 2459 4940 suas
2489 4883 2740 4940 validius
2759 4886 3153 4950 confirmavit,
3175 4901 3350 4940 naves
3374 4886 3448 4940 ad
3471 4899 3731 4957 pugnam

2079 4976 2346 5046 aliasque
2378 4974 2678 5030 frumento
2714 4978 2774 5029 et
2821 4974 2991 5044 equis
3019 4973 3303 5028 vehendis
3333 4979 3502 5045 aptas
3557 4989 3729 5028 cons-

2079 5071 2303 5121 truens.
2339 5063 2492 5129 Quin
2552 5067 2610 5117 et
2663 5062 3107 5134 imperatoriam
3165 5061 3318 5116 879
3377 5061 3630 5117 classem
3663 5062 3728 5118 in

2077 5170 2246 5210 suam
2276 5154 2629 5224 potestatem
2655 5149 2900 5222 redegit,
2933 5165 3255 5220 omnesque
3286 5167 3466 5205 naves
3491 5151 3566 5205 ad
3599 5151 3728 5208 Les-

310 5233 501 5315 ϐήρων
533 5243 668 5316 (71).
699 5241 930 5306 Τούτοις
968 5242 1134 5299 ἅπασι
1185 5243 1600 5320 κατοχυρωθεὶς
1652 5245 1740 5301 καὶ
1774 5245 1961 5301 ἑαυτὸν

2088 5261 2216 5300 σιω]
2249 5239 2646 5314 congregavit.
2674 5237 2896 5294 Deinde
2928 5254 3062 5294 cum
3094 5239 3391 5311 octoginta
3419 5238 3729 5296 hominum

1520 5374 1878 5430 XYLANDRI
1915 5373 2002 5428 ET
2035 5369 2252 5427 GOARI
2289 5366 2511 5422 NOTAE.

385 5467 496 5547 (ἶο)
526 5469 689 5525 Inter
705 5471 1024 5547 )Sarmatas
1062 5471 1353 5547 Asiaticos
1396 5471 1638 5547 Ξίγχους
1689 5475 1966 5547 ηυξῐιθτᾷῒ

314 5536 665 5615 Plolemaaus
695 5543 899 5615 Geogr.
934 5547 985 5611 5,
1020 5547 1072 5600 9.
1128 5545 1353 5615 Russis,
1387 5536 1657 5615 Cha's'aris
1689 5548 1747 5598 et
1777 5543 1964 5615 Patzi-

2146 5468 2259 5534 (Ἠ)
2293 5465 2412 5535 llos
2445 5460 2674 5535 Scythis
2705 5460 2974 5535 adjungit
3004 5461 3338 5534 Stephanus
3367 5483 3437 5521 ex
3485 5471 3730 5522 senten-

2075 5531 2162 5594 tia
2185 5533 2432 5590 Eudoxi.
2494 5531 2754 5589 Cabaros
2779 5531 2977 5590 'vocat
3032 5531 3457 5594 Constantinus
3487 5555 3536 5594 c.
3571 5541 3638 5595 39
3671 5546 3730 5595 et

312 5608 563 5665 nacibus
595 5608 1003 5672 Chersone‘siis
1045 5615 1271 5672 vicinos
1327 5608 1486 5671 locat
1539 5614 1964 5672 Constantinus
2071 5612 2141 5666 40
2171 5609 2344 5663 (ῖιοΑιι.

313 5695 367 5736 ο.
397 5681 456 5748 6,
483 5696 703 5755 eosque
732 5685 934 5760 Ζίχους
962 5692 1149 5744 vocat.
1173 5688 1346 5744 Gon.
