  <div class='ocr_page' id='page_1' title='image "/cluster/home/n/w/nwhite01/storage/ocr_20150623/121/hvd.32044073502478/487.png"; bbox 0 0 2062 3105; ppageno 0'>
   <div class='ocr_carea' id='block_1_1' title="bbox 0 2770 8 2865">
    <p class='ocr_par' dir='ltr' id='par_1_1' title="bbox 0 2770 8 2865">
     <span class='ocr_line' id='line_1_1' title="bbox 0 2770 7 2797; baseline 0 0"><span class='ocrx_word' id='word_1_1' title='bbox 0 2770 7 2797; x_wconf 76' lang='grc' dir='ltr'>ε</span> 
     </span>
     <span class='ocr_line' id='line_1_2' title="bbox 0 2830 8 2865; baseline 0 0"><span class='ocrx_word' id='word_1_2' title='bbox 0 2830 8 2865; x_wconf 69' lang='grc' dir='ltr'><strong>ἱ</strong></span> 
     </span>
    </p>
   </div>
   <div class='ocr_carea' id='block_1_2' title="bbox 0 2812 39 2997">
    <p class='ocr_par' dir='ltr' id='par_1_2' title="bbox 0 2812 20 2825">
     <span class='ocr_line' id='line_1_3' title="bbox 0 2812 20 2825; baseline 0 -3"><span class='ocrx_word' id='word_1_3' title='bbox 0 2818 4 2825; x_wconf 70' lang='grc' dir='ltr'>ι</span> <span class='ocrx_word' id='word_1_4' title='bbox 14 2812 20 2822; x_wconf 62' lang='grc' dir='ltr'>¹ι</span> 
     </span>
    </p>

    <p class='ocr_par' dir='ltr' id='par_1_3' title="bbox 0 2827 39 2997">
     <span class='ocr_line' id='line_1_4' title="bbox 0 2827 30 2865; baseline 0 0"><span class='ocrx_word' id='word_1_5' title='bbox 0 2827 30 2865; x_wconf 48' lang='lat' dir='ltr'>va</span> 
     </span>
     <span class='ocr_line' id='line_1_5' title="bbox 0 2876 33 2899; baseline 0 0"><span class='ocrx_word' id='word_1_6' title='bbox 0 2876 33 2899; x_wconf 45' lang='grc' dir='ltr'>ιβ</span> 
     </span>
     <span class='ocr_line' id='line_1_6' title="bbox 0 2902 39 2935; baseline 0 0"><span class='ocrx_word' id='word_1_7' title='bbox 0 2902 39 2935; x_wconf 65' lang='grc' dir='ltr'>ιὶὲ</span> 
     </span>
     <span class='ocr_line' id='line_1_7' title="bbox 0 2934 37 2997; baseline -0.108 0"><span class='ocrx_word' id='word_1_8' title='bbox 0 2934 37 2997; x_wconf 62' lang='grc' dir='ltr'>ἒξ</span> 
     </span>
    </p>
   </div>
   <div class='ocr_carea' id='block_1_3' title="bbox 214 174 1231 210">
    <p class='ocr_par' dir='ltr' id='par_1_4' title="bbox 214 174 1231 210">
     <span class='ocr_line' id='line_1_8' title="bbox 214 174 1231 210; baseline -0.002 0"><span class='ocrx_word' id='word_1_9' title='bbox 214 180 273 210; x_wconf 84' lang='lat'>963</span> <span class='ocrx_word' id='word_1_10' title='bbox 875 174 1033 206; x_wconf 77' lang='lat' dir='ltr'>GEORGII</span> <span class='ocrx_word' id='word_1_11' title='bbox 1056 174 1231 208; x_wconf 67' lang='grc' dir='ltr'>σει)εωῖ</span> 
     </span>
    </p>
   </div>
   <div class='ocr_carea' id='block_1_4' title="bbox 1474 0 2041 226">
    <p class='ocr_par' dir='ltr' id='par_1_5' title="bbox 1486 3 2037 226">
     <span class='ocr_line' id='line_1_9' title="bbox 1486 13 1771 56; baseline -0.004 0"><span class='ocrx_word' id='word_1_12' title='bbox 1486 17 1517 56; x_wconf 45' lang='lat'>.&quot;‘</span> <span class='ocrx_word' id='word_1_13' title='bbox 1540 30 1542 32; x_wconf 81' lang='lat'>&#39;</span> <span class='ocrx_word' id='word_1_14' title='bbox 1562 16 1610 50; x_wconf 83' lang='grc'>-⁴</span> <span class='ocrx_word' id='word_1_15' title='bbox 1624 13 1714 56; x_wconf 45' lang='grc' dir='ltr'>π”ᾪας</span> <span class='ocrx_word' id='word_1_16' title='bbox 1730 33 1741 51; x_wconf 67' lang='grc' dir='ltr'><em>λ</em></span> <span class='ocrx_word' id='word_1_17' title='bbox 1757 48 1771 55; x_wconf 84' lang='grc'>..</span> 
     </span>
     <span class='ocr_line' id='line_1_10' title="bbox 1860 3 2037 226; baseline 0 -13"><span class='ocrx_word' id='word_1_18' title='bbox 1860 177 1924 213; x_wconf 69' lang='lat' dir='ltr'>Im</span> <span class='ocrx_word' id='word_1_19' title='bbox 2003 3 2030 226; x_wconf 80' lang='grc' dir='ltr'><strong>Ι</strong></span> 
     </span>
    </p>
   </div>
   <div class='ocr_carea' id='block_1_5' title="bbox 217 242 1036 282">
    <p class='ocr_par' dir='ltr' id='par_1_6' title="bbox 217 243 1036 281">
     <span class='ocr_line' id='line_1_11' title="bbox 217 243 1036 281; baseline -0.005 -7"><span class='ocrx_word' id='word_1_20' title='bbox 217 246 349 276; x_wconf 84' lang='lat' dir='ltr'>millibus</span> <span class='ocrx_word' id='word_1_21' title='bbox 360 245 496 281; x_wconf 79' lang='lat' dir='ltr'>Abydum</span> <span class='ocrx_word' id='word_1_22' title='bbox 508 245 602 281; x_wconf 78' lang='lat' dir='ltr'>petiit,</span> <span class='ocrx_word' id='word_1_23' title='bbox 615 244 683 272; x_wconf 91' lang='lat' dir='ltr'>inde</span> <span class='ocrx_word' id='word_1_24' title='bbox 698 243 925 280; x_wconf 82' lang='lat' dir='ltr'>trajecturus,in</span> <span class='ocrx_word' id='word_1_25' title='bbox 934 243 1036 270; x_wconf 90' lang='lat' dir='ltr'>itinere</span> 
     </span>
    </p>
   </div>
   <div class='ocr_carea' id='block_1_6' title="bbox 1091 242 1920 282">
    <p class='ocr_par' dir='ltr' id='par_1_7' title="bbox 1096 242 1920 282">
     <span class='ocr_line' id='line_1_12' title="bbox 1096 242 1920 282; baseline 0.004 -13"><span class='ocrx_word' id='word_1_26' title='bbox 1096 243 1262 282; x_wconf 76' lang='grc' dir='ltr'>περιφράξας</span> <span class='ocrx_word' id='word_1_27' title='bbox 1283 242 1394 281; x_wconf 65' lang='grc' dir='ltr'>ἄριστον</span> <span class='ocrx_word' id='word_1_28' title='bbox 1419 242 1542 279; x_wconf 63' lang='grc' dir='ltr'>ἐνόμισεν</span> <span class='ocrx_word' id='word_1_29' title='bbox 1572 245 1640 271; x_wconf 73' lang='grc' dir='ltr'>εἷναι</span> <span class='ocrx_word' id='word_1_30' title='bbox 1667 243 1714 272; x_wconf 81' lang='grc' dir='ltr'>καὶ</span> <span class='ocrx_word' id='word_1_31' title='bbox 1743 244 1848 281; x_wconf 75' lang='grc' dir='ltr'>βοηθὸν</span> <span class='ocrx_word' id='word_1_32' title='bbox 1873 244 1920 272; x_wconf 75' lang='grc' dir='ltr'>καὶ</span> 
     </span>
    </p>
   </div>
   <div class='ocr_carea' id='block_1_7' title="bbox 218 288 1040 326">
    <p class='ocr_par' dir='ltr' id='par_1_8' title="bbox 218 288 1040 326">
     <span class='ocr_line' id='line_1_13' title="bbox 218 288 1040 326; baseline -0.006 -7"><span class='ocrx_word' id='word_1_33' title='bbox 218 292 320 320; x_wconf 80' lang='lat' dir='ltr'>omnia</span> <span class='ocrx_word' id='word_1_34' title='bbox 334 290 501 326; x_wconf 70' lang='lat' dir='ltr'>populatus,</span> <span class='ocrx_word' id='word_1_35' title='bbox 518 291 607 325; x_wconf 85' lang='lat' dir='ltr'>inque</span> <span class='ocrx_word' id='word_1_36' title='bbox 624 290 755 317; x_wconf 84' lang='lat' dir='ltr'>cinerem</span> <span class='ocrx_word' id='word_1_37' title='bbox 771 289 897 317; x_wconf 86' lang='lat' dir='ltr'>redactis</span> <span class='ocrx_word' id='word_1_38' title='bbox 912 296 972 315; x_wconf 90' lang='lat' dir='ltr'>non</span> <span class='ocrx_word' id='word_1_39' title='bbox 989 288 1040 314; x_wconf 90' lang='lat' dir='ltr'>hu—</span> 
     </span>
    </p>
   </div>
   <div class='ocr_carea' id='block_1_8' title="bbox 218 332 1038 370">
    <p class='ocr_par' dir='ltr' id='par_1_9' title="bbox 218 332 1038 370">
     <span class='ocr_line' id='line_1_14' title="bbox 218 332 1038 370; baseline -0.006 -6"><span class='ocrx_word' id='word_1_40' title='bbox 218 336 337 365; x_wconf 87' lang='lat' dir='ltr'>milibus</span> <span class='ocrx_word' id='word_1_41' title='bbox 349 335 436 362; x_wconf 91' lang='lat' dir='ltr'>modo</span> <span class='ocrx_word' id='word_1_42' title='bbox 445 337 475 362; x_wconf 91' lang='lat' dir='ltr'>et</span> <span class='ocrx_word' id='word_1_43' title='bbox 485 337 570 370; x_wconf 84' lang='lat' dir='ltr'>captu</span> <span class='ocrx_word' id='word_1_44' title='bbox 583 334 726 362; x_wconf 81' lang='lat' dir='ltr'>facilibus.</span> <span class='ocrx_word' id='word_1_45' title='bbox 743 334 795 361; x_wconf 90' lang='lat' dir='ltr'>sed</span> <span class='ocrx_word' id='word_1_46' title='bbox 810 336 840 360; x_wconf 90' lang='lat' dir='ltr'>et</span> <span class='ocrx_word' id='word_1_47' title='bbox 850 333 914 360; x_wconf 90' lang='lat' dir='ltr'>loco</span> <span class='ocrx_word' id='word_1_48' title='bbox 927 332 1038 368; x_wconf 87' lang='lat' dir='ltr'>optimo</span> 
     </span>
    </p>
   </div>
   <div class='ocr_carea' id='block_1_9' title="bbox 217 375 1039 415">
    <p class='ocr_par' dir='ltr' id='par_1_10' title="bbox 217 375 1039 415">
     <span class='ocr_line' id='line_1_15' title="bbox 217 375 1039 415; baseline -0.006 -7"><span class='ocrx_word' id='word_1_49' title='bbox 217 381 282 408; x_wconf 84' lang='lat' dir='ltr'>sitis</span> <span class='ocrx_word' id='word_1_50' title='bbox 298 389 330 407; x_wconf 84' lang='lat' dir='ltr'>ac</span> <span class='ocrx_word' id='word_1_51' title='bbox 346 382 515 415; x_wconf 73' lang='lat' dir='ltr'>expugnata</span> <span class='ocrx_word' id='word_1_52' title='bbox 532 378 702 406; x_wconf 85' lang='lat' dir='ltr'>difﬁcilimis</span> <span class='ocrx_word' id='word_1_53' title='bbox 730 378 843 406; x_wconf 81' lang='lat' dir='ltr'>castris.</span> <span class='ocrx_word' id='word_1_54' title='bbox 860 378 929 405; x_wconf 88' lang='lat' dir='ltr'>Erat</span> <span class='ocrx_word' id='word_1_55' title='bbox 944 375 1039 412; x_wconf 86' lang='lat' dir='ltr'>quod-</span> 
     </span>
    </p>
   </div>
   <div class='ocr_carea' id='block_1_10' title="bbox 216 422 1038 457">
    <p class='ocr_par' dir='ltr' id='par_1_11' title="bbox 216 422 1038 457">
     <span class='ocr_line' id='line_1_16' title="bbox 216 422 1038 457; baseline -0.005 -5"><span class='ocrx_word' id='word_1_56' title='bbox 216 425 284 452; x_wconf 84' lang='lat' dir='ltr'>dam</span> <span class='ocrx_word' id='word_1_57' title='bbox 301 424 456 452; x_wconf 77' lang='lat' dir='ltr'>castellum</span> <span class='ocrx_word' id='word_1_58' title='bbox 469 424 615 450; x_wconf 88' lang='lat' dir='ltr'>munitum</span> <span class='ocrx_word' id='word_1_59' title='bbox 632 423 688 450; x_wconf 88' lang='lat' dir='ltr'>loci</span> <span class='ocrx_word' id='word_1_60' title='bbox 700 425 816 454; x_wconf 85' lang='lat' dir='ltr'>natura,</span> <span class='ocrx_word' id='word_1_61' title='bbox 838 422 918 457; x_wconf 90' lang='lat' dir='ltr'>quod</span> <span class='ocrx_word' id='word_1_62' title='bbox 939 422 1038 456; x_wconf 91' lang='lat' dir='ltr'>impe-</span> 
     </span>
    </p>
   </div>
   <div class='ocr_carea' id='block_1_11' title="bbox 216 466 1038 503">
    <p class='ocr_par' dir='ltr' id='par_1_12' title="bbox 216 466 1038 503">
     <span class='ocr_line' id='line_1_17' title="bbox 216 466 1038 503; baseline -0.004 -7"><span class='ocrx_word' id='word_1_63' title='bbox 216 469 307 497; x_wconf 85' lang='lat' dir='ltr'>ratori</span> <span class='ocrx_word' id='word_1_64' title='bbox 319 469 406 496; x_wconf 79' lang='lat' dir='ltr'>fidem</span> <span class='ocrx_word' id='word_1_65' title='bbox 417 468 561 496; x_wconf 79' lang='lat' dir='ltr'>servabat.</span> <span class='ocrx_word' id='word_1_66' title='bbox 574 468 617 495; x_wconf 75' lang='lat' dir='ltr'>Ad</span> <span class='ocrx_word' id='word_1_67' title='bbox 628 468 683 495; x_wconf 89' lang='lat' dir='ltr'>hoc</span> <span class='ocrx_word' id='word_1_68' title='bbox 694 467 871 503; x_wconf 89' lang='lat' dir='ltr'>capiendum</span> <span class='ocrx_word' id='word_1_69' title='bbox 884 466 1038 501; x_wconf 80' lang='lat' dir='ltr'>adoptivus</span> 
     </span>
    </p>
   </div>
   <div class='ocr_carea' id='block_1_12' title="bbox 216 511 1040 548">
    <p class='ocr_par' dir='ltr' id='par_1_13' title="bbox 216 511 1040 548">
     <span class='ocr_line' id='line_1_18' title="bbox 216 511 1040 548; baseline -0.006 -6"><span class='ocrx_word' id='word_1_70' title='bbox 216 514 267 542; x_wconf 89' lang='lat' dir='ltr'>ille</span> <span class='ocrx_word' id='word_1_71' title='bbox 284 514 364 541; x_wconf 86' lang='lat' dir='ltr'>ﬁlius</span> <span class='ocrx_word' id='word_1_72' title='bbox 379 513 496 541; x_wconf 61' lang='lat' dir='ltr'>Thomas</span> <span class='ocrx_word' id='word_1_73' title='bbox 512 521 529 540; x_wconf 88' lang='lat' dir='ltr'>a</span> <span class='ocrx_word' id='word_1_74' title='bbox 540 515 622 548; x_wconf 83' lang='lat' dir='ltr'>patre</span> <span class='ocrx_word' id='word_1_75' title='bbox 638 512 756 546; x_wconf 86' lang='lat' dir='ltr'>missus,</span> <span class='ocrx_word' id='word_1_76' title='bbox 773 512 843 539; x_wconf 89' lang='lat' dir='ltr'>dum</span> <span class='ocrx_word' id='word_1_77' title='bbox 859 511 1000 539; x_wconf 88' lang='lat' dir='ltr'>audacius</span> <span class='ocrx_word' id='word_1_78' title='bbox 1011 512 1040 537; x_wconf 90' lang='lat' dir='ltr'>et</span> 
     </span>
    </p>
   </div>
   <div class='ocr_carea' id='block_1_13' title="bbox 217 555 1039 592">
    <p class='ocr_par' dir='ltr' id='par_1_14' title="bbox 217 555 1039 592">
     <span class='ocr_line' id='line_1_19' title="bbox 217 555 1039 592; baseline -0.006 -5"><span class='ocrx_word' id='word_1_79' title='bbox 217 558 300 588; x_wconf 92' lang='lat' dir='ltr'>nullo</span> <span class='ocrx_word' id='word_1_80' title='bbox 317 566 438 586; x_wconf 91' lang='lat' dir='ltr'>suorum</span> <span class='ocrx_word' id='word_1_81' title='bbox 455 558 601 585; x_wconf 85' lang='lat' dir='ltr'>instructo</span> <span class='ocrx_word' id='word_1_82' title='bbox 617 557 721 584; x_wconf 85' lang='lat' dir='ltr'>ordine</span> <span class='ocrx_word' id='word_1_83' title='bbox 751 557 874 592; x_wconf 81' lang='lat' dir='ltr'>equitat,</span> <span class='ocrx_word' id='word_1_84' title='bbox 905 555 1039 583; x_wconf 86' lang='lat' dir='ltr'>hostibus</span> 
     </span>
    </p>
   </div>
   <div class='ocr_carea' id='block_1_14' title="bbox 218 599 1039 637">
    <p class='ocr_par' dir='ltr' id='par_1_15' title="bbox 218 599 1039 637">
     <span class='ocr_line' id='line_1_20' title="bbox 218 599 1039 637; baseline -0.007 -5"><span class='ocrx_word' id='word_1_85' title='bbox 218 604 332 632; x_wconf 90' lang='lat' dir='ltr'>nudum</span> <span class='ocrx_word' id='word_1_86' title='bbox 362 602 516 630; x_wconf 86' lang='lat' dir='ltr'>castellum</span> <span class='ocrx_word' id='word_1_87' title='bbox 547 602 694 637; x_wconf 81' lang='lat' dir='ltr'>opinatus,</span> <span class='ocrx_word' id='word_1_88' title='bbox 724 602 753 628; x_wconf 92' lang='lat' dir='ltr'>in</span> <span class='ocrx_word' id='word_1_89' title='bbox 782 600 905 628; x_wconf 84' lang='lat' dir='ltr'>insidias</span> <span class='ocrx_word' id='word_1_90' title='bbox 925 599 1039 627; x_wconf 88' lang='lat' dir='ltr'>Olbiani</span> 
     </span>
    </p>
   </div>
   <div class='ocr_carea' id='block_1_15' title="bbox 217 645 1040 683">
    <p class='ocr_par' dir='ltr' id='par_1_16' title="bbox 217 645 1040 683">
     <span class='ocr_line' id='line_1_21' title="bbox 217 645 1040 683; baseline -0.006 -7"><span class='ocrx_word' id='word_1_91' title='bbox 217 649 357 683; x_wconf 88' lang='lat' dir='ltr'>delapsus</span> <span class='ocrx_word' id='word_1_92' title='bbox 372 649 486 675; x_wconf 84' lang='lat' dir='ltr'>atroces</span> <span class='ocrx_word' id='word_1_93' title='bbox 498 647 674 673; x_wconf 82' lang='lat' dir='ltr'>temeritatis</span> <span class='ocrx_word' id='word_1_94' title='bbox 684 654 784 681; x_wconf 73' lang='lat' dir='ltr'>pmnas</span> <span class='ocrx_word' id='word_1_95' title='bbox 800 645 890 673; x_wconf 83' lang='lat' dir='ltr'>dedit.</span> <span class='ocrx_word' id='word_1_96' title='bbox 907 645 979 672; x_wconf 86' lang='lat' dir='ltr'>Nam</span> <span class='ocrx_word' id='word_1_97' title='bbox 995 652 1040 671; x_wconf 89' lang='lat' dir='ltr'>ca-</span> 
     </span>
    </p>
   </div>
   <div class='ocr_carea' id='block_1_16' title="bbox 214 689 1038 729">
    <p class='ocr_par' dir='ltr' id='par_1_17' title="bbox 214 689 1038 729">
     <span class='ocr_line' id='line_1_22' title="bbox 214 689 1038 729; baseline -0.006 -9"><span class='ocrx_word' id='word_1_98' title='bbox 214 696 269 729; x_wconf 86' lang='lat' dir='ltr'>put</span> <span class='ocrx_word' id='word_1_99' title='bbox 279 693 303 728; x_wconf 90' lang='lat' dir='ltr'>ej</span> <span class='ocrx_word' id='word_1_100' title='bbox 309 700 344 720; x_wconf 90' lang='lat' dir='ltr'>us</span> <span class='ocrx_word' id='word_1_101' title='bbox 351 694 525 727; x_wconf 79' lang='lat' dir='ltr'>prmsectum</span> <span class='ocrx_word' id='word_1_102' title='bbox 533 691 674 718; x_wconf 88' lang='lat' dir='ltr'>Olbianus</span> <span class='ocrx_word' id='word_1_103' title='bbox 683 691 719 718; x_wconf 86' lang='lat' dir='ltr'>ad</span> <span class='ocrx_word' id='word_1_104' title='bbox 730 689 1038 725; x_wconf 85' lang='lat' dir='ltr'>imperatorem,isque</span> 
     </span>
    </p>
   </div>
   <div class='ocr_carea' id='block_1_17' title="bbox 215 733 1037 771">
    <p class='ocr_par' dir='ltr' id='par_1_18' title="bbox 215 733 1037 771">
     <span class='ocr_line' id='line_1_23' title="bbox 215 733 1037 771; baseline -0.006 -6"><span class='ocrx_word' id='word_1_105' title='bbox 215 737 254 766; x_wconf 83' lang='lat' dir='ltr'>ad</span> <span class='ocrx_word' id='word_1_106' title='bbox 267 737 408 764; x_wconf 89' lang='lat' dir='ltr'>Thomam</span> <span class='ocrx_word' id='word_1_107' title='bbox 420 736 559 763; x_wconf 86' lang='lat' dir='ltr'>ferociter</span> <span class='ocrx_word' id='word_1_108' title='bbox 569 744 602 763; x_wconf 91' lang='lat' dir='ltr'>ac</span> <span class='ocrx_word' id='word_1_109' title='bbox 612 735 737 771; x_wconf 86' lang='lat' dir='ltr'>superbe</span> <span class='ocrx_word' id='word_1_110' title='bbox 747 734 935 762; x_wconf 85' lang='lat' dir='ltr'>invadentem</span> <span class='ocrx_word' id='word_1_111' title='bbox 946 733 1037 760; x_wconf 90' lang='lat' dir='ltr'>misit.</span> 
     </span>
    </p>
   </div>
   <div class='ocr_carea' id='block_1_18' title="bbox 214 777 1038 816">
    <p class='ocr_par' dir='ltr' id='par_1_19' title="bbox 214 777 1038 816">
     <span class='ocr_line' id='line_1_24' title="bbox 214 777 1038 816; baseline -0.005 -7"><span class='ocrx_word' id='word_1_112' title='bbox 214 782 341 810; x_wconf 85' lang='lat' dir='ltr'>Thomas</span> <span class='ocrx_word' id='word_1_113' title='bbox 358 781 411 808; x_wconf 80' lang='lat' dir='ltr'>filii</span> <span class='ocrx_word' id='word_1_114' title='bbox 428 780 523 816; x_wconf 82' lang='lat' dir='ltr'>capite</span> <span class='ocrx_word' id='word_1_115' title='bbox 539 783 658 816; x_wconf 85' lang='lat' dir='ltr'>accepto</span> <span class='ocrx_word' id='word_1_116' title='bbox 674 780 749 807; x_wconf 82' lang='lat' dir='ltr'>nihil</span> <span class='ocrx_word' id='word_1_117' title='bbox 773 779 808 807; x_wconf 90' lang='lat' dir='ltr'>de</span> <span class='ocrx_word' id='word_1_118' title='bbox 825 778 935 806; x_wconf 85' lang='lat' dir='ltr'>ferocia</span> <span class='ocrx_word' id='word_1_119' title='bbox 951 777 1038 805; x_wconf 91' lang='lat' dir='ltr'>dimi-</span> 
     </span>
    </p>
   </div>
   <div class='ocr_carea' id='block_1_19' title="bbox 215 822 1039 861">
    <p class='ocr_par' dir='ltr' id='par_1_20' title="bbox 215 822 1039 861">
     <span class='ocr_line' id='line_1_25' title="bbox 215 822 1039 861; baseline -0.006 -7"><span class='ocrx_word' id='word_1_120' title='bbox 215 835 321 861; x_wconf 88' lang='lat' dir='ltr'>nuens,</span> <span class='ocrx_word' id='word_1_121' title='bbox 338 834 355 854; x_wconf 88' lang='lat' dir='ltr'>a</span> <span class='ocrx_word' id='word_1_122' title='bbox 369 826 433 854; x_wconf 95' lang='lat' dir='ltr'>loco</span> <span class='ocrx_word' id='word_1_123' title='bbox 449 826 496 853; x_wconf 93' lang='lat' dir='ltr'>cui</span> <span class='ocrx_word' id='word_1_124' title='bbox 513 826 686 853; x_wconf 88' lang='lat' dir='ltr'>Horcosium</span> <span class='ocrx_word' id='word_1_125' title='bbox 707 825 735 860; x_wconf 91' lang='lat' dir='ltr'>(a</span> <span class='ocrx_word' id='word_1_126' title='bbox 746 824 936 860; x_wconf 88' lang='lat' dir='ltr'>juramentis,</span> <span class='ocrx_word' id='word_1_127' title='bbox 948 826 981 850; x_wconf 90' lang='lat' dir='ltr'>ut</span> <span class='ocrx_word' id='word_1_128' title='bbox 996 822 1039 849; x_wconf 84' lang='lat' dir='ltr'>vi-</span> 
     </span>
    </p>
   </div>
   <div class='ocr_carea' id='block_1_20' title="bbox 215 866 1040 908">
    <p class='ocr_par' dir='ltr' id='par_1_21' title="bbox 215 866 1040 908">
     <span class='ocr_line' id='line_1_26' title="bbox 215 866 1040 908; baseline -0.008 -7"><span class='ocrx_word' id='word_1_129' title='bbox 215 872 312 908; x_wconf 89' lang='lat' dir='ltr'>detur)</span> <span class='ocrx_word' id='word_1_130' title='bbox 329 880 438 899; x_wconf 86' lang='lat' dir='ltr'>nomen</span> <span class='ocrx_word' id='word_1_131' title='bbox 464 874 508 898; x_wconf 88' lang='lat' dir='ltr'>est</span> <span class='ocrx_word' id='word_1_132' title='bbox 537 871 567 898; x_wconf 86' lang='lat' dir='ltr'>in</span> <span class='ocrx_word' id='word_1_133' title='bbox 580 871 735 898; x_wconf 82' lang='lat' dir='ltr'>Thraciam</span> <span class='ocrx_word' id='word_1_134' title='bbox 750 869 869 905; x_wconf 84' lang='lat' dir='ltr'>trajicit,</span> <span class='ocrx_word' id='word_1_135' title='bbox 887 871 973 896; x_wconf 89' lang='lat' dir='ltr'>nocte</span> <span class='ocrx_word' id='word_1_136' title='bbox 1002 866 1040 894; x_wconf 89' lang='lat' dir='ltr'>ad</span> 
     </span>
    </p>
   </div>
   <div class='ocr_carea' id='block_1_21' title="bbox 215 913 1040 952">
    <p class='ocr_par' dir='ltr' id='par_1_22' title="bbox 215 913 1040 952">
     <span class='ocr_line' id='line_1_27' title="bbox 215 913 1040 952; baseline -0.01 -6"><span class='ocrx_word' id='word_1_137' title='bbox 215 919 272 946; x_wconf 92' lang='lat' dir='ltr'>hoc</span> <span class='ocrx_word' id='word_1_138' title='bbox 287 926 370 951; x_wconf 91' lang='lat' dir='ltr'>usus,</span> <span class='ocrx_word' id='word_1_139' title='bbox 387 924 445 952; x_wconf 88' lang='lat' dir='ltr'>qua</span> <span class='ocrx_word' id='word_1_140' title='bbox 460 916 532 943; x_wconf 84' lang='lat' dir='ltr'>luna</span> <span class='ocrx_word' id='word_1_141' title='bbox 548 915 584 943; x_wconf 89' lang='lat' dir='ltr'>ob</span> <span class='ocrx_word' id='word_1_142' title='bbox 600 923 686 943; x_wconf 91' lang='lat' dir='ltr'>suum</span> <span class='ocrx_word' id='word_1_143' title='bbox 701 923 769 942; x_wconf 85' lang='lat' dir='ltr'>cum</span> <span class='ocrx_word' id='word_1_144' title='bbox 781 914 842 941; x_wconf 90' lang='lat' dir='ltr'>sole</span> <span class='ocrx_word' id='word_1_145' title='bbox 858 913 968 940; x_wconf 87' lang='lat' dir='ltr'>coitum</span> <span class='ocrx_word' id='word_1_146' title='bbox 979 919 1040 939; x_wconf 91' lang='lat' dir='ltr'>non</span> 
     </span>
    </p>
   </div>
   <div class='ocr_carea' id='block_1_22' title="bbox 214 959 1039 1001">
    <p class='ocr_par' dir='ltr' id='par_1_23' title="bbox 214 959 1039 1001">
     <span class='ocr_line' id='line_1_28' title="bbox 214 959 1039 1001; baseline -0.008 -10"><span class='ocrx_word' id='word_1_147' title='bbox 214 963 302 991; x_wconf 87' lang='lat' dir='ltr'>lucet.</span> <span class='ocrx_word' id='word_1_148' title='bbox 324 964 432 990; x_wconf 88' lang='lat' dir='ltr'>Verum</span> <span class='ocrx_word' id='word_1_149' title='bbox 445 970 479 989; x_wconf 91' lang='lat' dir='ltr'>ea</span> <span class='ocrx_word' id='word_1_150' title='bbox 493 969 540 1001; x_wconf 59' lang='lat' dir='ltr'>res</span> <span class='ocrx_word' id='word_1_151' title='bbox 556 960 697 988; x_wconf 84' lang='lat' dir='ltr'>Michaelo</span> <span class='ocrx_word' id='word_1_152' title='bbox 713 968 792 987; x_wconf 79' lang='lat' dir='ltr'>curae</span> <span class='ocrx_word' id='word_1_153' title='bbox 811 959 926 991; x_wconf 84' lang='lat' dir='ltr'>fuerat;</span> <span class='ocrx_word' id='word_1_154' title='bbox 948 960 1039 992; x_wconf 89' lang='lat' dir='ltr'>utque</span> 
     </span>
    </p>
   </div>
   <div class='ocr_carea' id='block_1_23' title="bbox 214 1002 1038 1042">
    <p class='ocr_par' dir='ltr' id='par_1_24' title="bbox 214 1002 1038 1042">
     <span class='ocr_line' id='line_1_29' title="bbox 214 1002 1038 1042; baseline -0.007 -8"><span class='ocrx_word' id='word_1_155' title='bbox 214 1008 280 1042; x_wconf 86' lang='lat' dir='ltr'>ejus</span> <span class='ocrx_word' id='word_1_156' title='bbox 295 1007 454 1034; x_wconf 81' lang='lat' dir='ltr'>adventum</span> <span class='ocrx_word' id='word_1_157' title='bbox 471 1004 655 1040; x_wconf 69' lang='lat' dir='ltr'>praeveniret,</span> <span class='ocrx_word' id='word_1_158' title='bbox 667 1004 755 1031; x_wconf 87' lang='lat' dir='ltr'>urbes</span> <span class='ocrx_word' id='word_1_159' title='bbox 771 1002 1038 1035; x_wconf 79' lang='lat' dir='ltr'>refecerat,milites</span> 
     </span>
    </p>
   </div>
   <div class='ocr_carea' id='block_1_24' title="bbox 214 1047 1040 1083">
    <p class='ocr_par' dir='ltr' id='par_1_25' title="bbox 214 1047 1040 1083">
     <span class='ocr_line' id='line_1_30' title="bbox 214 1047 1040 1083; baseline -0.006 -5"><span class='ocrx_word' id='word_1_160' title='bbox 214 1051 451 1083; x_wconf 81' lang='lat' dir='ltr'>conﬁrmaverat,</span> <span class='ocrx_word' id='word_1_161' title='bbox 463 1053 492 1076; x_wconf 90' lang='lat' dir='ltr'>et</span> <span class='ocrx_word' id='word_1_162' title='bbox 502 1049 567 1076; x_wconf 86' lang='lat' dir='ltr'>loca</span> <span class='ocrx_word' id='word_1_163' title='bbox 578 1048 743 1075; x_wconf 80' lang='lat' dir='ltr'>infirmiora</span> <span class='ocrx_word' id='word_1_164' title='bbox 753 1047 928 1075; x_wconf 87' lang='lat' dir='ltr'>muniverat.</span> <span class='ocrx_word' id='word_1_165' title='bbox 941 1047 1040 1078; x_wconf 84' lang='lat' dir='ltr'>Quan-</span> 
     </span>
    </p>
   </div>
   <div class='ocr_carea' id='block_1_25' title="bbox 215 1090 1040 1132">
    <p class='ocr_par' dir='ltr' id='par_1_26' title="bbox 215 1090 1040 1132">
     <span class='ocr_line' id='line_1_31' title="bbox 215 1090 1040 1132; baseline -0.007 -8"><span class='ocrx_word' id='word_1_166' title='bbox 215 1104 305 1132; x_wconf 84' lang='lat' dir='ltr'>quam</span> <span class='ocrx_word' id='word_1_167' title='bbox 322 1095 436 1122; x_wconf 89' lang='lat' dir='ltr'>nullum</span> <span class='ocrx_word' id='word_1_168' title='bbox 448 1095 513 1130; x_wconf 87' lang='lat' dir='ltr'>ejus</span> <span class='ocrx_word' id='word_1_169' title='bbox 524 1093 684 1129; x_wconf 71' lang='lat' dir='ltr'>diligentias</span> <span class='ocrx_word' id='word_1_170' title='bbox 704 1093 831 1120; x_wconf 88' lang='lat' dir='ltr'>fructum</span> <span class='ocrx_word' id='word_1_171' title='bbox 843 1092 930 1127; x_wconf 82' lang='lat' dir='ltr'>cepit.</span> <span class='ocrx_word' id='word_1_172' title='bbox 947 1090 1040 1118; x_wconf 89' lang='lat' dir='ltr'>Simul</span> 
     </span>
    </p>
   </div>
   <div class='ocr_carea' id='block_1_26' title="bbox 216 1136 1039 1175">
    <p class='ocr_par' dir='ltr' id='par_1_27' title="bbox 216 1136 1039 1175">
     <span class='ocr_line' id='line_1_32' title="bbox 216 1136 1039 1175; baseline -0.006 -7"><span class='ocrx_word' id='word_1_173' title='bbox 216 1141 294 1168; x_wconf 91' lang='lat' dir='ltr'>enim</span> <span class='ocrx_word' id='word_1_174' title='bbox 307 1143 395 1175; x_wconf 89' lang='lat' dir='ltr'>atque</span> <span class='ocrx_word' id='word_1_175' title='bbox 407 1139 443 1167; x_wconf 83' lang='lat' dir='ltr'>ad</span> <span class='ocrx_word' id='word_1_176' title='bbox 454 1139 559 1166; x_wconf 87' lang='lat' dir='ltr'>urbem</span> <span class='ocrx_word' id='word_1_177' title='bbox 569 1138 658 1166; x_wconf 89' lang='lat' dir='ltr'>rediit</span> <span class='ocrx_word' id='word_1_178' title='bbox 668 1138 734 1165; x_wconf 88' lang='lat' dir='ltr'>etin</span> <span class='ocrx_word' id='word_1_179' title='bbox 748 1137 902 1165; x_wconf 86' lang='lat' dir='ltr'>Thraciam</span> <span class='ocrx_word' id='word_1_180' title='bbox 913 1136 1039 1163; x_wconf 84' lang='lat' dir='ltr'>Thomas</span> 
     </span>
    </p>
   </div>
   <div class='ocr_carea' id='block_1_27' title="bbox 216 1180 1039 1222">
    <p class='ocr_par' dir='ltr' id='par_1_28' title="bbox 216 1180 1039 1222">
     <span class='ocr_line' id='line_1_33' title="bbox 216 1180 1039 1222; baseline -0.007 -9"><span class='ocrx_word' id='word_1_181' title='bbox 216 1185 341 1222; x_wconf 86' lang='lat' dir='ltr'>appulit,</span> <span class='ocrx_word' id='word_1_182' title='bbox 358 1184 487 1212; x_wconf 87' lang='lat' dir='ltr'>universi</span> <span class='ocrx_word' id='word_1_183' title='bbox 501 1183 537 1210; x_wconf 89' lang='lat' dir='ltr'>ab</span> <span class='ocrx_word' id='word_1_184' title='bbox 554 1183 732 1219; x_wconf 84' lang='lat' dir='ltr'>imperatore</span> <span class='ocrx_word' id='word_1_185' title='bbox 748 1182 785 1209; x_wconf 90' lang='lat' dir='ltr'>ad</span> <span class='ocrx_word' id='word_1_186' title='bbox 800 1182 942 1209; x_wconf 89' lang='lat' dir='ltr'>Thomam</span> <span class='ocrx_word' id='word_1_187' title='bbox 957 1180 1039 1207; x_wconf 80' lang='lat' dir='ltr'>defe—</span> 
     </span>
    </p>
   </div>
   <div class='ocr_carea' id='block_1_28' title="bbox 216 1225 1041 1264">
    <p class='ocr_par' dir='ltr' id='par_1_29' title="bbox 216 1225 1041 1264">
     <span class='ocr_line' id='line_1_34' title="bbox 216 1225 1041 1264; baseline -0.007 -6"><span class='ocrx_word' id='word_1_188' title='bbox 216 1232 321 1258; x_wconf 89' lang='lat' dir='ltr'>cerunt</span> <span class='ocrx_word' id='word_1_189' title='bbox 350 1228 444 1264; x_wconf 86' lang='lat' dir='ltr'>parati</span> <span class='ocrx_word' id='word_1_190' title='bbox 469 1236 537 1255; x_wconf 90' lang='lat' dir='ltr'>cum</span> <span class='ocrx_word' id='word_1_191' title='bbox 562 1235 596 1255; x_wconf 89' lang='lat' dir='ltr'>eo</span> <span class='ocrx_word' id='word_1_192' title='bbox 610 1227 714 1262; x_wconf 90' lang='lat' dir='ltr'>Cpolin</span> <span class='ocrx_word' id='word_1_193' title='bbox 730 1229 932 1262; x_wconf 77' lang='lat' dir='ltr'>oppugnatum</span> <span class='ocrx_word' id='word_1_194' title='bbox 948 1225 1041 1261; x_wconf 79' lang='lat' dir='ltr'>profl-</span> 
     </span>
    </p>
   </div>
   <div class='ocr_carea' id='block_1_29' title="bbox 217 1271 1040 1309">
    <p class='ocr_par' dir='ltr' id='par_1_30' title="bbox 217 1271 1040 1309">
     <span class='ocr_line' id='line_1_35' title="bbox 217 1271 1040 1309; baseline -0.007 -6"><span class='ocrx_word' id='word_1_195' title='bbox 217 1274 297 1303; x_wconf 90' lang='lat' dir='ltr'>cisci.</span> <span class='ocrx_word' id='word_1_196' title='bbox 314 1275 488 1309; x_wconf 86' lang='lat' dir='ltr'>Imperator,</span> <span class='ocrx_word' id='word_1_197' title='bbox 505 1275 648 1308; x_wconf 87' lang='lat' dir='ltr'>quantum</span> <span class='ocrx_word' id='word_1_198' title='bbox 666 1272 730 1307; x_wconf 83' lang='lat' dir='ltr'>ejus</span> <span class='ocrx_word' id='word_1_199' title='bbox 746 1272 808 1299; x_wconf 81' lang='lat' dir='ltr'>ﬁeri</span> <span class='ocrx_word' id='word_1_200' title='bbox 833 1271 940 1307; x_wconf 90' lang='lat' dir='ltr'>potuit,</span> <span class='ocrx_word' id='word_1_201' title='bbox 953 1278 1040 1297; x_wconf 82' lang='lat' dir='ltr'>exer-</span> 
     </span>
    </p>
   </div>
   <div class='ocr_carea' id='block_1_30' title="bbox 217 1316 1040 1354">
    <p class='ocr_par' dir='ltr' id='par_1_31' title="bbox 217 1316 1040 1354">
     <span class='ocr_line' id='line_1_36' title="bbox 217 1316 1040 1354; baseline -0.006 -7"><span class='ocrx_word' id='word_1_202' title='bbox 217 1320 308 1348; x_wconf 91' lang='lat' dir='ltr'>citum</span> <span class='ocrx_word' id='word_1_203' title='bbox 325 1319 495 1354; x_wconf 84' lang='lat' dir='ltr'>copiasque,</span> <span class='ocrx_word' id='word_1_204' title='bbox 513 1317 589 1345; x_wconf 81' lang='lat'>880</span> <span class='ocrx_word' id='word_1_205' title='bbox 602 1320 634 1344; x_wconf 92' lang='lat' dir='ltr'>ut</span> <span class='ocrx_word' id='word_1_206' title='bbox 648 1316 812 1349; x_wconf 84' lang='lat' dir='ltr'>videbatur,</span> <span class='ocrx_word' id='word_1_207' title='bbox 839 1324 898 1343; x_wconf 90' lang='lat' dir='ltr'>non</span> <span class='ocrx_word' id='word_1_208' title='bbox 915 1317 1040 1343; x_wconf 85' lang='lat' dir='ltr'>conten-</span> 
     </span>
    </p>
   </div>
   <div class='ocr_carea' id='block_1_31' title="bbox 217 1359 1040 1397">
    <p class='ocr_par' dir='ltr' id='par_1_32' title="bbox 217 1359 1040 1397">
     <span class='ocr_line' id='line_1_37' title="bbox 217 1359 1040 1397; baseline -0.007 -5"><span class='ocrx_word' id='word_1_209' title='bbox 217 1364 331 1392; x_wconf 87' lang='lat' dir='ltr'>nendas</span> <span class='ocrx_word' id='word_1_210' title='bbox 360 1363 520 1395; x_wconf 84' lang='lat' dir='ltr'>conduxit;</span> <span class='ocrx_word' id='word_1_211' title='bbox 551 1370 660 1397; x_wconf 91' lang='lat' dir='ltr'>easque</span> <span class='ocrx_word' id='word_1_212' title='bbox 689 1361 813 1389; x_wconf 86' lang='lat' dir='ltr'>ducibus</span> <span class='ocrx_word' id='word_1_213' title='bbox 847 1359 983 1388; x_wconf 86' lang='lat' dir='ltr'>Catacela</span> <span class='ocrx_word' id='word_1_214' title='bbox 1012 1361 1040 1387; x_wconf 89' lang='lat' dir='ltr'>et</span> 
     </span>
    </p>
   </div>
   <div class='ocr_carea' id='block_1_32' title="bbox 217 1405 1039 1442">
    <p class='ocr_par' dir='ltr' id='par_1_33' title="bbox 217 1405 1039 1442">
     <span class='ocr_line' id='line_1_38' title="bbox 217 1405 1039 1442; baseline -0.007 -5"><span class='ocrx_word' id='word_1_215' title='bbox 217 1409 340 1437; x_wconf 86' lang='lat' dir='ltr'>Olbiano</span> <span class='ocrx_word' id='word_1_216' title='bbox 355 1408 441 1435; x_wconf 87' lang='lat' dir='ltr'>factis</span> <span class='ocrx_word' id='word_1_217' title='bbox 456 1410 582 1442; x_wconf 84' lang='lat' dir='ltr'>tyranno</span> <span class='ocrx_word' id='word_1_218' title='bbox 598 1406 712 1434; x_wconf 85' lang='lat' dir='ltr'>obviam</span> <span class='ocrx_word' id='word_1_219' title='bbox 733 1405 823 1433; x_wconf 87' lang='lat' dir='ltr'>misit.</span> <span class='ocrx_word' id='word_1_220' title='bbox 850 1406 905 1433; x_wconf 77' lang='lat' dir='ltr'>[les</span> <span class='ocrx_word' id='word_1_221' title='bbox 921 1412 1039 1440; x_wconf 86' lang='lat' dir='ltr'>quoque</span> 
     </span>
    </p>
   </div>
   <div class='ocr_carea' id='block_1_33' title="bbox 217 1448 1040 1486">
    <p class='ocr_par' dir='ltr' id='par_1_34' title="bbox 217 1448 1040 1486">
     <span class='ocr_line' id='line_1_39' title="bbox 217 1448 1040 1486; baseline -0.007 -6"><span class='ocrx_word' id='word_1_222' title='bbox 217 1452 382 1480; x_wconf 88' lang='lat' dir='ltr'>maritimas</span> <span class='ocrx_word' id='word_1_223' title='bbox 399 1459 516 1479; x_wconf 91' lang='lat' dir='ltr'>summo</span> <span class='ocrx_word' id='word_1_224' title='bbox 541 1453 648 1478; x_wconf 88' lang='lat' dir='ltr'>conatu</span> <span class='ocrx_word' id='word_1_225' title='bbox 672 1449 847 1486; x_wconf 88' lang='lat' dir='ltr'>procuravit.</span> <span class='ocrx_word' id='word_1_226' title='bbox 874 1448 931 1477; x_wconf 89' lang='lat' dir='ltr'>Sed</span> <span class='ocrx_word' id='word_1_227' title='bbox 945 1449 1040 1476; x_wconf 86' lang='lat' dir='ltr'>instar</span> 
     </span>
    </p>
   </div>
   <div class='ocr_carea' id='block_1_34' title="bbox 216 1494 1038 1528">
    <p class='ocr_par' dir='ltr' id='par_1_35' title="bbox 216 1494 1038 1528">
     <span class='ocr_line' id='line_1_40' title="bbox 216 1494 1038 1528; baseline -0.006 -3"><span class='ocrx_word' id='word_1_228' title='bbox 216 1496 358 1525; x_wconf 87' lang='lat' dir='ltr'>torrentis</span> <span class='ocrx_word' id='word_1_229' title='bbox 373 1496 433 1524; x_wconf 86' lang='lat' dir='ltr'>alto</span> <span class='ocrx_word' id='word_1_230' title='bbox 444 1498 545 1523; x_wconf 87' lang='lat' dir='ltr'>monte</span> <span class='ocrx_word' id='word_1_231' title='bbox 561 1495 747 1523; x_wconf 88' lang='lat' dir='ltr'>decurrentis</span> <span class='ocrx_word' id='word_1_232' title='bbox 764 1494 881 1521; x_wconf 88' lang='lat' dir='ltr'>irruens</span> <span class='ocrx_word' id='word_1_233' title='bbox 894 1495 1038 1528; x_wconf 88' lang='lat' dir='ltr'>tyrannus</span> 
     </span>
    </p>
   </div>
   <div class='ocr_carea' id='block_1_35' title="bbox 215 1538 1040 1576">
    <p class='ocr_par' dir='ltr' id='par_1_36' title="bbox 215 1538 1040 1576">
     <span class='ocr_line' id='line_1_41' title="bbox 215 1538 1040 1576; baseline -0.007 -6"><span class='ocrx_word' id='word_1_234' title='bbox 215 1542 342 1570; x_wconf 91' lang='lat' dir='ltr'>Thomas</span> <span class='ocrx_word' id='word_1_235' title='bbox 362 1544 441 1569; x_wconf 86' lang='lat' dir='ltr'>terra</span> <span class='ocrx_word' id='word_1_236' title='bbox 456 1542 590 1576; x_wconf 87' lang='lat' dir='ltr'>marique</span> <span class='ocrx_word' id='word_1_237' title='bbox 614 1540 760 1567; x_wconf 87' lang='lat' dir='ltr'>exercitus</span> <span class='ocrx_word' id='word_1_238' title='bbox 776 1538 963 1574; x_wconf 83' lang='lat' dir='ltr'>imperatoris</span> <span class='ocrx_word' id='word_1_239' title='bbox 975 1545 1040 1573; x_wconf 83' lang='lat' dir='ltr'>pro-</span> 
     </span>
    </p>
   </div>
   <div class='ocr_carea' id='block_1_36' title="bbox 217 1582 1038 1623">
    <p class='ocr_par' dir='ltr' id='par_1_37' title="bbox 217 1582 1038 1623">
     <span class='ocr_line' id='line_1_42' title="bbox 217 1582 1038 1623; baseline -0.009 -8"><span class='ocrx_word' id='word_1_240' title='bbox 217 1587 337 1623; x_wconf 71' lang='lat' dir='ltr'>(ligavit,</span> <span class='ocrx_word' id='word_1_241' title='bbox 354 1589 529 1621; x_wconf 85' lang='lat' dir='ltr'>tantumque</span> <span class='ocrx_word' id='word_1_242' title='bbox 546 1585 573 1613; x_wconf 91' lang='lat' dir='ltr'>ei</span> <span class='ocrx_word' id='word_1_243' title='bbox 587 1587 728 1612; x_wconf 90' lang='lat' dir='ltr'>terrorem</span> <span class='ocrx_word' id='word_1_244' title='bbox 745 1583 878 1615; x_wconf 83' lang='lat' dir='ltr'>incussit,</span> <span class='ocrx_word' id='word_1_245' title='bbox 895 1585 928 1609; x_wconf 95' lang='lat' dir='ltr'>ut</span> <span class='ocrx_word' id='word_1_246' title='bbox 942 1583 968 1609; x_wconf 89' lang='lat' dir='ltr'>is</span> <span class='ocrx_word' id='word_1_247' title='bbox 978 1582 1038 1609; x_wconf 85' lang='lat' dir='ltr'>fer-</span> 
     </span>
    </p>
   </div>
   <div class='ocr_carea' id='block_1_37' title="bbox 216 1625 1036 1663">
    <p class='ocr_par' dir='ltr' id='par_1_38' title="bbox 216 1625 1036 1663">
     <span class='ocr_line' id='line_1_43' title="bbox 216 1625 1036 1663; baseline -0.01 -4"><span class='ocrx_word' id='word_1_248' title='bbox 216 1639 299 1658; x_wconf 87' lang='lat' dir='ltr'>ream</span> <span class='ocrx_word' id='word_1_249' title='bbox 319 1633 454 1658; x_wconf 85' lang='lat' dir='ltr'>catenam</span> <span class='ocrx_word' id='word_1_250' title='bbox 479 1629 515 1656; x_wconf 87' lang='lat' dir='ltr'>ab</span> <span class='ocrx_word' id='word_1_251' title='bbox 541 1637 607 1656; x_wconf 90' lang='lat' dir='ltr'>arce</span> <span class='ocrx_word' id='word_1_252' title='bbox 623 1628 661 1655; x_wconf 87' lang='lat' dir='ltr'>ad</span> <span class='ocrx_word' id='word_1_253' title='bbox 676 1627 843 1663; x_wconf 89' lang='lat' dir='ltr'>oppositum</span> <span class='ocrx_word' id='word_1_254' title='bbox 866 1625 1036 1661; x_wconf 86' lang='lat' dir='ltr'>oppidulum</span> 
     </span>
    </p>
   </div>
   <div class='ocr_carea' id='block_1_38' title="bbox 216 1669 1036 1707">
    <p class='ocr_par' dir='ltr' id='par_1_39' title="bbox 216 1669 1036 1707">
     <span class='ocr_line' id='line_1_44' title="bbox 216 1669 1036 1707; baseline -0.009 -5"><span class='ocrx_word' id='word_1_255' title='bbox 216 1674 392 1707; x_wconf 88' lang='lat' dir='ltr'>extenderit,</span> <span class='ocrx_word' id='word_1_256' title='bbox 409 1677 442 1701; x_wconf 89' lang='lat' dir='ltr'>ut</span> <span class='ocrx_word' id='word_1_257' title='bbox 463 1673 604 1700; x_wconf 90' lang='lat' dir='ltr'>interiore</span> <span class='ocrx_word' id='word_1_258' title='bbox 624 1672 740 1699; x_wconf 88' lang='lat' dir='ltr'>hostem</span> <span class='ocrx_word' id='word_1_259' title='bbox 756 1670 830 1698; x_wconf 82' lang='lat' dir='ltr'>mari</span> <span class='ocrx_word' id='word_1_260' title='bbox 847 1672 970 1698; x_wconf 87' lang='lat' dir='ltr'>arceret.</span> <span class='ocrx_word' id='word_1_261' title='bbox 989 1669 1036 1696; x_wconf 81' lang='lat' dir='ltr'>Vi-</span> 
     </span>
    </p>
   </div>
   <div class='ocr_carea' id='block_1_39' title="bbox 212 1714 1038 1752">
    <p class='ocr_par' dir='ltr' id='par_1_40' title="bbox 212 1714 1038 1752">
     <span class='ocr_line' id='line_1_45' title="bbox 212 1714 1038 1752; baseline -0.007 -6"><span class='ocrx_word' id='word_1_262' title='bbox 212 1719 299 1746; x_wconf 87' lang='lat' dir='ltr'>vebat</span> <span class='ocrx_word' id='word_1_263' title='bbox 314 1721 375 1745; x_wconf 92' lang='lat' dir='ltr'>tum</span> <span class='ocrx_word' id='word_1_264' title='bbox 392 1718 483 1752; x_wconf 89' lang='lat' dir='ltr'>Scyri,</span> <span class='ocrx_word' id='word_1_265' title='bbox 496 1725 561 1751; x_wconf 64' lang='lat' dir='ltr'>qua?</span> <span class='ocrx_word' id='word_1_266' title='bbox 572 1724 632 1743; x_wconf 92' lang='lat' dir='ltr'>una</span> <span class='ocrx_word' id='word_1_267' title='bbox 642 1715 801 1750; x_wconf 89' lang='lat' dir='ltr'>Gycladum</span> <span class='ocrx_word' id='word_1_268' title='bbox 814 1714 981 1741; x_wconf 89' lang='lat' dir='ltr'>insularum</span> <span class='ocrx_word' id='word_1_269' title='bbox 993 1716 1038 1741; x_wconf 89' lang='lat' dir='ltr'>est</span> 
     </span>
    </p>
   </div>
   <div class='ocr_carea' id='block_1_40' title="bbox 213 1758 1035 1797">
    <p class='ocr_par' dir='ltr' id='par_1_41' title="bbox 213 1758 1035 1797">
     <span class='ocr_line' id='line_1_46' title="bbox 213 1758 1035 1797; baseline -0.006 -7"><span class='ocrx_word' id='word_1_270' title='bbox 213 1762 273 1790; x_wconf 89' lang='lat' dir='ltr'>dux</span> <span class='ocrx_word' id='word_1_271' title='bbox 286 1762 419 1797; x_wconf 87' lang='lat' dir='ltr'>quidam,</span> <span class='ocrx_word' id='word_1_272' title='bbox 438 1761 541 1788; x_wconf 89' lang='lat' dir='ltr'>Leonis</span> <span class='ocrx_word' id='word_1_273' title='bbox 562 1759 750 1795; x_wconf 86' lang='lat' dir='ltr'>imperatoris</span> <span class='ocrx_word' id='word_1_274' title='bbox 776 1758 984 1791; x_wconf 88' lang='lat' dir='ltr'>consobrinus,</span> <span class='ocrx_word' id='word_1_275' title='bbox 1001 1766 1035 1785; x_wconf 87' lang='lat' dir='ltr'>eo</span> 
     </span>
    </p>
   </div>
   <div class='ocr_carea' id='block_1_41' title="bbox 211 1802 1036 1842">
    <p class='ocr_par' dir='ltr' id='par_1_42' title="bbox 211 1802 1036 1842">
     <span class='ocr_line' id='line_1_47' title="bbox 211 1802 1036 1842; baseline -0.006 -8"><span class='ocrx_word' id='word_1_276' title='bbox 211 1806 359 1842; x_wconf 79' lang='lat' dir='ltr'>relegatus</span> <span class='ocrx_word' id='word_1_277' title='bbox 370 1814 387 1833; x_wconf 89' lang='lat' dir='ltr'>a</span> <span class='ocrx_word' id='word_1_278' title='bbox 398 1805 550 1836; x_wconf 81' lang='lat' dir='ltr'>Michaelo,</span> <span class='ocrx_word' id='word_1_279' title='bbox 563 1804 641 1840; x_wconf 90' lang='lat' dir='ltr'>quod</span> <span class='ocrx_word' id='word_1_280' title='bbox 653 1804 679 1831; x_wconf 91' lang='lat' dir='ltr'>ei</span> <span class='ocrx_word' id='word_1_281' title='bbox 690 1804 801 1832; x_wconf 73' lang='lat' dir='ltr'>caedem</span> <span class='ocrx_word' id='word_1_282' title='bbox 814 1803 918 1830; x_wconf 86' lang='lat' dir='ltr'>Leonis</span> <span class='ocrx_word' id='word_1_283' title='bbox 930 1802 1036 1838; x_wconf 67' lang='lat' dir='ltr'>saepius</span> 
     </span>
    </p>
   </div>
   <div class='ocr_carea' id='block_1_42' title="bbox 210 1847 1035 1885">
    <p class='ocr_par' dir='ltr' id='par_1_43' title="bbox 210 1847 1035 1885">
     <span class='ocr_line' id='line_1_48' title="bbox 210 1847 1035 1885; baseline -0.006 -7"><span class='ocrx_word' id='word_1_284' title='bbox 210 1850 304 1878; x_wconf 89' lang='lat' dir='ltr'>libere</span> <span class='ocrx_word' id='word_1_285' title='bbox 319 1850 349 1877; x_wconf 91' lang='lat' dir='ltr'>in</span> <span class='ocrx_word' id='word_1_286' title='bbox 365 1850 471 1877; x_wconf 87' lang='lat' dir='ltr'>faciem</span> <span class='ocrx_word' id='word_1_287' title='bbox 487 1848 688 1885; x_wconf 80' lang='lat' dir='ltr'>exprobasset.</span> <span class='ocrx_word' id='word_1_288' title='bbox 718 1849 802 1875; x_wconf 79' lang='lat' dir='ltr'>Hunc</span> <span class='ocrx_word' id='word_1_289' title='bbox 817 1848 847 1874; x_wconf 92' lang='lat' dir='ltr'>in</span> <span class='ocrx_word' id='word_1_290' title='bbox 863 1847 1035 1874; x_wconf 88' lang='lat' dir='ltr'>societatem</span> 
     </span>
    </p>
   </div>
   <div class='ocr_carea' id='block_1_43' title="bbox 210 1892 1034 1923">
    <p class='ocr_par' dir='ltr' id='par_1_44' title="bbox 210 1892 1034 1923">
     <span class='ocr_line' id='line_1_49' title="bbox 210 1892 1034 1923; baseline -0.006 0"><span class='ocrx_word' id='word_1_291' title='bbox 210 1903 295 1923; x_wconf 89' lang='lat' dir='ltr'>suam</span> <span class='ocrx_word' id='word_1_292' title='bbox 312 1895 457 1923; x_wconf 83' lang='lat' dir='ltr'>adscitum</span> <span class='ocrx_word' id='word_1_293' title='bbox 472 1894 598 1921; x_wconf 87' lang='lat' dir='ltr'>Thomas</span> <span class='ocrx_word' id='word_1_294' title='bbox 618 1893 774 1921; x_wconf 85' lang='lat' dir='ltr'>duodecim</span> <span class='ocrx_word' id='word_1_295' title='bbox 798 1892 918 1920; x_wconf 88' lang='lat' dir='ltr'>milibus</span> <span class='ocrx_word' id='word_1_296' title='bbox 934 1894 1034 1919; x_wconf 79' lang='lat' dir='ltr'>terrue-</span> 
     </span>
    </p>
   </div>
   <div class='ocr_carea' id='block_1_44' title="bbox 211 1936 1035 1975">
    <p class='ocr_par' dir='ltr' id='par_1_45' title="bbox 211 1936 1035 1975">
     <span class='ocr_line' id='line_1_50' title="bbox 211 1936 1035 1975; baseline -0.007 -7"><span class='ocrx_word' id='word_1_297' title='bbox 211 1940 317 1968; x_wconf 87' lang='lat' dir='ltr'>strium</span> <span class='ocrx_word' id='word_1_298' title='bbox 329 1939 480 1975; x_wconf 90' lang='lat' dir='ltr'>copiarum</span> <span class='ocrx_word' id='word_1_299' title='bbox 491 1938 626 1974; x_wconf 69' lang='lat' dir='ltr'>praeﬁcit.</span> <span class='ocrx_word' id='word_1_300' title='bbox 638 1938 769 1965; x_wconf 85' lang='lat' dir='ltr'>Classem</span> <span class='ocrx_word' id='word_1_301' title='bbox 781 1944 899 1972; x_wconf 87' lang='lat' dir='ltr'>quoque</span> <span class='ocrx_word' id='word_1_302' title='bbox 910 1936 1035 1963; x_wconf 85' lang='lat' dir='ltr'>adornat</span> 
     </span>
    </p>
   </div>
   <div class='ocr_carea' id='block_1_45' title="bbox 211 1980 1035 2020">
    <p class='ocr_par' dir='ltr' id='par_1_46' title="bbox 211 1980 1035 2020">
     <span class='ocr_line' id='line_1_51' title="bbox 211 1980 1035 2020; baseline -0.006 -8"><span class='ocrx_word' id='word_1_303' title='bbox 211 1984 363 2020; x_wconf 85' lang='lat' dir='ltr'>aliumque</span> <span class='ocrx_word' id='word_1_304' title='bbox 374 1984 400 2011; x_wconf 91' lang='lat' dir='ltr'>ei</span> <span class='ocrx_word' id='word_1_305' title='bbox 417 1983 529 2011; x_wconf 89' lang='lat' dir='ltr'>ducens</span> <span class='ocrx_word' id='word_1_306' title='bbox 545 1982 679 2018; x_wconf 75' lang='lat' dir='ltr'>prmﬁcit.</span> <span class='ocrx_word' id='word_1_307' title='bbox 694 1982 856 2017; x_wconf 85' lang='lat' dir='ltr'>Utrumque</span> <span class='ocrx_word' id='word_1_308' title='bbox 868 1980 904 2008; x_wconf 89' lang='lat' dir='ltr'>ad</span> <span class='ocrx_word' id='word_1_309' title='bbox 918 1983 1035 2008; x_wconf 88' lang='lat' dir='ltr'>tentan-</span> 
     </span>
    </p>
   </div>
   <div class='ocr_carea' id='block_1_46' title="bbox 209 2024 1033 2064">
    <p class='ocr_par' dir='ltr' id='par_1_47' title="bbox 209 2024 1033 2064">
     <span class='ocr_line' id='line_1_52' title="bbox 209 2024 1033 2064; baseline -0.007 -7"><span class='ocrx_word' id='word_1_310' title='bbox 209 2029 277 2057; x_wconf 85' lang='lat' dir='ltr'>dam</span> <span class='ocrx_word' id='word_1_311' title='bbox 294 2028 398 2064; x_wconf 91' lang='lat' dir='ltr'>Cpolin</span> <span class='ocrx_word' id='word_1_312' title='bbox 415 2028 505 2055; x_wconf 84' lang='lat' dir='ltr'>mittit</span> <span class='ocrx_word' id='word_1_313' title='bbox 519 2027 603 2062; x_wconf 87' lang='lat' dir='ltr'>quasi</span> <span class='ocrx_word' id='word_1_314' title='bbox 628 2033 839 2062; x_wconf 71' lang='lat' dir='ltr'>praacursores,</span> <span class='ocrx_word' id='word_1_315' title='bbox 857 2033 892 2052; x_wconf 85' lang='lat' dir='ltr'>ex</span> <span class='ocrx_word' id='word_1_316' title='bbox 916 2033 947 2051; x_wconf 88' lang='lat' dir='ltr'>re</span> <span class='ocrx_word' id='word_1_317' title='bbox 972 2024 1033 2051; x_wconf 87' lang='lat' dir='ltr'>fore</span> 
     </span>
    </p>
   </div>
   <div class='ocr_carea' id='block_1_47' title="bbox 204 2070 1032 2108">
    <p class='ocr_par' dir='ltr' id='par_1_48' title="bbox 204 2070 1032 2108">
     <span class='ocr_line' id='line_1_53' title="bbox 204 2070 1032 2108; baseline -0.007 -7"><span class='ocrx_word' id='word_1_318' title='bbox 204 2073 356 2108; x_wconf 85' lang='lat' dir='ltr'>judicans,</span> <span class='ocrx_word' id='word_1_319' title='bbox 375 2072 399 2100; x_wconf 88' lang='lat' dir='ltr'>si</span> <span class='ocrx_word' id='word_1_320' title='bbox 415 2072 487 2100; x_wconf 86' lang='lat' dir='ltr'>urbs</span> <span class='ocrx_word' id='word_1_321' title='bbox 502 2071 591 2098; x_wconf 89' lang='lat' dir='ltr'>simul</span> <span class='ocrx_word' id='word_1_322' title='bbox 604 2073 684 2098; x_wconf 87' lang='lat' dir='ltr'>terra</span> <span class='ocrx_word' id='word_1_323' title='bbox 697 2070 832 2104; x_wconf 88' lang='lat' dir='ltr'>marique</span> <span class='ocrx_word' id='word_1_324' title='bbox 848 2077 1032 2104; x_wconf 79' lang='lat' dir='ltr'>oppugnare-</span> 
     </span>
    </p>
   </div>
   <div class='ocr_carea' id='block_1_48' title="bbox 208 2113 1032 2149">
    <p class='ocr_par' dir='ltr' id='par_1_49' title="bbox 208 2113 1032 2149">
     <span class='ocr_line' id='line_1_54' title="bbox 208 2113 1032 2149; baseline -0.005 -5"><span class='ocrx_word' id='word_1_325' title='bbox 208 2120 268 2145; x_wconf 90' lang='lat' dir='ltr'>tur.</span> <span class='ocrx_word' id='word_1_326' title='bbox 285 2117 358 2144; x_wconf 91' lang='lat' dir='ltr'>Cum</span> <span class='ocrx_word' id='word_1_327' title='bbox 374 2120 402 2143; x_wconf 87' lang='lat' dir='ltr'>et</span> <span class='ocrx_word' id='word_1_328' title='bbox 417 2118 573 2144; x_wconf 87' lang='lat' dir='ltr'>terrestres</span> <span class='ocrx_word' id='word_1_329' title='bbox 589 2117 618 2142; x_wconf 89' lang='lat' dir='ltr'>et</span> <span class='ocrx_word' id='word_1_330' title='bbox 634 2114 753 2142; x_wconf 87' lang='lat' dir='ltr'>navales</span> <span class='ocrx_word' id='word_1_331' title='bbox 775 2113 867 2149; x_wconf 72' lang='lat' dir='ltr'>copim</span> <span class='ocrx_word' id='word_1_332' title='bbox 892 2113 981 2140; x_wconf 87' lang='lat' dir='ltr'>simul</span> <span class='ocrx_word' id='word_1_333' title='bbox 996 2113 1032 2141; x_wconf 85' lang='lat' dir='ltr'>ad</span> 
     </span>
    </p>
   </div>
   <div class='ocr_carea' id='block_1_49' title="bbox 208 2159 1034 2196">
    <p class='ocr_par' dir='ltr' id='par_1_50' title="bbox 208 2159 1034 2196">
     <span class='ocr_line' id='line_1_55' title="bbox 208 2159 1034 2196; baseline -0.004 -8"><span class='ocrx_word' id='word_1_334' title='bbox 208 2161 460 2188; x_wconf 84' lang='lat' dir='ltr'>Blachornensem</span> <span class='ocrx_word' id='word_1_335' title='bbox 503 2162 620 2196; x_wconf 89' lang='lat' dir='ltr'>portum</span> <span class='ocrx_word' id='word_1_336' title='bbox 650 2159 863 2195; x_wconf 88' lang='lat' dir='ltr'>pervenissent,</span> <span class='ocrx_word' id='word_1_337' title='bbox 893 2161 1034 2194; x_wconf 87' lang='lat' dir='ltr'>perrupta</span> 
     </span>
    </p>
   </div>
   <div class='ocr_carea' id='block_1_50' title="bbox 208 2203 1033 2239">
    <p class='ocr_par' dir='ltr' id='par_1_51' title="bbox 208 2203 1033 2239">
     <span class='ocr_line' id='line_1_56' title="bbox 208 2203 1033 2239; baseline -0.004 -6"><span class='ocrx_word' id='word_1_338' title='bbox 208 2205 306 2233; x_wconf 81' lang='lat' dir='ltr'>ferrea</span> <span class='ocrx_word' id='word_1_339' title='bbox 335 2206 391 2233; x_wconf 91' lang='lat' dir='ltr'>ista</span> <span class='ocrx_word' id='word_1_340' title='bbox 434 2207 539 2233; x_wconf 85' lang='lat' dir='ltr'>catena</span> <span class='ocrx_word' id='word_1_341' title='bbox 580 2204 650 2232; x_wconf 88' lang='lat' dir='ltr'>urbs</span> <span class='ocrx_word' id='word_1_342' title='bbox 692 2203 825 2239; x_wconf 89' lang='lat' dir='ltr'>undique</span> <span class='ocrx_word' id='word_1_343' title='bbox 869 2203 1033 2239; x_wconf 87' lang='lat' dir='ltr'>oppugnari</span> 
     </span>
    </p>
   </div>
   <div class='ocr_carea' id='block_1_51' title="bbox 209 2247 1033 2285">
    <p class='ocr_par' dir='ltr' id='par_1_52' title="bbox 209 2247 1033 2285">
     <span class='ocr_line' id='line_1_57' title="bbox 209 2247 1033 2285; baseline -0.004 -8"><span class='ocrx_word' id='word_1_344' title='bbox 209 2252 305 2285; x_wconf 65' lang='lat' dir='ltr'>coepta</span> <span class='ocrx_word' id='word_1_345' title='bbox 333 2252 387 2277; x_wconf 85' lang='lat' dir='ltr'>est.</span> <span class='ocrx_word' id='word_1_346' title='bbox 418 2249 591 2284; x_wconf 85' lang='lat' dir='ltr'>Supervenit</span> <span class='ocrx_word' id='word_1_347' title='bbox 628 2248 716 2283; x_wconf 88' lang='lat' dir='ltr'>paulo</span> <span class='ocrx_word' id='word_1_348' title='bbox 746 2250 812 2283; x_wconf 89' lang='lat' dir='ltr'>post</span> <span class='ocrx_word' id='word_1_349' title='bbox 840 2247 930 2275; x_wconf 84' lang='lat' dir='ltr'>etiam</span> <span class='ocrx_word' id='word_1_350' title='bbox 957 2247 1033 2275; x_wconf 85' lang='lat' dir='ltr'>Tho-</span> 
     </span>
    </p>
   </div>
   <div class='ocr_carea' id='block_1_52' title="bbox 209 2280 1072 2327">
    <p class='ocr_par' dir='ltr' id='par_1_53' title="bbox 209 2280 1072 2327">
     <span class='ocr_line' id='line_1_58' title="bbox 209 2280 1072 2327; baseline -0.005 -5"><span class='ocrx_word' id='word_1_351' title='bbox 209 2303 284 2322; x_wconf 87' lang='lat' dir='ltr'>mas.</span> <span class='ocrx_word' id='word_1_352' title='bbox 323 2294 462 2326; x_wconf 86' lang='lat' dir='ltr'>Quamvis</span> <span class='ocrx_word' id='word_1_353' title='bbox 491 2296 589 2321; x_wconf 86' lang='lat' dir='ltr'>autem</span> <span class='ocrx_word' id='word_1_354' title='bbox 616 2292 720 2320; x_wconf 92' lang='lat' dir='ltr'>urbem</span> <span class='ocrx_word' id='word_1_355' title='bbox 750 2292 882 2327; x_wconf 85' lang='lat' dir='ltr'>undique</span> <span class='ocrx_word' id='word_1_356' title='bbox 912 2280 1072 2319; x_wconf 85' lang='lat' dir='ltr'>strenueD</span> 
     </span>
    </p>
   </div>
   <div class='ocr_carea' id='block_1_53' title="bbox 208 2336 1032 2376">
    <p class='ocr_par' dir='ltr' id='par_1_54' title="bbox 208 2336 1032 2376">
     <span class='ocr_line' id='line_1_59' title="bbox 208 2336 1032 2376; baseline -0.005 -9"><span class='ocrx_word' id='word_1_357' title='bbox 208 2341 406 2376; x_wconf 79' lang='lat' dir='ltr'>oppugnaret,</span> <span class='ocrx_word' id='word_1_358' title='bbox 423 2338 499 2366; x_wconf 89' lang='lat' dir='ltr'>nihil</span> <span class='ocrx_word' id='word_1_359' title='bbox 516 2341 615 2366; x_wconf 86' lang='lat' dir='ltr'>tamen</span> <span class='ocrx_word' id='word_1_360' title='bbox 626 2336 818 2364; x_wconf 88' lang='lat' dir='ltr'>memorabile</span> <span class='ocrx_word' id='word_1_361' title='bbox 829 2336 967 2363; x_wconf 78' lang='lat' dir='ltr'>effectum</span> <span class='ocrx_word' id='word_1_362' title='bbox 979 2338 1032 2371; x_wconf 88' lang='lat' dir='ltr'>est,</span> 
     </span>
    </p>
   </div>
   <div class='ocr_carea' id='block_1_54' title="bbox 207 2380 1032 2420">
    <p class='ocr_par' dir='ltr' id='par_1_55' title="bbox 207 2380 1032 2420">
     <span class='ocr_line' id='line_1_60' title="bbox 207 2380 1032 2420; baseline -0.004 -8"><span class='ocrx_word' id='word_1_363' title='bbox 207 2385 245 2413; x_wconf 90' lang='lat' dir='ltr'>iis</span> <span class='ocrx_word' id='word_1_364' title='bbox 262 2384 313 2420; x_wconf 90' lang='lat' dir='ltr'>qui</span> <span class='ocrx_word' id='word_1_365' title='bbox 332 2384 411 2411; x_wconf 89' lang='lat' dir='ltr'>intus</span> <span class='ocrx_word' id='word_1_366' title='bbox 427 2386 512 2410; x_wconf 86' lang='lat' dir='ltr'>erant</span> <span class='ocrx_word' id='word_1_367' title='bbox 526 2382 643 2410; x_wconf 82' lang='lat' dir='ltr'>fortiter</span> <span class='ocrx_word' id='word_1_368' title='bbox 657 2380 911 2416; x_wconf 79' lang='lat' dir='ltr'>propugnantibus</span> <span class='ocrx_word' id='word_1_369' title='bbox 927 2383 956 2408; x_wconf 89' lang='lat' dir='ltr'>et</span> <span class='ocrx_word' id='word_1_370' title='bbox 971 2389 1032 2409; x_wconf 87' lang='lat' dir='ltr'>ma-</span> 
     </span>
    </p>
   </div>
   <div class='ocr_carea' id='block_1_55' title="bbox 207 2425 1032 2464">
    <p class='ocr_par' dir='ltr' id='par_1_56' title="bbox 207 2425 1032 2464">
     <span class='ocr_line' id='line_1_61' title="bbox 207 2425 1032 2464; baseline -0.007 -6"><span class='ocrx_word' id='word_1_371' title='bbox 207 2430 315 2459; x_wconf 89' lang='lat' dir='ltr'>chinas</span> <span class='ocrx_word' id='word_1_372' title='bbox 331 2429 405 2458; x_wconf 77' lang='lat'>881</span> <span class='ocrx_word' id='word_1_373' title='bbox 432 2427 663 2464; x_wconf 84' lang='lat' dir='ltr'>oppugnatorias</span> <span class='ocrx_word' id='word_1_374' title='bbox 686 2425 911 2461; x_wconf 87' lang='lat' dir='ltr'>repellentibus.</span> <span class='ocrx_word' id='word_1_375' title='bbox 928 2425 1032 2461; x_wconf 81' lang='lat' dir='ltr'>Spera-</span> 
     </span>
    </p>
   </div>
   <div class='ocr_carea' id='block_1_56' title="bbox 207 2469 1033 2505">
    <p class='ocr_par' dir='ltr' id='par_1_57' title="bbox 207 2469 1033 2505">
     <span class='ocr_line' id='line_1_62' title="bbox 207 2469 1033 2505; baseline -0.005 -3"><span class='ocrx_word' id='word_1_376' title='bbox 207 2477 290 2503; x_wconf 83' lang='lat' dir='ltr'>verat</span> <span class='ocrx_word' id='word_1_377' title='bbox 304 2475 385 2502; x_wconf 89' lang='lat' dir='ltr'>enim</span> <span class='ocrx_word' id='word_1_378' title='bbox 405 2474 530 2501; x_wconf 85' lang='lat' dir='ltr'>Thomas</span> <span class='ocrx_word' id='word_1_379' title='bbox 555 2471 622 2503; x_wconf 88' lang='lat' dir='ltr'>sibi,</span> <span class='ocrx_word' id='word_1_380' title='bbox 650 2470 739 2498; x_wconf 89' lang='lat' dir='ltr'>simul</span> <span class='ocrx_word' id='word_1_381' title='bbox 762 2472 850 2505; x_wconf 83' lang='lat' dir='ltr'>atque</span> <span class='ocrx_word' id='word_1_382' title='bbox 875 2469 912 2497; x_wconf 87' lang='lat' dir='ltr'>ad</span> <span class='ocrx_word' id='word_1_383' title='bbox 928 2470 1033 2498; x_wconf 91' lang='lat' dir='ltr'>urbem</span> 
     </span>
    </p>
   </div>
   <div class='ocr_carea' id='block_1_57' title="bbox 209 2514 1033 2551">
    <p class='ocr_par' dir='ltr' id='par_1_58' title="bbox 209 2514 1033 2551">
     <span class='ocr_line' id='line_1_63' title="bbox 209 2514 1033 2551; baseline -0.006 -3"><span class='ocrx_word' id='word_1_384' title='bbox 209 2519 392 2551; x_wconf 86' lang='lat' dir='ltr'>accessisset,</span> <span class='ocrx_word' id='word_1_385' title='bbox 409 2526 426 2546; x_wconf 79' lang='grc' dir='ltr'><strong>θ.</strong></span> <span class='ocrx_word' id='word_1_386' title='bbox 436 2516 548 2546; x_wconf 86' lang='lat' dir='ltr'>civibus</span> <span class='ocrx_word' id='word_1_387' title='bbox 563 2515 630 2543; x_wconf 90' lang='lat' dir='ltr'>odio</span> <span class='ocrx_word' id='word_1_388' title='bbox 646 2514 782 2542; x_wconf 86' lang='lat' dir='ltr'>Michaeli</span> <span class='ocrx_word' id='word_1_389' title='bbox 803 2516 903 2550; x_wconf 84' lang='lat' dir='ltr'>portas</span> <span class='ocrx_word' id='word_1_390' title='bbox 918 2522 1033 2543; x_wconf 83' lang='lat' dir='ltr'>resera-</span> 
     </span>
    </p>
   </div>
   <div class='ocr_carea' id='block_1_58' title="bbox 208 2558 1033 2597">
    <p class='ocr_par' dir='ltr' id='par_1_59' title="bbox 208 2558 1033 2597">
     <span class='ocr_line' id='line_1_64' title="bbox 208 2558 1033 2597; baseline -0.007 -4"><span class='ocrx_word' id='word_1_391' title='bbox 208 2567 271 2593; x_wconf 88' lang='lat' dir='ltr'>tum</span> <span class='ocrx_word' id='word_1_392' title='bbox 300 2564 356 2597; x_wconf 87' lang='lat' dir='ltr'>iri;</span> <span class='ocrx_word' id='word_1_393' title='bbox 390 2563 491 2597; x_wconf 85' lang='lat' dir='ltr'>itaque</span> <span class='ocrx_word' id='word_1_394' title='bbox 511 2564 541 2589; x_wconf 90' lang='lat' dir='ltr'>et</span> <span class='ocrx_word' id='word_1_395' title='bbox 566 2559 738 2596; x_wconf 79' lang='lat' dir='ltr'>Gregorium</span> <span class='ocrx_word' id='word_1_396' title='bbox 774 2558 969 2595; x_wconf 68' lang='lat' dir='ltr'>praamiserat,</span> <span class='ocrx_word' id='word_1_397' title='bbox 989 2560 1033 2587; x_wconf 90' lang='lat' dir='ltr'>uti</span> 
     </span>
    </p>
   </div>
   <div class='ocr_carea' id='block_1_59' title="bbox 207 2603 1034 2643">
    <p class='ocr_par' dir='ltr' id='par_1_60' title="bbox 207 2603 1034 2643">
     <span class='ocr_line' id='line_1_65' title="bbox 207 2603 1034 2643; baseline -0.008 -6"><span class='ocrx_word' id='word_1_398' title='bbox 207 2609 376 2643; x_wconf 87' lang='lat' dir='ltr'>retulimus,</span> <span class='ocrx_word' id='word_1_399' title='bbox 394 2608 517 2643; x_wconf 85' lang='lat' dir='ltr'>ipseque</span> <span class='ocrx_word' id='word_1_400' title='bbox 532 2613 599 2634; x_wconf 88' lang='lat' dir='ltr'>cum</span> <span class='ocrx_word' id='word_1_401' title='bbox 616 2604 754 2632; x_wconf 89' lang='lat' dir='ltr'>omnibus</span> <span class='ocrx_word' id='word_1_402' title='bbox 765 2603 859 2639; x_wconf 86' lang='lat' dir='ltr'>copiis</span> <span class='ocrx_word' id='word_1_403' title='bbox 873 2606 903 2631; x_wconf 88' lang='lat' dir='ltr'>et</span> <span class='ocrx_word' id='word_1_404' title='bbox 917 2603 1034 2639; x_wconf 87' lang='lat' dir='ltr'>adopti-</span> 
     </span>
    </p>
   </div>
   <div class='ocr_carea' id='block_1_60' title="bbox 207 2647 1034 2685">
    <p class='ocr_par' dir='ltr' id='par_1_61' title="bbox 207 2647 1034 2685">
     <span class='ocr_line' id='line_1_66' title="bbox 207 2647 1034 2685; baseline -0.002 -7"><span class='ocrx_word' id='word_1_405' title='bbox 207 2652 247 2679; x_wconf 93' lang='lat' dir='ltr'>tio</span> <span class='ocrx_word' id='word_1_406' title='bbox 265 2653 326 2680; x_wconf 80' lang='lat' dir='ltr'>ﬁlio</span> <span class='ocrx_word' id='word_1_407' title='bbox 343 2661 397 2680; x_wconf 84' lang='lat' dir='ltr'>suo</span> <span class='ocrx_word' id='word_1_408' title='bbox 417 2651 582 2683; x_wconf 85' lang='lat' dir='ltr'>Anastasio,</span> <span class='ocrx_word' id='word_1_409' title='bbox 599 2649 650 2685; x_wconf 88' lang='lat' dir='ltr'>qui</span> <span class='ocrx_word' id='word_1_410' title='bbox 666 2656 770 2676; x_wconf 87' lang='lat' dir='ltr'>recens</span> <span class='ocrx_word' id='word_1_411' title='bbox 786 2647 844 2675; x_wconf 88' lang='lat' dir='ltr'>vita</span> <span class='ocrx_word' id='word_1_412' title='bbox 867 2648 1034 2676; x_wconf 87' lang='lat' dir='ltr'>monastica</span> 
     </span>
    </p>
   </div>
   <div class='ocr_carea' id='block_1_61' title="bbox 207 2692 1033 2732">
    <p class='ocr_par' dir='ltr' id='par_1_62' title="bbox 207 2692 1033 2732">
     <span class='ocr_line' id='line_1_67' title="bbox 207 2692 1033 2732; baseline 0 -11"><span class='ocrx_word' id='word_1_413' title='bbox 207 2694 326 2724; x_wconf 84' lang='lat' dir='ltr'>deserta</span> <span class='ocrx_word' id='word_1_414' title='bbox 336 2696 372 2724; x_wconf 87' lang='lat' dir='ltr'>ad</span> <span class='ocrx_word' id='word_1_415' title='bbox 383 2696 539 2732; x_wconf 82' lang='lat' dir='ltr'>profanam</span> <span class='ocrx_word' id='word_1_416' title='bbox 548 2694 720 2728; x_wconf 84' lang='lat' dir='ltr'>desciverat,</span> <span class='ocrx_word' id='word_1_417' title='bbox 733 2692 913 2720; x_wconf 86' lang='lat' dir='ltr'>subsecutus</span> <span class='ocrx_word' id='word_1_418' title='bbox 923 2692 1033 2721; x_wconf 84' lang='lat' dir='ltr'>fuerat.</span> 
     </span>
    </p>
   </div>
   <div class='ocr_carea' id='block_1_62' title="bbox 812 2741 1712 2775">
    <p class='ocr_par' dir='ltr' id='par_1_63' title="bbox 812 2741 1712 2775">
     <span class='ocr_line' id='line_1_68' title="bbox 812 2741 1712 2775; baseline 0.007 -6"><span class='ocrx_word' id='word_1_419' title='bbox 812 2741 995 2771; x_wconf 77' lang='lat' dir='ltr'>XYLANDRI</span> <span class='ocrx_word' id='word_1_420' title='bbox 1013 2743 1057 2772; x_wconf 84' lang='lat' dir='ltr'>ET</span> <span class='ocrx_word' id='word_1_421' title='bbox 1076 2743 1185 2772; x_wconf 76' lang='lat' dir='ltr'>GOARI</span> <span class='ocrx_word' id='word_1_422' title='bbox 1206 2744 1320 2773; x_wconf 68' lang='lat' dir='ltr'>NOTAE.</span> <span class='ocrx_word' id='word_1_423' title='bbox 1707 2772 1712 2775; x_wconf 86' lang='lat'>.</span> 
     </span>
    </p>
   </div>
   <div class='ocr_carea' id='block_1_63' title="bbox 244 2779 1771 2826">
    <p class='ocr_par' dir='ltr' id='par_1_64' title="bbox 244 2779 1771 2826">
     <span class='ocr_line' id='line_1_69' title="bbox 244 2779 1771 2826; baseline 0.006 -13"><span class='ocrx_word' id='word_1_424' title='bbox 244 2788 553 2826; x_wconf 39' lang='grc' dir='ltr'>(72)-οιιθᾳιηειηιῇῐρι-</span> <span class='ocrx_word' id='word_1_425' title='bbox 563 2787 684 2826; x_wconf 67' lang='lat' dir='ltr'>quidem</span> <span class='ocrx_word' id='word_1_426' title='bbox 694 2795 767 2826; x_wconf 62' lang='lat' dir='ltr'>mox</span> <span class='ocrx_word' id='word_1_427' title='bbox 783 2794 903 2826; x_wconf 72' lang='lat' dir='ltr'>rursum</span> <span class='ocrx_word' id='word_1_428' title='bbox 918 2786 1031 2817; x_wconf 86' lang='lat' dir='ltr'>mentio</span> <span class='ocrx_word' id='word_1_429' title='bbox 1084 2788 1232 2818; x_wconf 85' lang='lat' dir='ltr'>nominat.</span> <span class='ocrx_word' id='word_1_430' title='bbox 1245 2788 1276 2816; x_wconf 93' lang='lat' dir='ltr'>Id</span> <span class='ocrx_word' id='word_1_431' title='bbox 1287 2789 1409 2826; x_wconf 81' lang='lat' dir='ltr'>quidem</span> <span class='ocrx_word' id='word_1_432' title='bbox 1424 2790 1477 2826; x_wconf 82' lang='lat' dir='ltr'>ait,</span> <span class='ocrx_word' id='word_1_433' title='bbox 1490 2787 1626 2822; x_wconf 69' lang='lat' dir='ltr'>Balbum</span> <span class='ocrx_word' id='word_1_434' title='bbox 1650 2779 1771 2826; x_wconf 59' lang='grc' dir='ltr'>εἰ)ἰῶ</span> 
     </span>
    </p>
   </div>
   <div class='ocr_carea' id='block_1_64' title="bbox 209 2822 1032 2858">
    <p class='ocr_par' dir='ltr' id='par_1_65' title="bbox 209 2822 1032 2858">
     <span class='ocr_line' id='line_1_70' title="bbox 209 2822 1032 2858; baseline 0 -6"><span class='ocrx_word' id='word_1_435' title='bbox 209 2822 350 2858; x_wconf 62' lang='grc' dir='ltr'>ἤι’ὶιιιῇυε</span> <span class='ocrx_word' id='word_1_436' title='bbox 360 2823 491 2857; x_wconf 81' lang='lat' dir='ltr'>adoptati</span> <span class='ocrx_word' id='word_1_437' title='bbox 502 2822 635 2852; x_wconf 57' lang='lat' dir='ltr'>ﬁliifSed</span> <span class='ocrx_word' id='word_1_438' title='bbox 645 2831 683 2851; x_wconf 89' lang='lat' dir='ltr'>ne</span> <span class='ocrx_word' id='word_1_439' title='bbox 693 2824 820 2851; x_wconf 86' lang='lat' dir='ltr'>Zonaras</span> <span class='ocrx_word' id='word_1_440' title='bbox 831 2822 952 2857; x_wconf 89' lang='lat' dir='ltr'>quidem</span> <span class='ocrx_word' id='word_1_441' title='bbox 961 2832 1032 2852; x_wconf 88' lang='lat' dir='ltr'>cum</span> 
     </span>
    </p>
   </div>
   <div class='ocr_carea' id='block_1_65' title="bbox 1093 286 1917 328">
    <p class='ocr_par' dir='ltr' id='par_1_66' title="bbox 1093 286 1917 328">
     <span class='ocr_line' id='line_1_71' title="bbox 1093 286 1917 328; baseline 0.004 -14"><span class='ocrx_word' id='word_1_442' title='bbox 1093 288 1218 325; x_wconf 82' lang='grc' dir='ltr'>συνεργὸν</span> <span class='ocrx_word' id='word_1_443' title='bbox 1249 290 1299 320; x_wconf 81' lang='grc' dir='ltr'>τῆς</span> <span class='ocrx_word' id='word_1_444' title='bbox 1328 288 1419 328; x_wconf 72' lang='grc' dir='ltr'>ἀρχῆς</span> <span class='ocrx_word' id='word_1_445' title='bbox 1447 286 1661 325; x_wconf 71' lang='grc' dir='ltr'>προσλαϐέσθαι,</span> <span class='ocrx_word' id='word_1_446' title='bbox 1689 289 1739 324; x_wconf 81' lang='grc' dir='ltr'>τήν</span> <span class='ocrx_word' id='word_1_447' title='bbox 1762 299 1791 316; x_wconf 85' lang='grc' dir='ltr'>τε</span> <span class='ocrx_word' id='word_1_448' title='bbox 1820 289 1917 317; x_wconf 61' lang='grc' dir='ltr'>ἑαυτοῦ</span> 
     </span>
    </p>
   </div>
   <div class='ocr_carea' id='block_1_66' title="bbox 1092 331 1918 370">
    <p class='ocr_par' dir='ltr' id='par_1_67' title="bbox 1092 331 1918 370">
     <span class='ocr_line' id='line_1_72' title="bbox 1092 331 1918 370; baseline 0.004 -11"><span class='ocrx_word' id='word_1_449' title='bbox 1092 331 1191 366; x_wconf 76' lang='grc' dir='ltr'>κλῆσιν</span> <span class='ocrx_word' id='word_1_450' title='bbox 1229 332 1398 367; x_wconf 71' lang='grc' dir='ltr'>ἀλλάξασθαι</span> <span class='ocrx_word' id='word_1_451' title='bbox 1426 333 1472 360; x_wconf 84' lang='grc' dir='ltr'>καὶ</span> <span class='ocrx_word' id='word_1_452' title='bbox 1514 333 1571 361; x_wconf 74' lang='grc' dir='ltr'>υἱὸν</span> <span class='ocrx_word' id='word_1_453' title='bbox 1613 332 1820 367; x_wconf 67' lang='grc' dir='ltr'>εἰσποιησασθαι</span> <span class='ocrx_word' id='word_1_454' title='bbox 1849 336 1918 370; x_wconf 70' lang='lat'><strong>(72].</strong></span> 
     </span>
    </p>
   </div>
   <div class='ocr_carea' id='block_1_67' title="bbox 1094 378 1917 417">
    <p class='ocr_par' dir='ltr' id='par_1_68' title="bbox 1094 378 1917 417">
     <span class='ocr_line' id='line_1_73' title="bbox 1094 378 1917 417; baseline 0.002 -12"><span class='ocrx_word' id='word_1_455' title='bbox 1094 378 1208 406; x_wconf 78' lang='grc' dir='ltr'>Ἐκεῖθεν</span> <span class='ocrx_word' id='word_1_456' title='bbox 1249 379 1381 416; x_wconf 76' lang='grc' dir='ltr'>ὁρμηθεὶς</span> <span class='ocrx_word' id='word_1_457' title='bbox 1418 379 1522 406; x_wconf 71' lang='grc' dir='ltr'>ἅπασαν</span> <span class='ocrx_word' id='word_1_458' title='bbox 1548 378 1632 417; x_wconf 77' lang='grc' dir='ltr'>ὲδῂου</span> <span class='ocrx_word' id='word_1_459' title='bbox 1661 379 1706 406; x_wconf 78' lang='grc' dir='ltr'>καὶ</span> <span class='ocrx_word' id='word_1_460' title='bbox 1734 379 1844 417; x_wconf 73' lang='grc' dir='ltr'>ἐπόρθει</span> <span class='ocrx_word' id='word_1_461' title='bbox 1867 380 1917 414; x_wconf 83' lang='grc' dir='ltr'>τήν</span> 
     </span>
    </p>
   </div>
   <div class='ocr_carea' id='block_1_68' title="bbox 1092 422 1919 460">
    <p class='ocr_par' dir='ltr' id='par_1_69' title="bbox 1092 422 1919 460">
     <span class='ocr_line' id='line_1_74' title="bbox 1092 422 1919 460; baseline 0.001 -10"><span class='ocrx_word' id='word_1_462' title='bbox 1092 422 1254 457; x_wconf 74' lang='grc' dir='ltr'>Ἀνατολὴν.</span> <span class='ocrx_word' id='word_1_463' title='bbox 1270 424 1306 452; x_wconf 79' lang='lat' dir='ltr'>&quot;A</span> <span class='ocrx_word' id='word_1_464' title='bbox 1325 422 1358 457; x_wconf 67' lang='grc' dir='ltr'>δὴ</span> <span class='ocrx_word' id='word_1_465' title='bbox 1389 424 1402 450; x_wconf 86' lang='grc' dir='ltr'><strong>ὁ</strong></span> <span class='ocrx_word' id='word_1_466' title='bbox 1435 422 1587 460; x_wconf 77' lang='grc' dir='ltr'>βασιλεύων</span> <span class='ocrx_word' id='word_1_467' title='bbox 1614 423 1742 459; x_wconf 72' lang='grc' dir='ltr'>ἀκηκοὼς</span> <span class='ocrx_word' id='word_1_468' title='bbox 1771 424 1817 451; x_wconf 80' lang='grc' dir='ltr'>καὶ</span> <span class='ocrx_word' id='word_1_469' title='bbox 1837 423 1919 455; x_wconf 71' lang='grc' dir='ltr'>αὐτὸς</span> 
     </span>
    </p>
   </div>
   <div class='ocr_carea' id='block_1_69' title="bbox 1094 468 1919 506">
    <p class='ocr_par' dir='ltr' id='par_1_70' title="bbox 1094 468 1919 506">
     <span class='ocr_line' id='line_1_75' title="bbox 1094 468 1919 506; baseline 0.004 -12"><span class='ocrx_word' id='word_1_470' title='bbox 1094 468 1161 503; x_wconf 84' lang='grc' dir='ltr'>πρὸς</span> <span class='ocrx_word' id='word_1_471' title='bbox 1179 468 1386 505; x_wconf 69' lang='grc' dir='ltr'>ἀντιπαράταξιν</span> <span class='ocrx_word' id='word_1_472' title='bbox 1417 468 1596 506; x_wconf 74' lang='grc' dir='ltr'>ηύτρεπίσθη.</span> <span class='ocrx_word' id='word_1_473' title='bbox 1628 468 1679 498; x_wconf 81' lang='grc' dir='ltr'>Καὶ</span> <span class='ocrx_word' id='word_1_474' title='bbox 1713 468 1841 506; x_wconf 79' lang='grc' dir='ltr'>στρατιὰν</span> <span class='ocrx_word' id='word_1_475' title='bbox 1872 469 1919 497; x_wconf 78' lang='grc' dir='ltr'>καὶ</span> 
     </span>
    </p>
   </div>
   <div class='ocr_carea' id='block_1_70' title="bbox 1093 511 1920 550">
    <p class='ocr_par' dir='ltr' id='par_1_71' title="bbox 1093 511 1920 550">
     <span class='ocr_line' id='line_1_76' title="bbox 1093 511 1920 550; baseline 0.002 -12"><span class='ocrx_word' id='word_1_476' title='bbox 1093 512 1244 549; x_wconf 64' lang='grc' dir='ltr'>στρατηγὸν</span> <span class='ocrx_word' id='word_1_477' title='bbox 1261 512 1311 539; x_wconf 83' lang='grc' dir='ltr'>οὐκ</span> <span class='ocrx_word' id='word_1_478' title='bbox 1325 512 1477 550; x_wconf 72' lang='grc' dir='ltr'>ἀξιόμαχον</span> <span class='ocrx_word' id='word_1_479' title='bbox 1493 512 1561 548; x_wconf 86' lang='grc' dir='ltr'>πρὸς</span> <span class='ocrx_word' id='word_1_480' title='bbox 1591 511 1670 539; x_wconf 77' lang='grc' dir='ltr'>αὐτὸν</span> <span class='ocrx_word' id='word_1_481' title='bbox 1694 511 1870 547; x_wconf 76' lang='grc' dir='ltr'>ἀποστέλλει,</span> <span class='ocrx_word' id='word_1_482' title='bbox 1886 512 1920 550; x_wconf 58' lang='grc' dir='ltr'>ᾖ-</span> 
     </span>
    </p>
   </div>
   <div class='ocr_carea' id='block_1_71' title="bbox 1091 555 1917 594">
    <p class='ocr_par' dir='ltr' id='par_1_72' title="bbox 1091 555 1917 594">
     <span class='ocr_line' id='line_1_77' title="bbox 1091 555 1917 594; baseline 0.002 -11"><span class='ocrx_word' id='word_1_483' title='bbox 1091 566 1145 583; x_wconf 87' lang='grc' dir='ltr'>τινι</span> <span class='ocrx_word' id='word_1_484' title='bbox 1174 556 1316 594; x_wconf 77' lang='grc' dir='ltr'>συρῤάγεὶς</span> <span class='ocrx_word' id='word_1_485' title='bbox 1339 557 1353 584; x_wconf 81' lang='grc' dir='ltr'>ὁ</span> <span class='ocrx_word' id='word_1_486' title='bbox 1369 559 1470 593; x_wconf 77' lang='grc' dir='ltr'>Θωμᾶς</span> <span class='ocrx_word' id='word_1_487' title='bbox 1497 555 1578 593; x_wconf 81' lang='grc' dir='ltr'>ἅρδθν</span> <span class='ocrx_word' id='word_1_488' title='bbox 1608 557 1731 592; x_wconf 67' lang='grc' dir='ltr'>ἠφάνισε,</span> <span class='ocrx_word' id='word_1_489' title='bbox 1759 557 1841 594; x_wconf 62' lang='grc' dir='ltr'>μέρος</span> <span class='ocrx_word' id='word_1_490' title='bbox 1868 557 1917 594; x_wconf 82' lang='grc' dir='ltr'>μὶν</span> 
     </span>
    </p>
   </div>
   <div class='ocr_carea' id='block_1_72' title="bbox 1092 600 1917 639">
    <p class='ocr_par' dir='ltr' id='par_1_73' title="bbox 1092 600 1917 639">
     <span class='ocr_line' id='line_1_78' title="bbox 1092 600 1917 639; baseline 0.002 -11"><span class='ocrx_word' id='word_1_491' title='bbox 1092 604 1142 635; x_wconf 82' lang='grc' dir='ltr'>τῆς</span> <span class='ocrx_word' id='word_1_492' title='bbox 1162 600 1302 637; x_wconf 76' lang='grc' dir='ltr'>δυνάμεως</span> <span class='ocrx_word' id='word_1_493' title='bbox 1327 601 1442 635; x_wconf 85' lang='grc' dir='ltr'>ἀνελὼν,</span> <span class='ocrx_word' id='word_1_494' title='bbox 1472 602 1503 628; x_wconf 87' lang='grc' dir='ltr'>τὸ</span> <span class='ocrx_word' id='word_1_495' title='bbox 1536 600 1559 628; x_wconf 83' lang='grc' dir='ltr'>δ’</span> <span class='ocrx_word' id='word_1_496' title='bbox 1589 601 1658 629; x_wconf 75' lang='grc' dir='ltr'>ἅλκο</span> <span class='ocrx_word' id='word_1_497' title='bbox 1682 602 1849 639; x_wconf 70' lang='grc' dir='ltr'>τρεψάμενος</span> <span class='ocrx_word' id='word_1_498' title='bbox 1877 602 1917 632; x_wconf 69' lang='grc' dir='ltr'>εἰ(</span> 
     </span>
    </p>
   </div>
   <div class='ocr_carea' id='block_1_73' title="bbox 1093 644 1919 684">
    <p class='ocr_par' dir='ltr' id='par_1_74' title="bbox 1093 644 1919 684">
     <span class='ocr_line' id='line_1_79' title="bbox 1093 644 1919 684; baseline 0.004 -12"><span class='ocrx_word' id='word_1_499' title='bbox 1093 646 1191 684; x_wconf 73' lang='grc' dir='ltr'>φυγήν.</span> <span class='ocrx_word' id='word_1_500' title='bbox 1209 646 1257 673; x_wconf 81' lang='grc' dir='ltr'>Καὶ</span> <span class='ocrx_word' id='word_1_501' title='bbox 1283 645 1379 673; x_wconf 86' lang='grc' dir='ltr'>λοιπὸν</span> <span class='ocrx_word' id='word_1_502' title='bbox 1410 644 1500 676; x_wconf 76' lang='grc' dir='ltr'>ἀδείας</span> <span class='ocrx_word' id='word_1_503' title='bbox 1533 645 1626 683; x_wconf 86' lang='grc' dir='ltr'>τυχὼν</span> <span class='ocrx_word' id='word_1_504' title='bbox 1651 645 1779 674; x_wconf 76' lang='grc' dir='ltr'>διετίθετο</span> <span class='ocrx_word' id='word_1_505' title='bbox 1808 647 1841 674; x_wconf 80' lang='grc' dir='ltr'>τὰ</span> <span class='ocrx_word' id='word_1_506' title='bbox 1856 648 1919 680; x_wconf 68' lang='grc' dir='ltr'>καθ’</span> 
     </span>
    </p>
   </div>
   <div class='ocr_carea' id='block_1_74' title="bbox 1093 689 1917 729">
    <p class='ocr_par' dir='ltr' id='par_1_75' title="bbox 1093 689 1917 729">
     <span class='ocr_line' id='line_1_80' title="bbox 1093 689 1917 729; baseline 0.004 -12"><span class='ocrx_word' id='word_1_507' title='bbox 1093 690 1185 717; x_wconf 66' lang='grc' dir='ltr'>ἑαυτὸν</span> <span class='ocrx_word' id='word_1_508' title='bbox 1212 690 1414 728; x_wconf 73' lang='grc' dir='ltr'>κραταιότερον,</span> <span class='ocrx_word' id='word_1_509' title='bbox 1444 693 1508 721; x_wconf 72' lang='grc' dir='ltr'>ναῦς</span> <span class='ocrx_word' id='word_1_510' title='bbox 1538 689 1671 728; x_wconf 78' lang='grc' dir='ltr'>ἐξαρτύων</span> <span class='ocrx_word' id='word_1_511' title='bbox 1690 690 1845 729; x_wconf 72' lang='grc' dir='ltr'>πολεμικὰς</span> <span class='ocrx_word' id='word_1_512' title='bbox 1869 693 1917 720; x_wconf 83' lang='grc' dir='ltr'>καὶ</span> 
     </span>
    </p>
   </div>
   <div class='ocr_carea' id='block_1_75' title="bbox 1094 734 1921 773">
    <p class='ocr_par' dir='ltr' id='par_1_76' title="bbox 1094 734 1921 773">
     <span class='ocr_line' id='line_1_81' title="bbox 1094 734 1921 773; baseline 0.004 -11"><span class='ocrx_word' id='word_1_513' title='bbox 1094 734 1184 772; x_wconf 73' lang='grc' dir='ltr'>ἑτέρας</span> <span class='ocrx_word' id='word_1_514' title='bbox 1209 736 1378 773; x_wconf 81' lang='grc' dir='ltr'>σιταγωγοὺς</span> <span class='ocrx_word' id='word_1_515' title='bbox 1407 735 1452 762; x_wconf 76' lang='grc' dir='ltr'>καὶ</span> <span class='ocrx_word' id='word_1_516' title='bbox 1480 735 1668 773; x_wconf 74' lang='grc' dir='ltr'>ἱππαγωγοὺς.</span> <span class='ocrx_word' id='word_1_517' title='bbox 1695 736 1799 764; x_wconf 73' lang='grc' dir='ltr'>Γίνεται</span> <span class='ocrx_word' id='word_1_518' title='bbox 1816 735 1847 764; x_wconf 66' lang='grc' dir='ltr'>δὲ</span> <span class='ocrx_word' id='word_1_519' title='bbox 1874 737 1921 765; x_wconf 78' lang='grc' dir='ltr'>καὶ</span> 
     </span>
    </p>
   </div>
   <div class='ocr_carea' id='block_1_76' title="bbox 1093 779 1919 817">
    <p class='ocr_par' dir='ltr' id='par_1_77' title="bbox 1093 779 1919 817">
     <span class='ocr_line' id='line_1_82' title="bbox 1093 779 1919 817; baseline 0.004 -11"><span class='ocrx_word' id='word_1_520' title='bbox 1093 781 1141 807; x_wconf 80' lang='grc' dir='ltr'>τοῦ</span> <span class='ocrx_word' id='word_1_521' title='bbox 1158 779 1301 817; x_wconf 71' lang='grc' dir='ltr'>βασιλικοῦ</span> <span class='ocrx_word' id='word_1_522' title='bbox 1317 779 1415 807; x_wconf 82' lang='grc' dir='ltr'>στόλου</span> <span class='ocrx_word' id='word_1_523' title='bbox 1434 779 1538 816; x_wconf 78' lang='grc' dir='ltr'>κύριος,</span> <span class='ocrx_word' id='word_1_524' title='bbox 1567 780 1612 807; x_wconf 82' lang='grc' dir='ltr'>καὶ</span> <span class='ocrx_word' id='word_1_525' title='bbox 1640 780 1709 817; x_wconf 85' lang='grc' dir='ltr'>πρὸς</span> <span class='ocrx_word' id='word_1_526' title='bbox 1735 781 1786 815; x_wconf 81' lang='grc' dir='ltr'>τὴν</span> <span class='ocrx_word' id='word_1_527' title='bbox 1813 779 1919 809; x_wconf 69' lang='grc' dir='ltr'>Λέσϐον</span> 
     </span>
    </p>
   </div>
   <div class='ocr_carea' id='block_1_77' title="bbox 1094 824 1915 864">
    <p class='ocr_par' dir='ltr' id='par_1_78' title="bbox 1094 824 1915 864">
     <span class='ocr_line' id='line_1_83' title="bbox 1094 824 1915 864; baseline 0.004 -13"><span class='ocrx_word' id='word_1_528' title='bbox 1094 825 1162 852; x_wconf 78' lang='grc' dir='ltr'>ἅπαν</span> <span class='ocrx_word' id='word_1_529' title='bbox 1176 825 1298 862; x_wconf 83' lang='grc' dir='ltr'>ἀθροίζει</span> <span class='ocrx_word' id='word_1_530' title='bbox 1314 825 1345 852; x_wconf 87' lang='grc' dir='ltr'>τὸ</span> <span class='ocrx_word' id='word_1_531' title='bbox 1359 825 1494 853; x_wconf 72' lang='grc' dir='ltr'>ναυτικὸν,</span> <span class='ocrx_word' id='word_1_532' title='bbox 1524 826 1611 856; x_wconf 80' lang='grc' dir='ltr'>Αὐτὸς</span> <span class='ocrx_word' id='word_1_533' title='bbox 1627 824 1656 853; x_wconf 67' lang='grc' dir='ltr'>δὲ</span> <span class='ocrx_word' id='word_1_534' title='bbox 1671 825 1745 853; x_wconf 85' lang='grc' dir='ltr'>ὀκτὼ</span> <span class='ocrx_word' id='word_1_535' title='bbox 1773 825 1915 864; x_wconf 77' lang='grc' dir='ltr'>μυριάδων</span> 
     </span>
    </p>
   </div>
   <div class='ocr_carea' id='block_1_78' title="bbox 1094 866 1918 907">
    <p class='ocr_par' dir='ltr' id='par_1_79' title="bbox 1094 866 1918 907">
     <span class='ocr_line' id='line_1_84' title="bbox 1094 866 1918 907; baseline 0.002 -11"><span class='ocrx_word' id='word_1_536' title='bbox 1094 868 1187 906; x_wconf 78' lang='grc' dir='ltr'>ἆρχων</span> <span class='ocrx_word' id='word_1_537' title='bbox 1206 871 1320 907; x_wconf 78' lang='grc' dir='ltr'>στρατοῦ</span> <span class='ocrx_word' id='word_1_538' title='bbox 1334 870 1379 896; x_wconf 71' lang='grc' dir='ltr'>ἲπὶ</span> <span class='ocrx_word' id='word_1_539' title='bbox 1396 866 1512 898; x_wconf 70' lang='grc' dir='ltr'>Ἄϐυδον</span> <span class='ocrx_word' id='word_1_540' title='bbox 1540 869 1601 904; x_wconf 76' lang='grc' dir='ltr'>ἥκει</span> <span class='ocrx_word' id='word_1_541' title='bbox 1630 869 1667 901; x_wconf 87' lang='grc' dir='ltr'>ὡς</span> <span class='ocrx_word' id='word_1_542' title='bbox 1697 869 1797 898; x_wconf 68' lang='grc' dir='ltr'>ἐκεῖθεν</span> <span class='ocrx_word' id='word_1_543' title='bbox 1813 870 1853 902; x_wconf 78' lang='grc' dir='ltr'>εἷς</span> <span class='ocrx_word' id='word_1_544' title='bbox 1865 872 1918 907; x_wconf 82' lang='grc' dir='ltr'>τήν</span> 
     </span>
    </p>
   </div>
   <div class='ocr_carea' id='block_1_79' title="bbox 1093 910 1919 952">
    <p class='ocr_par' dir='ltr' id='par_1_80' title="bbox 1093 910 1919 952">
     <span class='ocr_line' id='line_1_85' title="bbox 1093 910 1919 952; baseline 0.006 -13"><span class='ocrx_word' id='word_1_545' title='bbox 1093 912 1204 950; x_wconf 76' lang='grc' dir='ltr'>περαίαν</span> <span class='ocrx_word' id='word_1_546' title='bbox 1224 910 1434 949; x_wconf 76' lang='grc' dir='ltr'>διαϐησόμενος,</span> <span class='ocrx_word' id='word_1_547' title='bbox 1464 913 1548 941; x_wconf 77' lang='grc' dir='ltr'>πάντά</span> <span class='ocrx_word' id='word_1_548' title='bbox 1575 914 1609 941; x_wconf 77' lang='grc' dir='ltr'>τὰ</span> <span class='ocrx_word' id='word_1_549' title='bbox 1639 914 1665 941; x_wconf 74' lang='grc' dir='ltr'>ἰν</span> <span class='ocrx_word' id='word_1_550' title='bbox 1691 913 1806 952; x_wconf 85' lang='grc' dir='ltr'>παρόδῳ</span> <span class='ocrx_word' id='word_1_551' title='bbox 1832 926 1919 944; x_wconf 71' lang='grc' dir='ltr'>κατα-</span> 
     </span>
    </p>
   </div>
   <div class='ocr_carea' id='block_1_80' title="bbox 1094 956 1920 994">
    <p class='ocr_par' dir='ltr' id='par_1_81' title="bbox 1094 956 1920 994">
     <span class='ocr_line' id='line_1_86' title="bbox 1094 956 1920 994; baseline 0.005 -10"><span class='ocrx_word' id='word_1_552' title='bbox 1094 956 1218 994; x_wconf 79' lang='grc' dir='ltr'>δραμὼν,</span> <span class='ocrx_word' id='word_1_553' title='bbox 1234 957 1277 984; x_wconf 85' lang='grc' dir='ltr'>καὶ</span> <span class='ocrx_word' id='word_1_554' title='bbox 1296 956 1395 985; x_wconf 79' lang='grc' dir='ltr'>σποδὸν</span> <span class='ocrx_word' id='word_1_555' title='bbox 1411 958 1530 993; x_wconf 79' lang='grc' dir='ltr'>ποιήσας</span> <span class='ocrx_word' id='word_1_556' title='bbox 1547 957 1577 985; x_wconf 83' lang='grc' dir='ltr'>οὐ</span> <span class='ocrx_word' id='word_1_557' title='bbox 1610 959 1644 986; x_wconf 81' lang='grc' dir='ltr'>τὰ</span> <span class='ocrx_word' id='word_1_558' title='bbox 1672 959 1786 987; x_wconf 75' lang='grc' dir='ltr'>ταπεινὰ</span> <span class='ocrx_word' id='word_1_559' title='bbox 1812 960 1859 987; x_wconf 68' lang='grc' dir='ltr'>καὶ</span> <span class='ocrx_word' id='word_1_560' title='bbox 1875 959 1920 988; x_wconf 77' lang='grc' dir='ltr'>εὖ·</span> 
     </span>
    </p>
   </div>
   <div class='ocr_carea' id='block_1_81' title="bbox 1094 1001 1919 1042">
    <p class='ocr_par' dir='ltr' id='par_1_82' title="bbox 1094 1001 1919 1042">
     <span class='ocr_line' id='line_1_87' title="bbox 1094 1001 1919 1042; baseline 0.006 -14"><span class='ocrx_word' id='word_1_561' title='bbox 1094 1001 1215 1038; x_wconf 72' lang='grc' dir='ltr'>χείρωτα</span> <span class='ocrx_word' id='word_1_562' title='bbox 1243 1002 1287 1028; x_wconf 70' lang='grc' dir='ltr'>καὶ</span> <span class='ocrx_word' id='word_1_563' title='bbox 1312 1001 1438 1029; x_wconf 73' lang='grc' dir='ltr'>εὐάλωτοι</span> <span class='ocrx_word' id='word_1_564' title='bbox 1455 1023 1462 1036; x_wconf 90' lang='grc'>,</span> <span class='ocrx_word' id='word_1_565' title='bbox 1505 1001 1579 1030; x_wconf 75' lang='grc' dir='ltr'>ἀλλὰ</span> <span class='ocrx_word' id='word_1_566' title='bbox 1613 1003 1658 1030; x_wconf 80' lang='grc' dir='ltr'>καὶ</span> <span class='ocrx_word' id='word_1_567' title='bbox 1692 1003 1728 1031; x_wconf 81' lang='grc' dir='ltr'>τὰ</span> <span class='ocrx_word' id='word_1_568' title='bbox 1754 1003 1919 1042; x_wconf 62' lang='grc' dir='ltr'>ἐπιχρότατα</span> 
     </span>
    </p>
   </div>
   <div class='ocr_carea' id='block_1_82' title="bbox 1093 1044 1918 1085">
    <p class='ocr_par' dir='ltr' id='par_1_83' title="bbox 1093 1044 1918 1085">
     <span class='ocr_line' id='line_1_88' title="bbox 1093 1044 1918 1085; baseline 0.006 -13"><span class='ocrx_word' id='word_1_569' title='bbox 1093 1045 1138 1073; x_wconf 87' lang='grc' dir='ltr'>καὶ</span> <span class='ocrx_word' id='word_1_570' title='bbox 1154 1044 1308 1074; x_wconf 58' lang='grc' dir='ltr'>δυσάλωτοι.</span> <span class='ocrx_word' id='word_1_571' title='bbox 1339 1047 1388 1074; x_wconf 72' lang='grc' dir='ltr'>Ἠν</span> <span class='ocrx_word' id='word_1_572' title='bbox 1418 1045 1447 1074; x_wconf 71' lang='grc' dir='ltr'>δέ</span> <span class='ocrx_word' id='word_1_573' title='bbox 1474 1057 1501 1074; x_wconf 82' lang='grc' dir='ltr'>τι</span> <span class='ocrx_word' id='word_1_574' title='bbox 1531 1047 1636 1084; x_wconf 82' lang='grc' dir='ltr'>χωρίον</span> <span class='ocrx_word' id='word_1_575' title='bbox 1664 1047 1780 1085; x_wconf 78' lang='grc' dir='ltr'>ἐρυμνὸν</span> <span class='ocrx_word' id='word_1_576' title='bbox 1808 1049 1861 1084; x_wconf 81' lang='grc' dir='ltr'>τήν</span> <span class='ocrx_word' id='word_1_577' title='bbox 1877 1049 1918 1081; x_wconf 76' lang='grc' dir='ltr'>εἴς</span> 
     </span>
    </p>
   </div>
   <div class='ocr_carea' id='block_1_83' title="bbox 1092 1089 1912 1128">
    <p class='ocr_par' dir='ltr' id='par_1_84' title="bbox 1092 1089 1912 1128">
     <span class='ocr_line' id='line_1_89' title="bbox 1092 1089 1912 1128; baseline 0.005 -11"><span class='ocrx_word' id='word_1_578' title='bbox 1092 1090 1139 1117; x_wconf 87' lang='grc' dir='ltr'>τόν</span> <span class='ocrx_word' id='word_1_579' title='bbox 1157 1089 1270 1126; x_wconf 71' lang='grc' dir='ltr'>βασιλέα</span> <span class='ocrx_word' id='word_1_580' title='bbox 1292 1090 1381 1118; x_wconf 80' lang='grc' dir='ltr'>πίστιν</span> <span class='ocrx_word' id='word_1_581' title='bbox 1407 1094 1519 1128; x_wconf 74' lang='grc' dir='ltr'>τηροῦν,</span> <span class='ocrx_word' id='word_1_582' title='bbox 1548 1092 1593 1119; x_wconf 77' lang='grc' dir='ltr'>καὶ</span> <span class='ocrx_word' id='word_1_583' title='bbox 1624 1091 1666 1119; x_wconf 77' lang='grc' dir='ltr'>ἐπ’</span> <span class='ocrx_word' id='word_1_584' title='bbox 1695 1092 1766 1128; x_wconf 80' lang='grc' dir='ltr'>αὖτῷ</span> <span class='ocrx_word' id='word_1_585' title='bbox 1793 1093 1841 1120; x_wconf 89' lang='grc' dir='ltr'>τὸν</span> <span class='ocrx_word' id='word_1_586' title='bbox 1855 1093 1912 1121; x_wconf 71' lang='lat' dir='ltr'>sle-</span> 
     </span>
    </p>
   </div>
   <div class='ocr_carea' id='block_1_84' title="bbox 1093 1133 1912 1174">
    <p class='ocr_par' dir='ltr' id='par_1_85' title="bbox 1093 1133 1912 1174">
     <span class='ocr_line' id='line_1_90' title="bbox 1093 1133 1912 1174; baseline 0.004 -12"><span class='ocrx_word' id='word_1_587' title='bbox 1093 1134 1206 1170; x_wconf 79' lang='grc' dir='ltr'>ποίητον</span> <span class='ocrx_word' id='word_1_588' title='bbox 1238 1133 1369 1170; x_wconf 76' lang='grc' dir='ltr'>ἐκπέμπει</span> <span class='ocrx_word' id='word_1_589' title='bbox 1399 1135 1468 1162; x_wconf 81' lang='grc' dir='ltr'>υἱόν·</span> <span class='ocrx_word' id='word_1_590' title='bbox 1490 1136 1504 1163; x_wconf 83' lang='grc' dir='ltr'>ὁ</span> <span class='ocrx_word' id='word_1_591' title='bbox 1529 1134 1558 1163; x_wconf 75' lang='grc' dir='ltr'>δὲ</span> <span class='ocrx_word' id='word_1_592' title='bbox 1583 1136 1699 1173; x_wconf 67' lang='grc' dir='ltr'>θρασέως</span> <span class='ocrx_word' id='word_1_593' title='bbox 1723 1136 1912 1174; x_wconf 74' lang='grc' dir='ltr'>ἱππαζόμενος</span> 
     </span>
    </p>
   </div>
   <div class='ocr_carea' id='block_1_85' title="bbox 1093 1178 1910 1217">
    <p class='ocr_par' dir='ltr' id='par_1_86' title="bbox 1093 1178 1910 1217">
     <span class='ocr_line' id='line_1_91' title="bbox 1093 1178 1910 1217; baseline 0.005 -12"><span class='ocrx_word' id='word_1_594' title='bbox 1093 1178 1138 1205; x_wconf 79' lang='grc' dir='ltr'>καὶ</span> <span class='ocrx_word' id='word_1_595' title='bbox 1153 1179 1274 1210; x_wconf 76' lang='grc' dir='ltr'>ἀτάκτως</span> <span class='ocrx_word' id='word_1_596' title='bbox 1293 1181 1332 1215; x_wconf 82' lang='grc' dir='ltr'>τῷ</span> <span class='ocrx_word' id='word_1_597' title='bbox 1345 1178 1447 1211; x_wconf 76' lang='grc' dir='ltr'>οἷέσθαι</span> <span class='ocrx_word' id='word_1_598' title='bbox 1477 1180 1580 1217; x_wconf 82' lang='grc' dir='ltr'>γυμνὸν</span> <span class='ocrx_word' id='word_1_599' title='bbox 1609 1180 1760 1208; x_wconf 77' lang='grc' dir='ltr'>ἀντιπάλων</span> <span class='ocrx_word' id='word_1_600' title='bbox 1791 1181 1863 1209; x_wconf 82' lang='grc' dir='ltr'>εἶναι</span> <span class='ocrx_word' id='word_1_601' title='bbox 1876 1182 1910 1209; x_wconf 84' lang='grc' dir='ltr'>τὸ</span> 
     </span>
    </p>
   </div>
   <div class='ocr_carea' id='block_1_86' title="bbox 1093 1221 1914 1261">
    <p class='ocr_par' dir='ltr' id='par_1_87' title="bbox 1093 1221 1914 1261">
     <span class='ocr_line' id='line_1_92' title="bbox 1093 1221 1914 1261; baseline 0.005 -12"><span class='ocrx_word' id='word_1_602' title='bbox 1093 1222 1198 1261; x_wconf 81' lang='grc' dir='ltr'>χωρίον</span> <span class='ocrx_word' id='word_1_603' title='bbox 1210 1222 1291 1259; x_wconf 85' lang='grc' dir='ltr'>λόχῳ</span> <span class='ocrx_word' id='word_1_604' title='bbox 1307 1221 1339 1258; x_wconf 85' lang='grc' dir='ltr'>δή</span> <span class='ocrx_word' id='word_1_605' title='bbox 1356 1233 1409 1250; x_wconf 89' lang='grc' dir='ltr'>τινι</span> <span class='ocrx_word' id='word_1_606' title='bbox 1434 1224 1591 1260; x_wconf 80' lang='grc' dir='ltr'>περιπίπτει</span> <span class='ocrx_word' id='word_1_607' title='bbox 1617 1226 1667 1252; x_wconf 77' lang='grc' dir='ltr'>τοῦ</span> <span class='ocrx_word' id='word_1_608' title='bbox 1694 1222 1852 1261; x_wconf 75' lang='grc' dir='ltr'>Ὀλῧιανοῦ,</span> <span class='ocrx_word' id='word_1_609' title='bbox 1866 1225 1914 1253; x_wconf 77' lang='grc' dir='ltr'>καὶ</span> 
     </span>
    </p>
   </div>
   <div class='ocr_carea' id='block_1_87' title="bbox 1092 1266 1917 1307">
    <p class='ocr_par' dir='ltr' id='par_1_88' title="bbox 1092 1266 1917 1307">
     <span class='ocr_line' id='line_1_93' title="bbox 1092 1266 1917 1307; baseline 0.006 -14"><span class='ocrx_word' id='word_1_610' title='bbox 1092 1267 1142 1301; x_wconf 74' lang='grc' dir='ltr'>τήν</span> <span class='ocrx_word' id='word_1_611' title='bbox 1171 1266 1294 1306; x_wconf 75' lang='grc' dir='ltr'>κεφαλὴν</span> <span class='ocrx_word' id='word_1_612' title='bbox 1337 1267 1500 1304; x_wconf 81' lang='grc' dir='ltr'>ἐποτμηϐεἱς</span> <span class='ocrx_word' id='word_1_613' title='bbox 1542 1266 1625 1304; x_wconf 73' lang='grc' dir='ltr'>ἓματε</span> <span class='ocrx_word' id='word_1_614' title='bbox 1662 1269 1702 1305; x_wconf 85' lang='grc' dir='ltr'>μὴ</span> <span class='ocrx_word' id='word_1_615' title='bbox 1731 1269 1917 1307; x_wconf 75' lang='grc' dir='ltr'>θρασόνισθαι.</span> 
     </span>
    </p>
   </div>
   <div class='ocr_carea' id='block_1_88' title="bbox 1094 1311 1918 1351">
    <p class='ocr_par' dir='ltr' id='par_1_89' title="bbox 1094 1311 1918 1351">
     <span class='ocr_line' id='line_1_94' title="bbox 1094 1311 1918 1351; baseline 0.005 -13"><span class='ocrx_word' id='word_1_616' title='bbox 1094 1312 1149 1346; x_wconf 87' lang='grc' dir='ltr'>Τήν</span> <span class='ocrx_word' id='word_1_617' title='bbox 1174 1312 1220 1347; x_wconf 71' lang='grc' dir='ltr'>μὶν</span> <span class='ocrx_word' id='word_1_618' title='bbox 1244 1311 1364 1350; x_wconf 82' lang='grc' dir='ltr'>κεφαλὴν</span> <span class='ocrx_word' id='word_1_619' title='bbox 1394 1315 1442 1339; x_wconf 79' lang='grc' dir='ltr'>τοῦ</span> <span class='ocrx_word' id='word_1_620' title='bbox 1473 1311 1595 1340; x_wconf 85' lang='grc' dir='ltr'>διελαίου</span> <span class='ocrx_word' id='word_1_621' title='bbox 1624 1312 1737 1341; x_wconf 78' lang='grc' dir='ltr'>ἐκείνου</span> <span class='ocrx_word' id='word_1_622' title='bbox 1756 1313 1862 1351; x_wconf 74' lang='grc' dir='ltr'>ἔπεμψε</span> <span class='ocrx_word' id='word_1_623' title='bbox 1879 1314 1918 1350; x_wconf 83' lang='grc' dir='ltr'>τῷ</span> 
     </span>
    </p>
   </div>
   <div class='ocr_carea' id='block_1_89' title="bbox 1096 1354 1919 1395">
    <p class='ocr_par' dir='ltr' id='par_1_90' title="bbox 1096 1354 1919 1395">
     <span class='ocr_line' id='line_1_95' title="bbox 1096 1354 1919 1395; baseline 0.005 -13"><span class='ocrx_word' id='word_1_624' title='bbox 1096 1356 1204 1394; x_wconf 77' lang='grc' dir='ltr'>βασιλεῖ</span> <span class='ocrx_word' id='word_1_625' title='bbox 1219 1357 1232 1383; x_wconf 86' lang='grc' dir='ltr'><strong>ὁ</strong></span> <span class='ocrx_word' id='word_1_626' title='bbox 1253 1354 1397 1387; x_wconf 77' lang='grc' dir='ltr'>ὐλϐιανὸς</span> <span class='ocrx_word' id='word_1_627' title='bbox 1413 1356 1491 1387; x_wconf 81' lang='grc' dir='ltr'>οὗτος</span> <span class='ocrx_word' id='word_1_628' title='bbox 1517 1356 1545 1385; x_wconf 74' lang='grc' dir='ltr'>δὲ</span> <span class='ocrx_word' id='word_1_629' title='bbox 1568 1358 1650 1385; x_wconf 84' lang='grc' dir='ltr'>πάλιν</span> <span class='ocrx_word' id='word_1_630' title='bbox 1674 1360 1761 1395; x_wconf 79' lang='grc' dir='ltr'>Θωμᾷ</span> <span class='ocrx_word' id='word_1_631' title='bbox 1785 1358 1826 1395; x_wconf 74' lang='grc' dir='ltr'>τῷ</span> <span class='ocrx_word' id='word_1_632' title='bbox 1848 1358 1919 1386; x_wconf 82' lang='grc' dir='ltr'>’ἐκεί-</span> 
     </span>
    </p>
   </div>
   <div class='ocr_carea' id='block_1_90' title="bbox 1093 1401 1918 1441">
    <p class='ocr_par' dir='ltr' id='par_1_91' title="bbox 1093 1401 1918 1441">
     <span class='ocr_line' id='line_1_96' title="bbox 1093 1401 1918 1441; baseline 0.004 -13"><span class='ocrx_word' id='word_1_633' title='bbox 1093 1412 1139 1428; x_wconf 84' lang='grc' dir='ltr'>νου</span> <span class='ocrx_word' id='word_1_634' title='bbox 1153 1401 1236 1438; x_wconf 82' lang='grc' dir='ltr'>πατρὶ</span> <span class='ocrx_word' id='word_1_635' title='bbox 1253 1401 1321 1437; x_wconf 77' lang='grc' dir='ltr'>μετᾶ</span> <span class='ocrx_word' id='word_1_636' title='bbox 1350 1401 1525 1438; x_wconf 73' lang='grc' dir='ltr'>βρυάγματος</span> <span class='ocrx_word' id='word_1_637' title='bbox 1555 1402 1677 1440; x_wconf 82' lang='grc' dir='ltr'>βαίνοντι</span> <span class='ocrx_word' id='word_1_638' title='bbox 1704 1403 1750 1430; x_wconf 80' lang='grc' dir='ltr'>καὶ</span> <span class='ocrx_word' id='word_1_639' title='bbox 1775 1402 1918 1441; x_wconf 71' lang='grc' dir='ltr'>μεγαλαυ-</span> 
     </span>
    </p>
   </div>
   <div class='ocr_carea' id='block_1_91' title="bbox 1095 1445 1917 1484">
    <p class='ocr_par' dir='ltr' id='par_1_92' title="bbox 1095 1445 1917 1484">
     <span class='ocr_line' id='line_1_97' title="bbox 1095 1445 1917 1484; baseline 0.005 -12"><span class='ocrx_word' id='word_1_640' title='bbox 1095 1445 1231 1483; x_wconf 74' lang='grc' dir='ltr'>χοομένῳ,</span> <span class='ocrx_word' id='word_1_641' title='bbox 1255 1446 1356 1483; x_wconf 80' lang='grc' dir='ltr'>Ἣνπερ</span> <span class='ocrx_word' id='word_1_642' title='bbox 1372 1445 1450 1477; x_wconf 78' lang='grc' dir='ltr'>οὗτος</span> <span class='ocrx_word' id='word_1_643' title='bbox 1480 1445 1634 1483; x_wconf 76' lang='grc' dir='ltr'>δεξάμενος,</span> <span class='ocrx_word' id='word_1_644' title='bbox 1661 1447 1708 1475; x_wconf 74' lang='grc' dir='ltr'>καὶ</span> <span class='ocrx_word' id='word_1_645' title='bbox 1736 1448 1806 1475; x_wconf 79' lang='grc' dir='ltr'>γατὰ</span> <span class='ocrx_word' id='word_1_646' title='bbox 1832 1447 1917 1484; x_wconf 53' lang='grc' dir='ltr'>μηδεν</span> 
     </span>
    </p>
   </div>
   <div class='ocr_carea' id='block_1_92' title="bbox 1092 1490 1916 1531">
    <p class='ocr_par' dir='ltr' id='par_1_93' title="bbox 1092 1490 1916 1531">
     <span class='ocr_line' id='line_1_98' title="bbox 1092 1490 1916 1531; baseline 0.006 -14"><span class='ocrx_word' id='word_1_647' title='bbox 1092 1493 1141 1518; x_wconf 78' lang='grc' dir='ltr'>τοῦ</span> <span class='ocrx_word' id='word_1_648' title='bbox 1175 1492 1349 1529; x_wconf 70' lang='grc' dir='ltr'>φρονήματος</span> <span class='ocrx_word' id='word_1_649' title='bbox 1381 1490 1522 1526; x_wconf 71' lang='grc' dir='ltr'>ὑπενὸοὺς,</span> <span class='ocrx_word' id='word_1_650' title='bbox 1551 1493 1619 1530; x_wconf 82' lang='grc' dir='ltr'>πρὸς</span> <span class='ocrx_word' id='word_1_651' title='bbox 1648 1493 1698 1527; x_wconf 84' lang='grc' dir='ltr'>τὴν</span> <span class='ocrx_word' id='word_1_652' title='bbox 1728 1492 1838 1531; x_wconf 77' lang='grc' dir='ltr'>Θρᾴκην</span> <span class='ocrx_word' id='word_1_653' title='bbox 1862 1493 1916 1522; x_wconf 78' lang='grc' dir='ltr'>ἀπὸ</span> 
     </span>
    </p>
   </div>
   <div class='ocr_carea' id='block_1_93' title="bbox 1092 1535 1917 1574">
    <p class='ocr_par' dir='ltr' id='par_1_94' title="bbox 1092 1535 1917 1574">
     <span class='ocr_line' id='line_1_99' title="bbox 1092 1535 1917 1574; baseline 0.005 -12"><span class='ocrx_word' id='word_1_654' title='bbox 1092 1538 1140 1563; x_wconf 76' lang='grc' dir='ltr'>τοῦ</span> <span class='ocrx_word' id='word_1_655' title='bbox 1157 1535 1262 1572; x_wconf 83' lang='grc' dir='ltr'>χωρίου</span> <span class='ocrx_word' id='word_1_656' title='bbox 1284 1536 1299 1562; x_wconf 83' lang='grc' dir='ltr'><strong><em>’ὸ</em></strong></span> <span class='ocrx_word' id='word_1_657' title='bbox 1314 1535 1442 1563; x_wconf 81' lang='grc' dir='ltr'>καλοῦσιν</span> <span class='ocrx_word' id='word_1_658' title='bbox 1470 1536 1620 1574; x_wconf 83' lang='grc' dir='ltr'>Ὀρκώσιον</span> <span class='ocrx_word' id='word_1_659' title='bbox 1648 1539 1818 1574; x_wconf 77' lang='grc' dir='ltr'>περαιοῦται,</span> <span class='ocrx_word' id='word_1_660' title='bbox 1834 1537 1917 1566; x_wconf 77' lang='grc' dir='ltr'>νύκτα</span> 
     </span>
    </p>
   </div>
   <div class='ocr_carea' id='block_1_94' title="bbox 1092 1579 1916 1620">
    <p class='ocr_par' dir='ltr' id='par_1_95' title="bbox 1092 1579 1916 1620">
     <span class='ocr_line' id='line_1_100' title="bbox 1092 1579 1916 1620; baseline 0.004 -13"><span class='ocrx_word' id='word_1_661' title='bbox 1092 1581 1283 1617; x_wconf 71' lang='grc' dir='ltr'>κατατηρήσαις</span> <span class='ocrx_word' id='word_1_662' title='bbox 1311 1579 1468 1615; x_wconf 81' lang='grc' dir='ltr'>συνοδικήν.</span> <span class='ocrx_word' id='word_1_663' title='bbox 1502 1581 1544 1617; x_wconf 83' lang='grc' dir='ltr'>[Ρ.</span> <span class='ocrx_word' id='word_1_664' title='bbox 1573 1582 1638 1618; x_wconf 82' lang='lat'>502]</span> <span class='ocrx_word' id='word_1_665' title='bbox 1669 1581 1774 1618; x_wconf 73' lang='grc' dir='ltr'>Ἕμελι</span> <span class='ocrx_word' id='word_1_666' title='bbox 1799 1580 1829 1610; x_wconf 67' lang='grc' dir='ltr'>δὲ</span> <span class='ocrx_word' id='word_1_667' title='bbox 1852 1583 1916 1620; x_wconf 69' lang='grc' dir='ltr'>περὶ</span> 
     </span>
    </p>
   </div>
   <div class='ocr_carea' id='block_1_95' title="bbox 1093 1624 1916 1665">
    <p class='ocr_par' dir='ltr' id='par_1_96' title="bbox 1093 1624 1916 1665">
     <span class='ocr_line' id='line_1_101' title="bbox 1093 1624 1916 1665; baseline 0.006 -15"><span class='ocrx_word' id='word_1_668' title='bbox 1093 1624 1191 1651; x_wconf 82' lang='grc' dir='ltr'>τούτου</span> <span class='ocrx_word' id='word_1_669' title='bbox 1207 1626 1246 1660; x_wconf 82' lang='grc' dir='ltr'>τῷ</span> <span class='ocrx_word' id='word_1_670' title='bbox 1262 1624 1371 1661; x_wconf 79' lang='grc' dir='ltr'>βασιλεῖ</span> <span class='ocrx_word' id='word_1_671' title='bbox 1385 1624 1512 1662; x_wconf 80' lang='grc' dir='ltr'>Μιχαὴλ,</span> <span class='ocrx_word' id='word_1_672' title='bbox 1528 1625 1574 1653; x_wconf 82' lang='grc' dir='ltr'>καὶ</span> <span class='ocrx_word' id='word_1_673' title='bbox 1595 1626 1647 1661; x_wconf 79' lang='grc' dir='ltr'>τήν</span> <span class='ocrx_word' id='word_1_674' title='bbox 1675 1626 1778 1654; x_wconf 63' lang='lat' dir='ltr'>hule</span> <span class='ocrx_word' id='word_1_675' title='bbox 1805 1626 1916 1665; x_wconf 72' lang='grc' dir='ltr'>προλα-</span> 
     </span>
    </p>
   </div>
   <div class='ocr_carea' id='block_1_96' title="bbox 1093 1666 1916 1708">
    <p class='ocr_par' dir='ltr' id='par_1_97' title="bbox 1093 1666 1916 1708">
     <span class='ocr_line' id='line_1_102' title="bbox 1093 1666 1916 1708; baseline 0.005 -14"><span class='ocrx_word' id='word_1_676' title='bbox 1093 1666 1148 1696; x_wconf 73' lang='grc' dir='ltr'>ϐὼν</span> <span class='ocrx_word' id='word_1_677' title='bbox 1163 1669 1310 1706; x_wconf 80' lang='grc' dir='ltr'>περαίωσιν</span> <span class='ocrx_word' id='word_1_678' title='bbox 1326 1669 1408 1699; x_wconf 82' lang='grc' dir='ltr'>αὑτὸς</span> <span class='ocrx_word' id='word_1_679' title='bbox 1427 1668 1461 1696; x_wconf 79' lang='grc' dir='ltr'>τὰ</span> <span class='ocrx_word' id='word_1_680' title='bbox 1491 1680 1520 1697; x_wconf 86' lang='grc' dir='ltr'>τε</span> <span class='ocrx_word' id='word_1_681' title='bbox 1546 1669 1642 1701; x_wconf 87' lang='grc' dir='ltr'>πολεις</span> <span class='ocrx_word' id='word_1_682' title='bbox 1671 1669 1843 1708; x_wconf 76' lang='grc' dir='ltr'>ἂνεΛάμὸανι</span> <span class='ocrx_word' id='word_1_683' title='bbox 1868 1671 1916 1700; x_wconf 63' lang='grc' dir='ltr'>καὶ</span> 
     </span>
    </p>
   </div>
   <div class='ocr_carea' id='block_1_97' title="bbox 1091 1711 1917 1754">
    <p class='ocr_par' dir='ltr' id='par_1_98' title="bbox 1091 1711 1917 1754">
     <span class='ocr_line' id='line_1_103' title="bbox 1091 1711 1917 1754; baseline 0.005 -15"><span class='ocrx_word' id='word_1_684' title='bbox 1091 1711 1154 1743; x_wconf 79' lang='grc' dir='ltr'>τοὺς</span> <span class='ocrx_word' id='word_1_685' title='bbox 1169 1712 1335 1749; x_wconf 81' lang='grc' dir='ltr'>στρατιώτας</span> <span class='ocrx_word' id='word_1_686' title='bbox 1361 1712 1484 1750; x_wconf 77' lang='grc' dir='ltr'>ἐστήριζέ</span> <span class='ocrx_word' id='word_1_687' title='bbox 1512 1713 1557 1741; x_wconf 77' lang='grc' dir='ltr'>καί</span> <span class='ocrx_word' id='word_1_688' title='bbox 1587 1714 1621 1742; x_wconf 74' lang='grc' dir='ltr'>τὰ</span> <span class='ocrx_word' id='word_1_689' title='bbox 1644 1715 1742 1750; x_wconf 74' lang='grc' dir='ltr'>ἀσθενῆ</span> <span class='ocrx_word' id='word_1_690' title='bbox 1771 1717 1827 1743; x_wconf 82' lang='grc' dir='ltr'>τῶν</span> <span class='ocrx_word' id='word_1_691' title='bbox 1855 1724 1917 1754; x_wconf 79' lang='grc' dir='ltr'>χω-</span> 
     </span>
    </p>
   </div>
   <div class='ocr_carea' id='block_1_98' title="bbox 1093 1756 1916 1795">
    <p class='ocr_par' dir='ltr' id='par_1_99' title="bbox 1093 1756 1916 1795">
     <span class='ocr_line' id='line_1_104' title="bbox 1093 1756 1916 1795; baseline 0.006 -12"><span class='ocrx_word' id='word_1_692' title='bbox 1093 1757 1159 1794; x_wconf 86' lang='grc' dir='ltr'>ρίων</span> <span class='ocrx_word' id='word_1_693' title='bbox 1176 1757 1299 1794; x_wconf 80' lang='grc' dir='ltr'>ὠχύρου,</span> <span class='ocrx_word' id='word_1_694' title='bbox 1315 1756 1364 1784; x_wconf 77' lang='grc' dir='ltr'>κᾶν</span> <span class='ocrx_word' id='word_1_695' title='bbox 1392 1757 1476 1794; x_wconf 73' lang='grc' dir='ltr'>μηδὲν</span> <span class='ocrx_word' id='word_1_696' title='bbox 1500 1757 1530 1785; x_wconf 82' lang='grc' dir='ltr'>ἐκ</span> <span class='ocrx_word' id='word_1_697' title='bbox 1557 1762 1608 1793; x_wconf 86' lang='grc' dir='ltr'>τῆς</span> <span class='ocrx_word' id='word_1_698' title='bbox 1637 1758 1766 1795; x_wconf 75' lang='grc' dir='ltr'>τοιαύτης</span> <span class='ocrx_word' id='word_1_699' title='bbox 1793 1758 1916 1795; x_wconf 75' lang='grc' dir='ltr'>σπουδῆς</span> 
     </span>
    </p>
   </div>
   <div class='ocr_carea' id='block_1_99' title="bbox 1092 1801 1916 1844">
    <p class='ocr_par' dir='ltr' id='par_1_100' title="bbox 1092 1801 1916 1844">
     <span class='ocr_line' id='line_1_105' title="bbox 1092 1801 1916 1844; baseline 0.005 -16"><span class='ocrx_word' id='word_1_700' title='bbox 1092 1801 1228 1837; x_wconf 77' lang='grc' dir='ltr'>ἀπώνατο,</span> <span class='ocrx_word' id='word_1_701' title='bbox 1250 1802 1307 1838; x_wconf 76' lang='grc' dir='ltr'>ἅμα</span> <span class='ocrx_word' id='word_1_702' title='bbox 1320 1803 1355 1838; x_wconf 72' lang='grc' dir='ltr'>τῇ</span> <span class='ocrx_word' id='word_1_703' title='bbox 1369 1801 1472 1830; x_wconf 64' lang='grc' dir='ltr'>ἐκείνου</span> <span class='ocrx_word' id='word_1_704' title='bbox 1487 1803 1555 1839; x_wconf 86' lang='grc' dir='ltr'>πρὸς</span> <span class='ocrx_word' id='word_1_705' title='bbox 1569 1803 1618 1838; x_wconf 74' lang='grc' dir='ltr'>τήν</span> <span class='ocrx_word' id='word_1_706' title='bbox 1647 1803 1729 1831; x_wconf 77' lang='grc' dir='ltr'>πόλιν</span> <span class='ocrx_word' id='word_1_707' title='bbox 1754 1803 1916 1844; x_wconf 75' lang='grc' dir='ltr'>ὑποστροφῇ</span> 
     </span>
    </p>
   </div>
   <div class='ocr_carea' id='block_1_100' title="bbox 1091 1847 1916 1884">
    <p class='ocr_par' dir='ltr' id='par_1_101' title="bbox 1091 1847 1916 1884">
     <span class='ocr_line' id='line_1_106' title="bbox 1091 1847 1916 1884; baseline 0.005 -11"><span class='ocrx_word' id='word_1_708' title='bbox 1091 1847 1134 1874; x_wconf 80' lang='grc' dir='ltr'>καὶ</span> <span class='ocrx_word' id='word_1_709' title='bbox 1155 1848 1189 1883; x_wconf 74' lang='grc' dir='ltr'>τῇ</span> <span class='ocrx_word' id='word_1_710' title='bbox 1218 1848 1266 1873; x_wconf 83' lang='grc' dir='ltr'>τοῦ</span> <span class='ocrx_word' id='word_1_711' title='bbox 1295 1847 1384 1883; x_wconf 84' lang='grc' dir='ltr'>ΙΙωμᾶ</span> <span class='ocrx_word' id='word_1_712' title='bbox 1415 1847 1562 1884; x_wconf 70' lang='grc' dir='ltr'>περαιώσει</span> <span class='ocrx_word' id='word_1_713' title='bbox 1593 1848 1701 1877; x_wconf 77' lang='grc' dir='ltr'>πάντων</span> <span class='ocrx_word' id='word_1_714' title='bbox 1729 1849 1780 1884; x_wconf 83' lang='grc' dir='ltr'>τὴν</span> <span class='ocrx_word' id='word_1_715' title='bbox 1808 1847 1916 1879; x_wconf 65' lang='grc' dir='ltr'>ἐκείνου</span> 
     </span>
    </p>
   </div>
   <div class='ocr_carea' id='block_1_101' title="bbox 1091 1891 1917 1933">
    <p class='ocr_par' dir='ltr' id='par_1_102' title="bbox 1091 1891 1917 1933">
     <span class='ocr_line' id='line_1_107' title="bbox 1091 1891 1917 1933; baseline 0.006 -14"><span class='ocrx_word' id='word_1_716' title='bbox 1091 1891 1181 1919; x_wconf 87' lang='grc' dir='ltr'>πίστιν</span> <span class='ocrx_word' id='word_1_717' title='bbox 1208 1892 1441 1929; x_wconf 73' lang='grc' dir='ltr'>ἁπαρνησαμένων</span> <span class='ocrx_word' id='word_1_718' title='bbox 1487 1893 1530 1920; x_wconf 82' lang='grc' dir='ltr'>καὶ</span> <span class='ocrx_word' id='word_1_719' title='bbox 1571 1894 1847 1933; x_wconf 68' lang='grc' dir='ltr'>προσκεχωρηκότων</span> <span class='ocrx_word' id='word_1_720' title='bbox 1874 1897 1917 1932; x_wconf 72' lang='grc' dir='ltr'>τῷ</span> 
     </span>
    </p>
   </div>
   <div class='ocr_carea' id='block_1_102' title="bbox 1090 1936 1913 1976">
    <p class='ocr_par' dir='ltr' id='par_1_103' title="bbox 1090 1936 1913 1976">
     <span class='ocr_line' id='line_1_108' title="bbox 1090 1936 1913 1976; baseline 0.007 -14"><span class='ocrx_word' id='word_1_721' title='bbox 1090 1936 1229 1973; x_wconf 73' lang='grc' dir='ltr'>ἀποστάτῃ</span> <span class='ocrx_word' id='word_1_722' title='bbox 1261 1936 1306 1963; x_wconf 81' lang='grc' dir='ltr'>καὶ</span> <span class='ocrx_word' id='word_1_723' title='bbox 1338 1937 1397 1972; x_wconf 78' lang='grc' dir='ltr'>μετ’</span> <span class='ocrx_word' id='word_1_724' title='bbox 1435 1937 1518 1964; x_wconf 76' lang='grc' dir='ltr'>αὐτοῦ</span> <span class='ocrx_word' id='word_1_725' title='bbox 1546 1940 1735 1975; x_wconf 76' lang='grc' dir='ltr'>πρατεῦεσθαι</span> <span class='ocrx_word' id='word_1_726' title='bbox 1764 1938 1834 1969; x_wconf 72' lang='grc' dir='ltr'>κατά</span> <span class='ocrx_word' id='word_1_727' title='bbox 1859 1942 1913 1976; x_wconf 76' lang='grc' dir='ltr'>τῆς</span> 
     </span>
    </p>
   </div>
   <div class='ocr_carea' id='block_1_103' title="bbox 1093 1979 1915 2019">
    <p class='ocr_par' dir='ltr' id='par_1_104' title="bbox 1093 1979 1915 2019">
     <span class='ocr_line' id='line_1_109' title="bbox 1093 1979 1915 2019; baseline 0.005 -11"><span class='ocrx_word' id='word_1_728' title='bbox 1093 1979 1236 2018; x_wconf 76' lang='grc' dir='ltr'>βασιλιδος</span> <span class='ocrx_word' id='word_1_729' title='bbox 1269 1981 1516 2017; x_wconf 82' lang='grc' dir='ltr'>προθυμουμένων.</span> <span class='ocrx_word' id='word_1_730' title='bbox 1544 1982 1575 2011; x_wconf 75' lang='grc' dir='ltr'><strong>Ὀ</strong></span> <span class='ocrx_word' id='word_1_731' title='bbox 1595 1981 1624 2010; x_wconf 74' lang='grc' dir='ltr'>δὲ</span> <span class='ocrx_word' id='word_1_732' title='bbox 1641 1981 1769 2019; x_wconf 71' lang='grc' dir='ltr'>βασιλεὺς</span> <span class='ocrx_word' id='word_1_733' title='bbox 1797 1983 1866 2016; x_wconf 71' lang='grc' dir='ltr'>κατὰ</span> <span class='ocrx_word' id='word_1_734' title='bbox 1879 1983 1915 2012; x_wconf 76' lang='grc' dir='ltr'>τὸ</span> 
     </span>
    </p>
   </div>
   <div class='ocr_carea' id='block_1_104' title="bbox 1091 2024 1914 2065">
    <p class='ocr_par' dir='ltr' id='par_1_105' title="bbox 1091 2024 1914 2065">
     <span class='ocr_line' id='line_1_110' title="bbox 1091 2024 1914 2065; baseline 0.007 -14"><span class='ocrx_word' id='word_1_735' title='bbox 1091 2024 1230 2062; x_wconf 78' lang='grc' dir='ltr'>ἐγχωροῦν</span> <span class='ocrx_word' id='word_1_736' title='bbox 1260 2025 1373 2062; x_wconf 74' lang='grc' dir='ltr'>στρατὸν</span> <span class='ocrx_word' id='word_1_737' title='bbox 1403 2025 1537 2064; x_wconf 82' lang='grc' dir='ltr'>ἀγηοχὼς</span> <span class='ocrx_word' id='word_1_738' title='bbox 1558 2026 1603 2054; x_wconf 85' lang='grc' dir='ltr'>καὶ</span> <span class='ocrx_word' id='word_1_739' title='bbox 1623 2025 1740 2064; x_wconf 81' lang='grc' dir='ltr'>δύναμιν</span> <span class='ocrx_word' id='word_1_740' title='bbox 1765 2029 1808 2065; x_wconf 77' lang='grc' dir='ltr'>τῷ</span> <span class='ocrx_word' id='word_1_741' title='bbox 1822 2026 1914 2057; x_wconf 73' lang='grc' dir='ltr'>δοκιίν</span> 
     </span>
    </p>
   </div>
   <div class='ocr_carea' id='block_1_105' title="bbox 1089 2068 1914 2109">
    <p class='ocr_par' dir='ltr' id='par_1_106' title="bbox 1089 2068 1914 2109">
     <span class='ocr_line' id='line_1_111' title="bbox 1089 2068 1914 2109; baseline 0.006 -14"><span class='ocrx_word' id='word_1_742' title='bbox 1089 2068 1231 2106; x_wconf 77' lang='grc' dir='ltr'>ἀξιόλογον</span> <span class='ocrx_word' id='word_1_743' title='bbox 1256 2068 1479 2106; x_wconf 68' lang='grc' dir='ltr'>συστησάμενος,</span> <span class='ocrx_word' id='word_1_744' title='bbox 1514 2071 1680 2108; x_wconf 76' lang='grc' dir='ltr'>στρατηγούς</span> <span class='ocrx_word' id='word_1_745' title='bbox 1707 2081 1738 2099; x_wconf 77' lang='grc' dir='ltr'>τε</span> <span class='ocrx_word' id='word_1_746' title='bbox 1764 2071 1914 2109; x_wconf 62' lang='grc' dir='ltr'>ἐπιστήσας</span> 
     </span>
    </p>
   </div>
   <div class='ocr_carea' id='block_1_106' title="bbox 1089 2112 1914 2153">
    <p class='ocr_par' dir='ltr' id='par_1_107' title="bbox 1089 2112 1914 2153">
     <span class='ocr_line' id='line_1_112' title="bbox 1089 2112 1914 2153; baseline 0.007 -13"><span class='ocrx_word' id='word_1_747' title='bbox 1089 2113 1157 2150; x_wconf 79' lang='grc' dir='ltr'>αὐτῇ</span> <span class='ocrx_word' id='word_1_748' title='bbox 1176 2113 1221 2140; x_wconf 83' lang='grc' dir='ltr'>τόν</span> <span class='ocrx_word' id='word_1_749' title='bbox 1235 2124 1264 2140; x_wconf 89' lang='grc' dir='ltr'>τε</span> <span class='ocrx_word' id='word_1_750' title='bbox 1283 2112 1397 2151; x_wconf 72' lang='grc' dir='ltr'>ῥηθέντα</span> <span class='ocrx_word' id='word_1_751' title='bbox 1430 2114 1592 2151; x_wconf 86' lang='grc' dir='ltr'>Κατάκηλαν</span> <span class='ocrx_word' id='word_1_752' title='bbox 1619 2115 1665 2143; x_wconf 82' lang='grc' dir='ltr'>καὶ</span> <span class='ocrx_word' id='word_1_753' title='bbox 1691 2115 1737 2144; x_wconf 82' lang='grc' dir='ltr'>τὸν</span> <span class='ocrx_word' id='word_1_754' title='bbox 1755 2113 1914 2153; x_wconf 54' lang='grc' dir='ltr'>’ολ61ανᾶῃ</span> 
     </span>
    </p>
   </div>
   <div class='ocr_carea' id='block_1_107' title="bbox 1089 2154 1914 2196">
    <p class='ocr_par' dir='ltr' id='par_1_108' title="bbox 1089 2154 1914 2196">
     <span class='ocr_line' id='line_1_113' title="bbox 1089 2154 1914 2196; baseline 0.008 -12"><span class='ocrx_word' id='word_1_755' title='bbox 1089 2158 1220 2195; x_wconf 78' lang='grc' dir='ltr'>ἐπαφίησι</span> <span class='ocrx_word' id='word_1_756' title='bbox 1246 2158 1314 2185; x_wconf 78' lang='grc' dir='ltr'>κατὰ</span> <span class='ocrx_word' id='word_1_757' title='bbox 1341 2161 1390 2186; x_wconf 81' lang='grc' dir='ltr'>τοῦ</span> <span class='ocrx_word' id='word_1_758' title='bbox 1418 2169 1559 2195; x_wconf 82' lang='grc' dir='ltr'>τυραννου,</span> <span class='ocrx_word' id='word_1_759' title='bbox 1596 2158 1777 2196; x_wconf 73' lang='grc' dir='ltr'>Ἐπεμελεῖτο</span> <span class='ocrx_word' id='word_1_760' title='bbox 1807 2154 1840 2191; x_wconf 64' lang='grc' dir='ltr'>ξι</span> <span class='ocrx_word' id='word_1_761' title='bbox 1864 2162 1914 2191; x_wconf 66' lang='grc' dir='ltr'>καὶ</span> 
     </span>
    </p>
   </div>
   <div class='ocr_carea' id='block_1_108' title="bbox 1088 2201 1916 2244">
    <p class='ocr_par' dir='ltr' id='par_1_109' title="bbox 1088 2201 1916 2244">
     <span class='ocr_line' id='line_1_114' title="bbox 1088 2201 1916 2244; baseline 0.008 -15"><span class='ocrx_word' id='word_1_762' title='bbox 1088 2205 1141 2230; x_wconf 80' lang='grc' dir='ltr'>τῶν</span> <span class='ocrx_word' id='word_1_763' title='bbox 1158 2203 1226 2230; x_wconf 70' lang='grc' dir='ltr'>κατὰ</span> <span class='ocrx_word' id='word_1_764' title='bbox 1246 2201 1394 2238; x_wconf 74' lang='grc' dir='ltr'>θάλασσαν,</span> <span class='ocrx_word' id='word_1_765' title='bbox 1424 2203 1461 2235; x_wconf 85' lang='grc' dir='ltr'>ὡς</span> <span class='ocrx_word' id='word_1_766' title='bbox 1489 2203 1601 2232; x_wconf 78' lang='grc' dir='ltr'>ἀνυστὸν</span> <span class='ocrx_word' id='word_1_767' title='bbox 1614 2205 1659 2239; x_wconf 82' lang='grc' dir='ltr'>ἧν.</span> <span class='ocrx_word' id='word_1_768' title='bbox 1688 2205 1791 2244; x_wconf 74' lang='grc' dir='ltr'>Ὠσπερ</span> <span class='ocrx_word' id='word_1_769' title='bbox 1817 2203 1848 2237; x_wconf 60' lang='grc' dir='ltr'><strong>δέ</strong></span> <span class='ocrx_word' id='word_1_770' title='bbox 1871 2216 1916 2238; x_wconf 73' lang='grc' dir='ltr'>τις</span> 
     </span>
    </p>
   </div>
   <div class='ocr_carea' id='block_1_109' title="bbox 1088 2246 1911 2289">
    <p class='ocr_par' dir='ltr' id='par_1_110' title="bbox 1088 2246 1911 2289">
     <span class='ocr_line' id='line_1_115' title="bbox 1088 2246 1911 2289; baseline 0.007 -15"><span class='ocrx_word' id='word_1_771' title='bbox 1088 2246 1239 2285; x_wconf 69' lang='grc' dir='ltr'>χείμαρῥος</span> <span class='ocrx_word' id='word_1_772' title='bbox 1266 2246 1292 2283; x_wconf 81' lang='grc' dir='ltr'>ἐξ</span> <span class='ocrx_word' id='word_1_773' title='bbox 1322 2247 1436 2285; x_wconf 83' lang='grc' dir='ltr'>ὑψηλῶν</span> <span class='ocrx_word' id='word_1_774' title='bbox 1476 2247 1560 2285; x_wconf 81' lang='grc' dir='ltr'>ὀρέων</span> <span class='ocrx_word' id='word_1_775' title='bbox 1588 2249 1602 2277; x_wconf 85' lang='grc' dir='ltr'><strong>ὁ</strong></span> <span class='ocrx_word' id='word_1_776' title='bbox 1625 2249 1754 2288; x_wconf 77' lang='grc' dir='ltr'>τύραννος</span> <span class='ocrx_word' id='word_1_777' title='bbox 1785 2247 1911 2289; x_wconf 62' lang='grc' dir='ltr'>ἔτι).οῲ</span> 
     </span>
    </p>
   </div>
   <div class='ocr_carea' id='block_1_110' title="bbox 1087 2291 1916 2330">
    <p class='ocr_par' dir='ltr' id='par_1_111' title="bbox 1087 2291 1916 2330">
     <span class='ocr_line' id='line_1_116' title="bbox 1087 2291 1916 2330; baseline 0.006 -11"><span class='ocrx_word' id='word_1_778' title='bbox 1087 2293 1137 2327; x_wconf 77' lang='grc' dir='ltr'>τήν</span> <span class='ocrx_word' id='word_1_779' title='bbox 1152 2303 1181 2320; x_wconf 77' lang='grc' dir='ltr'>τε</span> <span class='ocrx_word' id='word_1_780' title='bbox 1206 2293 1273 2320; x_wconf 80' lang='grc' dir='ltr'>κατὰ</span> <span class='ocrx_word' id='word_1_781' title='bbox 1301 2293 1401 2330; x_wconf 73' lang='grc' dir='ltr'>χέρσον</span> <span class='ocrx_word' id='word_1_782' title='bbox 1427 2291 1541 2330; x_wconf 77' lang='grc' dir='ltr'>δύναμιν</span> <span class='ocrx_word' id='word_1_783' title='bbox 1567 2293 1613 2322; x_wconf 83' lang='grc' dir='ltr'>καὶ</span> <span class='ocrx_word' id='word_1_784' title='bbox 1640 2295 1691 2330; x_wconf 81' lang='grc' dir='ltr'>τήν</span> <span class='ocrx_word' id='word_1_785' title='bbox 1717 2296 1787 2324; x_wconf 68' lang='grc' dir='ltr'>κατὰ</span> <span class='ocrx_word' id='word_1_786' title='bbox 1809 2295 1916 2327; x_wconf 54' lang='grc' dir='ltr'>θάλασ-</span> 
     </span>
    </p>
   </div>
   <div class='ocr_carea' id='block_1_111' title="bbox 1094 2330 1907 2381">
    <p class='ocr_par' dir='ltr' id='par_1_112' title="bbox 1094 2330 1907 2381">
     <span class='ocr_line' id='line_1_117' title="bbox 1094 2330 1907 2381; baseline 0.007 -17"><span class='ocrx_word' id='word_1_787' title='bbox 1094 2347 1141 2364; x_wconf 86' lang='grc' dir='ltr'>σαν</span> <span class='ocrx_word' id='word_1_788' title='bbox 1170 2335 1333 2367; x_wconf 74' lang='grc' dir='ltr'>διεσκέδασε.</span> <span class='ocrx_word' id='word_1_789' title='bbox 1356 2337 1404 2381; x_wconf 77' lang='grc' dir='ltr'>καὶ</span> <span class='ocrx_word' id='word_1_790' title='bbox 1429 2338 1564 2373; x_wconf 78' lang='grc' dir='ltr'>τοσαύτην</span> <span class='ocrx_word' id='word_1_791' title='bbox 1593 2338 1704 2375; x_wconf 69' lang='grc' dir='ltr'>ἰνίθηκε</span> <span class='ocrx_word' id='word_1_792' title='bbox 1730 2339 1827 2369; x_wconf 71' lang='grc' dir='ltr'>πτοίαν</span> 
     </span>
    </p>
   </div>
   <div class='ocr_carea' id='block_1_112' title="bbox 1088 2375 1916 2424">
    <p class='ocr_par' dir='ltr' id='par_1_113' title="bbox 1088 2375 1916 2424">
     <span class='ocr_line' id='line_1_118' title="bbox 1088 2375 1916 2424; baseline 0.01 -16"><span class='ocrx_word' id='word_1_793' title='bbox 1088 2382 1197 2419; x_wconf 76' lang='grc' dir='ltr'>βασιλεῖ</span> <span class='ocrx_word' id='word_1_794' title='bbox 1212 2382 1250 2414; x_wconf 84' lang='grc' dir='ltr'>ὡς</span> <span class='ocrx_word' id='word_1_795' title='bbox 1263 2382 1309 2409; x_wconf 83' lang='grc' dir='ltr'>καὶ</span> <span class='ocrx_word' id='word_1_796' title='bbox 1325 2379 1437 2419; x_wconf 77' lang='grc' dir='ltr'>σιδηρᾶν</span> <span class='ocrx_word' id='word_1_797' title='bbox 1467 2381 1563 2411; x_wconf 75' lang='grc' dir='ltr'>ἅλυσιν</span> <span class='ocrx_word' id='word_1_798' title='bbox 1587 2383 1640 2412; x_wconf 79' lang='grc' dir='ltr'>ἀπὸ</span> <span class='ocrx_word' id='word_1_799' title='bbox 1667 2387 1719 2419; x_wconf 80' lang='grc' dir='ltr'>τῆς</span> 
     </span>
    </p>
   </div>
   <div class='ocr_carea' id='block_1_113' title="bbox 1087 2419 1914 2465">
    <p class='ocr_par' dir='ltr' id='par_1_114' title="bbox 1087 2419 1914 2465">
     <span class='ocr_line' id='line_1_119' title="bbox 1087 2419 1914 2465; baseline 0.007 -12"><span class='ocrx_word' id='word_1_800' title='bbox 1087 2426 1126 2458; x_wconf 85' lang='grc' dir='ltr'>ιίς</span> <span class='ocrx_word' id='word_1_801' title='bbox 1154 2427 1185 2454; x_wconf 85' lang='grc' dir='ltr'>τὸ</span> <span class='ocrx_word' id='word_1_802' title='bbox 1213 2426 1373 2465; x_wconf 78' lang='grc' dir='ltr'>καταντικρὺ</span> <span class='ocrx_word' id='word_1_803' title='bbox 1401 2427 1546 2465; x_wconf 84' lang='grc' dir='ltr'>πολίχνιον</span> <span class='ocrx_word' id='word_1_804' title='bbox 1573 2429 1724 2464; x_wconf 76' lang='grc' dir='ltr'>ἀποτεῖναι,</span> <span class='ocrx_word' id='word_1_805' title='bbox 1745 2419 1798 2465; x_wconf 56' lang='grc' dir='ltr'>τήν</span> 
     </span>
    </p>
   </div>
   <div class='ocr_carea' id='block_1_114' title="bbox 1087 2463 1917 2514">
    <p class='ocr_par' dir='ltr' id='par_1_115' title="bbox 1087 2463 1917 2514">
     <span class='ocr_line' id='line_1_120' title="bbox 1087 2463 1917 2514; baseline 0.008 -16"><span class='ocrx_word' id='word_1_806' title='bbox 1087 2468 1186 2498; x_wconf 77' lang='grc' dir='ltr'>ἄϐατον</span> <span class='ocrx_word' id='word_1_807' title='bbox 1212 2463 1348 2508; x_wconf 79' lang='grc' dir='ltr'>τηροῦσαν</span> <span class='ocrx_word' id='word_1_808' title='bbox 1381 2463 1527 2504; x_wconf 72' lang='grc' dir='ltr'>θάλασσαν.</span> <span class='ocrx_word' id='word_1_809' title='bbox 1556 2474 1607 2502; x_wconf 87' lang='grc' dir='ltr'>Ἦν</span> <span class='ocrx_word' id='word_1_810' title='bbox 1631 2472 1661 2502; x_wconf 75' lang='grc' dir='ltr'>δι</span> <span class='ocrx_word' id='word_1_811' title='bbox 1683 2463 1729 2506; x_wconf 64' lang='grc' dir='ltr'>τις</span> 
     </span>
    </p>
   </div>
   <div class='ocr_carea' id='block_1_115' title="bbox 1088 2509 1914 2559">
    <p class='ocr_par' dir='ltr' id='par_1_116' title="bbox 1088 2509 1914 2559">
     <span class='ocr_line' id='line_1_121' title="bbox 1088 2509 1914 2559; baseline 0.007 -16"><span class='ocrx_word' id='word_1_812' title='bbox 1088 2515 1233 2559; x_wconf 78' lang='grc' dir='ltr'>ὑπερόριος</span> <span class='ocrx_word' id='word_1_813' title='bbox 1262 2515 1287 2543; x_wconf 75' lang='grc' dir='ltr'>ἰν</span> <span class='ocrx_word' id='word_1_814' title='bbox 1317 2516 1415 2554; x_wconf 84' lang='grc' dir='ltr'>Σκύρω</span> <span class='ocrx_word' id='word_1_815' title='bbox 1441 2518 1476 2554; x_wconf 82' lang='grc' dir='ltr'>τῇ</span> <span class='ocrx_word' id='word_1_816' title='bbox 1505 2518 1580 2554; x_wconf 72' lang='grc' dir='ltr'>νήσῳ</span> <span class='ocrx_word' id='word_1_817' title='bbox 1607 2517 1672 2559; x_wconf 78' lang='grc' dir='ltr'>(μία</span> <span class='ocrx_word' id='word_1_818' title='bbox 1691 2517 1734 2559; x_wconf 33' lang='grc' dir='ltr'>βὶι</span> 
     </span>
    </p>
   </div>
   <div class='ocr_carea' id='block_1_116' title="bbox 1087 2551 1916 2603">
    <p class='ocr_par' dir='ltr' id='par_1_117' title="bbox 1087 2551 1916 2603">
     <span class='ocr_line' id='line_1_122' title="bbox 1087 2551 1916 2603; baseline 0.008 -16"><span class='ocrx_word' id='word_1_819' title='bbox 1087 2558 1260 2597; x_wconf 80' lang='grc' dir='ltr'>Κυκλάδων),</span> <span class='ocrx_word' id='word_1_820' title='bbox 1276 2551 1438 2600; x_wconf 59' lang='grc' dir='ltr'>ἀδελφιδοῦς</span> <span class='ocrx_word' id='word_1_821' title='bbox 1464 2551 1514 2598; x_wconf 70' lang='grc' dir='ltr'>μὲν</span> <span class='ocrx_word' id='word_1_822' title='bbox 1709 2599 1713 2601; x_wconf 25' lang='grc' dir='ltr'><em>Π</em></span> 
     </span>
    </p>
   </div>
   <div class='ocr_carea' id='block_1_117' title="bbox 1089 2598 1918 2648">
    <p class='ocr_par' dir='ltr' id='par_1_118' title="bbox 1089 2598 1918 2648">
     <span class='ocr_line' id='line_1_123' title="bbox 1089 2598 1918 2648; baseline 0.005 -17"><span class='ocrx_word' id='word_1_823' title='bbox 1089 2605 1234 2642; x_wconf 76' lang='grc' dir='ltr'>βασιλέως,</span> <span class='ocrx_word' id='word_1_824' title='bbox 1254 2598 1355 2633; x_wconf 81' lang='grc' dir='ltr'>τούτου</span> <span class='ocrx_word' id='word_1_825' title='bbox 1382 2603 1412 2633; x_wconf 73' lang='grc' dir='ltr'>δὲ</span> <span class='ocrx_word' id='word_1_826' title='bbox 1436 2598 1622 2644; x_wconf 65' lang='grc' dir='ltr'>ἀναιρεθέντος</span> 
     </span>
    </p>
   </div>
   <div class='ocr_carea' id='block_1_118' title="bbox 1087 2639 1921 2690">
    <p class='ocr_par' dir='ltr' id='par_1_119' title="bbox 1087 2639 1921 2690">
     <span class='ocr_line' id='line_1_124' title="bbox 1087 2639 1921 2690; baseline 0.008 -14"><span class='ocrx_word' id='word_1_827' title='bbox 1087 2639 1223 2681; x_wconf 71' lang='grc' dir='ltr'>ποκλᾶκις</span> <span class='ocrx_word' id='word_1_828' title='bbox 1249 2650 1293 2677; x_wconf 81' lang='grc' dir='ltr'>καὶ</span> <span class='ocrx_word' id='word_1_829' title='bbox 1320 2650 1366 2677; x_wconf 83' lang='grc' dir='ltr'>τὸν</span> <span class='ocrx_word' id='word_1_830' title='bbox 1395 2639 1513 2688; x_wconf 75' lang='grc' dir='ltr'>Μιχαὴλ</span> <span class='ocrx_word' id='word_1_831' title='bbox 1535 2651 1575 2682; x_wconf 78' lang='grc' dir='ltr'>είς</span> <span class='ocrx_word' id='word_1_832' title='bbox 1603 2639 1921 2690; x_wconf 54' lang='grc' dir='ltr'>πρόιηιοίτο-ἧιΔ</span> 
     </span>
    </p>
   </div>
   <div class='ocr_carea' id='block_1_119' title="bbox 1088 2692 1922 2766">
    <p class='ocr_par' dir='ltr' id='par_1_120' title="bbox 1088 2692 1922 2766">
     <span class='ocr_line' id='line_1_125' title="bbox 1088 2692 1922 2736; baseline 0.002 -16"><span class='ocrx_word' id='word_1_833' title='bbox 1088 2692 1133 2721; x_wconf 76' lang='grc' dir='ltr'>διὰ</span> <span class='ocrx_word' id='word_1_834' title='bbox 1146 2693 1192 2721; x_wconf 82' lang='grc' dir='ltr'>τὸν</span> <span class='ocrx_word' id='word_1_835' title='bbox 1212 2693 1309 2733; x_wconf 75' lang='grc' dir='ltr'>φόνον,</span> <span class='ocrx_word' id='word_1_836' title='bbox 1324 2695 1370 2722; x_wconf 81' lang='grc' dir='ltr'>καὶ</span> <span class='ocrx_word' id='word_1_837' title='bbox 1400 2693 1445 2722; x_wconf 83' lang='grc' dir='ltr'>διὰ</span> <span class='ocrx_word' id='word_1_838' title='bbox 1471 2697 1552 2724; x_wconf 79' lang='grc' dir='ltr'>τοῦτο</span> <span class='ocrx_word' id='word_1_839' title='bbox 1577 2696 1628 2732; x_wconf 82' lang='grc' dir='ltr'>τήν</span> <span class='ocrx_word' id='word_1_840' title='bbox 1654 2695 1802 2736; x_wconf 55' lang='grc' dir='ltr'>ὑπερορίαν</span> <span class='ocrx_word' id='word_1_841' title='bbox 1826 2703 1922 2731; x_wconf 55' lang='grc' dir='ltr'><strong>πεπρ</strong></span> 
     </span>
     <span class='ocr_line' id='line_1_126' title="bbox 1088 2732 1878 2766; baseline 0.001 0"><span class='ocrx_word' id='word_1_842' title='bbox 1088 2743 1185 2766; x_wconf 78' lang='lat' dir='ltr'>:mm</span> <span class='ocrx_word' id='word_1_843' title='bbox 1206 2744 1309 2766; x_wconf 66' lang='lat' dir='ltr'>unm</span> <span class='ocrx_word' id='word_1_844' title='bbox 1723 2732 1878 2766; x_wconf 55' lang='grc' dir='ltr'>νεηνιωτ</span> 
     </span>
    </p>
   </div>
   <div class='ocr_carea' id='block_1_120' title="bbox 1723 2739 1819 2767">
    <p class='ocr_par' dir='ltr' id='par_1_121' title="bbox 1723 2739 1819 2767">
     <span class='ocr_line' id='line_1_127' title="bbox 1723 2739 1819 2767; baseline 0.042 -8"><span class='ocrx_word' id='word_1_845' title='bbox 1723 2739 1819 2767; x_wconf 62' lang='grc' dir='ltr'>ιιιῖαιὶὶ</span> 
     </span>
    </p>
   </div>
   <div class='ocr_carea' id='block_1_121' title="bbox 1823 2771 1937 2794">
    <p class='ocr_par' dir='ltr' id='par_1_122' title="bbox 1823 2771 1937 2794">
     <span class='ocr_line' id='line_1_128' title="bbox 1823 2771 1937 2794; baseline 0 0"><span class='ocrx_word' id='word_1_846' title='bbox 1823 2771 1937 2794; x_wconf 53' lang='lat' dir='ltr'>Iam—</span> 
     </span>
    </p>
   </div>
   <div class='ocr_carea' id='block_1_122' title="bbox 1086 2824 1987 2882">
    <p class='ocr_par' dir='ltr' id='par_1_123' title="bbox 1086 2824 1987 2882">
     <span class='ocr_line' id='line_1_129' title="bbox 1086 2824 1987 2882; baseline 0.001 -29"><span class='ocrx_word' id='word_1_847' title='bbox 1086 2831 1197 2854; x_wconf 86' lang='lat' dir='ltr'>nomen</span> <span class='ocrx_word' id='word_1_848' title='bbox 1213 2824 1387 2862; x_wconf 83' lang='lat' dir='ltr'>sumpsisse.</span> <span class='ocrx_word' id='word_1_849' title='bbox 1398 2824 1474 2856; x_wconf 61' lang='lat' dir='ltr'>Xni</span> <span class='ocrx_word' id='word_1_850' title='bbox 1599 2854 1603 2869; x_wconf 20' lang='grc' dir='ltr'><em>Δ</em></span> <span class='ocrx_word' id='word_1_851' title='bbox 1983 2840 1987 2867; x_wconf 64' lang='grc' dir='ltr'><em>ς</em></span> 
     </span>
    </p>
   </div>
   <div class='ocr_carea' id='block_1_123' title="bbox 1720 2715 2042 3105">
    <p class='ocr_par' dir='ltr' id='par_1_124' title="bbox 1720 2715 1987 2919">
     <span class='ocr_line' id='line_1_130' title="bbox 1720 2715 1908 2767; baseline 0.021 -8"><span class='ocrx_word' id='word_1_852' title='bbox 1903 2728 1908 2731; x_wconf 69' lang='grc'><em>’</em></span> 
     </span>
     <span class='ocr_line' id='line_1_131' title="bbox 1720 2814 1987 2890; baseline 0.011 -20"><span class='ocrx_word' id='word_1_853' title='bbox 1720 2823 1820 2879; x_wconf 51' lang='lat' dir='ltr'>uitreo.</span> <span class='ocrx_word' id='word_1_854' title='bbox 1983 2840 1987 2867; x_wconf 59' lang='grc' dir='ltr'>ί</span> 
     </span>
     <span class='ocr_line' id='line_1_132' title="bbox 1902 2906 1907 2919; baseline 0 0"><span class='ocrx_word' id='word_1_855' title='bbox 1902 2906 1907 2919; x_wconf 72' lang='grc' dir='ltr'><strong><em>ο</em></strong></span> 
     </span>
    </p>
   </div>
  </div>
