4148 6212
298 350 422 412 965

1429 344 1973 410 HISTORIARUM
2017 345 2572 414 COMPENDIUM.

3596 355 3716 416 966

307 483 538 556 κριθείς.
597 485 809 540 Τουτον
867 480 1424 557 προσεταιρισάμενος
1473 482 1500 534 6
1559 485 1758 556 Θωμᾶς
1815 500 1970 555 στρα-

2086 483 2154 539 Ut
2204 502 2340 542 vero
2389 485 2540 540 nihil
2601 485 3026 559 exspectationi
3080 487 3210 558 ejus
3259 494 3725 548 consentaneum

310 575 578 648 τεύματός
634 595 784 636 τινος
837 575 974 628 κατὰ
1033 579 1138 649 γῆν
1196 571 1324 626 ὡσεὶ
1384 568 1657 648 χιλιάδων
1693 569 1817 626 δέκα
1841 571 1965 626 ἀναι·

311 663 548 721 δείκνυσι
600 663 924 737 στρατηγόν·
977 660 1066 716 καὶ
1110 661 1202 716 τὸν
1251 661 1386 716 κατὰ
1436 659 1700 716 θάλατταν
1755 657 1812 714 δὲ
1843 660 1968 715 στό-

309 755 407 813 λον
491 752 944 826 εὐτρεπισάμενος
1029 751 1118 806 καὶ
1196 749 1378 826 ἕτερον
1438 750 1590 822 αύτῷ
1674 748 1967 818 ἐπιστήσας

309 843 634 918 στρατηγὸν,
702 841 817 897 οἷόν
877 861 1030 903 τινας
1097 837 1450 915 προδρόμους
1518 838 1768 910 ἐξὲπεμξε
1830 837 1969 893 κατά

306 941 408 1003 τῆς
467 929 773 1008 βασιλίδος,
834 927 926 984 διά
980 949 1038 984 τε
1092 937 1197 1002 γῆς
1254 929 1344 983 καὶ
1378 926 1654 998 θαλάσσης
1686 925 1968 1006 ὠφέλιμον

311 1022 450 1078 εἶναι
506 1020 694 1096 κρίνας
749 1024 1021 1082 ποιεῖσθαι
1079 1018 1174 1080 τὰς
1231 1012 1572 1092 προσϐολάς.
1633 1013 1710 1074 Οὗ
1742 1014 1968 1090 γενομέ-

311 1133 431 1179 νου,
487 1110 578 1166 καὶ
635 1110 771 1166 κατὰ
821 1107 1018 1163 ταυτὸν
1075 1106 1442 1186 ἀναφανέντων
1470 1128 1578 1162 των
1618 1126 1674 1162 τε
1701 1111 1966 1161 ναυτικῶν

311 1201 403 1256 καὶ
487 1202 722 1269 πεζικῶν
811 1194 1092 1270 δυνάμεων
1157 1195 1210 1251 ἐν
1281 1200 1360 1268 τῷ
1425 1195 1562 1270 πρὸς
1627 1192 1968 1270 Βλαχέρναις

315 1287 535 1357 κόλπῳ,
593 1289 864 1362 ἀντισχεῖν
921 1284 1068 1349 ὅλως
1118 1285 1194 1358 μή
1251 1283 1594 1356 δυνηθείσης,
1649 1284 1722 1346 ὡς
1773 1280 1968 1356 εἷ’ρται,

308 1385 411 1448 τῆς
464 1375 820 1450 ἐκτεταμένης
882 1371 1112 1448 σιδηρᾶς
1171 1372 1438 1443 ἀλύσεως,
1497 1367 1804 1448 προσϐολαὶ
1851 1376 1969 1433 τοῖς

309 1466 520 1541 τείχεσι
547 1465 890 1540 πανταχόθεν
946 1461 1214 1539 ἐγίνοντο.
1276 1461 1515 1530 Ἐπῆλθε
1545 1459 1602 1518 δὲ
1637 1463 1750 1536 μετ’
1785 1459 1972 1538 ὀλίγον

311 1555 400 1609 καὶ
459 1557 487 1609 6
547 1559 772 1628 Θωμᾶς,
831 1553 923 1608 καὶ
977 1551 1195 1627 ἐνεργὸς
1253 1551 1510 1606 πάντοθεν
1563 1549 1974 1628 ἐγίνετοὴπο-

315 1642 558 1720 λιορκία.
593 1641 763 1701 Οὐδὲν
815 1639 873 1697 δὲ
929 1641 958 1695 ’ὁ
1016 1662 1068 1696 τι
1130 1640 1220 1695 καὶ
1278 1638 1446 1717 λόγου
1478 1639 1622 1710 ἃξιον
1655 1637 1968 1714 ἐπράττετο,

312 1737 421 1789 τῶν
478 1728 630 1787 ἔνδον
693 1730 981 1807 εὐρώστως
1038 1729 1397 1804 ἀμυνομένων
1439 1728 1653 1792 καὶτὰς
1687 1727 1970 1792 ἑλεπόλεις

315 1821 750 1897 ἐκκρουομένων.
810 1821 968 1899 ᾯετο
1061 1819 1156 1892 μὲν
1237 1820 1342 1894 γάρ
1399 1820 1428 1873 6
1487 1823 1687 1892 Θωμᾶς
1741 1818 1854 1892 ἅμα
1912 1839 1970 1874 τε

315 1911 641 1990 ἐπιφανῆναι
677 1913 750 1983 τῇ
809 1906 1052 1983 βασιλίδι
1110 1908 1199 1963 καὶ
1260 1909 1372 1980 ἃμα
1423 1907 1550 1969 τοὺς
1580 1906 1811 1970 πολίτας
1843 1906 1972 1962 ἀνα-

313 2002 532 2056 πετάσει
565 1999 713 2070 αύτῷ
767 1999 864 2058 τὰς
923 1995 1102 2060 πύλας
1161 1993 1250 2051 διὰ
1307 1997 1369 2050 τὸ
1429 1996 1566 2070 πρὸς
1608 1996 1698 2050 τὸν
1735 1994 1972 2070 Μιχαὴλ

325 2094 508 2162 μῖσος,
563 2087 654 2143 καὶ
714 2085 804 2142 διὰ
857 2091 1018 2142 τοῦτο
1076 2087 1170 2141 τόν
1226 2106 1284 2140 τε
1340 2085 1646 2162 Γρηγόριον
1707 2087 1843 2159 (73),
1897 2085 1971 2147 ὡς

319 2177 566 2252 εἴπομεν,
611 2177 874 2252 πρότερον
933 2173 1164 2250 ἔπεμψε,
1221 2173 1310 2229 καὶ
1359 2173 1519 2236 αύτὸς
1575 2171 1803 2228 πανσυδὶ
1837 2174 1972 2246 μετὰ

310 2271 404 2326 καὶ
459 2274 557 2325 τοῦ
614 2266 1021 2339 υἱοθετηθέντος
1079 2268 1232 2340 αὐτῷ
1294 2268 1668 2336 Ἀναστασίου,
1717 2263 1836 2341 ἄρτι
1877 2266 1969 2321 τὸν

313 2359 613 2435 μοναχικὸν
674 2357 1050 2434 ἀρνησαμένου
1114 2355 1234 2432 βίον
1287 2356 1378 2411 καὶ
1423 2353 1560 2430 πρὸς
1586 2355 1677 2410 τὸν
1708 2355 1971 2428 κοσμικὸν

313 2447 738 2516 ἀποκλίναντος,
787 2445 1015 2502 κατόπιν
1077 2443 1550 2516 ἐπηκολούθησεν·
1609 2443 1683 2506 ὡς
1733 2441 1790 2498 δὲ
1821 2439 1974 2515 οὐδὲν

309 2538 422 2590 τῶν
481 2535 599 2589 κατ’
641 2531 871 2598 ἐλπίδας
928 2533 1076 2606 αὐτῷ
1133 2533 1463 2603 ἀπήντησεν,
1496 2531 1642 2588 ἀλλὰ
1670 2531 1760 2586 καὶ
1786 2526 1973 2606 ὕϐρεσι

327 2621 544 2696 μᾶλλον
599 2621 701 2677 ὑπὸ
752 2625 859 2676 τῶν
921 2615 1072 2677 ἔνδον
1131 2619 1416 2691 ἐπλύνετο,
1467 2621 1591 2675 τότε
1637 2621 1732 2693 μὲν
1763 2641 1974 2694 παρεμ-

328 2708 507 2782 ϐολὴν
539 2711 590 2766 ἐν
622 2716 738 2773 τοῖς
798 2708 1097 2780 Παυλίνου,
1156 2704 1278 2773 ἔνθα
1316 2710 1380 2766 τὸ
1407 2713 1514 2764 τῶν
1544 2711 1973 2788 θαυματουργιῖΝ

320 2799 676 2877 Ἀναργύρων
739 2801 852 2873 (74)
906 2797 1130 2872 τέμενος
1181 2796 1420 2874 ἵδρυται,
1483 2800 1561 2871 [Ρ.
1609 2801 1738 2872 503]
1770 2799 1974 2874 ὀχυρὰν

320 2890 578 2960 ἐπήξατο,
615 2889 743 2944 λαὸν
774 2885 831 2942 δὲ
879 2889 1186 2964 πεπομφὼς
1239 2885 1370 2963 ἄχρι
1434 2891 1532 2942 τοῦ
1565 2887 1816 2961 Εὐξείνου
1845 2887 1972 2942 πόν-

313 2999 415 3033 του
475 2977 567 3032 καὶ
625 2981 723 3031 τοῦ
783 2977 952 3051 Ἰεροῦ
1003 2975 1331 3050 ἀπεπειρᾶτο
1385 2981 1494 3030 τῶν
1549 2973 1884 3054 πολιχνίων,
1925 2975 1974 3030 εἲ

314 3086 432 3128 πως
465 3065 603 3120 αὖτὰ
652 3065 991 3140 προσαγάγοι
1049 3065 1138 3119 καὶ
1199 3065 1276 3137 μή
1332 3085 1449 3118 τινα
1477 3063 1612 3118 κατὰ
1641 3064 1818 3117 νώτου
1849 3057 1976 3138 ἔχοι

317 3143 537 3231 ἐχθρόν.
593 3157 778 3213 Ταῦτα
837 3152 893 3210 δὲ
947 3153 1440 3227 καταστησάμενος,
1483 3154 1572 3208 καί
1629 3174 1777 3215 τινας
1832 3154 1976 3226 ἡμέ-

2076 574 2293 639 evenit,
2325 575 2427 631 sed
2458 575 2836 632 contumeliis
2867 593 3102 648 quoque
3155 584 3244 632 est
3291 578 3364 633 ab
3410 581 3724 651 oppidanis

2075 662 2343 731 allectus,
2377 664 2458 718 ibi
2494 671 2620 720 tum
2644 671 2838 722 castra
2861 667 2919 721 in
2944 667 3074 722 loco
3100 667 3198 738 qui
3223 668 3455 722 Paulini
3486 668 3721 740 dicitur,

2075 751 2175 804 ubi
2208 752 2598 810 miriﬁcorum
2627 757 3066 827 Anargyrorum
3089 755 3379 826 templum
3407 759 3722 824 est,admo-

2075 841 2216 896 dum
2251 844 2484 910 muniit,
2521 845 2800 916 misitque
2856 846 3175 902 exercitum
3231 847 3303 901 ad
3345 864 3508 903 mare
3538 866 3726 920 usque

2075 931 2370 986 Euxinum
2404 937 2462 987 et
2507 933 2581 988 ad
2625 933 2885 1001 Hierum,
2920 934 3200 1007 oppidula
3229 935 3304 990 ad
3335 936 3727 994 defectionem

2077 1019 2402 1077 sollieitans
2425 1039 2501 1077 ne
2528 1039 2705 1095 quem
2728 1039 2763 1078 a
2783 1029 2944 1096 tergo
2975 1025 3204 1080 hostem
3236 1025 3731 1098 relinqueret.llis

2077 1107 2160 1163 ita
2189 1110 2551 1175 constitutis,
2585 1111 2724 1166 dum
2757 1113 3065 1184 apparatui
3097 1113 3325 1184 aliquot
3352 1114 3478 1170 dies
3508 1117 3733 1188 impen-

2077 1196 2183 1263 dit,
2217 1213 2289 1252 ex
2320 1199 2560 1271 specula
2610 1200 2866 1271 quadam
2916 1199 3072 1256 videt
3103 1202 3454 1258 Michaelum
3487 1203 3547 1258 in
3579 1209 3732 1260 tecto

2077 1286 2220 1342 redis
2241 1288 2508 1360 Deiparm
2534 1289 2984 1345 Blachernensis
3007 1291 3240 1364 signum
3275 1291 3415 1347 belli
3448 1292 3729 1364 defigere,

2077 1376 2335 1449 indeque
2355 1379 2508 1436 vires
2538 1385 2744 1434 contra
2801 1379 3031 1435 hostem
3061 1379 3380 1451 deposcere
3411 1386 3588 1452 atque
3620 1399 3728 1437 ex-

2077 1472 2366 1538 spectare,
2401 1468 2591 1524 filium
2621 1474 2819 1525 autem
2845 1470 2978 1540 ejus
3001 1469 3391 1540 Theophilum
3424 1475 3547 1526 tota
3567 1471 3732 1527 urbis

2063 1557 2297 1612 mmnia
2326 1557 2641 1614 circumire
2672 1574 2808 1614 cum
2840 1559 3178 1630 patriarcha
3211 1564 3265 1613 et
3295 1575 3463 1614 sacro
3499 1560 3733 1626 ordine,

2083 1661 2299 1717 eosque
2318 1664 2520 1703 secum
2545 1647 2928 1703 circumferre
2950 1647 3174 1721 lignum
3197 1649 3475 1717 crucis,et
3497 1648 3732 1705 intacta)

2079 1736 2345 1806 Deiparaa
2377 1743 2619 1793 vestem.
2655 1739 2772 1792 Hoc
2824 1753 2960 1809 spes
3003 1738 3133 1809 ejus
3165 1738 3236 1793 de
3269 1753 3502 1792 summa
3530 1755 3729 1794 rerum

2079 1824 2246 1879 valde
2286 1825 2679 1897 labefactavit,
2712 1827 3006 1898 variisque
3057 1827 3373 1882 distractus
3421 1828 3730 1899 cogitatio-

2081 1913 2258 1969 nibus
2289 1919 2348 1968 et
2377 1915 2609 1970 consilii
2632 1917 2915 1982 incertus,
2935 1917 3174 1970 tandem
3200 1916 3568 1972 multitudini
3593 1933 3733 1972 suo-

2081 2018 2217 2057 rum
2249 2003 2510 2058 confisus
2543 2020 2740 2076 pugna
2782 2004 3105 2060 decernere
3137 2005 3363 2060 statuit.
3396 2007 3599 2076 Itaque
3633 2022 3734 2076 po-

2081 2090 2287 2147 stridie
2325 2092 2520 2164 prima
2567 2093 2698 2147 luce
2745 2092 3063 2148 classicum
3111 2109 3324 2148 canere
3350 2093 3542 2164 jubet,
3576 2093 3729 2150 882

2082 2195 2220 2234 suos
2252 2180 2462 2236 castris
2494 2181 2708 2250 educit,
2742 2181 2864 2236 ﬁlio
2907 2183 3208 2237 terrestris
3251 2183 3400 2238 muri
3435 2199 3735 2256 oppugna-

2082 2267 2307 2324 tionem
2326 2268 2677 2325 demandat:
2702 2269 2826 2340 ipse
2851 2287 2985 2325 cum
3009 2271 3219 2341 majori
3241 2272 3546 2342 copiarum
3568 2277 3736 2342 parte

2079 2355 2583 2428 validioribusque
2634 2358 2924 2412 machinis
2949 2364 3005 2413 et
3029 2359 3344 2414 tormentis
3381 2364 3572 2414 turres
3606 2359 3732 2414 Bla-

2081 2444 2441 2500 chernenses
2498 2446 2851 2518 aggreditur,
2914 2447 3104 2502 scalas
3169 2448 3356 2501 muris
3415 2447 3730 2502 altitudine

2082 2533 2338 2606 aquales
2368 2534 2694 2604 applicans,
2729 2534 2872 2590 alibi
2927 2535 3279 2600 testudines,
3338 2535 3481 2590 alibi
3511 2535 3729 2590 arietes

2081 2621 2392 2689 adhibens,
2420 2625 2850 2696 tormentisque
2880 2641 3023 2680 saxa
3062 2623 3428 2695 jactantibus
3462 2625 3726 2696 undique

2082 2717 2274 2766 utens.
2309 2713 2572 2784 Denique
2602 2713 2765 2768 omni
2794 2719 2918 2770 arte
2974 2730 3040 2768 ac
3071 2718 3286 2768 conatu
3317 2714 3528 2768 nititur
3559 2713 3730 2786 oppi-

2081 2799 2266 2856 danos
2291 2807 2621 2872 perterrere
2643 2803 2970 2874 urbemque
2991 2819 3223 2871 capere.
3249 2803 3529 2872 Reliquos
3551 2803 3730 2858 etiam

2081 2906 2284 2944 muros
2314 2891 2619 2946 navalibus
2650 2891 2838 2962 copiis
2881 2891 3084 2963 cingit,
3117 2891 3250 2963 igne
3294 2897 3352 2946 et
3409 2890 3735 2946 missilibus

2081 2983 2312 3034 terrens
2367 2981 2566 3050 Neque
2627 2985 2824 3034 tamen
2886 2979 3215 3050 quidquam
3275 2985 3439 3036 tanta
3478 2981 3528 3034 vi
3559 2986 3736 3051 atque

2080 3072 2368 3138 apparatu
2389 3073 2740 3123 consecutus
2765 3067 3144 3124 est.Classem
3168 3069 3325 3123 enim
3350 3069 3510 3124 illico
3527 3074 3737 3124 ventus

2082 3155 2364 3211 adversus
2411 3155 2738 3228 dissipavit,
2771 3156 3007 3227 aliaque
3045 3157 3164 3211 alio
3208 3156 3442 3229 navigia
3478 3156 3734 3228 disjecit,

330 3265 428 3319 ρας
486 3243 564 3308 εἴς
623 3246 967 3320 παρασκευήν
1027 3240 1151 3304 δοὺς
1210 3243 1404 3315 ἐαυτῷ,
1460 3243 1533 3304 ὡς
1592 3236 1652 3296 ἔκ
1677 3263 1824 3306 τινος
1853 3243 1979 3298 ἀπό-

2086 3251 2435 3318 tempestate
2463 3247 2796 3302 vehementi
2838 3247 3065 3314 oborta,
3095 3251 3252 3303 terra
3301 3263 3537 3318 quoque
3569 3247 3741 3318 oppi-

323 3350 466 3389 πτου
497 3331 713 3388 κατεῖδε
750 3333 841 3388 τὸν
907 3333 998 3405 μὶν
1058 3329 1289 3408 Μιχαὴλ
1318 3332 1379 3386 16
1411 3331 1714 3404 πολεμικὸν
1748 3337 1974 3406 σημεῖον

325 3423 414 3479 ἐπὶ
444 3427 547 3478 τοῦ
579 3422 800 3499 στέγους
829 3425 927 3477 τοῦ
973 3424 1073 3486 τῆς
1121 3419 1388 3476 Θεοτόκου
1417 3426 1516 3476 τοῦ
1549 3420 1600 3476 ἐν
1635 3419 1978 3497 Βλαχέρναις

323 3512 614 3587 πεπηγότα
670 3514 820 3576 ναοῦ,
881 3511 1126 3565 κάκεῖθεν
1185 3511 1286 3579 τήν
1360 3510 1496 3566 κατᾶ
1550 3514 1656 3566 τῶν
1727 3509 1981 3566 ἐναντίων

325 3599 486 3675 ἰσχὺν
560 3599 942 3674 ἐξαιτούμενόν
1028 3619 1086 3654 τε
1149 3599 1237 3654 καὶ
1307 3593 1819 3674 προσλαμϐάνοντα,
1885 3599 1980 3654 τὸν

325 3690 440 3744 υἱὸν
469 3686 526 3743 δὲ
555 3689 726 3744 αὐτοῦ
782 3686 1050 3766 Θεόφιλον
1083 3687 1254 3742 πάντα
1311 3688 1403 3742 τὸν
1457 3694 1559 3756 τῆς
1591 3687 1808 3750 πόλεως
1839 3686 1982 3762 περί-

328 3773 498 3834 ϐολον
535 3777 670 3852 μετά
715 3781 814 3832 τοῦ
871 3779 1216 3852 πατριάργου
1271 3777 1362 3831 καὶ
1419 3779 1516 3829 τοῦ
1549 3775 1635 3831 ὑπ’
1669 3775 1828 3830 αὐτὸν
1859 3777 1984 3854 τάγ-

333 3888 501 3942 ματος
551 3863 1006 3942 περικυκλοῦντα,
1063 3866 1126 3920 τό
1182 3886 1240 3920 τε
1293 3866 1564 3933 ζωοποιὸν
1611 3869 1708 3920 τοῦ
1754 3868 1985 3939 σταυροῦ

328 3955 490 4028 ξύλον
551 3955 945 4034 ἐπιφερόμενον
1002 3954 1092 4008 καὶ
1149 3956 1247 4023 τὴν
1307 3948 1504 4022 ἕσθῆτα
1568 3960 1667 4023 τῆς
1709 3954 1985 4029 πανάγνου

328 4045 593 4101 Θεοτόκου
627 4047 762 4120 (75),
807 4045 882 4106 εἰς
929 4042 1148 4113 πολλὴν
1209 4049 1318 4098 τῶν
1373 4045 1710 4118 πραγμάτων
1743 4043 1988 4099 ἐνέπιπτε

332 4133 714 4190 δυσελπιστίαν
769 4134 860 4188 καὶ
935 4138 1192 4196 παντοῖος
1268 4139 1388 4194 ταῖς
1461 4134 1707 4209 γνώμαις
1763 4132 1986 4208 ἐγίνετο.

334 4223 448 4281 Οὐκ
501 4217 643 4299 ἔχων
703 4220 748 4277 δ’
809 4223 838 4276 ὅ
894 4243 945 4276 τι
1005 4222 1096 4276 ναὶ
1154 4220 1418 4296 πράξειεν,
1476 4221 1662 4282 ἄλλως
1710 4242 1766 4276 τε
1816 4219 1870 4275 δὲ
1900 4237 1990 4290 καὶ

332 4309 494 4388 ὄχλῳ
546 4312 791 4386 τοσούτῳ
846 4309 1057 4388 θαῤῥῶν
1132 4311 1194 4367 τὸ
1280 4309 1410 4366 ὅλον
1479 4308 1571 4365 διὰ
1635 4313 1823 4387 μάχης
1872 4331 1991 4387 κρι-

335 4401 804 4477 θῆναιήπείγετο.
855 4404 1011 4464 Ὅθεν
1067 4403 1136 4474 τῇ
1195 4400 1318 4471 ἑξῆς
1375 4398 1488 4473 ἃμα
1547 4401 1683 4477 φωτὶ
1747 4399 1993 4474 σημάνας

328 4492 394 4547 τὸ
447 4491 698 4546 ἐνυάλιον
756 4491 882 4552 τοὺς
941 4486 1134 4565 ἄνδρας
1193 4488 1371 4566 ἐξῆγε.
1435 4490 1538 4545 Καὶ
1591 4493 1670 4560 τῷ
1733 4489 1828 4561 μὲν
1889 4487 1993 4561 υίῷ

2088 3335 2258 3390 denis
2284 3334 2516 3392 fortiter
2543 3336 2941 3409 pugnantibus
2973 3336 3396 3406 machinasque
3423 3336 3475 3390 ei
3497 3335 3741 3390 inutiles

2089 3423 2726 3496 redigentibus.ltaque
2750 3426 2910 3480 omni
2935 3442 3036 3496 spe
3067 3424 3141 3481 ad
3173 3423 3410 3479 irritum
3441 3423 3741 3479 recidente

2091 3513 2357 3583 receptui
2389 3512 2568 3568 canit.
2602 3515 2670 3567 Et
2696 3513 2796 3584 qui
2823 3513 2884 3568 in
2907 3513 3054 3568 urbe
3087 3518 3278 3578 erant,
3303 3511 3742 3584 oppugnatione

2091 3599 2286 3655 soluta
2315 3603 2550 3657 animos
2580 3607 2969 3673 receperunt;
2996 3607 3346 3673 tantumque
3379 3601 3463 3656 eis
3494 3600 3745 3656 accessit

2090 3689 2480 3759 fortitudinis,
2512 3696 2576 3745 ut
2609 3690 2966 3761 quibusdam
3015 3691 3194 3746 etiam
3237 3690 3488 3761 portulis
3520 3689 3740 3761 apertis

2094 3779 2400 3850 eruperint
2429 3795 2789 3849 manumque
2822 3795 2957 3834 cum
2988 3780 3223 3833 Thomaa
3277 3777 3567 3832 militibus
3597 3795 3738 3832 con-

2095 3867 2409 3924 seruerint.
2443 3871 2522 3922 Ex
2555 3885 2624 3922 eo
2658 3868 2863 3922 statuit
2890 3868 3144 3922 Thomas
3175 3883 3242 3920 ex
3274 3865 3518 3920 Thracia
3547 3866 3740 3920 disce-

2097 3957 2258 4022 dere,
2320 3957 2479 4028 quod
2538 3955 2808 4029 frigidior
2865 3972 2935 4011 ea
2989 3961 3078 4010 est
3136 3971 3242 4026 per
3271 3955 3529 4008 hiemem
3561 3953 3741 4025 regio,

2097 4047 2542 4116 exercitumque
2574 4046 2634 4100 in
2687 4045 2936 4100 hiberna
2981 4062 3087 4116 per
3132 4043 3402 4115 regiones
3434 4041 3745 4097 calidiores

2098 4137 2458 4208 dispergere.
2521 4137 2707 4200 Quam
2758 4135 3120 4190 sententiam
3160 4137 3474 4188 exsecutus
3504 4132 3744 4186 ineunte

2097 4242 2232 4281 vere
2265 4241 2470 4281 rursus
2525 4230 2680 4279 terra
2730 4223 2999 4294 marique
3050 4222 3259 4294 Cpolin
3293 4237 3632 4292 oppugnare
3664 4220 3748 4274 in-

2100 4315 2305 4370 tendit.
2341 4315 2540 4384 Neque
2571 4313 2720 4368 883
2755 4329 2890 4367 vero
2914 4311 3262 4366 Michaelum
3285 4309 3522 4382 qualem
3551 4315 3745 4374 antea,

2103 4405 2205 4461 sed
2230 4405 2357 4475 jam
2390 4409 2450 4457 et
2479 4403 2742 4458 terrestri
2792 4403 3040 4459 collecto
3093 4401 3354 4457 exercitu
3393 4401 3746 4456 instructum

2104 4501 2162 4550 et
2191 4511 2339 4550 nova
2370 4493 2557 4549 classe
2589 4493 3067 4548 invenitﬂursus
3098 4509 3235 4564 ergo
3269 4491 3540 4550 eamdem
3572 4507 3754 4562 quam

330 4582 423 4636 τὸν
491 4582 628 4634 κατὰ
681 4582 748 4636 τὸ
815 4586 1071 4656 χερσαῖον
1129 4586 1316 4654 τεῖχος
1401 4577 1660 4654 ἐπέτρεψε
1711 4578 1979 4650 πόλεμον¹

2095 4583 2258 4655 prius
2277 4582 2441 4638 urbis
2463 4588 2692 4653 partem
2715 4581 3056 4654 aggreditur
3079 4580 3237 4652 apud
3263 4581 3459 4636 sinum
3485 4580 3756 4636 Blacher—

336 4669 498 4728 αὐτὸς
553 4665 609 4723 δὲ
663 4671 726 4724 τὸ
783 4670 928 4723 πολὺ
1011 4675 1112 4738 τῆς
1198 4666 1479 4742 δυνάμεως
1537 4661 1680 4742 ἔχων
1743 4668 1831 4722 καὶ
1890 4666 1986 4728 τὰς

335 4757 598 4832 καρτερὰς
652 4755 936 4819 ἑλεπόλεις
1011 4757 1101 4812 καὶ
1181 4757 1430 4832 μηχανὰς
1506 4757 1644 4811 κατά
1699 4757 1824 4818 τοὺς
1883 4761 1991 4812 τῶν

340 4845 672 4920 Βλαχερνῶν
785 4846 1022 4919 πύργους
1133 4845 1367 4902 ἐποιεῖτο
1469 4852 1568 4914 τῆν
1650 4840 1994 4919 προσϐολὴν,

338 4934 613 5007 κλίμακάς
696 4956 755 4991 τε
819 4934 1141 5013 προσφέρων
1235 4939 1352 4995 τοῖς
1452 4934 1690 5010 τείχεσιν
1795 4935 1995 4990 ἀναλό-

340 5044 472 5098 γους
503 5028 582 5097 τῷ
633 5025 779 5099 ὕψει,
839 5024 929 5078 καὶ
986 5021 1240 5099 ἀλλαχοῦ
1301 5024 1394 5096 μὲν
1432 5022 1708 5099 χελώνας,
1739 5023 1996 5100 ἀλλαχοῦ

341 5108 398 5167 δὲ
426 5112 635 5188 κριούς·
667 5112 963 5186 τοξεύμασι
1023 5109 1080 5167 δὲ
1129 5111 1219 5167 καὶ
1259 5105 1621 5187 πετροϐόλοις
1654 5111 1994 5187 πανταχόθεν

2098 4689 2371 4736 nensem,
2405 4671 2660 4742 dataque
2711 4671 2978 4727 irruendi
3006 4676 3229 4726 tessera
3274 4670 3435 4724 omni
3469 4669 3520 4722 vi
3551 4683 3755 4722 muros

2104 4761 2397 4817 machinis
2427 4760 2696 4816 adductis
2728 4766 3044 4816 concutere
3087 4763 3293 4814 tentat.
3328 4759 3478 4812 Dum
3509 4757 3636 4810 haec
3665 4770 3758 4825 ge-

2105 4847 2650 4903 runturMichaelus
2690 4863 2818 4901 cum
2853 4843 3208 4917 quibusdam
3224 4842 3456 4896 Thomas
3477 4839 3758 4894 militibus

2106 4935 2482 5006 colloquendi
2505 4935 3007 5008 opportunitatem
3040 4937 3248 4988 nactus
3272 4930 3634 4984 oblivionem
3667 4928 3750 4982 in.

2097 5025 2397 5098 juriarum
2445 5025 2743 5096 multaque
2799 5022 3092 5079 beneficia
3150 5020 3465 5092 promittit,
3498 5019 3545 5074 si
3589 5017 3663 5073 ad
3693 5034 3756 5074 se

2106 5115 2432 5171 transirent
2462 5114 2888 5186 sanguinisque
2919 5110 3107 5167 civilis
3137 5107 3466 5181 pollutione
3502 5107 3760 5163 abstine-

1541 5241 1904 5298 XYLANDRI
1949 5243 2037 5298 ET
2076 5243 2293 5299 GOARI
2332 5243 2554 5298 NOT/E.

409 5360 520 5430 (73)
546 5361 600 5415 Is
632 5359 863 5426 Leonis,
895 5359 1004 5414 iste
1061 5357 1224 5430 Scyri
1284 5356 1562 5430 exsulans
1604 5356 1997 5430 consobrinus
2035 5341 2040 5343 6

329 5423 570 5504 qvidetur
613 5423 915 5504 fuisse.Sic
975 5423 1152 5486 enim'
1191 5435 1354 5484 verto
1407 5423 1763 5504 ἀδελφιδοῦν,
1797 5446 1997 5504 vocem

336 5503 496 5559 varie
522 5503 592 5576 de
617 5503 882 5576 cognatis
901 5499 1461 5576 usurpatam.Paulo
1494 5499 1628 5570 post
1647 5499 1771 5555 1]ωο
1792 5500 1996 5570 opinio

338 5574 653 5646 perspicue
684 5574 1090 5646 confirmatur.
1127 5575 1265 5646 XvL.

413 5638 525 5718 (Ίὶ)
556 5644 762 5701 Plures
818 5661 854 5701 a
909 5645 1124 5702 Graecis
1180 5645 1462 5701 coluntur
1516 5638 1836 5717 Ἀνάργυροι
1869 5658 1998 5698 me-

2107 5357 2222 5412 dici
2253 5374 2286 5410 a
2315 5355 2555 5410 mercede
2576 5355 2847 5425 capienda
2878 5355 3068 5410 alieni.
3109 5352 3579 5425 Nominatissimi
3618 5357 3759 5408 sunt

2107 5430 2352 5482 Gosmas
2384 5433 2440 5481 et
2471 5423 2810 5496 Damianus,
2837 5443 3088 5497 quorum
3118 5426 3409 5497 templum
3442 5423 3492 5478 ἐν
3524 5427 3640 5486 τοῖς
3659 5426 3756 5477 τοῦ

2107 5497 2403 5554 Παυλίνου.
2437 5499 2612 5554 GOAR.

2177 5569 2292 5642 (75)
2320 5570 2400 5626 De
2431 5587 2549 5642 qua
2573 5574 2779 5628 auctor
2808 5571 3023 5628 Leonis
3053 5587 3210 5627 anno
3247 5573 3330 5626 17.
3366 5570 3541 5627 Gom.
