4124 6210
453 358 573 420 967

1813 346 2133 412 GEORGII
2177 346 2521 415 CEDRENI

3759 357 3881 422 968

453 501 610 554 rent.
645 496 857 549 Verum
903 493 1013 548 hoc
1067 492 1287 548 frustra
1340 488 1473 557 fuit,
1505 487 1895 545 ferocioribus
1936 487 2100 542 etiam

2230 485 2537 559 χρώπενοςί
2561 487 2821 564 ἠπείγετο
2877 494 3132 552 παντοῖος
3186 489 3506 568 φαινόμενος
3538 491 3881 566 καταπλῆξοι

462 586 577 643 ista
606 583 890 655 petitione
935 581 1106 637 factis
1151 580 1296 650 illis,
1355 585 1412 634 et
1469 577 1627 652 quod
1660 583 1822 634 metu
1853 577 2114 632 hostium

453 676 688 732 liberati
723 677 942 740 essent,
965 673 1200 729 Thomas
1233 687 1302 725 eo
1338 669 1726 724 fidelioribus.
1762 669 1880 722 Hoc
1911 668 2110 737 itaque

455 767 766 838 desperato
799 769 1015 819 conatu
1045 759 1360 818 Michaelus
1390 757 1594 813 multis
1623 756 1816 812 verbis
1844 771 1981 810 suos
2013 771 2110 810 co-

454 857 731 912 hortatur
789 859 856 910 ut
913 870 974 908 se
1035 851 1268 906 fortiter
1321 853 1529 921 gerant
1586 861 1780 917 neque
1821 844 2110 900 scelerato

453 952 708 1018 tyranno
740 943 1078 999 libertatem
1136 938 1434 1012 probant:
1498 941 1624 992 tum
1670 935 1864 990 subito
1905 932 2111 989 multis

454 1037 642 1108 portis
657 1031 971 1090 effundens
983 1047 1123 1085 suos
1136 1029 1367 1084 hostem
1380 1025 1527 1081 nihil
1540 1025 1655 1080 tale
1669 1027 2112 1095 exspectantem

457 1122 1067 1192 adoritur,subitoque
1080 1119 1302 1190 impetu
1315 1115 1696 1188 perterritum
1717 1129 1930 1184 magna
1945 1111 2112 1167 clade

456 1215 664 1278 afficit,
692 1212 1089 1280 adversosque
1112 1207 1402 1276 fundit,ac
1431 1205 1736 1260 victoriam
1767 1202 2114 1274 praaclaram

449 1300 852 1375 reportat.Sed
875 1303 934 1355 et
953 1297 1160 1354 classis
1187 1297 1424 1351 Thomas
1456 1293 1849 1348 infortunium
1877 1288 2112 1346 habuit.

453 1393 597 1447 Cum
648 1390 807 1446 enim
857 1385 1255 1459 imperatoria)
1312 1384 1584 1439 triremes
1625 1381 2112 1464 proveherentur,

443 1482 697 1554 jamque
730 1495 942 1553 pugnas
969 1474 1352 1533 conserendas
1383 1479 1622 1545 tempus
1647 1476 1823 1543 esset,
1851 1470 2113 1526 hostium

457 1579 635 1618 naves
663 1566 828 1616 metu
864 1558 1119 1631 quodam
1153 1562 1212 1612 et
1241 1554 1503 1610 tumultu
1532 1556 1924 1609 consternata)
1953 1555 2113 1605 retro

456 1653 529 1708 ad
560 1659 778 1708 terram
815 1649 1225 1722 profugerunt.
1259 1644 1728 1718 Classiarii_pars
1757 1642 1830 1697 ad
1861 1642 2116 1712 impera-

457 1749 651 1800 torem
681 1741 979 1808 abierunt,
1011 1755 1147 1810 pars
1196 1742 1355 1792 terra
1385 1735 1446 1789 in
1479 1749 1585 1789 sua
1615 1741 1807 1788 castra
1835 1730 2112 1802 profuge-

2217 577 2474 649 μὲντοὺς
2533 576 2788 649 πολίτας,
2846 586 3112 653 κρατῆσαι
3172 577 3229 635 δὶ
3283 587 3384 650 τῆς
3443 581 3684 650 πόλεως,
3718 603 3877 657 περι-

2215 666 2500 742 στοιχίσας
2557 668 2648 722 καὶ
2705 668 2771 723 τὰ
2828 667 2996 724 λοιπὰ
3043 668 3205 748 τείχη
3239 674 3308 743 τῇ
3361 675 3589 744 ναυτικῇ
3622 670 3873 745 δυνάμει,

2213 755 2341 832 πυρί
2373 776 2432 811 τε
2471 756 2560 811 καὶ
2604 757 2926 831 τοξεύμασιν
2980 753 3248 836 ἐκφοϐῶν.
3286 757 3444 814 Ἀλλ’
3474 757 3630 815 οὐδὲν
3658 766 3771 816 τῶν
3802 761 3879 821 εἰς

2215 842 2400 916 ὄνησιν
2442 848 2714 925 φερόντων
2743 847 2892 920 αὐτῷ
2934 850 2968 918 ἡ
3020 848 3258 919 τοσαύτη
3293 847 3517 922 δύναμις
3546 850 3637 905 καὶ
3670 873 3876 928 φαντα-

2216 936 2303 991 σία
2352 938 2738 1012 κατεπράξατο.
2805 937 2882 994 Τὸ
2937 938 3032 1010 μὲν
3093 939 3199 1013 γὰρ
3265 940 3512 994 ναυτικὸν
3569 940 3728 1005 εύθύς
3790 962 3875 1003 τις

2216 1025 2538 1090 ἐπιπνεύσας
2567 1025 2800 1090 ἐναντίος
2827 1025 3026 1099 ἄνεμος
3059 1024 3277 1082 διέλυσέ
3306 1031 3480 1084 τείκαὶ
3511 1026 3692 1100 ἄλλην
3717 1028 3871 1104 ἄλλῃ

2217 1112 2578 1190 διασπαρῆναι
2627 1114 2852 1187 ἐποίησε
2905 1121 3016 1171 τῶν
3055 1121 3273 1194 σκαφῶν
3332 1119 3424 1173 ἅτε
3453 1117 3542 1172 καὶ
3583 1124 3872 1192 χειμῶνος

2216 1203 2454 1276 ἐξαισίου
2485 1205 2849 1284 ὑπάρχοντος’
2899 1207 3034 1261 κατὰ
3091 1204 3148 1260 δὲ
3196 1207 3295 1275 τὴν
3350 1206 3578 1282 ἤπειρον
3603 1208 3874 1283 γενναίως

2214 1298 2322 1350 τῶν
2378 1295 2483 1349 ἀπὸ
2539 1301 2640 1364 τῆς
2694 1293 2910 1356 πόλεῶς
2969 1295 3384 1370 ἀγωνιζομένων
3421 1295 3510 1350 καὶ
3550 1296 3876 1372 ἀχρήστους

2216 1385 2366 1458 αὐτῷ
2455 1385 2756 1440 ποιούντων
2819 1384 2917 1448 τάς
2988 1386 3265 1460 μηχανάς,
3333 1383 3686 1461 διαπορηθεὶς
3753 1393 3878 1451 τοῖς

2218 1483 2378 1532 πᾶσιν
2447 1475 2709 1546 ἀνέζευξε,
2775 1475 2863 1530 καὶ
2922 1476 2956 1544 ἡ
3016 1474 3462 1549 πολιορκουμένη
3531 1474 3696 1539 πόλις
3769 1479 3875 1533 ἀν..

2220 1567 2501 1642 εθάρσησε,
2552 1565 2642 1620 καὶ
2698 1569 2955 1621 τοσοῦτον
3014 1562 3410 1640 ἀνδρικώτερον
3444 1565 3716 1623 ἐπετίθετο
3747 1575 3875 1631 τοῖς

2217 1659 2314 1711 τοῖ)
2339 1654 2644 1710 ἀποστάτου
2689 1654 2765 1718 ὡς
2819 1653 2906 1710 καί
2938 1674 3087 1716 τινας
3119 1659 3225 1709 τῶν
3255 1650 3406 1710 ἔνδον
3437 1654 3670 1718 πυλίδας
3718 1657 3874 1712 ἀνοι-

2219 1743 2446 1820 γνύντας
2475 1749 2576 1813 τῆς
2605 1741 2823 1805 πόλεως
2871 1742 3061 1815 ἐξιέναι
3114 1742 3202 1797 καὶ
3245 1747 3367 1805 τοῖς
3405 1743 3702 1817 πολεμίοις
3735 1766 3877 1820 συμ-

455 1838 614 1890 runt.
649 1832 741 1886 Sic
767 1831 990 1901 absque
1022 1827 1222 1882 labore
1281 1823 1488 1881 classis
1517 1823 1753 1878 Thomas
1784 1819 2100 1876 distributa

2208 1819 2522 1891 πλέκεσθαι.
2555 1833 2740 1910 Ἔγνω
2801 1831 2896 1887 οὖν
2947 1833 2974 1887 ὁ
3024 1832 3335 1903 ἀποστάτης
3384 1831 3473 1888 διὰ
3503 1835 3566 1890 τὸ
3594 1841 3696 1905 τῆς
3730 1836 3875 1909 Θρᾲ-

449 1923 604 1979 884
636 1926 743 1977 est.
777 1920 840 1974 Id
866 1918 1069 1973 videns
1095 1915 1409 1988 Gregorius
1442 1913 1652 1968 Leonis
1681 1909 2096 1976 consobrinus,

447 2013 852 2079 Thomamque
883 2006 1224 2078 intelligens
1283 2003 1506 2075 exigua;
1549 2000 1920 2057 auctoritatis
1947 2014 2096 2066 esse,

449 2100 876 2170 suspicansque
892 2095 1069 2167 paulo
1083 2098 1217 2165 post
1233 2092 1366 2164 plus
1385 2092 1562 2147 etiam
1578 2091 1630 2145 ei
1647 2087 2101 2144 existimationis

450 2189 854 2254 decessurum,
879 2202 941 2240 re
965 2200 1146 2256 opera
1173 2181 1485 2256 cujusdam
1527 2179 1801 2236 monachi
1823 2178 1895 2233 de
1919 2176 2102 2232 colle-

449 2279 544 2349 gio
567 2275 756 2333 Studii
779 2292 914 2331 cum
933 2275 1291 2345 imperatore
1312 2270 1914 2333 communicata,cum
1934 2268 2100 2337 parte

451 2367 542 2423 sui
574 2365 870 2422 exercitus
899 2381 934 2420 a
964 2363 1210 2434 reliquis
1254 2378 1318 2417 se
1365 2359 1584 2427 avellit,
1615 2359 1698 2414 ita
1724 2361 1792 2412 ut
1819 2373 1955 2412 eum
1973 2356 2102 2427 jam

448 2457 701 2512 Thomas
732 2472 768 2511 a
795 2461 956 2528 tergo
989 2452 1255 2509 haberet.
1299 2451 1419 2506 Hoc
1469 2455 1525 2505 et
1575 2447 1838 2504 hominis
1868 2450 2098 2518 perter-

445 2545 614 2602 rendi
639 2551 698 2602 et
713 2543 1088 2616 imperatoris
1109 2539 1381 2614 placandi
1413 2545 1472 2594 et
1494 2555 1743 2594 uxorem
1763 2535 2099 2606 liberosque

451 2636 613 2709 (nam
657 2651 692 2690 a
747 2633 1032 2690 Michaelo
1093 2629 1306 2703 captivi
1360 2628 1710 2685 detinebant
1739 2643 1809 2682 ex
1840 2641 1958 2697 quo
1988 2624 2101 2679 iste

447 2726 523 2782 ad
552 2728 838 2782 Thomam
871 2722 1217 2794 desciverat)
1254 2719 1521 2777 servandi
1554 2717 1751 2774 studio
1781 2715 2098 2771 faciebant.

449 2815 561 2873 Sed
591 2831 786 2886 neque
845 2829 942 2868 res
996 2811 1189 2868 adhuc
1245 2815 1372 2865 erat
1409 2807 1753 2880 imperatori
1785 2804 2006 2872 audita,
2041 2818 2104 2867 οι

449 2907 700 2960 Thomas
722 2908 994 2960 metuens
1027 2919 1100 2957 ne
1151 2901 1345 2958 subito
1399 2914 1612 2972 magna
1642 2898 1809 2953 ﬁeret
1838 2888 2102 2968 Gregorii

448 2992 1094 3063 auctoritas,simulque
1116 2997 1182 3047 ut
1205 2991 1328 3047 suis
1358 2993 1582 3045 metum
1606 2987 2101 3059 injiceret,castra

445 3085 518 3142 ab
548 3085 695 3142 urbe
728 3101 848 3139 non
879 3081 1144 3148 dimovit,
1176 3080 1397 3136 veritus
1445 3093 1519 3133 ne
1563 3077 1751 3132 hostis
1781 3080 1908 3131 seat
1961 3089 2099 3146 ergo

442 3181 827 3248 sequeretur:
868 3173 1087 3228 milites
1119 3175 1374 3242 quantos
1399 3167 1470 3223 ad
1505 3165 1924 3223 debellandum
1956 3164 2095 3218 Gre-

445 3266 677 3339 gorium
725 3264 1075 3320 suifecturos
1125 3259 1452 3332 judicabat,
1506 3271 1818 3312 assumens
1850 3255 1910 3307 in
1940 3253 2098 3307 hunc

449 3353 636 3418 duxit,
667 3352 989 3423 praelioque
1020 3350 1214 3404 fusum
1249 3352 1306 3402 et
1343 3347 1404 3400 in
1435 3346 1571 3416 fuga
1602 3342 2100 3414 comprehensum

455 3441 707 3495 necavit.
743 3438 885 3495 [nde
919 3437 1194 3492 celeriter
1221 3435 1295 3491 ad
1334 3434 1575 3488 relictos
1607 3433 1679 3488 ad
1711 3429 2099 3486 obsidendam

451 3528 664 3585 urbem
696 3527 980 3582 erercitus
1008 3541 1276 3580 reversus
1305 3523 1536 3578 litteras
1577 3523 1638 3577 in
1671 3537 1878 3576 omnes
1904 3525 2101 3592 partes

455 3617 722 3684 dimittit,
757 3615 974 3688 quibus
1021 3613 1168 3670 falso
1193 3613 1457 3686 jactabat
1484 3628 1544 3668 se
1578 3611 1820 3667 victoria
1848 3609 2100 3682 politum

452 3708 673 3774 fuisse;
706 3706 1076 3776 classemque
1099 3721 1230 3776 quaa
1253 3703 1409 3776 apud
1432 3703 1715 3758 Graeciam
1739 3707 1884 3769 erat,
1901 3701 2100 3756 statim

451 3799 526 3856 ad
577 3816 638 3854 se
683 3804 852 3854 vocat
896 3796 1073 3853 veluti
1125 3813 1251 3852 rem
1310 3795 1459 3851 mari
1492 3794 1772 3850 continuo
1804 3798 2097 3864 gesturus.

451 3892 635 3961 Atque
657 3889 785 3944 hinc
807 3887 1070 3960 quidem,
1092 3886 1249 3957 quod
1277 3891 1500 3941 rectum
1526 3899 1765 3940 cursum
1787 3883 2098 3950 tenuisset,

448 3978 673 4049 absque
707 3993 872 4033 mora
902 3976 975 4032 ad
1007 3976 1203 4031 locum
1236 3974 1336 4045 qui
1378 3972 1564 4028 Beridi
1601 3972 1818 4027 dicitur
1847 3969 2096 4042 appulit.

449 4066 772 4124 Constabat
820 4065 1067 4122 navibus
1114 4079 1325 4136 pugnas
1372 4062 1791 4130 frumentoque
1833 4057 2100 4114 vehendo

449 4159 601 4228 aptis
633 4160 762 4211 350.
819 4159 895 4211 At
949 4155 1344 4227 imperatoria:
1402 4152 1608 4208 classis
1654 4150 1802 4206 885
1838 4147 2101 4221 praefecti

445 4245 678 4317 cognito
735 4245 913 4316 hujus
953 4243 1230 4310 adventu,
1289 4246 1470 4297 noctu
1526 4237 1768 4294 hostiles
1799 4251 1975 4293 naves
2005 4235 2100 4291 in-

445 4334 700 4389 statione
725 4333 1145 4403 adorti,subito
1170 4333 1398 4404 impetu
1423 4329 1747 4387 classiariis
1769 4327 2100 4401 perterritis

449 4421 666 4476 multas
697 4439 832 4477 cum
884 4422 1030 4494 ipsis
1086 4421 1418 4478 vectoribus
1471 4423 1777 4492 ceperunt,
1810 4416 2098 4488 quasdam

445 4510 766 4566 artiﬁcioso
804 4511 924 4583 igni
982 4510 1456 4574 combusserunt,
1516 4510 1724 4581 paucis
1777 4506 2098 4563 admodum

2209 1945 2311 1996 κης
2342 1924 2625 1999 χειμέριον
2682 1921 2768 1977 ἐπὶ
2823 1921 3267 2001 παραχειμασίαν
3321 1927 3597 1997 τραπῆναι
3643 1925 3734 1980 καὶ
3775 1925 3874 1981 τὸν

2210 2013 2341 2069 λαὸν
2375 2011 2626 2068 σκεδάσαι
2693 2011 2744 2066 ἐν
2804 2010 3198 2086 ἀλεεινοτέροις
3259 2012 3513 2088 χωρίοις.
3557 2015 3626 2072 Ὀ
3674 2011 3744 2083 δή
3773 2016 3872 2070 καὶ

2209 2109 2464 2176 ποιήσας,
2520 2104 2594 2166 ὡς
2643 2101 2751 2174 ¹ἢδη
2809 2105 2872 2159 τὸ
2931 2102 3025 2178 ἔαρ
3083 2103 3416 2178 ἐπέλαμπεν,
3477 2105 3872 2182 ἀμφοτέρωθεν

2209 2193 2361 2256 αὖθις
2393 2195 2530 2248 κατά
2555 2200 2658 2270 γῆν
2712 2213 2769 2248 τε
2825 2193 2915 2247 καὶ
2963 2192 3233 2249 θάλασσαν
3289 2189 3458 2269 ἔκρινε
3485 2189 3865 2269 προσϐάλλειν

2208 2289 2276 2360 τῇ
2335 2281 2760 2340 Κωνσταντίνου.
2816 2280 2976 2339 Ἀλλ’
3028 2280 3135 2353 ἢδη
3197 2283 3288 2338 καὶ
3333 2283 3420 2338 τὸν
3469 2281 3700 2358 Μιχαὴλ
3747 2283 3866 2360 οὐχ

2211 2375 2284 2439 ὡς
2312 2374 2375 2429 τὸ
2403 2373 2698 2449 πρότερον,
2759 2371 2879 2447 ἄρτι
2941 2369 2998 2426 δὲ
3057 2373 3452 2447 στρατιωτικήν
3478 2391 3597 2428 τινα
3625 2369 3862 2447 δύναμιν

2210 2466 2425 2540 εὕρισκε
2496 2461 2898 2535 συλλεξάμενον
2982 2463 3072 2516 καὶ
3156 2461 3338 2535 ἑτέραν
3397 2461 3532 2518 κατά
3587 2459 3865 2526 θάλασσαν

2208 2555 2492 2625 ναυτικήν.
2550 2553 2678 2611 Κατ’
2745 2550 2919 2608 ἐκεῖνο
3001 2557 3132 2627 γοῦν
3211 2550 3378 2609 πάλιν
3437 2549 3527 2628 ᾔει
3575 2554 3640 2609 τὸ
3701 2555 3870 2630 μέρος

2211 2643 2580 2718 ὁπλισάμενος
2609 2641 2646 2717 ᾖ
2676 2642 2765 2698 καὶ
2824 2641 3115 2717 πρότερον,
3169 2643 3262 2698 τὸν
3321 2641 3530 2699 κόλπον
3575 2647 3686 2699 τῶν
3719 2646 3872 2701 Bla-

2211 2738 2442 2809 χερνῶν,
2489 2731 2580 2788 καὶ
2613 2731 2864 2804 σύνθημα
2923 2728 3049 2794 δοὺς
3099 2732 3161 2786 τὸ
3217 2731 3527 2805 πολεμικὸν
3557 2729 3778 2810 ἐνεργὸς
3802 2733 3870 2803 ἦν

2209 2823 2304 2886 τάς
2373 2821 2628 2896 μηχανὰς
2693 2819 2980 2896 προσάγων
3039 2821 3126 2876 καὶ
3195 2821 3263 2875 τὰ
3333 2820 3496 2896 τείχη
3564 2820 3869 2877 κατασείειν

2211 2913 2570 2986 πειρώμενος.
2641 2911 2792 2984 [504]
2860 2909 2948 2965 Ἐν
3014 2909 3059 2981 ᾧ
3145 2907 3203 2964 δὶ
3301 2913 3470 2964 ταῦτα
3543 2908 3865 2985 ἐπράττετο,

2212 2998 2286 3061 εἷς
2317 2998 2517 3076 λόγους
2571 3000 2600 3053 ὁ
2659 2995 2891 3073 Μιχαὴλ
2954 2995 3092 3067 ἦλθέ
3147 3019 3256 3053 τισι
3283 3003 3393 3054 τῶν
3423 2999 3866 3074 στρατευομένων

2208 3092 2289 3160 τῷ
2319 3087 2615 3162 ἀποστάτῃ,
2683 3086 2979 3159 ἀμνηστίαν
3029 3106 3088 3141 τε
3146 3091 3327 3142 κακῶν
3377 3087 3564 3150 αὐτοῖς
3593 3085 3866 3165 ἐπαγγελο

2137 3211 2180 3277 C
2211 3175 2446 3277 λόμενρς
2489 3175 2605 3277 καὶει
2627 3176 3169 3251 καθυπισχνούμενος
3202 3173 3394 3231 δώσειν
3441 3175 3612 3250 ἀγαθά
3655 3174 3869 3246 πολλὰ,

2212 3267 2258 3321 εἶ
2328 3267 2492 3340 μόνον
2577 3261 2643 3334 δὴ
2707 3265 3088 3338 μετατάξαιντο
3136 3265 3226 3319 καὶ
3281 3263 3506 3339 α’ίμασιν
3574 3263 3873 3341 ἐμφυλίοις

2209 3353 2546 3429 ἀπόσχοιντο
2613 3354 2949 3429 χραίνεσθαι.
3010 3352 3294 3426 Ἐπέραινε
3359 3351 3417 3410 δὶ
3481 3351 3659 3425 οὐδὲν,
3717 3352 3869 3409 ἀλλὰ

2209 3441 2713 3518 θαῤῥαλεωτέρους,
2767 3442 2850 3496 ὅτι
2938 3441 3006 3510 δὴ
3093 3441 3184 3495 καὶ
3253 3439 3683 3516 παρακαλοῖντο,
3739 3442 3872 3508 τοὺς

2206 3529 2502 3591 ἀκούοντας
2535 3527 2733 3594 ἐποίει,
2791 3529 2882 3584 καὶ
2939 3535 3038 3599 τῆς
3091 3527 3152 3584 ἐκ
3201 3533 3298 3585 τοῦ
3355 3525 3530 3607 φόϐου
3559 3530 3870 3594 συστάσεως

2209 3617 2544 3694 λελυμένους
2600 3619 2690 3674 καὶ
2755 3613 3137 3693 βεϐαιοτέρους
3203 3623 3285 3691 τῷ
3343 3619 3624 3694 ἀποστάτῃ
3683 3618 3877 3697 εἰργά-

2209 3731 2366 3769 σατο.
2411 3711 2526 3778 Τῆς
2554 3707 2812 3778 τοιαύτης
2845 3705 2903 3762 δὲ
2930 3708 3120 3782 πείρας
3168 3709 3526 3786 ἀπεγνωκὼς,
3558 3708 3650 3764 καὶ
3677 3707 3872 3766 πολλά

2205 3799 2333 3860 τοὺς
2389 3799 2482 3852 σὺν
2542 3797 2689 3868 αὐτῷ
2747 3795 3128 3872 παρακαλέσας
3185 3795 3376 3872 ἄνδρας
3435 3797 3672 3874 ἀγαθοὺς
3718 3799 3873 3872 γενι-

2209 3891 2328 3942 σθαι
2392 3886 2480 3942 καὶ
2538 3888 2613 3960 μὴ
2673 3888 2932 3961 προέσθαι
2985 3885 3248 3962 ἀλάστορι
3299 3885 3547 3964 τυράννῳ
3573 3888 3676 3956 τήν
3705 3885 3870 3944 ἱλεο-

2207 3976 2410 4052 θερίαν,
2440 3975 2589 4053 ἄφνω
2647 3974 2707 4030 ἐκ
2763 3973 2991 4030 πολλῶν
3049 3973 3296 4032 πυλίδων
3332 3973 3563 4047 ἐξελθὼν
3590 3974 3870 4053 ἀπροσδο-

2206 4069 2391 4137 κήτως
2454 4063 2749 4121 ἐπιτίθεται
2806 4070 2923 4127 τοῖς
2978 4063 3263 4128 ἐναντίοις⁶
3323 4065 3415 4120 καὶ
3461 4069 3544 4139 τῷ
3574 4063 3871 4144 παραδόξῳ

2206 4153 2695 4227 καταπληξάμενος
2769 4153 2897 4217 τοὺς
2992 4153 3474 4230 ἀντιτεταγμένους
3573 4153 3864 4232 ἐτρέψατο,

2208 4244 2408 4322 φθόρον
2439 4244 2623 4298 ἱκανὸν
2677 4241 3044 4321 ἐργασαμενος
3090 4244 3178 4299 καὶ
3231 4245 3386 4316 νίκην
3420 4243 3682 4320 λαμπράν
3711 4241 3869 4322 ἔνετ-

2205 4333 2462 4408 κάμενος.
2523 4333 2626 4390 Καὶ
2711 4334 2778 4387 τὰ
2859 4333 3084 4389 ναυτικὰ
3148 4330 3207 4388 δὲ
3261 4337 3441 4396 κακῶς
3495 4331 3710 4410 ἠνέχθη
3759 4337 3866 4392 τοῦ

2206 4420 2531 4478 ἀποστάτου·
2566 4422 2640 4484 ὡς
2689 4421 2795 4498 γὰρ
2847 4422 2902 4477 αἱ
2963 4420 3242 4498 βασιλικαὶ
3299 4423 3544 4498 τριήρεις
3581 4421 3858 4500 ἀνήγοντο

2205 4513 2296 4567 καὶ
2350 4508 2459 4581 ἢδη
2516 4509 2918 4584 συμπλέκεσθαι
2993 4508 3252 4582 ἔμελλον,
3322 4508 3542 4585 δείμασί
3593 4531 3706 4568 τισι
3761 4510 3858 4568 καὶ

441 4598 708 4672 periculo
733 4581 970 4672 ereptis,
1005 4615 1134 4671 quas
1167 4599 1346 4655 celeri
1395 4599 1531 4671 fuga
1573 4599 1646 4654 ad
1692 4602 1929 4669 portum
1960 4595 2094 4650 Bla-

2208 4595 2462 4676 θορύϐοις
2516 4581 3009 4675 περικτυπηθέντος
3065 4603 3161 4655 τοῦ
3208 4581 3450 4656 ἐναντίου
3490 4600 3692 4656 στόλου
3722 4599 3866 4676 πρύ-

444 4691 836 4747 chernensem
869 4695 1084 4746 avectae
1113 4689 1197 4744 ibi
1229 4706 1290 4745 se
1343 4705 1478 4744 cum
1505 4685 1884 4743 terrestribus
1913 4685 2098 4758 copiis

441 4781 905 4852 conjunxerunt.
940 4781 1059 4836 Hoc
1089 4779 1267 4836 modo
1315 4794 1412 4836 res
1443 4777 1590 4834 mari
1622 4781 1803 4850 gesta.
1839 4778 1912 4831 At
1943 4780 2099 4830 terra

439 4870 1192 4943 continenterleviapraalia
1205 4864 1904 4925 ﬂebantmodoMichaelo
1917 4863 2094 4919 modo

439 4961 565 5017 ﬁlio
590 4961 720 5033 ejus
757 4960 1081 5034 Theophilo
1127 4976 1262 5016 cum
1305 4956 1575 5014 Catacela
1620 4960 1678 5010 et
1707 4954 1954 5010 Olbiano
1987 4953 2096 5010 ad-

435 5067 640 5105 versus
678 5051 908 5106 hostem
966 5066 1104 5106 suos
1153 5048 1459 5104 educente.
1503 5046 1721 5100 Horum
1752 5041 2093 5114 praeliorum

434 5140 599 5195 varia
627 5139 738 5195 fuit
761 5140 822 5194 in
838 5144 1154 5209 utramque
1176 5141 1403 5208 partem
1435 5133 1861 5189 fortunaJusta
1891 5137 2090 5188 autem

437 5245 638 5301 pugna
668 5227 1035 5284 decertatum
1080 5241 1385 5296 nunquam
1436 5228 1544 5291 est,
1579 5222 1736 5295 quod
1767 5222 2091 5292 imperator

437 5331 573 5373 cum
601 5319 792 5386 hoste,
820 5319 991 5392 cujus
1013 5318 1202 5373 multo
1229 5321 1399 5372 erant
1419 5315 1859 5371 numerosiores
1881 5315 2086 5386 copiae,

434 5407 715 5478 congredi
747 5409 872 5464 acie
905 5425 1025 5465 non
1057 5405 1331 5463 audebat.
1367 5407 1485 5462 Hoc
1529 5421 1723 5462 rerum
1755 5410 1914 5462 statu
1942 5407 2088 5461 Mor-

435 5497 612 5560 tagon
669 5496 1054 5570 Bulgarorum
1111 5513 1216 5554 rex
1269 5497 1426 5566 fana,
1459 5514 1589 5568 qum
1648 5501 1836 5552 totum
1881 5495 2089 5552 orbem

434 5587 728 5640 terrarum
786 5592 1142 5656 pervaserat,
1202 5589 1601 5642 Romanorum
1664 5587 2086 5659 imperatorem

432 5673 622 5734 muris
651 5673 952 5728 inclusum
974 5674 1256 5744 obsideri,
1280 5677 1524 5744 excitus,
1545 5675 1697 5732 clam
1725 5676 1800 5732 ad
1830 5675 2084 5733 Michae-

2214 4710 2347 4763 μναν
2407 4689 2463 4743 αἱ
2527 4695 2651 4758 νῆες
2713 4687 3034 4763 ἐκρούσαντο
3098 4690 3185 4744 καὶ
3254 4689 3391 4765 πρὸς
3466 4690 3568 4759 τήν
3655 4689 3860 4766 χέρσον

2205 4783 2531 4857 κατήγοντο,
2562 4780 2653 4836 καὶ
2701 4781 2751 4835 οἱ
2813 4781 2908 4854 μὲν
2954 4785 3061 4836 τῶν
3096 4779 3299 4856 ἀνδρῶν
3334 4781 3686 4854 ηὐτομόλουν
3718 4783 3863 4856 πρὸς

2208 4868 2458 4947 βασιλέα,
2511 4869 2562 4924 οἱ
2612 4866 2669 4924 δὲ
2717 4870 2854 4944 πρὸς
2883 4871 2946 4926 τὸ
2977 4868 3178 4926 οἲκεῖον
3225 4867 3585 4946 στρατόπεδον
3622 4873 3686 4927 τὸ
3717 4873 3858 4929 κατά

2203 4964 2308 5038 γῆν
2358 4955 2776 5032 ἀπεδίδρασκον.
2835 4958 2940 5016 Καὶ
2999 4959 3142 5014 οὕτω
3203 4960 3298 5034 μὲν
3355 4960 3588 5032 ἀπονητὶ
3621 4959 3851 5035 διελύθη

2201 5053 2298 5104 τοῦ
2353 5047 2643 5122 τυράννονυ
2699 5047 2761 5102 τὸ
2827 5048 3099 5106 ναυτικόν.
3129 5049 3288 5106 Ὅθεν
3343 5049 3435 5105 καὶ
3467 5049 3794 5126 Γρηγόριος,
3826 5051 3855 5106 ὁ

2198 5143 2295 5195 τοῦ
2357 5135 2624 5214 βασιλέως
2681 5134 3008 5218 ἀδελφιδοῦς
3060 5140 3312 5206 Λέοντος,
3371 5141 3726 5214 συνεωρακὼς
3768 5140 3856 5196 εὖ·

2197 5224 2607 5301 καταφρόνητον
2661 5219 2791 5280 ὄντα
2841 5226 2936 5281 τὸν
3005 5231 3204 5299 Θωμᾶν
3263 5226 3590 5300 (ὕπετόπαζε
3647 5225 3704 5283 δὲ
3759 5228 3855 5283 καὶ

2196 5315 2481 5391 προϊόντος
2534 5317 2632 5369 τοῦ
2689 5315 2897 5389 χρύνου
2946 5316 3340 5390 γεννησόμενον
3391 5315 3479 5372 ἐπὶ
3514 5316 3732 5389 πλέον),
3764 5315 3857 5372 διὰ

2193 5423 2338 5464 τινος
2374 5406 2618 5481 μοναχοῦ
2646 5407 2754 5458 τῶν
2786 5401 2892 5459 ἀπὸ
2944 5411 3044 5474 τῆς
3098 5411 3267 5478 μονῆς
3294 5409 3404 5461 τῶν
3434 5401 3702 5461 Στουδίου
3731 5427 3855 5462 κοι-

2193 5493 2647 5569 νολογησάμενος
2711 5495 2792 5563 τῷ
2862 5491 3100 5567 βασιλεῖ,
3173 5495 3366 5569 μοῖρᾶν
3425 5515 3544 5550 τινα
3599 5498 3698 5550 τοῦ
3757 5494 3849 5573 ὑφ’

2193 5582 2381 5638 ἑαυτὸν
2438 5579 2715 5658 τάγματος
2803 5579 3047 5661 εἰληφὼς
3130 5582 3283 5657 ῥῆξιν
3339 5583 3513 5640 ἐννοεῖ
3566 5583 3656 5640 καὶ
3707 5583 3849 5640 κατά

2194 5672 2366 5729 νώτου
2394 5672 2598 5748 γίνεται
2645 5674 2726 5744 τῷ
2785 5670 3059 5748 τυράννῳ,
3114 5673 3256 5750 ὁμοῦ
3307 5674 3402 5750 μὶν
3448 5677 3643 5731 τοῦτον
3671 5670 3857 5730 ἐκδει-
