4148 6212
306 397 426 457 969

1429 389 1974 452 HISTORIABUM
2019 388 2555 454 COMPENDIUM.

3596 401 3719 462 970

317 532 527 601 ματῶν,
589 529 734 599 ὁμοῦ
793 522 850 580 δὲ
915 525 1004 580 καὶ
1062 524 1153 580 τὸν
1236 522 1463 608 βασιλέα
1521 521 1960 594 ἐξιλασκόμενος,

2080 521 2196 578 lum
2233 525 2434 592 mittit,
2471 528 2648 597 eique
2679 527 2836 584 ultro
2865 528 3182 600 pollicetur
3202 547 3264 586 se
3290 533 3576 590 auxilium
3594 552 3726 608 sup-

314 619 456 692 ὁμοῦ
491 615 547 672 δὲ
585 616 677 672 καὶ
717 616 934 690 γυναικὶ
991 614 1079 668 καὶ
1137 612 1345 675 τέκνοις

313 707 596 782 ειργμένοι
628 705 827 762 τούτου
874 709 953 772 τῷ
993 707 1165 777 Θωμᾷ
1216 703 1738 777 προσχωρήσαντος)
1788 719 1966 766 σωτη-

314 797 436 870 ρίαν
539 794 1074 871 πραγματευόμενος.
1152 790 1312 848 Ἀλλ’
1407 789 1530 846 οὔτε
1604 791 1632 844 ὁ
1711 786 1967 863 βασιλεὺς

321 879 520 962 ἔφθασε
553 882 820 954 διακοῦσι,
854 883 942 938 καὶ
977 883 1004 937 ὁ
1033 887 1231 954 Θωμᾶς
1259 882 1320 935 τὸ
1373 883 1447 952 μὴ
1499 877 1673 933 πολὺν
1717 876 1967 953 ἐξαίφνης

318 979 513 1030 τοῦτον
551 970 1205 1049 γενέσθαικατορῥωδῶν,
1256 970 1345 1026 καὶ
1395 965 1560 1047 φόϐον
1611 971 1727 1029 τοῖς
1779 967 1968 1022 ἐαυτοῦ

325 1062 628 1138 ἐμποιῆσαι
691 1059 1050 1138 βουλόμενος.
1104 1063 1202 1130 τήν
1257 1061 1350 1134 μὲν
1401 1055 1814 1133 στρατοπεδείαν
1871 1062 1972 1124 τῆς

309 1152 527 1216 πόλεως
568 1153 630 1208 οὐ
689 1151 1026 1226 μετεκίνησε,
1073 1151 1135 1204 τὸ
1198 1150 1273 1222 μή
1333 1146 1638 1224 διωχθῆναι
1697 1145 1971 1216 ἐξόπισθεν

315 1240 604 1314 δεδοικὼς,
640 1241 802 1304 ὅσους
841 1240 898 1296 δὲ
951 1238 1072 1314 ᾔδει
1124 1240 1460 1314 ἀξιομάχους
1510 1239 1644 1292 εἶναι
1687 1243 1789 1305 τῆς
1833 1235 1969 1310 πρὸς

310 1333 403 1387 τὸν
469 1334 776 1410 Γρηγόριον
838 1328 1171 1405 συμπλοκῆς
1229 1323 1567 1404 παραλαϐών
1634 1327 1966 1403 στρατιώτας

313 1420 459 1496 ἐξῄει
487 1423 624 1498 πρὸς
657 1421 843 1487 αὐτὸν,
871 1420 962 1475 καὶ
998 1420 1155 1498 μάχῃ
1187 1419 1522 1494 τρεψάμενος
1580 1421 1844 1497 φεύγοντα
1870 1435 1972 1469 κα-

311 1504 573 1568 ταλαϐὼν
626 1511 856 1586 ἀναιρεῖ.
908 1510 1015 1566 Καὶ
1059 1507 1214 1573 αὖθις
1268 1505 1356 1563 διὰ
1409 1507 1622 1586 ταχέων
1679 1507 1814 1579 πρὸς
1871 1504 1967 1566 τὰς

311 1597 780 1675 προσεδρευούσας
839 1603 908 1674 τῇ
976 1595 1138 1653 πόλει
1221 1594 1476 1670 δυνάμεις
1543 1593 1802 1664 ἐπάνεισι,
1873 1609 1963 1663 καὶ

312 1689 634 1767 γράμμασιν
695 1683 1034 1744 ἐπιστέλλων
1090 1685 1409 1760 ἁπανταχοῦ
1489 1683 1819 1758 ἐπεφήμιζεν
1894 1682 1970 1743 ὡς

317 1777 406 1849 εἴη
442 1776 756 1849 νενικηκὼς,
815 1776 944 1851 ὅπερ
1015 1777 1117 1831 οὐκ
1169 1777 1258 1844 ἦν,
1317 1774 1407 1828 καὶ
1466 1771 1598 1849 ὅπερ
1657 1771 1776 1846 εἶχε
1831 1769 1970 1825 κατά

312 1869 414 1936 τὴν
483 1865 728 1923 Ἐλλάδα
793 1865 1041 1920 ναυτικὸν
1101 1865 1316 1942 ταχέως
1373 1861 1612 1918 ἐκέλευεν
1665 1861 1966 1934 ἀναχθῆναι

325 1957 400 2020 ὡς
433 1956 586 2018 αὗθις
637 1960 744 2011 τῶν
801 1954 935 2009 κατᾶ
990 1951 1253 2018 θάλατταν
1307 1950 1654 2023 ἀνθεξόμενος
1712 1949 1970 2022 πραγμά-

319 2067 447 2102 των.
482 2046 585 2103 Καὶ
616 2047 678 2100 τὸ
713 2046 808 2118 μὲν
854 2045 1098 2099 ναυτικὸν
1161 2041 1540 2111 εὐθυπλοῆσαν
1597 2039 1812 2114 ταχέως
1875 2038 1970 2091 ἀν-

321 2136 506 2210 άγεται
537 2135 626 2189 καὶ
659 2139 738 2206 τῷ
769 2132 963 2208 χωρίῳ
993 2130 1416 2206 προσορμίζεται
1447 2134 1556 2184 τῶν
1616 2124 1876 2201 Βηρίδου,
1907 2123 1969 2178 ἐκ

317 2224 360 2275 ν’
418 2223 508 2278 καὶ
565 2223 608 2276 τ’
667 2221 1052 2295 συνιστάμενον
1112 2217 1324 2274 πλοίων
1383 2217 1702 2290 πολεμικῶν
1759 2235 1817 2270 τε
1873 2230 1965 2284 καὶ

311 2317 659 2388 σιταγωγῶν’
701 2313 784 2385 [Ρ.
816 2312 942 2384 505]
975 2311 1025 2364 οἱ
1058 2306 1114 2364 δέ
1142 2313 1238 2364 τοῦ
1272 2306 1564 2382 βασιλικοῦ
1596 2304 1794 2360 στόλου
1833 2323 1966 2356 κατ-

316 2401 582 2475 άρχοντες
640 2402 738 2468 τήν
803 2399 1009 2455 τούτων
1066 2396 1430 2471 ἐπεγνωκότες
1504 2389 1712 2449 ἕλευσιν
1771 2390 1961 2452 νυκτὸς

317 2490 650 2546 ἐπιτίθενται
679 2489 1015 2563 ναυλοχοῦσι
1045 2494 1160 2549 τοῖς
1212 2484 1488 2554 ἐναντίοις,
1519 2485 1606 2538 καὶ
1655 2487 1734 2554 τῷ
1783 2480 1964 2554 αἶ’φνι-

317 2578 419 2653 δίῳ
450 2578 924 2652 καταπληξάμενοι
981 2575 1198 2638 πολλάς
1262 2575 1354 2649 μὲν
1418 2569 1747 2646 αὐτάνδρους
1797 2568 1959 2644 ἔσχον

314 2673 421 2724 τῶν
471 2674 637 2740 νηῶν,
690 2669 836 2730 τινὰς
894 2664 951 2722 δὲ
1005 2666 1095 2721 καὶ
1146 2669 1224 2738 τῷ
1285 2666 1560 2734 σκευαστῷ
1617 2658 1960 2732 πυρπολοῦσι

314 2760 466 2836 πυρὶ,
499 2759 705 2837 ὀλίγων
754 2756 1037 2820 παντελῶς
1099 2752 1199 2830 ἔξω
1253 2755 1554 2832 γενομένων
1608 2755 1707 2807 τοῦ
1758 2750 1960 2810 πάθους

317 2849 569 2925 καὶπρὸς
593 2849 684 2904 τὸν
721 2847 931 2903 κόλπον
986 2851 1092 2901 τῶν
1148 2844 1476 2918 Βλαχερνῶν
1531 2845 1758 2915 κατᾶραι
1816 2838 1962 2893 ἐπει-

311 2936 579 3015 γομένων,
613 2938 686 3000 ὡς
719 2937 779 2993 ἄν
823 2938 930 2992 εἶεν
989 2933 1268 3007 ἡνωμέναι
1326 2937 1394 3007 τῇ
1452 2931 1587 2987 κατὰ
1617 2936 1746 3006 ξγῆν
1801 2948 1962 3002 στρα-

311 3034 420 3099 τιᾷ·
454 3029 484 3083 8
519 3025 585 3098 δὴ
644 3028 732 3082 καὶ
793 3027 1005 3101 γέγονε.
1068 3023 1172 3080 Καὶ
1229 3023 1296 3077 τὰ
1353 3023 1444 3095 μὲν
1499 3021 1632 3076 κατά
1689 3018 1958 3083 θάλασσαν

316 3123 509 3173 τοῦτον
540 3118 660 3193 εἶχε
682 3119 772 3172 τὸν
805 3117 1006 3191 τρόπον
1067 3114 1203 3168 κατά
1260 3115 1360 3186 γῆν
1423 3108 1479 3164 δὲ
1535 3103 1958 3184 ἀκροϐολισμῶν

321 3211 560 3283 συνεχῶν
594 3204 918 3283 γινομένων,
953 3209 1045 3258 νῦν
1081 3203 1177 3277 μὲν
1207 3206 1304 3257 τοῦ
1353 3197 1610 3274 Μιχαὴλ,
1657 3195 1746 3250 νῦν
1780 3194 1835 3250 δὲ
1866 3198 1961 3249 τοῦ

1403 605 1620 686 (ἔτυχον
1676 611 1778 686 γὰρ
1835 611 1963 663 καθ-

2074 614 2382 685 petiasque
2408 616 2753 673 missurum.
2785 619 3131 690 Imperator,
3166 619 3282 676 sive
3307 622 3464 692 quod
3495 639 3557 679 re
3589 641 3725 682 vera

2076 701 2277 758 civiles
2300 703 2685 760 miseraretur
2705 706 3140 777 multitudines,
3163 709 3282 764 sive
3303 713 3569 782 pecunim
3591 730 3724 785 par-

2075 807 2218 846 cens
2237 793 2447 864 (neque
2465 795 2622 849 enim
2649 811 2717 850 eo
2739 796 2891 852 alius
2913 797 3238 869 imperator
3254 799 3548 856 sordidior
3570 802 3724 876 fuit),

2075 879 2314 936 laudata
2340 883 2568 955 Bulgari
2601 885 2903 941 voluntate
2928 887 3256 943 subsidium
3273 890 3582 946 recusavit.
3613 892 3727 948 Sed

2076 970 2366 1042 Mortagon
2381 978 2446 1026 ut
2460 974 2558 1043 qui
2573 974 2794 1046 alioqui
2812 975 2981 1030 bellis
2996 977 3329 1049 praedisque
3343 995 3450 1049 per
3461 996 3527 1034 ea
3541 980 3725 1050 partis

2075 1059 2443 1128 gauderet.et
2457 1061 2529 1117 foe
2539 1062 2647 1117 dus
2661 1063 2989 1120 tricennale
3004 1065 3157 1120 888
3171 1083 3306 1121 cum
3321 1067 3511 1123 Leone
3524 1073 3726 1124 Arme-

2074 1147 2174 1200 nio
2189 1155 2428 1218 pactum
2447 1151 2801 1206 confirmare
2829 1160 3092 1224 cuperet,
3117 1153 3506 1211 nihilominus
3519 1163 3724 1214 contra

2074 1237 2357 1292 Thomam
2391 1240 2826 1311 expeditionem
2858 1244 3156 1314 suscepit;
3191 1260 3444 1316 cumque
3477 1247 3537 1300 in
3573 1247 3721 1302 fines

2076 1327 2481 1383 Romanorum
2513 1331 2896 1401 pervenisset,
2930 1331 3003 1386 ad
3034 1332 3232 1387 locum
3291 1334 3384 1387 cui
3435 1334 3721 1390 Cedoctus

2077 1433 2317 1481 nomen,
2333 1426 2526 1475 castra
2536 1421 2847 1491 posuitlbi
2861 1421 3321 1493 Thomas,quem
3338 1423 3724 1496 Bulgarorum

2077 1505 2362 1562 adventus
2396 1509 2643 1563 minime
2695 1509 3000 1579 fefellerat,
3033 1513 3306 1582 graviter,
3347 1518 3416 1567 ut
3443 1529 3551 1584 par
3577 1520 3722 1582 erat,

2078 1597 2277 1650 animo
2307 1597 2709 1668 perturbatus,
2741 1604 2806 1654 ut
2837 1617 2898 1655 se
2945 1617 3014 1655 ex
3069 1601 3416 1657 mstuatione
3462 1602 3722 1675 collegit,

2077 1701 2240 1740 arma
2271 1702 2407 1740 suos
2439 1704 2672 1742 sumere
2697 1689 2888 1760 jubet.
2915 1691 3177 1761 Cumque
3200 1689 3425 1747 videret
3451 1708 3514 1746 se
3537 1691 3726 1748 imbe-

2077 1773 2280 1828 cillum
2320 1776 2593 1847 victuque
2624 1777 2859 1833 facilem
2907 1777 3052 1845 fore,
3115 1778 3410 1850 siquidem
3468 1779 3529 1834 in
3580 1779 3726 1836 duas

2077 1869 2276 1933 partes
2311 1881 2448 1919 suas
2479 1865 2679 1936 copias
2724 1866 3054 1923 diduxisset
3106 1871 3268 1935 (nam
3328 1874 3388 1923 et
3442 1868 3515 1924 ad
3577 1870 3730 1941 Cpo-

2078 1951 2163 2006 lin
2224 1954 2683 2024 oppugnandam
2742 1956 2979 2011 nonnisi
3061 1957 3588 2013 numerosissimus
3670 1962 3730 2014 et

2075 2057 2303 2113 magnae
2335 2042 2564 2098 virtutis
2599 2046 2890 2100 exercitus
2923 2046 3358 2117 requirebatur,
3418 2064 3488 2102 eo
3541 2047 3728 2119 magis

2075 2129 2232 2200 quod
2257 2132 2384 2202 jam
2415 2131 2740 2204 imperator
2770 2133 2928 2189 haud
2963 2135 3468 2190 contemnendum
3521 2141 3580 2191 et
3625 2135 3728 2206 qui

2077 2219 2135 2272 in
2163 2219 2374 2275 faciem
2410 2221 2563 2276 hosti
2605 2222 2882 2278 resistere
2931 2230 3133 2295 posset
3187 2225 3514 2281 exercitum
3552 2240 3728 2296 para-

2075 2315 2254 2375 verat,
2289 2316 2346 2364 et
2376 2316 2583 2366 contra
2613 2311 2994 2384 Bulgarorum
3018 2314 3216 2384 copias
3239 2315 3480 2370 nonnisi
3513 2330 3724 2386 magno

2075 2397 2383 2468 validoque
2416 2417 2549 2454 cum
2583 2403 2844 2455 exercitu
2902 2403 3150 2474 pugnari
3207 2405 3481 2474 poterat},
3529 2403 3726 2473 potius

2075 2487 2372 2542 existimat
2402 2488 2474 2542 ab
2506 2489 2650 2544 urbe
2681 2491 2744 2544 in
2793 2491 3076 2562 Bulgaros
3127 2490 3363 2558 ducere,
3413 2491 3632 2562 quibus
3661 2506 3725 2545 se

2073 2593 2276 2647 parem
2314 2593 2442 2631 esse
2476 2580 2739 2648 putabat.
2782 2580 2984 2649 Itaque
3045 2580 3200 2650 apud
3260 2579 3581 2635 Cedoctum
3631 2579 3722 2634 in-

2071 2670 2296 2720 structa
2321 2665 2449 2720 acie
2476 2683 2609 2722 cum
2664 2667 2735 2723 iis
2793 2668 3189 2740 congreditur.
3260 2670 3476 2725 Verum
3533 2685 3600 2724 eo
3660 2667 3723 2725 in

2069 2753 2276 2824 prcelio
2313 2770 2523 2826 magna
2557 2773 2690 2810 cum
2723 2773 2964 2811 suorum
3018 2762 3208 2830 strage
3260 2764 3594 2831 superatur,
3649 2758 3722 2813 iis

2069 2843 2168 2912 qui
2203 2841 2339 2915 fuga
2362 2842 2608 2899 salutem
2625 2851 2972 2916 paraverant
2991 2847 3052 2902 in
3068 2847 3263 2902 locum
3283 2845 3600 2920 quemdam
3619 2864 3721 2903 ac-

2068 2947 2270 2986 cessus
2295 2933 2613 2988 habentem
2637 2934 2913 2990 difﬁciles
2933 2937 3388 3009 congregatis,et
3408 2935 3550 3007 quid
3567 2936 3721 2991 futuo

2069 3039 2199 3078 rum
2227 3032 2385 3081 esset
2415 3027 2878 3098 speculantibus.
2908 3029 3187 3100 Bulgarus
3217 3030 3459 3101 captivis
3491 3035 3548 3084 et
3577 3045 3721 3099 spo-

2068 3110 2165 3166 liis
2179 3114 2564 3184 amplissimis
2584 3115 2854 3172 abductis
2868 3117 3112 3173 domum
3133 3117 3500 3180 reditzelatus
3518 3133 3721 3187 super-

2068 3197 2356 3270 biensque
2380 3203 2640 3258 victoria.
2671 3205 2782 3259 Sed
2806 3205 3211 3276 classii,quam
3245 3204 3316 3261 ad
3350 3204 3722 3260 obsidionem

447 3263 486 3283 Ix.
608 3263 618 3283 ι
723 3263 732 3278 ι
907 3263 917 3270 ι
1081 3263 1090 3277 .
1437 3263 1474 3274 η,
1537 3263 1545 3266 .
1597 3263 1603 3266 .

321 3298 442 3351 υἱοῦ
499 3295 666 3352 αὐτοῦ
722 3293 1011 3369 Θεοφίλους
1068 3292 1370 3361 ἐπεξιόντος
1451 3293 1569 3350 τοῖς
1635 3285 1962 3344 ἀποστάταις

2081 3285 2228 3342 881
2260 3263 2619 3360 -reliquerat
2683 3291 2958 3359 Thomas,
3014 3263 3256 3349 suorum
3313 3293 3516 3349 audita
3562 3291 3726 3348 clade

999 3355 1010 3366 ι

325 3386 460 3460 μετά
487 3389 585 3440 τοῦ
614 3379 908 3442 Ὀλϐιανοῦ
937 3380 1026 3437 καί
1061 3386 1159 3436 τοῦ
1206 3377 1526 3447 Κατακήλα,
1577 3375 1708 3430 ποτὲ
1765 3373 1857 3446 μὶν
1898 3371 1963 3425 τὰ

317 3480 416 3530 τοῦ
478 3474 749 3550 βασιλέως
815 3471 1230 3546 ἐπικρατέστερα
1287 3468 1377 3541 ἦν,
1447 3466 1578 3520 ποτε
1637 3461 1694 3519 δὲ
1747 3463 1813 3517 τα
1867 3462 1963 3515 τοῦ

318 3565 646 3630 ἀποστάτου,
683 3562 744 3618 οὐ
794 3563 900 3635 μήν
956 3560 1161 3637 ἀγῶνές
1207 3577 1344 3618 τινες
1399 3554 1645 3627 λαμπροὶ
1703 3551 1795 3606 καὶ
1851 3570 1944 3604 νεα

320 3652 463 3707 νικοὶ
496 3652 556 3707 ἐκ
586 3651 934 3724 παρατάξεως
968 3647 1310 3716 συνέστησαν,
1367 3645 1459 3699 ἅτε
1505 3641 1569 3712 δὴ
1621 3639 1820 3710 πολλῷ
1865 3643 1964 3694 τοῦ

323 3740 595 3818 βασιλέως
630 3737 1028 3812 ἐλαττουμένου
1059 3741 1136 3808 τῷ
1166 3734 1366 3804 πλήθει
1405 3731 1494 3786 καὶ
1549 3733 1624 3803 μὴ
1675 3729 1810 3803 πρὸς
1865 3729 1963 3818 τήν

317 3817 414 3887 τοῦ
445 3832 707 3902 τυράννου
768 3826 994 3900 δύναμιν
1054 3823 1452 3884 ἀντιτάττεσθαι
1515 3818 1828 3891 δυναμένου.
1882 3817 1967 3872 Ἐν

320 3922 534 3982 τονῖιτοις
587 3916 754 3974 ὅντων
812 3917 1010 3982 αὐτῶν,
1071 3913 1372 3988 Μορτάγων
1408 3912 1571 3964 ὁτῶν
1635 3905 1964 3981 Βουλγάρων

328 4009 586 4087 βασιλεὺς
646 4008 757 4079 (καὶ
807 4009 906 4082 γᾶρ
963 4000 1181 4083 ἔφθασεν
1300 4003 1460 4080 φήμη
1519 3997 1812 4072 πληρῶσαι
1855 3995 1968 4087 ⁸’τὴν

327 4083 654 4171 οἰκουμένην
719 4096 791 4158 ὡς
825 4096 853 4149 ὁ
889 4090 1142 4167 βασιλεὺς
1198 4093 1303 4144 τῶν
1365 4087 1656 4159 Ῥωμαίων
1717 4083 1966 4158 συγκλει-

327 4187 470 4249 σθεῖς
537 4187 808 4263 τειχήρης
867 4182 978 4238 ἐστὶ
1031 4181 1120 4235 καὶ
1178 4177 1581 4252 πολιορκεῖται)
1638 4173 1813 4248 λάθρα
1849 4173 1970 4227 τινὰ

329 4277 634 4356 πεπομφὼς
693 4275 767 4336 ὡς
834 4271 993 4326 αὐτὸν
1054 4267 1429 4339 ἐξαποστεῖλαι
1491 4267 1744 4341 βοήθειαν
1803 4263 1971 4317 αὐτο-

331 4349 490 4443 μάτιρ
534 4349 920 4442 ’ἐπηγγέλλετο
980 4360 1178 4436 γνώμῃ
1239 4357 1330 4412 καὶ
1399 4354 1738 4443 συμμαχίαν.
1913 4349 1970 4443 δέ

325 4441 582 4532 Μιχαὴλ,
634 4454 738 4509 εἴτε
794 4456 862 4526 τῇ
895 4448 1129 4520 ἀληθεδᾳ
1177 4447 1241 4502 τὸ
1287 4449 1392 4498 τῶν
1436 4442 1733 4520 ὁμοφύλων
1775 4441 1973 4496 οἰκτεί-

331 4530 444 4620 ρων⁷
472 4544 681 4612 πλῆθος
715 4542 821 4598 εἷ’τε
850 4540 939 4596 καὶ
997 4537 1307 4614 χρημάτων
1337 4531 1655 4610 φειδόμενος
1685 4530 1973 4606 (ἐτύγχανε

2075 3380 2196 3430 tota
2227 3377 2299 3431 ad
2333 3379 2754 3450 imperatorem
2788 3381 3023 3438 defecit.
3059 3385 3134 3437 At
3179 3383 3462 3438 Thomam
3503 3381 3732 3438 daamo-

2076 3481 2202 3532 nes,
2240 3473 2402 3538 puto,
2437 3486 2585 3540 quos
2617 3469 2756 3525 belli
2785 3471 2958 3525 istius
2990 3471 3182 3526 socios
3215 3470 3490 3539 habebat,
3523 3476 3582 3525 et
3632 3486 3731 3525 re-

2079 3556 2174 3626 gni
2208 3556 2364 3627 quod
2398 3558 2592 3612 adhuc
2623 3559 2960 3614 somniabat
2991 3561 3261 3631 potiundi
3310 3560 3608 3634 cupiditas
3662 3577 3732 3616 eo

2077 3646 2362 3700 vecordiae
2406 3647 2753 3718 adegerunt,
2810 3654 2876 3702 ut
2919 3649 3182 3720 undique
3233 3651 3486 3716 attritus,
3539 3649 3732 3720 deque

2076 3734 2464 3804 amplissimis
2495 3737 2672 3790 rebus
2704 3737 2763 3790 in
2796 3739 3100 3809 angustias
3133 3739 3495 3810 compulsus,
3531 3745 3733 3795 tamen

2076 3823 2148 3878 ab
2181 3824 2491 3879 obsidione
2525 3843 2645 3880 non
2699 3827 3014 3882 desisteret
3087 3829 3345 3884 Tandem
3397 3829 3618 3882 frustra
3665 3844 3730 3883 se

2076 3911 2346 3968 laborare
2375 3914 2662 3980 sentiens,
2696 3915 2754 3969 in
2790 3933 3066 3988 campum
3100 3917 3416 3987 quemdam
3447 3914 3541 3970 cui
3591 3916 3729 3972 Dia-

2077 3999 2236 4056 basis
2269 4019 2512 4067 nomen,
2546 4020 2754 4059 omnes
2786 4023 2923 4061 suas
2950 4006 3152 4077 copias
3185 4004 3455 4070 traducit,
3502 4003 3730 4075 aliquot

2077 4091 2280 4145 multis
2309 4091 2380 4146 ab
2413 4093 2556 4147 urbe
2577 4093 2784 4148 stadiis
2815 4093 3111 4161 dissitum,
3146 4094 3247 4149 sed
3272 4092 3721 4148 excursionibus

2077 4186 2278 4250 aptum
2311 4187 2369 4235 et
2397 4181 2470 4235 ob
2501 4197 2792 4252 aquarum
2823 4181 3191 4237 affluentiam
3212 4179 3723 4250 idoneum,ibique

2079 4275 2273 4325 castra
2299 4270 2488 4338 locat;
2521 4287 2556 4326 a
2586 4287 2700 4342 que
2733 4271 2870 4326 inde
2903 4272 3074 4327 factis
3119 4269 3568 4326 excursionibus
3599 4285 3728 4324 om-

2082 4376 2219 4414 nem
2253 4359 2672 4415 suburbiorum
2702 4360 3061 4434 elegantiam
3094 4359 3440 4430 corrumpit,
3481 4376 3626 4429 non,
3665 4361 3734 4413 ut

2081 4456 2239 4514 ante,
2273 4449 2333 4504 in
2365 4455 2751 4520 conspectum
2785 4467 2991 4506 eorum
3024 4450 3124 4522 qui
3158 4450 3217 4506 in
3237 4448 3381 4504 urbe
3405 4455 3736 4506 erantsuos

2085 4538 2362 4593 educens.
2401 4540 2517 4594 Hoc
2551 4539 2650 4594 ubi
2696 4539 2990 4595 intellexit
3040 4540 3383 4612 imperator,
3429 4540 3733 4612 egregium

332 4635 436 4710 γάρ
465 4638 569 4686 τῶν
633 4633 858 4686 πώποτε
917 4627 1186 4704 βασιλέων
1247 4621 1812 4698 σμικρολογώτατος),
1880 4621 1970 4684 τήν

2091 4629 2417 4683 exercitum
2449 4636 2773 4701 comparat,
2799 4630 2971 4700 eique
2992 4629 3320 4686 Catecelam
3341 4633 3399 4683 et
3417 4627 3736 4683 Olbianum

339 4707 434 4796 μὶν
464 4722 691 4798 γνώμην
721 4723 816 4773 τοῦ
848 4717 1164 4792 Βουλγάρου
1203 4713 1358 4784 ἠξίου
1412 4709 1726 4789 ἀποδοχῆς,
1777 4711 1876 4798 τὴν
1925 4707 1983 4764 δὲ

339 4812 597 4887 βοήθειαν
654 4811 974 4882 παρῃτεῖτο.
1033 4802 1252 4862 ’Δλλ’ὃ
1301 4821 1362 4876 γε
1415 4799 1717 4875 Μορτάγων
1773 4797 1984 4887 χαίρων

343 4885 437 4974 μὲν
469 4898 557 4953 καὶ
588 4896 776 4958 ἄλλως
827 4892 1095 4966 πολέμοις
1151 4891 1242 4946 καὶ
1306 4889 1400 4950 τὰς
1457 4887 1518 4943 ἐκ
1568 4888 1779 4942 τούτων
1835 4885 1984 4948 λείας

336 4988 682 5062 καρποῦσθαι
742 4981 942 5062 φιλῶν,
1001 4981 1092 5036 καὶ
1148 4979 1244 5040 τὰς
1301 4977 1436 5051 πρὸς
1493 4978 1584 5031 τὸν
1649 4974 1874 5050 βασιλέα
1932 4974 1989 5030 δὲ

334 5077 774 5154 τριακοντούτεις
805 5069 1039 5132 σπονδάς
1087 5069 1234 5144 παρὰ
1283 5073 1376 5122 τοῦ
1425 5062 1987 5143 προϐεϐασιλευκότος

343 5153 576 5230 Λέοντος
620 5164 978 5243 γεγενημένας
1039 5153 1429 5214 ἐπιϐεϐαιῶσαι
1486 5155 1575 5210 καὶ
1633 5154 1988 5234 ἰσχυροτέρας

340 5263 568 5327 ποιῆσαι
631 5258 830 5325 ζητῶν,
889 5253 987 5322 τήν
1039 5250 1174 5305 κατὰ
1237 5250 1334 5302 τοῦ
1419 5244 1680 5317 τυράννου
1741 5245 1989 5311 στρατιὰν

338 5347 656 5422 ηὐτρέπισε,
689 5344 782 5398 καὶ
815 5341 882 5409 δὴ
925 5345 1032 5395 τῶν
1089 5335 1382 5410 Ῥωμαίων
1445 5337 1587 5409 ὅρων
1642 5330 1852 5389 ἔντοσθε
1903 5354 1991 5411 γε·

341 5437 518 5509 γονὼς
559 5434 692 5488 κατὰ
718 5432 810 5488 τὸν
845 5427 1157 5502 Κηδοόκτου
1218 5430 1404 5504 χῶρον
1465 5424 1612 5479 οὓτω
1660 5424 1994 5497 καλούμενον

346 5508 839 5595 τὴνπαρεμϐολήν
897 5518 1152 5590 ἐπήξατο.
1213 5512 1472 5570 Ἱιγούετο
1534 5508 1610 5579 δὶ,
1669 5511 1759 5567 καὶ
1813 5510 1995 5576 λαθεῖν

338 5618 510 5668 ταῦτα
538 5611 630 5665 τὸν
665 5611 974 5679 ἀποστάτην
1021 5607 1120 5663 οὐκ
1166 5606 1255 5674 ἦν.
1311 5603 1410 5659 Καὶ
1464 5599 1698 5672 ἐδυνήθη
1756 5603 1874 5674 μὲν,
1919 5603 1992 5664 ὡς

340 5702 508 5768 εἰκὸς,
569 5700 658 5754 καὶ
714 5700 808 5762 τὰς
869 5699 1062 5776 φρένας
1129 5693 1542 5764 κατεκτυπήθη,
1601 5689 1656 5745 ἐν
1713 5691 1889 5762 ἒαύτῷ
1948 5687 1993 5745 δ’

623 5822 884 5882 ΡΑτιιοι..
929 5821 1044 5879 Gn.
1089 5811 1296 5877 CXXI.

2094 4717 2274 4772 duces
2304 4719 2598 4789 prmponit
2625 4735 2638 4786 ;
2670 4719 2917 4790 ipseque
2957 4719 3190 4775 scholas
3238 4735 3369 4789 qum
3418 4717 3646 4788 vigilias
3676 4715 3738 4768 in

2095 4805 2310 4878 palatio
2368 4807 2610 4876 obeunt,
2658 4808 3116 4879 sodalitatesque
3156 4822 3488 4870 assumens,
3534 4807 3745 4858 contra

2095 4897 2378 4953 Thomam
2431 4898 2612 4967 ducit,
2671 4915 2799 4954 rem
2856 4899 3087 4954 collatis
3136 4897 3319 4970 signis
3373 4895 3744 4950 decretums.

2097 4988 2349 5042 Fortiter
2378 5004 2512 5042 eum
2543 4989 2797 5043 Thomas
2829 4988 3128 5044 sustinuit.
3163 4988 3448 5056 Cumque,
3471 4987 3537 5036 ut
3566 4997 3747 5052 appa-

2098 5082 2208 5142 ret,
2241 5083 2366 5132 arte
2398 5077 2630 5132 vincere
2661 5077 2862 5132 hostes
2894 5075 3178 5140 studeret,
3211 5074 3404 5146 primo
3427 5084 3746 5143 congressu

2103 5171 2263 5238 terga
2293 5183 2430 5220 suos
2461 5165 2622 5232 dare,
2665 5180 2990 5234 rursusque
3021 5161 3520 5235 persequentibus
3563 5159 3749 5214 hosti-

2100 5254 2210 5308 bus
2242 5270 2371 5308 sese
2412 5251 2688 5306 adversos
2733 5250 2991 5321 objicere
3037 5251 3460 5322 inopinataque
3505 5263 3753 5304 conver-

2103 5343 2268 5397 sione
2300 5343 2361 5396 in
2393 5340 2589 5412 fugam
2620 5340 2916 5412 conjicere
2953 5339 3146 5412 jubet.
3199 5341 3316 5395 Hoc
3366 5337 3606 5409 quidem
3652 5331 3753 5392 ille

2102 5428 2524 5503 praecipiebat:
2557 5428 2659 5484 sed
2693 5445 2813 5485 non
2845 5434 2973 5484 erat
3001 5428 3264 5484 futurum
3296 5433 3362 5484 ut
3391 5428 3444 5483 ei
3477 5427 3590 5484 hoc
3610 5441 3756 5482 con-

2105 5519 2311 5574 silium
2351 5517 2715 5572 succederet.
2747 5517 2962 5574 Milites
3010 5517 3169 5572 enim
3219 5516 3370 5588 ejus,
3419 5517 3520 5589 qui
3568 5516 3758 5588 ipsius

2103 5608 2257 5664 888
2292 5623 2471 5663 causa
2494 5607 2623 5679 diuj
2635 5624 2730 5662 am
2750 5607 3034 5663 uxoribus
3053 5607 3375 5680 liberisque
3398 5607 3520 5662 suis
3545 5621 3757 5660 carue-

2102 5704 2258 5766 rant,
2291 5712 2624 5767 manusque
2654 5697 2964 5770 gentilium
2999 5698 3286 5771 sanguine
3317 5695 3763 5755 contaminave-

3403 5815 3477 5876 31
