  <div class='ocr_page' id='page_1' title='image "/cluster/home/n/w/nwhite01/storage/ocr_20150623/121/hvd.32044073502478/491.png"; bbox 0 0 4148 6212; ppageno 0'>
   <div class='ocr_carea' id='block_1_1' title="bbox 480 331 599 392">
    <p class='ocr_par' dir='ltr' id='par_1_1' title="bbox 480 331 599 392">
     <span class='ocr_line' id='line_1_1' title="bbox 480 331 599 392; baseline 0.008 -1"><span class='ocrx_word' id='word_1_1' title='bbox 480 331 599 392; x_wconf 83' lang='grc'>971</span> 
     </span>
    </p>
   </div>
   <div class='ocr_carea' id='block_1_2' title="bbox 1845 319 2570 389">
    <p class='ocr_par' dir='ltr' id='par_1_2' title="bbox 1845 319 2570 389">
     <span class='ocr_line' id='line_1_2' title="bbox 1845 319 2570 389; baseline -0.007 0"><span class='ocrx_word' id='word_1_2' title='bbox 1845 323 2173 389; x_wconf 83' lang='lat' dir='ltr'>GEORGII</span> <span class='ocrx_word' id='word_1_3' title='bbox 2217 319 2570 386; x_wconf 76' lang='lat' dir='ltr'>CEDHENI</span> 
     </span>
    </p>
   </div>
   <div class='ocr_carea' id='block_1_3' title="bbox 3770 329 3881 388">
    <p class='ocr_par' dir='ltr' id='par_1_3' title="bbox 3770 329 3881 388">
     <span class='ocr_line' id='line_1_3' title="bbox 3770 329 3881 388; baseline 0.018 -2"><span class='ocrx_word' id='word_1_4' title='bbox 3770 329 3881 388; x_wconf 66' lang='lat'>972</span> 
     </span>
    </p>
   </div>
   <div class='ocr_carea' id='block_1_4' title="bbox 482 455 2142 536">
    <p class='ocr_par' dir='ltr' id='par_1_4' title="bbox 482 460 2133 536">
     <span class='ocr_line' id='line_1_4' title="bbox 482 460 2133 536; baseline -0.006 -13"><span class='ocrx_word' id='word_1_5' title='bbox 482 473 641 532; x_wconf 85' lang='lat' dir='ltr'>rant,</span> <span class='ocrx_word' id='word_1_6' title='bbox 674 463 849 521; x_wconf 84' lang='lat' dir='ltr'>simul</span> <span class='ocrx_word' id='word_1_7' title='bbox 881 470 939 520; x_wconf 92' lang='lat' dir='ltr'>et</span> <span class='ocrx_word' id='word_1_8' title='bbox 965 463 1249 534; x_wconf 88' lang='lat' dir='ltr'>temporis</span> <span class='ocrx_word' id='word_1_9' title='bbox 1279 479 1447 519; x_wconf 87' lang='lat' dir='ltr'>mora</span> <span class='ocrx_word' id='word_1_10' title='bbox 1485 463 1736 520; x_wconf 87' lang='lat' dir='ltr'>confecti</span> <span class='ocrx_word' id='word_1_11' title='bbox 1777 466 1792 528; x_wconf 87' lang='lat'><em>(</em></span> <span class='ocrx_word' id='word_1_12' title='bbox 1796 463 1921 536; x_wconf 89' lang='lat' dir='ltr'>jam</span> <span class='ocrx_word' id='word_1_13' title='bbox 1974 460 2133 515; x_wconf 88' lang='lat' dir='ltr'>enim</span> 
     </span>
    </p>
   </div>
   <div class='ocr_carea' id='block_1_5' title="bbox 2249 455 3883 536">
    <p class='ocr_par' dir='ltr' id='par_1_5' title="bbox 2255 455 3883 533">
     <span class='ocr_line' id='line_1_5' title="bbox 2255 455 3883 533; baseline 0.003 -22"><span class='ocrx_word' id='word_1_14' title='bbox 2255 455 2407 528; x_wconf 76' lang='grc' dir='ltr'>ὅμως</span> <span class='ocrx_word' id='word_1_15' title='bbox 2439 457 2605 513; x_wconf 83' lang='grc' dir='ltr'>πάλιν</span> <span class='ocrx_word' id='word_1_16' title='bbox 2634 459 2924 532; x_wconf 85' lang='grc' dir='ltr'>γενόμενος</span> <span class='ocrx_word' id='word_1_17' title='bbox 2953 458 3052 526; x_wconf 82' lang='grc' dir='ltr'>τὴν</span> <span class='ocrx_word' id='word_1_18' title='bbox 3109 458 3300 514; x_wconf 69' lang='grc' dir='ltr'>ἑαυτοῦ</span> <span class='ocrx_word' id='word_1_19' title='bbox 3357 460 3612 533; x_wconf 80' lang='grc' dir='ltr'>στρατιὰν</span> <span class='ocrx_word' id='word_1_20' title='bbox 3674 458 3883 532; x_wconf 75' lang='grc' dir='ltr'>ἐξώπλι-</span> 
     </span>
    </p>
   </div>
   <div class='ocr_carea' id='block_1_6' title="bbox 485 554 2149 622">
    <p class='ocr_par' dir='ltr' id='par_1_6' title="bbox 485 554 2149 622">
     <span class='ocr_line' id='line_1_6' title="bbox 485 554 2149 622; baseline -0.005 -9"><span class='ocrx_word' id='word_1_21' title='bbox 485 556 812 613; x_wconf 80' lang='lat' dir='ltr'>triennium</span> <span class='ocrx_word' id='word_1_22' title='bbox 849 559 1118 608; x_wconf 86' lang='lat' dir='ltr'>exactum</span> <span class='ocrx_word' id='word_1_23' title='bbox 1151 554 1304 622; x_wconf 89' lang='lat' dir='ltr'>erat)</span> <span class='ocrx_word' id='word_1_24' title='bbox 1334 559 1393 608; x_wconf 88' lang='lat' dir='ltr'>et</span> <span class='ocrx_word' id='word_1_25' title='bbox 1423 554 1582 609; x_wconf 85' lang='lat' dir='ltr'>exitu</span> <span class='ocrx_word' id='word_1_26' title='bbox 1618 557 1918 609; x_wconf 85' lang='lat' dir='ltr'>carentem</span> <span class='ocrx_word' id='word_1_27' title='bbox 1964 566 2149 606; x_wconf 87' lang='lat' dir='ltr'>cona-</span> 
     </span>
    </p>
   </div>
   <div class='ocr_carea' id='block_1_7' title="bbox 488 641 2143 712">
    <p class='ocr_par' dir='ltr' id='par_1_7' title="bbox 488 641 2143 712">
     <span class='ocr_line' id='line_1_7' title="bbox 488 641 2143 712; baseline -0.005 -11"><span class='ocrx_word' id='word_1_28' title='bbox 488 652 615 701; x_wconf 90' lang='lat' dir='ltr'>tum</span> <span class='ocrx_word' id='word_1_29' title='bbox 646 659 706 698; x_wconf 90' lang='lat' dir='ltr'>se</span> <span class='ocrx_word' id='word_1_30' title='bbox 737 641 1068 712; x_wconf 86' lang='lat' dir='ltr'>suscepisse</span> <span class='ocrx_word' id='word_1_31' title='bbox 1117 641 1464 709; x_wconf 85' lang='lat' dir='ltr'>sentientes,</span> <span class='ocrx_word' id='word_1_32' title='bbox 1514 642 1614 712; x_wconf 85' lang='lat' dir='ltr'>qui</span> <span class='ocrx_word' id='word_1_33' title='bbox 1667 642 1915 696; x_wconf 66' lang='lat' dir='ltr'>insanias</span> <span class='ocrx_word' id='word_1_34' title='bbox 1965 645 2143 708; x_wconf 86' lang='lat' dir='ltr'>atque</span> 
     </span>
    </p>
   </div>
   <div class='ocr_carea' id='block_1_8' title="bbox 488 726 2148 805">
    <p class='ocr_par' dir='ltr' id='par_1_8' title="bbox 488 726 2148 805">
     <span class='ocr_line' id='line_1_8' title="bbox 488 726 2148 805; baseline -0.006 -14"><span class='ocrx_word' id='word_1_35' title='bbox 488 731 795 805; x_wconf 81' lang='lat' dir='ltr'>cupiditati</span> <span class='ocrx_word' id='word_1_36' title='bbox 841 730 1020 786; x_wconf 92' lang='lat' dir='ltr'>unius</span> <span class='ocrx_word' id='word_1_37' title='bbox 1068 730 1174 784; x_wconf 91' lang='lat' dir='ltr'>viri</span> <span class='ocrx_word' id='word_1_38' title='bbox 1221 732 1531 797; x_wconf 83' lang='lat' dir='ltr'>servirent,</span> <span class='ocrx_word' id='word_1_39' title='bbox 1585 736 1947 803; x_wconf 57' lang='lat' dir='ltr'>praceptum</span> <span class='ocrx_word' id='word_1_40' title='bbox 1998 726 2148 782; x_wconf 91' lang='lat' dir='ltr'>illud</span> 
     </span>
    </p>
   </div>
   <div class='ocr_carea' id='block_1_9' title="bbox 487 818 2146 890">
    <p class='ocr_par' dir='ltr' id='par_1_9' title="bbox 487 818 2146 890">
     <span class='ocr_line' id='line_1_9' title="bbox 487 818 2146 890; baseline -0.005 -11"><span class='ocrx_word' id='word_1_41' title='bbox 487 823 771 879; x_wconf 86' lang='lat' dir='ltr'>divinitus</span> <span class='ocrx_word' id='word_1_42' title='bbox 797 820 978 876; x_wconf 87' lang='lat' dir='ltr'>oblati</span> <span class='ocrx_word' id='word_1_43' title='bbox 999 820 1296 876; x_wconf 88' lang='lat' dir='ltr'>commodi</span> <span class='ocrx_word' id='word_1_44' title='bbox 1319 821 1449 875; x_wconf 91' lang='lat' dir='ltr'>loco</span> <span class='ocrx_word' id='word_1_45' title='bbox 1469 820 1778 885; x_wconf 86' lang='lat' dir='ltr'>ducentes,</span> <span class='ocrx_word' id='word_1_46' title='bbox 1799 825 1863 874; x_wconf 91' lang='lat' dir='ltr'>ut</span> <span class='ocrx_word' id='word_1_47' title='bbox 1889 818 2146 890; x_wconf 92' lang='lat' dir='ltr'>primum</span> 
     </span>
    </p>
   </div>
   <div class='ocr_carea' id='block_1_10' title="bbox 489 911 2146 981">
    <p class='ocr_par' dir='ltr' id='par_1_10' title="bbox 489 911 2146 981">
     <span class='ocr_line' id='line_1_10' title="bbox 489 911 2146 981; baseline -0.004 -13"><span class='ocrx_word' id='word_1_48' title='bbox 489 913 649 968; x_wconf 62' lang='lat' dir='ltr'>tuba}</span> <span class='ocrx_word' id='word_1_49' title='bbox 699 911 1051 968; x_wconf 83' lang='lat' dir='ltr'>cecinerunt</span> <span class='ocrx_word' id='word_1_50' title='bbox 1108 911 1425 965; x_wconf 79' lang='lat' dir='ltr'>classicum</span> <span class='ocrx_word' id='word_1_51' title='bbox 1480 911 1757 980; x_wconf 79' lang='lat' dir='ltr'>aciesque</span> <span class='ocrx_word' id='word_1_52' title='bbox 1815 924 2146 981; x_wconf 68' lang='lat' dir='ltr'>congressas</span> 
     </span>
    </p>
   </div>
   <div class='ocr_carea' id='block_1_11' title="bbox 489 999 2146 1072">
    <p class='ocr_par' dir='ltr' id='par_1_11' title="bbox 489 999 2146 1072">
     <span class='ocr_line' id='line_1_11' title="bbox 489 999 2146 1072; baseline -0.001 -15"><span class='ocrx_word' id='word_1_53' title='bbox 489 1005 646 1067; x_wconf 86' lang='lat' dir='ltr'>sunt,</span> <span class='ocrx_word' id='word_1_54' title='bbox 675 1017 795 1056; x_wconf 90' lang='lat' dir='ltr'>non</span> <span class='ocrx_word' id='word_1_55' title='bbox 828 1000 1143 1071; x_wconf 82' lang='lat' dir='ltr'>ﬁngentes,</span> <span class='ocrx_word' id='word_1_56' title='bbox 1179 1006 1244 1054; x_wconf 88' lang='lat' dir='ltr'>ut</span> <span class='ocrx_word' id='word_1_57' title='bbox 1275 1005 1445 1055; x_wconf 86' lang='lat' dir='ltr'>erant</span> <span class='ocrx_word' id='word_1_58' title='bbox 1469 999 1647 1070; x_wconf 90' lang='lat' dir='ltr'>jussi,</span> <span class='ocrx_word' id='word_1_59' title='bbox 1679 1001 1902 1072; x_wconf 80' lang='lat' dir='ltr'>fugam,</span> <span class='ocrx_word' id='word_1_60' title='bbox 1961 999 2146 1055; x_wconf 81' lang='lat' dir='ltr'>etTuse</span> 
     </span>
    </p>
   </div>
   <div class='ocr_carea' id='block_1_12' title="bbox 491 1087 2148 1160">
    <p class='ocr_par' dir='ltr' id='par_1_12' title="bbox 491 1087 2148 1160">
     <span class='ocr_line' id='line_1_12' title="bbox 491 1087 2148 1160; baseline -0.004 -14"><span class='ocrx_word' id='word_1_61' title='bbox 491 1091 777 1160; x_wconf 89' lang='lat' dir='ltr'>nullaque</span> <span class='ocrx_word' id='word_1_62' title='bbox 809 1107 946 1144; x_wconf 91' lang='lat' dir='ltr'>cum</span> <span class='ocrx_word' id='word_1_63' title='bbox 978 1090 1394 1144; x_wconf 83' lang='lat' dir='ltr'>convenientia</span> <span class='ocrx_word' id='word_1_64' title='bbox 1441 1088 1681 1144; x_wconf 83' lang='lat' dir='ltr'>ordines</span> <span class='ocrx_word' id='word_1_65' title='bbox 1731 1087 2033 1143; x_wconf 87' lang='lat' dir='ltr'>solverunt</span> <span class='ocrx_word' id='word_1_66' title='bbox 2079 1102 2148 1140; x_wconf 89' lang='lat' dir='ltr'>ac</span> 
     </span>
    </p>
   </div>
   <div class='ocr_carea' id='block_1_13' title="bbox 490 1175 2148 1250">
    <p class='ocr_par' dir='ltr' id='par_1_13' title="bbox 490 1175 2148 1250">
     <span class='ocr_line' id='line_1_13' title="bbox 490 1175 2148 1250; baseline -0.004 -15"><span class='ocrx_word' id='word_1_67' title='bbox 490 1180 761 1250; x_wconf 85' lang='lat' dir='ltr'>dissipati</span> <span class='ocrx_word' id='word_1_68' title='bbox 796 1183 936 1232; x_wconf 90' lang='lat' dir='ltr'>sunt</span> <span class='ocrx_word' id='word_1_69' title='bbox 959 1195 973 1243; x_wconf 89' lang='lat'><strong>;</strong></span> <span class='ocrx_word' id='word_1_70' title='bbox 998 1184 1176 1248; x_wconf 90' lang='lat' dir='ltr'>atque</span> <span class='ocrx_word' id='word_1_71' title='bbox 1201 1178 1282 1232; x_wconf 88' lang='lat' dir='ltr'>ita</span> <span class='ocrx_word' id='word_1_72' title='bbox 1304 1179 1474 1249; x_wconf 89' lang='lat' dir='ltr'>pauci</span> <span class='ocrx_word' id='word_1_73' title='bbox 1500 1177 1700 1243; x_wconf 92' lang='lat' dir='ltr'>modo,</span> <span class='ocrx_word' id='word_1_74' title='bbox 1725 1194 1860 1231; x_wconf 85' lang='lat' dir='ltr'>mox</span> <span class='ocrx_word' id='word_1_75' title='bbox 1885 1175 2148 1245; x_wconf 89' lang='lat' dir='ltr'>complu-</span> 
     </span>
    </p>
   </div>
   <div class='ocr_carea' id='block_1_14' title="bbox 488 1265 2144 1338">
    <p class='ocr_par' dir='ltr' id='par_1_14' title="bbox 488 1265 2144 1338">
     <span class='ocr_line' id='line_1_14' title="bbox 488 1265 2144 1338; baseline -0.004 -15"><span class='ocrx_word' id='word_1_76' title='bbox 488 1285 585 1324; x_wconf 87' lang='lat' dir='ltr'>res</span> <span class='ocrx_word' id='word_1_77' title='bbox 616 1267 690 1322; x_wconf 92' lang='lat' dir='ltr'>ad</span> <span class='ocrx_word' id='word_1_78' title='bbox 720 1268 1139 1337; x_wconf 85' lang='lat' dir='ltr'>imperatorem</span> <span class='ocrx_word' id='word_1_79' title='bbox 1179 1267 1654 1338; x_wconf 82' lang='lat' dir='ltr'>transfugerunt.</span> <span class='ocrx_word' id='word_1_80' title='bbox 1707 1265 1962 1320; x_wconf 85' lang='lat' dir='ltr'>Thomas</span> <span class='ocrx_word' id='word_1_81' title='bbox 2010 1280 2144 1318; x_wconf 90' lang='lat' dir='ltr'>cum</span> 
     </span>
    </p>
   </div>
   <div class='ocr_carea' id='block_1_15' title="bbox 490 1354 2151 1430">
    <p class='ocr_par' dir='ltr' id='par_1_15' title="bbox 490 1354 2151 1430">
     <span class='ocr_line' id='line_1_15' title="bbox 490 1354 2151 1430; baseline -0.004 -18"><span class='ocrx_word' id='word_1_82' title='bbox 490 1357 695 1430; x_wconf 85' lang='lat' dir='ltr'>paucis</span> <span class='ocrx_word' id='word_1_83' title='bbox 729 1354 1084 1427; x_wconf 88' lang='lat' dir='ltr'>quibusdam</span> <span class='ocrx_word' id='word_1_84' title='bbox 1111 1355 1541 1426; x_wconf 81' lang='lat' dir='ltr'>Adrianopolin</span> <span class='ocrx_word' id='word_1_85' title='bbox 1563 1355 1758 1410; x_wconf 87' lang='lat' dir='ltr'>salvus</span> <span class='ocrx_word' id='word_1_86' title='bbox 1772 1354 2069 1425; x_wconf 88' lang='lat' dir='ltr'>pervenit;</span> <span class='ocrx_word' id='word_1_87' title='bbox 2093 1357 2151 1406; x_wconf 88' lang='lat' dir='ltr'>et</span> 
     </span>
    </p>
   </div>
   <div class='ocr_carea' id='block_1_16' title="bbox 491 1443 2143 1516">
    <p class='ocr_par' dir='ltr' id='par_1_16' title="bbox 491 1443 2143 1516">
     <span class='ocr_line' id='line_1_16' title="bbox 491 1443 2143 1516; baseline -0.004 -14"><span class='ocrx_word' id='word_1_88' title='bbox 491 1447 743 1502; x_wconf 81' lang='lat' dir='ltr'>ﬁcticius</span> <span class='ocrx_word' id='word_1_89' title='bbox 767 1445 868 1500; x_wconf 92' lang='lat' dir='ltr'>ille</span> <span class='ocrx_word' id='word_1_90' title='bbox 891 1446 1019 1516; x_wconf 83' lang='lat' dir='ltr'>ejus</span> <span class='ocrx_word' id='word_1_91' title='bbox 1043 1444 1200 1500; x_wconf 84' lang='lat' dir='ltr'>ﬁlius</span> <span class='ocrx_word' id='word_1_92' title='bbox 1223 1445 1570 1500; x_wconf 85' lang='lat' dir='ltr'>Anastasius</span> <span class='ocrx_word' id='word_1_93' title='bbox 1591 1463 1660 1499; x_wconf 83' lang='lat' dir='ltr'>ex</span> <span class='ocrx_word' id='word_1_94' title='bbox 1677 1445 1812 1516; x_wconf 83' lang='lat' dir='ltr'>fuga</span> <span class='ocrx_word' id='word_1_95' title='bbox 1834 1443 2143 1498; x_wconf 86' lang='lat' dir='ltr'>castellum</span> 
     </span>
    </p>
   </div>
   <div class='ocr_carea' id='block_1_17' title="bbox 496 1533 2146 1606">
    <p class='ocr_par' dir='ltr' id='par_1_17' title="bbox 496 1533 2146 1606">
     <span class='ocr_line' id='line_1_17' title="bbox 496 1533 2146 1606; baseline -0.004 -15"><span class='ocrx_word' id='word_1_96' title='bbox 496 1536 715 1606; x_wconf 73' lang='lat' dir='ltr'>Bizyaaa</span> <span class='ocrx_word' id='word_1_97' title='bbox 743 1535 1069 1606; x_wconf 88' lang='lat' dir='ltr'>occupavit.</span> <span class='ocrx_word' id='word_1_98' title='bbox 1105 1536 1219 1588; x_wconf 83' lang='lat' dir='ltr'>Hos</span> <span class='ocrx_word' id='word_1_99' title='bbox 1250 1534 1526 1606; x_wconf 79' lang='lat' dir='ltr'>evestigio</span> <span class='ocrx_word' id='word_1_100' title='bbox 1560 1535 1911 1588; x_wconf 81' lang='lat' dir='ltr'>subsecutus</span> <span class='ocrx_word' id='word_1_101' title='bbox 1958 1533 2146 1602; x_wconf 86' lang='lat' dir='ltr'>impe-</span> 
     </span>
    </p>
   </div>
   <div class='ocr_carea' id='block_1_18' title="bbox 492 1621 2147 1698">
    <p class='ocr_par' dir='ltr' id='par_1_18' title="bbox 492 1621 2147 1698">
     <span class='ocr_line' id='line_1_18' title="bbox 492 1621 2147 1698; baseline -0.004 -16"><span class='ocrx_word' id='word_1_102' title='bbox 492 1633 656 1682; x_wconf 90' lang='lat' dir='ltr'>rator</span> <span class='ocrx_word' id='word_1_103' title='bbox 686 1627 876 1698; x_wconf 89' lang='lat' dir='ltr'>primo</span> <span class='ocrx_word' id='word_1_104' title='bbox 909 1625 1180 1680; x_wconf 89' lang='lat' dir='ltr'>obsidere</span> <span class='ocrx_word' id='word_1_105' title='bbox 1212 1626 1492 1680; x_wconf 84' lang='lat' dir='ltr'>Thomam</span> <span class='ocrx_word' id='word_1_106' title='bbox 1524 1624 1802 1680; x_wconf 85' lang='lat' dir='ltr'>decrevit.</span> <span class='ocrx_word' id='word_1_107' title='bbox 1855 1624 2040 1688; x_wconf 88' lang='lat' dir='ltr'>Quam</span> <span class='ocrx_word' id='word_1_108' title='bbox 2072 1621 2147 1676; x_wconf 90' lang='lat' dir='ltr'>ad</span> 
     </span>
    </p>
   </div>
   <div class='ocr_carea' id='block_1_19' title="bbox 492 1713 2145 1785">
    <p class='ocr_par' dir='ltr' id='par_1_19' title="bbox 492 1713 2145 1785">
     <span class='ocr_line' id='line_1_19' title="bbox 492 1713 2145 1785; baseline -0.004 -12"><span class='ocrx_word' id='word_1_109' title='bbox 492 1717 863 1773; x_wconf 83' lang='lat' dir='ltr'>obsidionem</span> <span class='ocrx_word' id='word_1_110' title='bbox 893 1733 1015 1771; x_wconf 90' lang='lat' dir='ltr'>non</span> <span class='ocrx_word' id='word_1_111' title='bbox 1047 1717 1496 1785; x_wconf 87' lang='lat' dir='ltr'>machinas,non</span> <span class='ocrx_word' id='word_1_112' title='bbox 1531 1720 1827 1770; x_wconf 89' lang='lat' dir='ltr'>tormenta</span> <span class='ocrx_word' id='word_1_113' title='bbox 1855 1713 2145 1780; x_wconf 87' lang='lat' dir='ltr'>adhibuit,</span> 
     </span>
    </p>
   </div>
   <div class='ocr_carea' id='block_1_20' title="bbox 493 1802 2220 1887">
    <p class='ocr_par' dir='ltr' id='par_1_20' title="bbox 493 1802 2220 1887">
     <span class='ocr_line' id='line_1_20' title="bbox 493 1802 2220 1887; baseline -0.004 -25"><span class='ocrx_word' id='word_1_114' title='bbox 493 1823 628 1862; x_wconf 90' lang='lat' dir='ltr'>cum</span> <span class='ocrx_word' id='word_1_115' title='bbox 659 1805 818 1877; x_wconf 91' lang='lat' dir='ltr'>quod</span> <span class='ocrx_word' id='word_1_116' title='bbox 859 1805 1003 1861; x_wconf 90' lang='lat' dir='ltr'>belli</span> <span class='ocrx_word' id='word_1_117' title='bbox 1061 1806 1252 1860; x_wconf 90' lang='lat' dir='ltr'>civilis</span> <span class='ocrx_word' id='word_1_118' title='bbox 1309 1805 1526 1860; x_wconf 89' lang='lat' dir='ltr'>damna</span> <span class='ocrx_word' id='word_1_119' title='bbox 1573 1808 1816 1874; x_wconf 88' lang='lat' dir='ltr'>cuperet</span> <span class='ocrx_word' id='word_1_120' title='bbox 1863 1802 2141 1869; x_wconf 85' lang='lat' dir='ltr'>devitarc,</span> <span class='ocrx_word' id='word_1_121' title='bbox 2173 1823 2220 1887; x_wconf 77' lang='grc' dir='ltr'><strong>Β</strong></span> 
     </span>
    </p>
   </div>
   <div class='ocr_carea' id='block_1_21' title="bbox 495 1890 2142 1966">
    <p class='ocr_par' dir='ltr' id='par_1_21' title="bbox 495 1890 2142 1966">
     <span class='ocr_line' id='line_1_21' title="bbox 495 1890 2142 1966; baseline -0.004 -17"><span class='ocrx_word' id='word_1_122' title='bbox 495 1902 621 1951; x_wconf 91' lang='lat' dir='ltr'>tum</span> <span class='ocrx_word' id='word_1_123' title='bbox 654 1895 812 1966; x_wconf 91' lang='lat' dir='ltr'>quod</span> <span class='ocrx_word' id='word_1_124' title='bbox 841 1893 1220 1964; x_wconf 83' lang='lat' dir='ltr'>Adrianopoli</span> <span class='ocrx_word' id='word_1_125' title='bbox 1250 1894 1470 1948; x_wconf 87' lang='lat' dir='ltr'>vicinos</span> <span class='ocrx_word' id='word_1_126' title='bbox 1502 1893 1745 1964; x_wconf 80' lang='lat' dir='ltr'>Scythas</span> <span class='ocrx_word' id='word_1_127' title='bbox 1777 1890 2018 1946; x_wconf 91' lang='lat' dir='ltr'>nolebat</span> <span class='ocrx_word' id='word_1_128' title='bbox 2048 1891 2142 1944; x_wconf 81' lang='lat' dir='ltr'>in-</span> 
     </span>
    </p>
   </div>
   <div class='ocr_carea' id='block_1_22' title="bbox 498 1979 2144 2053">
    <p class='ocr_par' dir='ltr' id='par_1_22' title="bbox 498 1979 2144 2053">
     <span class='ocr_line' id='line_1_22' title="bbox 498 1979 2144 2053; baseline -0.005 -15"><span class='ocrx_word' id='word_1_129' title='bbox 498 1989 965 2038; x_wconf 83' lang='lat' dir='ltr'>strumentorum</span> <span class='ocrx_word' id='word_1_130' title='bbox 988 1982 1203 2051; x_wconf 90' lang='lat' dir='ltr'>quibus</span> <span class='ocrx_word' id='word_1_131' title='bbox 1233 1982 1412 2036; x_wconf 89' lang='lat' dir='ltr'>urbes</span> <span class='ocrx_word' id='word_1_132' title='bbox 1435 1985 1854 2053; x_wconf 83' lang='lat' dir='ltr'>oppugnantur</span> <span class='ocrx_word' id='word_1_133' title='bbox 1873 1979 2144 2032; x_wconf 86' lang='lat' dir='ltr'>notitiam</span> 
     </span>
    </p>
   </div>
   <div class='ocr_carea' id='block_1_23' title="bbox 497 2067 2144 2142">
    <p class='ocr_par' dir='ltr' id='par_1_23' title="bbox 497 2067 2144 2142">
     <span class='ocr_line' id='line_1_23' title="bbox 497 2067 2144 2142; baseline -0.004 -16"><span class='ocrx_word' id='word_1_134' title='bbox 497 2072 820 2142; x_wconf 88' lang='lat' dir='ltr'>consequi:</span> <span class='ocrx_word' id='word_1_135' title='bbox 855 2070 958 2124; x_wconf 89' lang='lat' dir='ltr'>sed</span> <span class='ocrx_word' id='word_1_136' title='bbox 988 2070 1142 2124; x_wconf 86' lang='lat' dir='ltr'>fame</span> <span class='ocrx_word' id='word_1_137' title='bbox 1173 2086 1240 2125; x_wconf 90' lang='lat' dir='ltr'>ac</span> <span class='ocrx_word' id='word_1_138' title='bbox 1291 2070 1544 2140; x_wconf 87' lang='lat' dir='ltr'>penuria</span> <span class='ocrx_word' id='word_1_139' title='bbox 1594 2085 1793 2124; x_wconf 90' lang='lat' dir='ltr'>rerum</span> <span class='ocrx_word' id='word_1_140' title='bbox 1845 2067 1917 2123; x_wconf 90' lang='lat' dir='ltr'>ad</span> <span class='ocrx_word' id='word_1_141' title='bbox 1967 2067 2144 2120; x_wconf 89' lang='lat' dir='ltr'>vitam</span> 
     </span>
    </p>
   </div>
   <div class='ocr_carea' id='block_1_24' title="bbox 497 2158 2146 2227">
    <p class='ocr_par' dir='ltr' id='par_1_24' title="bbox 497 2158 2146 2227">
     <span class='ocr_line' id='line_1_24' title="bbox 497 2158 2146 2227; baseline -0.004 -12"><span class='ocrx_word' id='word_1_142' title='bbox 497 2160 971 2215; x_wconf 84' lang='lat' dir='ltr'>necessariarum</span> <span class='ocrx_word' id='word_1_143' title='bbox 1005 2164 1270 2213; x_wconf 89' lang='lat' dir='ltr'>statuens</span> <span class='ocrx_word' id='word_1_144' title='bbox 1302 2175 1436 2212; x_wconf 88' lang='lat' dir='ltr'>eum</span> <span class='ocrx_word' id='word_1_145' title='bbox 1468 2158 1530 2212; x_wconf 88' lang='lat' dir='ltr'>in</span> <span class='ocrx_word' id='word_1_146' title='bbox 1577 2174 1742 2212; x_wconf 90' lang='lat' dir='ltr'>suam</span> <span class='ocrx_word' id='word_1_147' title='bbox 1791 2160 2146 2227; x_wconf 88' lang='lat' dir='ltr'>potestatem</span> 
     </span>
    </p>
   </div>
   <div class='ocr_carea' id='block_1_25' title="bbox 498 2244 2150 2320">
    <p class='ocr_par' dir='ltr' id='par_1_25' title="bbox 498 2244 2150 2320">
     <span class='ocr_line' id='line_1_25' title="bbox 498 2244 2150 2320; baseline -0.004 -17"><span class='ocrx_word' id='word_1_148' title='bbox 498 2249 786 2320; x_wconf 80' lang='lat' dir='ltr'>redigere,</span> <span class='ocrx_word' id='word_1_149' title='bbox 819 2247 971 2302; x_wconf 89' lang='lat' dir='ltr'>vallo</span> <span class='ocrx_word' id='word_1_150' title='bbox 1003 2262 1072 2302; x_wconf 89' lang='lat' dir='ltr'>ac</span> <span class='ocrx_word' id='word_1_151' title='bbox 1101 2247 1256 2302; x_wconf 89' lang='lat' dir='ltr'>fossa</span> <span class='ocrx_word' id='word_1_152' title='bbox 1279 2247 1748 2302; x_wconf 77' lang='lat' dir='ltr'>circumventum</span> <span class='ocrx_word' id='word_1_153' title='bbox 1769 2245 1978 2300; x_wconf 87' lang='lat' dir='ltr'>urbem</span> <span class='ocrx_word' id='word_1_154' title='bbox 2001 2244 2150 2300; x_wconf 90' lang='lat' dir='ltr'>acri-</span> 
     </span>
    </p>
   </div>
   <div class='ocr_carea' id='block_1_26' title="bbox 498 2336 2145 2408">
    <p class='ocr_par' dir='ltr' id='par_1_26' title="bbox 498 2336 2145 2408">
     <span class='ocr_line' id='line_1_26' title="bbox 498 2336 2145 2408; baseline -0.003 -15"><span class='ocrx_word' id='word_1_155' title='bbox 498 2345 592 2393; x_wconf 88' lang='lat' dir='ltr'>ter</span> <span class='ocrx_word' id='word_1_156' title='bbox 619 2337 870 2392; x_wconf 89' lang='lat' dir='ltr'>obsedit.</span> <span class='ocrx_word' id='word_1_157' title='bbox 904 2337 1155 2392; x_wconf 88' lang='lat' dir='ltr'>Thomas</span> <span class='ocrx_word' id='word_1_158' title='bbox 1187 2337 1378 2408; x_wconf 90' lang='lat' dir='ltr'>primo</span> <span class='ocrx_word' id='word_1_159' title='bbox 1411 2353 1616 2391; x_wconf 91' lang='lat' dir='ltr'>omnes</span> <span class='ocrx_word' id='word_1_160' title='bbox 1649 2336 1748 2406; x_wconf 92' lang='lat' dir='ltr'>qui</span> <span class='ocrx_word' id='word_1_161' title='bbox 1781 2352 1888 2406; x_wconf 91' lang='lat' dir='ltr'>per</span> <span class='ocrx_word' id='word_1_162' title='bbox 1912 2339 2145 2388; x_wconf 69' lang='lat' dir='ltr'>aetatem</span> 
     </span>
    </p>
   </div>
   <div class='ocr_carea' id='block_1_27' title="bbox 499 2422 2147 2481">
    <p class='ocr_par' dir='ltr' id='par_1_27' title="bbox 499 2422 2147 2481">
     <span class='ocr_line' id='line_1_27' title="bbox 499 2422 2147 2481; baseline -0.002 0"><span class='ocrx_word' id='word_1_163' title='bbox 499 2426 651 2481; x_wconf 89' lang='lat' dir='ltr'>bello</span> <span class='ocrx_word' id='word_1_164' title='bbox 681 2425 883 2480; x_wconf 89' lang='lat' dir='ltr'>idonei</span> <span class='ocrx_word' id='word_1_165' title='bbox 904 2442 1023 2480; x_wconf 92' lang='lat' dir='ltr'>non</span> <span class='ocrx_word' id='word_1_166' title='bbox 1051 2430 1222 2480; x_wconf 87' lang='lat' dir='ltr'>erant</span> <span class='ocrx_word' id='word_1_167' title='bbox 1250 2435 1309 2480; x_wconf 91' lang='lat' dir='ltr'>et</span> <span class='ocrx_word' id='word_1_168' title='bbox 1329 2442 1506 2480; x_wconf 92' lang='lat' dir='ltr'>omne</span> <span class='ocrx_word' id='word_1_169' title='bbox 1525 2424 1748 2480; x_wconf 88' lang='lat' dir='ltr'>animal</span> <span class='ocrx_word' id='word_1_170' title='bbox 1771 2423 1982 2478; x_wconf 91' lang='lat' dir='ltr'>inutile</span> <span class='ocrx_word' id='word_1_171' title='bbox 2001 2422 2147 2478; x_wconf 90' lang='lat' dir='ltr'>urbe</span> 
     </span>
    </p>
   </div>
   <div class='ocr_carea' id='block_1_28' title="bbox 499 2511 2149 2587">
    <p class='ocr_par' dir='ltr' id='par_1_28' title="bbox 499 2511 2149 2587">
     <span class='ocr_line' id='line_1_28' title="bbox 499 2511 2149 2587; baseline -0.004 -16"><span class='ocrx_word' id='word_1_172' title='bbox 499 2514 740 2587; x_wconf 82' lang='lat' dir='ltr'>expulit.</span> <span class='ocrx_word' id='word_1_173' title='bbox 775 2514 996 2569; x_wconf 90' lang='lat' dir='ltr'>Deinde</span> <span class='ocrx_word' id='word_1_174' title='bbox 1029 2514 1471 2586; x_wconf 80' lang='lat' dir='ltr'>ingravescente</span> <span class='ocrx_word' id='word_1_175' title='bbox 1502 2515 1656 2569; x_wconf 86' lang='lat' dir='ltr'>fame</span> <span class='ocrx_word' id='word_1_176' title='bbox 1688 2530 1756 2568; x_wconf 90' lang='lat' dir='ltr'>ac</span> <span class='ocrx_word' id='word_1_177' title='bbox 1805 2512 1992 2567; x_wconf 90' lang='lat' dir='ltr'>salute</span> <span class='ocrx_word' id='word_1_178' title='bbox 2044 2511 2149 2566; x_wconf 90' lang='lat' dir='ltr'>de-</span> 
     </span>
    </p>
   </div>
   <div class='ocr_carea' id='block_1_29' title="bbox 501 2602 2150 2676">
    <p class='ocr_par' dir='ltr' id='par_1_29' title="bbox 501 2602 2150 2676">
     <span class='ocr_line' id='line_1_29' title="bbox 501 2602 2150 2676; baseline -0.004 -16"><span class='ocrx_word' id='word_1_179' title='bbox 501 2609 756 2676; x_wconf 82' lang='lat' dir='ltr'>sperata.</span> <span class='ocrx_word' id='word_1_180' title='bbox 789 2604 890 2674; x_wconf 93' lang='lat' dir='ltr'>qui</span> <span class='ocrx_word' id='word_1_181' title='bbox 917 2620 1052 2659; x_wconf 92' lang='lat' dir='ltr'>cum</span> <span class='ocrx_word' id='word_1_182' title='bbox 1083 2605 1210 2674; x_wconf 91' lang='lat' dir='ltr'>ipso</span> <span class='ocrx_word' id='word_1_183' title='bbox 1243 2610 1432 2672; x_wconf 90' lang='lat' dir='ltr'>erant,</span> <span class='ocrx_word' id='word_1_184' title='bbox 1458 2621 1563 2674; x_wconf 92' lang='lat' dir='ltr'>per</span> <span class='ocrx_word' id='word_1_185' title='bbox 1591 2602 1889 2675; x_wconf 88' lang='lat' dir='ltr'>portulam</span> <span class='ocrx_word' id='word_1_186' title='bbox 1939 2617 2150 2671; x_wconf 88' lang='lat' dir='ltr'>quam-</span> 
     </span>
    </p>
   </div>
   <div class='ocr_carea' id='block_1_30' title="bbox 502 2692 2150 2764">
    <p class='ocr_par' dir='ltr' id='par_1_30' title="bbox 502 2692 2150 2764">
     <span class='ocr_line' id='line_1_30' title="bbox 502 2692 2150 2764; baseline -0.004 -16"><span class='ocrx_word' id='word_1_187' title='bbox 502 2694 639 2749; x_wconf 88' lang='lat' dir='ltr'>dam</span> <span class='ocrx_word' id='word_1_188' title='bbox 671 2693 875 2748; x_wconf 82' lang='lat' dir='ltr'>furtim</span> <span class='ocrx_word' id='word_1_189' title='bbox 908 2693 1117 2764; x_wconf 88' lang='lat' dir='ltr'>elapsi,</span> <span class='ocrx_word' id='word_1_190' title='bbox 1149 2692 1302 2748; x_wconf 75' lang='lat'>889</span> <span class='ocrx_word' id='word_1_191' title='bbox 1335 2692 1610 2747; x_wconf 91' lang='lat' dir='ltr'>nonnulli</span> <span class='ocrx_word' id='word_1_192' title='bbox 1645 2692 1821 2745; x_wconf 91' lang='lat' dir='ltr'>etiam</span> <span class='ocrx_word' id='word_1_193' title='bbox 1845 2697 2024 2745; x_wconf 91' lang='lat' dir='ltr'>noctu</span> <span class='ocrx_word' id='word_1_194' title='bbox 2045 2705 2150 2760; x_wconf 91' lang='lat' dir='ltr'>per</span> 
     </span>
    </p>
   </div>
   <div class='ocr_carea' id='block_1_31' title="bbox 501 2777 2149 2852">
    <p class='ocr_par' dir='ltr' id='par_1_31' title="bbox 501 2777 2149 2852">
     <span class='ocr_line' id='line_1_31' title="bbox 501 2777 2149 2852; baseline -0.004 -13"><span class='ocrx_word' id='word_1_195' title='bbox 501 2785 675 2839; x_wconf 87' lang='lat' dir='ltr'>funes</span> <span class='ocrx_word' id='word_1_196' title='bbox 700 2783 773 2837; x_wconf 93' lang='lat' dir='ltr'>de</span> <span class='ocrx_word' id='word_1_197' title='bbox 804 2799 973 2836; x_wconf 90' lang='lat' dir='ltr'>muro</span> <span class='ocrx_word' id='word_1_198' title='bbox 1001 2781 1264 2846; x_wconf 82' lang='lat' dir='ltr'>demissi,</span> <span class='ocrx_word' id='word_1_199' title='bbox 1300 2782 1400 2836; x_wconf 89' lang='lat' dir='ltr'>alii</span> <span class='ocrx_word' id='word_1_200' title='bbox 1433 2781 1776 2852; x_wconf 88' lang='lat' dir='ltr'>imperatori</span> <span class='ocrx_word' id='word_1_201' title='bbox 1823 2796 1951 2834; x_wconf 90' lang='lat' dir='ltr'>sese</span> <span class='ocrx_word' id='word_1_202' title='bbox 1982 2777 2149 2834; x_wconf 89' lang='lat' dir='ltr'>dedi-</span> 
     </span>
    </p>
   </div>
   <div class='ocr_carea' id='block_1_32' title="bbox 503 2868 2148 2941">
    <p class='ocr_par' dir='ltr' id='par_1_32' title="bbox 503 2868 2148 2941">
     <span class='ocr_line' id='line_1_32' title="bbox 503 2868 2148 2941; baseline -0.002 -15"><span class='ocrx_word' id='word_1_203' title='bbox 503 2869 843 2939; x_wconf 89' lang='lat' dir='ltr'>derunt,alii</span> <span class='ocrx_word' id='word_1_204' title='bbox 870 2870 1099 2941; x_wconf 85' lang='lat' dir='ltr'>Bizyam</span> <span class='ocrx_word' id='word_1_205' title='bbox 1123 2869 1196 2924; x_wconf 89' lang='lat' dir='ltr'>ad</span> <span class='ocrx_word' id='word_1_206' title='bbox 1212 2870 1586 2925; x_wconf 78' lang='lat' dir='ltr'>Anastasium</span> <span class='ocrx_word' id='word_1_207' title='bbox 1611 2870 1798 2924; x_wconf 84' lang='lat' dir='ltr'>ﬁlium</span> <span class='ocrx_word' id='word_1_208' title='bbox 1813 2868 2148 2923; x_wconf 89' lang='lat' dir='ltr'>naturalem</span> 
     </span>
    </p>
   </div>
   <div class='ocr_carea' id='block_1_33' title="bbox 507 2957 2150 3032">
    <p class='ocr_par' dir='ltr' id='par_1_33' title="bbox 507 2957 2150 3032">
     <span class='ocr_line' id='line_1_33' title="bbox 507 2957 2150 3032; baseline -0.001 -19"><span class='ocrx_word' id='word_1_209' title='bbox 507 2960 916 3032; x_wconf 82' lang='lat' dir='ltr'>profugerunt.</span> <span class='ocrx_word' id='word_1_210' title='bbox 951 2958 1209 3013; x_wconf 88' lang='lat' dir='ltr'>Tandem</span> <span class='ocrx_word' id='word_1_211' title='bbox 1267 2975 1401 3013; x_wconf 90' lang='lat' dir='ltr'>cum</span> <span class='ocrx_word' id='word_1_212' title='bbox 1459 2958 1685 3013; x_wconf 90' lang='lat' dir='ltr'>obsessi</span> <span class='ocrx_word' id='word_1_213' title='bbox 1739 2957 1940 3012; x_wconf 90' lang='lat' dir='ltr'>omnia</span> <span class='ocrx_word' id='word_1_214' title='bbox 1995 2958 2150 3012; x_wconf 90' lang='lat' dir='ltr'>victu</span> 
     </span>
    </p>
   </div>
   <div class='ocr_carea' id='block_1_34' title="bbox 504 3045 2151 3120">
    <p class='ocr_par' dir='ltr' id='par_1_34' title="bbox 504 3045 2151 3120">
     <span class='ocr_line' id='line_1_34' title="bbox 504 3045 2151 3120; baseline -0.002 -16"><span class='ocrx_word' id='word_1_215' title='bbox 504 3054 642 3120; x_wconf 89' lang='lat' dir='ltr'>apta</span> <span class='ocrx_word' id='word_1_216' title='bbox 670 3047 1200 3118; x_wconf 88' lang='lat' dir='ltr'>consumpsissent,</span> <span class='ocrx_word' id='word_1_217' title='bbox 1225 3047 1471 3118; x_wconf 86' lang='lat' dir='ltr'>jamque</span> <span class='ocrx_word' id='word_1_218' title='bbox 1503 3046 1578 3101; x_wconf 90' lang='lat' dir='ltr'>ad</span> <span class='ocrx_word' id='word_1_219' title='bbox 1635 3047 1950 3101; x_wconf 89' lang='lat' dir='ltr'>inusitatos</span> <span class='ocrx_word' id='word_1_220' title='bbox 1987 3045 2151 3100; x_wconf 91' lang='lat' dir='ltr'>cibos</span> 
     </span>
    </p>
   </div>
   <div class='ocr_carea' id='block_1_35' title="bbox 2255 543 3874 620">
    <p class='ocr_par' dir='ltr' id='par_1_35' title="bbox 2255 543 3874 620">
     <span class='ocr_line' id='line_1_35' title="bbox 2255 543 3874 620; baseline 0.002 -21"><span class='ocrx_word' id='word_1_221' title='bbox 2255 550 2360 614; x_wconf 84' lang='grc' dir='ltr'>ζεν.</span> <span class='ocrx_word' id='word_1_222' title='bbox 2391 545 2540 602; x_wconf 77' lang='grc' dir='ltr'>Ἐπεὶ</span> <span class='ocrx_word' id='word_1_223' title='bbox 2572 543 2630 600; x_wconf 73' lang='grc' dir='ltr'>δέ</span> <span class='ocrx_word' id='word_1_224' title='bbox 2682 546 2756 608; x_wconf 85' lang='grc' dir='ltr'>είς</span> <span class='ocrx_word' id='word_1_225' title='bbox 2813 543 2907 600; x_wconf 72' lang='grc' dir='ltr'>δύο</span> <span class='ocrx_word' id='word_1_226' title='bbox 2969 547 3326 620; x_wconf 79' lang='grc' dir='ltr'>μεριζόμενος</span> <span class='ocrx_word' id='word_1_227' title='bbox 3383 544 3555 602; x_wconf 76' lang='grc' dir='ltr'>ἐδόκει</span> <span class='ocrx_word' id='word_1_228' title='bbox 3609 547 3874 610; x_wconf 79' lang='grc' dir='ltr'>παντελῶς</span> 
     </span>
    </p>
   </div>
   <div class='ocr_carea' id='block_1_36' title="bbox 2252 634 3882 711">
    <p class='ocr_par' dir='ltr' id='par_1_36' title="bbox 2252 634 3882 711">
     <span class='ocr_line' id='line_1_36' title="bbox 2252 634 3882 711; baseline 0.002 -24"><span class='ocrx_word' id='word_1_229' title='bbox 2252 634 2473 704; x_wconf 77' lang='grc' dir='ltr'>ἀσθενής</span> <span class='ocrx_word' id='word_1_230' title='bbox 2499 655 2558 689; x_wconf 89' lang='grc' dir='ltr'>τε</span> <span class='ocrx_word' id='word_1_231' title='bbox 2597 635 2733 690; x_wconf 76' lang='grc' dir='ltr'>εἶναι</span> <span class='ocrx_word' id='word_1_232' title='bbox 2763 635 2853 690; x_wconf 80' lang='grc' dir='ltr'>καὶ</span> <span class='ocrx_word' id='word_1_233' title='bbox 2911 635 3240 710; x_wconf 76' lang='grc' dir='ltr'>εὐχείρωτος</span> <span class='ocrx_word' id='word_1_234' title='bbox 3297 637 3351 706; x_wconf 75' lang='grc' dir='ltr'>(ἢ</span> <span class='ocrx_word' id='word_1_235' title='bbox 3403 657 3460 690; x_wconf 89' lang='grc' dir='ltr'>τε</span> <span class='ocrx_word' id='word_1_236' title='bbox 3515 637 3616 711; x_wconf 63' lang='grc' dir='ltr'>γὰρ</span> <span class='ocrx_word' id='word_1_237' title='bbox 3683 636 3882 710; x_wconf 77' lang='grc' dir='ltr'>βασιλὶς</span> 
     </span>
    </p>
   </div>
   <div class='ocr_carea' id='block_1_37' title="bbox 2249 723 3880 798">
    <p class='ocr_par' dir='ltr' id='par_1_37' title="bbox 2249 723 3880 798">
     <span class='ocr_line' id='line_1_37' title="bbox 2249 723 3880 798; baseline 0.003 -22"><span class='ocrx_word' id='word_1_238' title='bbox 2249 727 2356 777; x_wconf 82' lang='grc' dir='ltr'>τῶν</span> <span class='ocrx_word' id='word_1_239' title='bbox 2414 723 2629 778; x_wconf 88' lang='grc' dir='ltr'>πόλεων</span> <span class='ocrx_word' id='word_1_240' title='bbox 2682 725 2782 780; x_wconf 87' lang='grc' dir='ltr'>οὐκ</span> <span class='ocrx_word' id='word_1_241' title='bbox 2835 723 3224 798; x_wconf 76' lang='grc' dir='ltr'>εὐαριθμήτου,</span> <span class='ocrx_word' id='word_1_242' title='bbox 3281 723 3427 780; x_wconf 85' lang='grc' dir='ltr'>ἀλλά</span> <span class='ocrx_word' id='word_1_243' title='bbox 3491 723 3758 779; x_wconf 78' lang='grc' dir='ltr'>πλείστοῦ</span> <span class='ocrx_word' id='word_1_244' title='bbox 3806 729 3880 781; x_wconf 72' lang='grc' dir='ltr'>καὶ</span> 
     </span>
    </p>
   </div>
   <div class='ocr_carea' id='block_1_38' title="bbox 2252 810 3883 888">
    <p class='ocr_par' dir='ltr' id='par_1_38' title="bbox 2252 810 3883 888">
     <span class='ocr_line' id='line_1_38' title="bbox 2252 810 3883 888; baseline 0.003 -23"><span class='ocrx_word' id='word_1_245' title='bbox 2252 811 2539 887; x_wconf 81' lang='grc' dir='ltr'>ἀξιολόγου</span> <span class='ocrx_word' id='word_1_246' title='bbox 2598 817 2828 888; x_wconf 80' lang='grc' dir='ltr'>στρατοῦ</span> <span class='ocrx_word' id='word_1_247' title='bbox 2887 810 3067 868; x_wconf 80' lang='grc' dir='ltr'>ἐδέετο</span> <span class='ocrx_word' id='word_1_248' title='bbox 3108 811 3578 887; x_wconf 73' lang='grc' dir='ltr'>πολιορκουμένη,</span> <span class='ocrx_word' id='word_1_249' title='bbox 3644 812 3753 883; x_wconf 72' lang='grc' dir='ltr'>ἤδη</span> <span class='ocrx_word' id='word_1_250' title='bbox 3806 816 3883 870; x_wconf 78' lang='grc' dir='ltr'>καὶ</span> 
     </span>
    </p>
   </div>
   <div class='ocr_carea' id='block_1_39' title="bbox 2249 899 3884 978">
    <p class='ocr_par' dir='ltr' id='par_1_39' title="bbox 2249 899 3884 978">
     <span class='ocr_line' id='line_1_39' title="bbox 2249 899 3884 978; baseline 0.002 -23"><span class='ocrx_word' id='word_1_251' title='bbox 2249 904 2346 955; x_wconf 81' lang='grc' dir='ltr'>τοῦ</span> <span class='ocrx_word' id='word_1_252' title='bbox 2407 899 2680 976; x_wconf 79' lang='grc' dir='ltr'>βασιλέως</span> <span class='ocrx_word' id='word_1_253' title='bbox 2731 901 3118 977; x_wconf 76' lang='grc' dir='ltr'>συνειλοχότος</span> <span class='ocrx_word' id='word_1_254' title='bbox 3195 899 3452 977; x_wconf 83' lang='grc' dir='ltr'>δυνάμεις</span> <span class='ocrx_word' id='word_1_255' title='bbox 3501 903 3598 958; x_wconf 85' lang='grc' dir='ltr'>οὐκ</span> <span class='ocrx_word' id='word_1_256' title='bbox 3664 904 3884 978; x_wconf 85' lang='grc' dir='ltr'>ἀγεννείς</span> 
     </span>
    </p>
   </div>
   <div class='ocr_carea' id='block_1_40' title="bbox 2252 989 3885 1065">
    <p class='ocr_par' dir='ltr' id='par_1_40' title="bbox 2252 989 3885 1065">
     <span class='ocr_line' id='line_1_40' title="bbox 2252 989 3885 1065; baseline 0.003 -21"><span class='ocrx_word' id='word_1_257' title='bbox 2252 990 2342 1044; x_wconf 81' lang='grc' dir='ltr'>καὶ</span> <span class='ocrx_word' id='word_1_258' title='bbox 2399 991 2534 1045; x_wconf 86' lang='grc' dir='ltr'>κατά</span> <span class='ocrx_word' id='word_1_259' title='bbox 2591 991 2884 1064; x_wconf 90' lang='grc' dir='ltr'>πρόσωπον</span> <span class='ocrx_word' id='word_1_260' title='bbox 2937 991 3186 1046; x_wconf 84' lang='grc' dir='ltr'>ἳστασθαι</span> <span class='ocrx_word' id='word_1_261' title='bbox 3245 989 3565 1065; x_wconf 80' lang='grc' dir='ltr'>δυναμένας,</span> <span class='ocrx_word' id='word_1_262' title='bbox 3605 993 3698 1048; x_wconf 81' lang='grc' dir='ltr'>καὶ</span> <span class='ocrx_word' id='word_1_263' title='bbox 3729 996 3762 1063; x_wconf 80' lang='grc' dir='ltr'>ἡ</span> <span class='ocrx_word' id='word_1_264' title='bbox 3792 999 3885 1049; x_wconf 83' lang='grc' dir='ltr'>τῶν</span> 
     </span>
    </p>
   </div>
   <div class='ocr_carea' id='block_1_41' title="bbox 2254 1081 3886 1160">
    <p class='ocr_par' dir='ltr' id='par_1_41' title="bbox 2254 1081 3886 1160">
     <span class='ocr_line' id='line_1_41' title="bbox 2254 1081 3886 1160; baseline 0.002 -22"><span class='ocrx_word' id='word_1_265' title='bbox 2254 1081 2583 1158; x_wconf 83' lang='grc' dir='ltr'>Βουλγάρων</span> <span class='ocrx_word' id='word_1_266' title='bbox 2618 1081 2674 1138; x_wconf 84' lang='grc' dir='ltr'>δέ</span> <span class='ocrx_word' id='word_1_267' title='bbox 2705 1081 2933 1157; x_wconf 66' lang='grc' dir='ltr'>δύναμις</span> <span class='ocrx_word' id='word_1_268' title='bbox 3001 1084 3064 1140; x_wconf 89' lang='grc' dir='ltr'>οὐ</span> <span class='ocrx_word' id='word_1_269' title='bbox 3125 1089 3324 1160; x_wconf 80' lang='grc' dir='ltr'>μικρᾶς</span> <span class='ocrx_word' id='word_1_270' title='bbox 3371 1106 3536 1155; x_wconf 87' lang='grc' dir='ltr'>τινος,</span> <span class='ocrx_word' id='word_1_271' title='bbox 3593 1083 3814 1156; x_wconf 80' lang='grc' dir='ltr'>πολλῆς</span> <span class='ocrx_word' id='word_1_272' title='bbox 3839 1084 3886 1141; x_wconf 65' lang='grc' dir='ltr'>δὲ</span> 
     </span>
    </p>
   </div>
   <div class='ocr_carea' id='block_1_42' title="bbox 2252 1171 3887 1250">
    <p class='ocr_par' dir='ltr' id='par_1_42' title="bbox 2252 1171 3887 1250">
     <span class='ocr_line' id='line_1_42' title="bbox 2252 1171 3887 1250; baseline 0.003 -24"><span class='ocrx_word' id='word_1_273' title='bbox 2252 1171 2342 1226; x_wconf 87' lang='grc' dir='ltr'>καὶ</span> <span class='ocrx_word' id='word_1_274' title='bbox 2405 1173 2464 1228; x_wconf 90' lang='grc' dir='ltr'>οὐ</span> <span class='ocrx_word' id='word_1_275' title='bbox 2519 1177 2621 1237; x_wconf 83' lang='grc' dir='ltr'>τῆς</span> <span class='ocrx_word' id='word_1_276' title='bbox 2677 1173 2958 1248; x_wconf 81' lang='grc' dir='ltr'>τυχούσης</span> <span class='ocrx_word' id='word_1_277' title='bbox 3017 1171 3192 1228; x_wconf 84' lang='grc' dir='ltr'>ἐδέετο</span> <span class='ocrx_word' id='word_1_278' title='bbox 3249 1174 3772 1250; x_wconf 74' lang='grc' dir='ltr'>ἂντιπαρατάξεως),</span> <span class='ocrx_word' id='word_1_279' title='bbox 3826 1176 3887 1239; x_wconf 79' lang='grc' dir='ltr'>ὥς</span> 
     </span>
    </p>
   </div>
   <div class='ocr_carea' id='block_1_43' title="bbox 2253 1259 3888 1341">
    <p class='ocr_par' dir='ltr' id='par_1_43' title="bbox 2253 1259 3888 1341">
     <span class='ocr_line' id='line_1_43' title="bbox 2253 1259 3888 1341; baseline 0.002 -26"><span class='ocrx_word' id='word_1_280' title='bbox 2253 1260 2314 1315; x_wconf 80' lang='grc' dir='ltr'>ἄν</span> <span class='ocrx_word' id='word_1_281' title='bbox 2347 1263 2422 1332; x_wconf 80' lang='grc' dir='ltr'>μή</span> <span class='ocrx_word' id='word_1_282' title='bbox 2459 1261 2537 1322; x_wconf 80' lang='grc' dir='ltr'>είς</span> <span class='ocrx_word' id='word_1_283' title='bbox 2577 1259 2673 1316; x_wconf 81' lang='grc' dir='ltr'>δύο</span> <span class='ocrx_word' id='word_1_284' title='bbox 2703 1262 2821 1317; x_wconf 80' lang='grc' dir='ltr'>τινὰ</span> <span class='ocrx_word' id='word_1_285' title='bbox 2852 1259 3236 1337; x_wconf 78' lang='grc' dir='ltr'>διαιρούμενος</span> <span class='ocrx_word' id='word_1_286' title='bbox 3269 1262 3603 1341; x_wconf 80' lang='grc' dir='ltr'>εὐχείρωτος</span> <span class='ocrx_word' id='word_1_287' title='bbox 3657 1264 3888 1337; x_wconf 81' lang='grc' dir='ltr'>γένηται,</span> 
     </span>
    </p>
   </div>
   <div class='ocr_carea' id='block_1_44' title="bbox 2253 1349 3887 1428">
    <p class='ocr_par' dir='ltr' id='par_1_44' title="bbox 2253 1349 3887 1428">
     <span class='ocr_line' id='line_1_44' title="bbox 2253 1349 3887 1428; baseline 0.002 -24"><span class='ocrx_word' id='word_1_288' title='bbox 2253 1349 2469 1424; x_wconf 81' lang='grc' dir='ltr'>ἀπαίρει</span> <span class='ocrx_word' id='word_1_289' title='bbox 2521 1351 2616 1422; x_wconf 73' lang='grc' dir='ltr'>μὲν</span> <span class='ocrx_word' id='word_1_290' title='bbox 2677 1357 2778 1421; x_wconf 81' lang='grc' dir='ltr'>τῆς</span> <span class='ocrx_word' id='word_1_291' title='bbox 2834 1350 3052 1413; x_wconf 87' lang='grc' dir='ltr'>πόλεως</span> <span class='ocrx_word' id='word_1_292' title='bbox 3116 1352 3251 1426; x_wconf 88' lang='grc' dir='ltr'>πρὸς</span> <span class='ocrx_word' id='word_1_293' title='bbox 3307 1353 3400 1407; x_wconf 86' lang='grc' dir='ltr'>τὸν</span> <span class='ocrx_word' id='word_1_294' title='bbox 3462 1353 3783 1428; x_wconf 75' lang='grc' dir='ltr'>Βούλγαρον</span> <span class='ocrx_word' id='word_1_295' title='bbox 3838 1351 3887 1408; x_wconf 76' lang='grc' dir='ltr'>δὶ</span> 
     </span>
    </p>
   </div>
   <div class='ocr_carea' id='block_1_45' title="bbox 2252 1437 3889 1514">
    <p class='ocr_par' dir='ltr' id='par_1_45' title="bbox 2252 1437 3889 1514">
     <span class='ocr_line' id='line_1_45' title="bbox 2252 1437 3889 1514; baseline 0.001 -20"><span class='ocrx_word' id='word_1_296' title='bbox 2252 1437 2560 1513; x_wconf 82' lang='grc' dir='ltr'>ἀξιόμαχον</span> <span class='ocrx_word' id='word_1_297' title='bbox 2590 1439 2776 1514; x_wconf 66' lang='grc' dir='ltr'>κρίνας</span> <span class='ocrx_word' id='word_1_298' title='bbox 2812 1440 2997 1494; x_wconf 77' lang='grc' dir='ltr'>ἑαυτὸν</span> <span class='ocrx_word' id='word_1_299' title='bbox 3060 1441 3198 1495; x_wconf 78' lang='grc' dir='ltr'>κατὰ</span> <span class='ocrx_word' id='word_1_300' title='bbox 3252 1441 3344 1496; x_wconf 82' lang='grc' dir='ltr'>τὸν</span> <span class='ocrx_word' id='word_1_301' title='bbox 3403 1440 3700 1514; x_wconf 74' lang='grc' dir='ltr'>εἰρημένον</span> <span class='ocrx_word' id='word_1_302' title='bbox 3757 1443 3889 1497; x_wconf 85' lang='grc' dir='ltr'>ἀντι-</span> 
     </span>
    </p>
   </div>
   <div class='ocr_carea' id='block_1_46' title="bbox 2253 1526 3890 1604">
    <p class='ocr_par' dir='ltr' id='par_1_46' title="bbox 2253 1526 3890 1604">
     <span class='ocr_line' id='line_1_46' title="bbox 2253 1526 3890 1604; baseline 0.002 -22"><span class='ocrx_word' id='word_1_303' title='bbox 2253 1531 2648 1603; x_wconf 76' lang='grc' dir='ltr'>παρατάσσεται</span> <span class='ocrx_word' id='word_1_304' title='bbox 2689 1529 2881 1585; x_wconf 90' lang='grc' dir='ltr'>τόπον.</span> <span class='ocrx_word' id='word_1_305' title='bbox 2939 1531 3024 1602; x_wconf 90' lang='grc' dir='ltr'>[Ρ.</span> <span class='ocrx_word' id='word_1_306' title='bbox 3085 1531 3211 1603; x_wconf 83' lang='grc'>506]</span> <span class='ocrx_word' id='word_1_307' title='bbox 3266 1531 3367 1587; x_wconf 76' lang='grc' dir='ltr'>Καὶ</span> <span class='ocrx_word' id='word_1_308' title='bbox 3421 1527 3558 1600; x_wconf 77' lang='grc' dir='ltr'>δῆτα</span> <span class='ocrx_word' id='word_1_309' title='bbox 3613 1526 3890 1604; x_wconf 73' lang='grc' dir='ltr'>συμϐολῆς</span> 
     </span>
    </p>
   </div>
   <div class='ocr_carea' id='block_1_47' title="bbox 2254 1616 3886 1694">
    <p class='ocr_par' dir='ltr' id='par_1_47' title="bbox 2254 1616 3886 1694">
     <span class='ocr_line' id='line_1_47' title="bbox 2254 1616 3886 1694; baseline 0.002 -23"><span class='ocrx_word' id='word_1_310' title='bbox 2254 1616 2547 1694; x_wconf 72' lang='grc' dir='ltr'>γενομένης</span> <span class='ocrx_word' id='word_1_311' title='bbox 2604 1619 2830 1686; x_wconf 81' lang='grc' dir='ltr'>ἡττᾶται</span> <span class='ocrx_word' id='word_1_312' title='bbox 2914 1618 3050 1673; x_wconf 83' lang='grc' dir='ltr'>κατά</span> <span class='ocrx_word' id='word_1_313' title='bbox 3129 1639 3331 1693; x_wconf 81' lang='grc' dir='ltr'>κράτος</span> <span class='ocrx_word' id='word_1_314' title='bbox 3389 1620 3416 1674; x_wconf 86' lang='grc' dir='ltr'>ὁ</span> <span class='ocrx_word' id='word_1_315' title='bbox 3472 1619 3754 1694; x_wconf 74' lang='grc' dir='ltr'>τύραννος,</span> <span class='ocrx_word' id='word_1_316' title='bbox 3809 1620 3886 1674; x_wconf 80' lang='grc' dir='ltr'>καὶ</span> 
     </span>
    </p>
   </div>
   <div class='ocr_carea' id='block_1_48' title="bbox 2253 1705 3887 1784">
    <p class='ocr_par' dir='ltr' id='par_1_48' title="bbox 2253 1705 3887 1784">
     <span class='ocr_line' id='line_1_48' title="bbox 2253 1705 3887 1784; baseline 0.001 -22"><span class='ocrx_word' id='word_1_317' title='bbox 2253 1708 2417 1782; x_wconf 91' lang='grc' dir='ltr'>φόνος</span> <span class='ocrx_word' id='word_1_318' title='bbox 2447 1707 2649 1783; x_wconf 85' lang='grc' dir='ltr'>γίνεται</span> <span class='ocrx_word' id='word_1_319' title='bbox 2681 1705 2863 1771; x_wconf 80' lang='grc' dir='ltr'>πολὺς</span> <span class='ocrx_word' id='word_1_320' title='bbox 2918 1713 3027 1763; x_wconf 81' lang='grc' dir='ltr'>τῶν</span> <span class='ocrx_word' id='word_1_321' title='bbox 3083 1709 3205 1783; x_wconf 85' lang='grc' dir='ltr'>περὶ</span> <span class='ocrx_word' id='word_1_322' title='bbox 3263 1707 3445 1764; x_wconf 78' lang='grc' dir='ltr'>αὐτόν’</span> <span class='ocrx_word' id='word_1_323' title='bbox 3489 1710 3542 1764; x_wconf 77' lang='grc' dir='ltr'>οἱ</span> <span class='ocrx_word' id='word_1_324' title='bbox 3572 1706 3633 1764; x_wconf 72' lang='grc' dir='ltr'>δὲ</span> <span class='ocrx_word' id='word_1_325' title='bbox 3664 1730 3887 1784; x_wconf 85' lang='grc' dir='ltr'>περισω-</span> 
     </span>
    </p>
   </div>
   <div class='ocr_carea' id='block_1_49' title="bbox 2255 1794 3886 1874">
    <p class='ocr_par' dir='ltr' id='par_1_49' title="bbox 2255 1794 3886 1874">
     <span class='ocr_line' id='line_1_49' title="bbox 2255 1794 3886 1874; baseline 0.001 -24"><span class='ocrx_word' id='word_1_326' title='bbox 2255 1794 2430 1858; x_wconf 85' lang='grc' dir='ltr'>θέντες</span> <span class='ocrx_word' id='word_1_327' title='bbox 2461 1799 2607 1874; x_wconf 81' lang='grc' dir='ltr'>φυγῇ</span> <span class='ocrx_word' id='word_1_328' title='bbox 2666 1798 2764 1866; x_wconf 76' lang='grc' dir='ltr'>τήν</span> <span class='ocrx_word' id='word_1_329' title='bbox 2821 1797 3090 1870; x_wconf 82' lang='grc' dir='ltr'>σωτηρίαν</span> <span class='ocrx_word' id='word_1_330' title='bbox 3149 1796 3486 1873; x_wconf 80' lang='grc' dir='ltr'>πορίζονται,</span> <span class='ocrx_word' id='word_1_331' title='bbox 3543 1799 3636 1852; x_wconf 82' lang='grc' dir='ltr'>καὶ</span> <span class='ocrx_word' id='word_1_332' title='bbox 3698 1794 3750 1853; x_wconf 80' lang='grc' dir='ltr'>ἔν</span> <span class='ocrx_word' id='word_1_333' title='bbox 3792 1819 3886 1853; x_wconf 85' lang='grc' dir='ltr'>τινι</span> 
     </span>
    </p>
   </div>
   <div class='ocr_carea' id='block_1_50' title="bbox 2252 1879 3884 1960">
    <p class='ocr_par' dir='ltr' id='par_1_50' title="bbox 2252 1879 3884 1960">
     <span class='ocr_line' id='line_1_50' title="bbox 2252 1879 3884 1960; baseline 0.004 -23"><span class='ocrx_word' id='word_1_334' title='bbox 2252 1886 2425 1960; x_wconf 83' lang='grc' dir='ltr'>χώρῳ</span> <span class='ocrx_word' id='word_1_335' title='bbox 2483 1879 2732 1956; x_wconf 75' lang='grc' dir='ltr'>δυσϐάτῳ</span> <span class='ocrx_word' id='word_1_336' title='bbox 2817 1887 3174 1960; x_wconf 74' lang='grc' dir='ltr'>συναχθέντες</span> <span class='ocrx_word' id='word_1_337' title='bbox 3228 1886 3292 1940; x_wconf 89' lang='grc' dir='ltr'>τὸ</span> <span class='ocrx_word' id='word_1_338' title='bbox 3351 1885 3555 1958; x_wconf 84' lang='grc' dir='ltr'>μέλλον</span> <span class='ocrx_word' id='word_1_339' title='bbox 3617 1887 3884 1943; x_wconf 79' lang='grc' dir='ltr'>ἐσκόπουν.</span> 
     </span>
    </p>
   </div>
   <div class='ocr_carea' id='block_1_51' title="bbox 2251 1970 3886 2050">
    <p class='ocr_par' dir='ltr' id='par_1_51' title="bbox 2251 1970 3886 2050">
     <span class='ocr_line' id='line_1_51' title="bbox 2251 1970 3886 2050; baseline 0 -21"><span class='ocrx_word' id='word_1_340' title='bbox 2251 1974 2312 2030; x_wconf 91' lang='grc' dir='ltr'>Ὁ</span> <span class='ocrx_word' id='word_1_341' title='bbox 2345 1970 2402 2026; x_wconf 74' lang='grc' dir='ltr'>δὲ</span> <span class='ocrx_word' id='word_1_342' title='bbox 2447 1977 2554 2027; x_wconf 82' lang='grc' dir='ltr'>τῶν</span> <span class='ocrx_word' id='word_1_343' title='bbox 2613 1971 2938 2048; x_wconf 89' lang='grc' dir='ltr'>Βουλγάρων</span> <span class='ocrx_word' id='word_1_344' title='bbox 2997 1974 3246 2050; x_wconf 87' lang='grc' dir='ltr'>ἀρχηγὸς</span> <span class='ocrx_word' id='word_1_345' title='bbox 3303 1975 3370 2030; x_wconf 89' lang='grc' dir='ltr'>τά</span> <span class='ocrx_word' id='word_1_346' title='bbox 3424 1996 3481 2030; x_wconf 89' lang='grc' dir='ltr'>τε</span> <span class='ocrx_word' id='word_1_347' title='bbox 3530 1977 3782 2048; x_wconf 86' lang='grc' dir='ltr'>σώματα,</span> <span class='ocrx_word' id='word_1_348' title='bbox 3825 1977 3886 2031; x_wconf 84' lang='grc' dir='ltr'>ὧν</span> 
     </span>
    </p>
   </div>
   <div class='ocr_carea' id='block_1_52' title="bbox 2251 2060 3887 2140">
    <p class='ocr_par' dir='ltr' id='par_1_52' title="bbox 2251 2060 3887 2140">
     <span class='ocr_line' id='line_1_52' title="bbox 2251 2060 3887 2140; baseline 0.002 -24"><span class='ocrx_word' id='word_1_349' title='bbox 2251 2060 2458 2137; x_wconf 82' lang='grc' dir='ltr'>ἐγένετο</span> <span class='ocrx_word' id='word_1_350' title='bbox 2515 2063 2721 2136; x_wconf 75' lang='grc' dir='ltr'>κύριος,</span> <span class='ocrx_word' id='word_1_351' title='bbox 2781 2063 2870 2118; x_wconf 77' lang='grc' dir='ltr'>καὶ</span> <span class='ocrx_word' id='word_1_352' title='bbox 2926 2061 3075 2118; x_wconf 88' lang='grc' dir='ltr'>λείαν</span> <span class='ocrx_word' id='word_1_353' title='bbox 3160 2063 3380 2133; x_wconf 73' lang='grc' dir='ltr'>πολλὴν</span> <span class='ocrx_word' id='word_1_354' title='bbox 3450 2061 3887 2140; x_wconf 71' lang='grc' dir='ltr'>προσλαϐόμενος</span> 
     </span>
    </p>
   </div>
   <div class='ocr_carea' id='block_1_53' title="bbox 2250 2152 3885 2231">
    <p class='ocr_par' dir='ltr' id='par_1_53' title="bbox 2250 2152 3885 2231">
     <span class='ocr_line' id='line_1_53' title="bbox 2250 2152 3885 2231; baseline 0.004 -26"><span class='ocrx_word' id='word_1_355' title='bbox 2250 2152 2387 2226; x_wconf 87' lang='grc' dir='ltr'>πρὸς</span> <span class='ocrx_word' id='word_1_356' title='bbox 2417 2154 2518 2222; x_wconf 82' lang='grc' dir='ltr'>τήν</span> <span class='ocrx_word' id='word_1_357' title='bbox 2567 2153 2768 2208; x_wconf 76' lang='grc' dir='ltr'>οἷκείαν</span> <span class='ocrx_word' id='word_1_358' title='bbox 2829 2155 3126 2230; x_wconf 80' lang='grc' dir='ltr'>ὑπέστρεψε</span> <span class='ocrx_word' id='word_1_359' title='bbox 3182 2155 3391 2231; x_wconf 85' lang='grc' dir='ltr'>χώραν,</span> <span class='ocrx_word' id='word_1_360' title='bbox 3449 2160 3518 2229; x_wconf 85' lang='grc' dir='ltr'>τῇ</span> <span class='ocrx_word' id='word_1_361' title='bbox 3570 2156 3699 2230; x_wconf 75' lang='grc' dir='ltr'>νίκῃ</span> <span class='ocrx_word' id='word_1_362' title='bbox 3752 2157 3885 2211; x_wconf 70' lang='grc' dir='ltr'>ἐπαι-</span> 
     </span>
    </p>
   </div>
   <div class='ocr_carea' id='block_1_54' title="bbox 2256 2243 3886 2324">
    <p class='ocr_par' dir='ltr' id='par_1_54' title="bbox 2256 2243 3886 2324">
     <span class='ocr_line' id='line_1_54' title="bbox 2256 2243 3886 2324; baseline 0.002 -26"><span class='ocrx_word' id='word_1_363' title='bbox 2256 2243 2478 2318; x_wconf 87' lang='grc' dir='ltr'>ρόμενός</span> <span class='ocrx_word' id='word_1_364' title='bbox 2543 2265 2601 2299; x_wconf 89' lang='grc' dir='ltr'>τε</span> <span class='ocrx_word' id='word_1_365' title='bbox 2684 2244 2774 2298; x_wconf 83' lang='grc' dir='ltr'>καὶ</span> <span class='ocrx_word' id='word_1_366' title='bbox 2868 2250 3134 2321; x_wconf 83' lang='grc' dir='ltr'>γαυριῶν.</span> <span class='ocrx_word' id='word_1_367' title='bbox 3228 2248 3305 2304; x_wconf 86' lang='grc' dir='ltr'>Τὸ</span> <span class='ocrx_word' id='word_1_368' title='bbox 3401 2245 3458 2302; x_wconf 77' lang='grc' dir='ltr'>δὲ</span> <span class='ocrx_word' id='word_1_369' title='bbox 3548 2247 3886 2324; x_wconf 73' lang='grc' dir='ltr'>καταλειφθὲν</span> 
     </span>
    </p>
   </div>
   <div class='ocr_carea' id='block_1_55' title="bbox 2252 2331 3884 2406">
    <p class='ocr_par' dir='ltr' id='par_1_55' title="bbox 2252 2331 3884 2406">
     <span class='ocr_line' id='line_1_55' title="bbox 2252 2331 3884 2406; baseline 0.003 -22"><span class='ocrx_word' id='word_1_370' title='bbox 2252 2332 2505 2387; x_wconf 79' lang='grc' dir='ltr'>ναυτικὸν</span> <span class='ocrx_word' id='word_1_371' title='bbox 2574 2332 2626 2387; x_wconf 85' lang='grc' dir='ltr'>ἐν</span> <span class='ocrx_word' id='word_1_372' title='bbox 2713 2337 2782 2406; x_wconf 79' lang='grc' dir='ltr'>τῇ</span> <span class='ocrx_word' id='word_1_373' title='bbox 2869 2331 3170 2406; x_wconf 82' lang='grc' dir='ltr'>πολιορκίᾳ</span> <span class='ocrx_word' id='word_1_374' title='bbox 3268 2342 3369 2405; x_wconf 82' lang='grc' dir='ltr'>τῆς</span> <span class='ocrx_word' id='word_1_375' title='bbox 3465 2335 3709 2402; x_wconf 87' lang='grc' dir='ltr'>πόλεως,</span> <span class='ocrx_word' id='word_1_376' title='bbox 3797 2358 3884 2391; x_wconf 67' lang='grc' dir='ltr'>που</span> 
     </span>
    </p>
   </div>
   <div class='ocr_carea' id='block_1_56' title="bbox 2255 2423 3883 2504">
    <p class='ocr_par' dir='ltr' id='par_1_56' title="bbox 2255 2423 3883 2504">
     <span class='ocr_line' id='line_1_56' title="bbox 2255 2423 3883 2504; baseline 0.004 -29"><span class='ocrx_word' id='word_1_377' title='bbox 2255 2423 2483 2494; x_wconf 84' lang='grc' dir='ltr'>θόμενον</span> <span class='ocrx_word' id='word_1_378' title='bbox 2539 2423 2636 2491; x_wconf 70' lang='grc' dir='ltr'>τήν</span> <span class='ocrx_word' id='word_1_379' title='bbox 2701 2423 2866 2491; x_wconf 80' lang='grc' dir='ltr'>ἧτταν</span> <span class='ocrx_word' id='word_1_380' title='bbox 2929 2427 3028 2478; x_wconf 75' lang='grc' dir='ltr'>τοῦ</span> <span class='ocrx_word' id='word_1_381' title='bbox 3095 2424 3427 2495; x_wconf 83' lang='grc' dir='ltr'>ἀποστάτου,</span> <span class='ocrx_word' id='word_1_382' title='bbox 3495 2427 3883 2504; x_wconf 80' lang='grc' dir='ltr'>προσκεχώρη-</span> 
     </span>
    </p>
   </div>
   <div class='ocr_carea' id='block_1_57' title="bbox 2254 2509 3882 2586">
    <p class='ocr_par' dir='ltr' id='par_1_57' title="bbox 2254 2509 3882 2586">
     <span class='ocr_line' id='line_1_57' title="bbox 2254 2509 3882 2586; baseline 0.002 -20"><span class='ocrx_word' id='word_1_383' title='bbox 2254 2531 2341 2566; x_wconf 83' lang='grc' dir='ltr'>κεν</span> <span class='ocrx_word' id='word_1_384' title='bbox 2371 2512 2507 2564; x_wconf 78' lang='grc' dir='ltr'>ἅπαν</span> <span class='ocrx_word' id='word_1_385' title='bbox 2555 2515 2633 2582; x_wconf 83' lang='grc' dir='ltr'>τῷ</span> <span class='ocrx_word' id='word_1_386' title='bbox 2695 2509 2937 2586; x_wconf 86' lang='grc' dir='ltr'>βασιλεῖ.</span> <span class='ocrx_word' id='word_1_387' title='bbox 3005 2513 3063 2570; x_wconf 76' lang='grc' dir='ltr'><strong>Ὀ</strong></span> <span class='ocrx_word' id='word_1_388' title='bbox 3123 2510 3170 2567; x_wconf 83' lang='grc' dir='ltr'>δ’</span> <span class='ocrx_word' id='word_1_389' title='bbox 3232 2514 3543 2585; x_wconf 76' lang='grc' dir='ltr'>ἀποστάτης</span> <span class='ocrx_word' id='word_1_390' title='bbox 3604 2514 3686 2577; x_wconf 51' lang='grc' dir='ltr'>εθς</span> <span class='ocrx_word' id='word_1_391' title='bbox 3742 2517 3882 2569; x_wconf 74' lang='grc' dir='ltr'>τοῦτο</span> 
     </span>
    </p>
   </div>
   <div class='ocr_carea' id='block_1_58' title="bbox 2255 2600 3882 2677">
    <p class='ocr_par' dir='ltr' id='par_1_58' title="bbox 2255 2600 3882 2677">
     <span class='ocr_line' id='line_1_58' title="bbox 2255 2600 3882 2677; baseline 0.002 -24"><span class='ocrx_word' id='word_1_392' title='bbox 2255 2600 2447 2676; x_wconf 84' lang='grc' dir='ltr'>ἀφῖκτο</span> <span class='ocrx_word' id='word_1_393' title='bbox 2509 2600 2700 2671; x_wconf 88' lang='grc' dir='ltr'>μανίας</span> <span class='ocrx_word' id='word_1_394' title='bbox 2740 2600 2885 2675; x_wconf 83' lang='grc' dir='ltr'>παρά</span> <span class='ocrx_word' id='word_1_395' title='bbox 2938 2606 3047 2655; x_wconf 82' lang='grc' dir='ltr'>τῶν</span> <span class='ocrx_word' id='word_1_396' title='bbox 3106 2602 3546 2677; x_wconf 72' lang='grc' dir='ltr'>συμμαχούντων</span> <span class='ocrx_word' id='word_1_397' title='bbox 3605 2604 3776 2675; x_wconf 79' lang='grc' dir='ltr'>αὐτῷ,</span> <span class='ocrx_word' id='word_1_398' title='bbox 3819 2603 3882 2665; x_wconf 84' lang='grc' dir='ltr'>ὠς</span> 
     </span>
    </p>
   </div>
   <div class='ocr_carea' id='block_1_59' title="bbox 2254 2683 3882 2766">
    <p class='ocr_par' dir='ltr' id='par_1_59' title="bbox 2254 2683 3882 2766">
     <span class='ocr_line' id='line_1_59' title="bbox 2254 2683 3882 2766; baseline 0.001 -22"><span class='ocrx_word' id='word_1_399' title='bbox 2254 2683 2447 2756; x_wconf 78' lang='grc' dir='ltr'>ἔοικεν,</span> <span class='ocrx_word' id='word_1_400' title='bbox 2509 2687 2807 2762; x_wconf 82' lang='grc' dir='ltr'>δαιμόνων,</span> <span class='ocrx_word' id='word_1_401' title='bbox 2892 2689 2983 2744; x_wconf 84' lang='grc' dir='ltr'>καὶ</span> <span class='ocrx_word' id='word_1_402' title='bbox 3033 2691 3135 2760; x_wconf 75' lang='grc' dir='ltr'>τὴν</span> <span class='ocrx_word' id='word_1_403' title='bbox 3192 2698 3292 2759; x_wconf 80' lang='grc' dir='ltr'>τῆς</span> <span class='ocrx_word' id='word_1_404' title='bbox 3374 2691 3655 2766; x_wconf 79' lang='grc' dir='ltr'>βασιλείας</span> <span class='ocrx_word' id='word_1_405' title='bbox 3741 2691 3882 2748; x_wconf 74' lang='grc' dir='ltr'>εἰσέτι</span> 
     </span>
    </p>
   </div>
   <div class='ocr_carea' id='block_1_60' title="bbox 2255 2776 3882 2854">
    <p class='ocr_par' dir='ltr' id='par_1_60' title="bbox 2255 2776 3882 2854">
     <span class='ocr_line' id='line_1_60' title="bbox 2255 2776 3882 2854; baseline 0.001 -22"><span class='ocrx_word' id='word_1_406' title='bbox 2255 2776 2612 2851; x_wconf 85' lang='grc' dir='ltr'>ὠνειροπόλει</span> <span class='ocrx_word' id='word_1_407' title='bbox 2644 2778 2992 2854; x_wconf 82' lang='grc' dir='ltr'>κατάσχεσιν,</span> <span class='ocrx_word' id='word_1_408' title='bbox 3026 2779 3110 2835; x_wconf 79' lang='grc' dir='ltr'>ὅτι</span> <span class='ocrx_word' id='word_1_409' title='bbox 3159 2781 3421 2844; x_wconf 79' lang='grc' dir='ltr'>πάντοθεν</span> <span class='ocrx_word' id='word_1_410' title='bbox 3477 2776 3882 2854; x_wconf 73' lang='grc' dir='ltr'>συντριϐόμενος</span> 
     </span>
    </p>
   </div>
   <div class='ocr_carea' id='block_1_61' title="bbox 2253 2866 3884 2945">
    <p class='ocr_par' dir='ltr' id='par_1_61' title="bbox 2253 2866 3884 2945">
     <span class='ocr_line' id='line_1_61' title="bbox 2253 2866 3884 2945; baseline 0.001 -23"><span class='ocrx_word' id='word_1_411' title='bbox 2253 2867 2344 2922; x_wconf 87' lang='grc' dir='ltr'>καὶ</span> <span class='ocrx_word' id='word_1_412' title='bbox 2382 2867 2572 2943; x_wconf 86' lang='grc' dir='ltr'>μικρὸς</span> <span class='ocrx_word' id='word_1_413' title='bbox 2630 2866 2688 2922; x_wconf 80' lang='grc' dir='ltr'>ἐκ</span> <span class='ocrx_word' id='word_1_414' title='bbox 2749 2867 2989 2943; x_wconf 83' lang='grc' dir='ltr'>μεγάλου</span> <span class='ocrx_word' id='word_1_415' title='bbox 3046 2870 3334 2945; x_wconf 81' lang='grc' dir='ltr'>γινόμενος</span> <span class='ocrx_word' id='word_1_416' title='bbox 3393 2866 3470 2925; x_wconf 79' lang='grc' dir='ltr'>ἔτι</span> <span class='ocrx_word' id='word_1_417' title='bbox 3509 2871 3884 2944; x_wconf 77' lang='grc' dir='ltr'>προσελιπάρει</span> 
     </span>
    </p>
   </div>
   <div class='ocr_carea' id='block_1_62' title="bbox 2253 2953 3885 3035">
    <p class='ocr_par' dir='ltr' id='par_1_62' title="bbox 2253 2953 3885 3035">
     <span class='ocr_line' id='line_1_62' title="bbox 2253 2953 3885 3035; baseline 0.002 -25"><span class='ocrx_word' id='word_1_418' title='bbox 2253 2960 2322 3030; x_wconf 80' lang='grc' dir='ltr'>τῇ</span> <span class='ocrx_word' id='word_1_419' title='bbox 2355 2955 2669 3032; x_wconf 75' lang='grc' dir='ltr'>πολιορκίᾳ.</span> <span class='ocrx_word' id='word_1_420' title='bbox 2733 2958 2828 3018; x_wconf 82' lang='grc' dir='ltr'>Ὧς</span> <span class='ocrx_word' id='word_1_421' title='bbox 2888 2953 2935 3011; x_wconf 84' lang='grc' dir='ltr'>δ’</span> <span class='ocrx_word' id='word_1_422' title='bbox 2993 2958 3212 3033; x_wconf 84' lang='grc' dir='ltr'>ἐγνώκει</span> <span class='ocrx_word' id='word_1_423' title='bbox 3271 2961 3446 3032; x_wconf 88' lang='grc' dir='ltr'>μάτην</span> <span class='ocrx_word' id='word_1_424' title='bbox 3504 2965 3714 3028; x_wconf 80' lang='grc' dir='ltr'>πονῶν,</span> <span class='ocrx_word' id='word_1_425' title='bbox 3770 2961 3885 3035; x_wconf 75' lang='grc' dir='ltr'>ἄρας</span> 
     </span>
    </p>
   </div>
   <div class='ocr_carea' id='block_1_63' title="bbox 2254 3043 3889 3120">
    <p class='ocr_par' dir='ltr' id='par_1_63' title="bbox 2254 3043 3889 3120">
     <span class='ocr_line' id='line_1_63' title="bbox 2254 3043 3889 3120; baseline 0.001 -20"><span class='ocrx_word' id='word_1_426' title='bbox 2254 3045 2526 3117; x_wconf 84' lang='grc' dir='ltr'>παντὶτῷ</span> <span class='ocrx_word' id='word_1_427' title='bbox 2557 3050 2767 3119; x_wconf 81' lang='grc' dir='ltr'>στρατῷ</span> <span class='ocrx_word' id='word_1_428' title='bbox 2799 3045 2874 3108; x_wconf 48' lang='lat' dir='ltr'>sic</span> <span class='ocrx_word' id='word_1_429' title='bbox 2916 3069 2970 3101; x_wconf 88' lang='grc' dir='ltr'>τι</span> <span class='ocrx_word' id='word_1_430' title='bbox 3016 3044 3217 3102; x_wconf 82' lang='grc' dir='ltr'>πεδίων</span> <span class='ocrx_word' id='word_1_431' title='bbox 3275 3043 3530 3102; x_wconf 80' lang='grc' dir='ltr'>Διάϐασιν</span> <span class='ocrx_word' id='word_1_432' title='bbox 3591 3069 3889 3120; x_wconf 81' lang='grc' dir='ltr'>κατονομα-</span> 
     </span>
    </p>
   </div>
   <div class='ocr_carea' id='block_1_64' title="bbox 509 3132 2142 3245">
    <p class='ocr_par' dir='ltr' id='par_1_64' title="bbox 509 3136 2142 3245">
     <span class='ocr_line' id='line_1_64' title="bbox 509 3136 2142 3208; baseline -0.004 -14"><span class='ocrx_word' id='word_1_433' title='bbox 509 3143 566 3194; x_wconf 94' lang='lat' dir='ltr'>et</span> <span class='ocrx_word' id='word_1_434' title='bbox 597 3153 783 3208; x_wconf 89' lang='lat' dir='ltr'>usque</span> <span class='ocrx_word' id='word_1_435' title='bbox 815 3136 888 3191; x_wconf 91' lang='lat' dir='ltr'>ad</span> <span class='ocrx_word' id='word_1_436' title='bbox 919 3137 1385 3208; x_wconf 85' lang='lat' dir='ltr'>putrel‘actorum</span> <span class='ocrx_word' id='word_1_437' title='bbox 1417 3136 1713 3190; x_wconf 89' lang='lat' dir='ltr'>coriorum</span> <span class='ocrx_word' id='word_1_438' title='bbox 1747 3151 1912 3190; x_wconf 91' lang='lat' dir='ltr'>esum</span> <span class='ocrx_word' id='word_1_439' title='bbox 1944 3151 2142 3188; x_wconf 90' lang='lat' dir='ltr'>neces-</span> 
     </span>
     <span class='ocr_line' id='line_1_65' title="bbox 540 3223 2120 3245; baseline 0 0"><span class='ocrx_word' id='word_1_440' title='bbox 540 3228 638 3245; x_wconf 63' lang='lat'>-.,,,</span> <span class='ocrx_word' id='word_1_441' title='bbox 683 3243 710 3245; x_wconf 93' lang='lat'>__</span> <span class='ocrx_word' id='word_1_442' title='bbox 732 3226 911 3245; x_wconf 58' lang='lat' dir='ltr'>_,,,,_I!</span> <span class='ocrx_word' id='word_1_443' title='bbox 959 3244 972 3245; x_wconf 45' lang='grc' dir='ltr'><em>η</em></span> <span class='ocrx_word' id='word_1_444' title='bbox 994 3231 1037 3245; x_wconf 61' lang='grc' dir='ltr'>,ι</span> <span class='ocrx_word' id='word_1_445' title='bbox 1107 3243 1118 3245; x_wconf 66' lang='lat'><strong><em>_</em></strong></span> <span class='ocrx_word' id='word_1_446' title='bbox 1144 3243 1158 3245; x_wconf 89' lang='lat'>_</span> <span class='ocrx_word' id='word_1_447' title='bbox 1181 3226 1319 3245; x_wconf 66' lang='lat' dir='ltr'>___l._</span> <span class='ocrx_word' id='word_1_448' title='bbox 1365 3242 1482 3245; x_wconf 66' lang='lat'>____-</span> <span class='ocrx_word' id='word_1_449' title='bbox 1526 3224 1699 3245; x_wconf 68' lang='lat' dir='ltr'>ll:_l__.</span> <span class='ocrx_word' id='word_1_450' title='bbox 1721 3223 1800 3245; x_wconf 53' lang='lat' dir='ltr'>-l-</span> <span class='ocrx_word' id='word_1_451' title='bbox 1853 3223 2120 3245; x_wconf 50' lang='lat' dir='ltr'>A_Il-_--n:</span> 
     </span>
    </p>
   </div>
   <div class='ocr_carea' id='block_1_65' title="bbox 2249 3132 3886 3245">
    <p class='ocr_par' dir='ltr' id='par_1_65' title="bbox 2259 3132 3886 3245">
     <span class='ocr_line' id='line_1_66' title="bbox 2259 3132 3886 3210; baseline 0.002 -24"><span class='ocrx_word' id='word_1_452' title='bbox 2259 3133 2511 3204; x_wconf 89' lang='grc' dir='ltr'>ζόμενον,</span> <span class='ocrx_word' id='word_1_453' title='bbox 2573 3132 2824 3196; x_wconf 79' lang='grc' dir='ltr'>σταδίους</span> <span class='ocrx_word' id='word_1_454' title='bbox 2893 3135 3100 3210; x_wconf 83' lang='grc' dir='ltr'>ἀπέχον</span> <span class='ocrx_word' id='word_1_455' title='bbox 3186 3143 3286 3204; x_wconf 75' lang='grc' dir='ltr'>τῆς</span> <span class='ocrx_word' id='word_1_456' title='bbox 3365 3135 3583 3198; x_wconf 80' lang='grc' dir='ltr'>πόλεως</span> <span class='ocrx_word' id='word_1_457' title='bbox 3667 3135 3886 3206; x_wconf 73' lang='grc' dir='ltr'>ἱκανοὺς,</span> 
     </span>
     <span class='ocr_line' id='line_1_67' title="bbox 2261 3220 3835 3245; baseline 0 0"><span class='ocrx_word' id='word_1_458' title='bbox 2261 3221 2346 3245; x_wconf 22' lang='grc' dir='ltr'><em>,γ’γε</em></span> <span class='ocrx_word' id='word_1_459' title='bbox 2399 3220 2582 3245; x_wconf 36' lang='grc' dir='ltr'>νμὲημ</span> <span class='ocrx_word' id='word_1_460' title='bbox 2729 3225 2775 3245; x_wconf 63' lang='lat' dir='ltr'>,I</span> <span class='ocrx_word' id='word_1_461' title='bbox 3102 3224 3116 3241; x_wconf 62' lang='grc' dir='ltr'>ε</span> <span class='ocrx_word' id='word_1_462' title='bbox 3263 3225 3276 3241; x_wconf 61' lang='grc' dir='ltr'>ε</span> <span class='ocrx_word' id='word_1_463' title='bbox 3344 3223 3430 3242; x_wconf 67' lang='grc' dir='ltr'>σοιν</span> <span class='ocrx_word' id='word_1_464' title='bbox 3601 3227 3616 3245; x_wconf 66' lang='grc' dir='ltr'>ν</span> <span class='ocrx_word' id='word_1_465' title='bbox 3730 3225 3772 3245; x_wconf 70' lang='grc' dir='ltr'><strong><em>ὀ</em></strong></span> <span class='ocrx_word' id='word_1_466' title='bbox 3823 3226 3835 3244; x_wconf 85' lang='lat'><strong><em>\</em></strong></span> 
     </span>
    </p>
   </div>
   <div class='ocr_carea' id='block_1_66' title="bbox 2295 3221 2306 3240">
    <p class='ocr_par' dir='ltr' id='par_1_66' title="bbox 2295 3221 2306 3240">
     <span class='ocr_line' id='line_1_68' title="bbox 2295 3221 2306 3240; baseline 0 0"><span class='ocrx_word' id='word_1_467' title='bbox 2295 3221 2306 3240; x_wconf 70' lang='grc' dir='ltr'>ν</span> 
     </span>
    </p>
   </div>
   <div class='ocr_carea' id='block_1_67' title="bbox 506 3223 2146 3297">
    <p class='ocr_par' dir='ltr' id='par_1_67' title="bbox 506 3223 2146 3297">
     <span class='ocr_line' id='line_1_69' title="bbox 506 3223 2146 3297; baseline -0.004 -14"><span class='ocrx_word' id='word_1_468' title='bbox 506 3228 650 3284; x_wconf 88' lang='lat' dir='ltr'>sitas</span> <span class='ocrx_word' id='word_1_469' title='bbox 682 3226 1060 3297; x_wconf 90' lang='lat' dir='ltr'>perpulisset,</span> <span class='ocrx_word' id='word_1_470' title='bbox 1096 3226 1324 3280; x_wconf 89' lang='lat' dir='ltr'>occulte</span> <span class='ocrx_word' id='word_1_471' title='bbox 1356 3242 1490 3279; x_wconf 93' lang='lat' dir='ltr'>cum</span> <span class='ocrx_word' id='word_1_472' title='bbox 1522 3223 1806 3279; x_wconf 81' lang='lat' dir='ltr'>Michaelo</span> <span class='ocrx_word' id='word_1_473' title='bbox 1846 3223 2146 3290; x_wconf 91' lang='lat' dir='ltr'>collocuti,</span> 
     </span>
    </p>
   </div>
   <div class='ocr_carea' id='block_1_68' title="bbox 504 3312 2152 3390">
    <p class='ocr_par' dir='ltr' id='par_1_68' title="bbox 504 3312 2152 3390">
     <span class='ocr_line' id='line_1_70' title="bbox 504 3312 2152 3390; baseline -0.005 -16"><span class='ocrx_word' id='word_1_474' title='bbox 504 3317 780 3390; x_wconf 86' lang='lat' dir='ltr'>pactique</span> <span class='ocrx_word' id='word_1_475' title='bbox 811 3317 1160 3374; x_wconf 55' lang='lat' dir='ltr'>delictorum</span> <span class='ocrx_word' id='word_1_476' title='bbox 1192 3315 1445 3381; x_wconf 88' lang='lat' dir='ltr'>veniam,</span> <span class='ocrx_word' id='word_1_477' title='bbox 1468 3314 1750 3368; x_wconf 89' lang='lat' dir='ltr'>Thomam</span> <span class='ocrx_word' id='word_1_478' title='bbox 1775 3313 1834 3366; x_wconf 91' lang='lat' dir='ltr'>in</span> <span class='ocrx_word' id='word_1_479' title='bbox 1855 3312 2152 3383; x_wconf 88' lang='lat' dir='ltr'>compedi-</span> 
     </span>
    </p>
   </div>
   <div class='ocr_carea' id='block_1_69' title="bbox 507 3401 2151 3478">
    <p class='ocr_par' dir='ltr' id='par_1_69' title="bbox 507 3401 2151 3478">
     <span class='ocr_line' id='line_1_71' title="bbox 507 3401 2151 3478; baseline -0.004 -17"><span class='ocrx_word' id='word_1_480' title='bbox 507 3407 618 3463; x_wconf 88' lang='lat' dir='ltr'>bus</span> <span class='ocrx_word' id='word_1_481' title='bbox 649 3407 993 3478; x_wconf 86' lang='lat' dir='ltr'>imperatori</span> <span class='ocrx_word' id='word_1_482' title='bbox 1025 3403 1419 3459; x_wconf 89' lang='lat' dir='ltr'>tradiderunt.</span> <span class='ocrx_word' id='word_1_483' title='bbox 1453 3403 1508 3456; x_wconf 90' lang='lat' dir='ltr'>Is</span> <span class='ocrx_word' id='word_1_484' title='bbox 1537 3418 1766 3456; x_wconf 90' lang='lat' dir='ltr'>morem</span> <span class='ocrx_word' id='word_1_485' title='bbox 1789 3401 2151 3472; x_wconf 90' lang='lat' dir='ltr'>quijampri-</span> 
     </span>
    </p>
   </div>
   <div class='ocr_carea' id='block_1_70' title="bbox 509 3491 2150 3566">
    <p class='ocr_par' dir='ltr' id='par_1_70' title="bbox 509 3491 2150 3566">
     <span class='ocr_line' id='line_1_72' title="bbox 509 3491 2150 3566; baseline -0.002 -18"><span class='ocrx_word' id='word_1_486' title='bbox 509 3493 644 3548; x_wconf 91' lang='lat' dir='ltr'>dem</span> <span class='ocrx_word' id='word_1_487' title='bbox 676 3493 1133 3566; x_wconf 87' lang='lat' dir='ltr'>imperatoribus</span> <span class='ocrx_word' id='word_1_488' title='bbox 1163 3491 1466 3562; x_wconf 89' lang='lat' dir='ltr'>placuerat</span> <span class='ocrx_word' id='word_1_489' title='bbox 1495 3495 1884 3560; x_wconf 85' lang='lat' dir='ltr'>receptusque</span> <span class='ocrx_word' id='word_1_490' title='bbox 1908 3507 2150 3545; x_wconf 88' lang='lat' dir='ltr'>consue-</span> 
     </span>
    </p>
   </div>
   <div class='ocr_carea' id='block_1_71' title="bbox 509 3579 2150 3654">
    <p class='ocr_par' dir='ltr' id='par_1_71' title="bbox 509 3579 2150 3654">
     <span class='ocr_line' id='line_1_73' title="bbox 509 3579 2150 3654; baseline -0.002 -17"><span class='ocrx_word' id='word_1_491' title='bbox 509 3582 715 3638; x_wconf 91' lang='lat' dir='ltr'>tudine</span> <span class='ocrx_word' id='word_1_492' title='bbox 745 3588 894 3650; x_wconf 89' lang='lat' dir='ltr'>erat,</span> <span class='ocrx_word' id='word_1_493' title='bbox 925 3582 1118 3654; x_wconf 89' lang='lat' dir='ltr'>primo</span> <span class='ocrx_word' id='word_1_494' title='bbox 1149 3580 1417 3635; x_wconf 89' lang='lat' dir='ltr'>omnium</span> <span class='ocrx_word' id='word_1_495' title='bbox 1444 3595 1704 3643; x_wconf 85' lang='lat' dir='ltr'>servans,</span> <span class='ocrx_word' id='word_1_496' title='bbox 1728 3585 2063 3650; x_wconf 91' lang='lat' dir='ltr'>porrectum</span> <span class='ocrx_word' id='word_1_497' title='bbox 2089 3579 2150 3634; x_wconf 90' lang='lat' dir='ltr'>in</span> 
     </span>
    </p>
   </div>
   <div class='ocr_carea' id='block_1_72' title="bbox 505 3668 2150 3744">
    <p class='ocr_par' dir='ltr' id='par_1_72' title="bbox 505 3668 2150 3744">
     <span class='ocr_line' id='line_1_74' title="bbox 505 3668 2150 3744; baseline -0.002 -17"><span class='ocrx_word' id='word_1_498' title='bbox 505 3673 838 3744; x_wconf 85' lang='lat' dir='ltr'>pavimento</span> <span class='ocrx_word' id='word_1_499' title='bbox 871 3673 1073 3744; x_wconf 89' lang='lat' dir='ltr'>jacere</span> <span class='ocrx_word' id='word_1_500' title='bbox 1096 3669 1296 3742; x_wconf 89' lang='lat' dir='ltr'>jussit,</span> <span class='ocrx_word' id='word_1_501' title='bbox 1317 3669 1724 3738; x_wconf 88' lang='lat' dir='ltr'>cervicemque</span> <span class='ocrx_word' id='word_1_502' title='bbox 1755 3668 1881 3740; x_wconf 88' lang='lat' dir='ltr'>ejus</span> <span class='ocrx_word' id='word_1_503' title='bbox 1902 3669 2150 3740; x_wconf 91' lang='lat' dir='ltr'>pedibus</span> 
     </span>
    </p>
   </div>
   <div class='ocr_carea' id='block_1_73' title="bbox 505 3757 2149 3831">
    <p class='ocr_par' dir='ltr' id='par_1_73' title="bbox 505 3757 2149 3831">
     <span class='ocr_line' id='line_1_75' title="bbox 505 3757 2149 3831; baseline -0.001 -15"><span class='ocrx_word' id='word_1_504' title='bbox 505 3762 628 3818; x_wconf 85' lang='lat' dir='ltr'>suis</span> <span class='ocrx_word' id='word_1_505' title='bbox 659 3761 902 3818; x_wconf 88' lang='lat' dir='ltr'>calcavit</span> <span class='ocrx_word' id='word_1_506' title='bbox 926 3777 939 3827; x_wconf 93' lang='lat'><strong>;</strong></span> <span class='ocrx_word' id='word_1_507' title='bbox 972 3765 1095 3814; x_wconf 90' lang='lat' dir='ltr'>tum</span> <span class='ocrx_word' id='word_1_508' title='bbox 1124 3759 1372 3831; x_wconf 91' lang='lat' dir='ltr'>pedibus</span> <span class='ocrx_word' id='word_1_509' title='bbox 1396 3757 1787 3828; x_wconf 90' lang='lat' dir='ltr'>manibusque</span> <span class='ocrx_word' id='word_1_510' title='bbox 1809 3757 2149 3814; x_wconf 88' lang='lat' dir='ltr'>mutilatum</span> 
     </span>
    </p>
   </div>
   <div class='ocr_carea' id='block_1_74' title="bbox 503 3845 2149 3922">
    <p class='ocr_par' dir='ltr' id='par_1_74' title="bbox 503 3845 2149 3922">
     <span class='ocr_line' id='line_1_76' title="bbox 503 3845 2149 3922; baseline -0.003 -16"><span class='ocrx_word' id='word_1_511' title='bbox 503 3857 564 3907; x_wconf 93' lang='lat' dir='ltr'>et</span> <span class='ocrx_word' id='word_1_512' title='bbox 587 3853 754 3906; x_wconf 87' lang='lat' dir='ltr'>asino</span> <span class='ocrx_word' id='word_1_513' title='bbox 787 3848 1131 3922; x_wconf 91' lang='lat' dir='ltr'>impositum</span> <span class='ocrx_word' id='word_1_514' title='bbox 1165 3846 1483 3920; x_wconf 88' lang='lat' dir='ltr'>spectaculi</span> <span class='ocrx_word' id='word_1_515' title='bbox 1513 3845 1643 3900; x_wconf 92' lang='lat' dir='ltr'>loco</span> <span class='ocrx_word' id='word_1_516' title='bbox 1676 3862 1781 3917; x_wconf 90' lang='lat' dir='ltr'>per</span> <span class='ocrx_word' id='word_1_517' title='bbox 1809 3851 2002 3901; x_wconf 88' lang='lat' dir='ltr'>castra</span> <span class='ocrx_word' id='word_1_518' title='bbox 2031 3847 2149 3901; x_wconf 87' lang='lat' dir='ltr'>cir-</span> 
     </span>
    </p>
   </div>
   <div class='ocr_carea' id='block_1_75' title="bbox 503 3934 2144 4012">
    <p class='ocr_par' dir='ltr' id='par_1_75' title="bbox 503 3934 2144 4012">
     <span class='ocr_line' id='line_1_77' title="bbox 503 3934 2144 4012; baseline -0.004 -16"><span class='ocrx_word' id='word_1_519' title='bbox 503 3941 778 3996; x_wconf 88' lang='lat' dir='ltr'>cumduci</span> <span class='ocrx_word' id='word_1_520' title='bbox 801 3939 1002 4012; x_wconf 87' lang='lat' dir='ltr'>jussit,</span> <span class='ocrx_word' id='word_1_521' title='bbox 1049 3937 1201 3992; x_wconf 91' lang='lat' dir='ltr'>nihil</span> <span class='ocrx_word' id='word_1_522' title='bbox 1250 3936 1412 3991; x_wconf 89' lang='lat' dir='ltr'>aliud</span> <span class='ocrx_word' id='word_1_523' title='bbox 1457 3934 1874 3990; x_wconf 82' lang='lat' dir='ltr'>vociferantem</span> <span class='ocrx_word' id='word_1_524' title='bbox 1926 3952 2144 4006; x_wconf 86' lang='lat' dir='ltr'>quam:</span> 
     </span>
    </p>
   </div>
   <div class='ocr_carea' id='block_1_76' title="bbox 500 4023 2147 4097">
    <p class='ocr_par' dir='ltr' id='par_1_76' title="bbox 500 4023 2147 4097">
     <span class='ocr_line' id='line_1_78' title="bbox 500 4023 2147 4097; baseline -0.004 -13"><span class='ocrx_word' id='word_1_525' title='bbox 500 4053 528 4081; x_wconf 78' lang='grc' dir='ltr'>«ι</span> <span class='ocrx_word' id='word_1_526' title='bbox 563 4031 836 4086; x_wconf 89' lang='lat' dir='ltr'>Miserere</span> <span class='ocrx_word' id='word_1_527' title='bbox 855 4026 1103 4097; x_wconf 88' lang='lat' dir='ltr'>mei,qui</span> <span class='ocrx_word' id='word_1_528' title='bbox 1126 4042 1296 4080; x_wconf 91' lang='lat' dir='ltr'>verus</span> <span class='ocrx_word' id='word_1_529' title='bbox 1317 4041 1378 4080; x_wconf 91' lang='lat' dir='ltr'>es</span> <span class='ocrx_word' id='word_1_530' title='bbox 1402 4023 1534 4078; x_wconf 84' lang='lat' dir='ltr'>rex!</span> <span class='ocrx_word' id='word_1_531' title='bbox 1559 4046 1587 4074; x_wconf 82' lang='lat'><strong><em>»</em></strong></span> <span class='ocrx_word' id='word_1_532' title='bbox 1607 4024 1870 4094; x_wconf 90' lang='lat' dir='ltr'>Cumque</span> <span class='ocrx_word' id='word_1_533' title='bbox 1903 4040 1997 4079; x_wconf 91' lang='lat' dir='ltr'>res</span> <span class='ocrx_word' id='word_1_534' title='bbox 2020 4041 2147 4095; x_wconf 65' lang='lat' dir='ltr'>per«</span> 
     </span>
    </p>
   </div>
   <div class='ocr_carea' id='block_1_77' title="bbox 498 4111 2145 4184">
    <p class='ocr_par' dir='ltr' id='par_1_77' title="bbox 498 4111 2145 4184">
     <span class='ocr_line' id='line_1_79' title="bbox 498 4111 2145 4184; baseline -0.005 -9"><span class='ocrx_word' id='word_1_535' title='bbox 498 4124 843 4175; x_wconf 77' lang='lat' dir='ltr'>conteretur</span> <span class='ocrx_word' id='word_1_536' title='bbox 872 4133 947 4171; x_wconf 84' lang='lat' dir='ltr'>an</span> <span class='ocrx_word' id='word_1_537' title='bbox 969 4133 1039 4171; x_wconf 80' lang='lat' dir='ltr'>ex</span> <span class='ocrx_word' id='word_1_538' title='bbox 1067 4115 1278 4169; x_wconf 89' lang='lat' dir='ltr'>aulicis</span> <span class='ocrx_word' id='word_1_539' title='bbox 1300 4128 1536 4184; x_wconf 89' lang='lat' dir='ltr'>quoque</span> <span class='ocrx_word' id='word_1_540' title='bbox 1567 4111 1836 4166; x_wconf 89' lang='lat' dir='ltr'>conscios</span> <span class='ocrx_word' id='word_1_541' title='bbox 1858 4112 2145 4182; x_wconf 89' lang='lat' dir='ltr'>quosdam</span> 
     </span>
    </p>
   </div>
   <div class='ocr_carea' id='block_1_78' title="bbox 495 4200 2143 4269">
    <p class='ocr_par' dir='ltr' id='par_1_78' title="bbox 495 4200 2143 4269">
     <span class='ocr_line' id='line_1_80' title="bbox 495 4200 2143 4269; baseline -0.005 -3"><span class='ocrx_word' id='word_1_542' title='bbox 495 4227 617 4266; x_wconf 71' lang='lat' dir='ltr'>suas</span> <span class='ocrx_word' id='word_1_543' title='bbox 651 4208 962 4263; x_wconf 89' lang='lat' dir='ltr'>seditionis</span> <span class='ocrx_word' id='word_1_544' title='bbox 1004 4211 1063 4260; x_wconf 92' lang='lat' dir='ltr'>et</span> <span class='ocrx_word' id='word_1_545' title='bbox 1111 4205 1303 4260; x_wconf 92' lang='lat' dir='ltr'>socios</span> <span class='ocrx_word' id='word_1_546' title='bbox 1355 4203 1682 4269; x_wconf 86' lang='lat' dir='ltr'>habuisset,</span> <span class='ocrx_word' id='word_1_547' title='bbox 1741 4200 1932 4256; x_wconf 80' lang='lat' dir='ltr'>fuerat</span> <span class='ocrx_word' id='word_1_548' title='bbox 1986 4202 2143 4257; x_wconf 85' lang='lat' dir='ltr'>haud</span> 
     </span>
    </p>
   </div>
   <div class='ocr_carea' id='block_1_79' title="bbox 493 4291 2143 4358">
    <p class='ocr_par' dir='ltr' id='par_1_79' title="bbox 493 4291 2143 4358">
     <span class='ocr_line' id='line_1_81' title="bbox 493 4291 2143 4358; baseline -0.003 -7"><span class='ocrx_word' id='word_1_549' title='bbox 493 4297 670 4352; x_wconf 89' lang='lat' dir='ltr'>dubie</span> <span class='ocrx_word' id='word_1_550' title='bbox 701 4296 920 4351; x_wconf 92' lang='lat' dir='ltr'>multos</span> <span class='ocrx_word' id='word_1_551' title='bbox 951 4294 1282 4358; x_wconf 88' lang='lat' dir='ltr'>delaturus,</span> <span class='ocrx_word' id='word_1_552' title='bbox 1343 4292 1458 4346; x_wconf 88' lang='lat' dir='ltr'>nisi</span> <span class='ocrx_word' id='word_1_553' title='bbox 1518 4292 1776 4346; x_wconf 85' lang='lat' dir='ltr'>Joannes</span> <span class='ocrx_word' id='word_1_554' title='bbox 1823 4291 2143 4348; x_wconf 85' lang='lat' dir='ltr'>Exabulius</span> 
     </span>
    </p>
   </div>
   <div class='ocr_carea' id='block_1_80' title="bbox 491 4382 2141 4456">
    <p class='ocr_par' dir='ltr' id='par_1_80' title="bbox 491 4382 2141 4456">
     <span class='ocr_line' id='line_1_82' title="bbox 491 4382 2141 4456; baseline -0.002 -17"><span class='ocrx_word' id='word_1_555' title='bbox 491 4384 774 4454; x_wconf 90' lang='lat' dir='ltr'>patricius</span> <span class='ocrx_word' id='word_1_556' title='bbox 806 4384 1134 4438; x_wconf 90' lang='lat' dir='ltr'>monuisset</span> <span class='ocrx_word' id='word_1_557' title='bbox 1165 4382 1587 4452; x_wconf 88' lang='lat' dir='ltr'>imperatorem</span> <span class='ocrx_word' id='word_1_558' title='bbox 1627 4396 1747 4434; x_wconf 92' lang='lat' dir='ltr'>non</span> <span class='ocrx_word' id='word_1_559' title='bbox 1806 4383 2141 4456; x_wconf 75' lang='lat' dir='ltr'>convenire,</span> 
     </span>
    </p>
   </div>
   <div class='ocr_carea' id='block_1_81' title="bbox 491 4465 2139 4543">
    <p class='ocr_par' dir='ltr' id='par_1_81' title="bbox 491 4465 2139 4543">
     <span class='ocr_line' id='line_1_83' title="bbox 491 4465 2139 4543; baseline -0.001 -16"><span class='ocrx_word' id='word_1_560' title='bbox 491 4473 596 4528; x_wconf 91' lang='lat' dir='ltr'>sed</span> <span class='ocrx_word' id='word_1_561' title='bbox 624 4489 868 4543; x_wconf 91' lang='lat' dir='ltr'>prorsus</span> <span class='ocrx_word' id='word_1_562' title='bbox 895 4465 1113 4527; x_wconf 88' lang='lat' dir='ltr'>rationi</span> <span class='ocrx_word' id='word_1_563' title='bbox 1148 4486 1500 4542; x_wconf 77' lang='lat' dir='ltr'>repugnare,</span> <span class='ocrx_word' id='word_1_564' title='bbox 1533 4469 1792 4524; x_wconf 91' lang='lat' dir='ltr'>inimicis</span> <span class='ocrx_word' id='word_1_565' title='bbox 1823 4470 2000 4525; x_wconf 84' lang='lat' dir='ltr'>ﬁdem</span> <span class='ocrx_word' id='word_1_566' title='bbox 2034 4471 2139 4526; x_wconf 75' lang='lat' dir='ltr'>ha-</span> 
     </span>
    </p>
   </div>
   <div class='ocr_carea' id='block_1_82' title="bbox 2257 3220 3884 3300">
    <p class='ocr_par' dir='ltr' id='par_1_82' title="bbox 2257 3220 3884 3300">
     <span class='ocr_line' id='line_1_84' title="bbox 2257 3220 3884 3300; baseline 0.001 -24"><span class='ocrx_word' id='word_1_567' title='bbox 2257 3221 2466 3286; x_wconf 79' lang='grc' dir='ltr'>εὐφυῶς</span> <span class='ocrx_word' id='word_1_568' title='bbox 2496 3220 2624 3298; x_wconf 82' lang='grc' dir='ltr'>ἔχον</span> <span class='ocrx_word' id='word_1_569' title='bbox 2672 3225 2809 3299; x_wconf 89' lang='grc' dir='ltr'>πρός</span> <span class='ocrx_word' id='word_1_570' title='bbox 2867 3245 2926 3279; x_wconf 89' lang='grc' dir='ltr'>τε</span> <span class='ocrx_word' id='word_1_571' title='bbox 2983 3224 3153 3297; x_wconf 77' lang='grc' dir='ltr'>νομάς</span> <span class='ocrx_word' id='word_1_572' title='bbox 3191 3225 3279 3279; x_wconf 84' lang='grc' dir='ltr'>καὶ</span> <span class='ocrx_word' id='word_1_573' title='bbox 3339 3223 3543 3280; x_wconf 78' lang='grc' dir='ltr'>ὑδάτων</span> <span class='ocrx_word' id='word_1_574' title='bbox 3600 3225 3884 3300; x_wconf 75' lang='grc' dir='ltr'>ὒποῤῥοάς,</span> 
     </span>
    </p>
   </div>
   <div class='ocr_carea' id='block_1_83' title="bbox 2257 3310 3885 3390">
    <p class='ocr_par' dir='ltr' id='par_1_83' title="bbox 2257 3310 3885 3390">
     <span class='ocr_line' id='line_1_85' title="bbox 2257 3310 3885 3390; baseline 0.002 -25"><span class='ocrx_word' id='word_1_575' title='bbox 2257 3310 2667 3384; x_wconf 76' lang='grc' dir='ltr'>στρατοπεδείαν</span> <span class='ocrx_word' id='word_1_576' title='bbox 2729 3311 2990 3384; x_wconf 71' lang='grc' dir='ltr'>ἐπήξατο,</span> <span class='ocrx_word' id='word_1_577' title='bbox 3077 3315 3315 3369; x_wconf 83' lang='grc' dir='ltr'>κάκεῖθεν</span> <span class='ocrx_word' id='word_1_578' title='bbox 3377 3315 3713 3387; x_wconf 76' lang='grc' dir='ltr'>ποιούμενος</span> <span class='ocrx_word' id='word_1_579' title='bbox 3766 3336 3885 3390; x_wconf 87' lang='grc' dir='ltr'>προ-</span> 
     </span>
    </p>
   </div>
   <div class='ocr_carea' id='block_1_84' title="bbox 2253 3402 3886 3480">
    <p class='ocr_par' dir='ltr' id='par_1_84' title="bbox 2253 3402 3886 3480">
     <span class='ocr_line' id='line_1_86' title="bbox 2253 3402 3886 3480; baseline 0.003 -27"><span class='ocrx_word' id='word_1_580' title='bbox 2253 3402 2423 3471; x_wconf 77' lang='grc' dir='ltr'>νομὰς</span> <span class='ocrx_word' id='word_1_581' title='bbox 2485 3407 2594 3455; x_wconf 84' lang='grc' dir='ltr'>τῶν</span> <span class='ocrx_word' id='word_1_582' title='bbox 2650 3409 2751 3471; x_wconf 82' lang='grc' dir='ltr'>τῆς</span> <span class='ocrx_word' id='word_1_583' title='bbox 2817 3402 3035 3464; x_wconf 89' lang='grc' dir='ltr'>πόλεως</span> <span class='ocrx_word' id='word_1_584' title='bbox 3091 3405 3430 3478; x_wconf 84' lang='grc' dir='ltr'>προαστείων</span> <span class='ocrx_word' id='word_1_585' title='bbox 3513 3405 3609 3465; x_wconf 81' lang='grc' dir='ltr'>τὰς</span> <span class='ocrx_word' id='word_1_586' title='bbox 3671 3404 3886 3480; x_wconf 73' lang='grc' dir='ltr'>ἀγλαῒας</span> 
     </span>
    </p>
   </div>
   <div class='ocr_carea' id='block_1_85' title="bbox 2253 3488 3886 3571">
    <p class='ocr_par' dir='ltr' id='par_1_85' title="bbox 2253 3488 3886 3571">
     <span class='ocr_line' id='line_1_87' title="bbox 2253 3488 3886 3571; baseline 0.002 -27"><span class='ocrx_word' id='word_1_587' title='bbox 2253 3488 2553 3564; x_wconf 75' lang='grc' dir='ltr'>ἀπέκειρεν.</span> <span class='ocrx_word' id='word_1_588' title='bbox 2588 3492 2958 3571; x_wconf 86' lang='grc' dir='ltr'>Ἐνεφανίζετο</span> <span class='ocrx_word' id='word_1_589' title='bbox 3013 3491 3070 3547; x_wconf 70' lang='grc' dir='ltr'>δὲ</span> <span class='ocrx_word' id='word_1_590' title='bbox 3116 3499 3233 3556; x_wconf 86' lang='grc' dir='ltr'>τοῖς</span> <span class='ocrx_word' id='word_1_591' title='bbox 3279 3495 3414 3548; x_wconf 81' lang='grc' dir='ltr'>κατὰ</span> <span class='ocrx_word' id='word_1_592' title='bbox 3454 3495 3554 3563; x_wconf 77' lang='grc' dir='ltr'>τήν</span> <span class='ocrx_word' id='word_1_593' title='bbox 3605 3495 3771 3550; x_wconf 89' lang='grc' dir='ltr'>πόλιν</span> <span class='ocrx_word' id='word_1_594' title='bbox 3823 3493 3886 3555; x_wconf 82' lang='grc' dir='ltr'>ὡς</span> 
     </span>
    </p>
   </div>
   <div class='ocr_carea' id='block_1_86' title="bbox 2255 3579 3881 3659">
    <p class='ocr_par' dir='ltr' id='par_1_86' title="bbox 2255 3579 3881 3659">
     <span class='ocr_line' id='line_1_88' title="bbox 2255 3579 3881 3659; baseline 0.002 -26"><span class='ocrx_word' id='word_1_595' title='bbox 2255 3579 2314 3633; x_wconf 89' lang='grc' dir='ltr'>όὸ</span> <span class='ocrx_word' id='word_1_596' title='bbox 2363 3579 2625 3655; x_wconf 83' lang='grc' dir='ltr'>πρότερον</span> <span class='ocrx_word' id='word_1_597' title='bbox 2683 3580 2960 3654; x_wconf 82' lang='grc' dir='ltr'>οὐδαμῶς.</span> <span class='ocrx_word' id='word_1_598' title='bbox 3019 3587 3192 3638; x_wconf 81' lang='grc' dir='ltr'>Τοῦτο</span> <span class='ocrx_word' id='word_1_599' title='bbox 3251 3580 3308 3638; x_wconf 71' lang='grc' dir='ltr'>δὲ</span> <span class='ocrx_word' id='word_1_600' title='bbox 3366 3584 3599 3646; x_wconf 79' lang='grc' dir='ltr'>συνείςὸ</span> <span class='ocrx_word' id='word_1_601' title='bbox 3633 3582 3881 3659; x_wconf 71' lang='grc' dir='ltr'>Μιχαὴλ,</span> 
     </span>
    </p>
   </div>
   <div class='ocr_carea' id='block_1_87' title="bbox 2253 3667 3878 3748">
    <p class='ocr_par' dir='ltr' id='par_1_87' title="bbox 2253 3667 3878 3748">
     <span class='ocr_line' id='line_1_89' title="bbox 2253 3667 3878 3748; baseline 0.001 -26"><span class='ocrx_word' id='word_1_602' title='bbox 2253 3667 2542 3744; x_wconf 82' lang='grc' dir='ltr'>ἀξιολογον</span> <span class='ocrx_word' id='word_1_603' title='bbox 2591 3671 2995 3742; x_wconf 83' lang='grc' dir='ltr'>συστησάμενος</span> <span class='ocrx_word' id='word_1_604' title='bbox 3051 3673 3356 3746; x_wconf 89' lang='grc' dir='ltr'>στράτευμα</span> <span class='ocrx_word' id='word_1_605' title='bbox 3408 3673 3496 3726; x_wconf 83' lang='grc' dir='ltr'>καὶ</span> <span class='ocrx_word' id='word_1_606' title='bbox 3555 3670 3878 3748; x_wconf 72' lang='grc' dir='ltr'>στρατηγοὺς</span> 
     </span>
    </p>
   </div>
   <div class='ocr_carea' id='block_1_88' title="bbox 2251 3756 3878 3833">
    <p class='ocr_par' dir='ltr' id='par_1_88' title="bbox 2251 3756 3878 3833">
     <span class='ocr_line' id='line_1_90' title="bbox 2251 3756 3878 3833; baseline 0.001 -21"><span class='ocrx_word' id='word_1_607' title='bbox 2251 3756 2542 3827; x_wconf 82' lang='grc' dir='ltr'>ἐπιστήσας</span> <span class='ocrx_word' id='word_1_608' title='bbox 2573 3758 2722 3831; x_wconf 86' lang='grc' dir='ltr'>αὐτῷ</span> <span class='ocrx_word' id='word_1_609' title='bbox 2759 3760 2850 3814; x_wconf 89' lang='grc' dir='ltr'>τὸν</span> <span class='ocrx_word' id='word_1_610' title='bbox 2911 3759 3232 3833; x_wconf 85' lang='grc' dir='ltr'>Κοτάκηλαν</span> <span class='ocrx_word' id='word_1_611' title='bbox 3286 3761 3377 3816; x_wconf 87' lang='grc' dir='ltr'>καὶ</span> <span class='ocrx_word' id='word_1_612' title='bbox 3433 3761 3546 3816; x_wconf 78' lang='grc' dir='ltr'>τὸν·</span> <span class='ocrx_word' id='word_1_613' title='bbox 3583 3758 3878 3828; x_wconf 77' lang='grc' dir='ltr'>Ὀλϐιανὸν,</span> 
     </span>
    </p>
   </div>
   <div class='ocr_carea' id='block_1_89' title="bbox 2252 3846 3879 3925">
    <p class='ocr_par' dir='ltr' id='par_1_89' title="bbox 2252 3846 3879 3925">
     <span class='ocr_line' id='line_1_91' title="bbox 2252 3846 3879 3925; baseline 0.001 -25"><span class='ocrx_word' id='word_1_614' title='bbox 2252 3847 2414 3908; x_wconf 89' lang='grc' dir='ltr'>αὐτός</span> <span class='ocrx_word' id='word_1_615' title='bbox 2442 3867 2501 3901; x_wconf 88' lang='grc' dir='ltr'>τε</span> <span class='ocrx_word' id='word_1_616' title='bbox 2533 3847 2628 3908; x_wconf 80' lang='grc' dir='ltr'>τὰς</span> <span class='ocrx_word' id='word_1_617' title='bbox 2687 3846 3064 3922; x_wconf 71' lang='grc' dir='ltr'>φυλαττούσας</span> <span class='ocrx_word' id='word_1_618' title='bbox 3121 3848 3173 3904; x_wconf 85' lang='grc' dir='ltr'>ἐν</span> <span class='ocrx_word' id='word_1_619' title='bbox 3227 3855 3310 3921; x_wconf 79' lang='grc' dir='ltr'>τῷ</span> <span class='ocrx_word' id='word_1_620' title='bbox 3372 3849 3624 3922; x_wconf 86' lang='grc' dir='ltr'>παλατίῳ</span> <span class='ocrx_word' id='word_1_621' title='bbox 3684 3847 3879 3925; x_wconf 79' lang='grc' dir='ltr'>σχολὰς</span> 
     </span>
    </p>
   </div>
   <div class='ocr_carea' id='block_1_90' title="bbox 2251 3934 3880 4012">
    <p class='ocr_par' dir='ltr' id='par_1_90' title="bbox 2251 3934 3880 4012">
     <span class='ocr_line' id='line_1_92' title="bbox 2251 3934 3880 4012; baseline -0.001 -22"><span class='ocrx_word' id='word_1_622' title='bbox 2251 3935 2494 4011; x_wconf 82' lang='grc' dir='ltr'>εἰληφὼς</span> <span class='ocrx_word' id='word_1_623' title='bbox 2549 3936 2642 3990; x_wconf 82' lang='grc' dir='ltr'>καὶ</span> <span class='ocrx_word' id='word_1_624' title='bbox 2690 3936 2788 3997; x_wconf 78' lang='grc' dir='ltr'>τὰς</span> <span class='ocrx_word' id='word_1_625' title='bbox 2846 3939 3108 4012; x_wconf 72' lang='grc' dir='ltr'>ἑταιρείας</span> <span class='ocrx_word' id='word_1_626' title='bbox 3165 3942 3274 4012; x_wconf 83' lang='lat'>(‘76)</span> <span class='ocrx_word' id='word_1_627' title='bbox 3349 3934 3509 4009; x_wconf 78' lang='grc' dir='ltr'>ἔξεισι</span> <span class='ocrx_word' id='word_1_628' title='bbox 3582 3941 3722 3994; x_wconf 88' lang='grc' dir='ltr'>κατά</span> <span class='ocrx_word' id='word_1_629' title='bbox 3797 3936 3880 3991; x_wconf 73' lang='grc' dir='ltr'>τοῦ</span> 
     </span>
    </p>
   </div>
   <div class='ocr_carea' id='block_1_91' title="bbox 2249 4025 3879 4110">
    <p class='ocr_par' dir='ltr' id='par_1_91' title="bbox 2249 4025 3879 4110">
     <span class='ocr_line' id='line_1_93' title="bbox 2249 4025 3879 4110; baseline 0.001 -29"><span class='ocrx_word' id='word_1_630' title='bbox 2249 4029 2534 4102; x_wconf 80' lang='grc' dir='ltr'>τυράννου,</span> <span class='ocrx_word' id='word_1_631' title='bbox 2605 4025 2694 4084; x_wconf 79' lang='grc' dir='ltr'>διὰ</span> <span class='ocrx_word' id='word_1_632' title='bbox 2757 4027 3012 4092; x_wconf 87' lang='grc' dir='ltr'>σταδαίας</span> <span class='ocrx_word' id='word_1_633' title='bbox 3083 4031 3273 4110; x_wconf 84' lang='grc' dir='ltr'>μάχης</span> <span class='ocrx_word' id='word_1_634' title='bbox 3365 4037 3544 4106; x_wconf 87' lang='grc' dir='ltr'>κρῖναι</span> <span class='ocrx_word' id='word_1_635' title='bbox 3649 4033 3716 4086; x_wconf 84' lang='grc' dir='ltr'>τὸ</span> <span class='ocrx_word' id='word_1_636' title='bbox 3789 4034 3879 4085; x_wconf 74' lang='grc' dir='ltr'>πᾶν</span> 
     </span>
    </p>
   </div>
   <div class='ocr_carea' id='block_1_92' title="bbox 2251 4114 3880 4195">
    <p class='ocr_par' dir='ltr' id='par_1_92' title="bbox 2251 4114 3880 4195">
     <span class='ocr_line' id='line_1_94' title="bbox 2251 4114 3880 4195; baseline 0.002 -24"><span class='ocrx_word' id='word_1_637' title='bbox 2251 4114 2567 4191; x_wconf 82' lang='grc' dir='ltr'>βουληθείς.</span> <span class='ocrx_word' id='word_1_638' title='bbox 2629 4118 2794 4174; x_wconf 82' lang='grc' dir='ltr'>Ἔνθα</span> <span class='ocrx_word' id='word_1_639' title='bbox 2850 4116 2916 4188; x_wconf 79' lang='grc' dir='ltr'>δὴ</span> <span class='ocrx_word' id='word_1_640' title='bbox 2975 4119 3068 4174; x_wconf 85' lang='grc' dir='ltr'>καὶ</span> <span class='ocrx_word' id='word_1_641' title='bbox 3125 4121 3153 4174; x_wconf 87' lang='grc' dir='ltr'>ὁ</span> <span class='ocrx_word' id='word_1_642' title='bbox 3207 4121 3464 4195; x_wconf 69' lang='grc' dir='ltr'>τύραννος</span> <span class='ocrx_word' id='word_1_643' title='bbox 3537 4139 3880 4194; x_wconf 83' lang='grc' dir='ltr'>κατεστρατο-</span> 
     </span>
    </p>
   </div>
   <div class='ocr_carea' id='block_1_93' title="bbox 2248 4205 3880 4286">
    <p class='ocr_par' dir='ltr' id='par_1_93' title="bbox 2248 4205 3880 4286">
     <span class='ocr_line' id='line_1_95' title="bbox 2248 4205 3880 4286; baseline -0.001 -24"><span class='ocrx_word' id='word_1_644' title='bbox 2248 4205 2574 4279; x_wconf 86' lang='grc' dir='ltr'>πεδευμένος</span> <span class='ocrx_word' id='word_1_645' title='bbox 2634 4205 2920 4282; x_wconf 76' lang='grc' dir='ltr'>εὐρώστως</span> <span class='ocrx_word' id='word_1_646' title='bbox 2985 4207 3272 4280; x_wconf 81' lang='grc' dir='ltr'>ὑπεδέξατο</span> <span class='ocrx_word' id='word_1_647' title='bbox 3327 4211 3418 4264; x_wconf 85' lang='grc' dir='ltr'>τὸν</span> <span class='ocrx_word' id='word_1_648' title='bbox 3495 4209 3748 4286; x_wconf 86' lang='grc' dir='ltr'>βασιλέα,</span> <span class='ocrx_word' id='word_1_649' title='bbox 3800 4207 3880 4263; x_wconf 77' lang='grc' dir='ltr'>καί</span> 
     </span>
    </p>
   </div>
   <div class='ocr_carea' id='block_1_94' title="bbox 2248 4295 3879 4376">
    <p class='ocr_par' dir='ltr' id='par_1_94' title="bbox 2248 4295 3879 4376">
     <span class='ocr_line' id='line_1_96' title="bbox 2248 4295 3879 4376; baseline 0.001 -27"><span class='ocrx_word' id='word_1_650' title='bbox 2248 4295 2575 4368; x_wconf 78' lang='grc' dir='ltr'>συμπλοκῆς</span> <span class='ocrx_word' id='word_1_651' title='bbox 2632 4298 2934 4372; x_wconf 83' lang='grc' dir='ltr'>γενομένης</span> <span class='ocrx_word' id='word_1_652' title='bbox 2989 4305 3496 4374; x_wconf 84' lang='grc' dir='ltr'>καταστρατηγῆσαι</span> <span class='ocrx_word' id='word_1_653' title='bbox 3566 4300 3712 4376; x_wconf 84' lang='grc' dir='ltr'>τάχα</span> <span class='ocrx_word' id='word_1_654' title='bbox 3764 4295 3879 4358; x_wconf 72' lang='grc' dir='ltr'>τοὺς</span> 
     </span>
    </p>
   </div>
   <div class='ocr_carea' id='block_1_95' title="bbox 2248 4384 3877 4461">
    <p class='ocr_par' dir='ltr' id='par_1_95' title="bbox 2248 4384 3877 4461">
     <span class='ocr_line' id='line_1_97' title="bbox 2248 4384 3877 4461; baseline 0.001 -23"><span class='ocrx_word' id='word_1_655' title='bbox 2248 4384 2577 4446; x_wconf 86' lang='grc' dir='ltr'>ἀντιπάλους</span> <span class='ocrx_word' id='word_1_656' title='bbox 2649 4385 2985 4460; x_wconf 89' lang='grc' dir='ltr'>βουλόμενος</span> <span class='ocrx_word' id='word_1_657' title='bbox 3052 4388 3080 4442; x_wconf 85' lang='grc' dir='ltr'>ὁ</span> <span class='ocrx_word' id='word_1_658' title='bbox 3150 4391 3348 4460; x_wconf 82' lang='grc' dir='ltr'>θωμᾶς</span> <span class='ocrx_word' id='word_1_659' title='bbox 3444 4387 3557 4461; x_wconf 78' lang='grc' dir='ltr'>ἅμα</span> <span class='ocrx_word' id='word_1_660' title='bbox 3620 4392 3690 4460; x_wconf 80' lang='grc' dir='ltr'>τῇ</span> <span class='ocrx_word' id='word_1_661' title='bbox 3753 4407 3877 4457; x_wconf 83' lang='grc' dir='ltr'>συμ-</span> 
     </span>
    </p>
   </div>
   <div class='ocr_carea' id='block_1_96' title="bbox 2247 4468 3879 4551">
    <p class='ocr_par' dir='ltr' id='par_1_96' title="bbox 2247 4468 3879 4551">
     <span class='ocr_line' id='line_1_98' title="bbox 2247 4468 3879 4551; baseline 0 -24"><span class='ocrx_word' id='word_1_662' title='bbox 2247 4468 2390 4547; x_wconf 78' lang='grc' dir='ltr'>ϐολῇ</span> <span class='ocrx_word' id='word_1_663' title='bbox 2423 4478 2566 4528; x_wconf 82' lang='grc' dir='ltr'>νῶτα</span> <span class='ocrx_word' id='word_1_664' title='bbox 2596 4472 2782 4530; x_wconf 76' lang='grc' dir='ltr'>δοῦναι</span> <span class='ocrx_word' id='word_1_665' title='bbox 2828 4481 2946 4538; x_wconf 88' lang='grc' dir='ltr'>τοῖς</span> <span class='ocrx_word' id='word_1_666' title='bbox 2992 4475 3116 4551; x_wconf 79' lang='grc' dir='ltr'>περὶ</span> <span class='ocrx_word' id='word_1_667' title='bbox 3165 4476 3324 4531; x_wconf 86' lang='grc' dir='ltr'>αὐτὸν</span> <span class='ocrx_word' id='word_1_668' title='bbox 3382 4476 3718 4551; x_wconf 78' lang='grc' dir='ltr'>προσέταξεν,</span> <span class='ocrx_word' id='word_1_669' title='bbox 3775 4475 3879 4530; x_wconf 78' lang='grc' dir='ltr'>εἶτα</span> 
     </span>
    </p>
   </div>
   <div class='ocr_carea' id='block_1_97' title="bbox 487 4535 2142 4640">
    <p class='ocr_par' dir='ltr' id='par_1_97' title="bbox 487 4558 2128 4623">
     <span class='ocr_line' id='line_1_99' title="bbox 487 4558 2128 4623; baseline -0.002 -5"><span class='ocrx_word' id='word_1_670' title='bbox 487 4562 627 4619; x_wconf 84' lang='lat' dir='ltr'>bere</span> <span class='ocrx_word' id='word_1_671' title='bbox 659 4563 880 4617; x_wconf 90' lang='lat' dir='ltr'>amicos</span> <span class='ocrx_word' id='word_1_672' title='bbox 911 4558 1346 4616; x_wconf 87' lang='lat' dir='ltr'>accusantibus.</span> <span class='ocrx_word' id='word_1_673' title='bbox 1409 4560 1533 4623; x_wconf 87' lang='lat' dir='ltr'>Qua</span> <span class='ocrx_word' id='word_1_674' title='bbox 1586 4558 1686 4613; x_wconf 93' lang='lat' dir='ltr'>ille</span> <span class='ocrx_word' id='word_1_675' title='bbox 1735 4575 1874 4614; x_wconf 90' lang='lat' dir='ltr'>voce</span> <span class='ocrx_word' id='word_1_676' title='bbox 1925 4561 2128 4616; x_wconf 90' lang='lat' dir='ltr'>multis</span> 
     </span>
    </p>
   </div>
   <div class='ocr_carea' id='block_1_98' title="bbox 2249 4535 3880 4640">
    <p class='ocr_par' dir='ltr' id='par_1_98' title="bbox 2249 4561 3880 4640">
     <span class='ocr_line' id='line_1_100' title="bbox 2249 4561 3880 4640; baseline 0.001 -24"><span class='ocrx_word' id='word_1_677' title='bbox 2249 4566 2343 4616; x_wconf 77' lang='grc' dir='ltr'>τῶν</span> <span class='ocrx_word' id='word_1_678' title='bbox 2377 4561 2630 4619; x_wconf 82' lang='grc' dir='ltr'>ἐναντίων</span> <span class='ocrx_word' id='word_1_679' title='bbox 2680 4564 2756 4627; x_wconf 84' lang='grc' dir='ltr'>εἷς</span> <span class='ocrx_word' id='word_1_680' title='bbox 2816 4561 3064 4639; x_wconf 85' lang='grc' dir='ltr'>διωγμὸν</span> <span class='ocrx_word' id='word_1_681' title='bbox 3109 4567 3420 4640; x_wconf 85' lang='grc' dir='ltr'>τραπέντων</span> <span class='ocrx_word' id='word_1_682' title='bbox 3481 4566 3541 4621; x_wconf 84' lang='grc' dir='ltr'>ἐκ</span> <span class='ocrx_word' id='word_1_683' title='bbox 3592 4563 3880 4621; x_wconf 82' lang='grc' dir='ltr'>παλινδιώ-</span> 
     </span>
    </p>
   </div>
   <div class='ocr_carea' id='block_1_99' title="bbox 485 4647 2130 4721">
    <p class='ocr_par' dir='ltr' id='par_1_99' title="bbox 485 4647 2130 4721">
     <span class='ocr_line' id='line_1_101' title="bbox 485 4647 2130 4721; baseline -0.004 -13"><span class='ocrx_word' id='word_1_684' title='bbox 485 4652 837 4708; x_wconf 90' lang='lat' dir='ltr'>miserorum</span> <span class='ocrx_word' id='word_1_685' title='bbox 870 4650 1084 4705; x_wconf 90' lang='lat' dir='ltr'>civium</span> <span class='ocrx_word' id='word_1_686' title='bbox 1115 4648 1562 4716; x_wconf 90' lang='lat' dir='ltr'>amicorumque</span> <span class='ocrx_word' id='word_1_687' title='bbox 1594 4647 1969 4718; x_wconf 88' lang='lat' dir='ltr'>imperatoris</span> <span class='ocrx_word' id='word_1_688' title='bbox 1997 4667 2130 4721; x_wconf 90' lang='lat' dir='ltr'>sup-</span> 
     </span>
    </p>
   </div>
   <div class='ocr_carea' id='block_1_100' title="bbox 484 4736 2127 4815">
    <p class='ocr_par' dir='ltr' id='par_1_100' title="bbox 484 4736 2127 4815">
     <span class='ocr_line' id='line_1_102' title="bbox 484 4736 2127 4815; baseline -0.002 -17"><span class='ocrx_word' id='word_1_689' title='bbox 484 4742 678 4815; x_wconf 85' lang='lat' dir='ltr'>pliciis</span> <span class='ocrx_word' id='word_1_690' title='bbox 709 4757 885 4796; x_wconf 89' lang='lat' dir='ltr'>ansas</span> <span class='ocrx_word' id='word_1_691' title='bbox 937 4737 1228 4810; x_wconf 67' lang='lat' dir='ltr'>praecidit.</span> <span class='ocrx_word' id='word_1_692' title='bbox 1283 4737 1536 4791; x_wconf 88' lang='lat' dir='ltr'>Thomas</span> <span class='ocrx_word' id='word_1_693' title='bbox 1593 4736 1766 4791; x_wconf 88' lang='lat' dir='ltr'>lentis</span> <span class='ocrx_word' id='word_1_694' title='bbox 1823 4738 2127 4794; x_wconf 79' lang='lat' dir='ltr'>coniectus</span> 
     </span>
    </p>
   </div>
   <div class='ocr_carea' id='block_1_101' title="bbox 483 4825 2124 4905">
    <p class='ocr_par' dir='ltr' id='par_1_101' title="bbox 483 4825 2124 4905">
     <span class='ocr_line' id='line_1_103' title="bbox 483 4825 2124 4905; baseline -0.004 -16"><span class='ocrx_word' id='word_1_695' title='bbox 483 4831 788 4905; x_wconf 90' lang='lat' dir='ltr'>suppliciis</span> <span class='ocrx_word' id='word_1_696' title='bbox 819 4828 1059 4904; x_wconf 87' lang='lat' dir='ltr'>tandem</span> <span class='ocrx_word' id='word_1_697' title='bbox 1091 4827 1351 4882; x_wconf 88' lang='lat' dir='ltr'>animam</span> <span class='ocrx_word' id='word_1_698' title='bbox 1384 4825 1692 4891; x_wconf 84' lang='lat' dir='ltr'>exhalavit,</span> <span class='ocrx_word' id='word_1_699' title='bbox 1727 4825 1922 4882; x_wconf 90' lang='lat' dir='ltr'>medio</span> <span class='ocrx_word' id='word_1_700' title='bbox 1954 4829 2124 4884; x_wconf 87' lang='lat' dir='ltr'>Octo-</span> 
     </span>
    </p>
   </div>
   <div class='ocr_carea' id='block_1_102' title="bbox 480 4913 2126 4987">
    <p class='ocr_par' dir='ltr' id='par_1_102' title="bbox 480 4913 2126 4987">
     <span class='ocr_line' id='line_1_104' title="bbox 480 4913 2126 4987; baseline -0.003 -10"><span class='ocrx_word' id='word_1_701' title='bbox 480 4923 570 4977; x_wconf 92' lang='lat' dir='ltr'>bri</span> <span class='ocrx_word' id='word_1_702' title='bbox 603 4936 830 4987; x_wconf 89' lang='lat' dir='ltr'>mense,</span> <span class='ocrx_word' id='word_1_703' title='bbox 850 4919 1028 4972; x_wconf 90' lang='lat' dir='ltr'>homo</span> <span class='ocrx_word' id='word_1_704' title='bbox 1061 4914 1350 4987; x_wconf 88' lang='lat' dir='ltr'>quiinitio</span> <span class='ocrx_word' id='word_1_705' title='bbox 1375 4913 1614 4985; x_wconf 91' lang='lat' dir='ltr'>quidem</span> <span class='ocrx_word' id='word_1_706' title='bbox 1649 4931 1859 4987; x_wconf 79' lang='lat' dir='ltr'>magna</span> <span class='ocrx_word' id='word_1_707' title='bbox 1881 4923 2126 4972; x_wconf 89' lang='lat' dir='ltr'>conatus</span> 
     </span>
    </p>
   </div>
   <div class='ocr_carea' id='block_1_103' title="bbox 479 5003 2124 5080">
    <p class='ocr_par' dir='ltr' id='par_1_103' title="bbox 479 5003 2124 5080">
     <span class='ocr_line' id='line_1_105' title="bbox 479 5003 2124 5080; baseline -0.004 -13"><span class='ocrx_word' id='word_1_708' title='bbox 479 5012 901 5080; x_wconf 85' lang='lat' dir='ltr'>animosusque</span> <span class='ocrx_word' id='word_1_709' title='bbox 933 5013 991 5062; x_wconf 92' lang='lat' dir='ltr'>et</span> <span class='ocrx_word' id='word_1_710' title='bbox 1020 5003 1302 5078; x_wconf 88' lang='lat' dir='ltr'>propositi</span> <span class='ocrx_word' id='word_1_711' title='bbox 1336 5009 1615 5058; x_wconf 88' lang='lat' dir='ltr'>strenuus</span> <span class='ocrx_word' id='word_1_712' title='bbox 1667 5012 2028 5075; x_wconf 68' lang='lat' dir='ltr'>persecutor,</span> <span class='ocrx_word' id='word_1_713' title='bbox 2063 5007 2124 5062; x_wconf 91' lang='lat' dir='ltr'>in</span> 
     </span>
    </p>
   </div>
   <div class='ocr_carea' id='block_1_104' title="bbox 477 5091 2125 5173">
    <p class='ocr_par' dir='ltr' id='par_1_104' title="bbox 477 5091 2125 5173">
     <span class='ocr_line' id='line_1_106' title="bbox 477 5091 2125 5173; baseline -0.004 -17"><span class='ocrx_word' id='word_1_714' title='bbox 477 5115 792 5173; x_wconf 83' lang='lat' dir='ltr'>progressu</span> <span class='ocrx_word' id='word_1_715' title='bbox 820 5095 1010 5152; x_wconf 88' lang='lat' dir='ltr'>multo</span> <span class='ocrx_word' id='word_1_716' title='bbox 1043 5110 1104 5150; x_wconf 91' lang='lat' dir='ltr'>se</span> <span class='ocrx_word' id='word_1_717' title='bbox 1136 5111 1263 5166; x_wconf 67' lang='lat' dir='ltr'>ipso</span> <span class='ocrx_word' id='word_1_718' title='bbox 1295 5091 1554 5148; x_wconf 90' lang='lat' dir='ltr'>deterior</span> <span class='ocrx_word' id='word_1_719' title='bbox 1576 5091 1939 5165; x_wconf 88' lang='lat' dir='ltr'>minimeque</span> <span class='ocrx_word' id='word_1_720' title='bbox 1969 5095 2125 5150; x_wconf 79' lang='lat'>890</span> 
     </span>
    </p>
   </div>
   <div class='ocr_carea' id='block_1_105' title="bbox 476 5181 2117 5261">
    <p class='ocr_par' dir='ltr' id='par_1_105' title="bbox 476 5181 2117 5261">
     <span class='ocr_line' id='line_1_107' title="bbox 476 5181 2117 5261; baseline -0.006 -16"><span class='ocrx_word' id='word_1_721' title='bbox 476 5188 845 5261; x_wconf 88' lang='lat' dir='ltr'>respondens</span> <span class='ocrx_word' id='word_1_722' title='bbox 868 5182 1292 5256; x_wconf 86' lang='lat' dir='ltr'>exspectationi</span> <span class='ocrx_word' id='word_1_723' title='bbox 1319 5181 1390 5237; x_wconf 90' lang='lat' dir='ltr'>de</span> <span class='ocrx_word' id='word_1_724' title='bbox 1415 5199 1475 5237; x_wconf 92' lang='lat' dir='ltr'>se</span> <span class='ocrx_word' id='word_1_725' title='bbox 1505 5187 1803 5253; x_wconf 74' lang='lat' dir='ltr'>conceptae</span> <span class='ocrx_word' id='word_1_726' title='bbox 1830 5183 1988 5239; x_wconf 89' lang='lat' dir='ltr'>visus</span> <span class='ocrx_word' id='word_1_727' title='bbox 2011 5190 2117 5242; x_wconf 91' lang='lat' dir='ltr'>est.</span> 
     </span>
    </p>
   </div>
   <div class='ocr_carea' id='block_1_106' title="bbox 470 5267 2120 5348">
    <p class='ocr_par' dir='ltr' id='par_1_106' title="bbox 470 5267 2120 5348">
     <span class='ocr_line' id='line_1_108' title="bbox 470 5267 2120 5348; baseline -0.001 -17"><span class='ocrx_word' id='word_1_728' title='bbox 470 5267 630 5341; x_wconf 47' lang='lat' dir='ltr'>&#39;Quos</span> <span class='ocrx_word' id='word_1_729' title='bbox 663 5277 884 5348; x_wconf 83' lang='lat' dir='ltr'>Bizyam</span> <span class='ocrx_word' id='word_1_730' title='bbox 919 5273 1258 5346; x_wconf 85' lang='lat' dir='ltr'>pervenisse</span> <span class='ocrx_word' id='word_1_731' title='bbox 1291 5270 1570 5339; x_wconf 84' lang='lat' dir='ltr'>diximus,</span> <span class='ocrx_word' id='word_1_732' title='bbox 1603 5271 1642 5324; x_wconf 93' lang='lat' dir='ltr'>ii</span> <span class='ocrx_word' id='word_1_733' title='bbox 1677 5288 1912 5344; x_wconf 86' lang='lat' dir='ltr'>quoque</span> <span class='ocrx_word' id='word_1_734' title='bbox 1965 5275 2120 5345; x_wconf 90' lang='lat' dir='ltr'>peri-</span> 
     </span>
    </p>
   </div>
   <div class='ocr_carea' id='block_1_107' title="bbox 473 5363 2120 5446">
    <p class='ocr_par' dir='ltr' id='par_1_107' title="bbox 473 5363 2120 5446">
     <span class='ocr_line' id='line_1_109' title="bbox 473 5363 2120 5446; baseline 0.002 -29"><span class='ocrx_word' id='word_1_735' title='bbox 473 5364 592 5446; x_wconf 80' lang='lat' dir='ltr'>culi</span> <span class='ocrx_word' id='word_1_736' title='bbox 625 5371 787 5420; x_wconf 90' lang='lat' dir='ltr'>metu</span> <span class='ocrx_word' id='word_1_737' title='bbox 836 5363 1194 5419; x_wconf 89' lang='lat' dir='ltr'>sententiam</span> <span class='ocrx_word' id='word_1_738' title='bbox 1252 5364 1593 5429; x_wconf 86' lang='lat' dir='ltr'>mutarunt;</span> <span class='ocrx_word' id='word_1_739' title='bbox 1646 5363 1704 5414; x_wconf 90' lang='lat' dir='ltr'>et</span> <span class='ocrx_word' id='word_1_740' title='bbox 1750 5369 1990 5434; x_wconf 87' lang='lat' dir='ltr'>accepto</span> <span class='ocrx_word' id='word_1_741' title='bbox 2049 5365 2120 5421; x_wconf 91' lang='lat' dir='ltr'>de</span> 
     </span>
    </p>
   </div>
   <div class='ocr_carea' id='block_1_108' title="bbox 2237 4651 3876 4730">
    <p class='ocr_par' dir='ltr' id='par_1_108' title="bbox 2237 4651 3876 4730">
     <span class='ocr_line' id='line_1_110' title="bbox 2237 4651 3876 4730; baseline 0.002 -26"><span class='ocrx_word' id='word_1_742' title='bbox 2237 4652 2370 4723; x_wconf 81' lang='grc' dir='ltr'>ξιιως</span> <span class='ocrx_word' id='word_1_743' title='bbox 2418 4651 2808 4730; x_wconf 77' lang='grc' dir='ltr'>ἐπιστραφῆναι</span> <span class='ocrx_word' id='word_1_744' title='bbox 2852 4654 3080 4716; x_wconf 71' lang='grc' dir='ltr'>τούτους</span> <span class='ocrx_word' id='word_1_745' title='bbox 3136 4655 3224 4710; x_wconf 88' lang='grc' dir='ltr'>καὶ</span> <span class='ocrx_word' id='word_1_746' title='bbox 3281 4659 3359 4727; x_wconf 81' lang='grc' dir='ltr'>τῷ</span> <span class='ocrx_word' id='word_1_747' title='bbox 3418 4652 3712 4728; x_wconf 78' lang='grc' dir='ltr'>παραδόξῳ</span> <span class='ocrx_word' id='word_1_748' title='bbox 3766 4651 3876 4729; x_wconf 78' lang='grc' dir='ltr'>τρέ-</span> 
     </span>
    </p>
   </div>
   <div class='ocr_carea' id='block_1_109' title="bbox 2237 4743 3875 4820">
    <p class='ocr_par' dir='ltr' id='par_1_109' title="bbox 2237 4743 3875 4820">
     <span class='ocr_line' id='line_1_111' title="bbox 2237 4743 3875 4820; baseline 0.002 -26"><span class='ocrx_word' id='word_1_749' title='bbox 2237 4743 2434 4814; x_wconf 82' lang='grc' dir='ltr'>ψασθαι</span> <span class='ocrx_word' id='word_1_750' title='bbox 2462 4749 2562 4811; x_wconf 84' lang='grc' dir='ltr'>τῆς</span> <span class='ocrx_word' id='word_1_751' title='bbox 2593 4743 2964 4820; x_wconf 75' lang='grc' dir='ltr'>ὓποστροφῆς.</span> <span class='ocrx_word' id='word_1_752' title='bbox 3019 4743 3116 4798; x_wconf 82' lang='grc' dir='ltr'>Καὶ</span> <span class='ocrx_word' id='word_1_753' title='bbox 3182 4745 3248 4812; x_wconf 80' lang='grc' dir='ltr'>ἦν</span> <span class='ocrx_word' id='word_1_754' title='bbox 3313 4744 3412 4818; x_wconf 73' lang='grc' dir='ltr'>μέν</span> <span class='ocrx_word' id='word_1_755' title='bbox 3473 4745 3620 4816; x_wconf 84' lang='grc' dir='ltr'>αὐτῷ</span> <span class='ocrx_word' id='word_1_756' title='bbox 3656 4745 3875 4811; x_wconf 71' lang='grc' dir='ltr'>τοιαύτη</span> 
     </span>
    </p>
   </div>
   <div class='ocr_carea' id='block_1_110' title="bbox 2235 4828 3878 4910">
    <p class='ocr_par' dir='ltr' id='par_1_110' title="bbox 2235 4828 3878 4910">
     <span class='ocr_line' id='line_1_112' title="bbox 2235 4828 3878 4910; baseline 0 -26"><span class='ocrx_word' id='word_1_757' title='bbox 2235 4829 2594 4906; x_wconf 89' lang='grc' dir='ltr'>παραγγελία,</span> <span class='ocrx_word' id='word_1_758' title='bbox 2628 4828 2728 4886; x_wconf 78' lang='grc' dir='ltr'>οὐκ</span> <span class='ocrx_word' id='word_1_759' title='bbox 2777 4830 2980 4903; x_wconf 83' lang='grc' dir='ltr'>ἔμελλε</span> <span class='ocrx_word' id='word_1_760' title='bbox 3042 4829 3100 4887; x_wconf 69' lang='grc' dir='ltr'>δὲ</span> <span class='ocrx_word' id='word_1_761' title='bbox 3157 4834 3259 4904; x_wconf 75' lang='grc' dir='ltr'>ἄρα</span> <span class='ocrx_word' id='word_1_762' title='bbox 3312 4833 3388 4896; x_wconf 77' lang='grc' dir='ltr'>εἷς</span> <span class='ocrx_word' id='word_1_763' title='bbox 3445 4830 3600 4910; x_wconf 81' lang='grc' dir='ltr'>ἔργον</span> <span class='ocrx_word' id='word_1_764' title='bbox 3660 4829 3878 4901; x_wconf 65' lang='grc' dir='ltr'>ἐκϐῆναι</span> 
     </span>
    </p>
   </div>
   <div class='ocr_carea' id='block_1_111' title="bbox 2234 4918 3878 5000">
    <p class='ocr_par' dir='ltr' id='par_1_111' title="bbox 2234 4918 3878 5000">
     <span class='ocr_line' id='line_1_113' title="bbox 2234 4918 3878 5000; baseline 0.002 -27"><span class='ocrx_word' id='word_1_765' title='bbox 2234 4919 2299 4974; x_wconf 74' lang='grc' dir='ltr'>τὰ</span> <span class='ocrx_word' id='word_1_766' title='bbox 2358 4918 2796 4993; x_wconf 80' lang='grc' dir='ltr'>μεμελετημένα.</span> <span class='ocrx_word' id='word_1_767' title='bbox 2858 4920 2925 4978; x_wconf 70' lang='lat' dir='ltr'>Oi</span> <span class='ocrx_word' id='word_1_768' title='bbox 2979 4922 3084 5000; x_wconf 71' lang='grc' dir='ltr'>γὰρ</span> <span class='ocrx_word' id='word_1_769' title='bbox 3150 4921 3241 4976; x_wconf 80' lang='grc' dir='ltr'>σὺν</span> <span class='ocrx_word' id='word_1_770' title='bbox 3330 4921 3477 4994; x_wconf 86' lang='grc' dir='ltr'>αὐτῷ</span> <span class='ocrx_word' id='word_1_771' title='bbox 3559 4927 3878 4997; x_wconf 85' lang='grc' dir='ltr'>στρατιῶται</span> 
     </span>
    </p>
   </div>
   <div class='ocr_carea' id='block_1_112' title="bbox 2232 5007 3878 5086">
    <p class='ocr_par' dir='ltr' id='par_1_112' title="bbox 2232 5007 3878 5086">
     <span class='ocr_line' id='line_1_114' title="bbox 2232 5007 3878 5086; baseline 0.001 -23"><span class='ocrx_word' id='word_1_772' title='bbox 2232 5007 2407 5080; x_wconf 80' lang='grc' dir='ltr'>πολὺν</span> <span class='ocrx_word' id='word_1_773' title='bbox 2460 5010 2656 5084; x_wconf 86' lang='grc' dir='ltr'>χρόνον</span> <span class='ocrx_word' id='word_1_774' title='bbox 2718 5015 2992 5086; x_wconf 79' lang='grc' dir='ltr'>γυναικῶν</span> <span class='ocrx_word' id='word_1_775' title='bbox 3038 5011 3128 5065; x_wconf 82' lang='grc' dir='ltr'>καὶ</span> <span class='ocrx_word' id='word_1_776' title='bbox 3185 5011 3384 5066; x_wconf 80' lang='grc' dir='ltr'>τέκνων</span> <span class='ocrx_word' id='word_1_777' title='bbox 3440 5012 3750 5086; x_wconf 88' lang='grc' dir='ltr'>στερόμενοι</span> <span class='ocrx_word' id='word_1_778' title='bbox 3811 5007 3878 5065; x_wconf 84' lang='grc' dir='ltr'>δι’</span> 
     </span>
    </p>
   </div>
   <div class='ocr_carea' id='block_1_113' title="bbox 2232 5097 3873 5176">
    <p class='ocr_par' dir='ltr' id='par_1_113' title="bbox 2232 5097 3873 5176">
     <span class='ocr_line' id='line_1_115' title="bbox 2232 5097 3873 5176; baseline 0.002 -24"><span class='ocrx_word' id='word_1_779' title='bbox 2232 5097 2392 5152; x_wconf 84' lang='grc' dir='ltr'>αὐτὸν</span> <span class='ocrx_word' id='word_1_780' title='bbox 2423 5097 2639 5158; x_wconf 84' lang='grc' dir='ltr'>καὶτὰς</span> <span class='ocrx_word' id='word_1_781' title='bbox 2672 5104 2862 5174; x_wconf 86' lang='grc' dir='ltr'>χεῖρας</span> <span class='ocrx_word' id='word_1_782' title='bbox 2920 5099 3234 5175; x_wconf 85' lang='grc' dir='ltr'>χραίνοντες</span> <span class='ocrx_word' id='word_1_783' title='bbox 3294 5101 3575 5176; x_wconf 87' lang='grc' dir='ltr'>ὁμογνίοις</span> <span class='ocrx_word' id='word_1_784' title='bbox 3631 5099 3873 5174; x_wconf 68' lang='grc' dir='ltr'>α’ίμασιν,</span> 
     </span>
    </p>
   </div>
   <div class='ocr_carea' id='block_1_114' title="bbox 2232 5183 3872 5267">
    <p class='ocr_par' dir='ltr' id='par_1_114' title="bbox 2232 5183 3872 5267">
     <span class='ocr_line' id='line_1_116' title="bbox 2232 5183 3872 5267; baseline 0.002 -25"><span class='ocrx_word' id='word_1_785' title='bbox 2232 5183 2345 5261; x_wconf 75' lang='grc' dir='ltr'>ἅμα</span> <span class='ocrx_word' id='word_1_786' title='bbox 2393 5185 2449 5244; x_wconf 77' lang='grc' dir='ltr'>δὲ</span> <span class='ocrx_word' id='word_1_787' title='bbox 2513 5187 2607 5243; x_wconf 78' lang='grc' dir='ltr'>καὶ</span> <span class='ocrx_word' id='word_1_788' title='bbox 2662 5192 2742 5261; x_wconf 80' lang='grc' dir='ltr'>τῷ</span> <span class='ocrx_word' id='word_1_789' title='bbox 2805 5189 2996 5264; x_wconf 84' lang='grc' dir='ltr'>χρόνῳ</span> <span class='ocrx_word' id='word_1_790' title='bbox 3053 5193 3402 5263; x_wconf 79' lang='grc' dir='ltr'>πεπιεσμένοι</span> <span class='ocrx_word' id='word_1_791' title='bbox 3493 5191 3692 5267; x_wconf 83' lang='grc' dir='ltr'>(τρίτον</span> <span class='ocrx_word' id='word_1_792' title='bbox 3774 5190 3872 5266; x_wconf 72' lang='grc' dir='ltr'>γὰρ</span> 
     </span>
    </p>
   </div>
   <div class='ocr_carea' id='block_1_115' title="bbox 2231 5271 3874 5360">
    <p class='ocr_par' dir='ltr' id='par_1_115' title="bbox 2231 5271 3874 5360">
     <span class='ocr_line' id='line_1_117' title="bbox 2231 5271 3874 5360; baseline 0 -28"><span class='ocrx_word' id='word_1_793' title='bbox 2231 5276 2480 5350; x_wconf 80' lang='grc' dir='ltr'>ἐξηνύετο</span> <span class='ocrx_word' id='word_1_794' title='bbox 2551 5271 2694 5347; x_wconf 75' lang='grc' dir='ltr'>ἔτος,</span> <span class='ocrx_word' id='word_1_795' title='bbox 2761 5277 2850 5332; x_wconf 80' lang='grc' dir='ltr'>καὶ</span> <span class='ocrx_word' id='word_1_796' title='bbox 2920 5277 3208 5348; x_wconf 75' lang='grc' dir='ltr'>ἀνηνύτοις</span> <span class='ocrx_word' id='word_1_797' title='bbox 3282 5277 3503 5336; x_wconf 78' lang='grc' dir='ltr'>ἐδόκουν</span> <span class='ocrx_word' id='word_1_798' title='bbox 3584 5281 3874 5360; x_wconf 69' lang='grc' dir='ltr'>ἐπιχειρεῖν</span> 
     </span>
    </p>
   </div>
   <div class='ocr_carea' id='block_1_116' title="bbox 2229 5362 3869 5445">
    <p class='ocr_par' dir='ltr' id='par_1_116' title="bbox 2229 5362 3869 5445">
     <span class='ocr_line' id='line_1_118' title="bbox 2229 5362 3869 5445; baseline 0.001 -25"><span class='ocrx_word' id='word_1_799' title='bbox 2229 5362 2426 5440; x_wconf 83' lang='grc' dir='ltr'>ἀνδρὸς</span> <span class='ocrx_word' id='word_1_800' title='bbox 2459 5365 2573 5428; x_wconf 70' lang='grc' dir='ltr'>ἑνὸς</span> <span class='ocrx_word' id='word_1_801' title='bbox 2620 5364 2854 5438; x_wconf 84' lang='grc' dir='ltr'>ἀπονοίᾳ</span> <span class='ocrx_word' id='word_1_802' title='bbox 2908 5367 2998 5422; x_wconf 86' lang='grc' dir='ltr'>καὶ</span> <span class='ocrx_word' id='word_1_803' title='bbox 3039 5365 3303 5442; x_wconf 78' lang='grc' dir='ltr'>ἐπιθυμίᾳ</span> <span class='ocrx_word' id='word_1_804' title='bbox 3360 5366 3752 5445; x_wconf 77' lang='grc' dir='ltr'>δουλεύοντες),</span> <span class='ocrx_word' id='word_1_805' title='bbox 3811 5367 3869 5423; x_wconf 86' lang='grc' dir='ltr'>τὸ</span> 
     </span>
    </p>
   </div>
   <div class='ocr_carea' id='block_1_117' title="bbox 1670 5483 2672 5547">
    <p class='ocr_par' dir='ltr' id='par_1_117' title="bbox 1670 5483 2672 5547">
     <span class='ocr_line' id='line_1_119' title="bbox 1670 5483 2672 5547; baseline 0.009 -10"><span class='ocrx_word' id='word_1_806' title='bbox 1670 5483 2034 5546; x_wconf 77' lang='lat' dir='ltr'>XYLANDRI</span> <span class='ocrx_word' id='word_1_807' title='bbox 2075 5489 2158 5546; x_wconf 87' lang='lat' dir='ltr'>ET</span> <span class='ocrx_word' id='word_1_808' title='bbox 2195 5489 2412 5547; x_wconf 78' lang='lat' dir='ltr'>GOARI</span> <span class='ocrx_word' id='word_1_809' title='bbox 2450 5489 2672 5546; x_wconf 74' lang='lat' dir='ltr'>NOTE.</span> 
     </span>
    </p>
   </div>
   <div class='ocr_carea' id='block_1_118' title="bbox 546 5581 1500 5653">
    <p class='ocr_par' dir='ltr' id='par_1_118' title="bbox 546 5581 1500 5653">
     <span class='ocr_line' id='line_1_120' title="bbox 546 5581 1500 5653; baseline 0 -15"><span class='ocrx_word' id='word_1_810' title='bbox 546 5581 654 5653; x_wconf 81' lang='lat'>(76)</span> <span class='ocrx_word' id='word_1_811' title='bbox 683 5585 917 5640; x_wconf 64' lang='lat' dir='ltr'>Extat-os</span> <span class='ocrx_word' id='word_1_812' title='bbox 943 5585 1072 5641; x_wconf 73' lang='lat' dir='ltr'>belli</span> <span class='ocrx_word' id='word_1_813' title='bbox 1097 5586 1288 5641; x_wconf 77' lang='lat' dir='ltr'>socios.</span> <span class='ocrx_word' id='word_1_814' title='bbox 1323 5583 1500 5639; x_wconf 75' lang='lat' dir='ltr'>GOAB.</span> 
     </span>
    </p>
   </div>
  </div>
