4148 6212
291 321 408 383 973
1425 316 1787 379 HISTORIA
1803 318 1977 380 RUM
2023 317 2549 387 COMPENDIUM
2562 371 2576 386 .
3591 327 3716 388 974

297 452 549 509 κελευθεν
599 451 675 513 ώς
731 446 960 525 ἕρμαιόν
1019 469 1071 503 τι
1130 441 1416 521 λαϐόντες,
1475 452 1575 518 τῆς
1645 448 1935 526 σάλπιγγος

2074 453 2292 512 l‘homaa
2327 458 2667 516 calamitate
2699 459 2930 528 nuntio,
2959 459 3172 515 imitati
3213 460 3712 534 Adrianopolitas.

299 543 594 618 ἡχησάσης
626 541 688 595 τὸ
720 536 969 595 ἐνυάλιον
1003 537 1091 592 καὶ
1126 536 1201 599 είς
1242 543 1433 613 χεῖρας
1480 537 1809 610 συμπλοκῆς
1839 541 1937 594 τῶν

2071 543 2443 600 Anastasium
2503 563 2714 602 manus
2745 545 3047 617 pedesque
3078 547 3337 602 vinctum
3367 548 3709 620 imperatori

297 633 593 708 ταγμάτων
649 627 920 692 ἐλθόντων
955 670 968 695 ,
1030 626 1097 680 οὗ
1146 623 1391 696 δοικήσει
1442 629 1542 696 τὴν
1602 630 1834 702 τροπὴν,
1867 629 1935 689 ὡς

2075 632 2413 689 attulerunt.
2449 635 2624 707 Isque
2651 634 2860 691 eodem
2885 653 3002 705 quo
3033 641 3202 707 pater
3230 636 3407 691 modo
3428 642 3713 692 tractatus

301 717 784 796 παρηγγέλθησαν,
815 717 1127 788 ἐποιοῦντο,
1158 713 1285 770 ἀλλ’
1316 716 1560 779 ἀτάκτως
1604 717 1691 771 καὶ
1742 717 1939 779 κόσμοι

2075 721 2509 778 violentamorte
2568 725 2764 795 periit.
2832 725 3124 797 Tyrannis
3168 725 3438 790 sublatis,
3470 725 3713 780 Parium

306 812 487 892 χωρὶς
539 813 638 880 τήν
687 811 834 880 τάξιν
895 807 1278 870 διαλελυκότες
1361 805 1739 863 ἐσκεδάννυντο
1776 854 1789 866 .
1851 809 1944 865 Καὶ

2091 815 2133 864 et
2181 811 2464 867 Heraclea
2520 814 2835 868 maritimas
2884 814 3063 869 urbes
3117 814 3376 868 Thraciae
3434 813 3729 869 adhuctiis

305 903 486 964 οὕτως
516 901 608 955 νῦν
639 901 728 968 μὶν
759 898 965 975 ὀλίγοι,
1025 897 1176 957 αὖθις
1237 894 1294 951 δέ
1350 897 1574 959 πλείους
1629 901 1710 969 τῷ
1742 896 1943 973 βασιλε

2085 897 2330 955 “aventes
2385 901 2744 957 resistebant
2803 902 3178 973 imperatori,
3211 919 3343 957 cum
3403 901 3540 958 odio
3574 903 3723 974 ejus,

299 993 752 1070 προσχωροῦσιν.
793 989 852 1041 Ὃ
911 985 968 1042 δὲ
997 991 1200 1059 Θωμᾶς
1261 985 1355 1040 σὺν
1416 984 1632 1064 ὀλίγοις
1686 987 1828 1040 τισὶν
1881 986 1937 1041 εἷς

2092 1004 2200 1042 ;nm
2235 990 2394 1059 quod
2426 1007 2624 1046 sacras
2653 1007 2944 1063 reponere
3005 991 3295 1063 imagines
3352 991 3613 1046 nolebat.
3650 995 3730 1047 Ac

304 1077 764 1155 Ἀδριανούπαλιν
826 1077 1184 1150 περισώζεται
1227 1118 1238 1133 .
1310 1076 1372 1132 Ὁ
1427 1071 1485 1129 δὲ
1541 1075 1736 1130 τούτου
1786 1077 1942 1150 παρά.

2091 1077 2312 1132 Parium
2347 1078 2586 1149 quidem
2636 1085 2873 1151 captum
2934 1084 3044 1148 est,
3107 1081 3295 1135 muris
3354 1086 3528 1136 terrae
3560 1086 3729 1136 motu

301 1190 545 1248 γραπτος
607 1168 697 1222 καὶ
753 1166 908 1227 νόθος
957 1165 1073 1225 υἱὸς
1157 1167 1267 1236 ('77)
1330 1165 1688 1227 Ἀναστάσιος
1744 1165 1807 1219 τὸ
1864 1171 1931 1248 τῆ

2092 1171 2280 1221 :oorto
2321 1169 2650 1238 prostratis.
2691 1169 2973 1224 Heraclea
3003 1175 3201 1224 autem
3234 1187 3268 1226 a
3297 1170 3565 1240 partibus
3597 1170 3730 1241 qui-

302 1247 508 1324 Βιζύης
569 1252 784 1328 φεύγων
843 1249 1079 1322 κατέσχε
1135 1248 1415 1325 φρούριον.
1481 1251 1570 1323 [Ρ.
1633 1253 1759 1324 507]
1821 1247 1940 1308 Ὀδ

1633 1253 1759 1324 5οη
1821 1251 1880 1308 '0
1912 1247 1971 1305 δὶ
2077 1253 2190 1310 bus
2220 1255 2294 1311 ad
2325 1273 2488 1310 mare
2519 1261 2767 1328 spectat,
2799 1265 3133 1330 expugnata
3153 1263 3260 1314 est.

307 1341 561 1419 βασιλεὺς
604 1340 664 1396 ἐκ
718 1337 887 1398 ποδὸς
943 1337 1160 1396 τούτοις
1232 1337 1496 1410 ἑπόμενος
1558 1344 1774 1414 πρῶτον
1833 1338 1978 1414 ἔγνω
2033 1340 2350 1417 πολιορκεῖν
2399 1344 2491 1399 τὸν
2551 1348 2771 1417 Θωμᾶν.
2829 1345 2984 1402 Ὅθεν
3039 1343 3229 1422 ἐπάγει
3283 1344 3429 1417 αύτῷ
3495 1345 3730 1421 πολιορ-

299 1433 444 1503 κίαν,
504 1431 566 1486 οὐ
635 1427 724 1484 διὰ
779 1431 1038 1503 μηχαιῶν
1097 1426 1188 1480 καὶ
1239 1424 1553 1482 ἐλεπόλεων
1614 1426 1939 1499 σπουδάζων
1997 1429 2158 1484 αὐτὸν
2209 1430 2457 1496 καθελεῖν
2493 1476 2507 1501 ,
2559 1433 2671 1506 ἅμα
2735 1433 2827 1507 μὲν
2888 1434 2980 1489 τὸν
3055 1431 3324 1513 ἐμφύλιον
3384 1429 3731 1507 εὐλαϐούμε-

306 1544 401 1586 νος
465 1519 696 1594 πόλεμν,
754 1519 869 1591 ἅμα
928 1513 982 1570 δὲ
1040 1515 1130 1570 καὶ
1195 1514 1322 1578 τοὺς
1381 1516 1806 1590 προσοικοῦντας
1865 1523 1926 1592 τῇ
1985 1515 2437 1592 ’Δδριανουπόλει
2502 1521 2710 1583 Σκύθας
2800 1523 2875 1596 μή
2934 1520 3135 1587 ἐθέλων
3194 1527 3300 1578 τῶν
3364 1521 3727 1597 πολιορκητι-

307 1617 419 1668 κῶν
468 1608 712 1684 ὀργάνων
770 1611 961 1679 πεῖραν
1046 1598 1258 1674 λαϐεῖν,
1316 1603 1461 1660 ἀλλὰ
1520 1604 1673 1679 λιμῷ
1727 1608 1816 1662 καὶ
1869 1608 2074 1683 ἀνάγκῃ
2133 1614 2240 1664 τῶν
2292 1609 2614 1680 ἐπιτηδείων
2673 1610 2998 1687 ἐπιγόμενος
3047 1611 3140 1667 τὸν
3198 1610 3492 1667 ἀντίπαλον
3552 1631 3735 1688 παρα-.

303 1703 628 1770 στήσασθαι·
687 1695 778 1750 καὶ
839 1692 906 1763 δὴ
963 1693 1336 1770 παρακαθίσας
1386 1695 1487 1764 τὴν
1565 1697 2013 1770 Ἀοριανούπολιν
2091 1699 2181 1754 καὶ
2269 1701 2470 1775 χάρακι
2525 1699 2614 1755 καὶ
2673 1701 3023 1776 σταυρώμασι
3095 1700 3442 1775 στεφανώσας
3496 1699 3730 1779 ἐνεργῶς

308 1788 647 1860 ἐπολιόρκει.
681 1785 740 1842 Ὀ
784 1781 840 1838 δὲ
889 1787 1088 1855 Θωμᾶς
1119 1787 1335 1857 πρῶτον
1398 1786 1492 1856 μὲν
1542 1788 1712 1839 πᾶσαν
1773 1784 2054 1861 ἄρχηστον
2123 1787 2342 1856 ἠλικίαν
2399 1789 2490 1843 καὶ
2549 1794 2650 1844 πᾶν
2714 1795 2851 1858 ζῶον
2910 1787 3290 1860 ἀνεπιτήδειον
3347 1797 3448 1860 τῆς
3507 1789 3726 1852 πόλεως

308 1877 519 1949 ἐξωθεῖ,
549 1872 753 1942 ἔπειτα,
779 1873 854 1934 ὡς
884 1867 1000 1941 ἤδη
1035 1869 1276 1944 ἤκμαζεν
1309 1873 1337 1926 6
1372 1869 1536 1944 λιμὸς
1590 1873 1679 1926 καὶ
1737 1874 2013 1947 σωτηρίας
2076 1873 2233 1935 ἐλπὶς
2299 1873 2566 1948 οὐδαμοῦ,
2629 1877 2681 1930 οἱ
2734 1878 2828 1950 μὲν
2861 1881 2968 1932 τῶν
3028 1877 3298 1932 συνόντων
3361 1876 3509 1949 αύτῷ
3542 1876 3722 1952 λάθρα

312 1963 402 2020 διά
428 1984 590 2019 τινων
644 1959 891 2017 πυλίδων
947 1959 1275 2020 κλέπτοντες
1330 1963 1430 2030 τήν
1477 1959 1764 2032 ἐξέλευσιν,
1817 1963 1869 2015 οἱ
1929 1959 1985 2016 δὲ
2042 1959 2130 2016 διὰ
2181 1967 2291 2017 τῶν
2341 1969 2544 2042 τειχῶν
2603 1964 2984 2038 καθιμώμενοι
3053 1966 3268 2040 νύκτωρ
3322 1968 3570 2040 φέροντες
3603 1967 3731 2020 ἐαυ-

309 2054 436 2117 τοὺς
464 2059 542 2126 τῷ
576 2052 792 2128 βασιλεῖ
844 2046 1228 2125 παρεδίδοσαν,
1281 2047 1447 2104 ἄλλοι
1505 2047 1562 2104 δὲ
1590 2051 1727 2124 πρὸς
1786 2051 1877 2105 τὸν
1933 2055 2030 2104 τοῦ
2088 2053 2396 2107 ἀποστάτου
2452 2053 2607 2107 νόθον
2667 2053 2784 2108 υἱόν
2845 2055 3192 2110 Ἀναστάσιον
3251 2054 3327 2116 είς
3371 2056 3435 2109 τὸ
3522 2053 3726 2125 Βιζύης

309 2143 634 2216 πτολίεθρον
689 2138 1123 2214 ἀπεδίδρασκον.
1183 2139 1334 2195 Ἐπεὶ
1393 2137 1450 2194 δὲ
1503 2145 1620 2203 τοῖς
1675 2139 2166 2214 πολιορκουμένοις
2224 2139 2333 2212 ἤδη
2393 2143 2462 2196 τὰ
2517 2142 2780 2218 ἀναγκαῖα
2837 2141 3196 2214 κατεδήδοτο,
3253 2142 3466 2219 ἥψαντο
3527 2141 3584 2198 δὲ
3655 2164 3726 2206 κα

304 2255 461 2290 τινων
524 2233 709 2302 ἀήθων
773 2230 1100 2305 βρωμάτων,
1160 2229 1363 2305 ἐχώρει
1395 2227 1452 2283 δὲ
1511 2231 1546 2298 ἡ
1578 2229 1782 2305 ἀνάγκη
1841 2230 1932 2284 καὶ
1994 2229 2158 2306 μέχρι
2217 2235 2322 2285 τῶν
2384 2231 2736 2305 σεσημμένων
2825 2237 3032 2288 σκυτῶν
3125 2234 3214 2288 καὶ
3291 2238 3398 2289 τῶν
3450 2234 3730 2306 καττυμά-

301 2345 438 2394 των,
471 2323 563 2378 καὶ
595 2322 810 2382 τούτοις
867 2319 1294 2395 ἀναγκαζόμενοι
1360 2317 1662 2387 ἐσιτοῦντο,
1727 2319 1897 2392 λάθρα
1953 2321 2089 2394 πρὸς
2143 2318 2346 2396 λόγους
2389 2319 2638 2384 ἐλθόντες
2703 2326 2784 2393 τῷ
2837 2320 3096 2400 Μιχαὴλ,
3152 2323 3239 2376 καὶ
3298 2327 3408 2378 τῶν
3466 2325 3721 2396 ἡμαρτη-

314 2412 484 2484 μένων
541 2408 894 2484 συγχώρησιν
981 2407 1351 2477 ἐξαιτήσαντες
1430 2407 1520 2460 καὶ
1607 2401 1884 2476 λαϐόντες,
1941 2408 2034 2462 τὸν
2065 2413 2284 2480 ,Θωμᾶν
2341 2405 2584 2478 πεδήτην
2643 2409 2975 2483 προσάγουσι
3025 2408 3104 2479 τῷ
3159 2409 3362 2483 ἐχθρῷ,
3415 2411 3476 2467 Ὁ
3553 2407 3612 2464 δὲ
3665 2408 3728 2462 τὸ

311 2501 468 2572 δόξαν
529 2497 700 2553 πάλαι
759 2501 876 2558 τοῖς
939 2495 1221 2570 βασιλεῦσι
1282 2497 1370 2550 καί
1429 2495 1507 2558 εἰς
1575 2497 1858 2565 συνήθειαν
1915 2493 2026 2565 ἤδη
2088 2495 2242 2551 ἐλθὸν
2304 2501 2522 2570 πρῶτον
2577 2495 2820 2561 τελέσας,
2889 2497 2979 2551 καὶ
3026 2494 3112 2550 ἐπ’
3168 2495 3398 2574 ἐδάφους
3464 2495 3726 2560 ἂπΛώσας

316 2589 476 2644 αὐτὸν
545 2589 635 2642 καὶ
717 2592 834 2647 τοῖς
937 2587 1065 2640 ποσὶ
1146 2586 1236 2640 τὸν
1292 2584 1496 2659 αὐχένα
1573 2585 1770 2639 τούτου
1844 2587 2106 2654 πατῆσαι,
2168 2585 2562 2658 ἀκρωτηριάζει
2622 2581 2805 2640 ποδῶν
2865 2585 3024 2639 αὐτὸν
3083 2584 3172 2638 καὶ
3227 2585 3452 2660 χείρῶν,
3511 2584 3616 2658 ὄνῳ
3671 2606 3730 2641 τε

317 2677 637 2736 ἐπικαθίσας
668 2676 933 2750 θεατρίζει
966 2671 1053 2728 διὰ
1084 2678 1179 2729 τοῦ
1214 2671 1601 2746 στρατοπέδου,
1656 2670 1807 2727 οὐδὲν
1873 2670 2015 2730 ἄλλο
2087 2667 2460 2744 ἐπιϐοώμενον
2521 2672 2648 2728 ἀλλ’
2811 2697 2838 2726 ‹‹
2873 2671 3136 2744 Ἐλέησόν
3199 2694 3286 2747 με,
3319 2672 3540 2745 ἀληθῶς
3574 2676 3728 2749 βασι-

316 2765 414 2821 λεῦ
451 2767 463 2822 l
501 2790 531 2817 »
561 2766 862 2840 Ἐρομένου
895 2761 954 2818 δὲ
981 2767 1078 2818 τοῦ
1113 2760 1381 2838 βασιλέως
1413 2759 1626 2823 εἷ’τινες
1657 2766 1764 2816 τῶν
1817 2761 1966 2834 αὐτῷ
1997 2763 2261 2816 συνόντων
2320 2762 2411 2816 καὶ
2461 2759 2635 2838 ἕτεροι
2693 2765 2799 2818 εἷεν
2857 2765 2925 2818 τὰ
2953 2761 3120 2818 αὐτοῦ
3178 2767 3525 2840 φρονοῦντες,
3583 2765 3730 2838 τάχα

323 2854 382 2910 ἂν
416 2860 638 2910 κατεῖπε
665 2851 921 2921 πολλῶν,
955 2852 1000 2907 εἰ
1035 2853 1110 2926 μὴ
1181 2853 1208 2907 6
1263 2870 1548 2927 πατρικιος
1608 2851 1859 2921 Ἰωάννης
1918 2852 1946 2905 6
1995 2845 2368 2920 Ἑξαϐούλιος,
2431 2877 2457 2904 ι(
2492 2853 2573 2908 Οὐ
2633 2849 2771 2923 δέον,
2829 2847 2954 2929 ἔφη,
3011 2852 3054 2906 ὦ
3127 2850 3374 2926 βασιλεῦ,
3429 2850 3575 2907 ἀλλὰ
3637 2854 3729 2908 καὶ

312 2942 430 2999 λίαν
466 2941 797 3018 ἀλόγιστον,
829 2943 1052 3018 ἐχθροῖς
1107 2941 1375 2995 πιστεύειν
1429 2940 1565 2994 κατᾶ
1610 2943 1717 2994 τῶν
1781 2939 1974 3016 φίλων,
2012 2963 2039 2990 ››
2096 2939 2187 2994 καὶ
2241 2937 2421 3012 τούτῳ
2467 2945 2548 3013 τῷ
2601 2939 2750 3015 λόγῳ
2783 2937 2997 2996 διέλυσε
3025 2940 3121 3001 τὰς
3153 2939 3288 2995 κατά
3321 2944 3430 2996 τῶν
3459 2941 3736 2997 ταλαιπώ-

312 3054 419 3108 ρων
493 3030 740 3088 πολιτῶν
797 3031 886 3086 καὶ
951 3028 1128 3103 φίλων
1185 3028 1356 3083 αὐτοῦ
1416 3027 1725 3101 μελλούσάς
1783 3027 2079 3103 ἐγείρεσθαι
2136 3028 2426 3102 τιμωρίας,
2479 3030 2582 3085 Καὶ
2637 3031 2666 3084 ὁ
2722 3029 3030 3100 ἀποστάτης
3085 3025 3142 3084 δὲ
3194 3029 3454 3086 κατέλυσε
3492 3031 3580 3085 τὸν
3616 3030 3734 3106 βίον

320 3121 632 3197 ἀπορρήξας
687 3122 749 3176 τὸ
797 3124 1009 3192 πνεῦμα
1062 3124 1180 3180 ταῖς
1238 3119 1372 3173 κατὰ
1434 3118 1626 3193 μικρὸν
1708 3122 1940 3184 ποιναῖς,
2037 3121 2330 3190 μεσοῦντος
2386 3113 2735 3190 Ὀκτωϐρίου
2820 3120 3009 3192 μηνὸς,
3057 3121 3194 3173 κατά
3255 3119 3350 3192 μὲν
3405 3119 3502 3182 τὰς
3550 3121 3727 3195 ἀρχάς

330 3206 794 3285 μεγαλεπήϐολος
855 3207 1028 3264 δοκῶν
1088 3208 1334 3282 γενέσθαι
1391 3209 1478 3261 καὶ
1531 3205 1814 3280 τολμηρὸς
1870 3205 1960 3260 καὶ
2017 3210 2114 3262 τοῦ
2171 3207 2525 3280 προτεθέντος
2584 3207 2980 3284 ἐξεργαστικὸς,
3033 3202 3347 3283 προϐαίνων
3403 3205 3461 3263 δὲ
3517 3207 3604 3263 ἐπὶ
3661 3209 3731 3265 τὰ

313 3299 613 3375 ἔμπροσθεν
663 3297 810 3354 πολὺ
870 3294 1282 3370 καταδεέστερος
1347 3296 1536 3350 ἑαυτοῦ
1587 3296 1770 3372 φανεὶς
1825 3295 1912 3350 καὶ
2001 3302 2100 3365 τῆς
2136 3299 2246 3350 τῶν
2295 3296 2449 3356 ἐκτὸς
2508 3295 2863 3372 προσδοκίας.
2931 3297 3035 3354 Καὶ
3096 3297 3148 3351 oi
3199 3296 3259 3351 ἐκ
3315 3297 3518 3367 Βιζύης
3550 3294 3608 3352 δὲ
3633 3301 3732 3353 τοῦ

313 3389 591 3465 ’φρουρίου
651 3388 832 3462 ἐτέρας
891 3386 1106 3460 ταχέως
1164 3384 1411 3458 ἐγένοντο
1477 3385 1724 3460 γνώμης,
1784 3385 1874 3439 τὸν
1931 3383 2310 3460 ἐπηρτημένον
2384 3386 2727 3463 ὑφορώμενοι
2783 3384 3051 3442 κίνδυνον·
3113 3387 3225 3459 ἅμα
3279 3386 3383 3461 γὰρ
3437 3390 3516 3458 τῷ
3571 3387 3734 3450 πυθέ-

317 3480 445 3534 σθαι
519 3479 586 3534 τά
670 3477 805 3532 κατὰ
874 3475 967 3530 τὸν
1044 3478 1241 3548 Θωμᾶν
1304 3473 1658 3548 ἀτυχήματα,
1713 3473 1780 3527 τὰ
1855 3471 2023 3546 ὅμοια
2078 3475 2441 3543 πεποιηκότες
2485 3475 2575 3528 καὶ
2616 3475 2709 3530 τὸν
2766 3476 3109 3532 Ἀναστάσιον
3168 3475 3465 3549 συσχόντες
3523 3472 3738 3548 δεδεμέ-

311 3590 404 3624 νον
478 3573 670 3643 χεῖρας
724 3566 814 3621 καὶ
876 3561 1046 3624 πόδας
1120 3565 1493 3637 προσήνεγκαν
1553 3567 1632 3634 τῷ
1695 3563 1926 3636 βασιλεῖ.
2017 3563 2166 3634 [508]
2253 3562 2502 3626 Πάπενθε
2590 3561 2648 3618 δὲ
2729 3565 2821 3620 καὶ
2909 3565 3069 3626 οὗτος
3116 3565 3184 3618 τὰ
3242 3562 3604 3636 παραπλήσια
3655 3567 3738 3635 τῷ

313 3678 405 3712 νον
440 3662 628 3734 χεῖρας
657 3654 746 3710 καὶ
777 3653 867 3708 τὸν
916 3652 1032 3727 βίον
1096 3652 1290 3727 βιαίως
1352 3650 1682 3724 μετήλλαξε,
1737 3657 1834 3734 Και
1887 3655 1996 3704 τῶν
2047 3649 2408 3724 τυράννωνδέ
2462 3653 2883 3726 καθαιρεθέντων
2937 3654 2994 3707 αἱ
3044 3653 3308 3728 παράλιοι
3365 3659 3465 3722 τῆς
3519 3652 3733 3726 Θρᾴκης

314 3733 527 3814 πόλεις,
593 3745 654 3798 τό
727 3765 785 3798 τε
853 3743 1054 3814 Πάριον
1140 3741 1230 3796 καὶ
1280 3743 1314 3810 ἡ
1376 3738 1688 3814 Ἡράκλεια,
1741 3733 1944 3794 ἕτιτᾶ
1995 3743 2092 3793 τοῦ
2148 3739 2410 3814 τυράννου
2464 3746 2758 3815 φρονοῦσαι
2814 3741 3088 3815 ἀντεῖχον,
3151 3740 3294 3814 μίσει
3349 3762 3408 3795 τε
3461 3745 3541 3812 τῷ
3597 3739 3734 3814 πρὸς

319 3833 550 3910 Μιχαὴλ
603 3832 694 3888 καὶ
755 3830 844 3886 διὰ
893 3831 956 3886 τὸ
1027 3832 1102 3904 μή
1162 3829 1338 3884 θέλειν
1404 3833 1594 3884 τοῦτον
1648 3831 1742 3890 τὰς
1804 3828 1950 3888 θείας
2000 3826 2381 3896 ἀνωτηλῶσαι
2441 3829 2670 3894 εἰκόνας.
2732 3830 2835 3887 Καὶ
2884 3830 2946 3884 τὸ
3011 3842 3105 3902 μεν
3171 3832 3374 3902 Πάριον
3429 3826 3575 3883 ἑάλω
3631 3831 3730 3882 τοῦ

315 3925 536 3998 τείχους
566 3916 1002 3990 καταϐληθέντος
1052 3919 1159 3974 ἀπό
1215 3940 1362 3982 τινος
1416 3918 1710 3991 γενομένου
1769 3919 2018 3989 σεισμοῦ,
2084 3919 2118 3984 ἡ
2160 3913 2206 3969 δ’
2262 3915 2560 3990 Ἡράκλεια
2617 3917 2903 3991 ἐκυριεύθη
2962 3917 3070 3972 ἀπὸ
3127 3922 3234 3972 τῶν
3303 3923 3403 3986 τῆς
3453 3911 3730 3986 θαλάσσης

322 4017 524 4088 μερῶν.

393 4102 489 4156 Καὶ
518 4103 585 4156 τὰ
619 4101 715 4174 μὶν
773 4099 908 4154 κατὰ
969 4101 1166 4170 Θωμᾶν
1208 4100 1459 4152 τοιοῦτον
1520 4091 1651 4174 ἔσχε
1678 4095 1741 4150 τὸ
1789 4093 2031 4175 τέλος,[

2153 4097 2254 4152 [lic
2285 4114 2482 4152 rerum
2541 4099 2782 4153 Thomas
2841 4097 2975 4153 finis
3032 4097 3165 4165 fuit,
3198 4101 3258 4150 et
3310 4091 3632 4150 Michaelus
3663 4107 3734 4148 ex

314 4192 405 4246 καὶ
438 4188 618 4250 οὕτως
677 4190 706 4243 ὁ
765 4187 1024 4264 βασιλεὺς
1090 4186 1493 4262 τροπαιοφόρος
1555 4185 1613 4239 ἐκ
1666 4188 1774 4238 τῶν
1829 4185 1952 4238 κο.τᾶ

2084 4189 2280 4244 I‘racia
2313 4189 2686 4260 triumphans
2716 4189 2776 4244 in
2807 4188 3016 4245 urbem
3048 4187 3242 4242 rediit.
3281 4184 3349 4240 ln
3399 4185 3591 4240 socios
3619 4197 3722 4240 au-

315 4279 531 4355 Θρᾴκην
598 4275 820 4355 ἔρχεται
878 4273 1095 4333 πόλεων
1132 4320 1145 4346 ,
1205 4273 1362 4331 οὐδὲν
1435 4274 1617 4348 ἕτερον
1665 4275 1802 4328 κατά
1855 4277 1953 4328 τῶι

2097 4293 2199 4332 .em
2231 4277 2580 4333 defectionis
2604 4279 2839 4333 Thomas
2870 4282 2926 4332 et
2953 4282 3154 4348 captos
3185 4274 3344 4330 bello
3373 4272 3526 4329 nihil
3569 4269 3735 4327 aliud

320 4368 911 4438 συναποστατησάντων
971 4371 1053 4438 τῷ
1145 4370 1316 4437 Θωμᾷ
1398 4362 1652 4434 ἐννοήσας
1742 4362 1834 4417 καὶ
1893 4366 1958 4434 τιῖ

2097 4367 2291 4422 statuit
2321 4383 2497 4437 quam
2531 4367 2688 4437 quod
2719 4367 2906 4423 asinis
2937 4382 3038 4421 eos
3070 4364 3382 4436 impositos
3412 4362 3570 4418 ludis
3601 4361 3735 4417 Cir-

315 4455 551 4531 πολέμῳ
580 4456 845 4525 ἁλόντων,
878 4453 1005 4510 ἀλλ’
1067 4451 1439 4529 ἱπποδρομίας
1505 4452 1798 4526 γενομένης
1828 4451 1953 4505 ὄνοις

2098 4455 2360 4510 :ensibus
2381 4455 2744 4510 circumduci
2770 4455 3082 4525 solumque
3107 4453 3300 4509 exsilii
3321 4468 3501 4508 causa
3512 4455 3736 4506 vertere

317 4549 732 4622 ἐποχουμένους
765 4548 1132 4621 περιαχθῆναι
1181 4545 1271 4600 καὶ
1339 4542 1522 4617 ἐξορίᾳ
1574 4539 1946 4616 παραδοθῆναι

2094 4546 2278 4612 iussit.
2316 4545 2678 4615 Supererant
2732 4544 2925 4599 adhuc
2983 4543 3332 4599 defectionis
3363 4542 3532 4596 istius
3564 4539 3732 4611 quasi

320 4639 545 4708 ’Ἑμεινε
577 4633 633 4690 δὲ
679 4635 926 4710 ζώπυρον
985 4642 1086 4704 τῆς
1144 4635 1474 4696 ἀποστασίας
1531 4633 1593 4686 τὸ
1639 4630 1900 4707 φρούριον
1933 4631 1958 4682 ἦ

2096 4634 2318 4688 :‘omites
2349 4633 2464 4688 duo
2497 4633 2760 4699 castella,
2794 4632 3010 4688 Cabala
3041 4637 3100 4688 et
3129 4632 3426 4697 Saniana;
3478 4642 3734 4700 quorum

329 4721 554 4783 Καϐάλα
602 4725 692 4778 καὶ
743 4727 778 4793 ἠ
811 4725 1071 4794 Σανίανα,
1121 4725 1194 4778 ὧν
1223 4726 1325 4793 τήν
1383 4723 1476 4794 μὶν
1505 4724 1533 4777 6
1568 4720 1798 4798 Χοιρέας
1840 4742 1967 4776 κατ-

2097 4723 2339 4778 1lterum
2361 4723 2908 4788 Chaareas,alterum
2923 4723 3254 4777 Gazarenus
3274 4717 3735 4784 tenebat,iisque

326 4815 469 4892 εἶχε,
501 4814 564 4868 τὸ
597 4811 643 4868 δ’
674 4814 701 4868 6
732 4813 1064 4887 Γαζαρηνὸς,
1106 4811 1156 4882 ἐξ
1221 4811 1294 4866 ὧν
1349 4812 1664 4885 ὁρμώμενοι
1721 4809 1964 4884 λῃστείας

2098 4827 2155 4865 ex
2193 4810 2428 4866 arcibus
2479 4811 2874 4881 praedationes
2905 4827 2972 4865 ac
3006 4809 3319 4864 latrocinia
3361 4802 3736 4861 exercebant.

331 4903 624 4958 ἐποιοῦντο
682 4901 774 4956 καὶ
831 4900 1131 4976 προνομάς.
1191 4899 1370 4957 Ἀλλὰ
1441 4900 1531 4961 καὶ
1591 4899 1846 4960 οὗτοιὼς
1878 4899 1969 4954 οὐκ

2093 4899 2198 4955 Sed
2229 4901 2288 4954 hi
2319 4915 2557 4971 quoque
2588 4916 2724 4955 cum
2757 4899 3126 4971 impunitatis
3155 4902 3330 4968 pacta
3359 4893 3431 4950 ab
3463 4893 3731 4962 impera-

327 4990 576 5063 ἐδέξαντο
607 4991 700 5054 τὰς
753 4990 1036 5052 ἀθωουσας
1091 4988 1285 5051 αὐτοὺς
1353 4986 1641 5064 βασιλικάς
1697 4982 1965 5049 συλλαϐὰς

2100 5005 2214 5044 Lore
2238 4988 2834 5059 missa,obldtamque
2854 4987 3201 5058 dignitatem
3229 4984 3391 5055 (nam
3416 4986 3738 5050 utrumque

319 5083 407 5138 καὶ
454 5083 521 5138 τὰ
567 5081 876 5162 πεμφθέντα
931 5080 1210 5153 ἀξιώματα
1269 5078 1379 5151 (καὶ
1432 5077 1600 5156 ἄμφω
1655 5078 1756 5150 γὰρ
1817 5075 1957 5152 μαγί·

2099 5081 2438 5152 magistrum
2487 5080 2633 5137 89]
2683 5080 3005 5149 imperator
3045 5073 3307 5140 creabat)
3363 5073 3737 5142 respuerent,

321 5193 467 5247 στρω
519 5159 814 5243 πεποίηκεν
875 5171 903 5225 6
967 5167 1245 5244 βασιλεὺς)
1279 5211 1293 5238 ,
1366 5165 1786 5246 ὑποφθαρέντων
1870 5171 1959 5220 τῶ,

2103 5170 2383 5241 :orruptis
2413 5168 2790 5224 castellorum
2823 5163 3138 5236 praesidiis,
3181 5179 3317 5218 cum
3349 5159 3424 5218 ad
3456 5162 3741 5216 consueta

325 5257 494 5332 ἔνδον,
531 5261 603 5324 ὡς
629 5259 854 5331 ἐξῆλθον
889 5259 1041 5314 οὗτοι
1096 5258 1232 5332 πρὸς
1289 5255 1384 5317 τάς
1445 5256 1691 5325 συνήθεις
1753 5251 1963 5329 διαρπα·

2097 5257 2407 5313 latrocinia
2445 5257 2783 5322 exivissent,
2816 5254 3003 5325 portis
3051 5251 3434 5308 castellorum
3487 5247 3735 5319 objectis

321 5351 452 5428 γᾶς,
514 5348 867 5422 ἐκλείσθησαν
921 5351 1029 5404 τῶν
1090 5345 1367 5426 φρουρίων
1425 5343 1480 5398 αἱ
1534 5341 1704 5398 πύλαι
1756 5341 1938 5406 αὐτοῖς

2111 5347 2343 5416 axclusi,
2385 5359 2639 5416 cumque
2666 5343 2726 5398 in
2777 5343 3006 5416 Syriam
3064 5341 3201 5414 fuga
3229 5338 3684 5404 contenderent,
3714 5352 3749 5396 α

1546 5498 1908 5555 XYLANDRI
1948 5500 2036 5553 ET
2073 5499 2290 5555 GOARI
2331 5499 2552 5555 NOTAE.

397 5653 514 5729 (7‘7)
547 5651 842 5722 "legitima
870 5649 1176 5722 adoptione
1208 5646 1435 5706 Thomas
1471 5645 1761 5715 ascriptus.
1791 5646 1966 5702 Gom.
