4148 6212
301 409 419 468 977
1450 404 1992 468 HlSTOBlARUM
2039 405 2584 468 COMPENDIUM.
3603 406 3720 468 978

284 540 408 598 οὔτε
438 540 574 598 κατᾶ
605 541 706 609 τήν
747 540 1079 615 καταγωγὴν
1137 535 1306 616 ἐφάνη
1366 536 1675 612 πολέμιον,
1735 559 1942 615 παρεμ-

2071 540 2192 613 igni
2219 539 2564 598 combussit.
2624 542 2749 608 Quo
2807 539 3001 596 subito
3069 538 3332 596 incendii
3390 540 3726 612 spectaculo

285 627 463 701 ϐολήν
497 631 814 703 πηξάμενος
846 627 1075 702 ὀχυρὰν,
1132 627 1258 690 τοὺς
1319 628 1412 701 μὶν
1467 624 1811 698 ἐπιτηδείους
1865 629 1943 691 εἰς

282 722 574 795 προνομήν
611 715 1014 790 ἐξαπέστειλεν,
1045 715 1207 779 αὐτὸς
1238 714 1298 771 δὲ
1338 715 1464 780 τοὺς
1514 715 1744 780 λοιποὺς
1798 715 1944 797 ἔχων

289 808 413 884 ἄρτι
493 805 559 877 δὴ
639 812 735 862 τοῦ
801 806 1108 880 πνεύματος
1199 805 1632 880 ἐπακμάζοντος,
1690 805 1948 862 κάκείνων

283 896 630 972 πορἑτέρω
661 894 898 950 σταδίων
931 894 1062 950 δέκα
1107 896 1142 965 ἢ
1195 897 1289 951 καί
1351 898 1406 951 ιε’
1460 895 1786 970 γενομένων,
1841 901 1947 970 πῦρ

287 983 554 1060 ἐμϐαλὼν
585 991 703 1046 ταῖς
744 985 901 1040 ναυσὶ
932 985 1027 1048 τὰς
1083 987 1256 1048 πάσας
1311 984 1621 1063 κατέφλεξε,
1681 985 1949 1060 φεισάμε-

289 1097 380 1138 νος
408 1078 472 1133 τὸ
503 1079 757 1152 παράπαν
805 1073 1086 1148 οὐδεμιᾶς.
1144 1076 1206 1134 Ὁ
1275 1073 1334 1132 δὲ
1387 1077 1618 1153 στρατὸς
1677 1078 1789 1150 (καὶ
1846 1078 1952 1152 γὰρ

285 1169 680 1226 ἐπαλινόστουν
742 1168 941 1231 εὖθέως
1029 1165 1542 1242 έκδειματωθέντες,
1624 1173 1704 1241 τῷ
1767 1190 1950 1245 παρα-

291 1257 434 1330 δόξῳ
465 1263 562 1314 τοῦ
607 1258 890 1319 θεαθέντος
951 1257 1276 1333 πράγματος
1332 1256 1796 1335 καταπλαγέντες)
1850 1260 1950 1327 τὴν

289 1347 468 1401 αἰτίαν
502 1347 863 1402 ἐπυνθάνοντο
894 1345 982 1400 καὶ
1016 1345 1090 1407 εἰς
1122 1344 1322 1421 λόγους
1352 1346 1524 1416 ἦλθον
1573 1348 1951 1424 νεωτερικοὺς.

291 1436 443 1492 Ἐπεὶ
477 1433 533 1490 δὲ
564 1435 766 1504 ἢγονον
798 1437 832 1490 ἅ
860 1435 1030 1491 πάλαι
1062 1432 1280 1502 ὢδινον,
1314 1437 1388 1497 ὡς
1417 1462 1442 1488 ιι
1481 1436 1645 1493 Ᾱυτοί
1669 1457 1728 1492 τε
1748 1438 1953 1494 τούτων

285 1525 440 1596 ὑμεῖς
476 1522 664 1592 αἴτιοι,
733 1524 986 1580 ἀποικίαν
1051 1527 1338 1593 ζητοῦντες
1396 1526 1488 1580 καὶ
1545 1533 1647 1600 γῆν
1715 1526 1951 1602 ἀγαθὴν,

284 1613 410 1685 ἐμοὶ
475 1611 534 1669 δὶ
591 1614 794 1684 ταύτης
855 1611 1108 1687 οὐδετέρα
1166 1614 1483 1688 νενόμισται
1540 1617 1817 1692 κρείττων,
1879 1617 1957 1680 εἰς

284 1704 487 1772 ταύτην
516 1700 690 1771 ἦλθον
719 1705 819 1771 τὴν
852 1699 998 1770 ὁδὸθ,
1029 1703 1098 1756 τὰ
1129 1703 1258 1772 ὑμῖν
1311 1723 1368 1758 τε
1420 1706 1641 1779 θυμήρη
1698 1706 1950 1777 πράττων

294 1789 384 1844 καὶ
411 1789 645 1862 ἐμαυτὸν
673 1798 773 1859 τῆς
831 1790 881 1863 ἐξ
942 1791 1094 1863 ὑμῶν
1155 1789 1526 1847 ἀπαλλάττων
1577 1791 1888 1867 ὀχλήσεως.
1919 1817 1950 1847 ιι

289 1884 382 1941 Ὠς
417 1876 476 1934 δὲ
505 1880 594 1934 καὶ
653 1884 926 1954 γυναικῶν
983 1881 1072 1934 καὶ
1130 1878 1338 1935 παίδων
1396 1879 1726 1954 ἐμέμνηντο,
1785 1909 1812 1935 «
1845 1882 2023 1973 KaiB

296 1973 571 2042 γυναῖκες,
604 1967 705 2047 ἔφη
751 1969 779 2024 ὁ
819 1969 1099 2043 ’Λπόχαψ,
1153 1966 1282 2039 ὧδε,
1341 1971 1605 2043 ἡμέτεραι
1653 1970 1949 2044 αἰχμάλω-

310 2077 421 2124 τοι,
454 2055 545 2110 καὶ
593 2052 783 2118 παῖδες
850 2056 982 2128 μετὰ
1038 2057 1230 2129 μικρὸν
1286 2056 1338 2127 ἆξ
1395 2058 1597 2114 αὐτῶν.
1634 2082 1662 2110 ››
1727 2059 1954 2123 Τούτοις

291 2149 410 2205 τοῖς
480 2141 668 2218 λόγοις
747 2145 1242 2218 κατασιγασθέντες,
1332 2147 1421 2200 καὶ
1481 2144 1769 2221 ἀποδοχῆς
1831 2147 1950 2218 ἄξια

309 2233 587 2304 κρίναντες
616 2233 682 2287 τὰ
712 2231 1001 2308 λεγόμενα,
1061 2237 1263 2311 τάφρον
1324 2236 1417 2306 μὲν
1459 2237 1683 2310 ἤγειραν
1737 2242 1951 2309 πρῶτον

311 2320 668 2395 βαθεῖαν,καὶ
706 2322 950 2399 χάρακας
1011 2322 1062 2377 έν
1119 2322 1289 2398 ταύτῃ
1345 2325 1769 2396 καταπήξαντες,
1827 2325 1950 2382 ἔνθα

300 2410 392 2463 καὶ
423 2414 510 2463 νῦν
540 2407 728 2465 λαϐὼν
785 2413 884 2478 τήν
944 2413 1252 2485 ἐπωνυμίαν
1307 2415 1336 2469 ὁ
1392 2415 1565 2476 τόπος
1634 2417 1794 2484 σώζει
1847 2419 1947 2485 τὴν

291 2499 693 2572 προσηγορίαν,
778 2498 994 2573 Χάνδαξ
1078 2504 1192 2574 (79)
1288 2503 1714 2576 ὀνομαζόμενος.
1776 2504 1945 2559 ἐκεῖσε

281 2585 706 2658 διενυκτέρευον.
779 2589 986 2664 Χρόνος
1058 2591 1159 2646 οὐκ
1231 2590 1394 2667 ὲρῥύῃ
1475 2593 1675 2662 πολὺς,
1731 2594 1820 2649 καὶ
1878 2595 1946 2650 τὰ

281 2677 901 2756 πραττόμεναῦμρημη
949 2680 1043 2734 τὸν
1103 2679 1330 2754 βασιλέα
1397 2678 1663 2737 ἐδίδασκε.
1725 2682 1824 2738 Καὶ
1887 2684 1946 2744 ὅς

291 2769 372 2836 τῷ
403 2767 880 2841 πρωτοσπαθαρίῳ
936 2773 1199 2840 Φωτεινῷ
1256 2773 1368 2844 (80)
1423 2775 1532 2825 τῶν
1583 2770 1948 2828 Ἀνατολικῶν

293 2858 693 2930 στρατηγοῦντι
751 2856 815 2910 τὰ
879 2863 980 2924 τῆς
1049 2860 1270 2932 Κρήτης
1329 2860 1532 2914 ἃπαντα
1618 2859 1944 2930 ἀνατίθησιν,

295 2945 378 3016 [Ρ.
414 2946 541 3016 510]
573 2944 750 3005 Οὗτος
801 2943 972 3000 ἰκεῖσε
1028 2947 1461 3022 παραγενόμενος
1513 2947 1602 3003 καὶ
1653 2947 1719 3002 τὰ
1775 2948 1947 3004 πάντα

289 3032 614 3102 καταμαθὼν
655 3032 747 3086 τὸν
806 3032 1036 3107 βασιλέα
1092 3033 1402 3090 ἀνεδίδασκε
1457 3037 1523 3092 τὰ
1579 3037 1943 3111 πραττόμενα,

287 3121 375 3173 καὶ
449 3117 673 3193 δύναμιν
724 3121 882 3192 ἠξίου
931 3122 1165 3197 πέμπειν
1222 3127 1321 3194 τὴν
1381 3125 1577 3182 ἐκεῖθεν
1664 3121 1946 3196 ἀποσοϐή-

289 3229 490 3263 σουσαν
545 3211 670 3272 τοὺς
753 3211 1005 3284 ἐχθρούς.
1094 3215 1364 3286 Δαμιανὸν
1435 3217 1562 3289 γοῦν
1630 3236 1747 3270 τινα
1813 3215 1940 3271 ὄντα

295 3297 514 3369 κόμητα
543 3303 639 3353 τοῦ
666 3301 955 3373 βασιλικοῦ
1001 3303 1364 3358 ἱπποστασίου
1418 3306 1527 3376 (81)
1577 3304 1664 3358 καὶ
1719 3324 1939 3378 πρωτο-

288 3385 586 3460 σπαθάριον
638 3391 770 3462 μετὰ
829 3389 1052 3459 πολλῆς
1109 3389 1389 3464 δυνάμεως
1446 3393 1535 3446 καὶ
1592 3400 1936 3466 παρασκευῆς

283 3476 312 3531 ὁ
346 3475 606 3549 βασιλεὺς
663 3477 981 3534 ἀπέστειλεν
1022 3480 1097 3540 είς
1157 3481 1416 3549 βοήθειαν
1474 3484 1572 3535 τοῦ
1630 3486 1937 3555 στρατηγοῦ

282 3569 584 3632 Φωτεινοῦ,
642 3564 696 3619 o'i
750 3567 842 3620 καὶ
900 3567 1191 3629 ἐνωθέντες
1249 3568 1384 3622 κατὰ
1441 3573 1550 3622 τῶν
1609 3570 1932 3644 ’Λγαρηνῶν

294 3650 627 3720 ὡπλίζοντο.
661 3654 758 3717 El:
789 3653 942 3710 οὐδὲν
985 3654 1043 3711 δὲ
1097 3659 1376 3731 χρήσιμον
1427 3656 1614 3720 αὐτοῖς
1661 3660 1723 3713 τὸ
1779 3657 1939 3724 τέλος

282 3741 628 3814 ἕνεπεράνθη·
688 3744 848 3806 αὐτός
905 3766 964 3800 τε
1019 3747 1122 3822 γὰρ
1181 3748 1210 3801 ὁ
1269 3748 1538 3818 Δαμιανὸς
1622 3748 1756 3803 κατὰ
1833 3750 1935 3817 τὴν

290 3829 516 3903 πρώτην
550 3827 868 3905 προσϐολὴν
917 3834 1126 3908 καιρίαν
1186 3833 1422 3910 πληγεὶς
1481 3837 1570 3890 καὶ
1623 3838 1792 3900 θανὼν
1847 3839 1937 3892 καὶ

278 3923 396 3981 τοῖς
430 3918 650 3982 λοιποῖς
683 3928 894 3996 τροπῆς
953 3922 1168 3997 γέγονεν
1224 3922 1418 3988 α’ίτιος,
1480 3924 1571 3979 καὶ
1606 3925 1634 3980 ὁ
1667 3927 1940 3990 Φωτεινὸς

291 4007 455 4080 μόλις
489 4007 542 4063 ἐν
603 4006 846 4083 δρόμωνι
902 4009 1226 4082 διασώζεται
1283 4015 1371 4069 καὶ
1427 4019 1506 4086 τῷ
1563 4015 1780 4090 βασιλεῖ
1833 4023 1940 4072 τῶν

284 4098 641 4170 πραχθέντων
710 4099 1052 4173 αὐτάγγελος
1105 4101 1330 4175 γίνεται.
1385 4100 1541 4160 Ἀλλ’
1608 4105 1763 4165 οὗτος
1820 4107 1937 4178 μὲν,

279 4183 394 4238 ἐπεὶ
433 4181 522 4239 διὰ
549 4189 721 4259 τιμῆς
764 4187 929 4261 ἤγετο
985 4194 1065 4260 τῷ
1126 4189 1339 4264 βασιλεῖ
1395 4191 1626 4261 πάντως,
1685 4194 1785 4260 τὴν
1840 4201 1941 4263 τῆς

275 4272 530 4336 Σικελίας
563 4277 901 4351 στρατηγίαν
938 4279 1094 4341 αὖθις
1143 4286 1243 4347 τῆς
1304 4282 1522 4353 Κρήτης
1585 4279 1936 4338 ἀλλάσσεται·

272 4367 390 4422 τοῖς
422 4359 478 4416 δὲ
520 4369 860 4435 Σαρακηνοῖς
892 4369 1004 4437 (82)
1035 4366 1087 4420 ἐν
1139 4371 1360 4442 ταραχῇ
1412 4368 1501 4422 καὶ
1564 4369 1797 4444 μερίμνῃ
1851 4367 1940 4425 δι-

2069 631 2418 703 perterritus
2440 631 2734 688 exercitus
2760 648 2896 687 cum
2928 629 3088 685 illico
3115 629 3189 685 ad
3207 635 3401 685 castra
3426 630 3724 702 rediisset,

2069 737 2429 792 causamque
2463 725 2738 776 crematas
2773 720 2980 776 classis
3011 720 3268 775 ferocius
3299 719 3477 774 etiam
3509 727 3713 791 postu-

2057 797 2231 878 laret,
2265 809 2380 865 dux
2411 810 2724 882 respondit
2754 825 2824 865 ea
2853 826 3013 865 nunc
3046 813 3284 880 peracta
3313 824 3444 879 quas
3464 809 3576 880 ipsi
3608 809 3712 865 diu

2061 898 2345 954 ardenter
2387 898 2871 954 desiderassent:
2916 899 3076 970 ipsos
3134 897 3272 952 huic
3330 897 3416 952 rei
3473 913 3716 953 causam

2065 987 2412 1059 praabuisse,
2446 990 2546 1059 qui
2576 989 2872 1045 coloniam
2921 989 2985 1044 in
3043 988 3240 1044 locum
3297 988 3527 1044 felicem
3579 987 3716 1044 duci

2069 1079 2434 1150 ﬂagitassent
2451 1095 2463 1132 :
2480 1079 2712 1149 se,quia
2732 1078 3046 1134 meliorem
3069 1078 3252 1134 alium
3272 1078 3500 1134 nullum
3523 1078 3724 1142 sciret,

2070 1166 2186 1222 huc
2219 1166 2486 1234 duxisse,
2517 1173 2585 1222 ut
2616 1173 2675 1222 et
2703 1168 2969 1238 ipsorum
3015 1166 3303 1222 voluntati
3361 1167 3731 1222 satisfaceret

2071 1261 2131 1312 et
2186 1255 2772 1326 interpellationibus
2829 1271 2958 1310 sese
3015 1255 3282 1326 ipsorum
3352 1260 3724 1312 exoneraret.

2072 1347 2335 1415 Cumque
2367 1360 2617 1399 uxorum
2655 1351 2714 1399 et
2766 1343 3087 1398 liberorum
3129 1343 3418 1398 inferrent
3469 1345 3727 1400 mentio-

2071 1433 2575 1504 nemprespondit
2601 1433 2988 1505 Apochapsus
3021 1432 3083 1486 in
3110 1437 3389 1504 promptu
3420 1449 3550 1488 esse
3582 1449 3719 1504 cap-

2069 1523 2220 1578 tivas
2252 1522 2556 1589 mulieres,
2592 1522 2808 1594 quibus
2839 1539 2944 1593 pro
2976 1521 3258 1577 uxoribus
3288 1527 3617 1587 uterentur,
3651 1537 3720 1578 ac

2069 1613 2249 1684 paulo
2281 1617 2414 1683 post
2435 1611 2659 1666 liberos
2685 1611 2983 1666 tollerent.
3018 1611 3118 1666 His
3149 1610 3234 1666 illi
3261 1610 3455 1666 verbis
3513 1610 3721 1679 sedati,

2070 1706 2129 1756 et
2157 1700 2588 1772 approbatione
2623 1699 2803 1773 digna
2835 1700 2965 1768 rati,
2999 1700 3178 1756 altam
3211 1705 3460 1772 egerunt
3488 1701 3732 1769 fossam,

2068 1789 2270 1860 ibique
2301 1789 2518 1845 vallum
2545 1790 2846 1861 jecerunt,
2880 1789 3038 1844 unde
3069 1789 3262 1845 adhuc
3291 1789 3420 1845 loco
3440 1789 3721 1846 Chandax

2071 1895 2292 1936 nomen
2325 1885 2610 1947 servatur,
2645 1884 2821 1950 atque
2876 1880 2948 1934 iis
3005 1879 3214 1935 castris
3271 1881 3720 1950 pernoctarunt.

2059 1968 2225 2026 Brevi
2256 1967 2580 2024 admodum
2625 1974 2890 2039 tempore
2920 1969 3076 2024 fama
3104 1968 3189 2024 rei
3229 1969 3543 2024 certiorem
3575 1967 3716 2024 fecit

2058 2061 2502 2131 imperatorem,
2539 2057 2639 2128 qui
2671 2057 2924 2113 Photino
2946 2057 3419 2129 protospathario
3449 2057 3710 2113 orienta-

2058 2150 2132 2204 lis
2163 2148 2457 2204 exercitus
2482 2145 2618 2201 duci
2643 2162 2937 2201 summam
2959 2145 3044 2200 rei
3068 2146 3142 2200 ad
3167 2147 3398 2201 Cretam
3417 2146 3714 2217 pertinen-

2059 2240 2132 2292 tis
2155 2237 2472 2293 commisit.
2506 2237 2610 2290 Hic
2642 2253 2710 2290 eo
2737 2235 3039 2307 profectus
3065 2236 3351 2307 omnique
3383 2251 3445 2290 re
3479 2238 3712 2307 cognita

2057 2329 2474 2398 imperatorem
2509 2324 2764 2392 edocuit,
2818 2324 3136 2396 copiasque
3185 2324 3259 2380 ad
3307 2323 3708 2395 proﬂigandos

2056 2433 2124 2471 ex
2182 2415 2379 2470 insula
2437 2416 2636 2469 hostes
2717 2415 2908 2484 petiit.
2968 2414 3122 2469 894
3171 2416 3500 2486 Imperator
3569 2430 3706 2486 ergo

2054 2504 2406 2560 Damianum
2433 2503 2520 2557 sui
2536 2502 2751 2573 equilis
2773 2502 3051 2556 comitem
3073 2519 3140 2557 ac
3162 2502 3702 2574 protospatharium

2053 2592 2287 2664 magnis
2315 2608 2447 2647 cum
2473 2591 2659 2662 copiis
2681 2597 2858 2661 atque
2871 2590 3078 2662 grandi
3102 2595 3387 2662 apparatu
3402 2589 3706 2662 suppetias

2051 2682 2305 2737 Photino
2351 2680 2551 2741 mittit,
2614 2679 2772 2749 iique
2832 2678 3170 2750 conjunctis
3227 2678 3450 2733 viribus
3502 2684 3710 2734 contra.

2055 2777 2358 2841 Agarenos
2390 2786 2452 2823 se
2482 2773 2737 2823 armant.
2763 2767 2874 2822 Sed
2899 2767 3050 2822 nihil
3071 2773 3162 2822 est
3191 2765 3708 2838 profectum,quod

2053 2877 2188 2916 cum
2222 2859 2542 2914 Damianus
2573 2857 2766 2928 primo
2799 2857 2860 2910 in
2891 2872 3215 2928 congressu
3245 2856 3408 2910 letali
3464 2855 3708 2911 vulnere

2053 2955 2294 3020 accepto
2325 2947 2620 3019 periisset,
2655 2945 2869 3016 reliqui
2902 2961 3032 3000 eam
3062 2945 3212 3017 fuga:
3233 2960 3470 3001 causam
3493 2944 3710 2999 habue-

2049 3044 2192 3093 runt
2220 3053 2232 3102 ;
2268 3035 2629 3092 etPhotinus
2662 3049 2815 3105 aegre
2843 3033 3041 3090 celoce
3069 3034 3251 3089 evasit
3279 3033 3354 3089 ad
3384 3035 3708 3105 imperato-

2050 3143 2198 3194 rem,
2223 3127 2395 3196 eique
2418 3123 2605 3179 eladis
2627 3123 2903 3178 nuntium
2926 3124 3334 3188 attulit.Quem
3359 3123 3702 3194 imperator,

2050 3217 2207 3288 quod
2236 3233 2468 3271 summo
2501 3215 2658 3286 apud
2688 3231 2749 3269 se
2783 3219 2942 3268 esset
2969 3214 3030 3268 in
3078 3214 3326 3282 honore,
3375 3230 3481 3284 pro
3531 3213 3702 3268 Creta

2048 3306 2262 3361 Sicilizn
2297 3304 2578 3376 praefecit.
2641 3305 2964 3358 Saracenos
3020 3309 3238 3369 autem,
3291 3301 3484 3357 adhuc
3536 3302 3696 3356 inter

2045 3412 2218 3451 curas
2248 3412 2315 3450 ac
2347 3395 2548 3450 turbas
2577 3399 2902 3460 versantes,
2953 3392 3280 3448 monachus
3334 3389 3577 3461 quidam
3629 3407 3699 3446 ex

2047 3484 2256 3540 insulas
2289 3483 2590 3539 montibus
2622 3482 2936 3554 degressus
2967 3481 3169 3537 docuit
3215 3497 3434 3547 errare,
3485 3480 3535 3535 si
3583 3481 3694 3536 hoc

2047 3573 2176 3629 loco
2208 3579 2331 3628 tuto
2365 3589 2427 3628 se
2457 3570 2798 3628 consedisse
2857 3571 3216 3636 crederunt;
3261 3569 3556 3642 simulque
3587 3570 3676 3624 eis

2047 3663 2422 3718 Chaudacem
2452 3661 2901 3729 demonstravit,
2937 3666 3337 3733 opportunum
3398 3661 3594 3716 locum
3625 3659 3701 3715 ad

2050 3752 2283 3824 quasvis
2314 3749 2787 3806 commoditates.
2821 3750 2904 3804 Ibi
2936 3749 3023 3804 illi
3055 3749 3263 3804 urbem
3306 3748 3702 3804 condiderunt

2049 3841 2226 3896 veluti
2261 3839 2440 3894 totius
2472 3839 2682 3893 insulae
2736 3853 2954 3904 arcem,
3015 3855 3085 3892 ex
3144 3852 3330 3906 eaque
3386 3837 3448 3891 in
3507 3843 3692 3891 totam

2045 3930 2300 3985 insulam
2333 3927 2703 3983 incursiones
2735 3928 3022 3994 fecerunt,
3083 3943 3151 3980 ac
3207 3925 3430 3980 vicinas
3491 3925 3692 3989 etiam.

2049 4019 2194 4076 actis
2234 4019 2294 4072 in
2325 4017 2665 4073 servitutem
2699 4014 2931 4083 incolis,
2966 4014 3331 4084 ubribusque
3361 4013 3548 4067 Cretas
3579 4029 3701 4069 una

2009 4111 2011 4114 ⁴
2048 4108 2288 4178 dempta
2310 4106 2496 4177 captis
2518 4104 2816 4158 omnibus.
2841 4104 2988 4157 Tum
3011 4101 3294 4172 temporis
3317 4101 3494 4156 etiam
3519 4101 3702 4172 Cyril-

2049 4197 2142 4252 lus
2172 4195 2445 4266 Gortynis
2467 4193 2780 4264 episcopus
2805 4191 3073 4261 martyrii
3095 4206 3375 4245 coronam
3401 4189 3696 4260 supplicio

2053 4291 2143 4341 est
2174 4289 2548 4348 consecutus,
2583 4281 2741 4353 quod
2771 4279 3070 4335 Christum
3104 4277 3344 4334 difﬁteri
3389 4278 3698 4336 noluisset.

2053 4375 2172 4428 Hoc
2203 4371 2378 4426 modo
2413 4372 2585 4424 Creta
2614 4371 2675 4424 in
2707 4368 3048 4425 servitutem
3088 4366 3342 4422 devenit.

273 4451 495 4522 ἀγουσιν
526 4449 604 4506 ἔτι
663 4453 908 4528 μοναχός
960 4473 1042 4516 τις
1103 4454 1162 4509 ἐκ
1219 4460 1326 4510 τῶν
1386 4456 1554 4526 ὀρέων
1610 4465 1711 4527 τῆς
1765 4461 1933 4528 νήσου
1990 4452 2318 4521 ἐπικαταϐὰς
2374 4456 2698 4532 ἁμαρτάνειν
2754 4450 2973 4532 ἔφησεν,
3051 4454 3098 4508 εἱ
3158 4452 3418 4530 ἀσφαλῶς
3476 4452 3691 4514 οἷόνται

272 4533 408 4605 ἕξειν
468 4536 769 4610 ἱδρυθέντες
829 4541 881 4597 ἐν
939 4540 1081 4614 τῷδε
1131 4547 1212 4615 τῷ
1267 4543 1445 4617 τόπῳ,
1504 4545 1595 4600 καὶ
1663 4545 1776 4617 ἅμα
1836 4545 2011 4621 λέγων
2069 4548 2164 4602 τὸν
2237 4545 2489 4603 Χάνδακα
2537 4545 2755 4607 τούτοις
2815 4540 3076 4614 ὑπέδειξε,
3151 4540 3320 4613 δεξιὸν
3377 4544 3546 4599 τόπον
3604 4565 3675 4598 κα

280 4623 455 4698 εὐφυῆ
489 4626 625 4699 πρὸς
683 4635 856 4684 πᾶσαν
917 4632 1224 4706 εὐετηρίαν.
1283 4633 1371 4689 Ἐν
1429 4635 1607 4706 τούτῳ
1657 4635 1820 4691 πόλιν
1876 4632 2190 4711 ἱδρύσαντες
2247 4634 2337 4691 καὶ
2400 4634 2515 4690 οἶόν
2574 4654 2691 4690 τινα
2744 4633 2926 4703 πάσης
2989 4629 3290 4706 ἀκρόπολιν
3338 4639 3440 4702 τῆς
3500 4634 3693 4704 νήσου,

281 4712 371 4765 καὶ
400 4710 461 4767 ἐκ
493 4715 693 4785 ταύτης
729 4719 1046 4791 ὁρμώμενοι
1074 4722 1176 4788 τὴν
1218 4721 1356 4792 ὅλην
1414 4721 1739 4798 κατέτρεχον
1797 4710 1963 4792 νῆσον
2017 4724 2106 4778 καὶ
2159 4727 2256 4789 τὰς
2311 4723 2530 4786 λοιπάς.
2589 4721 3002 4780 Ἔδουλώσαντο
3062 4719 3120 4776 δὲ
3177 4723 3304 4786 τοὺς
3361 4717 3696 4795 αὐτόχθονας

279 4801 372 4855 καὶ
405 4801 501 4863 τάς
534 4800 585 4857 ἐν
617 4807 685 4878 τῇ
719 4809 904 4880 Κρήτῃ
936 4807 1123 4870 πόλεις
1151 4808 1300 4877 πλὴν
1335 4814 1482 4884 μιᾶς.
1523 4812 1661 4868 Τότε
1713 4810 1779 4881 δή
1835 4813 1925 4867 καὶ
1983 4814 2012 4868 ὁ
2071 4813 2349 4887 Κύριλλος
2407 4815 2436 4869 ὁ
2505 4813 2776 4888 Γορτύνης
2833 4808 3100 4886 πρόεδρος
3157 4814 3336 4885 στέφει
3390 4808 3694 4866 τελειοῦται

282 4895 624 4967 μαρτυρικῷ,
657 4893 734 4964 μὴ
768 4897 1003 4964 θελήσας
1034 4896 1365 4970 ἀρνήσασθαι
1393 4899 1485 4954 τὸν
1518 4901 1775 4974 Χριστόν.
1804 4901 1908 4958 Καὶ
1938 4902 2132 4975 Κρήτη
2165 4902 2261 4974 μὶν
2294 4902 2440 4959 ἑάλω
2469 4907 2658 4958 τοῦτον
2689 4901 2783 4958 τὸν
2814 4900 3046 4975 τρόπον.

1493 5037 1846 5093 XYLANDBI
1887 5039 1974 5093 ΕΤ
2012 5039 2227 5094 GOARI
2269 5039 2469 5095 NOTAE

349 5151 465 5233 (79)
498 5152 663 5233 Idem
700 5155 1006 5233 modernis
1054 5158 1276 5233 Crmcia
1319 5155 1636 5233 χανδάκιον,
1687 5168 1744 5218 et
1793 5180 1925 5217 cor-

275 5222 496 5302 rectius
528 5222 750 5302 χάνδαξ,
806 5245 873 5302 ac
917 5227 1085 5302 χάραξ
1146 5222 1431 5302 antiquis.
1475 5222 1704 5288 scilicet
1751 5237 1925 5302 fossa,

272 5294 500 5362 vallum,
530 5294 692 5352 unde
715 5294 1008 5355 universze
1040 5294 1251 5356 insula:
1277 5294 1496 5357 Gaudia:
1518 5294 1927 5360 nomen'deini

273 5381 411 5434 ceps
447 5373 536 5421 est
567 5369 841 5424 inditum.
877 5373 1053 5427 Goaa.

276 5438 456 5562 ϐἐῗξ)
484 5440 668 5495 Locus
698 5448 825 5496 erat
843 5444 1110 5499 mutilus.
1136 5444 1546 5516 Supplevimus
1561 5463 1631 5504 ex
1646 5447 1918 5519 Scylilze.

355 5579 662 5658 (8l)llunc
680 5584 852 5658 nullo
883 5586 1118 5658 negotio
1149 5587 1406 5658 comitem
1445 5590 1665 5652 stabuli,
1718 5595 1783 5644 ut
1832 5606 1929 5643 ve-

284 5655 441 5705 teres
487 5652 689 5711 Franci
740 5652 1158 5728 loquebantur,
1210 5657 1540 5730 intelligere
1589 5677 1928 5732 possumus,

2039 5179 2214 5234 quem
2277 5163 2666 5235 posteriorem
2727 5159 2912 5235 βιῳοῇ
2995 5151 3414 5235 κοντεσταῦλον,
3447 5153 3690 5235 “nostri

2036 5225 2416 5290 c-onslabiilum
2448 5240 2505 5288 et
2535 5232 3003 5287 constabularinm
3034 5231 3406 5282 vocaverunt.
3441 5225 3614 5280 Com.

2103 5306 2216 5376 (8'2)
2253 5305 2608 5376 Promiscue,
2638 5308 2704 5357 ut
2734 5308 2790 5356 et
2818 5301 3278 5376 a_lii,A.:\gar-onos
3331 5298 3689 5376 Saracenos-7

2037 5369 2150 5446 que
2181 5369 2364 5445 ponit.
2401 5375 2564 5446 Quod
2595 5379 2790 5446 autem
2826 5372 2897 5426 de
2939 5369 3247 5424 Cllandace
3269 5441 3280 5446 _
3301 5369 3692 5446 praecessitet

2035 5441 2325 5517 sequ-itur.
2356 5445 2601 5517 omnino
2635 5445 2792 5517 inter
2823 5459 2883 5498 se
2917 5448 3174 5517 pugnat;
3203 5441 3336 5517 nisi
3385 5442 3447 5496 in
3488 5441 3687 5497 media

2037 5513 2287 5572 historia
2315 5516 2539 5586 aliquid
2573 5515 2812 5578 excidit,
2840 5520 2942 5570 aut
2971 5513 3031 5567 in
3055 5513 3397 5586 nominibus
3420 5520 3684 5569 erratum

2037 5593 2144 5642 est.
2179 5589 2284 5652 Qui
2319 5585 2475 5642 enim
2500 5586 2832 5658 jubeuntur
2861 5590 3054 5658 castra
3078 5585 3168 5658 Ain,
3205 5585 3511 5642 Chandace
3568 5603 3681 5656 po-

2039 5675 2200 5727 nere,
2235 5660 2331 5713 ιιιιὶ
2367 5676 2434 5714 ea
2459 5656 2584 5729 jam
2616 5665 2751 5715 ante
2775 5656 3099 5730 jacebant?
3128 5656 3266 5712 XYL.
