2063 3110
216 186 275 216 9'19

896 187 1057 217 GEORGII
1079 188 1250 220 CEDRENI

1865 197 1928 227 980

252 256 390 284 Ceterum
421 256 583 292 imperator
609 255 772 283 Michaelus
800 255 887 283 bellis
908 255 1044 283 civilibus

1137 258 1199 285 Τῶν
1213 257 1354 298 ἐμφυλίων
1367 258 1397 287 δὲ
1415 260 1545 297 πολέμων
1571 260 1739 300 ἀπαλλαγεὶς
1756 264 1770 291 ὁ
1792 263 1927 301 βασιλεὺς

216 300 360 329 liberatus
376 309 435 328 non
454 301 521 336 Deo,
538 300 589 328 sed
602 309 662 328 sum
675 300 840 336 prudentiae
851 303 939 337 atque
951 300 1043 328 soler-

218 346 267 373 tia:
282 345 434 373 victoriam
451 345 615 381 imputavit.
641 345 741 380 Itaque
766 348 795 372 et
822 345 900 373 fastu
922 347 1043 381 turgens

218 390 381 418 etfrenibus
410 390 503 417 animi
532 390 682 418 ferebatur
710 390 880 426 impetibus.
916 390 1043 417 Proinde

217 442 310 462 uxore
325 437 453 468 mortua,
469 434 545 462 805
572 434 719 462 simulans
748 442 779 462 se
808 434 897 462 vitam
926 434 1043 461 viduam

218 479 369 515 amplecti,
387 478 502 506 occulte
522 487 589 506 cum
619 479 803 515 principibus
833 481 954 506 senatus
981 487 1045 506 rem

218 524 399 559 composuit,
415 526 471 557 ut;
497 524 517 550 ii
535 523 590 552 sibi
621 524 743 551 alterius
771 524 872 551 uxoris
901 524 1044 551 ducenda:

219 571 357 597 auctores
373 571 484 601 essent,
502 577 536 596 ac
551 569 609 595 nisi
625 571 776 604 pateretur
786 568 959 604 persuaderi
975 568 1044 601 sibi,

218 613 277 641 vim
288 613 545 646 minarentur,hoc
555 613 679 641 honesto
691 616 808 641 utentes
817 616 972 649 praetextu,
986 622 1046 641 non

218 658 377 685 convenire
400 660 444 691 ut,
473 657 545 693 ipsis
575 657 745 693 imperatori
774 657 912 690 subditis,
940 665 1046 685 uxores

218 710 322 729 eorum
333 701 455 729 domina
465 704 553 736 atque
566 702 752 737 imperatrice
765 704 895 730 careant.
919 702 961 729 Ita
977 710 1045 738 ergo

220 746 295 774 ﬁctis
312 754 415 773 eorum
432 746 621 774 sermonibus
636 747 673 773 ad
689 749 854 774 extremum
882 746 980 775 cessit.
1005 748 1046 774 Ac

220 790 350 826 primum
362 790 483 825 quidem
494 790 628 818 subditos
640 799 731 819 manu
742 799 795 819 sua
806 791 861 827 ipsi
872 800 903 819 se
919 791 1047 827 obligare

220 834 381 869 mandavit,
399 834 529 863 futuram
550 835 738 871 imperatoris
763 843 896 869 uxorem,
922 838 950 863 et
973 844 1047 871 quos

221 881 299 906 esset
314 887 349 906 ea
362 879 477 906 editura
487 879 608 912 liberos,
626 888 742 907 summo
758 880 788 907 in
802 880 915 907 honore
928 880 963 907 ab
975 879 1047 915 ipsis

220 923 356 951 habitum
370 923 418 958 iri,
434 924 476 951 ita
489 926 523 951 ut
535 932 600 952 eam
613 925 675 959 ipso
688 927 803 952 mortuo
814 924 1045 959 imperatricem,

221 968 257 996 de
274 968 343 995 ﬁliis
359 977 453 996 unum
473 969 685 1004 imperatorem
699 972 869 1005 agnoscant.
888 968 1044 1003 Adeo.non

222 1012 253 1040 in
269 1013 325 1040 hoc
339 1013 427 1040 modo
443 1021 515 1047 aevo,
528 1013 579 1040 sed
596 1016 663 1048 post
678 1016 804 1040 mortem
820 1021 937 1048 quoque
961 1021 1044 1040 suam

221 1065 252 1084 se
263 1057 477 1092 imperaturum
493 1057 690 1085 existimabat.
707 1057 819 1084 Deinde
834 1057 1045 1084 commentitiis

220 1101 285 1128 istis
301 1104 421 1129 senatus
435 1101 573 1136 precibus
599 1109 759 1137 persuasus
785 1100 898 1128 scilicet
920 1109 1044 1128 uxorem

220 1145 494 1181 ducitjampridem
511 1144 689 1181 desponsam
705 1145 832 1180 Christo,
848 1147 876 1173 et
900 1146 1044 1173 monasti—

219 1199 288 1218 cum
303 1190 471 1226 amplexam
487 1191 552 1218 Vita)
568 1199 673 1227 genus,
691 1191 781 1226 inque
796 1191 941 1226 principis
966 1190 1044 1218 dicto

219 1235 402 1263 monasterio
431 1235 462 1263 id
490 1243 508 1262 a
535 1235 664 1271 pueritia
696 1238 892 1268 exercentem,
923 1235 1044 1263 nomine

220 1279 458 1315 Euphrosynam.
479 1279 639 1307 Ferebatur
654 1287 688 1307 ea
703 1279 766 1306 {ilia
779 1287 843 1306 esse
859 1279 1043 1306 Constantini

218 1325 418 1360 imperatoris,
435 1324 500 1360 ejus
516 1333 604 1360 quem
619 1327 715 1352 mater
734 1325 819 1352 lrena
847 1332 901 1352 sua
923 1327 1045 1360 propter

203 1393 206 1395 .
221 1369 334 1397 scelera
345 1369 426 1404 juste
443 1369 537 1396 oculis
552 1368 739 1404 spoliaverat.

256 1457 352 1484 Aliam
364 1465 482 1493 quoque
493 1457 619 1485 classem
631 1458 791 1486 Michaelus
806 1461 909 1486 contra
922 1458 1044 1486 Sarace-

221 1510 276 1530 nos
290 1502 406 1530 Cretam
422 1502 591 1531 obtinentes
606 1503 715 1536 emisit,
732 1503 805 1530 duce
816 1504 934 1531 Cratero
946 1503 1043 1539 Cibyr-

220 1550 380 1576 raaotarum
400 1548 549 1584 praefecto.
576 1549 603 1576 Is
627 1556 695 1576 cum
718 1548 904 1583 septuaginta
928 1548 989 1575 suis
1016 1550 1045 1575 et

220 1593 359 1621 omnibus
374 1592 559 1628 reliquarum
578 1592 744 1621 insularum
772 1592 937 1620 biremibus
961 1592 1043 1619 ferox

220 1636 381 1665 admodum
397 1637 474 1665 δυο
501 1638 617 1664 Cretam
643 1636 796 1672 applicuit,
822 1636 985 1671 inciditque
1011 1636 1041 1663 in

218 1683 369 1717 Agarenos
380 1689 569 1716 nequaquam
580 1688 708 1716 pugnam
721 1680 981 1716 subterfugientes,
991 1679 1043 1707 sed

219 1726 337 1753 fortiter
352 1725 511 1752 admodum
526 1733 591 1752 eam
605 1724 810 1753 subsistentes.
829 1727 852 1753 A
868 1725 964 1761 prima
978 1725 1043 1753 luce

220 1777 316 1804 usque
332 1768 368 1796 ad
384 1767 540 1796 meridiem
552 1768 695 1796 acerrime
707 1770 845 1805 utrinque
857 1770 912 1797 fuit
924 1769 1044 1798 dimica-

221 1816 295 1847 tum,
311 1815 417 1841 neutra
432 1816 514 1849 parte
530 1813 683 1849 inclinata,
699 1814 750 1842 sed
762 1815 894 1850 utrisque
910 1815 1043 1843 animose

220 1857 461 1894 perdurantibus.
490 1858 554 1885 Jam
585 1862 720 1894 vergente
749 1859 786 1887 ad
814 1868 968 1895 vesperam
997 1859 1043 1887 die

222 1903 352 1939 superati
367 1902 487 1930 demum
503 1902 658 1931 Cretenses
668 1903 766 1940 fugam
777 1904 921 1932 fecerunt.
935 1905 1044 1932 Horum

222 1950 309 1978 multi
324 1950 354 1977 in
372 1957 469 1985 pugna
483 1949 571 1977 occisi
589 1952 669 1983 sunt,
686 1950 786 1986 plures
804 1950 928 1985 abjectis
954 1950 1045 1978 armis

222 1994 310 2030 capti.
328 1994 496 2029 Eademque
513 1994 560 2021 die
575 1995 691 2022 videtur
705 1995 775 2022 urbs
801 2003 918 2030 quoque
943 2003 1044 2022 eorum

222 2039 287 2074 capi
303 2039 446 2075 potuisse,
462 2039 519 2065 nisi
536 2047 595 2066 nox
611 2039 751 2074 ingruens
767 2039 937 2067 obstitisset.
951 2041 1045 2074 Atque

223 2093 258 2112 ea
273 2084 393 2120 quidem
410 2093 467 2112 nox
483 2084 624 2111 Romanis
637 2085 761 2112 exitiosa
781 2084 845 2112 fuit.
867 2085 997 2120 Namque
1015 2087 1047 2112 ut

222 2129 358 2161 victores,
375 2131 404 2155 et
419 2128 469 2163 qui
484 2128 659 2163 superstites
674 2137 784 2164 paucos
800 2129 941 2164 postridie
964 2129 1046 2156 nullo

223 2172 341 2206 negotio
358 2180 388 2199 se
404 2172 434 2199 in
451 2180 534 2199 suam
551 2175 728 2208 potestatem
749 2173 922 2201 redacturos
947 2182 1046 2209 spera«

223 2218 299 2247 rent,
316 2216 440 2251 perinde
454 2225 488 2243 ac
505 2216 527 2243 si
544 2225 604 2243 non
620 2217 651 2244 in
667 2218 792 2250 hostico,
809 2218 861 2245 sed
881 2218 960 2245 domi
987 2227 1047 2245 sum

225 2262 356 2295 agerent,
371 2260 572 2295 potationibus
597 2264 626 2288 et
649 2261 774 2289 luxuria;
799 2271 863 2291 sese
889 2263 1045 2295 dederunt,

224 2312 322 2339 neque
333 2303 535 2338 excubiarum,
544 2313 640 2340 neque
651 2305 738 2333 ullius
750 2306 888 2334 salutaris
895 2308 936 2334 rei
944 2315 1046 2334 curam

224 2349 379 2382 habentes,
396 2348 432 2375 de
455 2348 517 2376 solo
544 2357 648 2376 somno
674 2358 706 2377 ac
732 2350 831 2386 quiete
856 2354 885 2378 et
912 2352 1048 2380 socordia

224 2394 311 2423 facile
326 2393 424 2422 omnia
442 2396 590 2421 evertente
606 2394 778 2430 cogitantes.
796 2396 869 2432 Ergo
880 2396 1046 2431 Cretenses,

225 2440 274 2475 qui
290 2438 496 2467 excubitorum
511 2438 611 2474 inopia
626 2438 681 2474 ipsi
695 2438 816 2475 vigilum
832 2448 955 2468 munere
981 2441 1047 2469 fun-

224 2485 379 2522 gebantur,
394 2485 527 2512 Romana
547 2487 643 2512 castra
673 2485 738 2512 vino
770 2494 933 2522 somnoque
962 2490 1049 2523 capta

224 2529 482 2566 deprehendentes
499 2528 596 2556 media
611 2532 697 2557 nocte
712 2538 817 2567 magno
833 2539 900 2558 cum
923 2532 1047 2567 strepitu

223 2576 384 2605 irruerunt.
401 2574 490 2610 inque
506 2573 604 2601 ebrios
629 2574 805 2610 incidentes,
831 2577 984 2604 universos
1009 2585 1047 2604 ne

223 2620 327 2648 nuntio
343 2619 475 2655 quidem,
497 2622 529 2646 ut
557 2619 710 2655 proverbio
740 2620 857 2655 dicitur,
888 2623 1047 2657 superstite

223 2664 445 2691 interfecerunt.
463 2663 548 2690 Solus
564 2664 623 2691 dux
637 2664 773 2693 Craterus
787 2667 961 2694 mercatoria
976 2675 1047 2694 usus

224 2707 340 2743 navigio
357 2708 444 2735 saluti
461 2717 521 2736 suae
537 2709 696 2736 consuluit.
719 2710 810 2743 Quem
836 2719 903 2739 cum
928 2712 1048 2739 Sarace-

226 2757 332 2776 norum
349 2750 407 2776 dux
423 2751 474 2778 diu
488 2751 675 2787 multumque
699 2756 727 2780 et
754 2754 833 2781 inter
857 2754 999 2783 cadavera
1021 2758 1050 2783 et

228 2793 305 2820 inter
320 2794 449 2828 captivos
465 2795 621 2829 quaesitum
649 2804 710 2825 non
739 2798 896 2833 inveniret,
925 2807 959 2827 ac
982 2799 1050 2836 fuga

229 2837 364 2874 elapsum
378 2838 553 2873 perciperet,
569 2840 651 2868 misit
670 2842 720 2877 qui
748 2842 822 2870 891
854 2852 922 2871 eum
948 2852 1048 2880 perse-

1059 1610 1079 1644 ρ
1101 1600 1199 1644 ἀρχὴν
1249 1599 1277 1628 ὅς

1094 302 1210 347 μιγαήλ
1226 303 1257 330 οὐ
1272 306 1312 340 τῷ
1330 306 1389 340 Θεῷ
1416 306 1465 339 τὴν
1493 305 1569 341 νίκην
1599 306 1762 345 ἐπέγραψεν,
1786 308 1862 336 ἀλλὰ

1095 346 1191 374 ἑαυτοῦ
1206 349 1333 386 φρονήσει
1347 350 1391 376 καὶ
1420 350 1577 387 στρατηγίᾳ·
1602 349 1645 378 διὸ
1670 352 1714 379 καὶ
1739 353 1791 380 ὑπὸ
1815 355 1928 391 φρονή-

1097 400 1181 426 ματος
1193 393 1322 430 φυσηθεὶς
1333 393 1479 425 ἀκάθεκτος
1489 395 1522 429 ἧν
1534 396 1583 430 την
1596 396 1645 430 τήν
1657 394 1756 432 ὁρμήν.
1770 399 1828 431 Τῆς
1838 409 1933 435 γαμε-

1095 438 1144 469 τῆς
1176 436 1220 463 οὖν
1250 438 1451 474 τελευτησάσης
1493 439 1576 467 αὐτοῦ
1620 440 1762 469 ὑπεποὲίτο
1793 442 1843 479 μὲν
1872 444 1925 470 τὸν

1097 480 1181 520 ἄζυγα
1203 483 1276 519 βίον,
1306 483 1391 520 λάθρα
1420 483 1448 512 δὲ
1477 485 1544 522 πρὸς
1574 485 1639 517 τοὺς
1669 485 1842 526 προῦχοντας
1871 492 1929 523 τῆς

1097 527 1253 565 συγκλήτου
1282 528 1398 564 πέμπων
1425 527 1549 557 ἀνέπεισε
1585 531 1650 567 παρ’
1677 531 1767 559 αὐτῶν
1796 539 1931 570 παρακα-

1098 571 1204 604 λεῖσθαι
1234 573 1311 610 ὲτὲρᾳ
1340 576 1521 613 συζευχθῆναι
1551 575 1671 612 γυναικὶ,
1687 576 1709 603 εἱ
1727 578 1765 612 μή
1795 578 1926 613 πεισθείη

1097 614 1126 644 δὲ
1158 617 1203 644 καὶ
1245 617 1304 655 βίαν
1346 617 1497 656 ἐπενεγκεῖν
1544 619 1740 654 ἀπειλούντων,
1789 622 1931 662 πρόᾳασιν

1098 659 1177 695 δῆθεν
1207 660 1349 698 εὔσχημον
1379 664 1605 700 προτεινομένων,
1636 664 1672 695 ὡς
1688 665 1719 692 οὐ
1737 664 1798 692 δέον
1822 659 1930 698 αὖτοὺς

1100 705 1146 741 μὲν
1165 705 1217 732 ὑπὸ
1234 706 1342 743 βασιλεῖ
1364 706 1519 742 τάττεσθαι,
1547 708 1594 738 τὰς
1622 706 1650 735 δὲ
1678 708 1766 737 αὐτῶν
1796 713 1929 747 γυναῖκας

1098 748 1243 785 δεσποίνης
1259 751 1466 788 στερεῖσθαικαί
1502 751 1656 789 βασιλίδος.
1687 754 1846 782 Ἐπέπειστο
1877 756 1928 783 οὖν

1098 794 1148 830 ὀψὲ
1166 805 1229 822 ποτε
1245 793 1289 822 διὰ
1303 798 1356 822 τῶν
1373 795 1547 824 ἐπιπλάστων
1563 796 1666 835 λόγων,
1685 799 1732 825 καὶ
1755 802 1852 836 πρῶτα
1879 802 1931 837 μὲν

1099 837 1197 874 ἀπῄτει
1213 839 1385 877 χειρόγραφα
1400 840 1463 870 τοὺς
1480 840 1618 874 ὑπηκόους
1634 841 1752 876 εὐνοίας,
1782 843 1821 874 ὡς
1843 844 1931 879 αὐτήν

1100 893 1128 909 τε
1156 884 1205 917 την
1235 883 1363 919 ἐσομένην
1394 884 1467 920 αὐτῷ
1496 888 1609 921 γυναῖκα
1647 886 1692 913 καὶ
1722 888 1755 914 τὰ
1784 887 1809 923 ἐξ
1840 889 1929 923 αὐτῆς

1101 930 1289 966 τεχθησόμενά
1308 931 1375 962 μετᾶ
1390 931 1435 957 τὸν
1452 932 1535 958 αὐτοῦ
1565 932 1675 959 Θάνατον
1695 931 1928 970 ὑπερϐαλλόντως

1100 975 1258 1008 τιμήσουσι,
1275 975 1319 1001 καὶ
1347 977 1403 1011 μετ¹
1434 975 1535 1003 ἐκεῖνον
1568 977 1694 1013 βασιλέας
1718 976 1808 1015 ἕγοιεν
1833 980 1928 1007 κάκεί-

1099 1030 1148 1053 νην
1166 1017 1315 1046 δέσποιναν.
1334 1019 1426 1050 Οὕτως
1443 1020 1475 1046 οὐ
1492 1023 1539 1047 τοῦ
1561 1022 1618 1048 κατ’
1642 1023 1757 1056 ἓκεῖνον,
1782 1023 1856 1050 ἀλλά
1880 1026 1927 1052 καὶ

1098 1065 1146 1090 τοῦ
1178 1066 1235 1099 μετ’
1265 1064 1343 1090 αὐτὸν
1373 1064 1441 1099 ᾤετο
1470 1066 1612 1101 κρατήσειν
1642 1067 1749 1097 αἰῶνος.
1780 1068 1849 1095 Εἶτα
1878 1070 1924 1096 καὶ

1099 1110 1158 1137 ταῖς
1177 1108 1242 1144 μετα
1258 1109 1356 1145 τέχνης
1377 1109 1499 1143 αἱτήσεσι
1529 1110 1649 1141 πείθεται
1676 1115 1725 1145 τῆς
1752 1111 1924 1149 συγκλήτου,

1101 1154 1142 1188 [Ρ.
1161 1154 1222 1189 511]
1239 1153 1282 1179 καὶ
1299 1154 1417 1190 ἠγάγετο
1444 1155 1511 1190 πρὸς
1538 1155 1626 1191 γάμον
1650 1156 1758 1193 γυναῖκα
1779 1167 1837 1183 τινα
1867 1158 1923 1185 πά-

1099 1196 1145 1224 λαι
1162 1199 1354 1235 νυμφευθεῖσαν
1382 1199 1489 1234 Χριστῷ
1519 1199 1563 1225 καὶ
1593 1200 1638 1226 τὸν
1670 1199 1809 1236 μοναδικὸν
1840 1202 1927 1229 ἀσπα-

1100 1241 1218 1276 σαμένην
1238 1241 1295 1278 βίον
1313 1241 1359 1267 κάν
1376 1244 1414 1277 τῷ
1441 1241 1466 1268 ἐν
1565 1245 1717 1280 Πριγκτςπῳ
1748 1246 1928 1282 μοναστηρίῳ

1101 1286 1268 1322 μονάζουσαν
1285 1285 1314 1313 ἐκ
1329 1286 1435 1317 παιδός·
1468 1287 1628 1324 Εὑφροσύνη
1659 1289 1760 1323 ταύτης
1777 1290 1794 1323 ἡ
1810 1289 1927 1325 κλῆσις⁷

1099 1331 1200 1367 ποι-ρος
1217 1329 1245 1356 δὲ
1261 1330 1367 1368 λέγεται
1384 1331 1448 1357 εἶναι
1466 1332 1667 1359 Κωνσταντίνου
1697 1335 1744 1360 τοῦ
1772 1334 1923 1371 βασιλέως,

1099 1375 1160 1409 δνὴ
1181 1377 1271 1411 μήτηρ
1296 1376 1397 1411 Εἰρήνη
1428 1374 1539 1407 δικαίως
1571 1376 1615 1404 ’διᾶ
1643 1378 1690 1408 τὰς
1719 1379 1847 1417 σφετέρας
1875 1380 1929 1407 ἆπο

1099 1420 1252 1457 ετύρλωαεν
1269 1419 1427 1451 ἀκολασίας.
1447 1421 1494 1447 Καὶ
1509 1424 1592 1448 ταῦτα
1610 1422 1656 1457 μὲν
1683 1422 1829 1459 ἐπράττετο
1845 1423 1926 1461 τῇδε·

1133 1466 1163 1493 Ὀ
1180 1464 1206 1492 δὲ
1221 1464 1334 1502 Μιχαὴλ
1365 1463 1455 1502 ἕτερον
1486 1465 1582 1493 στόλον
1613 1466 1746 1503 ἐκπέμπει
1773 1469 1841 1495 κατα
1869 1471 1924 1496 τῶν

1098 1511 1123 1537 ἐν
1142 1510 1231 1547 Κρήτῃ
1263 1512 1440 1546 Σαρακηνῶν,
1470 1511 1620 1548 στρατηγὸν
1651 1511 1798 1547 ἐπιστήσας
1828 1514 1925 1544 αὐτοῖς

1098 1555 1232 1591 Κρατερὸν
1262 1555 1308 1581 τὸν
1348 1556 1399 1580 τῶν
1447 1553 1660 1592 Κιϐυῤῥαιωτῶν
1703 1555 1832 1584 διέποντα
1872 1559 1923 1592 τὴν

1324 1597 1514 1633 ἐϐδομήκοντα
1544 1599 1648 1634 ὂιήόεις
1676 1602 1723 1632 τὰς
1754 1601 1797 1638 ὑφ’
1830 1602 1925 1629 ἑαυτὸν

1095 1643 1190 1675 ’λαϐὼν
1208 1643 1313 1672 καὶτὰς
1338 1642 1366 1669 ἐκ
1391 1646 1444 1669 τῶν
1470 1643 1563 1670 ὰΛλων
1586 1646 1675 1679 νήσων
1699 1645 1812 1679 ἁπάσας,
1840 1645 1867 1673 ἐν
1891 1648 1925 1683 τῇ

1098 1690 1189 1726 Κρήτῃ
1220 1688 1364 1724 γενόμενος
1398 1688 1464 1722 μετὰ
1495 1688 1622 1725 μεγίστου
1655 1690 1832 1728 φρυάγματος
1862 1689 1927 1718 οὖδὶ

1097 1734 1161 1763 τοὺς
1192 1731 1360 1769 “meum
1393 1731 1629 1768 ὐποκλινομένους
1660 1734 1745 1771 εὗρεν,
1779 1733 1853 1762 ἀλλᾶ
1879 1736 1925 1762 καὶ

1098 1778 1195 1806 and);
1224 1776 1353 1813 γενναίως
1385 1777 1553 1807 ὑποστάντας
1595 1778 1639 1805 τὸν
1678 1777 1813 1807 κίνδυνον,
1853 1783 1928 1815 Συμ-

1098 1822 1209 1855 πλοκῆς
1226 1820 1254 1847 δὲ
1268 1821 1429 1857 γενομένης,
1446 1820 1501 1855 ἤδη
1516 1824 1564 1848 τοῦ
1593 1822 1674 1856 ἡλίου
1700 1823 1746 1854 τὰς
1775 1824 1928 1861 ἀκρωρείας

1099 1867 1261 1903 αὐγάζων-τος
1278 1865 1343 1903 axe.
1362 1865 1496 1901 μεσούσης
1527 1867 1644 1902 ἡμέρας,
1673 1867 1812 1904 οὐδέτερον
1844 1867 1929 1906 μέρος

1099 1910 1255 1943 ἀπέκλινενΥ
1291 1908 1363 1936 ἀλλὰ
1395 1910 1521 1945 γενναίως
1555 1909 1712 1948 ἀντέχοντες
1755 1912 1928 1949 ἐκαρτέρουν.

1099 1956 1130 1983 ’,οι
1140 1966 1180 1991 ρτι
1197 1953 1224 1981 δὲ
1249 1957 1298 1987 τῆς
1334 1952 1437 1989 ἡμέρας
1462 1954 1607 1990 κλινούσης
1628 1957 1795 1991 πονήσαντες
1808 1958 1834 1983 οἱ
1852 1958 1931 1995 Κρῆ-

1098 2010 1142 2029 τες
1160 1998 1289 2025 ἐνέδωκαν
1315 1999 1351 2028 εἷς
1382 2000 1482 2037 φυγὴν,
1512 2000 1556 2026 καὶ
1585 2000 1688 2028 πολλοί
1717 2002 1764 2037 μὲν
1794 2002 1884 2029 αὐτῶν
1901 2002 1928 2030 ἐν

1101 2046 1140 2079 τῷ
1157 2043 1272 2079 πολέμῳ
1288 2043 1430 2076 ἀπέθανον,
1447 2043 1571 2074 πλείανες
1595 2043 1622 2071 δὲ
1645 2046 1679 2072 τὰ
1702 2045 1775 2073 ὅπλα
1801 2046 1928 2083 ῥίψαντες

1100 2088 1368 2125 ᾐχμαλωτίσθησαν.
1385 2088 1462 2124 Τάχα
1480 2087 1503 2115 δ’
1519 2088 1549 2115 ἄν
1564 2089 1637 2116 ἑάλω
1657 2090 1702 2116 καὶ
1719 2091 1735 2124 ἡ
1752 2090 1835 2121 πόλις
1861 2092 1929 2119 αὖθι

1101 2134 1220 2169 ημερὸν,
1238 2133 1258 2159 εἴ
1290 2134 1327 2167 μὴ
1356 2133 1401 2166 νὺξ
1427 2132 1601 2169 ἐπιγενομένη
1630 2134 1758 2171 ἀνέτρεψε
1780 2135 1874 2164 τὲλεον
1895 2137 1930 2164 τὰ

1103 2179 1261 2215 πράγματα.
1278 2178 1411 2212 Ῥωμαῖοι
1430 2178 1476 2212 μὲν
1503 2178 1553 2214 γὰρ
1578 2179 1614 2208 ὡς
1641 2178 1695 2214 ἤδη
1719 2181 1793 2217 τάχα
1820 2191 1929 2216 νενικη-

1101 2222 1248 2254 κότες,καῖ
1270 2223 1378 2252 πάντας,
1398 2222 1491 2249 αὕοιον
1519 2223 1544 2249 ἐν
1576 2225 1676 2261 βραχεῖ
1705 2225 1819 2263 βραχεῖς
1847 2226 1928 2257 ὄντας

1062 2285 1084 2317 D
1106 2267 1265 2297 ἐλπίσαντες
1289 2264 1445 2301 συλλαϐεῖν,
1480 2268 1517 2297 ὡς
1546 2268 1572 2294 ἐν
1602 2269 1698 2304 οἰκείᾳ,
1727 2269 1790 2297 ἀλλ’
1821 2270 1871 2297 οὐκ
1901 2270 1927 2298 ἐν

1101 2311 1235 2349 ἀλλοτρία
1274 2311 1423 2348 διάγοντες,
1453 2313 1520 2348 πρὸς
1549 2313 1648 2344 πότους
1680 2315 1725 2341 καὶ
1755 2315 1857 2353 τρυφὰς
1885 2315 1931 2351 ἰξ-

1104 2355 1264 2393 εϐάκχευον,
1283 2357 1353 2391 μήτε
1367 2356 1439 2387 τινος
1457 2356 1596 2394 φυλαχῆς,
1615 2359 1678 2394 μήτ’
1692 2358 1781 2394 ἄλλης
1793 2360 1929 2397 σωτηρίας

1103 2401 1301 2440 φροντίσαντες,
1320 2401 1404 2428 ὕπνου
1421 2400 1449 2428 δὲ
1466 2402 1550 2437 μόνου
1566 2403 1609 2429 καὶ
1635 2407 1684 2436 τῆς
1715 2405 1800 2431 πάντα
1825 2403 1929 2441 ῥᾳδίως

1103 2446 1305 2482 ἀνατρεπούσης
1334 2445 1493 2483 ἁναπαύγης
1523 2457 1551 2473 τε
1591 2448 1637 2474 καὶ
1666 2448 1817 2484 ῥᾳστώνης.
1847 2450 1929 2478 ’ΌΊεν

1103 2491 1162 2525 περὶ
1181 2492 1262 2526 μέσας
1293 2491 1388 2520 νύκτας
1423 2491 1447 2516 οἱ
1475 2493 1590 2527 Κρῆτες,
1619 2491 1713 2528 ἐπειδὴ
1745 2497 1797 2521 τῶν
1824 2495 1928 2524 ἑαυτῶν

1102 2535 1230 2574 φυλάκων
1245 2535 1281 2565 ὡς
1298 2533 1323 2561 ἐν
1346 2535 1447 2571 ἀπορίᾳ
1474 2535 1669 2572 ἀγρυπνοῦντες
1695 2537 1759 2574 οἳνῳ
1778 2539 1824 2566 καὶ
1849 2539 1928 2577 ῧπνῳ

1102 2578 1165 2609 τοὺς
1182 2580 1231 2612 τὴς
1245 2580 1403 2615 Ῥωμαϊκῆς
1424 2578 1605 2616 παρεμϐολῆς
1629 2581 1777 2617 ἐμάνθανον
1803 2594 1928 2622 κατεχο-

1105 2623 1212 2660 μένους,
1229 2624 1350 2660 αὐθωρὸν
1366 2622 1536 2654 ἐπιπεσόντες
1553 2627 1611 2660 μετ’
1637 2626 1802 2664 ἀλαλαγμοῦ
1815 2629 1860 2656 καὶ
1877 2630 1928 2666 μί-

1104 2668 1359 2705 θῃχατεσχημὲνους
1385 2668 1506 2705 εὑρόντςς
1523 2670 1640 2701 ἅπαντας
1656 2670 1740 2706 ἄρδην
1768 2672 1926 2709 ἀπώλεσαν,

1104 2714 1140 2743 ὡς
1151 2712 1215 2748 μηδ’
1227 2713 1355 2751 ἄγγελον,
1367 2716 1445 2740 τοῦτο
1459 2712 1492 2748 δὴ
1502 2714 1533 2741 τὸ
1544 2717 1592 2742 τοῦ
1603 2714 1926 2758 λόγου,περιλειφθῆναι.

1105 2758 1195 2788 Μόνος
1212 2757 1234 2784 δ’
1251 2758 1264 2784 ὁ
1281 2758 1430 2795 στρατηγὸς
1445 2758 1596 2794 ἐμπορικοῦ
1611 2770 1683 2791 τινος
1699 2760 1798 2789 πλοίου
1828 2761 1926 2796 ἐπιϐὰς

1103 2803 1153 2835 τήν
1182 2802 1317 2839 σωτηρίαν
1347 2802 1434 2837 ἑαυτῷ
1476 2802 1663 2838 ἐμνηστεύετο.
1699 2805 1743 2836 Ὠς
1773 2805 1802 2834 δὲ
1829 2807 1925 2837 πολλᾶ

1107 2848 1225 2882 ζητήσας
1243 2847 1256 2874 ὁ
1272 2849 1324 2874 τῶν
1342 2849 1506 2883 Σαρακηνῶν
1535 2848 1661 2886 ἀρχηγὸς
1680 2852 1777 2879 τοῦτον
1803 2850 1857 2889 οὐχ
1880 2852 1927 2880 αὕ-
