4148 6212
255 361 366 422 981

1398 355 1765 418 HISTORIA
1779 354 1944 418 RUM
1987 357 2539 422 COMPENDIUM.

3555 363 3674 426 982

260 513 439 569 ρισκεν
467 492 579 548 οὒτ’
646 489 698 546 ἐν
757 493 875 552 τοῖς
932 489 1189 544 πεσοῦσιν
1241 487 1355 544 οὔτ’
1385 488 1438 544 ἐν
1468 493 1586 551 τοῖς
1616 487 1917 562 αἰχμαλώ-

2037 498 2378 565 querentur.
2410 496 2601 567 Atque
2628 496 2688 550 hi
2716 511 2852 552 eum
2883 495 2944 551 in
2974 495 3052 553 Co
3082 495 3277 552 insula
3327 498 3580 555 assecuti
3611 498 3675 554 in

251 603 389 646 τοις,
418 578 585 653 ἔμαθε
616 577 663 634 δ’
714 579 799 634 ’ὸτι
859 577 1034 657 φυγάς
1075 577 1276 651 ᾣχετο,
1308 579 1435 640 τοὺς
1474 575 1905 647 καταδιώξοντας

256 668 514 744 ἔπεμψεν·
549 668 602 723 οἳ
630 669 718 723 καὶ
750 662 1150 728 καταλαϐόντες
1203 665 1363 721 αὐτὸν
1420 664 1470 720 ἐν
1511 665 1600 738 Κῷ
1654 669 1722 738 τῇ
1752 668 1901 738 νήσῳ

255 759 402 833 ξύλῳ
431 760 793 834 κρεμάσαντες
855 758 1196 812 ἀπέκτειναν.
1258 758 1408 814 Μετὰ
1461 753 1518 812 δέ
1564 760 1727 810 ταῦτα
1764 756 1902 831 ἀνήρ

253 872 338 912 τις
412 850 720 922 πολεμικὸς
779 849 867 901 καὶ
928 849 1243 926 φρονήσεως
1311 847 1399 900 καὶ
1459 847 1748 920 ἀγχινοίας
1807 847 1907 900 οὐκ

257 940 519 1013 ἄμοιρος,
552 938 614 992 τὸ
647 937 937 1008 ἐπώνυμον
978 935 1237 1012 ὐρύφας.
1278 935 1502 1011 στρατόν
1564 955 1680 989 τινα
1735 955 1904 1009 προσο

255 1029 402 1100 τάξει
433 1026 693 1103 ἀθροίσας
747 1024 1032 1100 βασιλικῇ,
1074 1026 1168 1079 τὸν
1219 1023 1728 1098 τεσσαρακοντάριον
1786 1024 1910 1078 τότε

257 1119 598 1190 καλούμενον
632 1116 691 1171 ἐκ
734 1120 830 1170 τοῦ
881 1113 1274 1187 διανεμηθῆναι
1336 1114 1520 1176 αὐτοῖς
1575 1115 1675 1168 ἀνὰ
1724 1135 1908 1169 τεσσα-

259 1208 492 1283 ράκοντα
562 1204 876 1280 χρυσίνους,
960 1203 1056 1264 τάς
1121 1224 1180 1258 τε
1257 1201 1428 1264 αλλας
1495 1205 1692 1272 νήσους
1749 1203 1913 1258 ἐπιὼν

257 1295 446 1370 ἀνῄρει
502 1294 630 1356 τοὺς
679 1292 1116 1366 προνομεύοντας
1197 1295 1275 1365 [Ρ.
1357 1294 1482 1365 512]
1563 1290 1912 1366 ’Λγαρηνοὺς,

2017 599 2253 638 crucem
2287 589 2486 640 actum
2517 603 2548 640 e
2579 586 2720 641 vivis
2752 585 3140 642 sustulerunt.
3174 587 3509 642 Secundum
3546 587 3673 643 haec

2015 672 2337 729 bellicosus
2368 675 2609 746 quidam
2636 677 2742 744 vir,
2779 677 3230 748 prudentiaque
3261 683 3319 731 et
3336 679 3679 750 sagacitatis

2013 777 2134 816 non
2195 779 2423 833 expers,
2475 771 2868 835 cognomento
2926 766 3212 836 Oryphas,
3264 766 3451 835 jussu
3525 767 3680 839 regis

2017 851 2340 906 exercitum
2373 852 2618 924 colligit,
2636 855 2735 924 qui
2769 861 2892 909 tum
2927 854 3439 926 quadragenarius
3471 855 3683 926 appel-

2017 938 2272 1006 labatur,
2309 941 2466 1010 quod
2489 941 2882 1014 quadraginta
2928 943 3090 996 aurei
3156 942 3412 1012 singulis
3461 944 3682 1013 pende-

2020 1027 2258 1082 bantur.
2288 1031 2342 1082 ls
2373 1035 2429 1082 et
2458 1031 2606 1084 alias
2637 1031 2846 1085 obiens
2870 1031 3094 1085 insulas
3126 1033 3423 1102 Agarenas
3445 1031 3675 1102 praeda-

2021 1121 2146 1170 tum
2183 1125 2562 1173 excurrentes
2589 1120 2909 1186 interfecit,
2943 1121 3159 1190 partim
3193 1120 3425 1174 insidiis
3447 1120 3679 1182 locatis,

2024 1207 2240 1276 partim
2269 1207 2474 1278 praalio
2507 1224 2878 1280 congressus,
2913 1214 2972 1263 et
3001 1209 3373 1263 Cretensium
3398 1209 3678 1264 immodi-

2025 1311 2156 1350 cam
2188 1295 2471 1350 ferociam
2505 1297 2787 1368 repressit
2817 1303 2992 1366 atque
3027 1296 3303 1352 inhibuit.

255 1391 372 1446 τοῖς
410 1385 504 1456 μέν
537 1383 748 1459 λόχους
781 1382 1018 1456 ἐπάγων,
1060 1386 1176 1443 τοῖς
1201 1379 1258 1436 δέ
1288 1385 1534 1460 φανερῶς
1561 1379 1850 1454 πολεμῶν,
1882 1381 1974 1436 καὶ
1996 1379 2125 1443 τοὺς
2160 1384 2377 1457 Κρῆτας
2417 1381 2719 1438 συνέστειλε
2747 1383 2837 1437 καὶ
2882 1390 2983 1452 τῆς
3021 1382 3242 1453 πολλῆς
3305 1385 3395 1438 καὶ
3430 1382 3667 1458 ἀσχέτου

257 1475 438 1548 ὁρμῆς
469 1473 802 1551 ἀνεχαίτισε.
841 1471 937 1526 Καὶ
972 1475 1142 1526 ταῦτα
1175 1471 1270 1542 μὶν
1304 1469 1612 1546 συνηνέχθη
1641 1467 1792 1534 τῇδε.

336 1561 486 1617 Κατᾶ
517 1559 574 1615 δέ
605 1561 694 1614 τὸν
727 1559 886 1614 αὐτὸν
918 1561 1104 1636 καιρὸν
1136 1559 1424 1638 Βύφήμιός
1457 1580 1539 1620 τις
1590 1559 1724 1633 ἀνὴρ
1779 1558 1916 1612 κατά

265 1647 518 1704 Σικελίαν
549 1648 684 1703 λαοῦ
713 1669 857 1710 τινος
925 1647 1311 1722 ἐξηγούμενος,
1353 1647 1592 1722 ἐρασθεὶς
1646 1648 1913 1721 παρθένου

2101 1563 2219 1617 Hoc
2277 1562 2404 1633 ipso
2461 1568 2730 1634 tempore
2782 1563 3140 1634 Euphemius
3179 1562 3420 1634 quidam
3464 1569 3672 1620 turmae

2025 1651 2326 1722 cujusdam
2351 1651 2469 1706 dux
2512 1667 2712 1707 amore
2767 1659 3073 1723 correptus
3133 1652 3393 1724 virginis,
3452 1669 3583 1724 quaa
3640 1669 3675 1708 a

259 1739 410 1800 τινὸς
441 1739 503 1793 τὸ
541 1736 831 1808 μοναδικὸν
892 1737 951 1792 ἐκ
1008 1735 1200 1798 παιδὸς
1259 1733 1639 1811 ἀναλαϐούσης
1694 1743 1910 1811 σχῆμα,

369 1829 380 1840 .
496 1825 553 1841 «η
607 1831 631 1841 ,.
679 1825 693 1841 .
829 1831 852 1841 ..
983 1826 998 1841 ι
1107 1825 1126 1841 ι
1191 1831 1212 1841 ..
1314 1823 1337 1841 ,ι
1522 1827 1535 1841 .
1633 1825 1652 1841 κ
1752 1831 1778 1841 ..

2037 1746 2230 1796 tenera
2259 1747 2429 1796 mtate
2461 1741 2788 1796 monastico
2820 1741 3025 1796 habitu
3055 1741 3246 1796 velata
3269 1742 3670 1810 vivebat,cum

259 1829 384 1901 περὶ
418 1825 636 1881 πολλοῦ
676 1825 913 1880 ἐποιεῖτο
943 1826 1037 1880 τὸν
1070 1825 1271 1881 οἷκεῖον
1312 1823 1486 1900 ἔρωτα
1522 1825 1910 1900 ἐκπληρῶσαι,

258 1922 370 1972 τῶν
405 1916 590 1989 νόμων
627 1913 750 1970 οἱ)δέ
777 1915 1076 1991 φροντίζων
1105 1915 1274 1984 ὅλως,
1317 1913 1443 1969 ἀλλ’
1501 1915 1574 1976 ὡς
1628 1914 1704 1976 είς
1747 1915 1914 1988 παρά-

259 2003 468 2080 δειγμα
503 2006 664 2078 μόνον
698 1999 1027 2060 ἀποϐλέπων
1086 2005 1178 2059 τὸν
1240 2003 1486 2079 βασιλέα,
1553 2003 1805 2058 τοιοῦτόν
1859 2025 1912 2058 τι

264 2093 627 2167 τολμήσαντα
649 2094 740 2148 καὶ
773 2093 953 2149 αύτόν.
1014 2093 1261 2166 Ἀρπάξει
1312 2097 1438 2164 γοῦν
1492 2095 1592 2162 τήν
1651 2092 1912 2167 παρθένον

263 2189 362 2240 τοῦ
393 2183 734 2254 ἀσκητηρίου
771 2183 860 2238 καὶ
892 2182 1028 2256 πρὸς
1073 2183 1258 2237 ἑαυτὸν
1307 2181 1545 2237 ἄκουσαν
1576 2182 1716 2257 ἅγει.
1762 2183 1916 2238 Ταύ-

263 2295 366 2344 της
398 2274 490 2327 οὗν
525 2274 577 2326 οἱ
607 2270 835 2350 ἀδελφοὶ
865 2271 1119 2346 προσίασι
1147 2276 1226 2344 τῷ
1261 2271 1515 2348 Μιχαὴλ,
1545 2271 1612 2326 τὰ
1658 2275 1754 2326 τοῦ
1785 2269 1914 2346 δρά-

270 2375 441 2435 ματος
472 2359 850 2435 διηγούμενοι·
914 2363 943 2417 ό
991 2359 1048 2416 δὲ
1102 2361 1311 2417 κελεύει
1365 2366 1445 2433 τῷ
1502 2364 1812 2435 στρατηγῷ,
1870 2359 1916 2414 εἰ

268 2451 443 2513 οὕτως
472 2447 773 2506 καταλάϐοι
796 2450 1030 2530 ἔχουσαν
1058 2453 1156 2521 τήν
1190 2449 1474 2521 ἀλήθειαν,
1525 2453 1624 2520 τήν
1670 2449 1794 2526 ῥῖνα
1821 2454 1918 2504 τοῦ

265 2540 676 2614 τετολμηκότος
733 2539 1028 2614 Εὐφημίου
1080 2541 1393 2613 ἀποτεμεῖν.
1451 2542 1621 2614 Ὅπερ
1673 2538 1858 2611 μαθὼν
1890 2537 1918 2591 ὁ

269 2630 581 2706 Εὐφήμιος,
615 2630 932 2702 συνωμότας
989 2624 1174 2684 λαϐὼν
1224 2630 1351 2691 τούς
1377 2649 1433 2683 τε
1461 2629 1563 2682 ὑπὸ
1593 2629 1692 2696 τήν
1756 2626 1920 2682 αὐτοῦ

271 2724 434 2792 χεῖρα
464 2718 554 2771 καί
585 2738 733 2778 τινας
763 2715 870 2772 τῶν
904 2721 1368 2790 συντουρμαρχῶν
1397 2719 1533 2787 (83),
1591 2717 1683 2769 τὸν
1725 2735 1921 2789 στρατ-

272 2807 409 2882 ηγὸν
443 2802 528 2859 ἐπὶ
592 2803 769 2877 τούτῳ
823 2804 1256 2881 παραγενόμενον
1312 2802 1601 2858 ἀπελαύνει
1644 2803 1732 2858 καὶ
1783 2803 1920 2877 πρὸς

269 2895 363 2950 τὸν
418 2901 520 2963 τῆς
570 2895 833 2972 Ἀφρικῆς
886 2890 1273 2967 ἀποδιδράσκει
1354 2892 1685 2968 ἡγούμενον,
1747 2897 1919 2946 πᾶσαν

269 2985 371 3052 τήν
406 2981 658 3038 Σικελίαν
704 2983 792 3037 ὑπ’
849 2983 1047 3037 ἐκεῖνον
1105 2988 1330 3050 ποιῆσαι
1384 2982 1923 3056 καθυπισχνούμενος

267 3073 360 3128 καὶ
394 3070 606 3128 διδόναι
637 3071 839 3149 φόρους
878 3070 1024 3144 αύτῷ
1055 3069 1324 3139 πολλοὺς,
1386 3071 1430 3124 εἷ
1493 3069 1662 3143 μόνον
1719 3069 1924 3142 ἀναγο-

2021 1831 2173 1886 nihil
2205 1831 2510 1901 antiquius
2541 1831 2788 1887 haberet
2809 1849 2984 1903 quam
3020 1848 3284 1887 amorem
3308 1849 3480 1888 suum
3504 1849 3672 1888 exsa-

2021 1921 2191 1986 tiare,
2225 1936 2416 1992 neque
2449 1920 2608 1992 leges
2631 1921 2957 1992 quidquam
2990 1928 3244 1988 curaret,
3266 1922 3370 1978 sed
3401 1923 3464 1978 in
3489 1922 3679 1978 solius

2021 2009 2399 2080 imperatoris
2469 2009 2807 2080 exemplum
2868 2010 3222 2077 intueretur,
3284 2011 3383 2080 qui
3445 2016 3505 2065 et
3555 2010 3680 2081 ipse

2023 2098 2215 2153 simile
2248 2097 2478 2153 facinus
2509 2104 2968 2169 perpetraverat,
3003 2099 3159 2170 rapit
3190 2116 3262 2155 ex
3313 2099 3678 2154 monasterio

2021 2188 2306 2259 virginem
2337 2204 2404 2242 ac
2436 2187 2680 2242 invitam
2713 2186 2786 2242 ad
2819 2204 2880 2242 se
2912 2187 3193 2242 traducit.
3231 2188 3416 2259 Hujus
3438 2187 3679 2260 virginis

2021 2277 2232 2332 fratres
2263 2277 2336 2331 ad
2368 2277 2786 2347 imperatorem
2845 2294 2906 2331 se
2966 2276 3281 2332 conferunt
3327 2294 3394 2332 ac
3452 2277 3674 2332 factum

2023 2372 2284 2421 narrant.
2319 2368 2386 2420 Et
2416 2366 2739 2433 imperator
2768 2365 3044 2436 praefecto
3077 2366 3291 2420 Sicilia:
3340 2365 3586 2421 mandat
3613 2372 3680 2423 ut

2025 2455 2372 2526 Euphemio,
2407 2453 2702 2525 siquidem
2748 2455 2855 2508 hos
2886 2470 3088 2508 verum
3137 2454 3365 2509 crimen
3397 2454 3680 2510 detulisse

2026 2542 2404 2614 comperiret,
2445 2557 2657 2595 nasum
2685 2547 2970 2612 amputet.
3007 2542 3123 2596 Hoc
3154 2542 3419 2596 sentiens
3449 2542 3683 2614 Euphe-

2026 2634 2203 2699 mius,
2229 2632 2471 2688 adscitis
2502 2631 2562 2686 in
2593 2632 3071 2703 conjurationem
3103 2632 3176 2687 iis
3207 2631 3686 2703 quibusprzeerat

2028 2722 2280 2792 aliisque
2315 2721 2566 2776 aliarum
2598 2726 2929 2776 turmarum
2957 2721 3679 2794 ductoribus,praafectum

2030 2809 2391 2880 supplicium
2453 2808 2798 2880 imponendi
2857 2824 3037 2863 causa
3093 2807 3165 2863 ad
3225 2825 3287 2863 se
3345 2809 3680 2864 venientem

2027 2897 2282 2969 repellit,
2317 2902 2493 2968 atque
2525 2895 2601 2950 ad
2632 2897 2842 2951 Africa:
2872 2913 3138 2951 ameram
3190 2896 3343 2952 898
3377 2897 3496 2952 sive
3529 2913 3684 2968 prae-

2027 2986 2247 3041 fectum
2282 2985 2619 3058 transfugit,
2651 2985 3035 3056 promittique
3093 3002 3177 3052 se,
3239 2985 3416 3040 modo
3447 2985 3520 3040 ab
3553 2986 3682 3057 ipso

2031 3075 2356 3146 imperator
2395 3077 2792 3130 Romanorum
2855 3073 3210 3142 declaretur,
3272 3091 3510 3129 omnem
3573 3074 3685 3145 ipsi

275 3163 486 3238 ρευθείη
511 3146 804 3238 Ῥωμαίων
835 3161 1114 3238 βασιλεύς.
1177 3162 1467 3235 Δεξάμενος
1532 3161 1623 3214 οὗν
1679 3163 1770 3216 τὸν
1830 3159 1922 3216 λό-

2037 3163 2294 3218 Siciliam
2321 3163 2726 3235 subjecturum
2781 3179 2848 3218 ac
2877 3163 3100 3235 grande
3139 3163 3423 3218 tributum
3460 3162 3690 3218 solutu-

273 3274 368 3330 γον
405 3255 434 3307 ὁ
478 3252 702 3326 ἀμηρᾶς
753 3252 1060 3327 ἀναγορεύει
1115 3255 1306 3306 τοῦτον
1365 3249 1592 3325 βασιλέα
1648 3251 1935 3323 Ῥωμαίων

278 3342 369 3397 καὶ
391 3342 556 3416 χεῖρα
587 3337 777 3395 δίδωσι
831 3339 1074 3408 πολλὴν,
1126 3340 1214 3394 καὶ
1273 3347 1373 3408 τῆς
1429 3338 1684 3401 Σικελίας
1729 3339 1936 3414 γίνεται

279 3430 571 3507 ἐγκρατής,
606 3431 730 3502 παρ’
761 3429 925 3484 αὐτοῦ
961 3429 1158 3483 τούτου
1203 3424 1388 3482 λαϐὼν
1441 3429 1630 3498 αὐτην,
1693 3427 1846 3495 Ηλήν
1907 3429 1935 3482 ὁ

285 3520 380 3593 μὶν
415 3519 704 3596 Ε’ύφτςμιος
738 3517 798 3573 ού
821 3517 992 3573 πολὺν
1045 3518 1246 3592 χρόνον
1301 3521 1398 3571 τοῦ
1458 3515 1746 3591 βασιλικοῦ
1799 3517 1936 3571 ἀπο-

289 3607 492 3670 λαύσας
518 3607 828 3680 ἀξιώματος
861 3608 1164 3684 ἀφαιρεῖται
1222 3607 1322 3674 τήν
1375 3604 1640 3683 κεφαλήν,
1697 3613 1798 3674 τῆς
1856 3607 1935 3658 οἱ·

289 3697 439 3757 κεὶας
471 3697 796 3757 ἀποστασίας
825 3697 911 3750 καὶ
954 3695 1298 3770 παρανομίας
1354 3699 1546 3749 τοῦτον
1607 3690 1787 3749 λαϐὼν
1850 3695 1938 3748 τάν

291 3787 716 3857 μισθόν.”Αξιον
747 3782 804 3840 δέ
858 3785 947 3840 καὶ
1000 3786 1092 3839 τὸν
1149 3784 1350 3856 τρόπον
1409 3782 1576 3837 εἰπεῖν
1607 3786 1705 3847 τῆς
1774 3782 1939 3837 αύτοῦ

290 3874 632 3950 ἀναιρέσεως.
665 3875 752 3938 Ὠς
812 3874 916 3951 γὰρ
976 3874 1027 3928 ἐν
1085 3876 1333 3947 σχήματι
1396 3871 1667 3946 βασιλικῷ
1724 3870 1940 3944 περιῄει

285 3966 386 4034 τήν
419 3963 678 4020 Σικελίαν
730 3962 1232 4043 ἀνευφημούμενος,
1299 3960 1466 4035 ἀπῂει
1495 3962 1630 4014 κατὰ
1664 3964 1938 4032 Συρακου-

289 4076 406 4110 σαν.
455 4055 693 4109 νΑποθεν
758 4050 816 4106 δὲ
868 4052 1158 4127 γενόμενος
1204 4052 1301 4118 τῆς
1353 4051 1543 4104 ἑαυτοῦ
1600 4050 1801 4119 τάξεως
1851 4049 1939 4103 καὶ

288 4148 397 4198 τῶν
432 4141 776 4220 δορυφόρων,
807 4141 896 4195 καὶ
930 4141 1053 4194 ὅσον
1088 4140 1193 4194 ἀπὸ
1251 4139 1410 4209 τόξου
1463 4137 1636 4214 βολῆς
1681 4141 1749 4210 τῇ
1784 4135 1941 4192 πόλει

293 4231 679 4306 προσεγγίσας,
711 4230 916 4304 ὡμίλει
945 4235 1065 4291 τοῖς
1117 4226 1372 4289 πολίταις
1423 4227 1514 4282 καὶ
1563 4227 1700 4302 πρὸς
1758 4227 1945 4282 ἑαυτὸν

298 4321 484 4395 λόγοις
506 4323 608 4390 τήν
640 4319 858 4375 ἐκείνων
912 4317 1192 4396 ἐφείλκετο
1250 4313 1479 4372 εὔνοιαν.
1539 4317 1941 4389 Μεμονωμένον

299 4409 355 4466 δὲ
383 4415 576 4466 τοῦτον
606 4407 810 4471 ἰδόντες
840 4405 1069 4482 ἀδελφοὶ
1101 4403 1198 4460 δύο
1231 4405 1608 4479 Συρακούσιοι,
1641 4405 1776 4479 πρὸς
1829 4405 1948 4462 ἐαυ.

2041 3269 2194 3307 rum.
2229 3252 2456 3323 Accipit
2483 3251 2886 3307 conditionem
2931 3268 3181 3317 ameras,
3209 3258 3269 3307 et
3297 3253 3688 3323 Euphemium

2041 3357 2255 3413 magno
2281 3341 2541 3396 exercitu
2572 3340 3217 3412 instruit,imperatoris
3247 3342 3494 3397 Romani
3519 3340 3689 3396 titulo

2042 3429 2412 3501 insignitum,
2444 3431 2693 3502 ejusque
2726 3447 2906 3500 opera
2945 3431 3141 3485 Sicilia
3195 3431 3439 3502 potitur.
3472 3433 3688 3485 Verum

2043 3519 2139 3574 hic
2153 3519 2514 3590 Euphemius
2529 3519 2923 3590 imperatoria;
2953 3520 3312 3592 dignationis
3341 3519 3690 3591 perbrevem

2044 3608 2302 3663 fructum
2335 3607 2618 3678 percepit,
2651 3612 2962 3662 truncatus
3002 3610 3216 3679 capite,
3249 3626 3428 3680 quam
3459 3610 3700 3683 dignam

2048 3695 2138 3750 sui
2171 3693 2411 3750 sceleris
2471 3701 2530 3749 et
2585 3695 2939 3750 defectionis
2971 3696 3307 3752 mercedem
3354 3697 3577 3752 retulit.
3636 3699 3706 3752 Et

2049 3800 2192 3838 sane
2241 3799 2434 3854 operai
2493 3784 2752 3854 pretium
2815 3785 3046 3838 videtur
3102 3786 3322 3840 referre
3369 3802 3486 3856 quo
3524 3785 3702 3840 modo

2047 3871 2225 3926 fuerit
2257 3872 2775 3926 interfectus.Cum
2812 3872 3002 3926 obiret
3041 3873 3298 3927 Siciliam
3320 3873 3700 3944 imperatorio

2047 3959 2275 4027 habitu,
2308 3965 2372 4014 ut
2403 3960 2474 4014 ab
2500 3959 3112 4031 omnibusimperator
3142 3961 3700 4030 salutaretur,Syra-

2049 4066 2221 4104 cusas
2247 4066 2483 4120 quoque
2517 4049 2688 4120 petiit
2719 4066 2731 4103 :
2770 4049 2868 4103 ubi
2901 4066 3034 4104 cum
3069 4067 3103 4104 a
3156 4050 3279 4104 suis
3317 4050 3700 4121 stipatoribus

2050 4139 2284 4211 longius
2305 4138 2687 4210 provolasset,
2722 4143 2783 4192 et
2813 4139 2887 4194 ad
2937 4137 3146 4194 urbem
3195 4144 3358 4194 tanto
3411 4145 3700 4210 quantum

2051 4229 2263 4300 sagitta
2291 4245 2430 4283 arcu
2455 4228 2671 4282 emissa
2695 4229 2935 4282 conficit
2974 4229 3164 4300 spatio
3193 4229 3702 4292 accessisset,cum

2053 4317 2367 4388 oppidanis
2419 4316 2770 4388 colloquens
2827 4334 3152 4388 eorumque
3237 4318 3700 4374 benevolentiam

2054 4407 2323 4462 oratione
2355 4422 2461 4461 sua
2490 4406 2879 4477 captans,duo
2905 4407 3256 4478 Syracusani
3279 4407 3493 4463 fratres
3509 4408 3703 4464 solum

293 4500 423 4564 τοὺς
456 4498 886 4574 βουλευσάμενοι
916 4495 1004 4550 καὶ
1035 4494 1306 4568 σύμπνοοι
1363 4494 1642 4569 γενόμενοι
1677 4495 1764 4548 καὶ
1797 4493 1860 4547 τὸ
1888 4489 1926 4548 ἐκ

2055 4501 2174 4550 eta
2211 4494 2336 4549 suis
2391 4501 2655 4550 amotum
2714 4494 2982 4551 videntes
3038 4496 3110 4551 de
3163 4514 3233 4552 eo
3289 4497 3703 4554 interficiendo

293 4590 658 4664 φρονήσαντες
690 4587 1087 4661 προσέρχονται
1142 4583 1327 4655 τούτῳ
1384 4581 1682 4657 εἴρωνικῶς
1740 4602 1798 4638 τε
1852 4582 1941 4637 καὶ

292 4679 667 4745 τωθαστικῶς,
700 4675 773 4735 ὼς
801 4673 1020 4750 βασιλεῖ
1073 4675 1218 4748 τάχα
1273 4673 1374 4740 τήν
1429 4674 1810 4746 προσήκουσαν
1859 4693 1940 4727 τι·

300 4768 408 4840 μὴν
459 4764 846 4836 ἀπονέμοντες.
917 4764 976 4818 Ὀ
1034 4759 1092 4816 δὶ
1148 4761 1436 4838 Εύφήμιος
1499 4761 1574 4832 μή
1625 4761 1794 4822 συνεὶς
1849 4760 1940 4815 τὸν

299 4852 485 4918 δόλον,
515 4853 618 4920 τήν
657 4852 782 4924 παρ’
811 4850 987 4904 αύτῶν
1020 4848 1365 4923 ἀναγόρευσιν
1394 4848 1482 4902 καὶ
1521 4849 1612 4902 τὸν
1655 4849 1942 4922 ἀσπασμὸν

302 4941 757 5017 προσδεξάμενος,
809 4937 1134 5012 προσεκάλει
1189 4938 1416 4999 τούτους
1485 4939 1619 5010 μετά
1665 4937 1944 5015 φιλοφρο-

302 5032 464 5102 σύνης
496 5030 571 5091 ὡς
599 5030 687 5083 καὶ
730 5029 892 5087 αὐτὸς
924 5026 1014 5081 τὸν
1051 5025 1246 5080 οἰκεῖον
1281 5026 1562 5098 ἀσπασμὸν
1617 5024 1940 5084 ἀποδώσων.

298 5119 396 5175 Καὶ
425 5118 492 5187 δη
527 5118 717 5179 κλίνας
746 5119 846 5185 τήν
886 5113 1126 5192 κεφαλήν
1181 5115 1273 5170 καὶ
1329 5115 1391 5170 τὸ
1451 5115 1626 5188 στόμα
1664 5117 1942 5192 προσερεί-

296 5228 390 5269 σας
437 5212 520 5280 τῷ
574 5207 802 5280 στόματι
864 5206 1089 5280 θατέρου
1144 5208 1254 5258 τῶν
1307 5201 1582 5284 ἀδελφῶν,
1639 5207 1775 5279 θριξὶ
1846 5214 1942 5279 μὲν

2053 4583 2415 4654 conspirant.
2441 4584 2644 4654 Itaque
2703 4585 2980 4639 simulato
3037 4586 3230 4640 studio
3261 4591 3320 4640 et
3370 4587 3702 4643 adulatoria

2050 4676 2216 4743 gestu
2237 4671 2310 4725 ad
2342 4671 2644 4726 hominem
2669 4671 3162 4745 accedunt,atque
3192 4679 3257 4728 ut
3281 4675 3702 4747 imperatorem

2051 4761 2250 4816 debito
2294 4761 2521 4816 honore
2578 4761 2864 4818 afficiunt.
2921 4764 3304 4836 Euphemius,
3355 4766 3454 4835 qui
3494 4780 3700 4819 eorum

2052 4851 2255 4906 dolum
2289 4868 2408 4907 non
2441 4851 2815 4925 intelligeret,
2839 4859 3064 4925 gratam
3098 4871 3298 4909 eorum
3333 4849 3701 4925 imperatOrii

2053 4941 2315 4996 nominis
2347 4941 2709 4997 delationem
2741 4948 2919 5012 atque
2976 4942 3393 4998 salutationem
3451 4942 3698 5008 habens,

2053 5033 2302 5086 comiter
2331 5032 2404 5086 ad
2429 5050 2490 5087 se
2521 5049 2623 5088 eos
2653 5038 2840 5096 vocat,
2897 5032 3091 5103 dignis
3123 5031 3313 5086 modis
3343 5031 3700 5088 resalutatu-

2053 5137 2170 5176 rus.
2214 5126 2352 5193 Ergo
2388 5137 2523 5176 cum
2556 5122 2748 5192 capite
2783 5121 3063 5175 inclinato
3112 5120 3364 5175 alterum
3398 5121 3698 5177 osculare-

2055 5213 2170 5279 tur,
2229 5209 2302 5264 ab
2351 5225 2419 5264 eo
2506 5208 2768 5264 crinibus
2825 5208 3106 5279 arripitur
3160 5208 3312 5263 899
3385 5225 3452 5265 ac
3509 5210 3699 5267 valide

1501 5331 1862 5388 XYLANDRI
1893 5333 1980 5388 ET
2011 5332 2228 5389 GOABI
2262 5333 2480 5388 ΝΟΤίΕ.

367 5460 479 5530 (83)
502 5459 735 5530 Τοῦρμα
761 5472 972 5527 agmen
993 5459 1094 5530 est
1123 5454 1314 5509 tribus
1345 5455 1676 5530 ordinibus,
1709 5457 1941 5530 sagitta-

293 5526 518 5586 riorum
567 5526 858 5594 videlicet,
917 5526 1428 5599 peltastarum_et
1486 5526 1938 5599 lanceariorum,

298 5608 578 5658 constans
613 5617 624 5654 :
659 5601 719 5654 hi
751 5599 824 5656 ad
851 5596 1111 5658 centum.
1147 5597 1241 5652 isti
1273 5596 1347 5652 ad
1380 5603 1802 5656 trecentorum.
1837 5598 1936 5653 alii

298 5673 370 5729 ad
398 5672 854 5743 quingentorum
887 5685 1200 5726 numerum
1251 5668 1668 5740 ascendebant,
1724 5670 1939 5741 quibus

2049 5453 2377 5538 τρυρμάχης
2453 5455 2746 5538 exercitus
2826 5454 2994 5538 duci“
3040 5454 3342 5538 subjectus
3425 5467 3694 5538 praaerat.

2048 5525 2184 5652 giae
2239 5525 2428 5599 pauca
2486 5543 2516 5581 e
2564 5525 2836 5598 pluribus
2867 5543 2901 5582 a
2931 5525 3181 5599 Bigaltio
3207 5528 3377 5585 docte
3407 5525 3693 5591 collectis.

2095 5614 2225 5654 om.
