4148 6212
309 341 428 402 985
1440 330 1992 393 HISTORIARUM
2037 333 2196 394 COM
2208 335 2601 402 PENDIUM.
3602 346 3722 406 986

308 495 401 530 ναν
434 469 625 546 α’ίματι
653 466 1002 544 ἀνθρωπίνῳ,
1037 462 1164 523 ἀλλ’
1215 463 1300 520 δτι
1343 463 1433 519 καὶ
1481 463 1705 539 χριστὸν
1753 463 1957 538 Κυρίου

2077 467 2267 526 redire
2298 473 2506 546 coegit,
2567 475 2629 530 in
2689 492 2805 548 quo
2863 478 3121 550 primum
3176 479 3452 552 religioni
3509 480 3718 541 devota

309 563 520 620 ἀνεῖλον
550 557 700 616 ἔνδον
735 556 1147 629 θυσιαστηρίου.
1184 578 1212 606 ›)
1273 557 1358 630 [Ρ.
1419 555 1544 626 514]
1577 555 1758 610 Ταῦτα
1796 553 1961 628 φθεγ-

2077 574 2302 614 comam
2335 561 2701 621 detonderat.
2728 567 3000 638 Nihilque
3024 569 3161 623 huic
3183 570 3402 640 profuit
3416 572 3729 642 juramen-

313 656 549 725 ξάμενος
581 648 794 705 διέλυσε
835 647 925 701 τὸν
977 645 1280 718 Θαυμαστὸν
1344 642 1544 698 ἐκεῖνον
1600 642 1688 696 καὶ
1745 645 1962 715 πρῶτον

2077 651 2221 718 tum,
2254 667 2370 721 quo
2403 660 2674 711 senatum
2703 657 3021 714 Michaelus
3053 658 3429 732 obligaverat.

315 743 610 816 σύλλογον,
670 742 722 794 οἱ
780 735 826 792 δ’
889 735 1071 800 ἄθλιοι
1123 733 1318 791 ἐκεῖνοι
1379 733 1791 830 συλληφθέντες.
1831 733 1994 830 ’παρά
2047 739 2146 789 τοῦ
2202 737 2447 816 ἐπάρχου
2504 752 2718 809 ποιναῖς
2802 745 3292 820 καθυπεςλήθησαν
3349 748 3714 830 ἀνδροφόνων,

315 835 377 892 Ὁ
419 831 475 889 δὲ
505 831 770 908 Θεόφιλος
827 828 917 883 καὶ
962 827 1060 895 τὴν
1120 827 1286 880 αὐτοῦ
1348 825 1614 900 μητρυιάν
1669 822 1943 886 ἀπελάσας
1999 827 2106 879 τῶν
2181 827 2468 902 βασιλείων
2523 835 2601 896 εἷς
2654 838 2715 892 τὸ
2774 842 3138 912 ponar/‘9'.“
3197 822 3493 916 ἠνάγκασέν
3527 822 3722 898 ,ἀπελα

318 921 534 994 Θεῖν,ὶν
583 921 628 994 ᾧ
684 920 746 974 τὸ
802 922 1016 989 πρῶτον
1075 918 1174 986 τὴν
1222 916 1492 989 κοσμικὴν
1549 914 1773 969 ἀπέθετο
1829 915 2022 989 τρίχα,
2084 913 2252 986 μηδὲν
2309 920 2712 999 ὠφελησάντων
2769 933 2876 984 τῶν
2937 930 3112 1003 ὅρκων
3170 931 3263 992 οὓς
3316 913 3355 1000 ’ἡ
3414 931 3717 1008 σύγκλητος

317 1014 454 1089 πρὸς
482 1012 572 1067 τὸν
605 1008 840 1084 Μιχαὴλ
873 1006 1193 1077 ἐποιήσατο.

389 1102 485 1157 Καὶ
533 1103 700 1155 ταῦτα
752 1099 847 1171 μὶν
900 1097 950 1152 έν
988 1093 1273 1169 προοιμίῳ
1327 1098 1406 1166 τῷ
1465 1091 1740 1167 Θεοφίλῳ,
1796 1091 1861 1146 τά
1920 1089 1967 1147 δ’

316 1195 438 1264 δξῆς
497 1191 599 1246 οὐκ
656 1189 884 1245 ἐπαίνων
940 1187 1142 1256 ἀνάξια·
1209 1184 1659 1257 ἀντιποιούμενος
1709 1184 1810 1260 γάρ
1867 1190 1970 1253 τῆς

317 1278 672 1349 δικαιοσύνης
703 1279 898 1333 ἅπασιν
940 1276 1008 1345 ἦν
1038 1280 1154 1337 τοῖς
1186 1279 1448 1348 πονηροῖς
1483 1268 1738 1353 φοϐερὸς,
1771 1276 1887 1334 τοῖς
1913 1269 1970 1328 δὶ

317 1371 542 1446 ἀγαθοῖς
568 1367 898 1440 θαυμαστὸς,
928 1369 1043 1426 τοῖς
1075 1365 1173 1436 μὲν
1208 1365 1291 1418 ὅτι
1347 1362 1723 1436 μισοπόνηρός
1770 1381 1827 1416 τε
1879 1359 1969 1414 καὶ

320 1457 530 1520 δίκαιος
563 1456 764 1526 ἐδόκει,
790 1461 907 1518 τοῖς
941 1452 988 1508 δ’
1018 1453 1103 1509 ’ὀτι
1135 1447 1404 1527 ἐμϐριθής
1433 1473 1492 1507 τε
1532 1453 1623 1506 καὶ
1652 1449 1966 1525 ξαύστηρός.

325 1546 441 1607 Οὐκ
465 1548 532 1617 ἦν
564 1545 621 1601 δὲ
663 1546 875 1606 πάντως
935 1543 1097 1598 αὐτὸν
1149 1543 1362 1596 πάντων
1406 1545 1514 1596 τῶν
1574 1546 1752 1595 κακῶν
1811 1541 1973 1595 καθα-

330 1639 522 1714 ρεύειν.
565 1633 766 1710 Εἴχετο
801 1634 894 1707 μὲν
923 1632 1030 1708 γὰρ
1059 1635 1157 1697 τῆς
1190 1630 1276 1687 ἐπὶ
1305 1631 1432 1686 Θεὸν
1483 1631 1736 1698 πίστεως,
1788 1629 1972 1704 εἲχετο

329 1725 388 1784 δὶ
419 1725 582 1782 πλέον
611 1731 710 1794 τῆς
743 1718 1227 1798 πατροπαραδότου
1280 1726 1476 1794 μιαρᾶς
1521 1723 1628 1775 τῶν
1662 1718 1971 1792 Είκονομά-

331 1837 450 1894 χων
489 1817 769 1890 αἱρέσεως,
810 1812 900 1868 καὶ
946 1812 1039 1867 τὸν
1087 1804 1278 1879 εὐσεϐῆ
1334 1809 1424 1864 καὶ
1473 1810 1732 1884 πανάγιον
1775 1807 1972 1864 ἐκάκου

328 1904 485 1976 λαὸν,
516 1904 660 1978 παρᾶ
701 1903 874 1958 πάντα
917 1901 1010 1958 τὸν
1065 1906 1168 1970 τῆς
1219 1898 1499 1975 βασιλείας
1547 1899 1720 1953 αὐτοῦ
1775 1897 1973 1973 χρόνον

327 1997 608 2070 ἠρεμῆσαι
667 1995 742 2065 μὴ
789 1991 1176 2068 συγχωρήσας.
1217 1991 1374 2047 ’Ὁθεν
1404 1985 1544 2043 ὀὐδ’
1594 1987 1646 2043 έν
1703 1987 1972 2060 πολέμοις

333 2083 603 2158 εὐτύχησέ
635 2102 784 2147 ποτε,
819 2080 899 2135 ἀεὶ
931 2077 989 2134 δὲ
1040 2079 1248 2148 ἥττητο
1299 2077 1388 2132 καὶ
1443 2078 1507 2133 οὐ
1559 2079 1696 2132 κατά
1747 2074 1974 2152 βασιλέα

336 2173 683 2250 ὑπέστρεφεν.
740 2171 1038 2246 Ἐχόμενος
1084 2167 1130 2225 δ’
1184 2169 1276 2224 οὖν
1325 2176 1423 2239 τῆς
1482 2167 1831 2241 δικαιοσύνης
1884 2171 1974 2226 καὶ

329 2271 436 2332 τῆς
467 2263 603 2338 πρὸς
634 2262 866 2336 Χριστὸν
912 2260 1001 2315 καὶ
1049 2259 1150 2328 τήν
1200 2257 1370 2314 αὐτοῦ
1419 2258 1667 2334 Μητέρα,
1715 2259 1788 2321 ὡς
1838 2258 1975 2332 ᾤετο

327 2353 562 2412 πίστεως
619 2351 710 2406 καὶ
771 2348 1098 2423 προθυμίας,
1158 2348 1320 2422 ἀπῄει
1379 2347 1607 2414 ἑκάστης
1672 2343 1978 2422 ἑϐδομάδος

325 2441 567 2521 ἔφιππος
609 2437 698 2496 διὰ
747 2441 848 2508 τῆς
898 2438 1184 2514 λεωφόρου
1241 2437 1327 2492 ἐπὶ
1383 2438 1475 2492 τὸν
1532 2434 1582 2490 ἒν
1639 2435 1976 2512 Βλαχέρναις

326 2539 430 2601 τῆς
462 2532 812 2603 Θεομήτορος
841 2533 982 2592 θεῖον
1011 2527 1162 2593 ναὸν,
1199 2526 1300 2582 ὑπὸ
1341 2531 1448 2582 τῶν
1503 2523 1820 2604 δορυφόρων
1870 2546 1972 2580 πα-

332 2619 778 2697 ραπεμπόμενος.
851 2617 1046 2690 ’Δπῄει
1101 2614 1158 2670 δὲ
1206 2619 1334 2670 πᾶσι
1388 2615 1509 2688 μὲν,
1547 2610 1972 2690 προηγουμένως

329 2709 385 2766 δὲ
413 2714 529 2771 τοῖς
563 2705 938 2780 ἀδικουμένοις
970 2702 1154 2767 διδοὺς
1186 2705 1394 2777 ἑαυτὸν,
1446 2704 1518 2765 ὡς
1571 2703 1631 2760 ἄν
1679 2701 1859 2782 ἔχοιεν
1907 2705 1974 2760 τὰ

326 2797 502 2854 αὐτῶν
541 2792 903 2872 έκτραγῳδεῖν
960 2791 1278 2866 ἀδικήματα
1330 2792 1419 2847 καὶ
1477 2793 1552 2867 μὴ
1612 2793 1759 2868 παρά
1813 2796 1973 2848 τινῶν

327 2887 635 2944 κωλύοιντο
665 2883 868 2941 ἀδίκων
915 2883 1284 2962 ὑφορωμένων
1338 2884 1438 2954 τὴν
1481 2880 1531 2953 ἐξ
1579 2883 1746 2940 αὐτοῦ
1791 2903 1971 2956 τιμωο

326 2980 466 3056 ρίαν,
494 2979 591 3034 εἶθ’
620 2978 707 3032 ἳνα
736 2976 825 3032 καὶ
856 2975 991 3032 κατά
1034 2977 1132 3044 την
1187 2973 1390 3048 ἀγοράν
1440 2971 1796 3050 διερχόμενος
1848 2975 1973 3030 Θεα-

317 3070 423 3139 τής
468 3070 686 3143 γένοιτο
744 3070 852 3122 τῶν
909 3063 1110 3123 ὠνίων.
1169 3063 1384 3138 ’Πρώτα
1433 3064 1522 3119 οὖν
1565 3063 1685 3138 περὶ
1745 3061 1971 3122 ἑκάστου

315 3164 424 3215 τῶν
493 3153 974 3232 πιπρασκομένων,
1037 3152 1208 3208 πόσου
1301 3151 1592 3224 πωλεῖται,
1683 3148 1969 3229 γινόμενος

317 3248 451 3304 κατὰ
489 3250 586 3318 τὴν
631 3246 852 3321 ἀγοράι.
901 3245 1117 3319 ’Πρώτα
1168 3240 1225 3298 δὶ
1273 3242 1336 3298 οὐ
1394 3242 1698 3319 παρέργως,
1761 3239 1874 3298 οὐδ’
1912 3240 1964 3298 ἐν

311 3335 389 3392 ἐνὶ
422 3333 576 3404 εἴδει,
611 3333 740 3390 ἀλλ’
772 3333 859 3390 ἐπί
899 3353 957 3388 τε
1002 3337 1124 3396 τοῖς
1181 3332 1417 3407 βρωτοῖς
1479 3332 1567 3386 καὶ
1617 3336 1732 3392 τοῖς
1775 3337 1964 3394 ποτοῖς

314 3427 404 3482 καὶ
436 3430 553 3487 τοῖς
578 3423 654 3488 είς
702 3421 898 3496 θάλψιν
949 3419 1286 3490 ἐπιτηδείοις
1326 3420 1672 3500 ἀμφιάσμασι
1720 3421 1811 3476 καὶ
1859 3425 1964 3474 πᾶ-

324 3537 406 3570 σιν
438 3513 630 3574 ἀπλῶς
659 3517 781 3575 τοῖς
828 3512 964 3566 κατά
1008 3512 1108 3580 τὴν
1167 3510 1364 3585 ἀγοράν
1407 3511 1811 3585 προκειμένοις.
1859 3511 1962 3568 Καὶ

319 3603 407 3660 διὰ
438 3606 650 3658 πάντων
681 3600 899 3670 πολλὴν
959 3596 1300 3656 ἐπεδείκνυτο
1353 3595 1592 3667 σπουδήν
1642 3599 1730 3653 καὶ
1779 3599 1964 3675 ἐπιμέ-

320 3694 472 3751 λειαν
501 3691 728 3768 πρὸςτά
756 3690 934 3759 κοινὰ,
969 3693 1059 3743 νῦν
1110 3689 1206 3761 μὶν
1256 3687 1306 3742 ἐν
1357 3689 1684 3763 κριτηρίοις,
1737 3693 1828 3742 νῦν
1884 3687 1961 3758 δὲ,

318 3786 391 3846 ὡς
423 3782 658 3858 εἴρηται,
691 3782 828 3836 κατά
876 3779 971 3843 τὰς
1019 3776 1288 3854 προόδους
1330 3784 1430 3848 τῆς
1477 3773 1805 3852 ἑϐδομάδος.
1866 3779 1962 3833 Καί

318 3894 450 3929 ποτε
482 3871 538 3928 δὲ
572 3872 660 3926 καὶ
711 3867 1066 3946 ψυχαγωγίας
1112 3867 1274 3943 χάριν
1326 3867 1649 3942 προκύπτων
1698 3867 1806 3922 ἀπὸ
1852 3872 1961 3924 τῶν

315 3964 450 4037 πρὸς
509 3959 780 4026 θάλασσαν
833 3961 930 4014 τοῦ
976 3954 1248 4012 παλατίου
1294 3959 1496 4031 τειχῶν
1545 3955 1798 4012 ἐθεάσατο
1836 3961 1962 4013 ναῦν

314 4052 440 4108 τινα
472 4047 808 4123 μυριοφόρον
837 4045 888 4116 ἐξ
939 4045 1130 4120 οὐρίας
1177 4042 1446 4099 πλέουσαν
1493 4043 1960 4118 ἀναπεπταμένοις

316 4139 385 4207 δὴ
417 4144 535 4200 τοῖς
569 4135 788 4203 ἱστίοις,
825 4134 1035 4209 μεγέθει
1083 4153 1142 4188 τε
1192 4128 1600 4208 ἀνυπέρϐλητον
1647 4134 1736 4189 καὶ
1794 4134 1963 4212 ἀπαρ-

313 4227 558 4302 άμιλλον
607 4225 826 4282 κάλλει·
885 4221 952 4292 ἤν
1011 4225 1336 4296 θεασάμενος
1396 4222 1471 4285 είς
1531 4218 1740 4296 Θάμϐος
1795 4223 1962 4280 ἐνέπι-

312 4340 463 4376 πτεν.
498 4318 711 4392 Ἡρώτα
744 4311 791 4369 δ’
826 4312 979 4386 ὅμως
1030 4312 1178 4372 τίνος
1223 4331 1281 4366 τε
1311 4313 1346 4381 ἡ
1380 4310 1546 4373 ὀλκάς
1597 4311 1680 4384 εἶή
1729 4315 1820 4368 καὶ
1851 4315 1880 4369 ὅ
1907 4336 1959 4370 τι

313 4409 468 4486 φέροι
488 4411 596 4462 τῶν
620 4401 940 4479 ἀγωγίμων.
964 4402 1051 4463 Ὠς
1071 4397 1130 4455 δέ
1151 4406 1251 4469 τῆς
1284 4400 1598 4474 Αὐγούστης
1623 4403 1759 4456 εἶναι
1790 4401 1960 4475 ἐμάν-

314 4499 460 4567 Θανε,
493 4496 618 4551 τότε
649 4494 744 4567 μὲν
784 4490 1098 4568 ἑφησύχασε
1126 4489 1216 4543 καὶ
1265 4488 1586 4563 παρέπεμψε
1631 4491 1723 4546 τὸν
1773 4493 1961 4567 καιρὸν

316 4584 448 4658 ἄχρι
480 4583 571 4638 καὶ
600 4584 664 4651 ἧς
692 4579 877 4635 εἲωθεν
909 4581 1124 4652 ἡμέρας
1156 4577 1370 4632 ἀπιέναι
1402 4579 1537 4652 πρὸς
1584 4579 1678 4633 τὸν
1727 4578 1779 4634 ἐν
1815 4580 1955 4638 Βλα.

2148 1101 2281 1156 Ηωο
2311 1103 2615 1176 Theophili
2648 1108 2962 1180 principia-
2992 1111 3131 1176 Qum
3163 1117 3364 1166 secuta
3403 1117 3542 1168 sunt
3590 1113 3722 1168 lau-

2079 1187 2211 1244 dem
2243 1207 2359 1246 non
2387 1202 2712 1250 merentur.
2737 1198 3196 1269 Sanejustitiam
3219 1199 3420 1255 colens
3441 1201 3718 1258 omnibus

2077 1279 2253 1336 malis
2283 1285 2466 1340 metui
2493 1284 2782 1358 bonisque
2814 1289 3194 1345 admirationi
3228 1297 3390 1356 erat;
3425 1292 3535 1358 his,
3560 1293 3717 1364 quod

2080 1385 2215 1425 eum
2246 1370 2469 1430 bonum
2501 1391 2568 1430 ac
2589 1375 2758 1432 malis
2781 1378 3065 1434 infestum
3091 1397 3103 1446 ;
3137 1379 3279 1448 illis,
3308 1380 3465 1450 quod
3490 1396 3723 1452 gravem

2080 1465 2503 1534 austerumque
2525 1465 2886 1536 judicarent.
2921 1468 3033 1524 Sed
3063 1485 3183 1524 non
3215 1469 3406 1540 potuit
3445 1469 3721 1525 omnibus

2081 1567 2281 1606 carere
2311 1552 2492 1610 vitiis.
2533 1556 2677 1611 Nam
2727 1558 2962 1613 tametsi
3012 1575 3207 1614 veram
3266 1559 3724 1631 amplecteretur

2080 1639 2452 1714 religionem,
2484 1645 2671 1717 magis
2702 1651 2901 1702 tamen
2931 1663 2965 1702 a
2995 1652 3161 1719 patre
3199 1648 3272 1704 ad
3321 1665 3382 1704 se
3431 1648 3720 1704 devoluta)

2083 1728 2332 1802 impura:
2392 1733 2959 1806 imaginiperdarum
3008 1738 3220 1793 haeresi
3277 1737 3513 1794 deditus
3570 1743 3720 1807 erat,

2082 1819 2330 1890 piosque
2362 1823 2523 1876 omni
2556 1824 2644 1878 sui
2678 1825 2910 1896 imperii
2942 1831 3206 1898 tempore
3247 1827 3512 1882 exercuit
3539 1827 3723 1882 male-

2084 1907 2258 1978 ﬁalis,
2300 1910 2526 1966 nullam
2558 1912 2630 1967 iis
2659 1915 2920 1984 quietem
2953 1916 3321 1986 permittens.
3351 1917 3553 1986 Itaque
3585 1917 3723 1971 etin

2079 1995 2236 2052 bello
2268 2015 2574 2070 nunquam
2606 2002 2764 2056 vicit.
2805 2003 2909 2058 sed
2939 2020 3174 2075 semper
3194 2005 3589 2062 succubuitac
3619 2005 3726 2060 do-

2081 2102 2242 2142 mum
2267 2103 2388 2143 non
2401 2091 3232 2163 convenienterimperatoriaa
3244 2093 3512 2165 dignitati
3528 2094 3723 2148 rediit.

2079 2177 2374 2232 Justitiam
2403 2194 2542 2251 ergo
2564 2179 2767 2236 colens
2789 2185 2868 2248 et,
2891 2187 2956 2235 ut
2980 2181 3243 2252 putabat,
3269 2197 3405 2254 erga
3424 2181 3722 2236 Christum

2081 2266 2329 2337 ejusque
2359 2269 2600 2322 Matrem
2632 2269 2914 2340 pietatem
2947 2270 3194 2343 singulis
3241 2270 3590 2341 septimanis
3622 2287 3727 2342 per

2080 2354 2232 2409 viam
2252 2354 2548 2426 publicam
2565 2357 2921 2414 satellitibus
2940 2360 3189 2429 stipatus
3202 2359 3276 2414 ad
3289 2359 3721 2416 Blachernense

2081 2443 2343 2514 Deiparaa
2375 2443 2579 2500 fanum
2636 2447 2974 2516 equitabat;
3011 2448 3284 2517 interque
3335 2447 3722 2517 equitandum

2080 2531 2357 2587 omnibus
2378 2534 2636 2588 maxime
2663 2534 2901 2605 injuriis
2918 2535 3144 2590 affectis
3165 2534 3500 2602 vacabat,ut
3522 2535 3560 2589 ii
3586 2552 3722 2590 suas

2079 2621 2353 2692 querelas
2383 2639 2717 2693 proponere
2748 2630 3009 2694 possent,
3041 2641 3236 2694 neque
3259 2624 3329 2678 ab
3362 2624 3634 2680 sontibus
3660 2629 3719 2679 et

2078 2728 2313 2782 poenam
2341 2712 2743 2768 metuentibus
2775 2713 3226 2785 impedirentur.
3279 2713 3466 2768 Simul
3515 2718 3573 2768 et
3611 2730 3718 2784 per

2076 2802 2270 2858 forum
2303 2802 2576 2873 equitans
2606 2819 2701 2857 res
2745 2803 2978 2859 venales
3025 2803 3180 2860 902
3227 2803 3596 2874 inspiciebat,
3650 2819 3719 2858 ac

2078 2889 2149 2944 de
2182 2889 2370 2961 pretio
2403 2889 2824 2960 interrogabat,
2857 2905 3049 2961 neque
3083 2889 3274 2945 obiter
3302 2890 3434 2958 hoc,
3467 2895 3570 2944 aut
3599 2906 3720 2944 una

2079 2983 2305 3034 tantum
2339 2978 2539 3050 aliqua
2566 2995 2652 3047 re,
2687 2978 2788 3034 sed
2819 2979 2892 3036 de
2922 2979 2996 3034 iis
3025 2996 3158 3050 qum
3189 2979 3315 3035 esui
3347 2984 3486 3034 sunt
3523 2996 3590 3034 ac
3621 2995 3720 3049 po-

2077 3069 2163 3127 tui
2194 3068 2265 3124 de
2297 3069 2555 3125 vestibus
2585 3069 2834 3126 fovendo
2866 3070 3097 3141 corpori
3130 3071 3303 3140 aptis,
3325 3074 3381 3123 et
3403 3069 3464 3124 in
3492 3069 3723 3126 univer-

2079 3175 2210 3218 sum
2241 3158 2517 3214 omnibus
2548 3175 2678 3230 quae
2719 3159 2780 3213 in
2826 3159 2952 3213 foro
3001 3159 3348 3230 prostabant
3399 3158 3718 3213 mercibus.

2080 3249 2366 3305 Omnibus
2396 3252 2595 3305 autem
2627 3248 2687 3302 in
2719 3247 2896 3303 rebus
2929 3264 3202 3319 magnam
3252 3249 3312 3301 in
3365 3247 3627 3302 curanda
3656 3263 3719 3302 re

1997 3311 2039 3378 ο
2075 3338 2312 3410 publica
2341 3337 2708 3410 diligentiam
2727 3311 3130 3403 ostendit,non
3148 3337 3208 3391 in
3226 3336 3317 3392 his
3336 3337 3396 3392 in
3415 3335 3720 3407 publicum

2071 3427 2248 3488 modo
2298 3427 2737 3499 septimanatim
2785 3426 3216 3498 progressibus,
3268 3426 3372 3480 sed
3419 3426 3595 3482 etiam
3653 3426 3716 3480 in

2065 3515 2330 3589 judiciis.
2392 3515 2725 3586 Aliquando
2775 3515 2958 3570 animi
3007 3531 3186 3571 causa
3226 3513 3598 3585 prospiciens
3647 3514 3718 3569 de

2073 3623 2243 3666 muro
2264 3606 2466 3677 palatii
2491 3605 2590 3676 qui
2615 3610 2706 3660 est
2730 3621 2932 3659 versus
2957 3620 3138 3670 mare,
3165 3605 3358 3658 navim
3380 3604 3718 3658 onerariam

2071 3695 2216 3751 vidit
2247 3694 2442 3766 plenis
2473 3693 2614 3750 velis
2644 3710 2712 3748 ac
2743 3693 3000 3748 secundo
3025 3698 3195 3747 vento
3218 3692 3536 3764 appellere,
3563 3691 3719 3747 mole

2073 3800 2139 3839 ac
2171 3783 2578 3854 magnitudine
2599 3798 2801 3853 parem
2823 3781 3050 3836 nullam
3073 3781 3185 3836 sibi
3212 3781 3550 3836 habentem.
3579 3783 3719 3836 Eam

2074 3890 2208 3930 cum
2241 3872 2634 3928 admiratione
2665 3870 3121 3942 contemplatus,
3146 3870 3461 3941 cujusuam
3485 3874 3640 3922 esset
3660 3873 3717 3922 et

2075 3961 2215 4033 quid
2249 3977 2446 4016 rerum
2479 3960 2794 4016 adveheret
2825 3959 3223 4030 interrogavit.
3258 3960 3401 4012 Cum
3434 3974 3563 4012 eam
3596 3959 3714 4011 Au-

2071 4057 2255 4126 gustin
2288 4066 2418 4105 esse
2446 4049 2768 4116 didicisset,
2827 4047 3119 4118 acquievit
3164 4047 3224 4101 in
3273 4045 3610 4118 prassentia,
3661 4050 3721 4100 et

2073 4140 2230 4197 diem
2276 4140 2634 4212 exspectavit
2688 4154 2803 4209 quo
2854 4137 2928 4192 ad
2978 4136 3474 4192 Blachernensem
3527 4135 3718 4188 aedem

2073 4231 2264 4286 iturus
2294 4235 2438 4285 erat.
2472 4229 2736 4297 Cumque
2779 4243 2846 4281 ea
2876 4227 3220 4297 appetisset,
3272 4224 3483 4278 deduci
3535 4240 3594 4279 se
3645 4223 3718 4278 ad

2072 4320 2238 4375 navis
2295 4318 2423 4390 ejus
2473 4317 2788 4372 stationem
2829 4316 3030 4387 jussit,
3084 4315 3384 4386 puppique
3433 4315 3719 4369 assistens

2071 4425 2171 4464 eos
2209 4408 2307 4478 qui
2341 4407 2587 4462 aderant
2616 4405 2933 4476 aliquoties
2963 4408 3342 4476 percontatus
3375 4409 3484 4469 est,
3509 4403 3718 4458 cibone

2069 4495 2287 4566 aliquis
2318 4495 2581 4565 ipsorum
2613 4500 2715 4550 aut
2743 4493 2878 4548 vino
2909 4498 3011 4550 aut
3038 4492 3162 4550 ulla
3189 4492 3308 4549 alia
3338 4508 3400 4546 re
3432 4491 3721 4548 destitue-

2069 4590 2255 4640 retur.
2285 4584 2428 4638 Cum
2461 4600 2615 4654 saape
2646 4583 2990 4656 interrogati
3033 4582 3124 4636 vix
3175 4581 3417 4638 tandem
3469 4599 3716 4654 respon-

318 4676 538 4749 χέρναις
569 4673 713 4726 Θεῖον
745 4669 890 4724 ναόν.
939 4669 1029 4728 Ὠς
1083 4664 1128 4721 δ’
1174 4663 1284 4736 ἤδη
1337 4673 1516 4739 παρῆν
1547 4669 1582 4737 ἡ
1612 4666 1770 4740 κυρία
1817 4671 1908 4725 καὶ
1937 4671 1966 4726 ὁ

2077 4674 2302 4738 derent,
2339 4673 2419 4729 ita
2450 4671 2561 4728 sibi
2621 4673 3000 4744 imperatoris
3050 4671 3291 4726 solertia
3340 4677 3718 4742 prospectum

315 4766 414 4818 τοῦ
444 4758 644 4816 πλοίου
676 4755 846 4832 ὅρμος
887 4753 1058 4824 δῆλος
1108 4753 1349 4829 ἐγεγόνει
1389 4758 1470 4827 τῷ
1523 4754 1743 4831 βασιλεῖ
1793 4770 1964 4824 πυθο..

325 4853 473 4928 μένῳ
503 4848 649 4924 παρά
678 4865 848 4914 τινος,
887 4851 985 4914 τῆς
1019 4844 1094 4905 εἷς
1126 4845 1261 4902 αὐτὸ
1294 4845 1564 4922 φερούσης
1596 4845 1726 4903 ὁδοῦ
1757 4848 1961 4925 εἷ’χετο,

317 4943 407 4998 καὶ
441 4939 754 5010 πλησιάσας
811 4931 936 5004 ἔστη
997 4936 1145 5008 παρὰ
1201 4935 1300 5005 τὴν
1357 4942 1635 5011 πρύμναν,
1694 4938 1781 4994 καί
1836 4940 1962 5002 τοὺς

315 5031 592 5107 παρόντας
625 5025 814 5102 ἠρώτα
844 5022 1117 5085 πολλάκις
1152 5023 1278 5078 ὅτου
1325 5045 1407 5087 τις
1455 5020 1571 5102 ἔχει
1615 5028 1803 5103 χρείαν
1855 5033 1960 5085 τῶν

313 5121 632 5198 ἀγωγίμων,
666 5123 818 5172 σίτου
849 5115 1016 5189 τυχὸν
1050 5113 1083 5184 ἢ
1119 5113 1264 5170 οἷ’νου
1295 5117 1329 5186 ἢ
1361 5114 1537 5172 ἄλλου
1567 5118 1715 5182 τινὸς
1757 5117 1959 5184 εἷ’δους.

315 5216 400 5288 [Ρ.
430 5211 558 5283 515]
589 5209 677 5268 Ὠς
708 5203 765 5260 δὲ
812 5202 1086 5265 πολλάκις
1136 5201 1496 5276 ἐρωτηθέντες
1549 5207 1684 5280 ἅπαξ
1733 5207 1962 5284 ἀπεκρί-

317 5313 484 5370 θησαν
525 5297 616 5352 καὶ
652 5293 814 5368 μόλις
849 5289 1078 5366 μηδενὸς
1109 5289 1390 5356 λείπεσθαι
1418 5295 1546 5356 τοὺς
1583 5295 1685 5352 ὐπὸ
1713 5303 1812 5366 τῆς
1860 5304 1960 5366 σῆς

313 5383 806 5466 προμηθουμένους
867 5379 1183 5444 δεσποτείας
1241 5381 1333 5436 καὶ
1393 5381 1692 5458 βασιλείας,
1746 5410 1765 5435 ι
1802 5384 1961 5440 Ἀλλ’

315 5479 414 5536 οὐκ
446 5476 557 5533 ἴστε
589 5474 680 5544 δὴ,
713 5469 815 5552 ἔφη
859 5473 886 5528 ὁ
923 5469 1180 5546 βασιλεὺς
1213 5496 1241 5523 ‹‹
1275 5470 1360 5527 ὅτι
1413 5494 1480 5545 με
1526 5474 1630 5530 ὕπὸ
1679 5480 1813 5531 Θεοῦ
1863 5475 1960 5549 βα-

315 5566 471 5623 σιλέα
509 5563 869 5640 γεγενημένον
899 5563 932 5630 ἡ
965 5559 1246 5637 Αὐγοῦστά
1277 5581 1383 5635 μου
1423 5563 1514 5618 καὶ
1561 5559 1792 5636 σύμϐιος
1831 5562 1961 5618 ναύ-

2077 4780 2205 4819 esse
2236 4768 2301 4818 ut
2329 4761 2554 4818 nullius
2586 4762 2671 4818 rei
2714 4761 2973 4818 sentiant
3022 4762 3357 4832 penuriam,
3414 4780 3434 4806 ι
3469 4759 3720 4814 Nescitis

2072 4869 2228 4920 vero,
2265 4874 2292 4901 »
2325 4852 2426 4918 ait,
2463 4871 2487 4904 α
2521 4850 2678 4922 quod
2695 4867 2785 4906 me
2812 4850 3094 4905 divinitus
3119 4849 3274 4904 903
3297 4849 3718 4918 imperatorem

2072 4941 2292 4998 factum
2313 4957 2464 4997 uxor
2485 4957 2618 4996 mea
2639 4944 2697 4993 et
2716 4942 2976 5010 Augusta
2997 4938 3345 4992 nauclerum
3367 4935 3669 4990 reddidit?
3687 4957 3715 4985 »

2072 5027 2418 5098 addiditque
2451 5026 2850 5098 indignanter.
2888 5047 2912 5073 ιι
2940 5023 3145 5077 Fuitne
3172 5021 3285 5076 ulla
3307 5037 3572 5091 unquam
3603 5026 3714 5076 Au-

2070 5123 2261 5190 gusta,
2295 5135 2426 5189 quae
2462 5116 2741 5172 maritum
2782 5129 2954 5169 suum
2988 5117 3376 5168 mercatorem
3408 5111 3663 5167 viderit?
3686 5134 3714 5162 ››

2073 5209 2205 5263 Ηεοο
2237 5206 2390 5262 fatus
2420 5203 2732 5260 confestim
2773 5201 3044 5256 homines
3083 5216 3226 5254 nave
3268 5201 3466 5272 egredi
3509 5201 3713 5272 jussit,

2072 5297 2239 5353 nulla
2302 5313 2364 5350 re
2433 5298 2756 5364 eXportata,
2827 5306 3154 5361 navemque
3220 5290 3488 5345 comburi
3576 5292 3716 5364 ipsis

2072 5402 2207 5441 cum
2240 5383 2385 5439 velis
2436 5387 2495 5436 et
2549 5379 2824 5436 omnibus
2883 5379 3195 5434 mercibus.
3231 5381 3459 5436 Acriter
3514 5389 3714 5438 autem

2075 5477 2393 5546 Augustam
2425 5468 2773 5543 objurgavit,
2809 5468 3067 5524 minatus
3099 5468 3148 5522 ei
3175 5470 3441 5537 exitium,
3467 5471 3515 5524 si
3537 5487 3714 5543 porro

2071 5560 2298 5632 aliquid
2327 5559 2444 5620 tale
2482 5558 2740 5625 fecisset,

315 5653 526 5732 κληρον
559 5652 968 5729 ἀπειργάσατο;
1005 5675 1034 5703 ››
1067 5648 1367 5730 [ἰροσέθετο
1417 5648 1474 5706 δὶ
1523 5655 1659 5726 μετά
1702 5654 1918 5732 πικρίας
1965 5651 2053 5708 καὶ
2103 5652 2284 5704 τοῦτο·
2341 5673 2370 5699 ‹‹
2397 5647 2490 5711 τίς
2539 5667 2672 5702 ποτε
2721 5643 2947 5721 βασιλέα
3003 5647 3291 5721 Ῥωμαίων
3323 5646 3358 5717 ἦ
3389 5651 3488 5719 τήν
3548 5650 3710 5705 αὐτοῦ
