4148 6212
452 313 568 379 981
1799 305 2129 368 GEORGII
2173 305 2515 368 CEDRENI
3743 306 3849 366 988

457 445 703 524 γαμετὴν
758 437 999 517 ἔμπορον
1054 439 1356 508 ἐθεάσατο;
1419 462 1449 490 ››
1499 440 1678 495 Ταῦτα
1736 435 1794 492 Si
1861 435 2028 492 είπὼν
2088 435 2363 493 ἐκέλευσεν
2421 436 2667 514 αὐθωρὸν
2741 436 2936 512 μόνους
3021 434 3252 510 ἐξελθεῖν
3331 435 3850 524 τοὺςΔάνθρώπους,

598 531 654 587 δὲ
681 536 806 587 ναῦν
839 531 1048 598 ἐκείνην
1081 525 1417 603 παραδοῦναι
1447 528 1574 582 πυόὶ
1607 527 1790 588 αὐτοῖς
1838 526 2032 586 ΐστίοις
2088 525 2179 580 καὶ
2235 531 2354 589 τοῖς
2409 524 2604 590 ἂλλοις
2664 525 2858 582 ἅπασιν
2918 527 3247 604 ἀγωγίμοις.
3311 519 3605 598 Περιέϐαλε
3668 520 3728 578 δὲ
3777 525 3853 576 καὶ

461 625 560 692 τὴν
591 619 872 676 δέσποιναν
905 614 1110 693 ὕϐρεσι,
1141 618 1227 671 καὶ
1259 624 1360 686 τῆς
1393 623 1541 687 ζωῆς
1569 615 1842 693 ἐξαγαγεῖν
1883 614 2182 684 ἠπείλησεν
2215 615 2258 670 εἶ
2293 617 2568 694 φωραθείη
2606 615 2789 673 ἔκτοτε
2816 617 3064 671 τοιοῦτόν
3095 637 3145 670 τι
3177 619 3430 672 ποιοῦσα.

530 715 739 768 Nomen
753 707 2104 783 AugustaefuitTheodora.patriaPaphlagonia:

2289 706 2540 778 ’Ὠρμητο
2575 703 2622 760 δ’
2654 709 2688 776 ἡ
2724 707 2940 780 βασιλὶς
2972 703 3224 778 Θεοδώρα
3253 703 3314 758 ἐκ
3367 711 3467 772 τῆς
3516 703 3712 779 χώρας
3755 707 3853 757 τῶν

461 806 738 875 parentes
770 800 1028 854 Marinus
1057 798 1142 852 vir
1173 815 1291 852 non
1325 797 1620 869 ignobilis,
1675 803 1733 850 et
1776 796 2110 852 Theoctista

2243 791 2612 872 Ιαφλαγὸνων,
2645 797 2971 871 γεννήτορας
3004 795 3256 867 αὐχοῦσα
3300 795 3536 868 Μαρῖνον
3577 792 3680 846 οὐκ
3729 792 3857 861 ἄση-

463 895 856 962 cognomento
888 887 1140 955 Florina,
1173 887 1267 957 pie
1299 891 1547 956 uterque
1581 885 1884 948 educatus,
1917 901 2109 956 neque

2243 904 2318 936 ιον
2352 879 2517 958 ἄνδρα
2546 883 2879 958 καὶμητέρα
2937 883 3260 952 Θεοκτίστην
3306 884 3403 948 τήν
3454 880 3596 936 οὕτω
3643 880 3857 954 Φλωρῖ-

461 979 792 1035 divinarum
827 977 1152 1049 imaginum
1185 975 1625 1030 venerationem
1666 974 1948 1040 difﬁtcns,
2008 975 2110 1029 sed

2249 993 2307 1026 αν
2362 973 2901 1045 κατονομαζομένην,
2971 971 3315 1050 ἀμφοτέρους
3403 965 3646 1041 εὐσεϐείᾳ
3723 969 3858 1024 ἐντε-

458 1068 878 1126 ardentissimo
912 1083 1043 1122 eam
1074 1066 1277 1122 colens
1308 1065 1521 1121 studio.
1573 1066 1866 1120 Coronata
1922 1067 2114 1119 Theo—

2243 1061 2568 1134 ιραμμὲνους
2599 1061 2688 1116 καὶ
2720 1064 2821 1131 τήν
2865 1065 2972 1116 τῶν
3024 1065 3232 1115 σεπτῶν
3283 1059 3502 1114 εἰκόνων
3553 1059 3863 1134 προσκύνη-

461 1159 626 1224 dora,
659 1163 850 1212 mater
881 1173 1116 1226 quoque
1151 1156 1282 1226 ejus
1310 1155 1644 1209 Tbeoctista
1674 1160 1845 1208 zostaa
1903 1159 1961 1208 et
2007 1170 2113 1224 pa-

2243 1170 2299 1203 rw
2357 1150 2455 1205 οὐκ
2519 1149 2944 1224 ἐξαρνουμένους
3029 1150 3103 1210 ὡς
3187 1151 3304 1204 κατ’
3407 1149 3579 1203 ἐκεῖνο
3673 1148 3860 1210 πάντες

465 1246 650 1302 tricies
683 1245 968 1316 dignitate
1003 1249 1214 1298 ornata
1245 1248 1352 1298 est.
1377 1244 1458 1297 Ea
1487 1243 1729 1297 domum
1753 1242 1960 1296 habuit
1980 1259 2112 1314 pro-

2243 1244 2429 1314 ιειροῦ,
2463 1239 2872 1312 ἀσπαζομένους
2905 1236 2961 1294 δὲ
3009 1239 3097 1293 καὶ
3151 1239 3651 1312 ἐνστερνιζομένους
3703 1238 3861 1311 ὑπερ-

470 1335 695 1391 ximam
729 1333 993 1389 Gastriis.
1020 1334 1090 1386 Et
1119 1331 1274 1387 filias
1303 1331 1624 1386 Theodore:
1678 1331 1751 1386 ad
1800 1348 1860 1386 se
1909 1330 2114 1386 crebro

2243 1330 2388 1404 ρυῶς,
2425 1326 2734 1401 Διαδήματι
2791 1327 2848 1383 δὲ
2910 1332 3012 1394 τῆς
3073 1325 3355 1403 Θεοδώρας
3413 1327 3861 1404 καταπειρθείσης

464 1425 718 1478 invitans
769 1422 1056 1493 (quinque
1111 1426 1284 1477 erant
1330 1437 1600 1489 numero,
1643 1421 1875 1487 Thecia,
1923 1424 2114 1488 Anna,

2243 1420 2310 1472 ιαὶ
2341 1421 2375 1488 ἡ
2406 1417 2608 1488 ταύτης
2643 1420 2830 1492 μήτηρ
2862 1417 3159 1487 Θεοκτίσ-.η
3203 1419 3381 1488 ζωστή
3431 1437 3490 1472 τε
3531 1417 3622 1472 καὶ
3672 1437 3863 1490 πατρι-

463 1511 796 1580 Anastasia,
832 1511 1146 1566 Pulcheria
1168 1516 1226 1565 et
1241 1511 1440 1580 Maria)
1464 1527 1532 1566 ac
1553 1510 1728 1566 variis
1746 1509 2115 1577 muneribus,

2243 1507 2309 1562 ιία
2341 1509 2452 1581 (85)
2480 1507 2765 1580 τετίμητο.
2798 1506 2948 1578 Αὓτη
2979 1504 3026 1562 δ’
3073 1508 3167 1561 οὗν
3200 1509 3233 1577 ἡ
3265 1505 3561 1576 Θεοκτίστη
3613 1506 3754 1560 κατᾶ
3782 1507 3868 1560 τὸν

465 1601 648 1673 quibu
672 1599 1025 1655 sdemulceri
1058 1599 1107 1654 is
1139 1615 1315 1654 sexus
1346 1599 1519 1666 solet,
1551 1599 1888 1662 blandiens,
1954 1615 2118 1654 seor-

2243 1604 2420 1666 ,ακτῆς
2451 1599 2600 1652 οἷκον
2631 1595 2850 1673 ἔγγιστα
2883 1594 3224 1670 διακείμενον
3255 1601 3361 1650 τῶν
3427 1597 3733 1668 Γαστρίων,
3782 1596 3869 1655 τὰς

471 1691 582 1745 sim
617 1691 921 1745 exhortata
953 1695 1042 1744 est
1071 1695 1135 1744 ut
1167 1705 1345 1760 supra
1377 1705 1550 1744 suum
1583 1705 1788 1744 sexum
1822 1692 2118 1759 saperent,

2243 1692 2322 1754 τῆς
2353 1682 2636 1752 Θεοδώρας
2671 1683 3124 1757 μετακαλουμένη
3179 1681 3378 1745 παῖδας
3429 1685 3605 1756 (πέντε
3635 1681 3694 1738 δὲ
3732 1683 3864 1750 ἦσαν

467 1781 818 1851 animosque
850 1779 1043 1834 viriles
1075 1784 1133 1833 et
1171 1785 1442 1834 materna
1488 1777 1728 1833 fortuna
1766 1777 1973 1848 dignos
2023 1793 2120 1832 su-

2243 1775 2313 1829 τὸν
2345 1774 2600 1848 ἀριθμὸν,
2632 1775 2667 1842 ἢ
2699 1795 2757 1829 τε
2788 1773 2985 1842 Θὲκλα,
3043 1776 3229 1842 Ἅννα,
3283 1773 3630 1841 Ἀναστασία,
3683 1771 3864 1829 Βουλ-

474 1873 727 1934 merent,
762 1867 1235 1936 abominataeque
1269 1868 1453 1937 patris
1481 1866 1736 1921 hmresin
1767 1883 1963 1921 sacras
1993 1882 2118 1920 am-

2243 1863 2390 1938 ίερία
2418 1883 2477 1918 τε
2506 1862 2597 1917 καῖ
2628 1863 2833 1938 Μαρία)
2866 1861 3063 1926 ἄλλαις
3089 1884 3147 1918 τε
3197 1859 3426 1937 δωρεαῖς
3476 1864 3564 1923 αῖς
3608 1861 3864 1935 ὑποσύρε-

471 1957 878 2028 plecterentur
935 1956 1242 2027 imagines.
1303 1955 1488 2009 Simul
1540 1961 1600 2009 et
1651 1971 1720 2009 ex
1777 1955 1926 2009 cista
1984 1971 2123 2024 qua-

2243 1959 2350 2012 τθαι
2381 1958 2444 2011 τὸ
2477 1955 2617 2025 θῆλυ
2649 1955 2880 2035 πέφυκεν
2933 1953 3222 2025 ἐδεξιοῦτο,
3273 1955 3365 2009 καὶ
3415 1952 3529 2025 ἲδίᾳ
3579 1953 3863 2029 παραλαμ-

473 2045 610 2098 dam
671 2045 1051 2114 depromptas
1111 2059 1211 2097 eas
1271 2044 1330 2096 in
1415 2059 1628 2097 manus
1686 2044 1843 2097 υθιι
1909 2042 2124 2114 puellis

2243 2041 2466 2100 Βάνουσα
2502 2047 2577 2118 μή
2615 2044 3004 2119 μαλακίζεσθαι
3039 2041 3179 2118 μηδὲ
3214 2042 3388 2116 μένειν
3445 2041 3698 2114 θηλείας,
3747 2040 3864 2114 ὅπερ

472 2133 657 2196 dedit,
689 2132 979 2202 facieique
1012 2138 1071 2186 et
1101 2131 1274 2186 labiis
1306 2130 1584 2199 admovit,
1610 2137 1676 2186 ut
1706 2148 1909 2186 earum
1959 2149 2120 2187 amo'

469 2239 596 2277 rem
631 2221 933 2276 excitaret.
969 2223 1088 2276 Hoc
1118 2237 1254 2276 cum
1284 2221 1381 2276 illa
1411 2220 1734 2275 identidem
1794 2227 2011 2293 ageret,
2059 2226 2126 2275 ut

466 2311 833 2368 desiderium
865 2310 1057 2366 cultus
1090 2310 1521 2365 venerabilium
1568 2310 1894 2383 imaginum
1927 2310 1988 2364 in
2019 2326 2127 2364 ne—

470 2400 669 2472 ptibus
711 2398 1043 2467 accederet,
1095 2415 1214 2453 non
1264 2398 1474 2453 fefellit
1519 2399 1928 2469 TheOphilum.
1980 2401 2124 2454 Nam

471 2491 523 2546 is
553 2490 875 2562 aliquando
909 2507 1043 2545 cum
1077 2489 1228 2544 ﬁlias
1269 2490 1666 2562 interrogaret
1713 2489 1998 2560 quidnam
2051 2489 2124 2544 ab

473 2580 600 2635 avia
622 2580 914 2635 donorum
940 2579 1440 2650 accepissent,aut
1458 2579 1602 2650 quid
1616 2579 1831 2633 scitum
1845 2579 2124 2652 egissent,

471 2668 717 2740 reliquis
736 2669 1257 2736 interrsgationem
1284 2669 1414 2738 ejus
1428 2667 1604 2721 veluti
1628 2684 1832 2722 ansam
1858 2674 2128 2723 constan-

469 2764 560 2815 ter
591 2757 1050 2814 declinantibus.
1085 2757 1401 2812 Pulcheria
1433 2756 1669 2812 tenella:
1693 2758 1884 2812 uitatis
1905 2757 2128 2830 simpli-

472 2847 649 2902 citate
683 2846 878 2914 ducta,
913 2863 1091 2916 quam
1121 2845 1339 2901 blande
1361 2851 1625 2902 tractata;
1643 2852 1844 2902 essent
1863 2863 1929 2903 ac
1947 2863 2126 2918 quam

473 2936 650 2992 variis
681 2934 970 2991 fructibus
1002 2935 1234 2990 donata:
1266 2951 1588 3007 exponens,
1632 2936 1948 3009 imaginum
1981 2953 2129 3006 quo-

476 3042 592 3098 que
615 3024 1024 3080 adorationem
1046 3023 1328 3096 prodidit,
1346 3024 1487 3080 avias
1509 3024 1570 3080 in
1597 3025 1743 3080 cista
1759 3024 1978 3081 multas
1999 3043 2127 3082 esse

476 3117 713 3187 Puppas
735 3113 960 3176 dicens,
983 3129 1131 3184 quas
1160 3113 1426 3185 ipsarum
1457 3113 1748 3186 capitibus
1781 3120 1839 3169 et
1868 3114 2123 3170 vultibus

475 3218 543 3258 ea
574 3207 706 3274 post
736 3202 939 3258 oscula
967 3201 1341 3272 applicuerit.
1376 3201 1458 3257 Ob
1509 3203 1634 3257 huic
1681 3202 1878 3256 furore
1927 3203 2117 3273 perci-

477 3297 572 3348 tus
592 3291 916 3362 imperator
929 3291 1138 3345 durius
1159 3297 1359 3346 tamen
1375 3291 1433 3344 in
1456 3308 1691 3347 socrum
1706 3297 1964 3348 statuere
1978 3293 2128 3348 nihil

479 3396 658 3435 ausus
690 3384 800 3446 est,
827 3378 1159 3434 reverentia
1187 3379 1386 3434 uxoris
1419 3385 1476 3434 et
1505 3380 1692 3434 multo
1723 3380 1909 3453 magis
1941 3381 2127 3452 ipsius

2231 2135 2389 2204 ἦσαν,
2433 2133 2760 2208 ἐξελιπαρει,
2813 2131 3150 2208 ἀνδρίζεσθαι
3211 2130 3268 2187 δὶ
3323 2133 3409 2187 καὶ
3457 2139 3559 2200 τῆς
3622 2132 3865 2204 μητρῴας

2231 2222 2410 2293 θηλῆς
2443 2222 2566 2294 ἄξια
2597 2221 2924 2278 διανοεῖσθαι
2975 2223 3064 2278 καὶ
3114 2221 3411 2300 πγέποντα.
3459 2222 3559 2289 τήν
3613 2222 3861 2295 πατρῴαν

2234 2314 2328 2387 μὲν
2388 2311 2598 2388 α’ίρεσιν
2659 2311 3093 2386 μυσαττομένας,
3152 2313 3632 2386 κατασπαζομένας
3692 2309 3746 2365 δὲ
3782 2310 3863 2372 τὰς

2229 2407 2336 2457 τῶν
2395 2403 2558 2476 ἁγίων
2618 2402 2842 2458 εἶ’κόνων
2903 2404 3134 2480 μορφάς.
3215 2403 3322 2458 Καὶ
3380 2397 3494 2475 ἅμα
3544 2401 3744 2462 ταύτας
3793 2399 3860 2458 εἷς

2231 2496 2423 2568 χεῖρας
2455 2488 2810 2564 ἐμϐάλλουσα
2841 2490 3125 2569 (ἐφύλαττε
3155 2487 3212 2545 δέ
3242 2486 3296 2545 ἔν
3343 2512 3449 2544 τινι
3493 2485 3761 2560 κιϐωτίῳ)
3795 2491 3864 2558 τῷ

2227 2600 2288 2636 τε
2347 2581 2627 2654 προσώπῳ
2685 2581 2774 2634 καὶ
2829 2585 2947 2644 τοῖς
3001 2578 3241 2656 χείλεσιν
3299 2580 3475 2634 αὐτῶν
3531 2577 3859 2650 ἐπιτιθεμένη

2229 2667 2446 2742 ἡγίαζε,
2479 2668 2566 2722 καὶ
2600 2669 2736 2742 πρὸς
2769 2668 2832 2724 τὸ
2867 2668 3089 2724 ἐκείνων
3120 2669 3403 2743 ἀνηρέθιζε
3433 2667 3682 2748 φὲλτρον.
3707 2669 3864 2722 Τοῦτο

2233 2758 2323 2812 οὗν
2358 2754 2665 2832 ἐνδελεχῶς
2702 2759 2957 2828 ποιοῦσα,
2987 2757 3076 2812 καὶ
3105 2764 3225 2818 ταῖς
3255 2757 3500 2832 ἐγγόνοις
3521 2758 3612 2812 τὸν
3635 2757 3755 2831 περὶ
3781 2755 3862 2815 τὰς

2233 2847 2378 2908 θείας
2411 2845 2618 2908 εῗκόνας
2645 2849 2811 2902 πόθον
2845 2847 3152 2903 ἀνάπτουσα
3190 2846 3291 2902 οὐκ
3337 2844 3496 2901 ἔλαθε
3539 2846 3631 2902 τὸν
3687 2844 3862 2924 656?:-

2233 2933 2331 2991 λον
2363 2935 2762 3009 πυνθανόμενον
2796 2934 2827 2991 6'
2853 2957 2904 2990 τι
2935 2940 3013 3007 {te
3063 2936 3246 2997 αὐταῖς
3298 2935 3442 3006 παρὰ
3486 2943 3586 3004 τῆς
3644 2935 3862 3008 μάμμης

2233 3020 2538 3098 δεδώρηται
2562 3025 2652 3080 καὶ
2683 3024 2714 3080 ὅ
2743 3047 2797 3081 τι
2829 3027 3068 3104 χάριτος
3099 3025 3430 3102 ἐξείργασται
3465 3024 3632 3098 ἄξιον.
3669 3025 3736 3080 Ai.
3780 3022 3860 3094 μὶν

2233 3112 2328 3167 οὖν
2365 3111 2531 3168 ἄλλαι
2561 3113 2657 3175 τὰς
2687 3114 2884 3168 τούτου
2913 3113 3151 3180 πεύσεις,
3186 3114 3452 3188 σταθηρὸν
3481 3107 3712 3192 ἔχουσαι
3750 3109 3862 3188 φρό·

2234 3223 2407 3274 νημα,
2469 3201 2652 3277 ὥσπερ
2711 3202 2858 3265 τινὲς
2917 3198 3088 3264 λαϐὰς
3148 3201 3466 3278 ἐῤῥωμὲνως
3528 3201 3864 3276 παρέτρεχον·

2237 3292 2273 3360 ἡ
2304 3289 2361 3345 δὶ
2392 3289 2706 3368 Πουλχερία
2736 3293 2871 3346 κατὰ
2898 3294 2998 3361 τήν
3032 3291 3256 3361 ἡλικίαν
3306 3291 3644 3361 νηπιᾶζουσα
3689 3290 3777 3351 τάς
3817 3309 3864 3342 τε

2239 3376 2644 3456 φιλοφροσύνας
2675 3379 2932 3455 κατέλεγε
2960 3379 3052 3435 καὶ
3100 3378 3163 3435 τὰ
3213 3377 3427 3448 πλῆθος
3477 3384 3586 3434 τῶν
3631 3381 3868 3453 ὀπωρῶν,

476 3432 828 3524 ﬁssas
859 3432 1487 3538 libertate—impeditus
1509 3432 1682 3535 (naui
1722 3432 2129 3539 gazas“;

2251 3432 2294 3456 1⁷
2357 3432 2538 3455 ⁷ΤΓ”Ῠ⁷
2590 3432 3048 3455 ""‘VV‘V'Vvlvnn'
3114 3432 3157 3435 '_
3222 3432 3425 3448 ⁷’⁷⁵’“’
3491 3432 3578 3434 “”⁷
3643 3432 3652 3434 ἡ
3693 3432 3764 3453 fil
3857 3432 3866 3443 '

2243 3471 2545 3548 προσετίθει
2579 3469 2636 3526 δὲ
2661 3471 2748 3526 καὶ
2798 3473 2896 3541 τήν
2943 3475 3051 3525 τῶν
3113 3475 3318 3525 σεπτῶν
3377 3469 3602 3524 είκόνων
3653 3467 3866 3543 προσκύ-

480 3555 677 3626 palam
737 3553 1164 3622 insectabatur,
1223 3555 1817 3628 reprehendebatque
1895 3562 2136 3629 propter

482 3644 863 3717 quotidianas
893 3644 1304 3700 confessorum
1335 3647 1674 3702 vexationes
1715 3647 2132 3719 bmresimque,

481 3738 539 3790 et
569 3733 722 3788 ferre
755 3734 878 3790 sola
907 3735 1320 3791 universorum
1355 3735 1416 3790 in
1448 3752 1583 3790 eum
1627 3736 1763 3791 odia
1815 3737 2132 3808 patefacie-

482 3822 606 3892 bat)
631 3839 643 3876 :
671 3827 900 3878 tantum
931 3823 1167 3880 filiabus
1187 3825 1330 3880 avias
1358 3825 1519 3880 aditu
1547 3825 1606 3880 in
1629 3831 1932 3897 posterum
1951 3827 2132 3882 inter-

483 3911 656 3966 dixit.

2236 3582 2416 3633 νησιν,
2465 3559 2609 3614 οὕτω
2666 3557 2721 3614 δὲ
2777 3558 2960 3615 ἁπαλὰ
3020 3563 3292 3638 φρονοῦσα
3343 3559 3431 3613 καὶ
3491 3557 3764 3635 λέγουσα,’
3803 3557 3864 3616 ὡς

2239 3647 2378 3702 νινία
2408 3645 2598 3702 πολλὰ
2627 3644 2711 3716 εἴη
2746 3644 2880 3712 αὐτῆ
2911 3646 3048 3701 κατᾶ
3075 3647 3137 3700 τὸ
3168 3641 3451 3713 κιϐώτιον,
3482 3646 3573 3700 καὶ
3620 3651 3786 3701 ταῦτα
3811 3644 3866 3716 τῇ

2238 3734 2452 3816 κεφαλῇ
2479 3735 2572 3789 καὶ
2603 3741 2721 3796 τοῖς
2752 3735 3069 3808 προσώποις
3107 3737 3266 3808 ἡμῶν
3312 3734 3586 3803 ἐπιτίθησι
3640 3736 3774 3806 μετὰ
3815 3732 3869 3788 τὰ

2241 3824 2552 3904 φιλήματα.
2585 3825 2766 3880 Ταῦτα
2802 3823 2894 3878 τὸν
2950 3821 3178 3898 βασιλέα
3237 3823 3312 3885 εἷς
3374 3823 3566 3896 μανίαν
3629 3821 3873 3897 διήγειρε,

2239 3915 2438 3989 πρᾶξαι
2461 3910 2517 3967 δέ
2547 3934 2599 3967 τι
2647 3916 2758 3966 τῶν
2812 3908 3259 3985 δραστικωτέρων
3311 3913 3386 3974 εἱς
3429 3911 3597 3981 αὐτὴν
3658 3911 3874 3968 ἐκωλύε-

481 4019 568 4066 το,
608 4001 677 4071 τῇ
708 4019 764 4054 τε
795 4001 934 4073 πρὸς
959 4001 1059 4068 τὴν
1093 4005 1316 4074 γυναῖκα
1347 3999 1496 4056 αἲδοῖ
1542 4002 1635 4056 καί
1690 3997 1950 4074 εὐλαϐείᾳ
1993 4003 2084 4057 καὶ
2142 4000 2308 4059 πλέον
2365 4002 2400 4071 ἦ
2461 4001 2730 4081 ἐκέχρητο
2787 4000 3064 4078 παρρησίᾳ
3120 4000 3435 4076 εἴργόμενος
3498 4003 3609 4074 (καὶ
3669 4005 3767 4078 γὰρ
3818 4000 3872 4068 ἦν

481 4087 762 4162 ἆριδήλως
794 4086 1211 4144 ἒπισκώπτουσα
1239 4094 1430 4144 τοῦτον
1481 4090 1571 4145 καὶ
1625 4087 1986 4167 διελέγχουσα
2037 4090 2127 4146 ἐπί
2172 4113 2232 4148 τε
2277 4096 2397 4152 τοῖς
2446 4093 2563 4154 καθ’
2619 4090 2828 4165 ἡμέραν
2886 4088 2995 4145 τῶν
3055 4089 3424 4165 ὁμολογητῶν
3481 4088 3748 4165 διωγμοῖς
3799 4087 3872 4142 καὶ

477 4180 550 4248 τῇ
583 4173 897 4250 δηλωθείσῃ
959 4178 1181 4252 αίρέσει,
1243 4181 1331 4252 [Ρ.
1388 4182 1513 4252 516]
1569 4180 1659 4234 καὶ
1720 4180 1856 4252 μόνη
1917 4185 2115 4254 μικροῦ
2181 4181 2409 4258 φανερὰν
2469 4184 2704 4234 ποιοῦσα
2757 4181 2856 4248 τήν
2915 4179 3052 4255 πρὸς
3105 4179 3264 4234 αὐτὸν
3323 4183 3430 4234 τῶν
3485 4180 3737 4236 ἁπάντων
3785 4180 3874 4235 ἄπ-

481 4264 744 4336 ἐχθειαν),
777 4262 986 4319 ἐκώλυε
1017 4263 1074 4320 δὲ
1106 4267 1272 4338 μόνον
1303 4269 1403 4336 τὴν
1437 4267 1572 4339 πρὸς
1600 4269 1698 4336 τὴν
1732 4269 2058 4337 Θεοκτίστην
2087 4273 2194 4324 τῶν
2227 4268 2539 4344 θυγατέρων
2573 4270 2740 4324 αὐτοῦ
2772 4268 2970 4346 ἄφιξιν.

557 4351 776 4407 Similis
808 4370 980 4409 casus
1011 4358 1288 4428 Augusta;
1320 4357 1548 4431 obtigit.
1581 4359 1866 4414 Alebatur
1895 4359 1955 4413 in
1999 4359 2137 4415 aula

481 4439 802 4495 homuncio
833 4440 1032 4497 fatuus
1065 4449 1123 4498 et
1154 4445 1444 4500 Homerici
1475 4446 1759 4502 Thersitaa
1814 4447 2135 4518 persimilis

2317 4357 2546 4420 Τούτοις
2595 4359 2956 4433 παραπλήσια
3013 4353 3326 4431 συμϐέϐηκε
3382 4357 3471 4414 καὶ
3519 4364 3588 4433 τῇ
3653 4354 3875 4434 βασιλίδι

2248 4443 2526 4523 Θεοδώρᾳ.
2560 4447 2846 4526 Ἐτρέιρετο
2895 4447 3040 4519 παρὰ
3094 4452 3212 4511 τοῖς
3259 4445 3561 4522 βασιλείοις
3606 4445 3875 4523 ἀνδράριον

1681 4623 2045 4680 XYLANDRI
2083 4625 2171 4679 ET
2210 4625 2424 4682 GOARI
2465 4626 2682 4680 ΝΟΤΕ.

553 4792 668 4866 (85)
700 4791 890 4862 Supra
921 4797 1096 4866 zostes
1110 4789 1230 4845 sive
1261 4791 1780 4866 cinctgprivilegio
1802 4798 1862 4848 et
1887 4793 2140 4863 patricia
2170 4797 2218 4860 ι)
2252 4792 2429 4848 honor
2455 4795 2572 4866 ipse
2602 4794 2812 4866 cinctus
2841 4798 2943 4866 est,
2974 4808 3096 4866 cum
3135 4799 3378 4866 uacaret,
3437 4789 3878 4866 nihilgjurisdic"

484 4865 730 4920 nomine
761 4868 1011 4933 augetur
1038 4862 1374 4917 Theoctista
1403 4862 1723 4919 Theodore}
1763 4862 1971 4920 mater.
2004 4869 2138 4919 Am-

484 4935 724 4992 bierunt
754 4935 913 4990 enim
947 4935 1124 4989 etiam
1150 4934 1388 4989 feminae
1433 4934 1846 4990 sublimiorum
1897 4941 1956 4990 et
2003 4936 2140 4990 viris

485 5006 863 5063 solummodo
878 5021 1296 5079 concessarum
1315 5006 1748 5079 appellationes
1762 5007 2138 5079 dignitatum,

487 5079 696 5149 quidni
731 5083 788 5132 et
820 5077 1104 5150 insignia,
1131 5094 1264 5150 quae
1294 5077 1520 5150 nullam
1551 5077 1885 5150 anguerunt
1915 5079 1975 5132 in
2003 5078 2141 5131 viris

491 5148 989 5214 iurisdictionem,
1022 5148 1211 5204 solam
1253 5149 1586 5204 indicarent
1625 5149 2053 5204 sublimitatem
2087 5153 2144 5203 et

534 5238 780 5276 onorem
795 5221 822 5275 Ἰ
835 5221 1182 5291 patriciatus
1199 5227 1398 5293 autem
1422 5220 1678 5292 dignitas
1693 5221 2141 5293 jurisdictione,

493 5308 610 5361 qua
640 5293 907 5347 solitaria
938 5298 1049 5358 est,
1082 5297 1268 5350 vacat.
1301 5291 1504 5363 gloriae
1536 5293 1658 5348 fere
1697 5291 2022 5363 supremus
2055 5298 2146 5346 est

496 5363 734 5431 gradus.
759 5363 831 5417 ad
851 5381 1022 5436 quem
1042 5363 1288 5434 proinde
1311 5361 1564 5436 feminas
1578 5364 1687 5418 sibi
1704 5361 2145 5436 conjunctiores

495 5438 818 5506 potuerunt
847 5434 1234 5506 imperatores
1260 5435 1527 5506 evehere,
1547 5451 1778 5490 necnon
1802 5434 2146 5506 patriciatus

497 5500 684 5576 virilis
711 5500 1036 5576 insignibus
1059 5520 1366 5576 exornare,
1391 5505 1610 5573 cingulo
1630 5500 1933 5563 nimir'um.
1963 5506 2148 5576 Hujus

501 5571 858 5697 conéecturaa
887 5574 1273 5629 Cassiodorus
1298 5571 1598 5654 auctorem
1628 5593 1690 5632 se
1716 5579 1914 5649 prodit
1935 5571 2069 5658 Var:
2093 5579 2148 5644 6,

501 5645 556 5698 2.
641 5656 780 5698 ulus
808 5642 986 5696 verba
1042 5649 1218 5698 sunt:
1280 5647 1422 5698 Hinc
1481 5654 1560 5698 est
1617 5648 1764 5698 συοὰ
1817 5650 2148 5698 nan-miluus

2253 4867 2418 4918 tionis
2449 4865 2648 4936 habens
2677 4871 2729 4918 et
2749 4864 3062 4936 judicantis
3093 4863 3376 4936 cingulum
3419 4880 3543 4936 non,
3582 4865 3877 4936 deponens:

2250 4941 2440 5006 morte
2472 4935 2691 5006 quippe
2721 4931 2841 4989 non
2873 4931 3269 5001 exstinguitur
3297 4936 3490 4991 honor
3532 4931 3878 5004 hujusmodi

2248 5005 2455 5062 Subdit
2505 5005 2864 5077 propterea:
2923 5013 3150 5060 ornatus
3207 5006 3546 5071 individuus,
3609 5007 3871 5077 cingulum

2247 5078 2424 5146 ﬁdele,
2457 5075 2814 5146 quod‘nescz't
2870 5083 2998 5131 ante
3054 5079 3298 5148 deserere
3354 5094 3519 5148 quam
3567 5078 3634 5132 de
3689 5075 3873 5133 mundo

2251 5151 2440 5213 exire;
2473 5150 2678 5218 unique
2709 5155 2924 5202 tantum
2973 5147 3117 5203 cedit
3165 5147 3418 5219 (coronm)
3464 5148 3695 5217 fulguri,
3735 5161 3874 5220 quem

2253 5220 2532 5274 interdum
2559 5217 2723 5274 etiam
2751 5236 2785 5273 a
2814 5220 2968 5274 nobis
2998 5225 3208 5274 constat
3248 5217 3470 5275 assumi.
3503 5221 3590 5274 Ita
3638 5217 3875 5276 forinula

2253 5308 2325 5345 ex
2349 5290 2634 5362 principis
2660 5305 2932 5362 persona.
2958 5292 3036 5344 Ex
3061 5290 3466 5362 quibusquam
3483 5291 3707 5362 vicinus
3720 5287 3876 5348 fuerit

2254 5361 2635 5433 imperatorio
2666 5361 3013 5433 Theoctistm
3050 5378 3156 5416 ceu
3189 5361 3380 5417 socrui
3431 5361 3660 5418 delatus
3713 5365 3879 5418 honor

2254 5432 2372 5488 non
2405 5432 2648 5505 difficile
2681 5439 2767 5486 est
2797 5432 3095 5504 colligere.
3118 5433 3460 5505 Secundam
3491 5441 3710 5490 zostem
3742 5434 3875 5505 leges

2255 5522 2315 5578 p_.
2348 5507 2470 5578 850,
2505 5504 2737 5578 tertiam
2761 5520 2822 5578 _p.
2877 5507 2999 5558 501.
3053 5504 3237 5572 Ζώνης
3287 5504 3588 5578 ὑπεροχήν,
3641 5504 3875 5578 εἱοαῑίθί

2257 5574 2330 5649 ob
2361 5574 2945 5649 crimen‘écputpec'tv,
3007 5582 3298 5649 memorat
3351 5574 3504 5633 liber
3571 5578 3778 5633 Leonis
3829 5575 3876 5627 et

641 5643 780 5714 ujus
808 5642 986 5696 verba
1042 5649 1218 5698 sunt:
1280 5645 1422 5700 Hinc
1481 5654 1560 5702 est
1617 5642 1764 5718 quo'd
1814 5642 2151 5720 patriciatus
2260 5645 2628 5706 Constantini
2660 5642 2777 5705 A'A.
2813 5646 2901 5704 tit.
2932 5642 3034 5715 vn,
3067 5647 3209 5704 tom.
3242 5648 3314 5720 II,
3345 5649 3642 5708 Juris'GR.
3687 5649 3844 5707 ϐω.
