4126 6220
333 337 452 407 989

329 475 815 553 παρακεκομμένον
889 479 999 551 (86)
1057 477 1146 532 καὶ

333 568 667 641 παρόμοιον,
711 563 955 641 Δένδερις
1021 569 1132 638 (87)
1191 561 1367 639 ὄνομα
1423 566 1624 638 τούτῳ,
1683 563 1875 638 ἅσημά
1934 583 1990 618 τε

338 658 706 736 φθεγγόμενον
739 656 826 710 καὶ
861 654 1078 730 γέλωτα
1102 658 1289 709 κινοῦν
1346 655 1436 709 καὶ
1493 651 1762 727 θυμηδίας
1812 647 1991 707 ἕνεκεν

342 751 459 807 τοῖς
495 744 791 821 βασιλείοις
836 744 1269 817 ἐνδιαιτώμενον.
1310 747 1484 801 Τοῦτο
1541 748 1668 817 γοῦν
1729 739 1992 811 εἶσπηδῆ-

341 836 436 890 σάν
471 856 603 890 ποτε
637 835 772 888 κατὰ
801 835 891 889 τὸν
921 841 1020 904 τῆς
1047 833 1368 910 Αὖγούστης
1424 831 1782 888 κοιτωνίσκον
1841 830 1990 891 Θείας

343 925 552 986 εἰκόνας
611 917 907 979 κατέλαϐεν
964 922 1128 992 αὐτὴν
1200 922 1726 996 περιπτυσσομένην.
1786 918 1992 980 Ταύτας

343 1012 472 1070 ἰδὼν
505 1013 660 1074 οὗτος
696 1014 723 1067 6
770 1013 1091 1087 παραπαίων
1119 1012 1169 1067 τί
1203 1011 1260 1067 τέ
1315 1010 1446 1066 εἰσιν
1508 1009 1854 1075 ἐπυνθάνετο,
1903 1007 1992 1061 καὶ

341 1103 738 1178 πλησιέστερον
795 1102 968 1167 ἐλθὼν
1045 1101 1454 1174 κατεμάνθανεν.
1514 1101 1577 1156 Ἠ
1633 1096 1689 1154 δὲ
1749 1095 1990 1174 βασιλὶς.

350 1220 369 1245 ι
435 1194 515 1251 Τὰ
597 1192 740 1248 καλά
801 1214 927 1266 μου,
1005 1189 1197 1269 ἔφησεν
1256 1192 1613 1268 ἀγροικικῶς,
1661 1189 1802 1244 νινία
1860 1191 1994 1263 (88),

341 1283 432 1338 καὶ
464 1283 660 1360 ἀγαπῶ
720 1287 888 1338 ταῦτα
945 1281 1149 1339 πολλά.
1219 1305 1248 1334 ››
1310 1281 1562 1338 Eia-113110
1617 1284 1915 1350 τηνικαῦτα
1967 1279 1996 1333 6

347 1373 628 1450 βασιλεὺς,
659 1374 748 1429 καὶ
813 1371 881 1442 δὴ
915 1374 1049 1449 πρὸς
1104 1372 1264 1428 αὐτὸν
1324 1367 1583 1427 διαϐάντα
1636 1372 1730 1425 τὸν
1770 1369 1997 1443 αἰσχρὸν

340 1468 536 1519 τοῦτον
572 1461 816 1538 Δὲνδεριν
849 1464 1014 1539 ἤρετο
1047 1462 1172 1518 ὅποι
1204 1463 1336 1517 ποτε
1376 1460 1662 1537 ἐτύγχανεν
1720 1455 1816 1514 ὤν·
1852 1460 1880 1513 ὁ
1941 1457 1998 1512 δὲ

348 1555 494 1626 παρά
521 1554 621 1620 τήν
676 1551 870 1626 μάνναν
931 1555 1039 1625 (89)
1099 1549 1292 1628 ἔφησεν
1346 1550 1504 1618 εἶναι,
1560 1550 1658 1617 τήν
1717 1547 1998 1604 δέσποιναν

350 1641 495 1698 οὕτω
547 1640 732 1696 καλῶν
782 1638 1086 1714 Θεοδώραν,
1146 1641 1236 1694 καὶ
1293 1640 1579 1702 θεάσασθαι
1630 1639 1800 1708 αὐτήν
1855 1636 1997 1691 καλὰ

348 1731 493 1788 νινία
521 1734 616 1785 τοῦ
637 1728 1080 1809 προσκεφαλαίου
1139 1728 1472 1802 ἐξαίρουσαν.
1507 1731 1740 1792 Συνῆκεν
1799 1727 1888 1780 οὖν
1967 1727 1995 1781 ὁ

1455 341 1992 407 HISTORIARUM
2041 341 2582 404 COMPENDIUM.

1236 477 1316 549 τῷ
1404 478 1690 552 Ὁμηρικῷ
1748 472 1979 550 Θερσίτῃ

2119 475 2382 532 )enderis
2410 478 2674 545 nomine,
2734 480 3033 552 impeditas
3093 481 3330 554 linguae,
3390 484 3541 541 905
3586 485 3746 543 risus

3628 352 3748 413 990

2103 567 2403 633 excitator,
2438 585 2506 624 ac
2560 569 2621 624 in
2667 571 2890 643 regiam
2937 571 3059 641 joci
3109 587 3287 627 causa
3312 573 3631 630 adhibitus.
3687 575 3743 628 Is

2095 657 2422 729 aliquando
2464 660 2658 716 subito
2711 662 2772 716 in
2831 661 3169 719 cubiculum
3201 666 3476 736 Augusta:
3511 665 3744 720 intrans

2096 747 2490 820 deprehendit
2529 767 2660 806 eam
2710 769 2911 807 sacras
2943 753 3401 824 amplectentem
3433 754 3740 826 imagines,

2097 853 2318 908 easque
2339 839 2541 895 videns
2571 840 2858 911 quidnam
2880 842 2965 895 rei
2993 847 3151 896 esset
3181 843 3748 913 qumsivit,propius-

2099 943 2213 998 que
2257 929 2543 984 accedens
2602 931 2882 1002 percepit.
2944 934 3206 1003 Augusta
3263 931 3596 988 subrustice
3655 948 3752 987 re-

2099 1017 2341 1088 spondit
2389 1035 2526 1073 suas
2574 1019 2854 1089 pulchras
2905 1036 3131 1092 puppas
3195 1037 3345 1087 esse,
3413 1020 3579 1076 valde
3637 1021 3750 1076 sibi

2099 1111 2344 1161 amatas.
2379 1110 2517 1162 Erat
2547 1114 2669 1164 tum
2704 1109 2766 1163 in
2797 1109 3058 1164 convivio
3091 1111 3495 1180 imperator,et
3519 1117 3750 1182 turpem

2101 1195 2281 1250 istum
2314 1196 2630 1251 Denderim
2649 1197 2721 1252 ad
2741 1214 2802 1252 se
2834 1198 2972 1253 inde
2991 1200 3318 1254 venientem
3347 1200 3752 1272 interrogabat

2098 1283 2199 1340 ubi
2231 1285 2459 1340 fuisset.
2491 1287 2817 1357 Respondit
2875 1288 2924 1342 is
2967 1288 3121 1359 apud
3154 1305 3394 1344 manam
3425 1290 3530 1358 (sic
3551 1289 3753 1360 appel-

2099 1372 2260 1429 labat
2283 1377 2629 1447 Augustam)
2654 1393 2715 1431 se
2746 1377 2950 1445 fuisse,
2983 1377 3319 1448 vidisseque
3353 1395 3481 1433 eam
3509 1394 3581 1432 ex
3611 1377 3752 1449 pul-

2099 1463 2286 1518 vinari
2320 1464 2599 1535 pulchras
2630 1482 2859 1536 puppas
2917 1467 3388 1538 depromentem.
3446 1467 3754 1524 Intellecta

2100 1569 2164 1608 re
2187 1554 2509 1624 imperator
2559 1555 2663 1608 iraa
2721 1554 2937 1626 plenus
2967 1556 3040 1610 de
3069 1572 3274 1611 mensa
3304 1557 3577 1624 surrexit,
3635 1562 3755 1611 sta—

2101 1642 2326 1713 timque
2360 1659 2608 1698 uxorem
2634 1644 2801 1710 adiit,
2835 1644 3155 1714 multisque
3197 1645 3441 1717 ingestis
3472 1645 3752 1700 conviciis

2103 1746 2233 1786 eam
2258 1731 2692 1803 imaginicolam
2743 1733 2951 1788 effreni
3012 1733 3215 1805 lingua
3272 1734 3618 1802 nominavit,
3673 1733 3755 1788 si-

353 1820 628 1899 βασιλεὺς,
656 1821 746 1875 καὶ
777 1818 1002 1891 πλήρης
1064 1819 1235 1896 ὀργῆς
1288 1817 1582 1892 γενόμενος
1633 1817 1880 1890 ἐξανέστη
1940 1836 1997 1869 τε

2119 1820 2230 1874 mul
2252 1821 2599 1876 Denderidis
2632 1821 2921 1876 indicium
2952 1839 3276 1894 exponens.
3310 1823 3422 1878 Sed
3452 1823 3758 1877 Theodora

347 1919 446 1982 τῆς
477 1910 750 1986 τραπέζης
776 1909 866 1963 καὶ
896 1909 1030 1984 πρὸς
1061 1908 1230 1977 αὐτὴν
1261 1905 1508 1976 ἀπῆλθεν
1559 1905 1737 1974 εὐθὺς,
1798 1902 1996 1965 ἄΑλαις

350 2023 409 2058 τε
437 1998 676 2063 πολλαῖς
706 1994 890 2074 ὕϐρεσι
922 1996 1142 2053 πλύνων
1171 1997 1261 2052 xui
1284 1993 1682 2069 ei3w1o1u1pw
1711 1992 2004 2065 ἀκολάστῳ

350 2088 572 2166 γλώσσῃ
601 2087 917 2142 ἀποκαλῶν’
949 2086 1038 2142 καὶ
1072 2087 1184 2158 ἅμα
1214 2083 1414 2159 διεξῄει
1468 2083 1594 2144 τοὺς
1655 2083 1858 2159 λόγους
1907 2085 2004 2136 τοῦ

357 2183 622 2253 μυσαροῦ.
653 2178 716 2234 Ἡ
749 2174 807 2231 δὲ
835 2176 970 2238 τὲως
1045 2176 1138 2247 μὲν
1198 2175 1288 2230 τὸν
1345 2174 1519 2246 θυμὸν
1547 2175 2006 2245 καταστορεννῦσα

353 2273 450 2324 τοῦ
485 2264 778 2342 βασιλέως,
843 2290 869 2316 ‹‹
914 2270 1102 2327 Κακῶς
1159 2262 1484 2340 ὑπείληφας,
1544 2259 1752 2337 ἔλεγεν,
1811 2262 1856 2314 ὧ
1908 2261 2007 2334 βα-

357 2356 530 2411 σιλεῦ·
557 2354 665 2429 οὐχ
702 2354 776 2417 ὡς
801 2355 1154 2414 ὑπώπτευσας
1186 2347 1304 2430 ἔχει
1334 2351 1423 2405 καὶ
1454 2353 1488 2419 ἠ
1534 2349 1784 2420 ἀλήθεια.
1826 2351 1918 2419 Τῷ
1951 2345 2007 2404 δί

360 2446 654 2517 κατόπορῳ
716 2463 819 2514 μου
876 2441 1032 2514 ἥμην
1090 2440 1465 2507 ἐνατενίζουσα
1526 2439 1660 2510 μετά
1703 2441 1811 2491 τῶν
1859 2439 2009 2510 θερα-

363 2528 652 2599 παινίδων,
703 2530 792 2584 xui
856 2529 951 2590 τὰς
1007 2525 1323 2600 τικτομένας
1383 2523 1510 2580 ἰδὼν
1565 2527 1594 2580 6
1652 2522 1891 2599 Δένδερις
1949 2521 2007 2577 ἐκ

361 2621 557 2676 τούτου
593 2619 804 2698 μορφὰς
864 2617 1033 2673 ἐλθὼν
1093 2615 1425 2690 ἀπήγγειλεν
1454 2616 1702 2692 ἀφρόνως
1732 2615 1797 2669 τὰ
1832 2635 2009 2686 μηνυ-

362 2712 537 2775 θέντα.
572 2708 737 2764 »Καὶ
795 2707 888 2762 τὸν
934 2707 1028 2779 μὲν
1087 2711 1185 2761 τοῦ
1245 2704 1514 2782 βασιλέως
1565 2705 1734 2778 θυμὸν
1823 2700 2008 2758 τοῖσδε

355 2799 692 2870 κατεπράϋνε
751 2801 871 2858 τοῖς
929 2794 1144 2872 λόγοις,
1201 2795 1295 2850 τὸν
1354 2792 1596 2870 Δὲνδεριν
1652 2791 1709 2850 δὲ
1789 2790 2007 2864 παιδείᾳ

356 2882 707 2952 καθυπέϐαλε
735 2883 1292 2961 πρεπούσῃ,πείσασα
1343 2887 1419 2959 μή
1479 2905 1611 2940 ποτε
1641 2882 1823 2958 λέγειν
1883 2883 2007 2958 περὶ

357 2985 466 3036 τῶν
496 2979 678 3034 νινίων
708 2976 833 3034 τινί.
898 2977 991 3032 Διὸ
1047 2984 1146 3046 τῆς
1202 2974 1488 3047 δεσποίνης
1546 2975 2007 3051 κατεπαιρόμενός

2109 1915 2174 1962 ut
2204 1909 2401 1964 mariti
2435 1910 2585 1965 iram
2607 1911 2842 1965 sedaret
2873 1911 2933 1965 in
2967 1913 3309 1982 praesentia,
3343 1912 3492 1967 falso
3525 1913 3586 1966 id
3615 1929 3752 1968 eum

2115 1999 2474 2068 suspicatum
2509 2016 2637 2054 esse
2659 1999 2824 2068 dixit,
2859 2006 2918 2054 et
2967 2017 3093 2054 rem
3147 2017 3316 2055 secus
3340 2001 3556 2056 habere
3581 2017 3762 2071 quam

2115 2087 2241 2158 ipse
2263 2095 2574 2159 putasset:
2629 2106 2691 2143 se
2749 2106 2882 2143 cum
2927 2089 3161 2145 ancillis
3221 2091 3281 2144 in
3333 2091 3600 2162 speculo
3631 2107 3762 2146 sese

2115 2177 2466 2244 Contuitam,
2498 2193 2563 2231 ac
2590 2177 2908 2232 Denderim
2940 2179 3229 2251 imagines
3269 2180 3331 2234 in
3364 2196 3432 2234 eo
3465 2179 3765 2250 conspica-

2116 2270 2241 2319 tum
2293 2265 2470 2319 stulte
2502 2265 2788 2320 indicium
2822 2267 2892 2320 de
2926 2267 3063 2322 visis
3094 2269 3308 2338 puppis
3339 2269 3628 2323 attulisse.
3666 2269 3766 2324 His

2116 2353 2233 2406 illis
2260 2353 2450 2406 verbis
2481 2370 2615 2407 cum
2647 2354 3051 2424 demitigasset
3082 2356 3291 2411 virum.
3326 2356 3643 2410 Denderim
3673 2356 3764 2409 di-

2116 2442 2248 2513 gnis
2271 2442 2461 2496 modis
2492 2442 2814 2513 castigavit,
2840 2442 3157 2513 docuitque
3188 2445 3250 2496 in
3279 2450 3584 2514 posterum
3616 2442 3767 2497 nihil

2118 2529 2189 2585 de
2223 2530 2436 2602 puppis
2461 2530 2644 2600 loqui.
2695 2530 2952 2601 Ideoque
3002 2531 3322 2601 aliquando
3355 2533 3764 2602 imperatrices

2117 2619 2822 2690 accedente,Theophilus
2853 2636 2988 2674 eum
3028 2637 3162 2674 cum
3193 2621 3583 2693 interrogaret
3611 2637 3766 2676 anne

2117 2709 2360 2764 domina
2415 2725 2652 2764 rursum
2711 2709 2866 2764 906
2897 2709 3177 2780 pulchras
3204 2727 3340 2765 suas
3370 2727 3597 2782 puppas
3629 2727 3763 2765 am-

2117 2799 2477 2870 plexaretur,
2507 2797 2796 2853 Denderis
2827 2815 3008 2853 manu
3039 2798 3247 2854 dextra
3281 2799 3456 2854 labiis
3485 2800 3765 2871 imposita

2120 2910 2147 2939 ‹‹
2180 2889 2350 2954 Tace,
2385 2886 2598 2957 inquit,
2629 2903 2662 2941 ο
2691 2886 3035 2958 imperator,
3081 2887 3152 2943 de
3193 2889 3429 2960 puppis.
3465 2910 3493 2938 ››
3527 2889 3653 2943 hmo
3684 2889 3767 2943 ita

2117 2981 2299 3051 gesta.

360 3072 547 3127 ποτεὸ
587 3069 857 3143 Θεόφιλας
889 3069 1079 3143 ἠρώτα
1133 3070 1223 3123 τὸν
1289 3065 1531 3142 Δένδεριν
1592 3068 1636 3122 εἰ
1695 3066 1862 3123 πάλιν
1918 3069 2024 3142 ἆρα
2079 3067 2148 3122 τά
2205 3065 2348 3121 καλὰ
2399 3066 2538 3121 νινία
2593 3068 2628 3135 ἡ
2665 3066 2837 3137 μάννα
2865 3067 3161 3136 ἠσπάζετο·
3198 3069 3226 3121 ὁ
3289 3064 3346 3121 δὲ
3402 3074 3520 3128 τοῖς
3574 3066 3764 3142 χείλε-

357 3183 439 3216 σιν
471 3157 672 3222 ἐπιθεὶς
703 3160 802 3228 τὴν
835 3155 1028 3227 δεξιὰν,
1061 3157 1270 3232 «Σίγα,
1334 3159 1463 3232 σίγα
1529 3157 1649 3231 περὶ
1710 3160 1818 3212 τῶν
1877 3155 2085 3228 νινίων,
2135 3155 2446 3232 ἆντὲιρησεν,
2511 3153 2555 3208 ὦ
2608 3154 2850 3229 βασιλεῦ.
2915 3179 2942 3208 ››
2977 3155 3078 3213 Καὶ
3119 3159 3284 3210 ταῦτα
3316 3157 3408 3228 μὲν
3441 3155 3769 3229 συνεκύρησε

357 3246 485 3304 ὧδε.

435 3339 783 3412 Στρατιώτου
813 3333 870 3390 δὲ
896 3356 1042 3399 τινος
1087 3333 1251 3408 χεῖρά
1297 3355 1355 3389 τε
1409 3338 1657 3404 νεανικήν
1712 3336 1803 3390 xui
1837 3331 2007 3390 ἵππον

2190 3337 2370 3390 Porro
2401 3337 2575 3391 miles
2605 3336 2846 3408 quidam
2880 3352 3058 3391 manu
3086 3341 3394 3408 promptus
3427 3353 3644 3408 equum
3669 3336 3771 3392 ha-

360 3423 584 3502 ἔχοντος
627 3424 821 3496 δεξιὸν,
879 3427 907 3480 6
965 3426 1270 3502 στρατηγὸς
1339 3426 1424 3502 ὑφ’
1485 3427 1542 3480 ὃν
1600 3424 1755 3487 οὗτος
1816 3422 2011 3491 ἐτέλει,

361 3511 523 3592 ἔρωτι
547 3515 901 3590 κατασχεθεὶς
928 3518 1024 3568 τοῦ
1043 3515 1219 3568 ’ἱππου
1278 3514 1363 3592 ὑφ’
1423 3515 1484 3569 οὗ
1541 3512 1814 3574 πολλάκις
1846 3515 1874 3568 6
1919 3511 2016 3566 ἅν-

359 3615 584 3680 θρωπος
617 3604 678 3658 ἐκ
705 3601 956 3676 πολέμου
997 3603 1254 3678 ἐρρύσθη,
1308 3601 1487 3672 ἐζήτει
1543 3606 1759 3669 τοῦτον,
1809 3613 2016 3665 καθυπ-

368 3694 726 3769 ισχνούμενος
759 3689 953 3746 δώσειν
981 3689 1188 3746 πολλά.
1220 3691 1682 3762 Ἀπαναινομὲνου
1713 3687 1770 3744 δὲ
1811 3687 2016 3743 ἐκείνου

362 3783 450 3837 καὶ
490 3781 606 3856 βίαν
639 3787 906 3855 προσῆγε.
941 3777 1085 3849 Μηδ’
1118 3780 1260 3834 οὕτω
1318 3776 1375 3834 δὲ
1431 3781 1631 3835 πείθων
1683 3779 2016 3850 ἀποδοθῆναί

368 3872 420 3925 0i
450 3870 540 3924 τὸν
565 3867 760 3934 ἵππον,
790 3865 1076 3942 ἀνανδρίας
1107 3865 1358 3942 ἔγκλημα
1388 3870 1672 3942 προσάψας
1729 3869 1803 3931 ei:
1863 3872 2020 3944 βασι-

369 3958 470 4016 λέα
505 3959 823 4031 μετεκίνησε
847 3962 1036 4012 τοῦτον
1069 3958 1135 4025 ἧς
1197 3956 1387 4031 μετῄει
1443 3979 1740 4032 στρατειας.
1773 3959 2018 4031 Ἐγένετο

373 4051 599 4119 ζήτησις
634 4048 779 4120 παρὰ
809 4045 1078 4123 Θεοφίλου
1137 4045 1260 4120 περὶ
1325 4045 1498 4101 ’ἰππου
1546 4045 1872 4124 ἀκροιρυοῦς,
1929 4047 2018 4102 καὶ

374 4136 717 4212 διατάγματα
747 4134 1056 4208 ἐπέμποντο
1086 4138 1369 4190 πανταχοῦ
1418 4135 1626 4190 τοιόνδε
1671 4135 1844 4192 ἵππον
1874 4137 2018 4210 εὕρεο

373 4231 530 4296 θῆναι
561 4225 650 4279 καί
679 4225 992 4300 πεμφθῆναι
1033 4223 1201 4293 αὐτῷ.
1263 4225 1442 4279 Τοῦτο
1495 4222 1826 4299 δραξάμενος
1857 4225 2024 4302 ἀφορ-

378 4323 486 4388 μῆς
542 4315 570 4368 ὁ
620 4313 927 4389 στρατηγὸς
991 4311 1299 4386 ἀφαιρεῖται
1374 4311 1463 4366 καὶ
1522 4313 1706 4367 ’ὰκοντι
1777 4315 1869 4368 τὸν
1926 4319 2024 4369 τοῦ

372 4402 566 4479 ἀνδρὸς
596 4401 794 4473 ἵππον,
829 4404 910 4476 [Ρ.
945 4403 1072 4474 517]
1105 4399 1194 4454 καὶ
1237 4401 1373 4476 πρὸς
1438 4400 1662 4476 βασιλέα
1695 4404 1770 4466 ὡς
1827 4402 2026 4457 οἰκεῖον

373 4481 641 4565 ἐκπὲμ.πει
707 4498 915 4563 κτῆμα.
977 4489 1174 4565 Χρείας
1234 4487 1291 4545 δὲ
1349 4493 1646 4567 γενομένης
1691 4491 1742 4546 ἐν
1792 4491 2027 4566 πολέμῳ

375 4580 647 4637 πλειόνων
680 4583 1050 4655 στρατιωτῶν,
1108 4578 1197 4633 καὶ
1256 4583 1352 4634 τοῦ
1411 4579 1680 4653 βασιλέως
1737 4577 2027 4635 κελεύσανο

2119 3425 2250 3480 buit
2278 3425 2598 3497 egregium,
2631 3426 2731 3496 qui
2771 3425 2966 3496 ipsum
3017 3442 3172 3496 saepe
3206 3442 3276 3480 ex
3298 3425 3502 3497 praelio
3534 3425 3771 3481 incolu-

2119 3530 2280 3570 mem
2332 3513 2638 3569 extulerat.
2701 3515 2888 3586 Hujus
2941 3515 3079 3585 equi
3138 3531 3340 3570 amore
3399 3521 3606 3586 captus
3656 3515 3775 3569 dux

2123 3602 2232 3656 sub
2264 3619 2381 3672 quo
2413 3602 2464 3656 is
2496 3601 2806 3670 militabat,
2840 3619 2976 3657 cum
3010 3620 3202 3673 neque
3239 3603 3774 3674 pollicitationibus

2122 3707 2316 3760 neque
2391 3691 2568 3745 minis
2621 3691 2986 3762 impetraret,
3061 3693 3364 3746 hominem
3438 3692 3773 3746 timiditatis

2123 3784 2463 3834 accusatum
2522 3779 2678 3849 apud
2735 3780 3159 3850 imperatorum
3218 3786 3577 3835 exauctorat.
3629 3781 3773 3833 Cum

2123 3873 2322 3924 autem
2376 3868 2734 3938 Theophilus
2792 3884 3010 3938 equum
3077 3869 3294 3939 insigni
3374 3868 3592 3922 virtute
3673 3883 3773 3921 cu-

2126 3964 2295 4030 peret
2322 3957 2566 4026 habere,
2620 3965 2676 4013 et
2732 3958 2932 4013 missis
2980 3959 3041 4014 in
3103 3976 3312 4013 omnes
3345 3964 3543 4030 partes
3600 3973 3773 4012 man-

2127 4048 2282 4103 datis
2309 4047 2487 4102 talem
2519 4047 2631 4101 sibi
2681 4047 2864 4118 quaeri
2897 4053 3072 4118 atque
3131 4048 3328 4103 afferri
3351 4047 3611 4119 juberet,
3645 4062 3775 4101 eam

2128 4143 2338 4192 nactus
2393 4137 2765 4191 occasionem
2829 4136 2947 4190 dux
2993 4137 3103 4191 iste
3162 4137 3338 4191 militi
3416 4137 3468 4190 ei
3554 4153 3774 4206 equum

2130 4225 2312 4280 invito
2343 4225 2552 4280 adimit
2583 4231 2641 4280 et
2673 4231 2952 4296 tanquam
2995 4242 3167 4280 suum
3201 4225 3541 4296 imperatori
3570 4225 3774 4281 mittit.

2130 4315 2269 4369 Post
2291 4331 2425 4369 eum
2456 4315 2780 4368 necessitas
2818 4314 3034 4370 bellica
3085 4315 3288 4386 plures
3319 4315 3540 4370 milites
3571 4317 3779 4387 requi-

2131 4411 2306 4466 reret.
2344 4405 2742 4476 mandatoque
2791 4405 3169 4476 imperatoris
3225 4422 3433 4462 omnes
3480 4407 3582 4478 qui
3614 4422 3782 4462 arma

2131 4495 2284 4550 ferre
2317 4499 2560 4566 possent
2589 4494 2649 4548 in
2673 4495 2996 4549 exercitum
3029 4495 3438 4568 allegerentur,
3471 4495 3573 4550 ille
3605 4497 3784 4552 etiam

2135 4584 2306 4640 miles
2335 4601 2504 4639 arma
2535 4584 2808 4655 sumpsit,
2842 4590 2901 4639 et
2943 4584 3005 4638 in
3037 4585 3242 4656 praelio
3272 4585 3416 4640 fusis
3449 4587 3590 4649 suis,
3623 4584 3781 4654 quod

374 4693 470 4733 τος
502 4669 832 4741 ἁπαξαπλῶς
872 4669 1049 4723 πάντα
1082 4668 1459 4741 στρατεύεσθαι
1513 4669 1604 4723 τὸν
1663 4669 1808 4725 ὅπλα
1857 4675 2009 4725 κινεῖς

2135 4691 2354 4745 equum
2394 4690 2428 4728 a
2458 4690 2573 4744 quo
2623 4673 2845 4728 servari
2899 4679 3287 4730 consueverat
3343 4691 3461 4728 non
3517 4673 3782 4738 haberet,

379 4759 692 4834 δυνάμενον,
744 4758 1127 4833 ἐστρατεύσατο
1185 4760 1274 4814 xui
1335 4760 1363 4814 6
1424 4758 1610 4834 ῥηθεὶς
1661 4761 2021 4834 στρατιώτης·

373 4858 585 4927 τροπῆς
617 4847 674 4906 δὲ
701 4849 997 4926 γενομένης
1029 4843 1184 4904 ἔπεσε
1220 4851 1293 4921 μή
1329 4846 1472 4904 ἔχων
1501 4850 1675 4904 ἳππον
1729 4851 1822 4904 τὸν
1856 4855 2026 4905 σῶσαι

2135 4764 2433 4833 occubuit,
2467 4780 2648 4818 uxore
2707 4769 2766 4817 et
2823 4763 3027 4818 liberis
3075 4763 3320 4818 relictis.
3368 4761 3547 4815 Vidua
3578 4759 3782 4813 amissi

2138 4854 2334 4908 mariti
2367 4852 2662 4908 desiderio
2693 4868 2963 4920 accensa,
2999 4857 3056 4905 et
3111 4850 3267 4921 quod
3311 4847 3645 4904 necessaria
3669 4862 3780 4916 pu-

1598 4997 1959 5053 XYLANDRI
1997 4998 2082 5052 ET
2122 4999 2340 5054 GOABI
2382 4999 2602 5054 NOT/E.

447 5118 562 5189 (86)
597 5120 668 5175 Ut
686 5121 888 5186 factus,
914 5116 995 5170 ita
1025 5119 1084 5170 et
1114 5122 1222 5189 tote
1271 5131 1499 5185 corpore
1519 5187 1528 5189 Α
1549 5123 1795 5173 truncus.
1827 5133 2026 5186 nanus,

382 5187 558 5262 atque
590 5189 768 5262 etiam
801 5189 1012 5262 excisus
1041 5187 1309 5262 virttibus.
1332 5187 1626 5262 eunuchus.
1653 5189 1813 5262 Alias
1837 5205 2023 5259 quan-

379 5259 596 5317 tumvis
652 5261 849 5315 fatuus
908 5259 967 5313 in
1023 5259 1342 5313 mulierum
1402 5259 1855 5314 contubernium
1906 5277 2026 5315 non

379 5333 593 5389 fuisset
623 5332 940 5387 admissus.
975 5331 1150 5386 GOAR.

449 5407 560 5472 (87)
589 5404 834 5459 Turcica
855 5403 1034 5458 dictio
1055 5419 1068 5468 ;
1088 5400 1534 5470 hominemque.
1552 5406 1620 5456 ut
1638 5401 2024 5469 aiunterci,

375 5473 808 5549 τρεμουλιάρην,
843 5474 1106 5549 humeris
1153 5477 1212 5526 et
1267 5473 1457 5543 capite
1508 5473 1918 5529 subsilientem
1972 5481 2030 5528 et

385 5546 692 5603 tremulum
709 5547 908 5601 refert.
933 5546 1108 5599 (ἆθλα.

456 5620 565 5691 (88)
599 5619 680 5673 Ex
712 5618 824 5672 hoc
867 5617 994 5672 loco
1053 5613 1223 5670 facile
1282 5618 1372 5669 est
1429 5614 1768 5687 Cuspiniani
1830 5615 2025 5671 locum

2139 5118 2486 5188 emendare,
2514 5133 2690 5188 quem
2749 5112 3001 5183 καλάμου
3050 5113 3262 5185 legisse
3285 5113 3461 5188 apud
3500 5114 3786 5188 Zonaram

2143 5195 2284 5264 puto
2319 5187 2466 5264 ὑφᾷν,
2502 5184 2635 5264 cum
2671 5195 2776 5264 μου
2819 5187 2910 5264 psit
2947 5184 3277 5264 prpudmen
3314 5184 3654 5264 encliticum
3685 5191 3790 5264 ;_et

2141 5257 2284 5331 quid
2321 5257 2855 5331 calaminina‘sint,
2878 5257 3466 5331 meritoqumratur,
3501 5260 3678 5325 atque
3701 5261 3791 5324 (ut

2139 5327 2302 5403 puto)
2334 5347 2452 5403 non
2478 5329 2774 5403 immerito
2812 5327 3166 5403 etiam__quid
3201 5327 3444 5403 thala‘mi
3497 5343 3629 5403 esse
3653 5345 3790 5398 pos-

2140 5398 2261 5456 sint
2291 5402 2494 5455 nimia.
2532 5401 2709 5454 Multa
2750 5405 2888 5452 sunt
2940 5398 3076 5452 talia
3132 5398 3286 5468 apud
3336 5399 3786 5468 Cuspinianum,

2138 5489 2268 5542 qua)
2296 5489 2365 5526 ex
2396 5477 2598 5542 nostro
2633 5477 2690 5524 et
2718 5472 2945 5524 Zonara
2995 5469 3162 5524 facile
3221 5487 3341 5524 sum
3401 5471 3789 5525 restituantur

2136 5541 2482 5613 integritati.
2509 5541 2646 5597 XYL.

2207 5611 2319 5687 (89)
2352 5617 2599 5682 Matrem,
2633 5613 2889 5686 vulgaris
2921 5611 3223 5669 idiomatis
3274 5613 3574 5670 vocabulo.
3611 5614 3783 5668 Gou.
