4130 6218
458 347 571 408 991

1818 325 2137 409 GEORGII
2180 350 2519 414 cannam

3742 349 3842 412 992

459 481 623 556 pillis
669 481 1045 554 suppeditare
1101 480 1420 552 nequibat,
1473 479 1726 552 justitiaa
1784 480 2099 552 imperato-

2222 477 2514 557 δύναμενον
2565 483 2744 545 αὑτόν.
2799 485 2996 542 Ἐπεσε
3054 481 3113 538 δὲ
3165 487 3393 559 γυναῖκα
3447 479 3844 546 καταλελοιπὼς

461 571 544 625 ris
593 570 754 625 fama
805 569 1122 639 instigante
1199 568 1408 640 Cpolin
1455 568 1637 633 venit,
1696 568 2115 641 Theophilum.

467 674 582 729 que
638 657 711 712 ad
779 656 1066 727 templum
1126 656 1562 712 Blachernense
1610 659 1979 728 equitantem
2040 659 2112 715 de

463 763 627 802 more
659 745 996 817 conspicata
1029 745 1226 800 mariti
1277 747 1367 801 sui
1417 763 1568 816 equo
1601 747 1755 814 vehi,
1815 748 2112 804 concitato

463 853 640 891 cursu
672 851 946 909 aggressa
1001 837 1235 892 frenum
1294 837 1429 907 equi
1489 838 1902 910 apprehendit,
1939 855 2113 896 suum

459 925 619 980 hunc
653 943 781 981 esse
799 926 1151 991 vociferans,
1180 931 1238 980 et
1259 941 1380 980 non
1401 927 1548 982 901
1569 926 1885 991 alium,sed
1915 927 2112 1000 ipsum

459 1015 880 1086 imperatorem
913 1014 1060 1070 caedi
1093 1015 1288 1070 mariti
1338 1015 1430 1069 sui
1478 1031 1716 1070 causam
1760 1016 2107 1086 praebuisse.

456 1104 814 1160 Perterritus
841 1104 1165 1175 imperator
1201 1119 1438 1158 manere
1463 1119 1592 1158 eam
1635 1103 1807 1176 jubet
1849 1105 1990 1160 dum
2049 1105 2112 1162 in

461 1193 747 1264 palatium
776 1195 901 1263 ipse
934 1192 1154 1248 rediret
1182 1209 1195 1258 ;
1229 1209 1298 1248 ac
1353 1209 1624 1248 reversus
1685 1194 1882 1249 statim
1943 1195 2018 1249 ad
2048 1211 2111 1250 se

459 1287 644 1349 vocat,
679 1299 746 1337 ac
774 1281 845 1336 de
873 1297 934 1336 re
969 1287 1088 1336 tota
1118 1281 1450 1336 accuratius
1480 1282 1942 1352 inquirit.Quam
1974 1298 2112 1338 cum

456 1386 525 1424 ea
556 1385 589 1424 a
610 1369 904 1441 principio
923 1369 998 1428 ad.
1020 1369 1198 1424 ﬁnem
1225 1386 1413 1440 usque
1446 1370 1908 1437 recitaret,illico
1931 1371 2109 1426 etiam

459 1457 576 1514 dux
635 1457 744 1512 iste
805 1458 1055 1525 sistitur,
1107 1462 1165 1512 et
1219 1457 1469 1516 muliere
1524 1459 1700 1530 jussu
1730 1459 2109 1530 imperatoris

456 1547 753 1603 occultata
827 1547 899 1602 de
955 1564 1105 1617 equo
1182 1547 1399 1603 acriter
1452 1548 1896 1620 interrogatur;
1929 1565 2108 1620 quem

456 1653 589 1691 cum
621 1643 984 1690 asseveraret
997 1653 1160 1691 suum
1189 1636 1372 1692 fuisse
1394 1653 1589 1707 neque
1620 1643 1792 1708 raptu
1809 1644 2105 1710 paratum,

454 1725 802 1796 producitur
831 1731 998 1781 extra
1042 1726 1236 1781 velum
1264 1725 1505 1790 mulier,
1538 1743 1704 1782 reum
1741 1725 1814 1782 de
1845 1727 1899 1780 vi
1931 1743 2106 1799 pera-

454 1815 771 1879 ctura.Qua
791 1815 842 1870 is
865 1820 1184 1886 conspecta
1197 1815 1442 1888 diriguit
1458 1820 1518 1870 et
1537 1815 1889 1885 aliquandiu
1904 1821 2106 1871 mutus

451 1905 720 1971 adstitit;
756 1906 1114 1977 tandemque
1145 1906 1218 1961 ad
1274 1923 1334 1962 se
1378 1923 1648 1961 reversus
1675 1905 1921 1979 supplex
1942 1906 2106 1978 pedi-

451 1995 560 2050 bus
592 1996 970 2066 imperatoris
1002 2013 1132 2050 sese
1189 1995 1464 2064 advolvit,
1498 1995 1838 2067 lacrymans
1867 2013 1935 2051 ac
1966 2013 2105 2068 pec-

451 2090 650 2137 catum
709 2085 1020 2140 confitens.
1075 2086 1221 2156 Ergo
1255 2084 1579 2155 imperator
1608 2086 1736 2156 ejus
1793 2085 2108 2142 facultates

451 2170 641 2226 vidum
683 2173 930 2242 ejusque
960 2172 1167 2226 liberis
1216 2173 1384 2244 quasi
1434 2173 1571 2244 jure
1605 2173 1981 2230 haareditario
2037 2191 2110 2232 ex

454 2280 622 2334 aequo
654 2264 895 2331 addicit,
927 2265 1243 2336 ipsumque
1277 2264 1563 2337 dignitate
1603 2266 1918 2337 spoliatum
1951 2266 2110 2321 exsi-

451 2353 534 2408 lio
564 2359 846 2424 perpetuo
881 2353 1142 2410 damnat.
1167 2355 1326 2412 Adeo
1354 2355 1625 2411 infensus
1657 2361 1785 2411 erat
1813 2361 1872 2410 et
1900 2355 1971 2411 iis
2006 2356 2108 2428 qui

449 2441 675 2515 injuste
707 2459 848 2514 opes
881 2459 1090 2514 parare
1123 2443 1525 2500 intenderent.

2220 571 2310 628 καὶ
2340 570 2520 628 τέκνα·
2552 574 2670 642 ἣτις
2725 574 2786 628 τὸ
2839 570 3187 647 φιλοδίκαιον
3244 575 3342 626 τοῦ
3405 568 3677 647 βασιλέως
3707 571 3846 626 άκοῦ-

2221 681 2380 730 σασα,
2410 659 2734 735 έκκαιομένη
2769 659 2826 716 δὶ
2857 661 2947 717 καὶ
2978 665 3058 732 τῶ
3107 664 3205 716 τοῦ
3259 657 3453 731 ἀνδρὸς
3483 657 3721 735 φίλτρῳ,
3773 661 3852 714 καὶ

2218 757 2334 814 τοῖς
2362 751 2568 815 τέκνοις
2601 751 2960 831 έπιχορηγεῖν
2989 751 3256 807 ἀτονοῦσα
3299 750 3366 805 τὰ
3421 750 3712 818 ἀναγκαῖα,
3765 753 3849 822 τὴν

2222 837 2482 913 βασιλίδα
2536 836 2966 914 καταλαμϐάνει.
3017 840 3117 896 Καὶ
3171 840 3265 894 τὸν
3324 837 3589 916 Θεόφιλον
3641 839 3755 892 καθ’
3797 839 3852 905 ἣν

2218 929 2428 1003 ἡμέραν
2461 928 2663 986 εἷ’θιστο
2694 926 2904 985 ἀπιέναι
2943 930 3081 1003 πρὸς
3123 928 3218 983 τὸν
3277 926 3329 982 ἐν
3361 926 3702 1002 Βλαχέρναις
3732 933 3856 990 θεῖον

2218 1019 2367 1088 ναὸν,
2400 1012 2604 1093 ἔποχον
2638 1022 2716 1089 τῷ
2755 1023 2852 1074 τοῦ
2881 1014 3076 1092 ἀνδρὸς
3143 1017 3310 1085 αὑτῆς
3357 1015 3518 1089 ἵππῳ
3575 1013 3857 1071 κατιδοῦσα

2219 1103 2412 1180 δρόμῳ
2442 1106 2640 1179 πολλῷ
2667 1109 2760 1164 τὸν
2794 1107 3020 1183 χαλινὸν
3053 1107 3275 1186 κατέχει
3303 1110 3404 1161 τοῦ
3433 1103 3638 1170 ἵππου,
3671 1107 3854 1159 οθγεῖον

2218 1196 2358 1250 εἶναι
2385 1200 2578 1251 τοῦτον
2609 1193 2863 1272 λέγουσα,
2894 1195 2984 1250 καὶ
3019 1197 3099 1269 μὴ
3154 1193 3327 1249 ἄλλον
3382 1192 3504 1248 τινὰ
3534 1190 3708 1250 α”τιον
3741 1190 3854 1247 ἀλλ’

2217 1284 2374 1340 αὐτὸν
2419 1285 2682 1361 ὑπάρχειν
2713 1287 2806 1341 τὸν
2852 1285 3079 1362 βασιλέα
3135 1292 3234 1354 τῆς
3290 1288 3388 1340 τοῦ
3443 1280 3638 1359 ἀνδρὸς
3696 1283 3852 1352 αὐτῆς

2217 1381 2450 1452 σφαγῆς.
2485 1373 2810 1450 Ἐκπλαγεὶς
2840 1375 2984 1430 οὖνὸ
3041 1372 3297 1450 βασιλεὺς
3349 1373 3484 1434 τέως
3543 1373 3643 1448 μὲν
3696 1373 3852 1442 αὐτὴν

2215 1465 2538 1538 προσμένειν
2599 1461 2887 1540 διωρίσατο
2945 1461 3075 1543 ἄχρι
3131 1471 3233 1533 τῆς
3318 1462 3405 1518 ἐπὶ
3462 1463 3532 1517 τά
3601 1462 3855 1536 ἀνάκτορα

2217 1551 2482 1608 ἐπανόδου
2513 1553 2699 1622 αὑτοῦ,
2739 1551 2942 1624 ἤδηδὶ
2991 1549 3388 1628 έπαναδραμὼν
3427 1552 3628 1616 εὐθέως
3688 1552 3849 1622 αὑτήν

2215 1643 2616 1717 παρεστήσατο,
2670 1641 2775 1700 καὶ
2820 1639 3200 1706 διεπυνθάνετο
3251 1640 3574 1719 σαφέστερόν
3632 1663 3686 1695 τι
3735 1643 3852 1715 περὶ

2214 1734 2323 1786 τῶν
2364 1729 2674 1804 λεγομένων
2740 1736 2952 1804 μαθεῖν.
3006 1725 3382 1787 Ἀναλαϐοῦσα
3442 1727 3500 1785 δὶ
3530 1732 3566 1800 ἡ
3611 1733 3739 1804 γυνή
3792 1731 3852 1786 τά

2136 1819 2302 1926 Βἀπ’
2363 1819 2542 1894 ἀρχῆς
2609 1819 2746 1896 ἄχρι
2809 1818 3004 1880 τέλους
3060 1815 3402 1875 ἀναδιδάσκει
3465 1821 3557 1875 τὸν
3617 1818 3852 1894 βασιλέα.

2217 1909 2594 1982 Παριστήσατο
2623 1912 2750 1983 γοῢν
2779 1907 2976 1973 εὑθέως
3007 1908 3098 1963 τὸν
3144 1909 3471 1984 στρατηγὸν,
3531 1909 3626 1963 καὶ
3696 1912 3851 1979 ζήτη-

2217 2016 2298 2049 σιν
2330 2000 2567 2051 ποιεῖται
2609 1995 2731 2068 περὶ
2759 1999 2857 2052 τοῦ
2899 1994 3075 2051 ἵππου
3132 1999 3406 2068 νεανικὴν,
3466 2003 3566 2064 τῆς
3618 1997 3854 2071 γυναικὸς

2214 2083 2350 2145 τέως
2378 2085 2665 2157 προστάξει
2719 2083 2981 2160 βασιλικῇ
3040 2085 3447 2160 κρυπτομένης.
3486 2086 3854 2158 Ἐνισταμένου

2217 2170 2274 2227 δὲ
2303 2173 2400 2230 τοῦ
2431 2177 2735 2249 στρατηγοῦ
2767 2172 2966 2228 οἲκιῖον
3001 2173 3137 2230 εἶναι
3165 2175 3255 2228 τὸν
3310 2173 3478 2228 ἳππον
3531 2171 3626 2227 καὶ
3687 2175 3757 2246 μή
3808 2173 3851 2243 ἐξ

2218 2263 2468 2338 ᾁρπαγῆς
2535 2261 2796 2332 κτηθέντα
2861 2260 3028 2335 αὑτῷ,
3114 2260 3288 2337 ἐξάγει
3373 2269 3722 2336 παραχρῆμα
3767 2265 3850 2316 τοῦ

2215 2351 2706 2424 παραπετάσματος
2735 2353 2836 2419 τὴν
2868 2355 3119 2424 γυναῖκα,
3180 2348 3407 2427 ἔλεγχον
3476 2349 3851 2424 ἀψευδέστατον

2217 2441 2308 2500 καὶ
2365 2442 2674 2516 κατήγορον
2725 2444 2835 2494 τῶν
2890 2436 3223 2514 λεγομένων.
3297 2443 3400 2496 "HV
3483 2441 3511 2494 6
3567 2440 3851 2514 στρατηγὸς

455 2530 783 2601 θεασάμενος
815 2529 1063 2605 ἀπεπάγη
1097 2532 1183 2585 καὶ
1220 2529 1306 2586 ἐπὶ
1338 2530 1512 2586 πολὺν
1543 2530 1746 2606 χρόνον
1771 2528 1960 2588 ’ἕστατο
2000 2528 2163 2593 ένεός·
2201 2527 2366 2602 μόλις
2399 2526 2446 2584 δ’
2477 2529 2566 2584 οὗν
2593 2529 2669 2592 εἰς
2701 2528 2888 2586 ἑαυτὸν
2922 2529 3215 2604 γενόμενος
3245 2533 3354 2584 τῶν
3413 2526 3598 2584 ποδῶν
3634 2525 3841 2584 ἅπτεται

446 2624 548 2673 τοῦ
586 2618 859 2695 βασιλέως
891 2621 1026 2694 μετὰ
1055 2619 1368 2692 κλαυθμοῦ,
1401 2620 1487 2676 καὶ
1519 2622 1703 2691 ἱκέτης
1732 2619 1964 2683 ἐλεεινὸς
2004 2619 2235 2694 γίνεται,
2265 2620 2366 2688 τήν
2393 2615 2678 2696 ἁμαρτάδα
2709 2617 3085 2694 ἐξαγορεύσας.
3115 2618 3184 2676 Τί
3217 2617 3308 2673 οὖν
3339 2619 3367 2673 6
3401 2618 3662 2693 βασιλεὺς
3691 2638 3706 2686 ;
3745 2619 3847 2687 Τήν

450 2707 544 2779 μὲν
585 2715 813 2782 γυναῖκα
848 2709 986 2780 μετὰ
1009 2712 1116 2764 τῶν
1147 2705 1354 2763 παίδων
1386 2707 1657 2784 ἀδελφοὺς
1690 2707 1739 2781 ἐξ
1771 2706 1892 2763 ἷ¹σου
1921 2709 2012 2764 καὶ
2043 2705 2431 2784 κληρονόμους
2459 2714 2558 2777 τῆς
2590 2705 2794 2764 ἐκείνου
2828 2705 3092 2764 δείκνυσιν
3145 2707 3512 2774 ὑποστάσεως,
3572 2707 3733 2762 αὑτὸν
3786 2704 3836 2764 δέ

447 2803 548 2864 τῆς
581 2796 764 2875 ἀρχῆς
794 2795 1062 2868 παραλύει
1095 2796 1186 2852 καὶ
1221 2795 1482 2872 ὑπερορίᾳ
1514 2794 1751 2870 διηνεκεῖ
1783 2794 2025 2856 δίδωσιν.
2059 2794 2219 2854 Οὕτω
2249 2795 2691 2874 φιλαπεχθήμων
2720 2796 2787 2866 ἧν
2822 2797 2959 2871 πρὸς
3014 2796 3111 2859 τὰς
3169 2797 3411 2872 ἁρπαγάς
3470 2796 3560 2850 καὶ
3620 2797 3744 2859 τοὺς
3794 2795 3836 2865 ἐξ

447 2881 658 2946 ἀδικίας
685 2885 944 2940 πλουτεῖν
978 2884 1286 2950 ἐθέλοντας.

511 2976 792 3032 ιΕάἱῐίοἰὶε
841 2993 1076 3048 quoque
1139 2977 1235 3033 hic
1273 2978 1599 3050 imperator
1628 2994 1872 3050 operam
1915 2977 2098 3045 dedit,
2127 2977 2172 3046 C

439 3082 762 3138 murosque
783 3066 948 3122 urbis
981 3083 1212 3122 summo
1245 3067 1438 3122 studio
1487 3066 1716 3135 refecit,
1749 3067 2090 3124 humiliori-

437 3155 548 3211 bus
577 3154 822 3226 dejectis
855 3161 914 3211 et
938 3156 1252 3212 exstructis
1269 3156 1710 3228 altioribus,qui
1728 3156 1801 3211 ab
1820 3155 2091 3216 hosti-bus

436 3245 755 3299 conscendi
781 3261 900 3299 non
925 3251 1202 3314 possent;
1237 3245 1337 3315 qui
1369 3245 1698 3300 etiamnum
1713 3244 2092 3314 stant,nomi-

433 3349 506 3388 ne
558 3334 686 3403 ejus
735 3333 1044 3403 inscripto.
1079 3333 1231 3398 Quin
1262 3338 1321 3388 et
1353 3335 1696 3389 meretrices
1727 3331 2086 3404 quibusdam

438 3420 672 3474 cellulis
726 3421 1080 3479 exturbavit.
1135 3419 1498 3490 domumque
1529 3421 1681 3477 908
1716 3437 1848 3476 eam
1902 3426 2086 3477 totam

439 3513 820 3579 expurgatam
879 3525 1176 3563 xenonem
1217 3508 1350 3579 (hoc
1409 3515 1500 3564 est
1552 3509 1708 3566 aedes
1759 3508 2091 3581 peregrinis

438 3597 805 3668 excipiendis
837 3597 1184 3668 destinatas)
1241 3597 1400 3664 fecit,
1428 3615 1462 3654 a
1510 3616 1572 3655 se
1615 3599 2092 3669 denominatum,

435 3687 652 3759 insigni
686 3686 1080 3757 amplitudine
1104 3692 1281 3759 atque
1313 3687 1776 3759 pulchritudine.
1803 3690 1967 3744 Nunc
2005 3691 2096 3744 est

435 3777 864 3832 monasterium
893 3775 1202 3832 muliebre.
1235 3779 1318 3832 Ex
1340 3794 1409 3834 eo
1443 3777 1630 3848 liquet
1676 3793 1856 3848 quam
1914 3777 2097 3832 fuerit

437 3866 782 3922 scortationi
812 3865 1109 3922 inimicus.
1137 3867 1344 3920 Fertur
1374 3883 1514 3922 sane
1546 3865 2094 3922 semeldissolutius

437 3960 561 4011 tum
591 3955 1143 4012 viventemancillaa
1175 3956 1640 4026 pulchritudine,
1673 3973 1805 4026 quaa
1828 3960 1956 4011 erat
1979 3955 2091 4010 im-

438 4045 746 4115 peratricis
776 4044 1158 4114 pedissequa.
1191 4043 1526 4115 deceptum,
1559 4059 1694 4098 cum
1725 4059 1792 4098 ea
1827 4060 1952 4098 rem
1986 4043 2093 4098 ha-

439 4133 639 4188 buisse
671 4150 683 4187 :
712 4133 815 4188 sed
846 4133 1043 4205 agnito
1078 4150 1210 4187 mox
1231 4132 1470 4197 delieto,
1505 4149 1640 4188 cum
1670 4132 1900 4186 videret
1928 4131 2001 4186 ob
2033 4131 2092 4187 id

437 4222 805 4276 Theodoram
837 4221 896 4275 in
931 4237 1164 4276 summo
1207 4237 1337 4276 esse
1368 4237 1642 4288 maerore,
1676 4221 1914 4291 culpam
1945 4237 2090 4274 con-

2283 2973 2549 3032 Ἐνέκειτο
2581 2973 2639 3032 δὶ
2667 2975 2757 3031 καὶ
2790 2981 2909 3040 ταῖς
2942 2972 3263 3050 οἰκοδομαῖς
3304 2977 3332 3032 ὁ
3390 2975 3549 3038 αὑτὸς
3588 2975 3846 3050 βασιλεὺς,

2202 3065 2294 3121 καὶ
2323 3068 2430 3119 τῶν
2461 3064 2665 3120 τειχῶν
2695 3072 2799 3134 τῆς
2830 3061 3046 3128 πόλεως
3092 3065 3353 3141 μεγίστην
3404 3063 3704 3138 ἐνεδείξατο
3733 3065 3841 3121 ἑπι-

2208 3151 2456 3228 μέλειαν,
2514 3153 2583 3210 τά
2633 3153 3045 3232 χθαμαλώτερα
3100 3157 3470 3229 καταστρέψας
3523 3156 3616 3210 καὶ
3650 3155 3842 3229 άνυψώο

2205 3261 2302 3303 σας
2328 3241 2417 3295 καὶ
2460 3236 2630 3296 ἄϐατα
2671 3243 2994 3312 πεποιηκὼς
3048 3247 3165 3304 τοῖς
3224 3240 3468 3316 ἐχθροῖς·
3528 3242 3560 3296 ἄ
3613 3241 3706 3297 καὶ
3761 3244 3841 3295 νῦν

2203 3327 2469 3396 ἵστανται,
2547 3330 2646 3398 τήν
2706 3329 2911 3385 ἐκείνου
2967 3329 3336 3405 προσηγορίαν
3411 3330 3464 3385 έν
3537 3332 3838 3406 γράμμασιν

2202 3409 2423 3492 ἔχοντα.
2461 3417 2536 3476 Οὐ
2573 3419 2681 3490 μὴν
2711 3417 2858 3473 ἀλλὰ
2913 3416 3004 3473 καὶ
3057 3417 3260 3492 πόρνας
3316 3417 3590 3482 ἀπελάσας
3625 3419 3678 3490 ἐξ
3704 3419 3847 3488 οἰκη-

2206 3506 2390 3579 μάτων
2418 3511 2604 3577 τινῶν,
2665 3506 2754 3561 καὶ
2814 3505 3049 3582 καθάρας
3102 3505 3232 3562 ὃλον
3287 3506 3490 3562 ἐκεῖνον
3545 3509 3641 3563 τὸν
3678 3514 3844 3584 χῶρον

2201 3596 2397 3666 ξενῶνα
2427 3596 2694 3665 πεποίηκε
2743 3596 2842 3664 τὴν
2908 3595 3111 3650 ἐκείνου
3169 3597 3540 3672 προσηγορίαν
3601 3599 3850 3672 φέροντα,

2202 3683 2396 3740 κάλλει
2479 3706 2538 3741 τε
2593 3683 2890 3741 κάλλιστον
2945 3683 3037 3739 καί
3109 3686 3359 3760 μέγιστον
3445 3685 3841 3757 κατεσκεύασεν,

2202 3772 2334 3848 ὅπερ
2409 3773 2549 3830 ἐστὶν
2632 3771 2754 3848 ἄρτι
2827 3781 3125 3848 γυναικεῖον
3203 3776 3607 3850 ,μοναστήριοι
3673 3775 3845 3837 Οὕτως

2201 3861 2406 3928 ἐκεῖνος
2436 3865 2558 3939 εἶχε
2587 3865 2720 3939 πρὸς
2751 3865 2850 3933 τὴν
2918 3864 3194 3936 πορνείαν.
3255 3861 3410 3933 Πλὴν
3468 3866 3550 3919 ὅτι
3585 3865 3651 3939 γέ
3703 3883 3844 3943 φασιν

2203 3953 2362 4008 αὐτὸν
2415 3951 2612 4008 κάλλει
2669 3953 2800 4009 ποτέ
2859 3949 3234 4026 θεραπαινίδος
3275 3951 3500 4020 ἁλόντα,
3561 3952 3845 4029 ὑπηρετού-

2201 4062 2299 4111 σης
2326 4045 2394 4113 τῇ
2431 4038 2694 4116 βασιλίδι,
2753 4045 3134 4118 συμφθαρῆναι
3197 4041 3356 4111 αὐτῆ,
3418 4040 3678 4117 ῥᾳθύμως
3729 4043 3839 4096 τότε

2205 4130 2440 4204 βιοῦντα.
2502 4131 2649 4184 Ἐπεὶ
2709 4126 2765 4185 δὲ
2821 4129 3022 4204 ᾔσθετο
3081 4126 3604 4207 ὠλισθηκὼς,ἕγνω
3664 4129 3722 4185 δὶ
3757 4128 3839 4183 καὶ

2198 4220 2296 4288 τήν
2331 4215 2614 4294 Θεοδώραν
2647 4217 2786 4289 ὃλην
2815 4217 3115 4293 γενομένην
3180 4224 3278 4275 τοῦ
3333 4220 3538 4281 πάθους
3580 4221 3671 4274 καί
3724 4240 3842 4274 κατ-

432 4310 656 4364 fessum
689 4309 965 4365 manibus
989 4310 1062 4364 ad
1096 4311 1280 4366 Deum
1311 4309 1561 4366 sublatis
1576 4308 2089 4380 jurasse,nonnisi

2210 4312 2469 4385 ηφιῶσαν,
2503 4309 2586 4380 [Ρ.
2636 4311 2762 4378 518]
2820 4307 2978 4388 φασὶν
3042 4307 3268 4379 ἐξειπεῖν
3320 4307 3702 4382 ἓπομνύμενον
3759 4306 3838 4364 καὶ

2239 4395 2254 4413 ς
2396 4400 2418 4411 -
2575 4394 2600 4414 η
2880 4397 2893 4412 η
2965 4403 2997 4414 η
3037 4397 3050 4414 ς
3128 4399 3158 4414 ν
3266 4398 3281 4414 .
3425 4397 3437 4414 ι
3589 4397 3602 4414 ι
3771 4395 3792 4414 ς.

437 4398 546 4452 hac
576 4397 698 4451 vice
730 4397 962 4467 lapsum
995 4415 1057 4453 se
1081 4415 1232 4462 esse,
1265 4398 1614 4468 veniamque
1643 4398 1773 4468 ejus
1805 4397 1876 4452 ab
1905 4413 2089 4452 uxore

437 4485 702 4558 petiisse.
734 4485 962 4542 Palatia
1011 4487 1189 4542 etiam
1217 4487 1450 4542 ﬁliabus
1503 4487 1625 4541 suis
1673 4485 1962 4555 condidit,
2019 4501 2090 4542 ea

439 4576 680 4648 regione
731 4591 862 4646 quae
920 4575 1152 4630 Cariani
1210 4575 1462 4642 dicitur;
1525 4591 1778 4646 quorum
1820 4581 2084 4646 tempore

439 4665 822 4720 subrutorum
853 4670 1054 4720 nostra
1084 4665 1410 4720 etiamnum
1459 4669 1630 4719 astate
1662 4668 1897 4719 exstant
1942 4663 2085 4718 reli-

437 4755 611 4826 quiae.
638 4755 793 4810 909
819 4754 1086 4826 Bryantis
1145 4769 1380 4825 quoque
1439 4753 1724 4824 palatium
1755 4751 2084 4822 aediﬁcavit,

437 4845 509 4900 ad
540 4843 989 4900 similitudinem
1022 4842 1508 4899 Seracenicarum
1539 4841 1777 4896 mdium.

503 5121 694 5190 Atque
719 5117 811 5172 his
843 5114 1084 5186 quidem
1108 5114 1169 5169 in
1188 5112 1367 5169 rebus
1397 5112 1697 5186 magniﬁci
1737 5127 1959 5168 nomen
1980 5109 2084 5168 ad-

433 5208 930 5275 mirationemque
965 5202 1185 5259 meruit
1212 5201 1591 5272 Theophilus.
1619 5199 1730 5256 Sed
1761 5201 1821 5255 in
1849 5217 1948 5256 eos
1980 5198 2083 5271 qui

433 5296 658 5350 cultum
683 5293 896 5349 divinis
917 5289 1844 5366 imaginibus.praestarentnimis
1866 5289 2082 5348 durum

433 5399 494 5437 se
523 5389 698 5454 atque
757 5384 1151 5437 inhumanum
1209 5381 1484 5452 praebuit,
1536 5397 1745 5436 omnes
1785 5380 1885 5452 qui
1945 5386 2082 5436 ante

434 5470 629 5540 ipsum
663 5470 828 5524 fuere
857 5476 1144 5540 tyrannos
1193 5469 1545 5528 crudelitate
1575 5469 1809 5524 vincere
1841 5477 2084 5526 conten-

436 5557 605 5611 dens.
636 5557 782 5613 Nam
809 5556 1126 5613 Michaelus
1156 5557 1313 5611 υιο
1352 5564 1519 5628 pater
1549 5557 1678 5629 ejus
1713 5556 1978 5620 edixerat
2005 5575 2081 5618 ne

437 5643 545 5700 ulli
574 5643 748 5715 picta)
805 5644 1072 5715 imagini,
1098 5645 1441 5718 ubicunque
1500 5662 1571 5703 ea
1625 5650 1803 5717 esset,
1861 5663 2080 5706 nomen

2197 4395 2293 4457 τάς
2325 4400 2514 4470 χεῖρας
2544 4394 2766 4470 αῖροντα
2796 4397 2932 4470 πρὸς
2961 4397 3089 4452 Θεὸν
3119 4399 3158 4467 ἦ
3214 4398 3320 4470 μὴν
3378 4397 3499 4452 τότε
3532 4397 3700 4471 μόνον
3767 4395 3840 4451 δι-

2199 4482 2512 4554 ολισθῆσαι,
2545 4484 2631 4538 καὶ
2685 4484 3016 4560 συγγνώμην
3074 4483 3240 4540 αἰτεῖν
3296 4485 3441 4560 παρὰ
3497 4492 3597 4554 τῆς
3656 4486 3837 4540 ἑαυτοῦ

2197 4572 2473 4649 γυναικός.
2507 4572 2878 4635 Κατεσκεύασε
2921 4570 2978 4628 δὲ
3028 4573 3118 4628 καὶ
3171 4573 3440 4648 ἀνάκτορα
3503 4579 3620 4636 ταῖς
3655 4575 3838 4629 ἑαυτοῦ

2196 4662 2485 4736 θυγατράσι
2512 4661 2660 4736 παρὰ
2685 4662 2776 4716 τὸν
2810 4661 2953 4717 οὕτω
2982 4660 3324 4734 καλούμενον
3377 4666 3564 4738 χῶρον
3612 4665 3680 4718 τὰ
3739 4669 3840 4718 Κα-

2197 4751 2403 4825 ριανοῦ,
2435 4751 2510 4816 ὡς
2553 4751 2642 4804 καὶ
2694 4749 2746 4814 ές
2803 4753 2953 4826 ἡμᾶς
3021 4755 3099 4823 τῷ
3131 4751 3317 4826 χρόνῳ
3373 4750 3836 4830 κατεργασθέντων

2195 4842 2426 4918 λείψανα
2455 4842 2873 4916 περισώζονται.
2907 4843 3126 4898 "Extitre
3152 4839 3209 4896 δὲ
3258 4843 3286 4897 6
3339 4841 3600 4917 βασιλεὺς
3661 4843 3748 4899 καὶ
3778 4842 3839 4897 τά

2191 4937 2288 4987 τοῦ
2320 4932 2590 5007 Βρόαντος
2621 4931 2909 5005 άνάκτορά,
2952 4931 3087 5005 πρὸς
3123 4931 3220 4998 τὴν
3280 4937 3388 4987 τῶν
3455 4934 3838 5008 Σαρακηνικῶν

2194 5021 2512 5094 οἷκημάτων
2539 5019 2801 5094 ὁμοίωσιν
2833 5019 3238 5084 κατασκευάσας
3265 5019 3419 5076 αὑτά.

2264 5108 2366 5172 Καὶ
2397 5109 2518 5183 περὶ
2555 5109 2648 5182 μὶν
2676 5108 2742 5163 τά
2788 5112 3014 5164 τοιαῦτα
3069 5105 3244 5164 ἐδόκει
3299 5129 3358 5163 τε
3413 5109 3504 5164 καὶ
3561 5109 3832 5184 ἐνομίζετο

2196 5196 2618 5272 μεγαλοπρεπής
2673 5197 2701 5252 6
2757 5195 3022 5276 Θεόφιλος
3074 5197 3164 5252 καὶ
3216 5199 3544 5271 θαυμαστὸς,
3616 5199 3736 5271 περὶ
3781 5195 3832 5252 δέ

2193 5287 2320 5348 τοὺς
2353 5285 2448 5348 τὰς
2484 5285 2626 5350 θείας
2659 5284 2748 5340 καί
2799 5285 3106 5361 άχράντους
3139 5291 3573 5361 προσκοδνοῦντας
3631 5287 3836 5348 εἷκόνας

2200 5375 2323 5433 λίαν
2359 5373 2524 5451 βαρύς
2557 5395 2640 5436 τις
2679 5375 2768 5429 καὶ
2815 5374 3084 5449 αὐστηρὸς
3143 5377 3234 5430 καὶ
3295 5377 3500 5441 πάντας
3553 5377 3680 5441 τοὺς
3735 5379 3838 5450 πρὸ

2193 5465 2363 5520 αὑτοῦ
2392 5462 2680 5539 τυράννους
2712 5463 2966 5537 ὠμότητι
3005 5463 3313 5538 παρελάσαι
3370 5465 3718 5546 φιλονεικῶν.
3779 5465 3842 5523 Ol

2199 5555 2292 5628 μὲν
2326 5553 2427 5632 γὰρ
2463 5547 2834 5630 προλαϐόντες
2863 5550 3011 5609 Λέων
3065 5575 3124 5609 τε
3178 5555 3312 5624 ἦσαν
3367 5556 3456 5610 καὶ
3519 5559 3842 5612 Κωνσταντῖ-

2199 5664 2291 5707 νος
2328 5643 2356 5698 6
2387 5643 2762 5721 Κοπρὼνυμος
2809 5643 2900 5698 καὶ
2959 5642 3197 5719 Μιχαὴλ
3251 5646 3280 5700 ὑ
3333 5645 3531 5702 τούτου
3588 5647 3762 5720 πατὴρ
3816 5645 3844 5697 6
