4130 6218
317 320 437 383 993
1171 364 1185 379 .
1441 319 1982 385 HISTORIARUM
2031 320 2588 387 GOMPENDIUM.
3629 331 3749 392 994

319 455 595 533 Τρσυλός.
626 458 689 516 Ὀ
722 456 815 531 μὶν
847 454 1093 522 ἐθέσπισε
1148 457 1225 530 μή
1283 477 1391 513 τινι
1441 457 1552 513 τῶν
1583 457 1975 535 γεγραμμίνων

2095 466 2312 515 sanctus
2333 460 2965 534 imprimeretur,quod
2986 462 3046 519 id
3066 463 3217 520 nulli
3238 464 3325 522 rei
3347 471 3747 538 praeterquam

321 548 567 618 εἰκόνων,
659 547 759 603 κᾶν
852 568 959 604 που
1024 547 1366 628 γραφόμεναι
1438 548 1686 624 τύχοιεν,
1759 553 1981 623 Ἄγιος,

319 639 508 715 φωνὴν
537 636 989 715 ἰγχαράττεσθαι,
1042 638 1117 700 ὡς
1173 636 1274 693 ούκ
1332 635 1492 712 ἄλλῳ
1518 637 1625 695 τινὶ
1663 640 1766 707 τῆς
1798 634 1980 692 τοιαύ-

316 746 418 797 της
449 725 800 802 ἁρμοζούσης
833 732 1019 806 φωνῆς
1047 726 1083 797 ἢ
1117 725 1272 801 μόνῳ
1307 731 1386 799 τῷ
1414 726 1573 800 Θείῳ,
1599 726 1701 783 οὐκ
1728 724 1981 802 εὐστόχῳ

322 815 510 893 βαλὼν
537 821 616 888 τῷ
645 814 754 871 νοΐ·
784 822 887 886 τῆς
926 816 1050 892 γὰρ,
1098 816 1245 884 Θεὸς,
1301 822 1488 896 φωνῆς
1518 819 1634 879 τοῖς
1664 815 1982 890 ἀνθρώποις

325 902 645 980 μεταδιδοὺς
674 906 702 961 6
734 905 889 975 Θεὸς,
916 902 1262 980 ὑψηλοτέρας
1286 902 1452 977 οὔσης
1483 904 1630 981 παρά
1653 904 1738 969 τὸ,
1767 904 1984 981 Ἄγιος,

322 995 642 1070 πρόσρημα,
699 995 1083 1069 ταπεινοτέρας
1148 990 1318 1065 οὔσης
1391 1000 1520 1065 τῆς,
1576 1002 1792 1071 Ἄγιος,
1850 992 1987 1048 κατὰ

320 1082 495 1153 πολὺ,
529 1084 629 1140 ούκ
678 1084 741 1140 ἂν
781 1080 1011 1147 τούτους
1062 1085 1470 1161 ἀποστερήσειε.
1507 1080 1660 1155 ΙΙλήν
1690 1088 1852 1140 τοῦτο
1888 1083 1983 1158 μὲν

321 1173 482 1231 οὗτος
512 1171 807 1245 ἰθίσπισεν,
831 1175 860 1230 6
880 1173 987 1249 πρὸ
1017 1172 1185 1230 αὐτοῦ
1215 1169 1273 1228 δὶ
1304 1172 1452 1228 Λέων
1480 1172 1570 1229 καὶ
1600 1172 1630 1228 6
1656 1172 1773 1236 υίὸς
1794 1173 1988 1251 αὐτοῦ,

321 1262 733 1326 Κωνσταντίνος
789 1262 855 1319 τὸ
917 1260 1061 1337 μηδὲ
1117 1263 1534 1339 προσκυνεῖσθαι
1592 1260 1743 1327 δλως
1794 1262 1982 1327 αὖτὶς⁹

321 1351 589 1431 θεόφιλος
644 1349 704 1408 δὲ
756 1350 821 1408 τὸ
863 1349 1003 1427 μηδὲ
1041 1351 1305 1427 χρώμασι
1357 1349 1556 1415 ταύτας
1618 1352 1986 1435 μοριροῦσθαι-

322 1439 679 1515 Χαμαίζηλον
708 1442 815 1518 γὰρ
847 1440 911 1497 τὸ
959 1440 1098 1518 πρὸς
1142 1441 1212 1498 τὰ
1267 1443 1494 1497 τοιαῦτα
1522 1439 1840 1515 ίπτοῆσθαι,
1876 1441 1976 1517 μόν

327 1530 426 1599 νὴν
488 1525 545 1585 δὲ
603 1535 825 1586 σκοπεῖν
880 1531 982 1601 τὴν
1035 1528 1314 1602 ἀλήθειαν.
1375 1528 1723 1606 Καθῃροῦντο
1767 1530 1863 1605 μὶν
1891 1530 1989 1585 οὗ·

328 1618 572 1676 ἐντεῦθεν
628 1620 765 1677 κατά
820 1624 996 1677 πᾶσαν
1051 1620 1152 1691 τήν
1203 1618 1502 1693 Ἐκκλησίαν
1561 1620 1617 1676 αἱ
1672 1620 1811 1675 θεῖαι
1849 1634 1986 1696 μορ,

324 1710 441 1784 φαὶ,
475 1707 642 1782 θηρία
673 1705 730 1764 δὶ
761 1708 854 1764 καὶ
916 1703 1132 1784 ὄρνιθες
1185 1707 1306 1764 ἀντὶ
1346 1707 1555 1764 τούτων
1585 1705 1986 1779 ἀνεπηλοῦντο

323 1797 424 1866 τήν
455 1797 653 1854 τούτου
683 1794 934 1874 θηριώδη
976 1797 1063 1853 καὶ
1114 1793 1513 1873 ἀνδραποδώδη
1544 1797 1732 1853 ἄνοιαν
1764 1793 1983 1871 ἐξελέγ-

328 1904 525 1962 χοντα.
580 1890 859 1951 Ἐντεῦθεν
919 1881 1187 1961 βεϐήλοις
1240 1884 1398 1965 χερσὶ
1449 1885 1516 1941 τὰ
1572 1887 1700 1965 ἅγια
1744 1885 1836 1942 καὶ
1865 1884 1985 1961 ιερά

325 1972 598 2050 κειμήλια
643 1972 731 2030 ἐπὶ
788 1981 887 2046 τῆς
944 1975 1142 2053 ἀγορᾶς
1203 1974 1557 2052 ἔῤῥιπτοῦντο
1611 1977 1703 2031 καὶ
1760 1969 1985 2055 ἐφυϐρί-

304 2068 510 2135 “ζοντο.
560 2066 836 2123 Ἑντεῦθεν
891 2063 960 2120 τα
1012 2068 1120 2120 τῶν
1178 2063 1496 2141 κακούργων
1553 2062 1865 2139 ἐπληροῦτο
1894 2059 1987 2121 δε-

328 2155 623 2231 σμωτήρια
658 2157 768 2209 τῶν
809 2150 900 2210 διὰ
943 2158 1113 2228 τιμῆς
1168 2152 1407 2229 ἀγόντων
1437 2153 1533 2217 τὰς
1564 2153 1712 2217 θείας
1746 2152 1981 2231 μορφὰς,

330 2242 703 2319 μοναζόντων,
771 2240 1107 2315 ἇπισκόπων,
1180 2241 1653 2319 ποιμαινομένων,
1718 2242 1809 2298 καὶ
1872 2246 1982 2299 τῶν

323 2332 641 2412 γραφόντων
688 2331 877 2396 αὐτάς.
935 2332 1131 2410 Ηλήρη
1164 2329 1223 2390 δὶ
1251 2333 1342 2390 καί
1388 2333 1457 2391 τὰ
1487 2330 1590 2409 ὄρη
1620 2330 1713 2388 καὶ
1742 2331 1809 2390 τὰ
1838 2330 1986 2404 σπή-

325 2418 460 2479 λαια
522 2426 631 2478 τῶν
701 2422 777 2485 ὡς
840 2420 1163 2500 κακούργων
1221 2420 1377 2498 λιμῷ
1441 2419 1826 2497 ἀναιρεθέντων
1891 2419 1983 2477 καὶ

328 2508 499 2586 δίψει.
533 2506 797 2576 Ἀϐἀτους
825 2510 933 2591 γάρ
961 2512 1245 2588 τηρεῖσθαι
1295 2513 1392 2576 τὰς
1437 2510 1634 2576 πόλεις
1663 2516 1781 2576 τοῖς
1815 2531 1986 2586 μονα-

328 2606 464 2681 χοῖς
535 2599 1021 2680 ιγκελευσάμενος,
1088 2601 1180 2659 καί
1244 2601 1418 2658 πάντα
1505 2601 1712 2677 τρόπον
1787 2599 1984 2664 αὐτοὺς

329 2689 733 2756 ἀπελαύνεσθαι
791 2691 1068 2761 θεσπίσας,
1127 2688 1343 2766 μᾶλλον
1373 2688 1431 2747 δὲ
1464 2687 1606 2766 μηδὶ
1634 2691 1770 2747 κατὰ
1794 2689 1982 2768 χώραν

329 2779 558 2858 ὄρᾷσθαι
612 2778 849 2855 τολμᾶν,
897 2779 1187 2858 εἰργάσατο
1235 2780 1303 2837 τὶ
1347 2779 1686 2857 μοναστήριά
1727 2779 1818 2836 καὶ
1850 2781 1986 2851 ἡσυ-

329 2856 609 2945 χαῖτήρια
664 2876 934 2949 περιφανῆ
991 2856 1356 2946 πολυάνδρια,
1398 2874 1509 2926 τῶν
1553 2856 1717 2946 ἱερῶν
1772 2865 1984 2945 ἀνδρῶν

332 2957 630 3036 προδοῦναι
659 2962 762 3031 τὴν
811 2961 1007 3035 ἀρετὴν
1059 2962 1151 3016 καὶ
1209 2959 1272 3016 τὸ
1328 2960 1471 3035 ἱερὸν
1503 2954 1707 3034 ἔνδυμα
1740 2959 1818 3035 μή
1853 2959 1985 3036 βου-

329 3048 607 3124 λομένων,
640 3048 795 3124 λιμῷ
826 3046 885 3105 δὶ
912 3049 1005 3104 καὶ
1034 3048 1359 3125 κακουχίαις
1400 3049 1852 3124 προαιρουμένων
1880 3049 1983 3119 τήν

334 3141 484 3209 ζωήν
536 3134 945 3217 καταστρέφειν,
1000 3137 1158 3194 ἐνίων
1215 3135 1275 3194 δὶ
1329 3131 1632 3213 περιϐολῆς
1673 3136 1985 3213 κατολιγω-

2091 548 2200 605 soli
2231 549 2350 605 Deo
2380 566 2711 624 congruere
2731 551 2996 624 putabat,
3021 569 3221 610 errore
3244 554 3484 627 quidem
3516 556 3746 628 opinio-

2089 637 2202 693 nis.
2237 636 2381 694 Cum
2407 639 2570 695 enim
2604 641 2742 697 Deus
2770 657 2991 697 nomen
3024 642 3390 711 Deus,multo
3422 660 3601 716 quam
3630 661 3743 701 vox

2089 726 2324 782 Sanctus
2356 727 2432 782 sit
2463 728 2790 802 augustius,
2824 729 3052 785 homini
3084 735 3284 786 tamen
3317 731 3559 801 tribuat,
3591 749 3742 804 quo-

2091 812 2267 870 modo
2297 812 2356 868 id
2408 815 2567 886 quod
2621 815 2812 872 multo
2868 816 3045 872 vilius
3102 822 3192 873 est
3233 818 3603 892 denegaret‘?
3632 822 3744 876 Leo

2091 908 2291 960 autem
2321 910 2382 960 et
2410 905 2568 962 filius
2596 906 2725 979 ejus
2747 906 3155 980 Copronymus
3177 911 3341 965 omni
3373 926 3577 967 earum
3608 911 3747 967 ado—

2091 997 2321 1053 ratione
2343 1014 2585 1070 prorsus
2608 997 3426 1073 interdixerant.’l‘heophilus
3451 1008 3649 1057 autem
3672 1016 3746 1056 ne

2091 1085 2253 1159 pingi
2313 1085 2556 1158 quidem
2617 1102 2716 1144 eas
2773 1088 3075 1144 coloribus
3151 1092 3465 1157 concessit,
3525 1090 3745 1164 abjecti

2091 1175 2296 1231 dicens
2325 1175 2513 1232 animi
2544 1192 2674 1233 esse
2701 1176 2908 1233 talium
2942 1195 3141 1234 rerum
3172 1180 3745 1252 admirationem,ip-

2092 1278 2338 1337 eamque
2369 1265 2559 1327 solam
2592 1266 2978 1338 spectandam
3020 1284 3151 1323 esse
3182 1268 3509 1325 veritatem.
3542 1271 3745 1340 Itaque

2090 1352 2302 1410 divinm
2328 1353 2619 1427 imagines
2640 1355 2916 1412 omnibus
2938 1356 2998 1412 in
3025 1356 3259 1429 templis
3290 1356 3748 1430 dejiciebantur,

2093 1458 2417 1515 earumque
2447 1443 2577 1501 loco
2608 1443 2931 1501 bestiarum
2954 1450 3014 1501 et
3041 1445 3238 1502 av'ium
3260 1445 3578 1502 simulacra
3605 1446 3746 1519 ﬁge-

2090 1530 2330 1599 bantur,
2362 1531 2692 1589 beliuinam
2721 1538 2781 1589 et
2801 1534 3074 1591 servilem
3096 1534 3408 1608 The0phili
3441 1535 3749 1609 urguentia

2090 1624 2413 1680 vesaniam.
2445 1625 2529 1679 Ex
2559 1641 2628 1681 eo
2679 1630 3060 1681 sacrosancta
3109 1624 3363 1681 donaria
3393 1626 3452 1680 in
3480 1625 3607 1681 foro
3637 1626 3748 1681 im-

2092 1714 2257 1788 puris
2289 1713 2565 1771 manibus
2586 1712 2972 1788 jactabantur
3000 1720 3177 1787 atque
3200 1714 3594 1788 ignominiose
3623 1720 3747 1770 tra-

2092 1803 2443 1871 ctabantur;
2489 1820 2558 1860 ac
2606 1803 2876 1861 sontibus
2917 1803 3101 1860 debiti
3133 1820 3400 1861 carceres
3430 1805 3502 1858 iis
3532 1804 3748 1876 impie—

2092 1891 2330 1961 bantur,
2359 1893 2459 1965 qui
2490 1892 2721 1949 divinas
2766 1892 3054 1966 imagines
3085 1893 3380 1958 colebant,
3412 1893 3745 1960 monachis,

2094 1981 2407 2055 episcopis,
2441 1980 2713 2053 subditis,
2748 1998 3073 2054 earumque
3104 1982 3468 2055 pictoribus:
3513 1985 3746 2037 montes

2093 2082 2330 2143 quoque
2344 2075 2402 2126 et
2413 2070 2712 2142 speluncae
2726 2071 2797 2127 iis
2811 2071 3197 2144 replebantur
3207 2071 3309 2143 qui
3324 2070 3749 2144 ﬂagitiosorum

2092 2158 2223 2216 loco
2250 2159 2405 2216 fame
2431 2176 2499 2216 ac
2528 2158 2627 2216 siti
2657 2160 3045 2217 necabantur.
3069 2160 3349 2217 Edixerat
3380 2159 3541 2216 enim
3562 2159 3749 2214 Theo-

2091 2247 2293 2322 philus
2321 2264 2395 2306 ne
2437 2248 2747 2305 monachis
2784 2249 2969 2306 ullam
3016 2249 3227 2305 urbem
3257 2249 3482 2305 intrare
3512 2247 3743 2314 liceret,

2084 2336 2463 2411 jusseratque
2495 2337 2659 2394 omni
2688 2336 2864 2393 modo
2895 2355 2995 2394 eos
3016 2338 3225 2405 arceri,
3249 2342 3426 2409 atque
3456 2336 3604 2393 adeo
3624 2351 3746 2392 non

2092 2430 2286 2482 tutum
2305 2432 2433 2482 erat
2454 2426 2528 2482 iis
2547 2426 2813 2498 conspici
2846 2442 2915 2482 ea
2942 2426 3005 2481 in
3036 2426 3295 2498 regione.
3318 2425 3468 2480 9H
3500 2425 3651 2490 Quin
3683 2429 3744 2478 et

2093 2515 2457 2571 monasteria
2510 2521 2688 2587 atque
2744 2514 2851 2570 otii
2893 2513 3048 2569 sacri
3078 2529 3257 2570 causa
3288 2513 3557 2569 conditas
3589 2511 3743 2568 aedes

2092 2603 2358 2676 profanis
2379 2602 2720 2660 hominibus
2740 2602 3176 2674 frequentabat.
3194 2603 3437 2660 Interim
3455 2601 3537 2674 pii
3560 2600 3750 2656 homi-

2093 2708 2222 2759 nes,
2255 2692 2356 2764 qui
2415 2690 2665 2765 prodere
2723 2691 3006 2748 virtutem
3063 2707 3416 2763 sacrumque
3463 2690 3744 2745 vestitum

2092 2780 2346 2846 nollent,
2378 2780 2534 2838 fame
2563 2798 2631 2837 ac
2662 2781 3023 2838 cruciatibus
3051 2781 3204 2837 mori
3238 2779 3559 2836 malebant.
3595 2778 3747 2834 Non-

2093 2869 2245 2925 nulli
2267 2871 2535 2944 neglecto
2558 2870 2766 2927 habitu
2786 2869 3099 2943 peribant:
3124 2870 3292 2926 multi
3321 2867 3747 2940 etiam,quibus

2095 2959 2295 3016 minus
2324 2966 2451 3016 erat
2486 2960 2716 3016 virtutis
2765 2958 3051 3030 studium,
3084 2960 3323 3032 hymnis
3353 2975 3421 3015 ac
3454 2956 3746 3014 cantioni-

2093 3047 2205 3105 bus
2236 3051 2420 3105 sacris
2451 3048 2701 3123 ipsoque
2750 3049 2931 3105 etiam
2979 3050 3196 3105 vestitu
3226 3048 3511 3114 dimissis,
3544 3046 3755 3101 liberm

2095 3154 2163 3194 ac
2193 3137 2402 3194 solutaa
2458 3139 2589 3194 vitae
2648 3153 2778 3194 esse
2834 3136 3148 3195 dederunt.
3180 3138 3325 3194 Nam
3377 3136 3485 3193 hos
3515 3150 3752 3208 quoque

335 3204 583 3302 ρούντων
613 3204 868 3302 (90),καῖ
911 3204 1057 3304 παρὶ
1108 3230 1273 3283 τοῦτο
1303 3204 1725 3300 ἀπολλυμὲνων.
1770 3204 1983 3284 Πολλοὶ

2097 3234 2281 3285 castus
2311 3229 2637 3302 imperator
2665 3228 2996 3301 dissipavit,
3028 3229 3129 3301 qui
3183 3227 3296 3285 soli
3326 3225 3400 3282 ad
3442 3204 3754 3281 refrenan-

338 3313 397 3372 δὲ
444 3317 536 3373 καί
587 3320 697 3373 τῶν
754 3315 1125 3394 ῥᾳθυμότερον
1182 3312 1492 3387 διαζώντων
1538 3317 1633 3373 τὸν
1679 3314 1865 3373 ἄνετον
1892 3316 1984 3372 καὶ

2095 3318 2197 3375 das
2228 3318 2581 3391 cupiditates
2611 3317 2922 3377 hominum
2963 3317 3278 3374 faciebant.
3313 3317 3514 3388 Neque
3547 3320 3750 3370 tamen
3797 3314 3813 3329 ⁶

334 3404 699 3479 ὶκλελυμὲνον
729 3405 1048 3477 ἠσπάσαντο
1084 3405 1227 3483 βίον,
1288 3403 1471 3480 ὕμνων
1501 3404 1660 3462 θείων
1705 3406 1791 3461 καὶ
1826 3401 1985 3479 ᾠδῶν

2095 3423 2163 3464 eo
2195 3413 2460 3480 tempore
2487 3423 2731 3480 prorsus
2761 3405 2999 3464 dicendi
3030 3407 3273 3463 libertas
3304 3421 3375 3462 ex
3404 3402 3748 3460 hominibus

334 3494 425 3552 καὶ
481 3494 648 3553 αύτοῦ
703 3500 803 3551 τού
884 3498 1174 3572 σχήματος
1233 3497 1321 3570 [Ρ.
1383 3498 1510 3570 519]
1578 3492 1984 3576 ἀφειδήσαντες

2095 3495 2331 3552 sublata
2359 3496 2490 3565 fuit,
2523 3497 2627 3554 sed
2659 3499 2903 3570 quidam
2926 3497 3128 3554 animo
3158 3494 3496 3558 calidiores,
3518 3491 3607 3547 vel
3627 3492 3748 3547 sin—

336 3586 427 3640 καὶ
480 3586 585 3662 γὰρ
639 3583 765 3641 οὐδὲ
818 3585 1048 3648 τὸύτους
1103 3585 1380 3641 τελεῖσθαι
1438 3585 1566 3648 τοὺς
1625 3582 1988 3661 συλλόγουςὸ

2095 3583 2214 3659 guli
2237 3583 2324 3640 vel
2345 3585 2524 3640 etiam
2546 3585 2698 3642 facto
2719 3587 2978 3660 agmine.
3003 3585 3334 3657 principem
3356 3579 3753 3655 reprehende-

339 3672 594 3748 τύραννος
627 3674 1027 3751 συνεχώρησεν,
1072 3674 1125 3729 οἳ
1172 3672 1442 3736 πολλάκις
1483 3671 1574 3728 καὶ
1617 3671 1773 3748 μόνοι
1803 3669 1988 3730 δύναν-

2095 3674 2485 3730 runt.Horum
2502 3675 2786 3748 preacipui
2802 3675 2970 3731 fuere
2989 3674 3309 3731 Abramitaa
3332 3671 3632 3740 monachi,
3648 3669 3751 3742 qui

335 3766 638 3833 ταιτηρεῖν
669 3762 762 3819 καὶ
820 3763 937 3819 οἷον
996 3761 1224 3838 χαλινός
1281 3782 1366 3824 τις
1426 3761 1560 3817 εἶναι
1609 3766 1728 3824 τοῖς
1759 3761 1895 3838 πρὸς
1924 3761 1988 3818 τὰ

2095 3761 2281 3818 libere
2313 3763 2376 3818 in
2405 3768 2791 3835 conspectum
2815 3764 2945 3836 ejus
2978 3763 3274 3836 progressi
3307 3779 3378 3817 ex
3408 3764 3753 3816 sanctorum

337 3853 484 3924 πάθη
542 3850 761 3930 ἀλόγως
799 3850 1302 3917 κατολισθαίνουσι.
1366 3851 1520 3921 Πλὴν
1578 3852 1644 3908 οὐ
1684 3851 1988 3910 παντάπασι

2096 3858 2332 3927 patrum
2362 3852 2556 3923 dictis,
2597 3854 2796 3928 magni
2825 3853 3102 3910 videlicet
3129 3853 3418 3924 Dionysii,
3450 3847 3752 3905 Hierothei

336 3947 446 3999 τῶν
476 3941 777 4018 ἀνθρώπων
821 3938 951 3998 οὖδὶ
1006 3941 1130 3997 τότε
1183 3940 1247 3996 τὸ
1303 3939 1766 4018 παρῥησιαστικόν
1810 3962 1871 3999 τε
1899 3942 1988 3998 καὶ

2098 3948 2159 3998 et
2185 3943 2416 4010 Irensei,
2466 3942 2907 3998 demostrarunt
2937 3958 3058 3998 non
3092 3958 3285 4015 nuper
3312 3936 3544 3995 vivendi
3576 3935 3755 3992 ratio-

339 4030 643 4108 ἱλευθὲριον
701 4032 1085 4111 ἀπεφοίτησεν.
1158 4027 1304 4087 ἀλλά
1368 4051 1510 4093 τινες
1565 4035 1674 4087 τῶν
1730 4032 1990 4106 θερμοτὶ·

342 4142 472 4197 ρων,
504 4119 711 4179 πολλοὶ
771 4122 866 4195 μὶν
915 4120 1004 4177 καὶ
1062 4122 1176 4186 καθ’
1231 4117 1476 4191 ⁴ἕκαστον,
1516 4119 1654 4183 τινες
1685 4115 1743 4179 δὲ
1770 4119 1862 4175 καὶ
1891 4140 1993 4177 κα-

341 4208 704 4283 τασυσεάδην,
735 4209 917 4285 ὥσπερ
948 4210 1001 4266 οἱ
1033 4211 1128 4279 τῆς
1157 4213 1266 4265 τῶν
1319 4203 1675 4284 Ἀϐραμιτῶν
1723 4209 1992 4284 ὁρμώμε-

342 4325 426 4361 νοι
478 4311 653 4379 μονῆς
703 4300 962 4380 μοναχοῂ
1017 4301 1153 4375 μετά
1200 4297 1505 4376 παρρησίας
1554 4300 1804 4380 ὁιρθέντες
1844 4299 1994 4374 αύτῷ

344 4391 588 4467 λογικῶς
619 4390 680 4449 ἔκ
705 4413 764 4447 τε
791 4395 900 4447 τῶν
944 4394 1062 4454 τοῖς
1115 4387 1291 4464 ἁγίοις
1344 4387 1613 4464 Πατράσιν
1645 4389 1806 4463 ἡμῶν
1838 4388 1994 4463 είρη-

349 4479 543 4554 μένων,
604 4478 866 4553 Διονυσίῳ
920 4482 1003 4552 τῷ
1060 4474 1308 4553 μεγάλῳ,
1371 4474 1618 4551 Ἰεροθᾶῳ
1679 4477 1770 4533 καὶ
1818 4475 1994 4554 Εῗρη·

2099 4047 2237 4088 nem
2268 4030 2823 4103 institutionemque
2868 4031 3261 4087 monasticam
3301 4027 3619 4095 exstitisse,
3653 4024 3758 4081 sed

2099 4120 2514 4192 perantiquam
2546 4135 2698 4188 esse,
2754 4118 2859 4175 sed
2916 4124 2975 4179 et
3030 4135 3229 4175 sacras
3279 4116 3568 4190 imagines
3608 4113 3755 4186 ipsis

2097 4208 2285 4267 fuisse
2314 4208 2601 4282 apostolis
2628 4208 2979 4275 familiares,
3024 4208 3263 4280 quando
3294 4212 3355 4264 et
3381 4206 3572 4263 Ducas
3606 4202 3756 4259 divi-

2100 4317 2214 4357 nus
2270 4298 2578 4373 apostolus
2632 4300 2900 4373 Deiparas
2976 4299 3231 4357 formam
3284 4297 3641 4373 depinxerit,
3695 4301 3755 4351 et

2102 4390 2369 4447 Christus
2383 4390 2672 4446 Dominus
2686 4390 2961 4462 Deusque
2980 4395 3182 4447 noster
3202 4388 3384 4445 linteo
3401 4388 3756 4459 impressam

2104 4479 2194 4535 sui
2241 4478 2500 4550 effigiem
2548 4477 2715 4534 nullo
2767 4494 2983 4535 manus
3030 4477 3364 4535 ministerio
3396 4475 3759 4533 elaboratam

347 4571 502 4642 ναίῳ,
560 4566 941 4624 ἀπεδείκνυσαν
1000 4568 1076 4632 ὡς
1135 4567 1197 4625 ού
1255 4566 1386 4643 χθὲς
1437 4566 1526 4623 καὶ
1584 4566 1774 4641 πρώην
1822 4569 1988 4638 ἡτῶν

2104 4566 2278 4624 nobis
2298 4566 2629 4640 reliquerit.
2650 4568 2768 4624 Hoc
2794 4567 2970 4624 modo
2992 4566 3347 4623 divinissimi
3373 4566 3471 4621 isti
3493 4564 3598 4620 viri
3622 4579 3759 4619 cum

352 4662 613 4732 μοναχῶν
670 4655 927 4713 πολιτεία
976 4678 1035 4713 τε
1116 4652 1407 4737 ἐφεύρηται
1486 4654 1578 4712 καὶ
1645 4655 1992 4725 κατάστασις,

349 4744 558 4802 παλαιᾶ
613 4742 672 4802 δέ
721 4765 803 4808 τις
856 4745 946 4801 καὶ
1002 4742 1318 4821 ἀρχέγονος.
1372 4745 1451 4805 Οὐ
1499 4745 1609 4819 μὴν
1640 4741 1698 4803 δὶ
1728 4744 1873 4802 ἀλλᾶ
1904 4744 1995 4802 καὶ

349 4833 417 4891 τὰ
463 4838 569 4890 τῶν
627 4835 786 4890 θείων
833 4834 1052 4890 εἰκόνων
1096 4832 1440 4912 μορφώματα
1487 4829 1833 4889 ἀπεδείκνυον
1874 4830 1996 4890 σύν-

348 4924 527 5002 τροφά
566 4943 628 4979 τε
672 4929 790 4987 τοῖς
837 4921 1170 4983 ἀποστόλοις
1227 4921 1317 4976 καί
1373 4917 1688 4997 ὁμοδίαιτα,
1719 4920 1828 5000 ε’ίγε
1855 4928 1997 4981 Λου-

349 5018 448 5077 κᾶς
481 5012 577 5087 μὶν
610 5013 639 5068 6
670 5012 814 5075 θεῖος
846 5009 1157 5073 ἀπόστολος
1183 5010 1284 5080 τὴν
1326 5016 1427 5081 τῆς
1477 5011 1746 5068 Θεοτόκου
1778 5012 1996 5091 μορφὴν

350 5102 713 5174 ἀνετύπωσεν,
764 5099 924 5164 αὐτὸς
960 5096 1017 5155 δὲ
1045 5098 1276 5177 Χριστὸς
1327 5099 1356 5156 6
1408 5100 1687 5177 Δεσπότης
1718 5102 1880 5175 ἡμῶν
1907 5100 1996 5163 καὶ

352 5194 481 5256 Θεὸς
540 5194 641 5265 τὴν
696 5194 893 5250 ἑαυτοῦ
960 5189 1049 5248 ὶπί
1125 5210 1272 5254 τινος
1327 5188 1524 5262 ὀθόνης
1581 5192 2000 5267 ἆπομαξάμενος

351 5282 766 5359 ἀχειρότευκτον
828 5283 964 5356 ἡμῖν
1034 5276 1452 5339 καταλέλοιπεν.
1521 5279 1685 5337 Οὗτοι
1746 5285 1876 5357 γοῦν
1942 5283 1999 5345 οἱ

350 5373 619 5430 θειότατοι
650 5370 832 5448 ἄνδρες
863 5371 961 5441 τὴν
1006 5374 1103 5427 τοῦ
1159 5368 1423 5445 τυράννου
1476 5365 1662 5425 ἄνοιαν
1691 5366 1996 5445 ἒξελέάαν-

2104 4658 2344 4732 tyranni
2377 4658 2532 4715 912
2576 4657 2875 4715 inscitiam
2907 4663 3086 4729 atque
3114 4657 3393 4714 saevitiam
3422 4654 3760 4727 redarguis-

2105 4752 2257 4817 sent,
2288 4746 2362 4803 ob
2394 4762 2692 4804 summam
2723 4745 2960 4803 dicendi
3000 4746 3337 4803 libertatem
3368 4744 3587 4799 multos
3616 4756 3757 4797 cru-

2105 4838 2293 4895 ciatus
2311 4844 2489 4911 atque
2518 4842 2819 4894 tormenta
2838 4836 3170 4911 passi,urbe
3189 4835 3369 4891 etiam
3391 4834 3453 4888 in
3475 4831 3753 4889 exsilium

2106 4927 2353 5001 relegati
2384 4927 2660 4993 sunt.Qui
2689 4942 2825 4983 cum
2850 4925 2925 4983 ad
2945 4926 3151 4982 fanum
3177 4922 3422 4979 Joannis
3454 4920 3752 4993 Baptistae,

2104 5016 2558 5091 quod'l‘erribile
2573 5020 2964 5090 cognomento
2977 5013 3196 5071 dicitur
3215 5017 3421 5085 estque
3444 5010 3506 5066 in
3527 5010 3753 5065 Euxino

2106 5110 2286 5183 ponto
2312 5107 2509 5168 situm.
2520 5106 2947 5181 pervenissent,
2975 5102 3347 5175 flagellorum
3378 5099 3566 5173 plagis
3596 5115 3761 5172 pror-

2106 5214 2206 5254 sus
2265 5196 2519 5255 confecti
2577 5197 2839 5253 caelitum
2909 5200 3125 5251 cretum
3183 5192 3479 5250 abierunt.
3540 5194 3757 5246 Eorum

2106 5286 2397 5344 cadavera
2419 5284 2719 5356 insepulta
2737 5284 2799 5339 in
2817 5281 3011 5340 solum
3032 5283 3297 5355 projecta
3316 5281 3418 5337 diu
3432 5279 3757 5336 admodum

2111 5376 2342 5448 integra
2370 5378 2743 5442 manserunt,
2774 5372 2964 5429 donec
2994 5372 3073 5445 pii
3108 5370 3350 5444 quidam
3382 5386 3452 5427 ea
3480 5370 3758 5426 humave-

1551 5464 1914 5528 XYLANDRI
1948 5466 2037 5531 ET
2073 5472 2289 5531 GOARI
2326 5470 2548 5527 ΝΟΤιΕ.

422 5599 534 5682 (90)
569 5599 749 5682 Locus
793 5602 884 5653 est
930 5596 1583 5682 ρδεουιιιιελᾭωιιξιῖιξμι
1600 5595 2007 5682 ,νξξξθεοιῒιοιιῇ

350 5663 525 5743 cujus
562 5670 787 5728 mentio
814 5667 990 5741 paulo
1034 5672 1170 5740 post
1205 5667 1292 5739 fit,
1343 5663 1568 5723 sodalis
1597 5663 1711 5723 fuit
1735 5666 2002 5740 Dionysii

2110 5596 2556 5729 2ολὶιὶεοιιιιεῆιει
2580 5612 2594 5664 ;
2625 5595 2698 5653 de
2728 5608 2848 5668 quo
2868 5592 3066 5652 videre
3086 5600 3255 5669 potes
3283 5594 3679 5669 Nicephdrum
3700 5604 3762 5664 π,

2186 5711 2201 5726 .
2285 5684 2374 5724 τι..

2186 5711 2201 5726 .
2228 5684 2374 5726 λη.
