4126 6220
437 298 554 358 995

1806 287 2115 350 GEORGII
2161 289 2496 352 CEDRENI

3750 293 3888 357 996

445 436 604 501 runt,
627 437 686 485 et
709 429 916 486 eodem
940 445 1055 499 quo
1079 425 1292 483 Christi
1312 431 1525 496 martyr
1542 443 1604 480 es
1626 425 1848 480 honore
1873 423 2091 496 dignati

2211 443 2298 486 τες
2357 423 2445 478 καὶ
2505 425 2601 494 τὴν
2663 423 2963 500 θηριωδίαν
3009 431 3088 499 τῷ
3143 424 3351 502 σφόδρα
3393 425 3886 502 παῤῥησιασθῆναι

451 521 910 575 sunt.Fermana
935 519 1025 573 his
1049 523 1187 572 sunt
1207 517 1472 571 facinora
1495 514 1770 572 monachi
1791 515 2102 586 cujusdam

441 613 571 683 jam
587 612 660 666 ad
677 611 1073 666 sacerdotium
1089 609 1429 679 provecti.Is
1442 607 1637 663 divino
1654 608 1873 664 mentis
1893 605 2103 662 ardore

451 701 680 756 excitus
706 701 764 753 in
788 699 996 755 faciem
1019 705 1269 769 tyranno
1296 697 1596 763 restitit,et
1618 713 1749 751 eum
1779 696 1894 751 alia
1914 695 2105 751 multa

452 789 883 856 disseruit,tum
912 787 1060 842 illud
1093 786 1258 841 Pauli
1307 785 1451 855 (Gal.
1491 787 1538 854 l)
1569 785 1791 839 dictum
1825 784 2100 860 protulit;

451 878 845 932 Exsecrabilis
877 883 1022 944 esto,
1049 877 1387 947 quicunque
1419 874 1577 929 aliud
1609 873 1680 928 ab
1714 891 1781 928 eo
1815 873 1973 943 quod
2003 887 2102 928 ac-

449 967 692 1038 cepistis
719 965 1085 1038 evangelium
1119 964 1278 1018 vobis
1301 963 1496 1018 tradit.
1533 962 1644 1017 Sed
1676 963 1832 1017 hunc
1865 976 2100 1034 quoque

449 1056 657 1112 multis
696 1055 1036 1110 verberibus
1087 1053 1403 1108 multatum
1465 1052 1807 1122 imperator,
1871 1067 2004 1106 cum
2037 1050 2100 1105 in

447 1146 740 1216 colloquio
768 1144 1234 1201 constantiorem
1268 1143 1511 1205 videret,
1544 1141 1616 1195 ad
1645 1143 2097 1208 Jannem,suum

447 1234 745 1307 quondam
779 1239 1199 1305 praeceptorem
1233 1248 1299 1286 ac
1332 1233 1696 1304 magistrum,
1731 1231 1910 1297 misit,
1936 1245 2099 1284 man-

446 1324 581 1379 dato
600 1330 665 1378 ut
680 1325 752 1378 iis
769 1324 1124 1378 monachum
1140 1321 1464 1376 dialecticis
1485 1321 2096 1376 demonstrationibus

447 1431 480 1470 a
511 1415 814 1486 proposito
849 1414 1173 1468 diduceret.
1202 1415 1381 1468 Istum
1411 1429 1645 1484 quoque
1669 1414 1912 1468 Jannem
1946 1429 2099 1484 pras-

447 1503 642 1558 clarus
668 1504 778 1558 iste
810 1507 1067 1558 certator
1096 1518 1214 1557 non
1263 1501 1588 1556 dialecticis
1619 1508 1720 1556 aut
1750 1499 2092 1572 sophisticis

442 1591 1127 1662 ratiocinationibus,sed
1151 1591 1491 1663 apostolicis
1515 1591 1986 1662 evangelicisque
2010 1588 2091 1644 di-

442 1683 553 1736 ctis
586 1681 746 1753 pisce
813 1680 995 1753 magis
1058 1686 1288 1735 mutum
1347 1679 1591 1752 redegit.
1625 1681 1706 1734 Ac
1739 1684 1862 1733 tum
1895 1679 2090 1734 denuo

2209 510 2632 586 ἐκκαλεσάμενοι
2697 516 2831 588 μετὰ
2877 515 3096 580 πολλὰς
3148 516 3323 578 αἰκίας
3371 537 3429 572 τε
3458 517 3548 572 καὶ
3601 517 3887 592 βασάνους

2207 609 2308 671 τῆς
2366 601 2585 668 πόλεως
2649 603 3038 679 ἐξωρίσθησαν,
3097 607 3191 661 τὸν
3260 604 3316 662 δὲ
3373 611 3470 661 τοῦ
3537 605 3886 682 Προδρόμου

2208 692 2331 745 ναὸν
2363 693 2454 745 τὸν
2504 693 2650 748 οὕτω
2709 693 3051 766 καλούμενον
3108 699 3205 749 τοῦ
3259 690 3496 773 φοϐεροῦ
3526 696 3622 749 κάν
3657 699 3740 766 τῷ
3779 695 3889 750 Εὖ-

2209 779 2363 852 ξείνῳ
2415 777 2754 854 διακείμενον
2814 783 3001 856 πόντῳ
3054 780 3473 854 καταλαϐόντες,
3524 786 3612 838 καὶ
3661 789 3792 845 ταῖς
3828 782 3890 838 ἐκ

2205 873 2314 922 τῶν
2379 869 2654 945 μαστίγων
2700 871 2943 946 πληγαῖς
2994 870 3221 934 τελείως
3251 875 3740 943 καταπονηθέντες,
3777 879 3891 942 τῆς

2208 956 2319 1011 ἄνω
2351 961 2560 1029 λήξεως
2594 962 2954 1032 ἡξειώθησαν.
3014 963 3110 1022 ιὨς
3167 963 3256 1018 καὶ
3313 963 3380 1018 τά
3433 964 3590 1036 τίμια
3635 965 3890 1036 σώματα

2208 1045 2383 1118 ἄταφα
2449 1046 2750 1124 ἐρριμμένα
2806 1049 2884 1114 εἷς
2933 1047 3208 1112 τοῦδαφος
3269 1056 3383 1106 σῶα
3458 1052 3545 1107 ἐπὶ
3602 1051 3887 1108 πλεῖστον

2207 1132 2606 1211 διετηρήθησαν
2648 1138 2870 1216 χρόνον,
2924 1138 3088 1215 μέχρι
3146 1140 3274 1194 ὅτου
3323 1137 3506 1195 πιστοί
3553 1162 3698 1203 τινες
3734 1143 3884 1196 ἀνα-

2206 1222 2464 1290 λαϐόντες
2495 1233 2659 1283 ταῦτα
2690 1227 2983 1300 ἐκήδευσαν
3040 1231 3132 1285 καὶ
3184 1229 3562 1301 καταλλήλως
3594 1230 3885 1305 ἐτίμησαν

2200 1323 2319 1379 τοῖς
2379 1318 2512 1394 ὑπὲρ
2572 1319 2807 1392 Χριστοῦ
2864 1323 2962 1374 τοῦ
3021 1324 3155 1374 Θεοῦ
3229 1323 3674 1396 μαρτυρήμασιν.
3737 1323 3888 1400 Ἐφ-

2204 1406 2417 1479 άμιλλα
2445 1407 2660 1468 τούτοις
2697 1407 2785 1462 καὶ
2835 1405 3045 1487 ἀδελφὰ
3100 1408 3194 1463 καί
3247 1429 3333 1470 τις
3395 1411 3642 1485 μοναχὸς
3672 1408 3888 1482 ἕτερος

2202 1493 2528 1564 ἐπεδείξατο,
2562 1496 2698 1568 πρὸς
2754 1495 2935 1570 ἀρχὴν
2995 1497 3297 1572 ἱερωσύνης
3353 1494 3475 1573 ἄρτι
3508 1497 3883 1574 ἀναδραμών’

2204 1581 2375 1654 ζήλου
2404 1583 2503 1658 γάρ
2554 1584 2700 1638 θείου
2754 1585 3024 1655 πλησθεὶς
3079 1586 3216 1641 κατά
3272 1586 3569 1661 πρόσωπον
3603 1586 3732 1658 ἔστη
3773 1593 3883 1644 τοῦ

2201 1674 2465 1746 τυράννου
2505 1676 2594 1730 καὶ
2654 1675 2797 1731 ἅλλα
2859 1677 2953 1750 μὲν
3015 1674 3226 1747 διεξιὼν
3283 1678 3386 1733 οὐκ
3443 1678 3630 1756 ὀλίγα,
3677 1679 3882 1735 καὶτὸ

445 1771 650 1825 multis
672 1770 918 1826 affectus
941 1768 1281 1824 verberibus
1300 1767 1491 1822 solum
1515 1772 1739 1821 vertere
1757 1765 1962 1836 jussus
1983 1769 2090 1819 est.

2207 1768 2302 1818 τοῦ
2332 1764 2643 1820 ἀπσστολου
2675 1763 2731 1820 δὲ
2763 1763 2982 1820 Παύλου
3027 1767 3208 1840 ῥητὸν,
3245 1771 3406 1822 τοῦτο
3441 1765 3506 1836 δὴ
3539 1769 3600 1822 τὸ
3634 1770 3875 1846 φάσκον·

442 1862 582 1915 Post
608 1877 740 1914 vero
764 1876 897 1914 cum
922 1875 1137 1929 magno
1161 1857 1384 1929 lgnatio
1407 1856 1757 1926 aliquandiu
1779 1870 2098 1909 conversa-

442 1956 537 2005 tus
568 1968 635 2006 ac
667 1951 736 2005 de
787 1949 1190 2004 subsecuturis
1238 1948 1588 2002 vaticinatus
1637 1945 2094 2016 imperatoribus

441 2040 596 2093 913
629 2040 788 2109 (nam
824 2046 881 2091 et
910 2037 1065 2091 dono
1123 2036 1508 2107 prmscientim
1562 2036 1894 2088 futurorum
1939 2035 2092 2087 Deus

442 2142 576 2180 eum
636 2127 908 2197 dignatus
969 2127 1174 2192 fuerat)
1233 2124 1305 2178 ad
1366 2123 1682 2177 Dominum
1740 2121 2089 2193 commigra-

441 2215 541 2268 vit.

2211 1876 2239 1903 ‹‹
2267 1853 2333 1909 Εἳ
2361 1854 2446 1915 τίς
2489 1855 2616 1928 ὑμῖν
2670 1854 3076 1929 εὐαγγελίζεται
3128 1857 3253 1928 παρ’
3285 1856 3312 1910 ὃ
3345 1852 3704 1931 παρελάϐετε.
3737 1859 3880 1914 ἀνᾶ-

2209 1952 2348 2014 θεμα
2378 1939 2537 2000 ἔστω.
2575 1967 2602 1994 ››
2656 1942 2835 1998 Ἀλλά
2894 1943 2983 1997 καὶ
3041 1943 3222 2015 τούτῳ
3272 1944 3487 2021 πληγάς
3529 1945 3733 2008 ἐπιθεὶς
3771 1946 3882 2003 οὐκ

2208 2028 2423 2104 ὀλίγας,
2456 2028 2642 2100 ἐπειδὴ
2703 2032 3097 2108 σταθηρότερος
3154 2031 3326 2104 ἔδοξεν
3383 2031 3435 2088 ἐν
3483 2039 3554 2110 τῇ
3605 2031 3878 2106 διαλέξει,

2204 2120 2340 2190 πρὸς
2394 2121 2485 2173 τὸν
2547 2121 2746 2185 Ὶαννῆν
2810 2120 3216 2192 ἐξαποστέλλει,
3273 2125 3597 2198 καθηγητὴν
3638 2130 3737 2180 τοῦ
3768 2146 3874 2180 τυ-

2206 2211 2395 2283 ράννου
2424 2209 2682 2284 γεγονότα
2736 2211 2826 2265 καὶ
2889 2207 3236 2282 διδάσκαλον,
3299 2210 3661 2275 διαλεκτικαῖς
3709 2216 3869 2270 ἀπο-

442 2299 639 2370 δείξεσι
683 2303 876 2354 τοῦτον
935 2305 1116 2354 πεῖσαι
1175 2297 1654 2374 ἐγκελευσάμενος.
1714 2295 1890 2355 Ἀλλά
1945 2299 2034 2353 καὶ
2094 2301 2288 2353 τοῦτον
2337 2300 2365 2354 ὁ
2420 2304 2660 2373 γενναῖος
2715 2299 3018 2373 ἀγωνιστὴς
3076 2301 3137 2356 ού
3200 2308 3535 2379 σοφιστικαῖς
3587 2304 3676 2357 καὶ
3735 2300 3882 2357 δια-

442 2389 728 2451 λεκτικαῖς
785 2386 1144 2459 ἀποδείξεσιν,
1205 2389 1593 2452 ἀποστολικοῖς
1651 2385 1706 2442 δὲ
1764 2389 1852 2443 καὶ
1911 2386 2290 2465 εὖαγγελικοῖς

2378 2388 2615 2464 ῥήμασιν
2677 2389 3017 2466 ἀφωνότερον
3107 2389 3314 2466 ἰχθύων
3402 2388 3666 2462 ἀπέδειξε.
3752 2393 3875 2448 Καὶ

437 2482 568 2537 τότε
598 2482 691 2555 μὲν
723 2481 827 2536 οὐκ
859 2479 1050 2556 ὀλίγας
1091 2481 1256 2535 πάλιν
1317 2475 1499 2535 λαϐὼν
1556 2479 2005 2554 ἐξοστρακίζεται,
2062 2476 2281 2553 ὕστέρον
2343 2476 2399 2534 δὲ
2457 2484 2534 2551 τῷ
2597 2478 2825 2556 μεγάλῳ
2876 2481 3070 2538 συστάς
3123 2481 3365 2558 Ὶγνατίῳ
3394 2484 3484 2538 καὶ
3512 2484 3711 2559 χρόνον
3744 2483 3878 2539 τινὰ

439 2569 824 2646 συνδιατρίψας
857 2570 1003 2642 αύτῷ
1034 2571 1122 2625 καὶ
1153 2569 1280 2645 περὶ
1313 2574 1423 2625 τῶν
1458 2566 1773 2642 μελλόντων
1808 2565 2126 2639 ἀναδιδάξας
2160 2568 2430 2643 βασιλέων
2464 2570 2550 2641 (ἦν
2580 2570 2680 2644 γὰρ
2713 2569 2802 2624 καὶ
2833 2574 3200 2645 προορατικοῦ
3232 2571 3539 2645 ἠξιωμένος
3582 2572 3875 2649 χαρίσμα-

439 2663 578 2734 τος),
611 2662 749 2736 πρὸς
789 2660 992 2732 Κύριον
1028 2657 1348 2732 ἐξεδήμησε.

509 2753 820 2807 Enimvero
852 2751 1212 2821 Theophilus
1257 2751 1455 2806 animo
1488 2751 1548 2804 in
1580 2750 1868 2821 imagines
1898 2748 2092 2803 infen-

440 2841 678 2895 sissimo
711 2841 920 2894 statuit
963 2855 1170 2894 omnes
1225 2841 1482 2911 pietores
1541 2856 1571 2894 e
1631 2838 1827 2893 medio
1858 2838 2090 2903 tollere,

431 2930 612 2983 vitam
635 2946 757 2984 non
801 2929 975 2983 aliter
1006 2935 1336 2985 servaturos
1394 2946 1571 3001 quam
1605 2929 1653 2983 si
1687 2945 1757 2984 ea
1788 2943 2089 2999 conspue-

431 3023 565 3073 rent
596 3025 654 3074 et
689 3024 750 3072 ut
785 3018 1032 3090 profana
1062 3018 1226 3073 humi
1267 3017 1711 3074 conculcarent.
1755 3019 1915 3072 Inter
1945 3016 2092 3071 alios

432 3114 639 3180 captus
671 3126 738 3164 ea
770 3109 842 3164 de
874 3125 1051 3164 causa
1085 3109 1195 3163 fuit
1235 3109 1413 3164 etiam
1447 3109 1690 3164 Lazarus
1740 3106 2088 3172 monachus,

434 3215 502 3254 eo
533 3205 796 3270 tempore
827 3198 900 3253 ob
932 3204 1120 3253 artem
1145 3197 1424 3269 pingendi
1451 3197 1688 3251 nobilis.
1720 3199 1909 3266 Atque
1932 3196 2091 3248 hunc

2279 2749 2363 2820 [Ρ.
2398 2749 2524 2821 520]
2578 2753 2704 2812 Ταῖς
2761 2745 2818 2804 δὲ
2870 2750 3038 2813 θείαις
3099 2750 3298 2806 εἰκόσιν
3351 2754 3380 2808 ὁ
3434 2752 3698 2826 τύραννος
3755 2754 3872 2808 ἀπ-

2206 2837 2576 2914 εχθανόμενὸς
2610 2833 2832 2892 ἔσπευδε
2879 2839 3084 2903 πάντας
3117 2842 3436 2920 ζωγράφους
3470 2840 3521 2911 ἐξ
3554 2842 3868 2916 ἀνθρώπων

2205 2926 2482 3001 ἀφανίσαι,
2515 2925 2550 2995 ἢ
2582 2927 2645 2981 τὸ
2678 2930 2773 3000 ζῇν
2835 2928 3194 3003 αἱρουμένους
3253 2928 3513 3004 ἐμπτύειν
3545 2952 3604 2986 τε
3637 2931 3868 2995 ταύταις

2202 3013 2291 3069 καὶ
2338 3016 2410 3077 ὡς
2475 3010 2687 3092 βὲϐἧλά
2743 3037 2862 3071 τινα
2899 3017 2983 3072 ἐπ’
3038 3016 3267 3097 ἐδάφους
3327 3026 3675 3077 καταπατεῖν.
3710 3023 3861 3096 Πρὸς

2201 3110 2316 3166 τοῖς
2342 3101 2540 3163 ἄλλοις
2573 3102 2630 3160 δὲ
2676 3109 3081 3182 συγκατεσχέοη
3114 3108 3204 3164 καὶ
3238 3110 3266 3163 ὁ
3303 3109 3547 3185 μοναχὸς
3582 3111 3861 3184 Λάζαρος,

2200 3190 2531 3268 περιϐόητος
2584 3202 2882 3268 τηνικαῦτα
2933 3199 3069 3254 κατά
3125 3201 3224 3268 τήν
3284 3203 3629 3279 ζωγραφικήν
3679 3201 3861 3277 ὑπάρ-

433 3289 692 3359 primum
712 3289 1036 3358 imperator
1055 3285 1289 3340 blandis
1308 3285 1498 3340 verbis
1523 3285 1792 3356 subigere
1814 3282 2090 3336 intendit:

2203 3303 2320 3358 χων
2377 3283 2600 3360 τέχνην.
2666 3286 2767 3342 Καὶ
2827 3291 3016 3360 πρῶτα
3072 3288 3165 3362 μὲν
3200 3290 3533 3366 ὁθεομάχος
3588 3292 3858 3353 θωπείαις

433 3383 569 3446 post
590 3376 687 3430 ubi
714 3376 1020 3430 hominem
1043 3373 1344 3428 adulando
1367 3373 1495 3443 capi
1529 3371 1775 3442 nequire
1804 3369 2092 3435 sensit,ad

434 3464 552 3516 vim
586 3463 696 3517 sibi
728 3463 1083 3518 familiarem
1117 3461 1774 3527 conversus,tormentis
1798 3461 1879 3514 ita
1903 3476 2096 3515 excar-

435 3551 743 3606 niﬁcatum
765 3557 828 3604 ut
849 3551 963 3605 vita
988 3567 1340 3606 excessurus
1364 3556 1672 3621 putaretur
1702 3550 1760 3604 in
1795 3567 2093 3604 carcerem

433 3639 710 3712 conjecit.
723 3642 985 3710 Cumque
1001 3656 1136 3695 eum
1152 3640 1499 3713 aegritudine
1515 3639 1880 3695 sublevatum
1897 3639 2092 3694 denuo

433 3746 631 3786 sacras
678 3729 900 3784 formas
957 3731 1198 3802 pingere
1245 3730 1497 3795 audiret,
1557 3730 1811 3784 laminas
1869 3728 2092 3784 ferreas

434 3819 648 3891 ignitas
679 3819 895 3890 palmis
957 3820 1084 3892 ejus
1144 3820 1430 3892 applicari
1481 3820 1682 3891 jussit,
1717 3837 1848 3890 quas
1881 3836 2089 3874 carnes

431 3916 676 3965 eatenus
707 3909 974 3980 depastus
1007 3913 1165 3975 sunt,
1200 3909 1342 3964 dum
1401 3908 1588 3964 victus
1619 3909 1776 3963 malo
1809 3907 2090 3963 semiani-

435 4016 568 4054 mus
595 3999 802 4069 jacuit.
837 4001 1004 4067 Tum,
1035 3999 1174 4070 quia
1218 4015 1352 4054 eum
1386 3998 1637 4070 posteris
1672 4015 1900 4054 servare
1933 3997 2089 4052 vole-

438 4088 540 4144 bat
565 4089 761 4144 divina
791 4088 1130 4154 clementia,
1165 4094 1450 4161 tyrannus
1499 4089 1759 4142 animam
1807 4104 1937 4142 eam
1961 4087 2090 4157 jam

435 4195 606 4250 agere
638 4179 906 4244 audiens,
934 4177 1452 4249 deprecationibus
1476 4177 1679 4231 uxoris
1705 4183 1881 4247 atque
1912 4177 2088 4246 hujus

432 4266 780 4321 intimorum
833 4271 1028 4322 motus
1060 4283 1196 4322 eum
1256 4285 1327 4323 ex
1387 4282 1621 4322 carcere
1649 4265 1893 4320 dimisit.
1923 4265 2010 4319 Ita
2036 4263 2087 4318 is

434 4349 650 4407 deinde
684 4354 745 4407 in
777 4355 912 4410 fano
958 4357 1288 4425 Prodromi,
1323 4354 1478 4427 quod
1531 4354 1815 4410 Terribile
1848 4353 2085 4422 dicitur,

434 4441 764 4497 occultatus
795 4444 1112 4516 imaginem
1171 4446 1505 4512 Prodromi,
1551 4451 1851 4516 utcunque
1885 4442 2086 4499 saucio

438 4545 706 4602 corpore,
741 4531 1010 4602 depinxit
1029 4541 1228 4590 tamen
1258 4553 1270 4600 ;
1297 4553 1427 4606 qum
1451 4535 1551 4590 diu
1575 4534 1805 4590 duravit
1826 4533 2088 4588 morbos-

437 4635 550 4691 que
583 4621 737 4677 614
764 4623 1006 4678 sanavit.
1043 4625 1112 4676 Et
1168 4629 1299 4695 post
1328 4630 1579 4679 mortem
1611 4622 1918 4694 Theophili
1952 4637 2088 4677 vera

436 4709 721 4782 religione
752 4727 987 4766 rursum
1021 4711 1334 4785 etTulgente
1364 4713 1682 4786 imaginem
1704 4713 1837 4766 Jesu
1868 4708 2083 4764 Christi

435 4798 538 4853 Dei
571 4804 630 4853 et
658 4799 940 4866 hominis,
976 4800 1132 4872 quod
1189 4807 1280 4856 est
1327 4801 1385 4856 in
1435 4801 1615 4868 calce,
1643 4799 1765 4855 suis
1805 4797 2081 4854 manibus

431 4887 716 4943 condidit.
751 4889 914 4944 Idem
947 4896 1190 4946 ornatus
1221 4907 1254 4946 a
1282 4890 1589 4947 Theodora
1627 4887 2081 4961 praeclarissima

431 4977 808 5050 imperatrice
838 4985 904 5034 ut
934 4980 1145 5036 marito
1177 4997 1282 5036 suo
1312 4981 1639 5053 ignosceret
1669 4977 2016 5046 veniamque
2045 4991 2081 5031 a

437 5068 554 5123 Deo
585 5070 947 5140 impetraret.
985 5072 1107 5126 Non
1140 5076 1249 5138 est,
1283 5070 1384 5134 ait,
1429 5087 1463 5124 ο
1503 5071 1782 5141 Augusta,
1815 5066 1967 5121 Deus
1997 5065 2082 5120 ita

435 5158 716 5233 injustus,
751 5167 816 5218 ut
846 5170 1062 5218 nostra:
1094 5161 1430 5218 dilectionis
1453 5166 1510 5216 et
1535 5159 1719 5231 ipsius
1741 5173 1916 5213 causa
1939 5155 2084 5211 toleo

2199 3373 2359 3427 αὐτὸν
2392 3372 2642 3448 ἐπειρᾶτο
2676 3375 3074 3432 ὑποποιεῖσθαι·
3133 3379 3206 3439 ὡς
3266 3375 3323 3433 δὲ
3351 3379 3634 3453 κρείττονα
3663 3384 3862 3435 τοῦτον

2202 3460 2345 3532 ἑώρα
2375 3459 2665 3524 κολακείας
2722 3465 2955 3536 ἀπάσης,
3005 3469 3142 3541 πρὸς
3189 3467 3287 3536 τήν
3336 3466 3632 3542 σύντροφον
3667 3466 3862 3524 ἆπεῖδε

2203 3549 2348 3624 βίαν,
2407 3550 2496 3606 καὶ
2555 3557 2812 3608 τοσοῦτον
2869 3555 3028 3609 αὐτὸν
3086 3561 3205 3617 ταῖς
3264 3556 3516 3629 βασάνοις
3565 3557 3862 3631 κατῄκισεν

2200 3639 2276 3702 ὡς
2337 3638 2478 3713 μηδὲ
2534 3644 2902 3718 περιγενέσθαι
2964 3643 3022 3699 ἐκ
3083 3644 3292 3700 τούτων
3347 3646 3687 3719 νομίζεσθαι.
3749 3647 3860 3705 Καὶ

2198 3727 2372 3790 οὕτως
2430 3725 2632 3808 ἔχοντα
2687 3733 2945 3804 πονήρως
3019 3738 3115 3788 τοῦ
3174 3735 3428 3808 σώματος
3485 3732 3860 3811 δεσμωτηρίῳ

2196 3815 2584 3890 καθείργνυσιν.
2620 3817 2767 3873 Ἐπεὶ
2813 3815 2868 3873 δὲ
2927 3819 3148 3876 ἐπύθετο
3207 3823 3282 3884 ὡς
3343 3822 3660 3900 ἀναρῥαλίσας
3693 3824 3860 3889 αὖθις

2194 3902 2496 3975 ἀναστηλοῖ
2551 3907 2646 3967 τάς
2703 3908 2848 3970 θείας
2907 3911 3139 3987 μορφάς,
3192 3910 3438 3967 ἐκέλευσε
3503 3912 3713 3969 πέταλα
3765 3936 3852 3969 σι-

2197 3990 2338 4067 δηρᾶ
2394 3995 2876 4068 ἀπανθρακωθέντα
2923 4004 3043 4060 ταῖς
3102 3998 3385 4074 παλάμαις
3433 4001 3598 4057 αὐτοῦ
3657 4002 3848 4059 ἐπιτε-

2193 4083 2369 4151 θῆναι.
2407 4078 2693 4144 Ἐϐόσκετο
2731 4083 2824 4140 οὖν
2879 4087 2942 4142 τὸ
2997 4091 3108 4163 πῦρ
3135 4089 3231 4150 τὰς
3291 4091 3514 4164 σάρκας,
3545 4090 3680 4167 ἄχρι
3712 4094 3851 4149 ποτὶ

2192 4171 2568 4248 ἀπαγορεύσας
2629 4174 2656 4227 ὁ
2709 4173 2955 4246 ἀθλητής
2995 4174 3169 4233 ἔκειτο
3202 4180 3504 4251 ἡμιθανής.
3536 4178 3703 4237 Ἀλλ’
3736 4178 3851 4238 ἔδει

2189 4257 2379 4315 τοῦτον
2411 4260 2514 4315 ὑπὸ
2561 4268 2662 4332 τῆς
2713 4263 2857 4326 θείας
2916 4266 3145 4340 χάριτος
3205 4263 3574 4343 διατηρεῖσθαι
3607 4269 3695 4324 καί
3725 4278 3848 4334 τοῖς

2191 4349 2412 4422 ὓστερον
2445 4345 2700 4426 ἔναυσμα,
2735 4350 2852 4418 ὅθεν
2914 4358 2942 4408 ὁ
3002 4355 3261 4430 τύραννος
3316 4355 3504 4428 ἐπειδή
3552 4360 3620 4414 τά
3655 4359 3853 4416 τελευ-

2188 4445 2314 4493 ταῖα
2383 4445 2530 4494 πνεῖν
2591 4439 2911 4514 ἐμάνθανεν,
2968 4443 3195 4508 ἱκεσίαις
3243 4453 3344 4516 τῆς
3402 4444 3691 4520 δεσποίνης
3747 4451 3844 4506 καὶ

2187 4549 2346 4583 τινων
2393 4526 2580 4584 ἄλλων
2634 4529 3018 4606 γνησιωτάτων
3081 4534 3216 4609 αὐτῇ
3277 4535 3574 4593 ἀπολύεται
3604 4545 3703 4606 τῆς
3735 4539 3846 4614 εἰρ-

2190 4624 2350 4687 κτῆς,
2381 4618 2638 4692 καὶπρὸς
2694 4619 2785 4674 τὸν
2845 4622 2970 4677 οαὸν
3023 4626 3122 4677 τοῦ
3183 4624 3338 4699 ἀγίου
3389 4623 3715 4702 Προδρόμου
3746 4628 3844 4684 τὸν

2193 4706 2338 4761 οὕτω
2367 4707 2710 4780 καλούμενον
2769 4712 2865 4762 τοῦ
2919 4704 3155 4786 φοϐεροῦ
3208 4708 3569 4788 ἐναπεκρύϐη,
3620 4715 3710 4768 καὶ
3754 4716 3850 4770 οὕ-

2191 4816 2298 4858 τως
2331 4795 2404 4857 ὠς
2437 4795 2557 4870 εἶχε
2588 4793 2816 4872 πληγῶν
2869 4793 3049 4854 εἰκόνα
3109 4797 3408 4856 διετύπωσε
3463 4807 3560 4857 τοῦ
3595 4801 3842 4878 Προδρό-

2193 4905 2298 4956 μου
2335 4885 2502 4960 μέχρι
2560 4882 2778 4939 πολλοῦ
2835 4883 3244 4962 διασωζομένην
3294 4891 3383 4946 καὶ
3444 4891 3608 4954 ἰάσεις
3657 4890 3843 4949 ἐπιτε-

2190 4972 2412 5030 λοῦσαν.
2473 4973 2575 5030 Καὶ
2633 4978 2800 5029 ταῦτα
2886 4977 2982 5051 μὲν
3065 4978 3207 5048 τότε,
3271 4980 3405 5054 μετά
3471 4978 3528 5036 δὲ
3586 4984 3683 5050 τήν
3740 4987 3844 5038 τοῦ

2187 5066 2451 5137 τυράννου
2489 5063 2784 5120 κατάλυσιν
2825 5073 2927 5135 τῆς
2973 5067 3264 5142 ὀρθοδόξου
3310 5071 3542 5135 πίστεως
3593 5071 3842 5147 ἀναλαμ.

2188 5153 2366 5228 ψάσης
2397 5155 2494 5223 τήν
2527 5152 2577 5208 ἐν
2609 5157 2678 5228 τῇ
2713 5153 2912 5231 Χαλκῇ
2973 5159 3086 5232 (91)
3143 5159 3324 5214 εἰκόνα
3353 5165 3454 5216 τοῦ
3495 5163 3847 5238 θεανθρώπου

1607 5313 1976 5371 XYLANDRI
2015 5310 2102 5366 ET
2140 5311 2358 5367 GOARI
2397 5311 2619 5366 ΝΟΤιΕ.

505 5440 617 5509 (91)
648 5442 893 5518 Duplex_
913 5445 1122 5518 Chalce
1152 5517 1156 5518 ί
1181 5445 1344 5518 Cpoli
1397 5461 1434 5518 a
1490 5444 1674 5518 portis
1703 5441 1873 5518 aereis
1898 5440 2083 5518 dicta,

433 5523 557 5565 una
586 5512 810 5582 palatii.
843 5515 1029 5572 altera
1053 5517 1162 5572 fori
1190 5533 1202 5571 :
1226 5512 1354 5574 hinc
1385 5512 1775 5572 fuit'ecclesia
1799 5513 1872 5571 ad
1890 5513 2085 5568 forum

406 5595 506 5664 rex
535 5582 757 5638 Zonara
787 5585 849 5639 in
901 5589 1307 5657 Monomacho,
1359 5589 1458 5644 illa
1504 5588 1708 5659 patatii
1759 5587 2084 5658 ingressus.

2196 5437 2440 5523 Utrique
2470 5437 2786 5523 Salvatoris
2843 5441 3036 5523 imago
3095 5445 3169 5501 ad
3227 5447 3600 5523 excitandam
3640 5450 3847 5523 populi

2196 5508 2711 5582 palatinorumque
2741 5508 3116 5572 devotionem
3143 5519 3481 5591 superpicta
3509 5508 3848 5580 fuit.'Gon.
