4130 6218
346 293 476 352 997

1522 297 1881 358 HISTORIA
1900 292 2072 354 RUM
2118 293 2672 358 COMPENDIUM.

3637 306 3755 367 998

345 401 529 494 Ἰησοῦ
563 426 798 498 Χριστοῦ
855 424 1082 481 οἱκείαις
1143 429 1332 502 χερσίν
1391 428 1783 500 ἀνεστήλωσεν.
1818 426 1979 486 Οὗτος

2103 431 2374 482 ratarum
2406 445 2808 487 aerumnarum
2840 432 3240 502 obliviscatur,
3276 435 3419 492 iisve
3450 437 3766 510 Theophili

346 514 374 568 6
409 513 678 586 μακάριος
740 514 983 589 Λάζαρος
1041 515 1530 590 παρακαλούμενος
1585 518 1689 573 ὑπὸ
1734 523 1833 586 τῆς
1864 526 1994 579 θαυ-

2107 515 2310 571 odium
2344 523 2401 572 et
2431 519 2684 574 nimium
2716 520 2975 577 furarem
3006 523 3300 595 przeferat.

357 605 567 674 μαστῆς
596 599 880 678 Θεοδώρας
908 611 1007 672 τῆς
1037 603 1318 679 βασιλίδος
1352 607 1686 683 συγγνώμην
1743 603 1924 660 δοῦναί
1973 623 2031 657 τε
2083 603 2170 656 καὶ
2237 603 2554 675 αἰτήσασθαι
2604 611 2682 678 τῷ
2714 607 2916 679 ταύτης
2944 608 3121 684 ἀνδρὶ,
3148 635 3176 662 «
3210 613 3327 669 Οὗκ
3359 611 3542 678 ἄδικος
3576 618 3603 671 ὃ
3635 620 3769 673 Θεεδς

337 685 476 761 (92),
518 687 642 764 ἔφη,
684 689 729 743 ὦ
763 689 1076 765 βασίλισσα,
1109 691 1455 749 ἐπιλαθέσθαι
1484 701 1583 764 τῆς
1615 696 1779 766 ἡμῶλ
1808 694 2026 768 ἀγάπης
2054 690 2147 744 καὶ
2177 695 2288 746 τῶν
2322 694 2457 766 πρὸς
2491 693 2648 749 αὐτὸν
2681 697 2888 766 κόπων,
2921 697 3127 752 ἐκείνου
3159 697 3217 754 δὲ
3244 699 3306 755 τὺ
3341 708 3499 774 μῖσος
3538 705 3626 759 καὶ
3656 709 3759 776 τήν

341 774 806 850 ὑπερϐάλλαυσαν
841 781 1032 852 μανίαν
1061 788 1426 855 προτιμῆσαι.
1466 808 1493 834 ››

361 865 588 924 ιἈλλά
641 872 812 923 τοῦτα
871 871 965 942 μὲν
1025 871 1268 945 ὕστερον
1325 873 1352 926 6
1413 870 1468 926 δὲ
1516 871 1712 946 μιαρὸς
1741 869 2000 943 τύραννος

343 957 435 1012 τὸν
495 955 858 1032 ὁμολογητήν
924 959 1200 1037 Θεοφάνην
1252 959 1342 1014 καὶ
1401 956 1682 1033 Θεόδωρον
1713 958 1804 1014 τὸν
1837 956 2000 1012 αὐτοῦ

345 1043 600 1123 ἀδελφὸν,
658 1046 746 1102 ἐπὶ
807 1048 970 1125 σοφίᾳ
1032 1047 1380 1126 διαφέροντας
1440 1048 1569 1105 ἰδὼν
1599 1055 1709 1104 τῶν
1746 1046 2000 1123 πολλῶν,

337 1138 477 1191 κατά
530 1137 620 1190 τὸν
655 1141 750 1192 τοῦ
799 1143 1107 1192 Λαυσιακοῦ
1152 1139 1432 1214 τρίκλινον
1486 1140 1865 1214 παρεστήσατο
1899 1133 2000 1208 δη-

343 1225 511 1299 μοσίᾳ
559 1222 978 1299 διαλεξομένους
1030 1228 1150 1302 περὶ
1190 1236 1290 1298 τῆς
1353 1229 1608 1291 πίστεως.
1642 1228 1770 1296 Καὶ,
1803 1251 1830 1278 ‹‹
1863 1226 1999 1299 Ἀγε

335 1312 428 1384 δή,
462 1315 649 1391 φησὶν,
686 1315 864 1388 ὑμεῖς,
915 1317 960 1370 ὤ
1018 1318 1328 1393 κατάρατοι,
1385 1317 1495 1373 τίσι
1550 1317 1863 1390 πειθόμενοι
1893 1311 1997 1388 ῥή-

333 1423 445 1457 σεσι
504 1410 606 1472 τῆς
665 1406 879 1480 Γραφῆς
944 1407 1010 1460 τὰ
1068 1405 1273 1462 εἷ’δωλα
1338 1431 1366 1460 ››
1425 1409 1544 1476 (τὰς
1592 1406 1743 1481 ἁγίας
1776 1405 1994 1464 αίκόνας

332 1489 623 1565 ἀκολάστῳ
661 1493 861 1568 γνώμῃ
904 1496 992 1550 καὶ
1046 1494 1274 1571 γλώσσῃ
1325 1495 1513 1552 καλῶν
1547 1495 1714 1566 οὕτω)
1756 1519 1782 1548 ιι
1815 1513 1992 1567 προσ-

333 1585 563 1650 κυνεῖτε,
595 1583 685 1637 καὶ
729 1581 856 1645 τοὺς
915 1581 1162 1647 πολλοὺς
1216 1585 1307 1639 καὶ
1373 1587 1448 1660 μὴ
1510 1583 1794 1659 ἀκεραίους
1849 1581 1993 1636 οὕτω

336 1676 516 1724 ποιεῖν
571 1671 922 1740 ἀναπείθετε;
968 1698 996 1723 ››
1057 1673 1359 1748 Προσετίθη
1421 1672 1479 1728 δὲ
1531 1673 1621 1727 καὶ
1679 1671 1806 1728 ἄλλ’
1857 1669 1994 1725 ἅττα

339 1757 642 1838 βλάσφημα
672 1762 759 1815 καὶ
818 1761 1014 1836 ἀπηχῆ
1071 1764 1213 1818 κατὰ
1263 1766 1362 1830 τῇς
1419 1761 1575 1836 ἁγίας
1621 1760 1826 1822 εἷ’κόνος
1859 1761 1993 1834 Χρι-

2183 871 2468 927 Caeterum
2505 874 2774 946 impurus
2807 883 3094 948 tyrannus
3126 896 3261 935 eum
3294 882 3542 937 sentiret
3571 886 3766 941 Theo-

2110 959 2368 1030 phanem
2403 963 2807 1019 confessorem
2840 971 2898 1020 et
2941 967 3181 1022 fratrem
3229 969 3357 1040 ejus
3389 972 3762 1030 Theodorum

2110 1047 2240 1102 aliis
2276 1051 2565 1120 sapientia
2596 1053 2848 1108 multum
2900 1057 3274 1122 antecellere,
3309 1058 3382 1113 ad
3415 1059 3764 1118 Lausiacum

2108 1135 2436 1192 triclinium
2465 1155 2526 1194 se
2549 1140 2758 1196 sistere
2782 1143 3100 1214 eosjussit,
3125 1146 3359 1216 publice
3385 1147 3455 1203 de
3478 1150 3763 1223 religione

2108 1223 2732 1301 disputaturos.Atque
2759 1231 2894 1299 ibi,«
2918 1233 3424 1306 Agedum,inquit,
3442 1241 3766 1296 exsecrabi-

2107 1313 2580 1387 les,quibusdam
2605 1337 2907 1376 sacrarum
2938 1322 3269 1378 litterarum
3305 1329 3618 1383 sententiis
3635 1346 3764 1401 per-

2106 1405 2288 1471 suasi,
2323 1406 2482 1462 idola
2511 1408 2617 1477 (sic
2650 1427 2850 1465 sacras
2881 1411 3168 1484 imagines
3197 1413 3397 1469 animo
3430 1420 3482 1469 et
3516 1433 3617 1471 ore
3649 1417 3762 1471 im-

2107 1495 2334 1565 potenti
2372 1497 2636 1569 vocabat)
2667 1499 2950 1566 adoratis,
2978 1501 3544 1575 multitudinemque
3577 1505 3764 1560 homi-

2103 1599 2245 1638 num
2277 1585 2688 1656 imperitorum
2721 1605 2791 1644 eo
2821 1588 3113 1644 adducitis
3145 1596 3210 1645 ut
3241 1592 3396 1646 idem
3433 1593 3698 1649 faciant?
3730 1617 3759 1644 »

2105 1672 2215 1727 Sed
2247 1679 2305 1728 et
2335 1675 2859 1746 impudentissima
2919 1695 3056 1733 voce
3110 1679 3224 1735 alia
3272 1681 3545 1752 quasdam
3581 1684 3760 1756 impie

2101 1766 2309 1818 contra
2341 1780 2568 1819 sacram
2611 1765 2826 1820 Christi
2855 1767 3180 1839 imaginem
3215 1770 3484 1826 effutivit.
3514 1772 3602 1826 Ad
3634 1773 3761 1828 haec

337 1851 465 1902 στοῦ
497 1834 618 1903 ⁷τοῦ
675 1854 808 1904 Θεοῦ
864 1834 1025 1922 ἡμῶν
1082 1848 1435 1926 ἀναιδεστέρᾳ
1468 1834 1661 1928 φωνῇ.
1691 1851 1758 1907 Οἱ
1791 1846 1848 1904 δὲ
1881 1869 1979 1922 μα-

2093 1848 2249 1905 beati
2265 1851 2350 1906 illi
2367 1834 3180 1926 dixerunt:«SedTheophilus
3198 1858 3546 1929 aliquandiu
3565 1861 3762 1916 occul-

337 1936 548 2008 κάριοι,
611 1961 637 1987 α
696 1937 1077 2014 Ἐμφραχθείη
1119 1940 1181 1994 τὸ
1230 1940 1424 2012 στόμα,
1483 1939 1658 2006 εἶπον,
1688 1939 1751 1992 τὸ
1783 1934 1988 1993 λαλοῦν

335 2027 473 2081 κατά
523 2031 621 2081 τοῦ
679 2032 813 2082 Θεοῦ
868 2029 1123 2102 ἀνομίαν.
1158 2054 1187 2082 ››
1237 2031 1299 2088 Ὁ
1349 2027 1406 2085 δὲ
1463 2029 1692 2101 κρύπτει
1727 2030 1820 2102 μὲν
1851 2025 1987 2089 τέως

331 2117 430 2183 τήν
463 2115 707 2185 λεοντῆν,
739 2117 837 2186 τὴν
871 2115 928 2172 δὲ
971 2119 1264 2190 ἀλωπεκῆν
1315 2118 1683 2193 ὑποκρίνεται,
1724 2119 1814 2172 καὶ
1841 2117 1988 2192 χρή-

331 2225 442 2266 σεις
494 2208 838 2285 προφητικάς
893 2207 1089 2282 ἀπῄτει
1149 2208 1239 2263 καὶ
1301 2208 1598 2284 μαρτυρίας
1648 2207 1742 2268 τὰς
1773 2205 1985 2270 εἰκόνας

331 2292 724 2369 ἐπιτρεπούσας
782 2299 1218 2371 προσκυνεῖσθαι.
1293 2299 1376 2371 [Ρ.
1439 2300 1565 2370 521]
1635 2296 1870 2370 Θατέρου
1928 2292 1988 2350 δὶ

327 2386 438 2436 τῶν
469 2380 719 2462 ἀδελφῶν
746 2389 844 2438 τοῦ
880 2387 1178 2460 μακαρίτου
1219 2386 1523 2466 Θεοφάνους
1580 2385 1736 2460 ῥῆσίν
1778 2405 1898 2440 τινα
1926 2383 1986 2438 ἐκ

328 2479 430 2541 τῆς
461 2477 558 2528 τοῦ
612 2475 835 2529 Ἦσαῒου
892 2477 1262 2552 προφέροντος
1319 2475 1676 2554 προφητείας,
1704 2476 1807 2530 οὐκ
1835 2471 1985 2550 ἔχειν

331 2561 476 2616 οὕτω
504 2563 705 2633 ταύτην
729 2563 1008 2640 ἀντέλεγεν
1043 2567 1072 2620 6
1097 2565 1383 2642 Θεόφιλος,
1413 2567 1502 2620 καὶ
1556 2566 1667 2637 ἅμα
1712 2565 1811 2633 τήν
1857 2563 1983 2618 ἑαυ-

327 2655 425 2706 τοῦ
458 2646 654 2726 βίϐλον
705 2651 999 2708 ἀνελίττων
1052 2653 1258 2710 ἐδείκνυ
1313 2655 1457 2730 τάχα
1485 2655 1614 2715 τοὺς
1645 2653 1847 2726 λόγους
1878 2674 1979 2707 πι-

329 2739 626 2803 στούς.Ὡς
671 2738 729 2796 δὲ
783 2744 1119 2807 νενοθεῦσθαι
1180 2743 1270 2798 ὑπ’
1329 2743 1492 2799 αὐτοῦ
1560 2743 1622 2797 οὐ
1684 2742 1851 2815 μόνον
1909 2739 1978 2810 δὴ

324 2831 528 2900 ταύτην
561 2833 590 2886 6
620 2831 772 2907 ἅγιος
804 2828 1023 2897 ἐπεϐόα,
1072 2832 1218 2888 ἀλλά
1273 2835 1365 2888 καὶ
1422 2833 1592 2895 πάσας
1621 2832 1716 2894 τάς
1749 2833 1868 2886 ὅσαι
1902 2831 1977 2893 εἰς

326 2921 426 2990 τήν
468 2919 632 2975 αὐτοῦ
675 2920 931 2976 ἐλθοῦσαι
959 2920 1156 3001 ἔτυχον
1208 2929 1387 2997 χεῖρα,
1419 2921 1628 2992 ἐκείνην
1659 2919 1810 2996 ἔλεγε
1841 2940 1976 2994 προ-

418 3009 459 3040 -\
526 3009 568 3040 ἰ
777 3011 788 3028 ι
909 3012 982 3041 ’-ε
1121 3014 1131 3026 ι
1271 3007 1318 3034 ,ρ
1493 3013 1506 3029 ι
1695 3011 1708 3031 \
1790 3013 1800 3026 ι
1949 3041 1978 3052 -

326 3011 493 3071 τιθιις
528 3029 662 3064 ιεναι
694 3030 827 3084 προς
861 3033 1024 3066 αυιον
1075 3033 1172 3079 την
1229 3011 1421 3088 βιολον
1449 3033 1547 3080 την
1579 3033 1718 3066 κατα
1743 3033 1841 3080 την
1871 3030 1948 3065 πα

327 3100 656 3172 τριαρχικήν
711 3098 761 3152 ἐν
817 3104 898 3171 τῷ
955 3101 1217 3175 Θωμαῒτῃ
1273 3101 1408 3155 κατά
1462 3099 1625 3170 τήνδε
1678 3101 1778 3168 τήν
1835 3098 1977 3154 θέσιν

2097 1943 2219 1994 tata
2252 1940 2491 1997 leonina
2521 1942 2824 2014 vulpinam
2856 1944 3071 2015 pellem
3094 1963 3214 2016 pra:
3239 1964 3300 2002 se
3327 1948 3487 2016 tulit,
3520 1966 3587 2004 ac
3621 1967 3760 2006 ora-

2095 2027 2227 2083 cula
2256 2028 2523 2086 divorum
2576 2037 2771 2086 vatum
2832 2038 2890 2087 et
2956 2035 3299 2090 testimonia
3331 2036 3445 2091 sibi
3500 2039 3755 2108 proferri

2093 2117 2411 2185 postulavit
2443 2119 2769 2192 imaginum
2798 2123 3242 2178 venerationem
3267 2125 3757 2183 concedentia.Et

2093 2219 2227 2259 cum
2258 2205 2645 2278 TheOphanes
2675 2209 2876 2265 loeum
2918 2228 2989 2266 ex
3019 2213 3204 2268 Esaias
3237 2215 3532 2270 vaticiniis
3565 2215 3755 2272 addu-

2093 2299 2272 2361 ceret,
2299 2295 2449 2352 9I5
2485 2299 2793 2368 respondit
2831 2300 3190 2372 Theophilus
3231 2320 3367 2359 cum
3397 2306 3596 2361 locum
3631 2323 3752 2362 non

2092 2381 2169 2434 ita
2200 2382 2438 2451 habere,
2473 2386 2770 2458 simulque
2801 2405 2974 2443 suum
3027 2391 3242 2446 librum
3294 2393 3627 2465 explicavit.
3664 2395 3746 2466 lbi

2089 2470 2477 2542 Theophanes
2508 2475 2813 2532 vociferari
2836 2493 2958 2532 non
2980 2478 3138 2534 hunc
3170 2481 3345 2536 modo
3377 2482 3615 2548 librum,
3641 2483 3745 2539 sed

2089 2575 2294 2615 omnes
2321 2563 2626 2634 quotquod
2653 2565 2713 2619 in
2735 2582 2946 2620 manus
2970 2567 3280 2638 Theophili
3315 2571 3744 2640 pervenissent,

2089 2655 2398 2720 corruptos
2430 2665 2582 2718 esse,
2611 2653 2912 2724 postulare
2943 2659 3010 2709 ut
3042 2672 3114 2710 ex
3146 2657 3500 2726 patriarchas
3531 2657 3746 2714 biblio-

2089 2736 2258 2792 theca
2290 2739 2654 2796 Thomaitica
2683 2741 2866 2797 codex
2924 2743 3246 2816 (simulque
3291 2745 3742 2804 demonstrabat

2087 2841 2202 2895 quo
2236 2827 2285 2880 is
2325 2827 2452 2882 loco
2507 2836 2663 2884 esset
2721 2832 3040 2905 repositus)
3073 2833 3406 2903 efferretur,
3440 2835 3738 2893 dictorum

2085 2912 2347 2968 veritatis
2378 2913 2728 2988 indagandze
2787 2934 2986 2973 causa.
3043 2918 3361 2976 Celerrime
3411 2938 3478 2976 eo
3520 2923 3739 2978 missus

2085 3001 2326 3072 quidam
2350 3003 2614 3060 codicem
2637 3005 2855 3075 attulit,
2875 3024 3050 3078 quem
3075 3014 3283 3080 sponte
3305 3026 3410 3065 sua
3431 3012 3738 3068 revolvens

2085 3093 2408 3164 imperator
2439 3094 2700 3150 studiose
2733 3112 2766 3151 a
2796 3099 3100 3169 proposito
3123 3098 3439 3166 aberravit,
3459 3118 3738 3157 verecun-

328 3189 585 3258 κέιμένην
631 3182 998 3262 βιϐλιοθήκην
1068 3189 1146 3252 εἲς
1207 3190 1386 3244 πίστιν
1468 3194 1576 3244 τῶν
1636 3188 1972 3265 λεγομένων.

2091 3180 2187 3235 dia
2217 3181 2448 3249 ductus,
2479 3189 2536 3238 et
2566 3183 2762 3240 locum
2795 3185 2868 3241 de
2922 3203 3037 3258 quo
3081 3187 3366 3260 agebatur
3396 3190 3739 3246 transiliens

306 3275 464 3332 Επεὶ
495 3280 624 3350 γοῦν
667 3297 751 3339 τις
810 3277 1116 3333 ἀπέσταλτο
1175 3279 1264 3334 καὶ
1317 3281 1505 3334 θᾶττον
1539 3279 1574 3348 ἢ
1609 3278 1772 3354 λόγος
1804 3278 1976 3356 ἤγαγε

323 3366 387 3420 τὸ
423 3359 666 3440 βιϐλίον,
695 3367 834 3421 ἒκὼν
871 3368 964 3440 μὲν
997 3367 1288 3423 ἀνελίττων
1335 3369 1363 3422 6
1410 3368 1667 3443 βασιλεὺς
1696 3369 1976 3444 ἡμάρτανε

323 3456 420 3508 τοῦ
484 3449 730 3528 βιϐλίου,
791 3456 881 3509 καὶ
938 3455 1335 3529 αἰσχυνόμενος
1392 3454 1709 3532 ὑπερεπήδα
1749 3457 1843 3528 μὲν
1873 3457 1972 3525 τήν

325 3544 634 3613 ζητομένην
669 3544 882 3620 φράσιν,
916 3542 969 3599 ἐν
1002 3543 1199 3609 ἄλλοις
1251 3542 1307 3600 δὲ
1359 3547 1448 3599 καὶ
1500 3543 1695 3608 ἄλλοις
1737 3543 1974 3600 ἐποιεῖτο

321 3631 425 3696 τήν
461 3633 708 3700 ζήτησιν.
741 3633 830 3695 Ὠς
890 3631 935 3687 δ’
996 3634 1098 3688 ὑπὸ
1154 3638 1252 3688 τοῦ
1313 3633 1614 3709 μακαρίτου
1667 3635 1975 3708 Θεοφάνους

321 3715 697 3776 ἀνεδιδάσκετο
730 3719 1416 3790 δακτυλοδεικτοῦντος,ὼς
1449 3750 1476 3776 ι(
1502 3723 1626 3780 Ἐπὶ
1657 3719 1972 3799 τρίαφύλλα

320 3803 645 3872 διαϐιϐάσας
692 3811 756 3866 τὸ
813 3811 1142 3884 ζητούμενον
1199 3808 1538 3887 καταλάϐῃς,
1575 3837 1602 3864 ››
1636 3809 1853 3882 τότεδή
1893 3812 1968 3885 μή

317 3899 498 3977 φέρων
556 3900 686 3962 τοὺς
743 3908 842 3970 τῆς
896 3902 1202 3977 παρῥησίας
1256 3903 1543 3978 ἐλέγχους,
1599 3899 1857 3965 συνειδὼς
1913 3898 1971 3956 δὲ

316 3987 406 4041 καὶ
434 3990 533 4058 τήν
583 3989 843 4060 ἀλήθείαν
903 3988 1136 4070 ἔχουσαν
1195 3989 1488 4061 οὕτως,’τὸ
1517 3991 1622 4055 ἓως
1649 3987 1772 4046 τότε
1798 3988 1968 4067 ἀπορ-

317 4075 476 4148 ῥίψας
537 4078 882 4151 μακρόθυπον
939 4081 1027 4134 καὶ
1087 4080 1180 4135 τὸν
1240 4088 1382 4154 θῆρα
1431 4079 1799 4154 ἀνακαλὺψας,
1839 4101 1859 4129 ι
1894 4075 1967 4132 οὗ

316 4161 551 4236 δίκαιον,
610 4161 796 4243 ἔφησε,
855 4167 1081 4243 βασιλέα
1141 4169 1247 4224 ὑπὸ
1303 4171 1572 4226 τοιούτων
1631 4166 1844 4244 ἀνδρῶν
1883 4165 1968 4222 ἐν-

313 4247 647 4326 υϐρίζεσοαι,
685 4282 705 4307 ι
765 4259 853 4312 καὶ
917 4257 1110 4314 λοιπὸν
1165 4261 1458 4334 προσέταξε
1485 4264 1565 4331 τῷ
1606 4262 1702 4313 τοῦ
1729 4265 1965 4312 Λαυσιαο

308 4346 408 4411 χοῦ
443 4344 766 4417 μεσοκηπίῳ
823 4345 1020 4408 αὐτοὺς
1081 4349 1421 4424 ἀπαχθέντας
1483 4344 1832 4425 ῥαϐδισθῆναι
1867 4344 1961 4422 ῥά·
1996 4333 2040 4399 D

2086 3271 2227 3327 alibi
2278 3272 2564 3344 quaasivit.
2621 3275 2764 3330 Cum
2819 3282 3019 3331 autem
3072 3278 3461 3349 Theophanes
3511 3279 3738 3335 intento

2085 3359 2265 3432 digito
2298 3378 2433 3416 eum
2461 3362 2718 3429 doceret,
2755 3365 2800 3419 si
2829 3370 2946 3420 tres
2973 3366 3215 3438 paginas
3247 3367 3742 3437 revolvisset,fore

2085 3455 2148 3504 ut
2171 3450 2230 3504 in
2252 3450 2449 3506 locum
2473 3453 2787 3522 quaesitum
2810 3453 3116 3523 incideret,
3150 3456 3474 3528 imperator
3497 3457 3738 3513 liberta-

2087 3545 2201 3594 tem
2235 3540 2716 3611 reprehensionis
2765 3560 2885 3599 non
2933 3543 3150 3614 ferens,
3203 3552 3261 3600 et
3300 3547 3564 3603 veritatis
3594 3565 3740 3604 con-

2085 3628 2264 3695 scius,
2291 3630 2636 3700 patientiam
2662 3649 2730 3686 eo
2753 3649 2938 3702 usque
2965 3640 3256 3690 servatam
3279 3635 3497 3708 abjecit
3519 3637 3736 3692 feram—

2085 3733 2198 3788 que
2247 3717 2544 3788 patefecit.
2607 3719 2912 3792 Indignam
2973 3723 3133 3777 enim
3188 3741 3315 3779 esse
3366 3742 3491 3780 rem
3533 3725 3738 3781 dicens

2083 3805 2424 3876 imperatori
2459 3824 2493 3861 a
2525 3807 2740 3863 talibus
2787 3809 3132 3867 hominibus
3164 3811 3356 3881 illudi,
3390 3813 3604 3869 abduci
3637 3831 3737 3868 eos

2081 3892 2143 3948 in
2171 3894 2407 3950 hortum
2455 3896 2720 3952 Lauciaci
2776 3898 3124 3954 interiorem
3169 3899 3373 3972 jussit,
3405 3901 3730 3972 ferulisque

2079 4001 2268 4054 usque
2300 3984 2374 4039 ad
2412 3988 2516 4040 200
2573 3987 2726 4041 ietus
2778 3987 3121 4059 gravissime
3179 3989 3456 4044 concidit.
3493 3990 3644 4055 Quin
3675 3995 3735 4044 et

2077 4072 2372 4128 frontibus
2405 4090 2609 4129 eorum
2660 4074 2967 4132 barbarico
3019 4094 3182 4133 more
3231 4078 3388 4133 notis
3419 4079 3728 4150 impressis

2077 4161 2323 4216 inscribi
2348 4161 2529 4233 jussit
2582 4163 2812 4234 ineptos
2862 4165 2966 4220 hos
3006 4181 3040 4220 a
3089 4183 3150 4222 se
3191 4166 3547 4238 compositos
3579 4167 3725 4223 iam-

2076 4248 2183 4305 bos
2208 4267 2221 4304 :

308 4425 455 4485 ϐδων
480 4438 667 4506 σοραῖς
699 4435 1026 4507 βαρυτάταις
1059 4434 1193 4512 ἄχρι
1223 4443 1332 4494 τῶν
1366 4436 1673 4504 διακοσίων,
1704 4437 1794 4492 καὶ
1824 4441 1944 4498 τοῖς
1979 4433 2255 4508 μετώποις
2287 4430 2465 4484 αὐτῶν
2499 4427 2861 4508 ἐπιγραφῆναι
2911 4427 3261 4509 βαρϐαρικῶς
3311 4434 3696 4511 ὲγκεντηθέντα

313 4519 411 4581 οὕς
442 4521 743 4576 συντέθεικε
773 4522 980 4597 λήρους
1014 4522 1266 4600 ἰάμϐους.
1298 4528 1418 4585 Εἰσὶ
1452 4525 1510 4583 δὲ
1540 4527 1711 4582 οὗτοιο

421 4644 645 4697 Πάντων
748 4649 1062 4711 ποθούντων
1174 4651 1500 4728 προσρέχειν
1618 4653 1755 4728 πρὸς
1863 4653 1962 4721 τήν

1174 4651 1500 4730 προσρέχειν

1695 4729 1887 4803 [πολιν

416 4787 598 4868 ἶρπου
619 4788 1004 4868 πάναγνοιιτοῦ
1036 4798 1170 4847 Θεοῦ
1202 4796 1385 4868 Λόγου
1407 4795 1568 4861 πόδες

421 4857 691 4941 ςΕστησαν
726 4857 800 4941 εἰές
835 4861 1210 4941 σύστασινητῆς
1234 4857 1601 4941 Δοίκουμένης,

419 4929 695 5014 ἕὶφθησαν
725 4931 985 5014 οὗτοι-τῴ
1015 4929 1296 5014 σεᾷασμίῳ
1323 4929 1476 5014 τόπῳ

417 4994 594 5083 Ξκεύή
629 5005 843 5083 πονηρᾷ
867 4994 1278 5083 δεισιδαίμονος
1304 4994 1537 5083 πλάνίὴς.

413 5073 619 5128 Ἐκεῖσε
649 5072 836 5131 πολλά
867 5073 1058 5132 λοιπὸν
1091 5072 1142 5151 ἔξ
1173 5072 1444 5145 ἀπιστίας.

2145 4664 2365 4721 Cunctis
2395 4663 2465 4720 ad
2493 4665 2680 4720 urbem
2711 4682 2995 4723 accurrere
3022 4671 3432 4739 aﬂectantibus,

2143 4808 2481 4882 (Iustissimos
2510 4810 2568 4863 in
2599 4826 2718 4882 qua,
2732 4811 2832 4865 Dei
2868 4812 3099 4866 Verbum
3124 4813 3293 4882 pedes

2138 4880 2294 4934 916
2325 4882 2498 4946 Finit,
2530 4881 2720 4949 generi
2745 4883 2977 4936 salutem
3007 4889 3068 4936 ut
3091 4880 3330 4936 humano
3359 4882 3541 4946 daret,

2136 4955 2470 5022 Apparuere
2499 4959 2550 5006 et
2580 4951 2677 5006 isti
2699 4953 3012 5007 venerando
3039 4955 3099 5006 in
3131 4953 3268 5021 loco,

2134 5023 2522 5093 Superstitiosi
2549 5026 2750 5078 erroris
2780 5040 2911 5079 vasa
2934 5024 3193 5093 pessima.

2042 5129 2050 5138 .-
2135 5095 2198 5149 Et
2223 5096 2350 5149 inde
2375 5093 2552 5148 multa
2574 5101 2868 5164 postquam
2891 5094 3097 5165 perﬁdi
3127 5095 3232 5149 Deo

1477 5184 1840 5244 XYLANDRI
1879 5191 1966 5246 ET
2005 5192 2222 5248 GOARI
2264 5191 2489 5246 NOT/E.

345 5272 486 5357 .(92)
545 5276 789 5357 Videtur
837 5282 1171 5357 monachus
1231 5283 1498 5340 alludere
1555 5287 1630 5342 ad
1685 5291 1951 5357 Apostoli

299 5341 523 5399 dictum
548 5345 608 5429 in
631 5350 892 5429 Epistola
917 5351 991 5407 ad
1015 5354 1291 5429 Hebraeos
1313 5373 1364 5410 c.
1390 5359 1443 5425 6,
1466 5341 1643 5429 idque
1673 5341 1764 5415 ᾴξῐ
1777 5341 1955 5419 £3561

297 5418 697 5506 commodare:
732 5423 1190 5506 Prodoromusl).
1221 5418 1468 5483 Joannis
1511 5418 1792 5506 Baptista
1826 5418 1950 5506 epi-

297 5485 506 5570 theton
531 5496 645 5570 _est,
673 5494 830 5570 quod
868 5495 928 5570 Ais
976 5496 1192 5570 Christi
1239 5516 1570 5570 praecursor
1591 5485 1949 5570 Tum—Quem

298 5562 496 5615 autem
529 5560 726 5622 locum
750 5567 936 5624 Esaia:
967 5560 1338 5629 confessores
1368 5572 1652 5646 isti,quos
1679 5560 1820 5633 mo}
1841 5560 1950 5634 tle:

2046 5285 2286 5349 'drenus
2309 5289 2612 5362 praedicat,
2645 5291 2718 5346 ad
2748 5291 3226 5348 confirmandum
3259 5290 3711 5350 simulacrorum

2061 5381 2235 5420 usum
2269 5361 2617 5434 cultumque
2649 5363 3058 5434 produxerint,
3090 5382 3232 5420 sane
3263 5366 3558 5434 conjicere
3589 5382 3710 5422 non

2059 5434 2246 5508 potui.
2280 5435 2392 5487 Eos
2423 5432 2664 5558 qiuidem
2695 5435 2969 5491 videntur
2994 5432 3172 5492 iambi
3203 5432 3510 5558 Theophili
3543 5437 3708 5493 indi-

2059 5521 2213 5558 care.
2247 5503 2411 5558 prius
2489 5502 2863 5558 ierosolvmis
2921 5525 3155 5558 auoaue
3213 5526 3355 5558 εχει]
3383 5525 3483 5558 are
3513 5510 3708 5558 iussos

2059 5521 2213 5571 care,
2247 5520 2411 5576 prius

2056 5575 2399 5650 Byzantium
2429 5575 2681 5634 venisse.
2713 5575 2854 5636 Χγι..

2489 5502 2863 5582 ὶοςοεοὶχωὶε
2921 5525 3155 5581 quoque
3213 5502 3483 5567 exsulare
3505 5510 3708 5582 jussos
