4126 6220
314 442 465 504 1001

1453 431 2003 499 HISTORIARUM
2047 432 2597 497 COMPENDIUM.

3563 434 3717 499 1002

380 568 508 625 Ἐπὶ
540 565 597 622 δὲ
636 566 726 622 καὶ
757 570 852 629 τέις
912 567 1033 640 περῖ
1081 567 1182 633 τήν
1232 563 1476 642 κεφαλὴν
1523 561 1719 637 τρίχας
1771 559 1962 636 ὀλίγας

2150 561 2298 625 Quia
2329 578 2465 616 vero
2492 578 2526 617 a
2554 565 2767 617 natura
2792 577 3009 632 paucos
3041 562 3250 633 capitis
3275 564 3520 635 capillos
3540 564 3720 620 habeo

312 657 373 712 ἐκ
420 656 631 736 φύσεως
692 657 867 725 εἶχεν,
928 653 1205 735 ἀναφάλας
1260 675 1343 715 τις
1400 650 1495 723 ὥν,
1558 652 1829 720 θέσπισμα
1884 646 1963 716 ἐξ·

312 735 461 804 ἔθετο
508 752 792 823 πανταχοῦ
846 747 898 803 ἐν
962 751 1085 821 χρῷ
1139 748 1233 807 τὰς
1289 745 1488 818 τρίχας
1545 741 1848 815 ἀποκείρειν
1875 735 1966 793 καὶ

319 840 393 911 μή
472 858 595 893 τινα
667 838 942 910 Ῥωμαῖον
1021 835 1147 891 ὄντα
1220 832 1526 909 περαιτέρῳ
1599 830 1795 891 ταύτας
1868 830 1966 880 τοῦ

313 926 605 1002 τραχήλου
663 927 914 1006 φέρεσθαι
977 928 1308 1003 συγχωρεῖν,
1348 922 1441 977 τὸν
1518 917 1576 975 δὲ
1649 919 1711 973 τὸ
1786 914 1967 991 δόγμα

316 1021 642 1091 παρορῶντα
699 1014 938 1076 πολλαῖς
1008 1013 1307 1083 αἰκίζεσθαι
1388 1009 1625 1084 μάστιξι,
1700 1008 1801 1076 τήν
1860 1009 1968 1060 τῶν

316 1105 597 1179 προγόνων
673 1102 961 1177 Ῥωμαίων
1065 1100 1262 1175 ἀρετὴν
1340 1098 1623 1175 ἐπανάγειν
1707 1092 1969 1169 βρενθυό-

323 1214 509 1268 μενος.
1710 1218 1715 1223 .

392 1283 558 1337 Πέντε
588 1277 647 1336 δὲ
676 1280 986 1358 θυγατέρων
1032 1278 1299 1358 ὑπάρχων
1356 1277 1562 1351 πατὴρ,
1622 1275 1696 1336 ὡς
1754 1269 1967 1346 προλα-

317 1367 486 1427 ϐὼνὸ
535 1368 703 1444 λόγος
758 1368 1019 1448 ἀπέφηνε,
1077 1368 1169 1423 καὶ
1225 1365 1448 1442 ἄῤῥενος
1506 1362 1716 1440 ἔρημος
1773 1362 1967 1438 γονῆς,

315 1463 415 1530 τὴν
464 1464 649 1517 πασῶν
701 1459 940 1536 ἐσχάτην
974 1458 1180 1533 Μαρίαν
1222 1451 1682 1532 ὑπερϐαλλόντως
1738 1451 1967 1526 ἀγαπω-

326 1549 493 1624 μένην
554 1549 706 1621 αὖτῷ
763 1544 873 1601 δεῖν
916 1546 1072 1620 ᾠήθη
1134 1545 1378 1615 συζεῦξαι
1433 1539 1694 1617 ἀνδρί.’0
1730 1536 1964 1617 νυμφίος

323 1636 382 1693 δὲ
410 1638 476 1707 ἧν
503 1644 604 1707 τῆς
633 1641 740 1693 τῶν
770 1638 1056 1711 Κρηνιτῶν
1087 1636 1202 1709 (97)
1234 1638 1439 1709 γενεᾶς,
1471 1632 1661 1709 χώρας
1699 1632 1805 1684 τῶν
1840 1627 1969 1702 Ἀρ-

326 1727 544 1801 μενίων,
586 1725 833 1796 Ἀλέξιος
872 1725 1137 1796 τοῦνομα,
1191 1720 1434 1793 Μωσηλέ
1484 1722 1584 1790 τὴν
1635 1716 1968 1790 ἐπωνυμίαν,

320 1822 399 1890 τῷ
429 1813 562 1872 εἶ’δει
594 1815 823 1890 ὡραῖος,
853 1814 1113 1887 ἀκμάζων
1163 1813 1264 1881 τήν
1323 1808 1569 1880 ἡλικίαν.
1620 1812 1818 1880 Πρῶτα
1874 1808 1966 1878 μὲν

2075 648 2196 713 bat,
2231 658 2290 706 et
2320 658 2447 707 erat
2491 652 2865 720 recalvaster,
2917 650 3051 705 ideo
3101 651 3292 707 edicto
3341 653 3498 709 edito
3540 655 3723 725 jussit

2074 739 2270 796 crines
2294 740 2368 796 ab
2399 741 2673 797 omnibus
2702 740 2935 796 tonderi
2969 757 3162 811 neque
3190 740 3261 795 ab
3290 741 3415 796 ullo
3456 745 3719 800 Romano

2074 830 2230 885 ultra
2259 830 2476 886 collum
2506 831 2798 886 demissos
2827 830 3042 903 gestari
3068 846 3081 895 ;
3116 830 3428 901 sanxitque
3460 832 3721 888 edictum

2074 920 2233 991 gravi
2264 920 2583 994 ﬂagrorum
2614 921 2928 993 supplicio,
2960 921 3294 993 priscorum
3319 921 3720 978 Romanorum

2074 1009 2351 1066 virtutem
2378 1026 2655 1067 revocare
2686 1010 2950 1067 studens.

2145 1285 2410 1356 Cumque
2441 1284 2708 1352 haberet,
2739 1289 2807 1340 ut
2835 1300 3014 1356 supra
3041 1284 3520 1354 memoravimus,
3546 1284 3719 1356 quin-

2076 1389 2191 1443 que
2223 1373 2395 1443 ﬁlias,
2430 1379 2489 1429 et
2518 1372 2780 1429 mascula
2808 1373 2975 1445 prole
3005 1378 3254 1441 careret,
3297 1390 3370 1428 ex
3420 1373 3495 1428 iis
3541 1373 3721 1429 mini-

2074 1480 2233 1519 mam
2264 1468 2409 1519 natu
2440 1468 2498 1519 et
2526 1464 2858 1536 impensius
2888 1463 3000 1519 sibi
3018 1462 3265 1533 reliquis
3288 1462 3587 1532 dilectam,
3619 1480 3722 1519 no-

2074 1553 2236 1608 mine
2268 1554 2532 1619 Mariam,
2565 1554 2773 1609 statuit
2796 1553 2919 1608 viro
2951 1557 3203 1624 nuptum
3250 1553 3506 1611 tradere.
3556 1554 3722 1608 Mari-

2078 1646 2201 1697 tum
2233 1642 2287 1696 ei
2329 1642 2547 1715 delegit
2574 1642 2847 1698 Alexium
2880 1647 3273 1713 cognomento
3296 1642 3601 1712 Moselem,
3622 1644 3725 1697 Ar-

2076 1731 2342 1786 menium
2374 1737 2569 1804 gente,
2601 1747 2670 1786 ex
2699 1731 3072 1786 Crenitarum
3101 1730 3363 1798 natione,
3387 1731 3579 1786 forma
3610 1731 3724 1787 ele-

2075 1825 2312 1893 gantem
2343 1837 2410 1875 ac
2441 1820 2754 1875 ﬂorentem
2784 1825 2973 1876 aatate.
3012 1819 3156 1874 Huic
3182 1819 3416 1891 patricii
3440 1819 3721 1891 primum,

320 1910 390 1980 τῇ
421 1910 529 1961 τῶν
560 1903 859 1974 πατρικίων
890 1902 979 1957 καὶ
1009 1901 1328 1956 ἀνθυπάτων
1374 1900 1613 1973 τιμήσας
1658 1896 1799 1967 ἀξίᾳ,
1851 1896 1970 1949 εἶτα

2086 1908 2295 1963 deinde
2326 1909 2700 1980 proconsulis
2729 1909 3017 1964 honorem
3044 1909 3315 1975 contulit,
3348 1908 3564 1964 deinde
3594 1925 3720 1964 ma-

323 2002 413 2051 καί
475 1995 776 2071 μάγιστρον
835 1991 923 2047 καὶ
982 1992 1205 2067 ὕστερον
1267 1988 1532 2059 Καίσαρα,
1592 1982 1967 2060 πρατεῦματά

2086 1998 2323 2070 gistrum
2356 2014 2424 2053 ac
2456 1999 2697 2053 tandem
2729 1999 3020 2053 Caesarem
3039 1999 3198 2062 fecit,
3226 1999 3607 2070 exercituque
3624 2013 3722 2055 co-

322 2107 381 2141 τε
412 2084 539 2147 δοὺς
570 2085 716 2155 αὐτῷ
745 2085 902 2138 ἱκανὰ
931 2083 1065 2157 πρὸς
1104 2082 1203 2149 τήν
1253 2074 1655 2153 Λογγιϐαρδίαν
1706 2074 1969 2147 ἐξέπεμψε

325 2174 515 2250 χρείας
566 2172 994 2245 κατεπειγούσης
1050 2170 1216 2231 τινός.
1286 2167 1383 2223 Καὶ
1425 2168 1453 2221 6
1507 2166 1600 2239 μὲν
1655 2163 1819 2237 ἀπῄει
1872 2183 1970 2216 κα-

327 2264 440 2327 λῶς
469 2265 535 2318 τὰ
565 2265 683 2317 κατ’
737 2262 906 2330 αὐτὴν
958 2259 1215 2330 ἐξανύων,
1254 2257 1345 2313 καὶ
1394 2256 1470 2318 ὡς
1511 2253 1687 2309 ἐδόκει
1734 2257 1814 2325 τῷ
1868 2252 1969 2325 βα-

327 2351 492 2411 σιλεῖ.
532 2356 616 2425 [Ρ.
654 2354 783 2425 525]
814 2351 907 2406 Διὸ
936 2350 1027 2404 καὶ
1058 2348 1272 2421 ἤκμαζε
1297 2347 1389 2419 μὲν
1423 2346 1451 2399 6
1481 2344 1615 2418 πρὸς
1657 2340 1817 2396 αὐτὸν
1867 2338 1972 2393 πό-

327 2446 443 2507 θος,
474 2444 788 2514 συνήκμαζε
829 2437 888 2494 δὲ
938 2438 1028 2494 καὶ
1080 2438 1108 2491 6
1163 2436 1212 2504 ἐξ
1258 2434 1558 2509 ἀνθρώπων
1610 2430 1825 2507 φθόνος,
1881 2428 1970 2482 καὶ

329 2525 623 2585 διέϐαλλον
656 2526 816 2581 αὐτὸν
846 2525 921 2587 ὡς
953 2531 1054 2593 τῆς
1090 2521 1369 2599 βασιλείας
1401 2520 1785 2593 ἐπιθυμοῦντα,
1834 2535 1973 2589 προ-

327 2618 594 2681 στιοέντες
647 2615 721 2677 ὡς
746 2612 953 2685 δήποτε
979 2614 1043 2668 τὸ
1073 2615 1151 2685 (α)
1179 2615 1277 2666 τοῦ
1310 2612 1379 2683 ιθ)
1402 2612 1513 2681 (98}
1535 2608 1971 2681 κατακυριεῦσαι.

328 2709 506 2781 "Amp
566 2704 633 2776 δὴ
694 2703 1097 2775 πυνθανόμενος
1150 2701 1179 2755 6
1237 2704 1461 2775 Καῖσαρ,
1519 2696 1732 2752 καὶτοῦ
1777 2693 1975 2769 φθόνου

334 2795 515 2869 ὥσπερ
547 2795 919 2869 ἀκροώμενος,
956 2791 1142 2848 πολλά
1169 2794 1267 2846 τοῦ
1301 2786 1571 2858 βασιλέως
1621 2783 1797 2843 ἐδέετο
1845 2805 1976 2860 συγ-

329 2887 652 2961 χωρηθῆναι
707 2883 868 2939 αὐτὸν
922 2883 1061 2957 πρὸς
1116 2881 1207 2935 τὸν
1280 2880 1496 2953 μονήρη
1589 2874 1977 2950 μετατάξασθαι

338 2974 481 3050 βίον.
515 2971 676 3029 Ἀλλ’
706 2978 870 3028 τοῦτο
907 2972 999 3045 μὲν
1034 2973 1061 3025 ὁ
1094 2967 1354 3046 βασιλεὺς
1400 2966 1498 3022 οὐκ
1544 2964 1821 3040 ἐπέτρεψε,
1872 2963 1974 3032 τήν

328 3062 559 3138 χηρείαν
617 3064 717 3130 τῆς
773 3061 1035 3136 θυγατρὸς
1092 3051 1521 3130 εὐλαϐούμενος,
1573 3053 1664 3110 καὶ
1709 3054 1737 3108 6
1769 3054 1975 3126 Καῖσαρ

325 3150 507 3226 ἔμενεν
542 3151 625 3226 ἐφ’
655 3149 890 3225 ἡσυχίας
955 3154 1073 3210 τοῖς
1129 3144 1420 3220 δημοσίοις
1479 3140 1976 3219 ἔνασχολούμενος.

319 3248 407 3304 Ὦς
438 3238 486 3296 δ’
519 3240 794 3314 ἀπετὲχθη
826 3243 905 3311 τῷ
938 3234 1156 3313 βασιλεῖ
1187 3236 1216 3290 6
1245 3231 1481 3313 Μιχαὴλ
1511 3231 1601 3288 καὶ
1641 3234 1677 3302 ἡ
1708 3234 1806 3286 τοῦ
1838 3229 1974 3287 Καί-

322 3299 485 3405 σαρος
543 3299 753 3403 γαμεξή
783 3299 996 3401 ’Μαρία
1045 3326 1138 3380 τὸν
1197 3299 1710 3399 βίονημετήλλαξε,
1765 3319 1970 3390 ταύτην
2000 3299 2044 3365 C

329 3421 423 3496 μὲν
450 3418 623 3481 οὕτως
653 3416 906 3492 ἐτίμησεν
940 3416 1016 3477 ὡς
1042 3414 1135 3470 τὸν
1187 3412 1372 3486 νεκρὸν
1425 3411 1597 3481 αὐτῆς
1649 3409 1702 3464 ἐν
1743 3406 1972 3484 λάρνακι

330 3512 500 3565 θεῖναι
533 3504 1049 3582 περιηργυρωμένῃ,
1078 3503 1172 3558 καὶ
1202 3500 1428 3557 ἀσυλίαν
1473 3497 1654 3555 δοῦναι
1702 3502 1783 3571 τῷ
1820 3498 1975 3577 τάφῳ

332 3605 451 3661 τοῖς
480 3596 561 3677 ἐφ’
592 3593 731 3659 ο²ίοις
762 3594 966 3665 δήποτε
996 3592 1341 3670 ἐγκλήμασιν
1370 3588 1594 3644 ἁλοῦσιν
1642 3588 1972 3677 ἀνθρώποις.

336 3691 442 3747 Τὸν
475 3676 532 3742 δὲ
562 3685 807 3756 Ἀλέξιον
858 3682 1030 3756 λάθρα
1090 3680 1516 3754 μεταταξάμενον
1574 3677 1665 3731 καὶ
1713 3676 1776 3731 τὸ
1811 3697 1976 3748 μονα-

336 3776 496 3852 χικὸν
530 3773 932 3854 ἀμφιεσάμενον
988 3776 1203 3845 σχῆμα,
1261 3767 1378 3823 ἐπεὶ
1451 3767 1526 3840 μὴ
1586 3759 1763 3818 ἔπειθε
1816 3769 1979 3819 τοῦτο

334 3850 656 3932 ἀποϐαλεῖν,
695 3860 858 3935 μόλις
920 3858 1091 3925 ἐᾶσαι,
1144 3855 1398 3917 δεδωκὼς
1447 3853 1594 3926 αὐτῳ
1652 3853 1727 3915 εἰς
1776 3850 1981 3907 ἐνδιαί-

334 3975 487 4027 τημα
516 3952 577 4008 τό
606 3973 665 4008 τε
720 3950 855 4006 κατὰ
913 3944 1301 4023 Χρυσοῦπολιν
1364 3941 1647 4020 βασιλικὸν
1707 3945 1982 4016 μοναστη-

338 4064 474 4121 ριον,
504 4041 582 4097 ἔτι
616 4039 674 4096 δὲ
718 4040 808 4095 καὶ
865 4038 929 4093 τὸ
983 4042 1082 4093 τοῦ
1142 4035 1388 4110 Βρόσεως
1443 4033 1533 4087 καὶ
1588 4032 1651 4087 τὸ
1688 4032 1827 4086 κατά
1881 4032 1982 4100 τήν

336 4116 579 4192 Th!”-
607 4132 843 4192 Ἐκεῖνος
873 4126 931 4184 δὲ
979 4132 1059 4201 τῷ
1105 4126 1243 4181 κατὰ
1287 4126 1386 4194 τήν
1434 4121 1813 4198 Χρυσοόπολιν
1866 4116 1982 4175 ὄντι

334 4224 784 4299 ἐνδιαιτώμενος,
824 4223 940 4278 ἐπεί
971 4241 1105 4276 ποτε
1133 4218 1432 4295 περιπάτου
1462 4214 1659 4285 ἐδεήθη
1712 4214 1802 4269 καὶ
1848 4213 1984 4268 κατὰ

334 4318 427 4374 τὸν
458 4314 748 4390 Ἀνοεμίου
779 4311 1085 4388 λεγόμενον
1134 4308 1301 4364 τόπον
1344 4304 1575 4382 ἐγένετο,
1628 4302 1808 4359 εἷ’λετο
1859 4306 1983 4358 τοῦ·

336 4429 430 4464 τον
495 4405 583 4462 διὰ
643 4403 936 4480 βασιλικῆς
995 4398 1337 4475 προστάξεως
1391 4395 1779 4467 ἐξωνήσασθαιο
1837 4395 1891 4449 ἐν
1939 4395 1985 4467 ᾦ

336 4498 430 4553 καὶ
477 4495 841 4569 μοναστήριον
895 4488 1299 4549 κατασκευάσας
1351 4482 1677 4557 πολυτελὲς,
1727 4483 1818 4540 τὸν
1869 4485 1983 4560 βίον

338 4585 692 4654 ἐκλιμπάνων
754 4581 908 4652 ἐτὲθη
971 4578 1163 4648 ἐκεῖσε,
1223 4575 1316 4631 σὺν
1370 4573 1517 4645 αὐτῷ
1585 4572 1641 4628 δὲ
1678 4574 1767 4629 καὶ
1800 4573 1989 4630 6106-

2073 2088 2242 2159 pioso
2274 2088 2630 2144 instructum
2656 2089 2716 2142 in
2741 2088 3207 2161 Longobardiam
3236 2088 3418 2156 misit,
3442 2089 3620 2143 rebus
3642 2089 3726 2144 ita

2074 2177 2475 2247 poscentibus.
2516 2178 2596 2231 Eo
2627 2177 2925 2248 profectus
2973 2176 3215 2232 Alexius
3264 2193 3389 2232 rem
3441 2176 3721 2248 prmclare

2077 2266 2261 2339 gessit
2289 2272 2346 2321 et
2377 2282 2446 2321 ex
2476 2266 2772 2321 sententia
2816 2267 3025 2321 soceri.
3077 2267 3200 2331 Quo
3254 2265 3475 2321 factum
3524 2271 3615 2321 est
3659 2273 3724 2323 ut

2078 2361 2380 2410 crescente
2411 2358 2539 2424 ejus
2570 2354 2867 2409 desiderio
2901 2355 3077 2409 simul
3110 2354 3331 2409 invidia
3352 2371 3588 2425 quoque
3620 2371 3729 2410 au-

2078 2447 2343 2514 gesceret
2369 2442 2984 2512 ;criminabanturque
3007 2458 3139 2497 eum
3163 2442 3440 2497 nonnulli
3460 2443 3726 2514 utimpe-

2078 2530 2153 2584 rii
2211 2530 2513 2600 cupidum.
2570 2529 3022 2600 Addebantque,
3072 2530 3226 2587 019
3280 2531 3404 2584 fore
3454 2536 3520 2584 ut
3576 2549 3610 2585 Α
3669 2532 3730 2584 in

2077 2634 2148 2673 'ru
2204 2617 2521 2689 imperium
2579 2618 2900 2689 aliquando
2959 2623 3296 2689 occuparet.
3372 2619 3570 2674 Caesar
3624 2618 3731 2674 ubi

2083 2724 2152 2764 ea
2180 2706 2254 2762 ad
2284 2707 2481 2778 ipsum
2511 2713 2650 2762 sunt
2678 2707 2879 2772 allata,
2907 2723 3197 2779 vocesque
3240 2707 3589 2762 aemulorum
3626 2724 3729 2763 auo

2084 2797 2247 2865 divit,
2280 2796 2487 2852 multis
2514 2795 2586 2852 ab
2617 2796 2974 2868 imperatore
3006 2796 3312 2852 contendit
3361 2796 3637 2867 precibus
3666 2801 3734 2852 ut

2082 2886 2194 2941 sibi
2228 2884 2598 2956 permitteret
2626 2886 2700 2941 ad
2721 2886 2902 2941 vitam
2925 2886 3312 2941 monasticam
3337 2883 3735 2941 transire.Sed

2083 2974 2442 3046 Theophilus
2463 2974 2649 3029 filiam
2672 2975 2885 3029 marito
2907 2973 3148 3029 viduare
3170 2990 3293 3029 non
3315 2974 3637 3041 sustinens,
3670 2972 3732 3029 id

2084 3063 2410 3137 denegavit.
2445 3063 2698 3119 Proinde
2752 3063 2983 3119 Alexius
3031 3080 3205 3119 suum
3255 3068 3473 3118 statum
3518 3063 3731 3129 tenuit,

2085 3160 2363 3224 tutusque
2396 3158 2454 3209 et
2481 3169 2725 3209 securus
2754 3152 3185 3225 rempublicam
3232 3152 3433 3224 gessit.
3466 3154 3540 3210 At
3569 3157 3734 3223 post-

2087 3258 2265 3313 quam
2288 3241 2631 3313 imperatori
2653 3240 2813 3296 ﬁlius
2835 3240 3156 3296 Michaelus
3178 3246 3352 3296 natus
3378 3244 3486 3307 est,
3521 3244 3579 3295 et
3610 3241 3731 3296 Cae-

2084 3331 2234 3388 saris
2263 3347 2412 3386 uxor
2437 3330 2593 3387 diem
2626 3344 2799 3385 suum
2832 3329 2999 3397 obiit,
3031 3330 3393 3401 TheOphilus
3414 3334 3646 3385 tantum
3670 3329 3734 3385 fi-

2081 3420 2176 3476 liaa
2207 3420 2499 3476 defuncta:
2530 3420 2774 3475 honoris
2804 3419 3039 3487 detulit,
3071 3424 3136 3474 ut
3186 3419 3435 3475 cadaver
3482 3419 3545 3473 in
3596 3434 3735 3474 arca

2082 3515 2325 3583 argento
2357 3510 2614 3565 obducta
2642 3509 2980 3582 reposuerit
3010 3513 3069 3564 et
3089 3509 3500 3580 cujuscunque
3526 3507 3693 3579 ﬂagit

2083 3599 2202 3653 reis
2232 3599 2573 3670 sepulcrum
2605 3600 2737 3670 ejus
2767 3596 2994 3669 asylum
3027 3597 3422 3652 constituerit.
3466 3595 3736 3651 Alexium

2083 3700 2219 3739 vero
2234 3685 2381 3739 clam
2398 3685 2578 3739 vitam
2593 3683 2979 3754 habitumque
2996 3685 3385 3739 monasticum
3400 3683 3740 3754 amplexum

2087 3787 2219 3825 cum
2249 3770 2320 3825 ab
2352 3772 2625 3826 instituto
2677 3770 2981 3825 suadendo
3030 3787 3151 3825 non
3191 3770 3530 3836 deduceret,
3582 3787 3736 3842 aegre

2087 3860 2334 3914 missum
2366 3858 2522 3923 fecit,
2556 3859 2730 3929 eique
2762 3858 2919 3913 dono
2953 3857 3118 3912 dedit
3144 3858 3372 3929 regium
3408 3857 3566 3927 quod
3612 3863 3740 3912 erat

2086 3947 2433 4019 Chrysopoli
2466 3946 2921 4011 monasterium,
2953 3944 3152 4015 Brysei
3183 3959 3440 4014 quoque,
3476 3947 3533 3996 et
3581 3943 3741 4012 quod

2090 4043 2216 4092 erat
2247 4037 2321 4091 ad
2354 4036 2595 4101 Elaeam,
2628 4036 2690 4089 in
2712 4034 2928 4106 quibus
2949 4033 3126 4087 vitam
3147 4029 3651 4102 degeret.Alexius
3673 4030 3736 4084 in

2088 4125 2574 4199 Chrysopolitano
2605 4124 2768 4179 vixit.
2802 4124 3065 4193 Cumque
3098 4119 3418 4191 aliquando
3450 4119 3735 4174 deambu-

2090 4216 2253 4271 landi
2284 4215 2471 4287 gratia
2500 4214 2575 4269 ad
2603 4214 2800 4269 locum
2832 4211 3093 4267 venisset
3121 4210 3224 4281 qui
3254 4208 3557 4263 Anthemii
3589 4206 3742 4263 dici-

2091 4311 2207 4372 tur,
2258 4304 2636 4376 imperatoris
2688 4300 2965 4357 mandato
3017 4300 3333 4370 impetrato
3385 4312 3521 4352 eum
3579 4296 3743 4362 emit,

2093 4400 2625 4466 sumptuosumque
2645 4391 2726 4446 ibi
2752 4389 3023 4446 condidit
3043 4386 3471 4443 monasterium
3500 4404 3515 4454 ;
3541 4386 3603 4441 in
3627 4402 3743 4457 quo

2093 4488 2228 4553 post
2257 4487 2509 4537 mortem
2542 4480 2810 4552 sepultus
2842 4483 2950 4545 est,
2984 4482 3044 4532 et
3073 4492 3208 4532 cum
3239 4475 3370 4548 ipso
3404 4475 3588 4530 frater
3619 4474 3749 4546 ejus

2093 4569 2478 4636 Theodosius,
2514 4569 2613 4640 qui
2647 4567 2957 4640 patriciam
2988 4565 3338 4638 dignitatem
3387 4568 3748 4619 consecutus

336 4694 436 4730 του
467 4651 699 4749 ἀδελφὰς
725 4667 1013 4731 Θεοδόσιος
1047 4667 1100 4731 ἐς
1144 4662 1465 4741 πατρικίους
1512 4661 1758 4730 τελέσας,
1802 4660 1975 4718 πολλᾶ

2095 4660 2286 4717 multa
2298 4659 2536 4732 optimm
2559 4675 2680 4714 θυαε
2702 4658 2834 4713 vitm
2849 4657 3207 4713 documenta
3220 4671 3289 4711 eo
3305 4655 3368 4710 in
3382 4651 3744 4709 monasterio

337 4763 692 4841 γνωρίσματα
717 4769 819 4832 τῆς
848 4759 1015 4816 αὐτοῦ
1062 4757 1290 4833 ἀρίστης
1347 4755 1540 4831 βιοτῆς
1583 4751 1636 4808 ἐν
1684 4756 1765 4826 τῷ
1817 4773 1986 4827 μονα-

341 4874 439 4924 στη
452 4853 551 4929 ρίῳ
577 4849 917 4909 καταλιπών.

411 4946 524 5000 Τοῦ
589 4939 648 4997 δὲ
705 4942 959 5017 ἀρχηγοῦ
1012 4940 1122 4992 τῶν
1187 4932 1437 5010 ’Δράϐων
1508 4933 1786 5008 ’[μπραῆλ
1850 4933 1986 4989 κατὰ

336 5030 629 5106 Ῥωμαίων
710 5026 1193 5104 ἐκστρατεύσαντος
1278 5025 1370 5079 καὶ
1433 5023 1462 5078 6
1514 5021 1781 5098 Θεόφιλος
1838 5022 1990 5077 ἀντι-

341 5120 808 5203 φιλοτιμούμενος
840 5115 1054 5188 ἕξεισιν,
1089 5115 1224 5169 ἅπαν
1267 5109 1387 5203 ὃὲος
1435 5106 1755 5203 ἀποϐαλών.
1787 5110 1863 5203 Et
1882 5110 1983 5187 γάρ

339 5198 391 5268 τι
422 5212 512 5268 καὶ
544 5216 778 5288 προσῆν,
810 5206 935 5263 ἀλλ’
995 5207 1030 5274 ἡ
1091 5206 1197 5257 τῶν
1258 5200 1525 5256 συνόντων
1580 5200 1727 5271 αὖτῷ
1775 5198 1984 5276 ἀνδρῶν

340 5304 479 5359 κατὰ
508 5301 789 5373 πολέμους
820 5302 981 5371 πεῖρα
1019 5293 1110 5350 καὶ
1158 5292 1474 5369 γενναιότης
1521 5292 1595 5353 ὡς
1644 5290 1988 5368 πορῤωτάτω

341 5396 502 5448 τοῦτο
534 5391 717 5455 ἐτίθει.
752 5382 1027 5464 Θεόφοὸος
1059 5384 1111 5439 οἱ
1136 5379 1325 5459 ἄνδρες
1372 5381 1507 5452 ᾖσαν
1557 5379 1646 5435 καὶ
1698 5381 1986 5455 Μανουήλ,

2097 4751 2444 4820 reliquerat.

2167 4935 2311 4989 Cum
2337 4935 2539 4987 autem
2559 4928 2889 5001 Impraelus
2911 4925 3170 4983 Arabum
3194 4924 3313 4980 dux
3335 4919 3746 4993 expeditiones

2095 5027 2302 5079 contra
2354 5023 2653 5076 Romanos
2707 5019 2863 5074 020
2922 5015 3301 5086 suscepisset,
3379 5007 3737 5079 Theophilus

2097 5127 2333 5184 quoque
2364 5108 2643 5165 adversus
2688 5123 2824 5162 eum
2877 5104 3079 5176 copias
3124 5117 3261 5158 suas
3310 5098 3532 5163 eduxit,
3586 5095 3752 5151 omni

2096 5207 2260 5261 metu
2287 5202 2541 5273 abjecto.
2573 5199 2718 5253 Nam
2749 5196 2859 5251 etsi
2897 5192 3125 5264 aliquid
3180 5189 3409 5245 timoris
3458 5186 3748 5273 subesset,

2098 5309 2234 5350 eum
2265 5272 2466 5347 tamen
2487 5287 2659 5342 facile
2684 5283 3035 5356 profligabat
3061 5279 3346 5335 comitum
3370 5272 3749 5346 imperatoris

2096 5384 2280 5438 virtus
2309 5397 2376 5435 ac
2408 5376 2641 5449 peritia,
2672 5369 3038 5444 Theophobi,
3071 5369 3342 5440 inquam,
3376 5371 3433 5421 et
3475 5361 3754 5419 Manueli.

1527 5508 1886 5566 XYLANDRI
1944 5511 2031 5565 ET
2087 5506 2304 5564 GOARI
2348 5502 2574 5569 ΝΟΤίΕ,

436 5648 503 5700 97
557 5645 604 5698 Α
648 5640 727 5697 ud
758 5640 1047 5695 Zonaram
1078 5653 1186 5708 per
1218 5656 1233 5687 t
1262 5634 1482 5706 legitur
1512 5634 1797 5706 Κρινιτῶν,
1826 5634 1975 5691 Crini

413 5646 533 5791 ξθδί
565 5659 806 5770 Αῗεχίιιε
836 5711 900 5766 in
931 5706 1340 5780 Theophilum.
1374 5707 1511 5761 XYL.

2086 5650 2187 5690 um
2219 5646 2324 5686 seu
2353 5627 2736 5683 Crinitorum.
2775 5625 2911 5681 XYL.

642 5711 806 5769 exius
836 5711 900 5766 in
931 5706 1340 5780 Theophilum.
1374 5707 1511 5761 XYL.

680 5845 891 5894 Ατιιοι..
940 5828 1060 5890 GR.
1106 5823 1313 5888 CXXI.

3442 5803 3517 5866 32
