  <div class='ocr_page' id='page_1' title='image "/cluster/home/n/w/nwhite01/storage/ocr_20150623/121/hvd.32044073502478/507.png"; bbox 0 0 4130 6218; ppageno 0'>
   <div class='ocr_carea' id='block_1_1' title="bbox 559 331 721 392">
    <p class='ocr_par' dir='ltr' id='par_1_1' title="bbox 559 331 721 392">
     <span class='ocr_line' id='line_1_1' title="bbox 559 331 721 392; baseline -0.006 0"><span class='ocrx_word' id='word_1_1' title='bbox 559 331 721 392; x_wconf 86' lang='grc'>1003</span> 
     </span>
    </p>
   </div>
   <div class='ocr_carea' id='block_1_2' title="bbox 1921 325 2632 390">
    <p class='ocr_par' dir='ltr' id='par_1_2' title="bbox 1921 325 2632 390">
     <span class='ocr_line' id='line_1_2' title="bbox 1921 325 2632 390; baseline -0.003 0"><span class='ocrx_word' id='word_1_2' title='bbox 1921 325 2243 390; x_wconf 76' lang='lat' dir='ltr'>GEORGII</span> <span class='ocrx_word' id='word_1_3' title='bbox 2285 326 2632 388; x_wconf 77' lang='lat' dir='ltr'>CEDBENI</span> 
     </span>
    </p>
   </div>
   <div class='ocr_carea' id='block_1_3' title="bbox 3797 333 3909 396">
    <p class='ocr_par' dir='ltr' id='par_1_3' title="bbox 3797 333 3909 396">
     <span class='ocr_line' id='line_1_3' title="bbox 3797 333 3909 396; baseline 0.027 -3"><span class='ocrx_word' id='word_1_4' title='bbox 3797 333 3909 396; x_wconf 78' lang='lat' dir='ltr'>lOOl</span> 
     </span>
    </p>
   </div>
   <div class='ocr_carea' id='block_1_4' title="bbox 561 455 2205 534">
    <p class='ocr_par' dir='ltr' id='par_1_4' title="bbox 561 461 2205 533">
     <span class='ocr_line' id='line_1_4' title="bbox 561 461 2205 533; baseline -0.003 -14"><span class='ocrx_word' id='word_1_5' title='bbox 561 467 820 531; x_wconf 89' lang='lat' dir='ltr'>Quorum</span> <span class='ocrx_word' id='word_1_6' title='bbox 853 463 980 533; x_wconf 90' lang='lat' dir='ltr'>ejus</span> <span class='ocrx_word' id='word_1_7' title='bbox 1011 461 1292 517; x_wconf 77' lang='lat' dir='ltr'>fortitudo</span> <span class='ocrx_word' id='word_1_8' title='bbox 1327 463 1468 533; x_wconf 89' lang='lat' dir='ltr'>ipsis</span> <span class='ocrx_word' id='word_1_9' title='bbox 1507 480 1742 533; x_wconf 89' lang='lat' dir='ltr'>quoque</span> <span class='ocrx_word' id='word_1_10' title='bbox 1765 463 2034 517; x_wconf 81' lang='lat' dir='ltr'>hostibus</span> <span class='ocrx_word' id='word_1_11' title='bbox 2067 465 2205 515; x_wconf 91' lang='lat' dir='ltr'>nota</span> 
     </span>
    </p>
   </div>
   <div class='ocr_carea' id='block_1_5' title="bbox 2314 455 3913 534">
    <p class='ocr_par' dir='ltr' id='par_1_5' title="bbox 2321 455 3913 534">
     <span class='ocr_line' id='line_1_5' title="bbox 2321 455 3913 534; baseline 0.005 -23"><span class='ocrx_word' id='word_1_12' title='bbox 2321 455 2476 512; x_wconf 84' lang='grc' dir='ltr'>Ἀλλ’</span> <span class='ocrx_word' id='word_1_13' title='bbox 2511 459 2536 512; x_wconf 99' lang='lat'>6</span> <span class='ocrx_word' id='word_1_14' title='bbox 2573 459 2665 530; x_wconf 78' lang='grc' dir='ltr'>μὲν</span> <span class='ocrx_word' id='word_1_15' title='bbox 2710 458 2980 528; x_wconf 77' lang='grc' dir='ltr'>Μανουήλ</span> <span class='ocrx_word' id='word_1_16' title='bbox 3014 457 3186 528; x_wconf 81' lang='grc' dir='ltr'>δῆλος</span> <span class='ocrx_word' id='word_1_17' title='bbox 3217 461 3284 528; x_wconf 75' lang='grc' dir='ltr'>ἦν</span> <span class='ocrx_word' id='word_1_18' title='bbox 3314 457 3404 514; x_wconf 87' lang='grc' dir='ltr'>ἐπ’</span> <span class='ocrx_word' id='word_1_19' title='bbox 3437 457 3628 534; x_wconf 74' lang='grc' dir='ltr'>ἀνδρίᾳ</span> <span class='ocrx_word' id='word_1_20' title='bbox 3655 461 3753 515; x_wconf 81' lang='grc' dir='ltr'>’καὶ</span> <span class='ocrx_word' id='word_1_21' title='bbox 3780 463 3913 526; x_wconf 72' lang='grc' dir='ltr'>αὐτοῖς</span> 
     </span>
    </p>
   </div>
   <div class='ocr_carea' id='block_1_6' title="bbox 563 552 2212 624">
    <p class='ocr_par' dir='ltr' id='par_1_6' title="bbox 563 552 2212 624">
     <span class='ocr_line' id='line_1_6' title="bbox 563 552 2212 624; baseline -0.004 -15"><span class='ocrx_word' id='word_1_22' title='bbox 563 562 708 621; x_wconf 90' lang='lat' dir='ltr'>erat,</span> <span class='ocrx_word' id='word_1_23' title='bbox 743 571 873 609; x_wconf 90' lang='lat' dir='ltr'>cum</span> <span class='ocrx_word' id='word_1_24' title='bbox 908 555 956 607; x_wconf 88' lang='lat' dir='ltr'>is</span> <span class='ocrx_word' id='word_1_25' title='bbox 989 553 1096 607; x_wconf 90' lang='lat' dir='ltr'>sub</span> <span class='ocrx_word' id='word_1_26' title='bbox 1132 554 1319 607; x_wconf 85' lang='lat' dir='ltr'>Leone</span> <span class='ocrx_word' id='word_1_27' title='bbox 1350 553 1750 608; x_wconf 72' lang='lat' dir='ltr'>Orientalibus</span> <span class='ocrx_word' id='word_1_28' title='bbox 1782 553 1969 624; x_wconf 79' lang='lat' dir='ltr'>COpiis</span> <span class='ocrx_word' id='word_1_29' title='bbox 1999 552 2212 622; x_wconf 59' lang='lat' dir='ltr'>praste-</span> 
     </span>
    </p>
   </div>
   <div class='ocr_carea' id='block_1_7' title="bbox 562 641 2212 713">
    <p class='ocr_par' dir='ltr' id='par_1_7' title="bbox 562 641 2212 713">
     <span class='ocr_line' id='line_1_7' title="bbox 562 641 2212 713; baseline -0.003 -15"><span class='ocrx_word' id='word_1_30' title='bbox 562 650 691 698; x_wconf 91' lang='lat' dir='ltr'>ctus</span> <span class='ocrx_word' id='word_1_31' title='bbox 722 650 780 697; x_wconf 89' lang='lat' dir='ltr'>et</span> <span class='ocrx_word' id='word_1_32' title='bbox 837 642 1138 696; x_wconf 85' lang='lat' dir='ltr'>Michaelis</span> <span class='ocrx_word' id='word_1_33' title='bbox 1183 642 1471 713; x_wconf 61' lang='lat' dir='ltr'>ltangaba—s</span> <span class='ocrx_word' id='word_1_34' title='bbox 1521 643 1874 712; x_wconf 89' lang='lat' dir='ltr'>equisonum</span> <span class='ocrx_word' id='word_1_35' title='bbox 1934 641 2212 712; x_wconf 86' lang='lat' dir='ltr'>princeps</span> 
     </span>
    </p>
   </div>
   <div class='ocr_carea' id='block_1_8' title="bbox 561 729 2210 801">
    <p class='ocr_par' dir='ltr' id='par_1_8' title="bbox 561 729 2210 801">
     <span class='ocr_line' id='line_1_8' title="bbox 561 729 2210 801; baseline -0.002 -16"><span class='ocrx_word' id='word_1_36' title='bbox 561 733 785 792; x_wconf 79' lang='lat' dir='ltr'>fuisset,</span> <span class='ocrx_word' id='word_1_37' title='bbox 821 747 996 800; x_wconf 84' lang='lat' dir='ltr'>quem</span> <span class='ocrx_word' id='word_1_38' title='bbox 1029 738 1516 801; x_wconf 88' lang='lat' dir='ltr'>protostratorem</span> <span class='ocrx_word' id='word_1_39' title='bbox 1549 733 1730 786; x_wconf 64' lang='lat' dir='ltr'>Graeci</span> <span class='ocrx_word' id='word_1_40' title='bbox 1765 730 2095 785; x_wconf 89' lang='lat' dir='ltr'>nominant.</span> <span class='ocrx_word' id='word_1_41' title='bbox 2133 729 2210 781; x_wconf 88' lang='lat' dir='ltr'>De</span> 
     </span>
    </p>
   </div>
   <div class='ocr_carea' id='block_1_9' title="bbox 561 817 2217 892">
    <p class='ocr_par' dir='ltr' id='par_1_9' title="bbox 561 817 2217 892">
     <span class='ocr_line' id='line_1_9' title="bbox 561 817 2217 892; baseline -0.001 -19"><span class='ocrx_word' id='word_1_42' title='bbox 561 819 917 890; x_wconf 88' lang='lat' dir='ltr'>Theophobo</span> <span class='ocrx_word' id='word_1_43' title='bbox 971 821 1150 874; x_wconf 88' lang='lat' dir='ltr'>etiam</span> <span class='ocrx_word' id='word_1_44' title='bbox 1207 821 1548 887; x_wconf 88' lang='lat' dir='ltr'>dicendum,</span> <span class='ocrx_word' id='word_1_45' title='bbox 1632 820 1927 892; x_wconf 83' lang='lat' dir='ltr'>quomodo</span> <span class='ocrx_word' id='word_1_46' title='bbox 1979 817 2217 872; x_wconf 88' lang='lat' dir='ltr'>Persica</span> 
     </span>
    </p>
   </div>
   <div class='ocr_carea' id='block_1_10' title="bbox 563 907 2214 980">
    <p class='ocr_par' dir='ltr' id='par_1_10' title="bbox 563 907 2214 980">
     <span class='ocr_line' id='line_1_10' title="bbox 563 907 2214 980; baseline -0.001 -19"><span class='ocrx_word' id='word_1_47' title='bbox 563 908 850 962; x_wconf 83' lang='lat' dir='ltr'>oriundus</span> <span class='ocrx_word' id='word_1_48' title='bbox 869 909 1091 962; x_wconf 90' lang='lat' dir='ltr'>familia</span> <span class='ocrx_word' id='word_1_49' title='bbox 1110 909 1169 962; x_wconf 89' lang='lat' dir='ltr'>in</span> <span class='ocrx_word' id='word_1_50' title='bbox 1197 910 1466 963; x_wconf 89' lang='lat' dir='ltr'>notitiam</span> <span class='ocrx_word' id='word_1_51' title='bbox 1493 907 2214 980; x_wconf 90' lang='lat' dir='ltr'>perveneritimperatoris</span> 
     </span>
    </p>
   </div>
   <div class='ocr_carea' id='block_1_11' title="bbox 563 994 2212 1067">
    <p class='ocr_par' dir='ltr' id='par_1_11' title="bbox 563 994 2212 1067">
     <span class='ocr_line' id='line_1_11' title="bbox 563 994 2212 1067; baseline -0.002 -16"><span class='ocrx_word' id='word_1_52' title='bbox 563 998 812 1067; x_wconf 82' lang='lat' dir='ltr'>ejusque</span> <span class='ocrx_word' id='word_1_53' title='bbox 832 1015 1098 1053; x_wconf 83' lang='lat' dir='ltr'>sororem</span> <span class='ocrx_word' id='word_1_54' title='bbox 1123 999 1502 1052; x_wconf 88' lang='lat' dir='ltr'>matrimonio</span> <span class='ocrx_word' id='word_1_55' title='bbox 1519 997 1929 1067; x_wconf 77' lang='lat' dir='ltr'>sibijunxerit.</span> <span class='ocrx_word' id='word_1_56' title='bbox 1963 994 2212 1061; x_wconf 85' lang='lat' dir='ltr'>Quidam</span> 
     </span>
    </p>
   </div>
   <div class='ocr_carea' id='block_1_12' title="bbox 562 1085 2216 1158">
    <p class='ocr_par' dir='ltr' id='par_1_12' title="bbox 562 1085 2216 1158">
     <span class='ocr_line' id='line_1_12' title="bbox 562 1085 2216 1158; baseline -0.002 -18"><span class='ocrx_word' id='word_1_57' title='bbox 562 1087 726 1154; x_wconf 60' lang='lat' dir='ltr'>regia</span> <span class='ocrx_word' id='word_1_58' title='bbox 756 1089 1071 1142; x_wconf 83' lang='lat' dir='ltr'>Persarum</span> <span class='ocrx_word' id='word_1_59' title='bbox 1102 1087 1284 1158; x_wconf 78' lang='lat' dir='ltr'>stirpe</span> <span class='ocrx_word' id='word_1_60' title='bbox 1315 1095 1489 1142; x_wconf 87' lang='lat' dir='ltr'>natus</span> <span class='ocrx_word' id='word_1_61' title='bbox 1520 1087 1840 1156; x_wconf 87' lang='lat' dir='ltr'>aliquando</span> <span class='ocrx_word' id='word_1_62' title='bbox 1871 1086 2079 1156; x_wconf 89' lang='lat' dir='ltr'>Cpolin</span> <span class='ocrx_word' id='word_1_63' title='bbox 2131 1085 2216 1138; x_wconf 91' lang='lat' dir='ltr'>le-</span> 
     </span>
    </p>
   </div>
   <div class='ocr_carea' id='block_1_13' title="bbox 562 1174 2212 1248">
    <p class='ocr_par' dir='ltr' id='par_1_13' title="bbox 562 1174 2212 1248">
     <span class='ocr_line' id='line_1_13' title="bbox 562 1174 2212 1248; baseline -0.003 -17"><span class='ocrx_word' id='word_1_64' title='bbox 562 1183 731 1248; x_wconf 87' lang='lat' dir='ltr'>gatus</span> <span class='ocrx_word' id='word_1_65' title='bbox 764 1177 922 1230; x_wconf 86' lang='lat' dir='ltr'>venit</span> <span class='ocrx_word' id='word_1_66' title='bbox 949 1193 961 1228; x_wconf 94' lang='lat'><strong>:</strong></span> <span class='ocrx_word' id='word_1_67' title='bbox 997 1176 1045 1230; x_wconf 90' lang='lat' dir='ltr'>is</span> <span class='ocrx_word' id='word_1_68' title='bbox 1076 1193 1196 1230; x_wconf 87' lang='lat' dir='ltr'>non</span> <span class='ocrx_word' id='word_1_69' title='bbox 1231 1177 1494 1248; x_wconf 90' lang='lat' dir='ltr'>legitimo</span> <span class='ocrx_word' id='word_1_70' title='bbox 1527 1177 1819 1248; x_wconf 86' lang='lat' dir='ltr'>conjugio,</span> <span class='ocrx_word' id='word_1_71' title='bbox 1847 1175 1950 1229; x_wconf 91' lang='lat' dir='ltr'>sed</span> <span class='ocrx_word' id='word_1_72' title='bbox 1983 1174 2212 1229; x_wconf 91' lang='lat' dir='ltr'>occulto</span> 
     </span>
    </p>
   </div>
   <div class='ocr_carea' id='block_1_14' title="bbox 563 1263 2214 1337">
    <p class='ocr_par' dir='ltr' id='par_1_14' title="bbox 563 1263 2214 1337">
     <span class='ocr_line' id='line_1_14' title="bbox 563 1263 2214 1337; baseline -0.002 -17"><span class='ocrx_word' id='word_1_73' title='bbox 563 1267 722 1320; x_wconf 89' lang='lat' dir='ltr'>coitu</span> <span class='ocrx_word' id='word_1_74' title='bbox 749 1265 1176 1337; x_wconf 86' lang='lat' dir='ltr'>Theophobum</span> <span class='ocrx_word' id='word_1_75' title='bbox 1225 1267 1448 1336; x_wconf 77' lang='lat' dir='ltr'>genuit,</span> <span class='ocrx_word' id='word_1_76' title='bbox 1500 1271 1676 1336; x_wconf 90' lang='lat' dir='ltr'>atque</span> <span class='ocrx_word' id='word_1_77' title='bbox 1718 1265 2013 1320; x_wconf 83' lang='lat' dir='ltr'>discessit.</span> <span class='ocrx_word' id='word_1_78' title='bbox 2068 1263 2214 1328; x_wconf 84' lang='lat' dir='ltr'>Quia</span> 
     </span>
    </p>
   </div>
   <div class='ocr_carea' id='block_1_15' title="bbox 564 1352 2212 1424">
    <p class='ocr_par' dir='ltr' id='par_1_15' title="bbox 564 1352 2212 1424">
     <span class='ocr_line' id='line_1_15' title="bbox 564 1352 2212 1424; baseline -0.001 -16"><span class='ocrx_word' id='word_1_79' title='bbox 564 1371 698 1408; x_wconf 89' lang='lat' dir='ltr'>vero</span> <span class='ocrx_word' id='word_1_80' title='bbox 730 1354 826 1407; x_wconf 83' lang='lat' dir='ltr'>lex</span> <span class='ocrx_word' id='word_1_81' title='bbox 856 1355 1010 1424; x_wconf 90' lang='lat' dir='ltr'>apud</span> <span class='ocrx_word' id='word_1_82' title='bbox 1043 1356 1251 1409; x_wconf 86' lang='lat' dir='ltr'>Persas</span> <span class='ocrx_word' id='word_1_83' title='bbox 1283 1355 1644 1408; x_wconf 88' lang='lat' dir='ltr'>inviolabilis</span> <span class='ocrx_word' id='word_1_84' title='bbox 1686 1359 1793 1422; x_wconf 89' lang='lat' dir='ltr'>est,</span> <span class='ocrx_word' id='word_1_85' title='bbox 1847 1369 1918 1406; x_wconf 91' lang='lat' dir='ltr'>ne</span> <span class='ocrx_word' id='word_1_86' title='bbox 1969 1352 2101 1422; x_wconf 90' lang='lat' dir='ltr'>quis</span> <span class='ocrx_word' id='word_1_87' title='bbox 2152 1352 2212 1406; x_wconf 92' lang='lat' dir='ltr'>in</span> 
     </span>
    </p>
   </div>
   <div class='ocr_carea' id='block_1_16' title="bbox 565 1443 2212 1515">
    <p class='ocr_par' dir='ltr' id='par_1_16' title="bbox 565 1443 2212 1515">
     <span class='ocr_line' id='line_1_16' title="bbox 565 1443 2212 1515; baseline -0.002 -17"><span class='ocrx_word' id='word_1_88' title='bbox 565 1459 666 1498; x_wconf 89' lang='lat' dir='ltr'>eos</span> <span class='ocrx_word' id='word_1_89' title='bbox 698 1459 944 1513; x_wconf 84' lang='lat' dir='ltr'>regnum</span> <span class='ocrx_word' id='word_1_90' title='bbox 968 1448 1218 1513; x_wconf 89' lang='lat' dir='ltr'>occupet</span> <span class='ocrx_word' id='word_1_91' title='bbox 1240 1443 1356 1497; x_wconf 91' lang='lat' dir='ltr'>nisi</span> <span class='ocrx_word' id='word_1_92' title='bbox 1381 1444 1540 1515; x_wconf 89' lang='lat' dir='ltr'>regia</span> <span class='ocrx_word' id='word_1_93' title='bbox 1572 1443 1850 1514; x_wconf 80' lang='lat' dir='ltr'>progenie</span> <span class='ocrx_word' id='word_1_94' title='bbox 1869 1448 2054 1505; x_wconf 89' lang='lat' dir='ltr'>ortus,</span> <span class='ocrx_word' id='word_1_95' title='bbox 2078 1456 2212 1494; x_wconf 91' lang='lat' dir='ltr'>cum</span> 
     </span>
    </p>
   </div>
   <div class='ocr_carea' id='block_1_17' title="bbox 563 1529 2212 1602">
    <p class='ocr_par' dir='ltr' id='par_1_17' title="bbox 563 1529 2212 1602">
     <span class='ocr_line' id='line_1_17' title="bbox 563 1529 2212 1602; baseline -0.002 -17"><span class='ocrx_word' id='word_1_96' title='bbox 563 1530 1009 1585; x_wconf 87' lang='lat' dir='ltr'>continentibus</span> <span class='ocrx_word' id='word_1_97' title='bbox 1041 1531 1212 1586; x_wconf 92' lang='lat' dir='ltr'>bellis</span> <span class='ocrx_word' id='word_1_98' title='bbox 1271 1532 1498 1602; x_wconf 88' lang='lat' dir='ltr'>regium</span> <span class='ocrx_word' id='word_1_99' title='bbox 1555 1548 1741 1602; x_wconf 89' lang='lat' dir='ltr'>genus</span> <span class='ocrx_word' id='word_1_100' title='bbox 1797 1530 1870 1585; x_wconf 91' lang='lat' dir='ltr'>ab</span> <span class='ocrx_word' id='word_1_101' title='bbox 1928 1529 2212 1601; x_wconf 85' lang='lat' dir='ltr'>Agarenis</span> 
     </span>
    </p>
   </div>
   <div class='ocr_carea' id='block_1_18' title="bbox 562 1618 2210 1692">
    <p class='ocr_par' dir='ltr' id='par_1_18' title="bbox 562 1618 2210 1692">
     <span class='ocr_line' id='line_1_18' title="bbox 562 1618 2210 1692; baseline -0.002 -17"><span class='ocrx_word' id='word_1_102' title='bbox 562 1621 799 1692; x_wconf 89' lang='lat' dir='ltr'>pulsum</span> <span class='ocrx_word' id='word_1_103' title='bbox 834 1619 1170 1686; x_wconf 85' lang='lat' dir='ltr'>defecisset,</span> <span class='ocrx_word' id='word_1_104' title='bbox 1197 1623 1391 1675; x_wconf 76' lang='lat' dir='ltr'>Persae</span> <span class='ocrx_word' id='word_1_105' title='bbox 1424 1623 1579 1676; x_wconf 88' lang='lat' dir='ltr'>hunc</span> <span class='ocrx_word' id='word_1_106' title='bbox 1611 1620 2031 1691; x_wconf 88' lang='lat' dir='ltr'>Theophobum</span> <span class='ocrx_word' id='word_1_107' title='bbox 2049 1618 2210 1689; x_wconf 85' lang='lat' dir='ltr'>Cpoli</span> 
     </span>
    </p>
   </div>
   <div class='ocr_carea' id='block_1_19' title="bbox 561 1710 2211 1782">
    <p class='ocr_par' dir='ltr' id='par_1_19' title="bbox 561 1710 2211 1782">
     <span class='ocr_line' id='line_1_19' title="bbox 561 1710 2211 1782; baseline -0.002 -17"><span class='ocrx_word' id='word_1_108' title='bbox 561 1710 857 1765; x_wconf 89' lang='lat' dir='ltr'>abducere</span> <span class='ocrx_word' id='word_1_109' title='bbox 890 1727 1206 1782; x_wconf 84' lang='lat' dir='ltr'>regemque</span> <span class='ocrx_word' id='word_1_110' title='bbox 1239 1727 1412 1765; x_wconf 91' lang='lat' dir='ltr'>suum</span> <span class='ocrx_word' id='word_1_111' title='bbox 1464 1711 1657 1765; x_wconf 87' lang='lat' dir='ltr'>facere</span> <span class='ocrx_word' id='word_1_112' title='bbox 1713 1710 2040 1780; x_wconf 79' lang='lat' dir='ltr'>cupientes,</span> <span class='ocrx_word' id='word_1_113' title='bbox 2084 1710 2211 1777; x_wconf 83' lang='lat' dir='ltr'>ejus</span> 
     </span>
    </p>
   </div>
   <div class='ocr_carea' id='block_1_20' title="bbox 562 1798 2287 1894">
    <p class='ocr_par' dir='ltr' id='par_1_20' title="bbox 562 1798 2287 1894">
     <span class='ocr_line' id='line_1_20' title="bbox 562 1798 2287 1894; baseline -0.002 -41"><span class='ocrx_word' id='word_1_114' title='bbox 562 1815 741 1854; x_wconf 86' lang='lat' dir='ltr'>causa</span> <span class='ocrx_word' id='word_1_115' title='bbox 792 1799 1106 1869; x_wconf 81' lang='lat' dir='ltr'>aliquoties</span> <span class='ocrx_word' id='word_1_116' title='bbox 1163 1799 1235 1853; x_wconf 91' lang='lat' dir='ltr'>ad</span> <span class='ocrx_word' id='word_1_117' title='bbox 1305 1800 1696 1870; x_wconf 88' lang='lat' dir='ltr'>Theophilum</span> <span class='ocrx_word' id='word_1_118' title='bbox 1758 1799 1978 1870; x_wconf 81' lang='lat' dir='ltr'>legatos</span> <span class='ocrx_word' id='word_1_119' title='bbox 2039 1798 2287 1894; x_wconf 84' lang='lat' dir='ltr'>mise-B</span> 
     </span>
    </p>
   </div>
   <div class='ocr_carea' id='block_1_21' title="bbox 561 1887 2208 1958">
    <p class='ocr_par' dir='ltr' id='par_1_21' title="bbox 561 1887 2208 1958">
     <span class='ocr_line' id='line_1_21' title="bbox 561 1887 2208 1958; baseline 0 -18"><span class='ocrx_word' id='word_1_120' title='bbox 561 1893 714 1948; x_wconf 89' lang='lat' dir='ltr'>rant,</span> <span class='ocrx_word' id='word_1_121' title='bbox 775 1893 946 1958; x_wconf 89' lang='lat' dir='ltr'>pacta</span> <span class='ocrx_word' id='word_1_122' title='bbox 999 1887 1178 1941; x_wconf 88' lang='lat' dir='ltr'>simul</span> <span class='ocrx_word' id='word_1_123' title='bbox 1237 1888 1396 1957; x_wconf 89' lang='lat' dir='ltr'>pacis</span> <span class='ocrx_word' id='word_1_124' title='bbox 1449 1889 1782 1942; x_wconf 70' lang='lat' dir='ltr'>offerentes.</span> <span class='ocrx_word' id='word_1_125' title='bbox 1863 1888 2060 1957; x_wconf 72' lang='lat' dir='ltr'>Neque</span> <span class='ocrx_word' id='word_1_126' title='bbox 2121 1891 2208 1940; x_wconf 84' lang='lat' dir='ltr'>ta-</span> 
     </span>
    </p>
   </div>
   <div class='ocr_carea' id='block_1_22' title="bbox 562 1974 2211 2046">
    <p class='ocr_par' dir='ltr' id='par_1_22' title="bbox 562 1974 2211 2046">
     <span class='ocr_line' id='line_1_22' title="bbox 562 1974 2211 2046; baseline -0.001 -16"><span class='ocrx_word' id='word_1_127' title='bbox 562 1993 700 2030; x_wconf 90' lang='lat' dir='ltr'>men</span> <span class='ocrx_word' id='word_1_128' title='bbox 758 1981 1175 2046; x_wconf 84' lang='lat' dir='ltr'>persuaserant</span> <span class='ocrx_word' id='word_1_129' title='bbox 1231 1975 1574 2045; x_wconf 84' lang='lat' dir='ltr'>imperatori</span> <span class='ocrx_word' id='word_1_130' title='bbox 1642 1983 1708 2030; x_wconf 95' lang='lat' dir='ltr'>ut</span> <span class='ocrx_word' id='word_1_131' title='bbox 1787 1974 2211 2046; x_wconf 87' lang='lat' dir='ltr'>Theophobum</span> 
     </span>
    </p>
   </div>
   <div class='ocr_carea' id='block_1_23' title="bbox 562 2063 2211 2135">
    <p class='ocr_par' dir='ltr' id='par_1_23' title="bbox 562 2063 2211 2135">
     <span class='ocr_line' id='line_1_23' title="bbox 562 2063 2211 2135; baseline 0.001 -19"><span class='ocrx_word' id='word_1_132' title='bbox 562 2064 708 2134; x_wconf 88' lang='lat' dir='ltr'>ipsis</span> <span class='ocrx_word' id='word_1_133' title='bbox 756 2063 1019 2132; x_wconf 87' lang='lat' dir='ltr'>dederet,</span> <span class='ocrx_word' id='word_1_134' title='bbox 1069 2063 1172 2117; x_wconf 90' lang='lat' dir='ltr'>sed</span> <span class='ocrx_word' id='word_1_135' title='bbox 1214 2079 1348 2118; x_wconf 89' lang='lat' dir='ltr'>eum</span> <span class='ocrx_word' id='word_1_136' title='bbox 1393 2065 1590 2134; x_wconf 90' lang='lat' dir='ltr'>potius</span> <span class='ocrx_word' id='word_1_137' title='bbox 1645 2065 1876 2135; x_wconf 89' lang='lat' dir='ltr'>patricii</span> <span class='ocrx_word' id='word_1_138' title='bbox 1927 2064 2211 2135; x_wconf 86' lang='lat' dir='ltr'>dignitate</span> 
     </span>
    </p>
   </div>
   <div class='ocr_carea' id='block_1_24' title="bbox 566 2151 2213 2222">
    <p class='ocr_par' dir='ltr' id='par_1_24' title="bbox 566 2151 2213 2222">
     <span class='ocr_line' id='line_1_24' title="bbox 566 2151 2213 2222; baseline -0.001 -17"><span class='ocrx_word' id='word_1_139' title='bbox 566 2155 840 2205; x_wconf 88' lang='lat' dir='ltr'>ornatum</span> <span class='ocrx_word' id='word_1_140' title='bbox 875 2151 1064 2205; x_wconf 91' lang='lat' dir='ltr'>sorori</span> <span class='ocrx_word' id='word_1_141' title='bbox 1117 2167 1236 2205; x_wconf 64' lang='lat' dir='ltr'>suae</span> <span class='ocrx_word' id='word_1_142' title='bbox 1285 2152 1667 2206; x_wconf 88' lang='lat' dir='ltr'>matrimonio</span> <span class='ocrx_word' id='word_1_143' title='bbox 1723 2151 2033 2222; x_wconf 88' lang='lat' dir='ltr'>copulavit,</span> <span class='ocrx_word' id='word_1_144' title='bbox 2085 2151 2213 2222; x_wconf 87' lang='lat' dir='ltr'>lege</span> 
     </span>
    </p>
   </div>
   <div class='ocr_carea' id='block_1_25' title="bbox 564 2242 2209 2315">
    <p class='ocr_par' dir='ltr' id='par_1_25' title="bbox 564 2242 2209 2315">
     <span class='ocr_line' id='line_1_25' title="bbox 564 2242 2209 2315; baseline 0 -19"><span class='ocrx_word' id='word_1_145' title='bbox 564 2242 712 2298; x_wconf 79' lang='lat' dir='ltr'>92I</span> <span class='ocrx_word' id='word_1_146' title='bbox 755 2242 932 2296; x_wconf 89' lang='lat' dir='ltr'>etiam</span> <span class='ocrx_word' id='word_1_147' title='bbox 985 2242 1105 2296; x_wconf 88' lang='lat' dir='ltr'>lata</span> <span class='ocrx_word' id='word_1_148' title='bbox 1162 2258 1292 2312; x_wconf 65' lang='lat' dir='ltr'>quas</span> <span class='ocrx_word' id='word_1_149' title='bbox 1350 2243 1547 2297; x_wconf 89' lang='lat' dir='ltr'>Persis</span> <span class='ocrx_word' id='word_1_150' title='bbox 1605 2244 2016 2315; x_wconf 89' lang='lat' dir='ltr'>conjugiorum</span> <span class='ocrx_word' id='word_1_151' title='bbox 2075 2259 2209 2298; x_wconf 90' lang='lat' dir='ltr'>cum</span> 
     </span>
    </p>
   </div>
   <div class='ocr_carea' id='block_1_26' title="bbox 565 2330 2212 2402">
    <p class='ocr_par' dir='ltr' id='par_1_26' title="bbox 565 2330 2212 2402">
     <span class='ocr_line' id='line_1_26' title="bbox 565 2330 2212 2402; baseline 0.001 -17"><span class='ocrx_word' id='word_1_152' title='bbox 565 2331 846 2385; x_wconf 79' lang='lat' dir='ltr'>Romanis</span> <span class='ocrx_word' id='word_1_153' title='bbox 894 2330 1196 2385; x_wconf 87' lang='lat' dir='ltr'>licentiam</span> <span class='ocrx_word' id='word_1_154' title='bbox 1254 2332 1630 2386; x_wconf 90' lang='lat' dir='ltr'>concederet.</span> <span class='ocrx_word' id='word_1_155' title='bbox 1683 2333 1945 2402; x_wconf 89' lang='lat' dir='ltr'>Cumque</span> <span class='ocrx_word' id='word_1_156' title='bbox 1990 2332 2212 2386; x_wconf 88' lang='lat' dir='ltr'>multos</span> 
     </span>
    </p>
   </div>
   <div class='ocr_carea' id='block_1_27' title="bbox 563 2418 2211 2492">
    <p class='ocr_par' dir='ltr' id='par_1_27' title="bbox 563 2418 2211 2492">
     <span class='ocr_line' id='line_1_27' title="bbox 563 2418 2211 2492; baseline 0 -20"><span class='ocrx_word' id='word_1_157' title='bbox 563 2435 630 2472; x_wconf 91' lang='lat' dir='ltr'>ea</span> <span class='ocrx_word' id='word_1_158' title='bbox 662 2419 892 2472; x_wconf 87' lang='lat' dir='ltr'>ratione</span> <span class='ocrx_word' id='word_1_159' title='bbox 925 2419 1134 2473; x_wconf 89' lang='lat' dir='ltr'>Persas</span> <span class='ocrx_word' id='word_1_160' title='bbox 1167 2418 1276 2472; x_wconf 92' lang='lat' dir='ltr'>sibi</span> <span class='ocrx_word' id='word_1_161' title='bbox 1319 2420 1701 2475; x_wconf 86' lang='lat' dir='ltr'>conciliasset</span> <span class='ocrx_word' id='word_1_162' title='bbox 1751 2437 1974 2491; x_wconf 90' lang='lat' dir='ltr'>eosque</span> <span class='ocrx_word' id='word_1_163' title='bbox 2025 2420 2211 2492; x_wconf 90' lang='lat' dir='ltr'>digni-</span> 
     </span>
    </p>
   </div>
   <div class='ocr_carea' id='block_1_28' title="bbox 558 2507 2209 2572">
    <p class='ocr_par' dir='ltr' id='par_1_28' title="bbox 558 2507 2209 2572">
     <span class='ocr_line' id='line_1_28' title="bbox 558 2507 2209 2572; baseline 0.001 -13"><span class='ocrx_word' id='word_1_164' title='bbox 558 2507 778 2560; x_wconf 89' lang='lat' dir='ltr'>tatibus</span> <span class='ocrx_word' id='word_1_165' title='bbox 811 2507 1275 2572; x_wconf 89' lang='lat' dir='ltr'>cohonestasset,</span> <span class='ocrx_word' id='word_1_166' title='bbox 1332 2507 1390 2561; x_wconf 93' lang='lat' dir='ltr'>in</span> <span class='ocrx_word' id='word_1_167' title='bbox 1441 2507 1674 2562; x_wconf 87' lang='lat' dir='ltr'>codices</span> <span class='ocrx_word' id='word_1_168' title='bbox 1727 2509 1956 2562; x_wconf 57' lang='lat' dir='ltr'>militias</span> <span class='ocrx_word' id='word_1_169' title='bbox 2005 2525 2209 2563; x_wconf 88' lang='lat' dir='ltr'>eorum</span> 
     </span>
    </p>
   </div>
   <div class='ocr_carea' id='block_1_29' title="bbox 557 2596 2208 2667">
    <p class='ocr_par' dir='ltr' id='par_1_29' title="bbox 557 2596 2208 2667">
     <span class='ocr_line' id='line_1_29' title="bbox 557 2596 2208 2667; baseline 0.001 -17"><span class='ocrx_word' id='word_1_170' title='bbox 557 2597 803 2650; x_wconf 82' lang='lat' dir='ltr'>nomina</span> <span class='ocrx_word' id='word_1_171' title='bbox 833 2596 1474 2667; x_wconf 88' lang='lat' dir='ltr'>retulit,legionemque</span> <span class='ocrx_word' id='word_1_172' title='bbox 1499 2598 1742 2651; x_wconf 89' lang='lat' dir='ltr'>nomine</span> <span class='ocrx_word' id='word_1_173' title='bbox 1761 2598 2051 2652; x_wconf 89' lang='lat' dir='ltr'>Persicam</span> <span class='ocrx_word' id='word_1_174' title='bbox 2070 2615 2208 2652; x_wconf 86' lang='lat' dir='ltr'>con-</span> 
     </span>
    </p>
   </div>
   <div class='ocr_carea' id='block_1_30' title="bbox 559 2685 2211 2757">
    <p class='ocr_par' dir='ltr' id='par_1_30' title="bbox 559 2685 2211 2757">
     <span class='ocr_line' id='line_1_30' title="bbox 559 2685 2211 2757; baseline 0.001 -17"><span class='ocrx_word' id='word_1_175' title='bbox 559 2685 814 2756; x_wconf 86' lang='lat' dir='ltr'>scripsit,</span> <span class='ocrx_word' id='word_1_176' title='bbox 875 2701 1124 2754; x_wconf 88' lang='lat' dir='ltr'>eamque</span> <span class='ocrx_word' id='word_1_177' title='bbox 1182 2702 1314 2739; x_wconf 90' lang='lat' dir='ltr'>cum</span> <span class='ocrx_word' id='word_1_178' title='bbox 1399 2687 1681 2740; x_wconf 80' lang='lat' dir='ltr'>Romanis</span> <span class='ocrx_word' id='word_1_179' title='bbox 1761 2686 2094 2757; x_wconf 87' lang='lat' dir='ltr'>legionibus</span> <span class='ocrx_word' id='word_1_180' title='bbox 2150 2687 2211 2741; x_wconf 89' lang='lat' dir='ltr'>in</span> 
     </span>
    </p>
   </div>
   <div class='ocr_carea' id='block_1_31' title="bbox 557 2773 2208 2848">
    <p class='ocr_par' dir='ltr' id='par_1_31' title="bbox 557 2773 2208 2848">
     <span class='ocr_line' id='line_1_31' title="bbox 557 2773 2208 2848; baseline 0.002 -21"><span class='ocrx_word' id='word_1_181' title='bbox 557 2773 778 2827; x_wconf 89' lang='lat' dir='ltr'>bellum</span> <span class='ocrx_word' id='word_1_182' title='bbox 811 2779 1018 2827; x_wconf 90' lang='lat' dir='ltr'>contra</span> <span class='ocrx_word' id='word_1_183' title='bbox 1047 2775 1340 2844; x_wconf 84' lang='lat' dir='ltr'>Agarenos</span> <span class='ocrx_word' id='word_1_184' title='bbox 1373 2775 1666 2844; x_wconf 76' lang='lat' dir='ltr'>proficisci</span> <span class='ocrx_word' id='word_1_185' title='bbox 1692 2775 1896 2845; x_wconf 82' lang='lat' dir='ltr'>jussit.</span> <span class='ocrx_word' id='word_1_186' title='bbox 1940 2776 2041 2829; x_wconf 89' lang='lat' dir='ltr'>His</span> <span class='ocrx_word' id='word_1_187' title='bbox 2074 2793 2208 2848; x_wconf 86' lang='lat' dir='ltr'>ergo</span> 
     </span>
    </p>
   </div>
   <div class='ocr_carea' id='block_1_32' title="bbox 560 2863 2210 2935">
    <p class='ocr_par' dir='ltr' id='par_1_32' title="bbox 560 2863 2210 2935">
     <span class='ocr_line' id='line_1_32' title="bbox 560 2863 2210 2935; baseline 0.003 -20"><span class='ocrx_word' id='word_1_188' title='bbox 560 2863 788 2916; x_wconf 86' lang='lat' dir='ltr'>duobus</span> <span class='ocrx_word' id='word_1_189' title='bbox 820 2863 1004 2916; x_wconf 88' lang='lat' dir='ltr'>fretus</span> <span class='ocrx_word' id='word_1_190' title='bbox 1051 2863 1428 2934; x_wconf 86' lang='lat' dir='ltr'>Theophilus,</span> <span class='ocrx_word' id='word_1_191' title='bbox 1481 2865 1748 2919; x_wconf 88' lang='lat' dir='ltr'>Manuelo</span> <span class='ocrx_word' id='word_1_192' title='bbox 1798 2870 1974 2935; x_wconf 91' lang='lat' dir='ltr'>atque</span> <span class='ocrx_word' id='word_1_193' title='bbox 2021 2866 2210 2920; x_wconf 88' lang='lat' dir='ltr'>Theo-</span> 
     </span>
    </p>
   </div>
   <div class='ocr_carea' id='block_1_33' title="bbox 557 2952 2208 3026">
    <p class='ocr_par' dir='ltr' id='par_1_33' title="bbox 557 2952 2208 3026">
     <span class='ocr_line' id='line_1_33' title="bbox 557 2952 2208 3026; baseline 0.003 -20"><span class='ocrx_word' id='word_1_194' title='bbox 557 2952 774 3024; x_wconf 88' lang='lat' dir='ltr'>phobo,</span> <span class='ocrx_word' id='word_1_195' title='bbox 817 2953 878 3006; x_wconf 90' lang='lat' dir='ltr'>in</span> <span class='ocrx_word' id='word_1_196' title='bbox 935 2954 1233 3024; x_wconf 87' lang='lat' dir='ltr'>Agarenos</span> <span class='ocrx_word' id='word_1_197' title='bbox 1287 2953 1469 3009; x_wconf 91' lang='lat' dir='ltr'>duvit.</span> <span class='ocrx_word' id='word_1_198' title='bbox 1533 2956 1676 3009; x_wconf 91' lang='lat' dir='ltr'>Cum</span> <span class='ocrx_word' id='word_1_199' title='bbox 1737 2971 1919 3026; x_wconf 82' lang='lat' dir='ltr'>prepe</span> <span class='ocrx_word' id='word_1_200' title='bbox 1978 2957 2208 3011; x_wconf 89' lang='lat' dir='ltr'>hostem</span> 
     </span>
    </p>
   </div>
   <div class='ocr_carea' id='block_1_34' title="bbox 557 3043 2208 3112">
    <p class='ocr_par' dir='ltr' id='par_1_34' title="bbox 557 3043 2208 3112">
     <span class='ocr_line' id='line_1_34' title="bbox 557 3043 2208 3112; baseline 0.002 -17"><span class='ocrx_word' id='word_1_201' title='bbox 557 3043 712 3097; x_wconf 73' lang='grc'><strong>922</strong></span> <span class='ocrx_word' id='word_1_202' title='bbox 745 3048 1090 3112; x_wconf 87' lang='lat' dir='ltr'>perventum</span> <span class='ocrx_word' id='word_1_203' title='bbox 1123 3048 1297 3108; x_wconf 90' lang='lat' dir='ltr'>esset,</span> <span class='ocrx_word' id='word_1_204' title='bbox 1352 3061 1413 3098; x_wconf 88' lang='lat' dir='ltr'>re</span> <span class='ocrx_word' id='word_1_205' title='bbox 1468 3045 1527 3097; x_wconf 91' lang='lat' dir='ltr'>in</span> <span class='ocrx_word' id='word_1_206' title='bbox 1578 3043 2070 3099; x_wconf 82' lang='lat' dir='ltr'>deliberationem</span> <span class='ocrx_word' id='word_1_207' title='bbox 2113 3063 2208 3100; x_wconf 89' lang='lat' dir='ltr'>vo-</span> 
     </span>
    </p>
   </div>
   <div class='ocr_carea' id='block_1_35' title="bbox 557 3132 2202 3204">
    <p class='ocr_par' dir='ltr' id='par_1_35' title="bbox 557 3132 2202 3204">
     <span class='ocr_line' id='line_1_35' title="bbox 557 3132 2202 3204; baseline 0.002 -19"><span class='ocrx_word' id='word_1_208' title='bbox 557 3138 708 3196; x_wconf 90' lang='lat' dir='ltr'>cata,</span> <span class='ocrx_word' id='word_1_209' title='bbox 741 3132 1046 3186; x_wconf 84' lang='lat' dir='ltr'>Manuelus</span> <span class='ocrx_word' id='word_1_210' title='bbox 1077 3133 1308 3186; x_wconf 88' lang='lat' dir='ltr'>censuit</span> <span class='ocrx_word' id='word_1_211' title='bbox 1349 3133 1658 3203; x_wconf 91' lang='lat' dir='ltr'>indignum</span> <span class='ocrx_word' id='word_1_212' title='bbox 1705 3150 1832 3188; x_wconf 90' lang='lat' dir='ltr'>esse</span> <span class='ocrx_word' id='word_1_213' title='bbox 1885 3135 2202 3204; x_wconf 88' lang='lat' dir='ltr'>imperato-</span> 
     </span>
    </p>
   </div>
   <div class='ocr_carea' id='block_1_36' title="bbox 556 3187 2280 3291">
    <p class='ocr_par' dir='ltr' id='par_1_36' title="bbox 556 3187 2280 3291">
     <span class='ocr_line' id='line_1_36' title="bbox 556 3187 2280 3291; baseline 0.003 -17"><span class='ocrx_word' id='word_1_214' title='bbox 556 3237 683 3275; x_wconf 88' lang='lat' dir='ltr'>rem</span> <span class='ocrx_word' id='word_1_215' title='bbox 706 3223 1106 3275; x_wconf 68' lang='lat' dir='ltr'>Iiomanorum</span> <span class='ocrx_word' id='word_1_216' title='bbox 1129 3221 1256 3276; x_wconf 87' lang='lat' dir='ltr'>acie</span> <span class='ocrx_word' id='word_1_217' title='bbox 1277 3221 1554 3291; x_wconf 86' lang='lat' dir='ltr'>congredi</span> <span class='ocrx_word' id='word_1_218' title='bbox 1590 3237 1724 3275; x_wconf 90' lang='lat' dir='ltr'>cum</span> <span class='ocrx_word' id='word_1_219' title='bbox 1757 3238 2204 3278; x_wconf 89' lang='lat' dir='ltr'>amermumna:</span> <span class='ocrx_word' id='word_1_220' title='bbox 2237 3187 2280 3252; x_wconf 63' lang='grc' dir='ltr'><strong>ϐ</strong></span> 
     </span>
    </p>
   </div>
   <div class='ocr_carea' id='block_1_37' title="bbox 557 3310 2207 3380">
    <p class='ocr_par' dir='ltr' id='par_1_37' title="bbox 557 3310 2207 3380">
     <span class='ocr_line' id='line_1_37' title="bbox 557 3310 2207 3380; baseline 0.002 -16"><span class='ocrx_word' id='word_1_221' title='bbox 557 3327 741 3364; x_wconf 91' lang='lat' dir='ltr'>unum</span> <span class='ocrx_word' id='word_1_222' title='bbox 775 3310 1034 3380; x_wconf 86' lang='lat' dir='ltr'>aliquem</span> <span class='ocrx_word' id='word_1_223' title='bbox 1068 3327 1202 3364; x_wconf 91' lang='lat' dir='ltr'>cum</span> <span class='ocrx_word' id='word_1_224' title='bbox 1235 3317 1399 3380; x_wconf 88' lang='lat' dir='ltr'>parte</span> <span class='ocrx_word' id='word_1_225' title='bbox 1433 3310 1650 3365; x_wconf 92' lang='lat' dir='ltr'>ducum</span> <span class='ocrx_word' id='word_1_226' title='bbox 1703 3317 1762 3365; x_wconf 91' lang='lat' dir='ltr'>et</span> <span class='ocrx_word' id='word_1_227' title='bbox 1809 3314 2101 3368; x_wconf 85' lang='lat' dir='ltr'>exercitus</span> <span class='ocrx_word' id='word_1_228' title='bbox 2153 3315 2207 3368; x_wconf 89' lang='lat' dir='ltr'>ei</span> 
     </span>
    </p>
   </div>
   <div class='ocr_carea' id='block_1_38' title="bbox 557 3398 2205 3472">
    <p class='ocr_par' dir='ltr' id='par_1_38' title="bbox 557 3398 2205 3472">
     <span class='ocr_line' id='line_1_38' title="bbox 557 3398 2205 3472; baseline 0.004 -20"><span class='ocrx_word' id='word_1_229' title='bbox 557 3399 773 3452; x_wconf 88' lang='lat' dir='ltr'>debere</span> <span class='ocrx_word' id='word_1_230' title='bbox 826 3414 1156 3452; x_wconf 89' lang='lat' dir='ltr'>occurrere.</span> <span class='ocrx_word' id='word_1_231' title='bbox 1207 3398 1600 3468; x_wconf 90' lang='lat' dir='ltr'>Thcophobus</span> <span class='ocrx_word' id='word_1_232' title='bbox 1644 3417 1777 3454; x_wconf 89' lang='lat' dir='ltr'>vero</span> <span class='ocrx_word' id='word_1_233' title='bbox 1843 3401 2039 3472; x_wconf 87' lang='lat' dir='ltr'>ipsum</span> <span class='ocrx_word' id='word_1_234' title='bbox 2089 3403 2205 3458; x_wconf 87' lang='lat' dir='ltr'>im-</span> 
     </span>
    </p>
   </div>
   <div class='ocr_carea' id='block_1_39' title="bbox 558 3488 2209 3563">
    <p class='ocr_par' dir='ltr' id='par_1_39' title="bbox 558 3488 2209 3563">
     <span class='ocr_line' id='line_1_39' title="bbox 558 3488 2209 3563; baseline 0.005 -24"><span class='ocrx_word' id='word_1_235' title='bbox 558 3491 890 3558; x_wconf 90' lang='lat' dir='ltr'>peratorem</span> <span class='ocrx_word' id='word_1_236' title='bbox 941 3502 1152 3557; x_wconf 65' lang='lat' dir='ltr'>pugna:</span> <span class='ocrx_word' id='word_1_237' title='bbox 1199 3488 1487 3541; x_wconf 90' lang='lat' dir='ltr'>interesse</span> <span class='ocrx_word' id='word_1_238' title='bbox 1538 3488 1738 3556; x_wconf 87' lang='lat' dir='ltr'>voluit,</span> <span class='ocrx_word' id='word_1_239' title='bbox 1793 3491 2096 3563; x_wconf 88' lang='lat' dir='ltr'>suasitque</span> <span class='ocrx_word' id='word_1_240' title='bbox 2144 3499 2209 3547; x_wconf 92' lang='lat' dir='ltr'>ut</span> 
     </span>
    </p>
   </div>
   <div class='ocr_carea' id='block_1_40' title="bbox 559 3573 2210 3653">
    <p class='ocr_par' dir='ltr' id='par_1_40' title="bbox 559 3573 2210 3653">
     <span class='ocr_line' id='line_1_40' title="bbox 559 3573 2210 3653; baseline 0.006 -26"><span class='ocrx_word' id='word_1_241' title='bbox 559 3591 696 3628; x_wconf 92' lang='lat' dir='ltr'>cum</span> <span class='ocrx_word' id='word_1_242' title='bbox 727 3573 991 3644; x_wconf 90' lang='lat' dir='ltr'>peditatu</span> <span class='ocrx_word' id='word_1_243' title='bbox 1025 3575 1223 3630; x_wconf 90' lang='lat' dir='ltr'>hostes</span> <span class='ocrx_word' id='word_1_244' title='bbox 1255 3592 1361 3646; x_wconf 88' lang='lat' dir='ltr'>per</span> <span class='ocrx_word' id='word_1_245' title='bbox 1389 3583 1626 3631; x_wconf 89' lang='lat' dir='ltr'>noctem</span> <span class='ocrx_word' id='word_1_246' title='bbox 1668 3578 2022 3648; x_wconf 84' lang='lat' dir='ltr'>adoriretur,</span> <span class='ocrx_word' id='word_1_247' title='bbox 2047 3583 2210 3653; x_wconf 87' lang='lat' dir='ltr'>equi-</span> 
     </span>
    </p>
   </div>
   <div class='ocr_carea' id='block_1_41' title="bbox 559 3662 2202 3738">
    <p class='ocr_par' dir='ltr' id='par_1_41' title="bbox 559 3662 2202 3738">
     <span class='ocr_line' id='line_1_41' title="bbox 559 3662 2202 3738; baseline 0.004 -20"><span class='ocrx_word' id='word_1_248' title='bbox 559 3663 734 3732; x_wconf 88' lang='lat' dir='ltr'>tibus,</span> <span class='ocrx_word' id='word_1_249' title='bbox 791 3662 890 3718; x_wconf 89' lang='lat' dir='ltr'>ubi</span> <span class='ocrx_word' id='word_1_250' title='bbox 942 3665 1264 3718; x_wconf 88' lang='lat' dir='ltr'>necessitas</span> <span class='ocrx_word' id='word_1_251' title='bbox 1313 3665 1692 3735; x_wconf 90' lang='lat' dir='ltr'>postulasset,</span> <span class='ocrx_word' id='word_1_252' title='bbox 1743 3684 1914 3738; x_wconf 89' lang='lat' dir='ltr'>opem</span> <span class='ocrx_word' id='word_1_253' title='bbox 1973 3669 2202 3726; x_wconf 87' lang='lat' dir='ltr'>laturis.</span> 
     </span>
    </p>
   </div>
   <div class='ocr_carea' id='block_1_42' title="bbox 559 3753 2204 3829">
    <p class='ocr_par' dir='ltr' id='par_1_42' title="bbox 559 3753 2204 3829">
     <span class='ocr_line' id='line_1_42' title="bbox 559 3753 2204 3829; baseline 0.005 -22"><span class='ocrx_word' id='word_1_254' title='bbox 559 3753 721 3808; x_wconf 85' lang='lat' dir='ltr'>Multi</span> <span class='ocrx_word' id='word_1_255' title='bbox 753 3760 1107 3808; x_wconf 88' lang='lat' dir='ltr'>nocturnum</span> <span class='ocrx_word' id='word_1_256' title='bbox 1139 3753 1364 3808; x_wconf 89' lang='lat' dir='ltr'>bellum</span> <span class='ocrx_word' id='word_1_257' title='bbox 1392 3755 1626 3810; x_wconf 88' lang='lat' dir='ltr'>suaderi</span> <span class='ocrx_word' id='word_1_258' title='bbox 1667 3756 1740 3811; x_wconf 89' lang='lat' dir='ltr'>ab</span> <span class='ocrx_word' id='word_1_259' title='bbox 1791 3774 1859 3812; x_wconf 94' lang='lat' dir='ltr'>eo</span> <span class='ocrx_word' id='word_1_260' title='bbox 1908 3759 2204 3829; x_wconf 85' lang='lat' dir='ltr'>dicebant,</span> 
     </span>
    </p>
   </div>
   <div class='ocr_carea' id='block_1_43' title="bbox 557 3843 2204 3921">
    <p class='ocr_par' dir='ltr' id='par_1_43' title="bbox 557 3843 2204 3921">
     <span class='ocr_line' id='line_1_43' title="bbox 557 3843 2204 3921; baseline 0.006 -26"><span class='ocrx_word' id='word_1_261' title='bbox 557 3846 623 3895; x_wconf 94' lang='lat' dir='ltr'>ut</span> <span class='ocrx_word' id='word_1_262' title='bbox 670 3843 1070 3896; x_wconf 78' lang='lat' dir='ltr'>Romanorum</span> <span class='ocrx_word' id='word_1_263' title='bbox 1119 3843 1368 3914; x_wconf 87' lang='lat' dir='ltr'>gloriam</span> <span class='ocrx_word' id='word_1_264' title='bbox 1417 3860 1585 3898; x_wconf 90' lang='lat' dir='ltr'>suam</span> <span class='ocrx_word' id='word_1_265' title='bbox 1637 3846 1896 3914; x_wconf 88' lang='lat' dir='ltr'>faceret;</span> <span class='ocrx_word' id='word_1_266' title='bbox 1953 3848 2204 3921; x_wconf 91' lang='lat' dir='ltr'>ideoque</span> 
     </span>
    </p>
   </div>
   <div class='ocr_carea' id='block_1_44' title="bbox 555 3932 2205 4007">
    <p class='ocr_par' dir='ltr' id='par_1_44' title="bbox 555 3932 2205 4007">
     <span class='ocr_line' id='line_1_44' title="bbox 555 3932 2205 4007; baseline 0.005 -21"><span class='ocrx_word' id='word_1_267' title='bbox 555 3932 889 4001; x_wconf 87' lang='lat' dir='ltr'>improbato</span> <span class='ocrx_word' id='word_1_268' title='bbox 922 3932 1049 4003; x_wconf 89' lang='lat' dir='ltr'>ejus</span> <span class='ocrx_word' id='word_1_269' title='bbox 1079 3933 1350 3999; x_wconf 91' lang='lat' dir='ltr'>consilio,</span> <span class='ocrx_word' id='word_1_270' title='bbox 1399 3933 1722 4005; x_wconf 88' lang='lat' dir='ltr'>imperator</span> <span class='ocrx_word' id='word_1_271' title='bbox 1773 3943 1976 4007; x_wconf 88' lang='lat' dir='ltr'>aperto</span> <span class='ocrx_word' id='word_1_272' title='bbox 2025 3941 2205 3995; x_wconf 90' lang='lat' dir='ltr'>Marte</span> 
     </span>
    </p>
   </div>
   <div class='ocr_carea' id='block_1_45' title="bbox 555 4022 2204 4097">
    <p class='ocr_par' dir='ltr' id='par_1_45' title="bbox 555 4022 2204 4097">
     <span class='ocr_line' id='line_1_45' title="bbox 555 4022 2204 4097; baseline 0.005 -21"><span class='ocrx_word' id='word_1_273' title='bbox 555 4022 819 4077; x_wconf 90' lang='lat' dir='ltr'>interdiu</span> <span class='ocrx_word' id='word_1_274' title='bbox 852 4023 1057 4076; x_wconf 86' lang='lat' dir='ltr'>statuit</span> <span class='ocrx_word' id='word_1_275' title='bbox 1113 4039 1246 4077; x_wconf 90' lang='lat' dir='ltr'>cum</span> <span class='ocrx_word' id='word_1_276' title='bbox 1299 4023 1466 4078; x_wconf 92' lang='lat' dir='ltr'>hoste</span> <span class='ocrx_word' id='word_1_277' title='bbox 1522 4024 1860 4097; x_wconf 83' lang='lat' dir='ltr'>confligere.</span> <span class='ocrx_word' id='word_1_278' title='bbox 1913 4028 2204 4084; x_wconf 70' lang='lat' dir='ltr'>Cmterum</span> 
     </span>
    </p>
   </div>
   <div class='ocr_carea' id='block_1_46' title="bbox 555 4112 2202 4185">
    <p class='ocr_par' dir='ltr' id='par_1_46' title="bbox 555 4112 2202 4185">
     <span class='ocr_line' id='line_1_46' title="bbox 555 4112 2202 4185; baseline 0.005 -20"><span class='ocrx_word' id='word_1_279' title='bbox 555 4112 884 4182; x_wconf 86' lang='lat' dir='ltr'>Impraelus</span> <span class='ocrx_word' id='word_1_280' title='bbox 914 4128 1346 4178; x_wconf 89' lang='lat' dir='ltr'>amermumna,</span> <span class='ocrx_word' id='word_1_281' title='bbox 1375 4115 1711 4185; x_wconf 89' lang='lat' dir='ltr'>arrogantia</span> <span class='ocrx_word' id='word_1_282' title='bbox 1743 4115 1954 4172; x_wconf 89' lang='lat' dir='ltr'>ductus</span> <span class='ocrx_word' id='word_1_283' title='bbox 1984 4135 2058 4173; x_wconf 86' lang='lat' dir='ltr'>an</span> <span class='ocrx_word' id='word_1_284' title='bbox 2091 4120 2202 4174; x_wconf 91' lang='lat' dir='ltr'>im-</span> 
     </span>
    </p>
   </div>
   <div class='ocr_carea' id='block_1_47' title="bbox 554 4202 2202 4274">
    <p class='ocr_par' dir='ltr' id='par_1_47' title="bbox 554 4202 2202 4274">
     <span class='ocr_line' id='line_1_47' title="bbox 554 4202 2202 4274; baseline 0.005 -20"><span class='ocrx_word' id='word_1_285' title='bbox 554 4203 846 4270; x_wconf 88' lang='lat' dir='ltr'>peratoris</span> <span class='ocrx_word' id='word_1_286' title='bbox 878 4208 1041 4256; x_wconf 92' lang='lat' dir='ltr'>metu</span> <span class='ocrx_word' id='word_1_287' title='bbox 1073 4202 1388 4267; x_wconf 86' lang='lat' dir='ltr'>incertum,</span> <span class='ocrx_word' id='word_1_288' title='bbox 1423 4219 1557 4257; x_wconf 91' lang='lat' dir='ltr'>cum</span> <span class='ocrx_word' id='word_1_289' title='bbox 1592 4209 1756 4274; x_wconf 87' lang='lat' dir='ltr'>parte</span> <span class='ocrx_word' id='word_1_290' title='bbox 1780 4207 2076 4262; x_wconf 83' lang='lat' dir='ltr'>exercitus</span> <span class='ocrx_word' id='word_1_291' title='bbox 2111 4209 2202 4263; x_wconf 89' lang='lat' dir='ltr'>sui</span> 
     </span>
    </p>
   </div>
   <div class='ocr_carea' id='block_1_48' title="bbox 556 4289 2204 4368">
    <p class='ocr_par' dir='ltr' id='par_1_48' title="bbox 556 4289 2204 4368">
     <span class='ocr_line' id='line_1_48' title="bbox 556 4289 2204 4368; baseline 0.007 -26"><span class='ocrx_word' id='word_1_292' title='bbox 556 4289 848 4353; x_wconf 86' lang='lat' dir='ltr'>discessit,</span> <span class='ocrx_word' id='word_1_293' title='bbox 875 4291 1082 4344; x_wconf 89' lang='lat' dir='ltr'>relicto</span> <span class='ocrx_word' id='word_1_294' title='bbox 1133 4308 1268 4346; x_wconf 89' lang='lat' dir='ltr'>cum</span> <span class='ocrx_word' id='word_1_295' title='bbox 1321 4292 1619 4364; x_wconf 88' lang='lat' dir='ltr'>octoginta</span> <span class='ocrx_word' id='word_1_296' title='bbox 1669 4293 1935 4350; x_wconf 89' lang='lat' dir='ltr'>millibus</span> <span class='ocrx_word' id='word_1_297' title='bbox 1983 4296 2058 4351; x_wconf 86' lang='lat' dir='ltr'>ad</span> <span class='ocrx_word' id='word_1_298' title='bbox 2101 4315 2204 4368; x_wconf 90' lang='lat' dir='ltr'>pu-</span> 
     </span>
    </p>
   </div>
   <div class='ocr_carea' id='block_1_49' title="bbox 554 4379 2198 4450">
    <p class='ocr_par' dir='ltr' id='par_1_49' title="bbox 554 4379 2198 4450">
     <span class='ocr_line' id='line_1_49' title="bbox 554 4379 2198 4450; baseline 0.007 -19"><span class='ocrx_word' id='word_1_299' title='bbox 554 4394 728 4448; x_wconf 82' lang='lat' dir='ltr'>gnam</span> <span class='ocrx_word' id='word_1_300' title='bbox 763 4379 1136 4435; x_wconf 82' lang='lat' dir='ltr'>Abuzachare</span> <span class='ocrx_word' id='word_1_301' title='bbox 1168 4381 1424 4450; x_wconf 90' lang='lat' dir='ltr'>quodam</span> <span class='ocrx_word' id='word_1_302' title='bbox 1460 4399 1702 4438; x_wconf 90' lang='lat' dir='ltr'>suorum</span> <span class='ocrx_word' id='word_1_303' title='bbox 1739 4384 1978 4442; x_wconf 90' lang='lat' dir='ltr'>ducum.</span> <span class='ocrx_word' id='word_1_304' title='bbox 2029 4388 2198 4442; x_wconf 91' lang='lat' dir='ltr'>Com-</span> 
     </span>
    </p>
   </div>
   <div class='ocr_carea' id='block_1_50' title="bbox 555 4466 2194 4543">
    <p class='ocr_par' dir='ltr' id='par_1_50' title="bbox 555 4466 2194 4543">
     <span class='ocr_line' id='line_1_50' title="bbox 555 4466 2194 4543; baseline 0.007 -22"><span class='ocrx_word' id='word_1_305' title='bbox 555 4466 736 4521; x_wconf 92' lang='lat' dir='ltr'>misso</span> <span class='ocrx_word' id='word_1_306' title='bbox 767 4468 993 4537; x_wconf 66' lang='lat' dir='ltr'>praelia,</span> <span class='ocrx_word' id='word_1_307' title='bbox 1044 4485 1178 4522; x_wconf 92' lang='lat' dir='ltr'>cum</span> <span class='ocrx_word' id='word_1_308' title='bbox 1247 4470 1526 4540; x_wconf 90' lang='lat' dir='ltr'>utrinque</span> <span class='ocrx_word' id='word_1_309' title='bbox 1586 4473 1760 4527; x_wconf 90' lang='lat' dir='ltr'>multi</span> <span class='ocrx_word' id='word_1_310' title='bbox 1819 4475 2194 4543; x_wconf 87' lang='lat' dir='ltr'>cecidissent,</span> 
     </span>
    </p>
   </div>
   <div class='ocr_carea' id='block_1_51' title="bbox 2317 546 3912 626">
    <p class='ocr_par' dir='ltr' id='par_1_51' title="bbox 2317 546 3912 626">
     <span class='ocr_line' id='line_1_51' title="bbox 2317 546 3912 626; baseline 0.005 -27"><span class='ocrx_word' id='word_1_311' title='bbox 2317 551 2433 607; x_wconf 82' lang='grc' dir='ltr'>τοῖς</span> <span class='ocrx_word' id='word_1_312' title='bbox 2467 546 2746 616; x_wconf 72' lang='grc' dir='ltr'>ἐναντίοις,</span> <span class='ocrx_word' id='word_1_313' title='bbox 2777 552 2874 602; x_wconf 76' lang='grc' dir='ltr'>τοῦ</span> <span class='ocrx_word' id='word_1_314' title='bbox 2907 549 3138 623; x_wconf 84' lang='grc' dir='ltr'>στρατοῦ</span> <span class='ocrx_word' id='word_1_315' title='bbox 3192 553 3301 604; x_wconf 87' lang='grc' dir='ltr'>τῶν</span> <span class='ocrx_word' id='word_1_316' title='bbox 3347 547 3720 605; x_wconf 75' lang='grc' dir='ltr'>Ἀνατολικῶν</span> <span class='ocrx_word' id='word_1_317' title='bbox 3762 555 3912 626; x_wconf 66' lang='grc' dir='ltr'>κατάρα</span> 
     </span>
    </p>
   </div>
   <div class='ocr_carea' id='block_1_52' title="bbox 2323 633 3915 712">
    <p class='ocr_par' dir='ltr' id='par_1_52' title="bbox 2323 633 3915 712">
     <span class='ocr_line' id='line_1_52' title="bbox 2323 633 3915 712; baseline 0.004 -24"><span class='ocrx_word' id='word_1_318' title='bbox 2323 636 2412 704; x_wconf 83' lang='grc' dir='ltr'>ξας</span> <span class='ocrx_word' id='word_1_319' title='bbox 2439 633 2527 689; x_wconf 81' lang='grc' dir='ltr'>ἐπὶ</span> <span class='ocrx_word' id='word_1_320' title='bbox 2559 641 2654 691; x_wconf 71' lang='grc' dir='ltr'>τοῦ</span> <span class='ocrx_word' id='word_1_321' title='bbox 2687 636 2936 704; x_wconf 78' lang='grc' dir='ltr'>Λέοντος,</span> <span class='ocrx_word' id='word_1_322' title='bbox 2969 636 3057 691; x_wconf 86' lang='grc' dir='ltr'>καὶ</span> <span class='ocrx_word' id='word_1_323' title='bbox 3090 641 3190 692; x_wconf 81' lang='grc' dir='ltr'>τοῦ</span> <span class='ocrx_word' id='word_1_324' title='bbox 3222 639 3325 710; x_wconf 84' lang='grc' dir='ltr'>πρὸ</span> <span class='ocrx_word' id='word_1_325' title='bbox 3373 637 3545 692; x_wconf 76' lang='grc' dir='ltr'>αὐτοῦ</span> <span class='ocrx_word' id='word_1_326' title='bbox 3600 639 3814 712; x_wconf 67' lang='grc' dir='ltr'>Μιχαὴλ</span> <span class='ocrx_word' id='word_1_327' title='bbox 3853 642 3915 695; x_wconf 71' lang='grc' dir='ltr'>ἱπ-</span> 
     </span>
    </p>
   </div>
   <div class='ocr_carea' id='block_1_53' title="bbox 2318 725 3920 804">
    <p class='ocr_par' dir='ltr' id='par_1_53' title="bbox 2318 725 3920 804">
     <span class='ocr_line' id='line_1_53' title="bbox 2318 725 3920 804; baseline 0.004 -27"><span class='ocrx_word' id='word_1_328' title='bbox 2318 725 2578 797; x_wconf 84' lang='grc' dir='ltr'>ποκόμων</span> <span class='ocrx_word' id='word_1_329' title='bbox 2627 726 2654 780; x_wconf 89' lang='lat'>6</span> <span class='ocrx_word' id='word_1_330' title='bbox 2701 727 2916 797; x_wconf 74' lang='grc' dir='ltr'>πρῶτος</span> <span class='ocrx_word' id='word_1_331' title='bbox 2965 727 3274 802; x_wconf 86' lang='grc' dir='ltr'>γενόμενος·</span> <span class='ocrx_word' id='word_1_332' title='bbox 3329 728 3788 804; x_wconf 65' lang='grc' dir='ltr'>πρωτοπράτορα</span> <span class='ocrx_word' id='word_1_333' title='bbox 3825 735 3920 784; x_wconf 76' lang='lat'>105-</span> 
     </span>
    </p>
   </div>
   <div class='ocr_carea' id='block_1_54' title="bbox 2313 813 3916 894">
    <p class='ocr_par' dir='ltr' id='par_1_54' title="bbox 2313 813 3916 894">
     <span class='ocr_line' id='line_1_54' title="bbox 2313 813 3916 894; baseline 0 -24"><span class='ocrx_word' id='word_1_334' title='bbox 2313 815 2406 870; x_wconf 87' lang='grc' dir='ltr'>τόν</span> <span class='ocrx_word' id='word_1_335' title='bbox 2431 837 2580 894; x_wconf 83' lang='grc' dir='ltr'>φασι.</span> <span class='ocrx_word' id='word_1_336' title='bbox 2611 815 2860 886; x_wconf 82' lang='grc' dir='ltr'>Δηλώσει</span> <span class='ocrx_word' id='word_1_337' title='bbox 2893 815 2950 872; x_wconf 76' lang='grc' dir='ltr'>δὲ</span> <span class='ocrx_word' id='word_1_338' title='bbox 2977 818 3066 872; x_wconf 83' lang='grc' dir='ltr'>καὶ</span> <span class='ocrx_word' id='word_1_339' title='bbox 3115 818 3208 872; x_wconf 90' lang='grc' dir='ltr'>τὸν</span> <span class='ocrx_word' id='word_1_340' title='bbox 3256 813 3540 894; x_wconf 72' lang='grc' dir='ltr'>Θεόφοόον</span> <span class='ocrx_word' id='word_1_341' title='bbox 3575 820 3602 872; x_wconf 89' lang='lat'>6</span> <span class='ocrx_word' id='word_1_342' title='bbox 3633 816 3806 894; x_wconf 87' lang='grc' dir='ltr'>λόγος,</span> <span class='ocrx_word' id='word_1_343' title='bbox 3833 821 3916 873; x_wconf 75' lang='grc' dir='ltr'>ὅθεν</span> 
     </span>
    </p>
   </div>
   <div class='ocr_carea' id='block_1_55' title="bbox 2317 904 3919 982">
    <p class='ocr_par' dir='ltr' id='par_1_55' title="bbox 2317 904 3919 982">
     <span class='ocr_line' id='line_1_55' title="bbox 2317 904 3919 982; baseline 0.003 -25"><span class='ocrx_word' id='word_1_344' title='bbox 2317 925 2382 958; x_wconf 89' lang='grc' dir='ltr'>τε</span> <span class='ocrx_word' id='word_1_345' title='bbox 2408 905 2497 958; x_wconf 82' lang='grc' dir='ltr'>καὶ</span> <span class='ocrx_word' id='word_1_346' title='bbox 2529 905 2679 969; x_wconf 81' lang='grc' dir='ltr'>ὅπως</span> <span class='ocrx_word' id='word_1_347' title='bbox 2708 904 2767 960; x_wconf 91' lang='grc' dir='ltr'>ἐκ</span> <span class='ocrx_word' id='word_1_348' title='bbox 2792 911 3010 980; x_wconf 80' lang='grc' dir='ltr'>Περσῶν</span> <span class='ocrx_word' id='word_1_349' title='bbox 3043 907 3418 982; x_wconf 74' lang='grc' dir='ltr'>καταγόμενος</span> <span class='ocrx_word' id='word_1_350' title='bbox 3480 912 3562 978; x_wconf 81' lang='grc' dir='ltr'>τῷ</span> <span class='ocrx_word' id='word_1_351' title='bbox 3617 905 3817 980; x_wconf 84' lang='grc' dir='ltr'>βασιλεῖ</span> <span class='ocrx_word' id='word_1_352' title='bbox 3854 909 3919 980; x_wconf 79' lang='grc' dir='ltr'>γὲ-</span> 
     </span>
    </p>
   </div>
   <div class='ocr_carea' id='block_1_56' title="bbox 2317 991 3918 1072">
    <p class='ocr_par' dir='ltr' id='par_1_56' title="bbox 2317 991 3918 1072">
     <span class='ocr_line' id='line_1_56' title="bbox 2317 991 3918 1072; baseline 0 -25"><span class='ocrx_word' id='word_1_353' title='bbox 2317 1013 2443 1066; x_wconf 85' lang='grc' dir='ltr'>γονε</span> <span class='ocrx_word' id='word_1_354' title='bbox 2497 994 2779 1069; x_wconf 84' lang='grc' dir='ltr'>γνώριμος</span> <span class='ocrx_word' id='word_1_355' title='bbox 2840 994 2930 1048; x_wconf 85' lang='grc' dir='ltr'>καὶ</span> <span class='ocrx_word' id='word_1_356' title='bbox 2969 997 3068 1065; x_wconf 78' lang='grc' dir='ltr'>τὴν</span> <span class='ocrx_word' id='word_1_357' title='bbox 3123 991 3364 1072; x_wconf 76' lang='grc' dir='ltr'>ἀδελφὴν</span> <span class='ocrx_word' id='word_1_358' title='bbox 3431 995 3601 1049; x_wconf 79' lang='grc' dir='ltr'>αὐτοῦ</span> <span class='ocrx_word' id='word_1_359' title='bbox 3661 994 3732 1056; x_wconf 87' lang='grc' dir='ltr'>ε’ς</span> <span class='ocrx_word' id='word_1_360' title='bbox 3783 995 3918 1070; x_wconf 73' lang='grc' dir='ltr'>γάμον</span> 
     </span>
    </p>
   </div>
   <div class='ocr_carea' id='block_1_57' title="bbox 2318 1077 3921 1159">
    <p class='ocr_par' dir='ltr' id='par_1_57' title="bbox 2318 1077 3921 1159">
     <span class='ocr_line' id='line_1_57' title="bbox 2318 1077 3921 1159; baseline 0.001 -24"><span class='ocrx_word' id='word_1_361' title='bbox 2318 1082 2622 1155; x_wconf 79' lang='grc' dir='ltr'>ἡρμόσατο.</span> <span class='ocrx_word' id='word_1_362' title='bbox 2653 1083 2749 1144; x_wconf 82' lang='grc' dir='ltr'>Εἰς</span> <span class='ocrx_word' id='word_1_363' title='bbox 2783 1077 3069 1159; x_wconf 78' lang='grc' dir='ltr'>πρεσϐείαν</span> <span class='ocrx_word' id='word_1_364' title='bbox 3099 1084 3183 1147; x_wconf 90' lang='grc' dir='ltr'>τίς</span> <span class='ocrx_word' id='word_1_365' title='bbox 3209 1104 3339 1138; x_wconf 89' lang='grc' dir='ltr'>ποτε</span> <span class='ocrx_word' id='word_1_366' title='bbox 3386 1089 3502 1139; x_wconf 89' lang='grc' dir='ltr'>τῶν</span> <span class='ocrx_word' id='word_1_367' title='bbox 3564 1083 3625 1138; x_wconf 86' lang='grc' dir='ltr'>ἐκ</span> <span class='ocrx_word' id='word_1_368' title='bbox 3681 1083 3921 1157; x_wconf 73' lang='grc' dir='ltr'>βασιλικῆς</span> 
     </span>
    </p>
   </div>
   <div class='ocr_carea' id='block_1_58' title="bbox 2320 1173 3920 1252">
    <p class='ocr_par' dir='ltr' id='par_1_58' title="bbox 2320 1173 3920 1252">
     <span class='ocr_line' id='line_1_58' title="bbox 2320 1173 3920 1252; baseline 0.001 -27"><span class='ocrx_word' id='word_1_369' title='bbox 2320 1176 2499 1246; x_wconf 80' lang='grc' dir='ltr'>σειρᾶς</span> <span class='ocrx_word' id='word_1_370' title='bbox 2563 1178 2780 1248; x_wconf 84' lang='grc' dir='ltr'>Περσῶν</span> <span class='ocrx_word' id='word_1_371' title='bbox 2839 1174 3173 1252; x_wconf 77' lang='grc' dir='ltr'>ἀφικόμενος</span> <span class='ocrx_word' id='word_1_372' title='bbox 3231 1173 3307 1238; x_wconf 75' lang='grc' dir='ltr'>εἰς</span> <span class='ocrx_word' id='word_1_373' title='bbox 3369 1175 3477 1243; x_wconf 78' lang='grc' dir='ltr'>τὴν</span> <span class='ocrx_word' id='word_1_374' title='bbox 3529 1176 3920 1230; x_wconf 77' lang='grc' dir='ltr'>Κωνσταντινού-</span> 
     </span>
    </p>
   </div>
   <div class='ocr_carea' id='block_1_59' title="bbox 2318 1260 3920 1342">
    <p class='ocr_par' dir='ltr' id='par_1_59' title="bbox 2318 1260 3920 1342">
     <span class='ocr_line' id='line_1_59' title="bbox 2318 1260 3920 1342; baseline 0 -26"><span class='ocrx_word' id='word_1_375' title='bbox 2318 1261 2504 1330; x_wconf 85' lang='grc' dir='ltr'>πολιν,</span> <span class='ocrx_word' id='word_1_376' title='bbox 2539 1261 2638 1317; x_wconf 84' lang='grc' dir='ltr'>οὐκ</span> <span class='ocrx_word' id='word_1_377' title='bbox 2690 1262 2748 1318; x_wconf 87' lang='grc' dir='ltr'>ἐκ</span> <span class='ocrx_word' id='word_1_378' title='bbox 2776 1263 3018 1336; x_wconf 77' lang='grc' dir='ltr'>νομίμου</span> <span class='ocrx_word' id='word_1_379' title='bbox 3050 1264 3336 1342; x_wconf 82' lang='grc' dir='ltr'>συναφείας</span> <span class='ocrx_word' id='word_1_380' title='bbox 3391 1263 3456 1318; x_wconf 81' lang='grc' dir='ltr'>ἐκ</span> <span class='ocrx_word' id='word_1_381' title='bbox 3507 1263 3760 1337; x_wconf 79' lang='grc' dir='ltr'>λαθραίας</span> <span class='ocrx_word' id='word_1_382' title='bbox 3788 1260 3836 1317; x_wconf 73' lang='grc' dir='ltr'><em>δὲ</em></span> <span class='ocrx_word' id='word_1_383' title='bbox 3858 1263 3920 1316; x_wconf 68' lang='grc' dir='ltr'>καὶ</span> 
     </span>
    </p>
   </div>
   <div class='ocr_carea' id='block_1_60' title="bbox 2321 1351 3923 1426">
    <p class='ocr_par' dir='ltr' id='par_1_60' title="bbox 2321 1351 3923 1426">
     <span class='ocr_line' id='line_1_60' title="bbox 2321 1351 3923 1426; baseline 0 -21"><span class='ocrx_word' id='word_1_384' title='bbox 2321 1351 2552 1426; x_wconf 76' lang='grc' dir='ltr'>κρυφίοις</span> <span class='ocrx_word' id='word_1_385' title='bbox 2583 1357 2777 1407; x_wconf 82' lang='grc' dir='ltr'>τοῦτον</span> <span class='ocrx_word' id='word_1_386' title='bbox 2810 1353 3090 1408; x_wconf 82' lang='grc' dir='ltr'>ἀποτεκὼν</span> <span class='ocrx_word' id='word_1_387' title='bbox 3148 1351 3532 1426; x_wconf 75' lang='grc' dir='ltr'>ἀπεδήμησεν.</span> <span class='ocrx_word' id='word_1_388' title='bbox 3582 1355 3724 1409; x_wconf 79' lang='grc' dir='ltr'>Ἐπεὶ</span> <span class='ocrx_word' id='word_1_389' title='bbox 3770 1351 3821 1406; x_wconf 73' lang='grc' dir='ltr'>δὲ</span> <span class='ocrx_word' id='word_1_390' title='bbox 3856 1355 3923 1405; x_wconf 84' lang='grc' dir='ltr'>νό-</span> 
     </span>
    </p>
   </div>
   <div class='ocr_carea' id='block_1_61' title="bbox 2323 1436 3924 1516">
    <p class='ocr_par' dir='ltr' id='par_1_61' title="bbox 2323 1436 3924 1516">
     <span class='ocr_line' id='line_1_61' title="bbox 2323 1436 3924 1516; baseline -0.001 -22"><span class='ocrx_word' id='word_1_391' title='bbox 2323 1461 2425 1512; x_wconf 90' lang='grc' dir='ltr'>μος</span> <span class='ocrx_word' id='word_1_392' title='bbox 2453 1436 2801 1516; x_wconf 79' lang='grc' dir='ltr'>ἀπαράϐατος</span> <span class='ocrx_word' id='word_1_393' title='bbox 2827 1447 2943 1502; x_wconf 88' lang='grc' dir='ltr'>τοῖς</span> <span class='ocrx_word' id='word_1_394' title='bbox 2985 1438 3216 1516; x_wconf 81' lang='grc' dir='ltr'>Πέρσαις</span> <span class='ocrx_word' id='word_1_395' title='bbox 3259 1440 3377 1498; x_wconf 81' lang='grc' dir='ltr'>ἐστὶ</span> <span class='ocrx_word' id='word_1_396' title='bbox 3431 1444 3512 1515; x_wconf 79' lang='grc' dir='ltr'>μή</span> <span class='ocrx_word' id='word_1_397' title='bbox 3558 1461 3674 1495; x_wconf 88' lang='grc' dir='ltr'>τινα</span> <span class='ocrx_word' id='word_1_398' title='bbox 3719 1447 3808 1508; x_wconf 80' lang='grc' dir='ltr'>τῆς</span> <span class='ocrx_word' id='word_1_399' title='bbox 3852 1442 3924 1493; x_wconf 78' lang='grc' dir='ltr'>αύ-</span> 
     </span>
    </p>
   </div>
   <div class='ocr_carea' id='block_1_62' title="bbox 2315 1526 3922 1608">
    <p class='ocr_par' dir='ltr' id='par_1_62' title="bbox 2315 1526 3922 1608">
     <span class='ocr_line' id='line_1_62' title="bbox 2315 1526 3922 1608; baseline -0.001 -26"><span class='ocrx_word' id='word_1_400' title='bbox 2315 1533 2423 1583; x_wconf 88' lang='grc' dir='ltr'>τῶν</span> <span class='ocrx_word' id='word_1_401' title='bbox 2451 1528 2632 1608; x_wconf 82' lang='grc' dir='ltr'>ἀρχῆς</span> <span class='ocrx_word' id='word_1_402' title='bbox 2664 1529 2897 1605; x_wconf 79' lang='grc' dir='ltr'>ἐγκρατῆ</span> <span class='ocrx_word' id='word_1_403' title='bbox 2958 1529 3203 1606; x_wconf 82' lang='grc' dir='ltr'>γενέσθαι</span> <span class='ocrx_word' id='word_1_404' title='bbox 3257 1533 3332 1602; x_wconf 81' lang='grc' dir='ltr'>μή</span> <span class='ocrx_word' id='word_1_405' title='bbox 3387 1538 3494 1600; x_wconf 86' lang='grc' dir='ltr'>τῆς</span> <span class='ocrx_word' id='word_1_406' title='bbox 3548 1527 3818 1604; x_wconf 70' lang='grc' dir='ltr'>βασιλικῆς</span> <span class='ocrx_word' id='word_1_407' title='bbox 3858 1526 3922 1581; x_wconf 73' lang='grc' dir='ltr'>ὂν-</span> 
     </span>
    </p>
   </div>
   <div class='ocr_carea' id='block_1_63' title="bbox 2316 1616 3922 1698">
    <p class='ocr_par' dir='ltr' id='par_1_63' title="bbox 2316 1616 3922 1698">
     <span class='ocr_line' id='line_1_63' title="bbox 2316 1616 3922 1698; baseline 0 -29"><span class='ocrx_word' id='word_1_408' title='bbox 2316 1637 2382 1670; x_wconf 85' lang='grc' dir='ltr'>τα</span> <span class='ocrx_word' id='word_1_409' title='bbox 2423 1622 2626 1692; x_wconf 83' lang='grc' dir='ltr'>σειρᾶς,</span> <span class='ocrx_word' id='word_1_410' title='bbox 2659 1617 2906 1687; x_wconf 71' lang='grc' dir='ltr'>ἐξέλιπον</span> <span class='ocrx_word' id='word_1_411' title='bbox 2941 1616 2997 1674; x_wconf 76' lang='grc' dir='ltr'>δὲ</span> <span class='ocrx_word' id='word_1_412' title='bbox 3038 1619 3096 1674; x_wconf 86' lang='grc' dir='ltr'>ἐκ</span> <span class='ocrx_word' id='word_1_413' title='bbox 3123 1624 3231 1674; x_wconf 62' lang='grc' dir='ltr'>τῶν</span> <span class='ocrx_word' id='word_1_414' title='bbox 3266 1625 3518 1698; x_wconf 86' lang='grc' dir='ltr'>συνεχῶν</span> <span class='ocrx_word' id='word_1_415' title='bbox 3553 1616 3798 1689; x_wconf 78' lang='grc' dir='ltr'>πολέμων</span> <span class='ocrx_word' id='word_1_416' title='bbox 3847 1617 3922 1670; x_wconf 75' lang='grc' dir='ltr'>ὑπὸ</span> 
     </span>
    </p>
   </div>
   <div class='ocr_carea' id='block_1_64' title="bbox 2317 1707 3918 1784">
    <p class='ocr_par' dir='ltr' id='par_1_64' title="bbox 2317 1707 3918 1784">
     <span class='ocr_line' id='line_1_64' title="bbox 2317 1707 3918 1784; baseline 0.003 -25"><span class='ocrx_word' id='word_1_417' title='bbox 2317 1711 2426 1759; x_wconf 87' lang='grc' dir='ltr'>τῶν</span> <span class='ocrx_word' id='word_1_418' title='bbox 2457 1709 2776 1780; x_wconf 77' lang='grc' dir='ltr'>’Δγαρηνῶν</span> <span class='ocrx_word' id='word_1_419' title='bbox 2830 1707 3109 1769; x_wconf 84' lang='grc' dir='ltr'>ἐλαθέντες</span> <span class='ocrx_word' id='word_1_420' title='bbox 3157 1709 3208 1762; x_wconf 74' lang='grc' dir='ltr'>οἱ</span> <span class='ocrx_word' id='word_1_421' title='bbox 3267 1715 3368 1778; x_wconf 79' lang='grc' dir='ltr'>τῆς</span> <span class='ocrx_word' id='word_1_422' title='bbox 3429 1707 3719 1784; x_wconf 79' lang='grc' dir='ltr'>βασιλικῆς</span> <span class='ocrx_word' id='word_1_423' title='bbox 3763 1711 3918 1780; x_wconf 71' lang='grc' dir='ltr'>σειρᾶς.</span> 
     </span>
    </p>
   </div>
   <div class='ocr_carea' id='block_1_65' title="bbox 2317 1791 3919 1872">
    <p class='ocr_par' dir='ltr' id='par_1_65' title="bbox 2317 1791 3919 1872">
     <span class='ocr_line' id='line_1_65' title="bbox 2317 1791 3919 1872; baseline -0.002 -24"><span class='ocrx_word' id='word_1_424' title='bbox 2317 1799 2504 1848; x_wconf 77' lang='grc' dir='ltr'>τοῦτον</span> <span class='ocrx_word' id='word_1_425' title='bbox 2538 1797 2629 1849; x_wconf 85' lang='grc' dir='ltr'>τὸν</span> <span class='ocrx_word' id='word_1_426' title='bbox 2659 1791 2932 1871; x_wconf 76' lang='grc' dir='ltr'>Θεόφοϐον</span> <span class='ocrx_word' id='word_1_427' title='bbox 2964 1795 3237 1858; x_wconf 77' lang='grc' dir='ltr'>πολλάκις</span> <span class='ocrx_word' id='word_1_428' title='bbox 3279 1798 3623 1872; x_wconf 81' lang='grc' dir='ltr'>ὁρμήσαντες</span> <span class='ocrx_word' id='word_1_429' title='bbox 3677 1797 3724 1848; x_wconf 70' lang='grc' dir='ltr'>οἱ</span> <span class='ocrx_word' id='word_1_430' title='bbox 3769 1797 3919 1862; x_wconf 62' lang='grc' dir='ltr'>Πέρσαι</span> 
     </span>
    </p>
   </div>
   <div class='ocr_carea' id='block_1_66' title="bbox 2323 1882 3916 1959">
    <p class='ocr_par' dir='ltr' id='par_1_66' title="bbox 2323 1882 3916 1959">
     <span class='ocr_line' id='line_1_66' title="bbox 2323 1882 3916 1959; baseline -0.002 -21"><span class='ocrx_word' id='word_1_431' title='bbox 2323 1882 2680 1939; x_wconf 78' lang='grc' dir='ltr'>ἀναλαϐέσθαι</span> <span class='ocrx_word' id='word_1_432' title='bbox 2711 1884 2820 1940; x_wconf 79' lang='grc' dir='ltr'>ἀπὸ</span> <span class='ocrx_word' id='word_1_433' title='bbox 2879 1886 3514 1949; x_wconf 87' lang='grc' dir='ltr'>Κωνσταντινουπόλεως</span> <span class='ocrx_word' id='word_1_434' title='bbox 3564 1891 3659 1941; x_wconf 78' lang='grc' dir='ltr'>τοῦ</span> <span class='ocrx_word' id='word_1_435' title='bbox 3706 1883 3916 1959; x_wconf 78' lang='grc' dir='ltr'>βασιλιῦ-</span> 
     </span>
    </p>
   </div>
   <div class='ocr_carea' id='block_1_67' title="bbox 2324 1971 3919 2049">
    <p class='ocr_par' dir='ltr' id='par_1_67' title="bbox 2324 1971 3919 2049">
     <span class='ocr_line' id='line_1_67' title="bbox 2324 1971 3919 2049; baseline -0.001 -24"><span class='ocrx_word' id='word_1_436' title='bbox 2324 1993 2410 2026; x_wconf 87' lang='grc' dir='ltr'>σαι</span> <span class='ocrx_word' id='word_1_437' title='bbox 2472 1971 2556 2026; x_wconf 83' lang='grc' dir='ltr'>ἐπ’</span> <span class='ocrx_word' id='word_1_438' title='bbox 2622 1973 2830 2043; x_wconf 83' lang='grc' dir='ltr'>αὐτοῖς,</span> <span class='ocrx_word' id='word_1_439' title='bbox 2885 1977 2971 2045; x_wconf 89' lang='grc' dir='ltr'>[Ρ.</span> <span class='ocrx_word' id='word_1_440' title='bbox 3029 1979 3154 2049; x_wconf 77' lang='grc'>524]</span> <span class='ocrx_word' id='word_1_441' title='bbox 3213 1976 3302 2031; x_wconf 80' lang='grc' dir='ltr'>καὶ</span> <span class='ocrx_word' id='word_1_442' title='bbox 3372 1971 3661 2049; x_wconf 72' lang='grc' dir='ltr'>πρεσϐείαν</span> <span class='ocrx_word' id='word_1_443' title='bbox 3715 1972 3919 2044; x_wconf 72' lang='grc' dir='ltr'>διάφορον</span> 
     </span>
    </p>
   </div>
   <div class='ocr_carea' id='block_1_68' title="bbox 2323 2057 3918 2139">
    <p class='ocr_par' dir='ltr' id='par_1_68' title="bbox 2323 2057 3918 2139">
     <span class='ocr_line' id='line_1_68' title="bbox 2323 2057 3918 2139; baseline -0.013 -9"><span class='ocrx_word' id='word_1_444' title='bbox 2323 2062 2647 2130; x_wconf 65' lang='grc' dir='ltr'>ποιήσαντες</span> <span class='ocrx_word' id='word_1_445' title='bbox 2705 2063 2842 2136; x_wconf 81' lang='grc' dir='ltr'>πρὸς</span> <span class='ocrx_word' id='word_1_446' title='bbox 2900 2061 3191 2139; x_wconf 73' lang='grc' dir='ltr'>Θεόφιλον,</span> <span class='ocrx_word' id='word_1_447' title='bbox 3254 2064 3344 2118; x_wconf 84' lang='grc' dir='ltr'>καὶ</span> <span class='ocrx_word' id='word_1_448' title='bbox 3403 2062 3684 2138; x_wconf 74' lang='grc' dir='ltr'>εἰρηνικὰς</span> <span class='ocrx_word' id='word_1_449' title='bbox 3735 2057 3918 2119; x_wconf 67' lang='grc' dir='ltr'>σπονδὰς</span> 
     </span>
    </p>
   </div>
   <div class='ocr_carea' id='block_1_69' title="bbox 2324 2147 3911 2226">
    <p class='ocr_par' dir='ltr' id='par_1_69' title="bbox 2324 2147 3911 2226">
     <span class='ocr_line' id='line_1_69' title="bbox 2324 2147 3911 2226; baseline -0.002 -24"><span class='ocrx_word' id='word_1_450' title='bbox 2324 2149 2702 2224; x_wconf 84' lang='grc' dir='ltr'>ὑποσχόμενοι</span> <span class='ocrx_word' id='word_1_451' title='bbox 2763 2147 2832 2205; x_wconf 84' lang='grc' dir='ltr'>δι’</span> <span class='ocrx_word' id='word_1_452' title='bbox 2889 2150 3054 2206; x_wconf 77' lang='grc' dir='ltr'>αὑτοῦ</span> <span class='ocrx_word' id='word_1_453' title='bbox 3110 2150 3380 2226; x_wconf 79' lang='grc' dir='ltr'>γενέσθαι,</span> <span class='ocrx_word' id='word_1_454' title='bbox 3447 2152 3552 2207; x_wconf 87' lang='grc' dir='ltr'>οὐκ</span> <span class='ocrx_word' id='word_1_455' title='bbox 3605 2149 3802 2206; x_wconf 68' lang='grc' dir='ltr'>ἕπεισαι</span> <span class='ocrx_word' id='word_1_456' title='bbox 3847 2148 3911 2200; x_wconf 84' lang='grc' dir='ltr'>τὸν</span> 
     </span>
    </p>
   </div>
   <div class='ocr_carea' id='block_1_70' title="bbox 2321 2237 3910 2316">
    <p class='ocr_par' dir='ltr' id='par_1_70' title="bbox 2321 2237 3910 2316">
     <span class='ocr_line' id='line_1_70' title="bbox 2321 2237 3910 2316; baseline -0.003 -23"><span class='ocrx_word' id='word_1_457' title='bbox 2321 2238 2589 2316; x_wconf 75' lang='grc' dir='ltr'>Θεόφιλον</span> <span class='ocrx_word' id='word_1_458' title='bbox 2623 2243 2813 2295; x_wconf 75' lang='grc' dir='ltr'>τοῦτον</span> <span class='ocrx_word' id='word_1_459' title='bbox 2861 2237 3130 2310; x_wconf 77' lang='grc' dir='ltr'>ἐκδοῦναι,</span> <span class='ocrx_word' id='word_1_460' title='bbox 3190 2239 3336 2296; x_wconf 82' lang='grc' dir='ltr'>ἀλλὰ</span> <span class='ocrx_word' id='word_1_461' title='bbox 3393 2240 3613 2314; x_wconf 82' lang='grc' dir='ltr'>μᾶλλον</span> <span class='ocrx_word' id='word_1_462' title='bbox 3667 2238 3748 2294; x_wconf 71' lang='grc' dir='ltr'>διὰ</span> <span class='ocrx_word' id='word_1_463' title='bbox 3792 2241 3910 2291; x_wconf 72' lang='grc' dir='ltr'>τοῦτο</span> 
     </span>
    </p>
   </div>
   <div class='ocr_carea' id='block_1_71' title="bbox 2321 2328 3911 2408">
    <p class='ocr_par' dir='ltr' id='par_1_71' title="bbox 2321 2328 3911 2408">
     <span class='ocr_line' id='line_1_71' title="bbox 2321 2328 3911 2408; baseline 0 -26"><span class='ocrx_word' id='word_1_464' title='bbox 2321 2328 2504 2404; x_wconf 84' lang='grc' dir='ltr'>ἀνάγει</span> <span class='ocrx_word' id='word_1_465' title='bbox 2539 2329 2699 2384; x_wconf 78' lang='grc' dir='ltr'>αὐτὸν</span> <span class='ocrx_word' id='word_1_466' title='bbox 2733 2331 2762 2386; x_wconf 97' lang='lat'>6</span> <span class='ocrx_word' id='word_1_467' title='bbox 2794 2330 3062 2408; x_wconf 77' lang='grc' dir='ltr'>Θεόφιλος</span> <span class='ocrx_word' id='word_1_468' title='bbox 3102 2331 3177 2393; x_wconf 78' lang='grc' dir='ltr'>εἷς</span> <span class='ocrx_word' id='word_1_469' title='bbox 3225 2337 3326 2401; x_wconf 79' lang='grc' dir='ltr'>τήν</span> <span class='ocrx_word' id='word_1_470' title='bbox 3379 2337 3492 2386; x_wconf 88' lang='grc' dir='ltr'>τῶν</span> <span class='ocrx_word' id='word_1_471' title='bbox 3543 2329 3815 2405; x_wconf 82' lang='grc' dir='ltr'>πατρικίων</span> <span class='ocrx_word' id='word_1_472' title='bbox 3852 2347 3911 2378; x_wconf 75' lang='grc' dir='ltr'>τι·</span> 
     </span>
    </p>
   </div>
   <div class='ocr_carea' id='block_1_72' title="bbox 2323 2416 3913 2498">
    <p class='ocr_par' dir='ltr' id='par_1_72' title="bbox 2323 2416 3913 2498">
     <span class='ocr_line' id='line_1_72' title="bbox 2323 2416 3913 2498; baseline -0.003 -27"><span class='ocrx_word' id='word_1_473' title='bbox 2323 2420 2431 2491; x_wconf 81' lang='grc' dir='ltr'>μὴν</span> <span class='ocrx_word' id='word_1_474' title='bbox 2470 2419 2560 2473; x_wconf 84' lang='grc' dir='ltr'>καὶ</span> <span class='ocrx_word' id='word_1_475' title='bbox 2620 2424 2689 2494; x_wconf 81' lang='grc' dir='ltr'>τῇ</span> <span class='ocrx_word' id='word_1_476' title='bbox 2744 2421 2934 2475; x_wconf 73' lang='grc' dir='ltr'>ἑαυτοῦ</span> <span class='ocrx_word' id='word_1_477' title='bbox 2992 2417 3202 2498; x_wconf 78' lang='grc' dir='ltr'>ἀδελφῇ</span> <span class='ocrx_word' id='word_1_478' title='bbox 3263 2421 3582 2490; x_wconf 83' lang='grc' dir='ltr'>συνοικίζει,</span> <span class='ocrx_word' id='word_1_479' title='bbox 3639 2416 3829 2474; x_wconf 75' lang='grc' dir='ltr'>ἕκαστόν</span> <span class='ocrx_word' id='word_1_480' title='bbox 3873 2435 3913 2467; x_wconf 77' lang='grc' dir='ltr'>τε</span> 
     </span>
    </p>
   </div>
   <div class='ocr_carea' id='block_1_73' title="bbox 2320 2508 3905 2587">
    <p class='ocr_par' dir='ltr' id='par_1_73' title="bbox 2320 2508 3905 2587">
     <span class='ocr_line' id='line_1_73' title="bbox 2320 2508 3905 2587; baseline -0.004 -25"><span class='ocrx_word' id='word_1_481' title='bbox 2320 2513 2430 2562; x_wconf 86' lang='grc' dir='ltr'>τῶν</span> <span class='ocrx_word' id='word_1_482' title='bbox 2489 2513 2705 2582; x_wconf 82' lang='grc' dir='ltr'>Περσῶν</span> <span class='ocrx_word' id='word_1_483' title='bbox 2761 2516 3048 2583; x_wconf 83' lang='grc' dir='ltr'>νομοθετεῖ</span> <span class='ocrx_word' id='word_1_484' title='bbox 3085 2512 3200 2565; x_wconf 86' lang='grc' dir='ltr'>κατ’</span> <span class='ocrx_word' id='word_1_485' title='bbox 3257 2509 3556 2587; x_wconf 78' lang='grc' dir='ltr'>ἐπιγαμίαν</span> <span class='ocrx_word' id='word_1_486' title='bbox 3615 2508 3905 2564; x_wconf 56' lang='grc' dir='ltr'>συνάπτεσθαι</span> 
     </span>
    </p>
   </div>
   <div class='ocr_carea' id='block_1_74' title="bbox 2317 2595 3907 2671">
    <p class='ocr_par' dir='ltr' id='par_1_74' title="bbox 2317 2595 3907 2671">
     <span class='ocr_line' id='line_1_74' title="bbox 2317 2595 3907 2671; baseline -0.003 -17"><span class='ocrx_word' id='word_1_487' title='bbox 2317 2603 2434 2659; x_wconf 85' lang='grc' dir='ltr'>τοῖς</span> <span class='ocrx_word' id='word_1_488' title='bbox 2483 2597 2802 2671; x_wconf 86' lang='grc' dir='ltr'>Ῥωμαίοις.</span> <span class='ocrx_word' id='word_1_489' title='bbox 2863 2597 3115 2660; x_wconf 67' lang='grc' dir='ltr'>Πολλοὺς</span> <span class='ocrx_word' id='word_1_490' title='bbox 3172 2597 3229 2654; x_wconf 75' lang='grc' dir='ltr'>δὲ</span> <span class='ocrx_word' id='word_1_491' title='bbox 3287 2598 3344 2654; x_wconf 88' lang='grc' dir='ltr'>ἐκ</span> <span class='ocrx_word' id='word_1_492' title='bbox 3397 2601 3609 2655; x_wconf 84' lang='grc' dir='ltr'>τούτων</span> <span class='ocrx_word' id='word_1_493' title='bbox 3668 2595 3907 2670; x_wconf 77' lang='grc' dir='ltr'>ἐμπρέπεεν</span> 
     </span>
    </p>
   </div>
   <div class='ocr_carea' id='block_1_75' title="bbox 2316 2685 3906 2762">
    <p class='ocr_par' dir='ltr' id='par_1_75' title="bbox 2316 2685 3906 2762">
     <span class='ocr_line' id='line_1_75' title="bbox 2316 2685 3906 2762; baseline -0.002 -22"><span class='ocrx_word' id='word_1_494' title='bbox 2316 2691 2434 2748; x_wconf 89' lang='grc' dir='ltr'>τοῖς</span> <span class='ocrx_word' id='word_1_495' title='bbox 2497 2685 2808 2760; x_wconf 80' lang='grc' dir='ltr'>βασιλικοῖς</span> <span class='ocrx_word' id='word_1_496' title='bbox 2865 2687 3135 2762; x_wconf 78' lang='grc' dir='ltr'>ἀξιώμασι</span> <span class='ocrx_word' id='word_1_497' title='bbox 3193 2691 3518 2758; x_wconf 81' lang='grc' dir='ltr'>πεποιηκὼς</span> <span class='ocrx_word' id='word_1_498' title='bbox 3568 2686 3743 2758; x_wconf 80' lang='grc' dir='ltr'>κώδιξι</span> <span class='ocrx_word' id='word_1_499' title='bbox 3783 2703 3906 2756; x_wconf 73' lang='grc' dir='ltr'>στρι-</span> 
     </span>
    </p>
   </div>
   <div class='ocr_carea' id='block_1_76' title="bbox 2317 2773 3906 2859">
    <p class='ocr_par' dir='ltr' id='par_1_76' title="bbox 2317 2773 3906 2859">
     <span class='ocr_line' id='line_1_76' title="bbox 2317 2773 3906 2859; baseline 0 -25"><span class='ocrx_word' id='word_1_500' title='bbox 2317 2785 2597 2842; x_wconf 87' lang='grc' dir='ltr'>τιωτικοῖς</span> <span class='ocrx_word' id='word_1_501' title='bbox 2629 2780 3016 2859; x_wconf 78' lang='grc' dir='ltr'>ἀναγράφεται,</span> <span class='ocrx_word' id='word_1_502' title='bbox 3052 2783 3233 2856; x_wconf 82' lang='grc' dir='ltr'>τάγμα</span> <span class='ocrx_word' id='word_1_503' title='bbox 3261 2782 3529 2852; x_wconf 85' lang='grc' dir='ltr'>Περσικὸν</span> <span class='ocrx_word' id='word_1_504' title='bbox 3572 2777 3776 2834; x_wconf 75' lang='grc' dir='ltr'>τούτους</span> <span class='ocrx_word' id='word_1_505' title='bbox 3816 2773 3906 2825; x_wconf 68' lang='grc' dir='ltr'>ὄνθ’</span> 
     </span>
    </p>
   </div>
   <div class='ocr_carea' id='block_1_77' title="bbox 2321 2864 3904 2944">
    <p class='ocr_par' dir='ltr' id='par_1_77' title="bbox 2321 2864 3904 2944">
     <span class='ocr_line' id='line_1_77' title="bbox 2321 2864 3904 2944; baseline -0.007 -22"><span class='ocrx_word' id='word_1_506' title='bbox 2321 2868 2518 2941; x_wconf 84' lang='grc' dir='ltr'>μάσας,</span> <span class='ocrx_word' id='word_1_507' title='bbox 2549 2869 2636 2923; x_wconf 84' lang='grc' dir='ltr'>καὶ</span> <span class='ocrx_word' id='word_1_508' title='bbox 2687 2875 2805 2933; x_wconf 86' lang='grc' dir='ltr'>τοῖς</span> <span class='ocrx_word' id='word_1_509' title='bbox 2859 2871 2995 2924; x_wconf 77' lang='grc' dir='ltr'>κατὰ</span> <span class='ocrx_word' id='word_1_510' title='bbox 3049 2875 3156 2925; x_wconf 88' lang='grc' dir='ltr'>τῶν</span> <span class='ocrx_word' id='word_1_511' title='bbox 3216 2873 3538 2944; x_wconf 79' lang='grc' dir='ltr'>’Λγαρηνῶν</span> <span class='ocrx_word' id='word_1_512' title='bbox 3584 2869 3762 2938; x_wconf 78' lang='grc' dir='ltr'>ἐξιοῦσι</span> <span class='ocrx_word' id='word_1_513' title='bbox 3807 2864 3904 2914; x_wconf 80' lang='grc' dir='ltr'>Ῥω-</span> 
     </span>
    </p>
   </div>
   <div class='ocr_carea' id='block_1_78' title="bbox 2323 2951 3902 3033">
    <p class='ocr_par' dir='ltr' id='par_1_78' title="bbox 2323 2951 3902 3033">
     <span class='ocr_line' id='line_1_78' title="bbox 2323 2951 3902 3033; baseline -0.003 -22"><span class='ocrx_word' id='word_1_514' title='bbox 2323 2959 2508 3032; x_wconf 86' lang='grc' dir='ltr'>μαίοις</span> <span class='ocrx_word' id='word_1_515' title='bbox 2569 2962 3016 3033; x_wconf 79' lang='grc' dir='ltr'>συναριθμεῖσθαι</span> <span class='ocrx_word' id='word_1_516' title='bbox 3102 2959 3418 3032; x_wconf 82' lang='grc' dir='ltr'>προσέταξε.</span> <span class='ocrx_word' id='word_1_517' title='bbox 3501 2958 3720 3016; x_wconf 83' lang='grc' dir='ltr'>Τούτοις</span> <span class='ocrx_word' id='word_1_518' title='bbox 3766 2951 3902 3006; x_wconf 77' lang='grc' dir='ltr'>τοίνυν</span> 
     </span>
    </p>
   </div>
   <div class='ocr_carea' id='block_1_79' title="bbox 2316 3038 3901 3125">
    <p class='ocr_par' dir='ltr' id='par_1_79' title="bbox 2316 3038 3901 3125">
     <span class='ocr_line' id='line_1_79' title="bbox 2316 3038 3901 3125; baseline -0.009 -15"><span class='ocrx_word' id='word_1_519' title='bbox 2316 3052 2433 3109; x_wconf 82' lang='grc' dir='ltr'>τοῖς</span> <span class='ocrx_word' id='word_1_520' title='bbox 2466 3044 2586 3101; x_wconf 82' lang='grc' dir='ltr'>δυσὶ</span> <span class='ocrx_word' id='word_1_521' title='bbox 2640 3045 2921 3123; x_wconf 70' lang='grc' dir='ltr'>θαῤῥήσας</span> <span class='ocrx_word' id='word_1_522' title='bbox 2970 3047 3259 3125; x_wconf 79' lang='grc' dir='ltr'>Θεόφιλος,</span> <span class='ocrx_word' id='word_1_523' title='bbox 3315 3053 3393 3122; x_wconf 80' lang='grc' dir='ltr'>τῷ</span> <span class='ocrx_word' id='word_1_524' title='bbox 3433 3070 3496 3104; x_wconf 86' lang='grc' dir='ltr'>τε</span> <span class='ocrx_word' id='word_1_525' title='bbox 3550 3040 3793 3111; x_wconf 77' lang='grc' dir='ltr'>Μανουὴλ</span> <span class='ocrx_word' id='word_1_526' title='bbox 3839 3038 3901 3090; x_wconf 66' lang='grc' dir='ltr'>καὶ</span> 
     </span>
    </p>
   </div>
   <div class='ocr_carea' id='block_1_80' title="bbox 2317 3129 3900 3214">
    <p class='ocr_par' dir='ltr' id='par_1_80' title="bbox 2317 3129 3900 3214">
     <span class='ocr_line' id='line_1_80' title="bbox 2317 3129 3900 3214; baseline -0.003 -24"><span class='ocrx_word' id='word_1_527' title='bbox 2317 3141 2396 3208; x_wconf 84' lang='grc' dir='ltr'>τῷ</span> <span class='ocrx_word' id='word_1_528' title='bbox 2451 3133 2732 3214; x_wconf 75' lang='grc' dir='ltr'>Θεοφόϐῳ,</span> <span class='ocrx_word' id='word_1_529' title='bbox 2791 3135 2950 3208; x_wconf 84' lang='grc' dir='ltr'>ἔξεισι</span> <span class='ocrx_word' id='word_1_530' title='bbox 3007 3138 3144 3193; x_wconf 80' lang='grc' dir='ltr'>κατὰ</span> <span class='ocrx_word' id='word_1_531' title='bbox 3195 3143 3302 3194; x_wconf 88' lang='grc' dir='ltr'>τῶν</span> <span class='ocrx_word' id='word_1_532' title='bbox 3364 3141 3703 3214; x_wconf 81' lang='grc' dir='ltr'>Ἀγαρηνῶν.</span> <span class='ocrx_word' id='word_1_533' title='bbox 3754 3129 3900 3202; x_wconf 74' lang='grc' dir='ltr'>Ἒγγὺς</span> 
     </span>
    </p>
   </div>
   <div class='ocr_carea' id='block_1_81' title="bbox 2322 3217 3898 3301">
    <p class='ocr_par' dir='ltr' id='par_1_81' title="bbox 2322 3217 3898 3301">
     <span class='ocr_line' id='line_1_81' title="bbox 2322 3217 3898 3301; baseline -0.006 -21"><span class='ocrx_word' id='word_1_534' title='bbox 2322 3223 2380 3280; x_wconf 75' lang='grc' dir='ltr'>δὲ</span> <span class='ocrx_word' id='word_1_535' title='bbox 2435 3227 2747 3301; x_wconf 73' lang='grc' dir='ltr'>γενομένων</span> <span class='ocrx_word' id='word_1_536' title='bbox 2803 3225 3081 3299; x_wconf 76' lang='grc' dir='ltr'>ἀλλήλοις</span> <span class='ocrx_word' id='word_1_537' title='bbox 3135 3233 3242 3282; x_wconf 86' lang='grc' dir='ltr'>τῶν</span> <span class='ocrx_word' id='word_1_538' title='bbox 3301 3227 3712 3301; x_wconf 71' lang='grc' dir='ltr'>στρατευμάτων</span> <span class='ocrx_word' id='word_1_539' title='bbox 3761 3217 3898 3284; x_wconf 73' lang='grc' dir='ltr'>ἐδέησε</span> 
     </span>
    </p>
   </div>
   <div class='ocr_carea' id='block_1_82' title="bbox 2322 3311 3896 3391">
    <p class='ocr_par' dir='ltr' id='par_1_82' title="bbox 2322 3311 3896 3391">
     <span class='ocr_line' id='line_1_82' title="bbox 2322 3311 3896 3391; baseline -0.008 -20"><span class='ocrx_word' id='word_1_540' title='bbox 2322 3315 2556 3391; x_wconf 80' lang='grc' dir='ltr'>βουλῆς.</span> <span class='ocrx_word' id='word_1_541' title='bbox 2592 3318 2688 3373; x_wconf 80' lang='grc' dir='ltr'>Καὶ</span> <span class='ocrx_word' id='word_1_542' title='bbox 2720 3318 2748 3371; x_wconf 89' lang='lat'>6</span> <span class='ocrx_word' id='word_1_543' title='bbox 2782 3317 2877 3390; x_wconf 75' lang='grc' dir='ltr'>μὲν</span> <span class='ocrx_word' id='word_1_544' title='bbox 2917 3317 3185 3386; x_wconf 84' lang='grc' dir='ltr'>Μανουήλ</span> <span class='ocrx_word' id='word_1_545' title='bbox 3235 3318 3298 3372; x_wconf 81' lang='grc' dir='ltr'>ού</span> <span class='ocrx_word' id='word_1_546' title='bbox 3345 3315 3556 3373; x_wconf 78' lang='grc' dir='ltr'>δίκαιον</span> <span class='ocrx_word' id='word_1_547' title='bbox 3604 3311 3743 3388; x_wconf 85' lang='grc' dir='ltr'>ἔλεγε</span> <span class='ocrx_word' id='word_1_548' title='bbox 3783 3311 3896 3382; x_wconf 79' lang='grc' dir='ltr'>βασι·</span> 
     </span>
    </p>
   </div>
   <div class='ocr_carea' id='block_1_83' title="bbox 2318 3392 3897 3481">
    <p class='ocr_par' dir='ltr' id='par_1_83' title="bbox 2318 3392 3897 3481">
     <span class='ocr_line' id='line_1_83' title="bbox 2318 3392 3897 3481; baseline -0.009 -22"><span class='ocrx_word' id='word_1_549' title='bbox 2318 3404 2414 3460; x_wconf 77' lang='grc' dir='ltr'>λέα</span> <span class='ocrx_word' id='word_1_550' title='bbox 2468 3406 2758 3478; x_wconf 87' lang='grc' dir='ltr'>Ῥωμαίων</span> <span class='ocrx_word' id='word_1_551' title='bbox 2817 3408 2951 3481; x_wconf 81' lang='grc' dir='ltr'>πρὸς</span> <span class='ocrx_word' id='word_1_552' title='bbox 3005 3407 3402 3481; x_wconf 76' lang='grc' dir='ltr'>ἀμερμουμνῆν</span> <span class='ocrx_word' id='word_1_553' title='bbox 3473 3405 3744 3478; x_wconf 85' lang='grc' dir='ltr'>πολεμεῖν,</span> <span class='ocrx_word' id='word_1_554' title='bbox 3793 3392 3897 3450; x_wconf 69' lang='grc' dir='ltr'>ἀλλά</span> 
     </span>
    </p>
   </div>
   <div class='ocr_carea' id='block_1_84' title="bbox 2312 3481 3898 3572">
    <p class='ocr_par' dir='ltr' id='par_1_84' title="bbox 2312 3481 3898 3572">
     <span class='ocr_line' id='line_1_84' title="bbox 2312 3481 3898 3572; baseline -0.017 -9"><span class='ocrx_word' id='word_1_555' title='bbox 2312 3516 2433 3550; x_wconf 82' lang='grc' dir='ltr'><strong>τινα</strong></span> <span class='ocrx_word' id='word_1_556' title='bbox 2501 3495 2664 3572; x_wconf 68' lang='grc' dir='ltr'>μέρος</span> <span class='ocrx_word' id='word_1_557' title='bbox 2722 3491 2960 3552; x_wconf 77' lang='grc' dir='ltr'>λαϐόντα</span> <span class='ocrx_word' id='word_1_558' title='bbox 3012 3501 3120 3552; x_wconf 87' lang='grc' dir='ltr'>τῶν</span> <span class='ocrx_word' id='word_1_559' title='bbox 3179 3501 3504 3572; x_wconf 81' lang='grc' dir='ltr'>στρατηγῶν</span> <span class='ocrx_word' id='word_1_560' title='bbox 3589 3493 3758 3565; x_wconf 80' lang='grc' dir='ltr'>ἐξιέναι</span> <span class='ocrx_word' id='word_1_561' title='bbox 3801 3481 3898 3572; x_wconf 71' lang='grc' dir='ltr'>κοτᾷ</span> 
     </span>
    </p>
   </div>
   <div class='ocr_carea' id='block_1_85' title="bbox 2313 3571 3894 3664">
    <p class='ocr_par' dir='ltr' id='par_1_85' title="bbox 2313 3571 3894 3664">
     <span class='ocr_line' id='line_1_85' title="bbox 2313 3571 3894 3664; baseline -0.009 -25"><span class='ocrx_word' id='word_1_562' title='bbox 2313 3571 2606 3660; x_wconf 84' lang='grc' dir='ltr'>πρόσωπον</span> <span class='ocrx_word' id='word_1_563' title='bbox 2634 3589 2741 3639; x_wconf 87' lang='grc' dir='ltr'>τῶν</span> <span class='ocrx_word' id='word_1_564' title='bbox 2771 3585 3005 3660; x_wconf 74' lang='grc' dir='ltr'>ἐχθρῶνο</span> <span class='ocrx_word' id='word_1_565' title='bbox 3039 3587 3066 3640; x_wconf 90' lang='lat'>6</span> <span class='ocrx_word' id='word_1_566' title='bbox 3099 3583 3373 3664; x_wconf 77' lang='grc' dir='ltr'>Θεόφοϐας</span> <span class='ocrx_word' id='word_1_567' title='bbox 3406 3571 3464 3641; x_wconf 73' lang='lat' dir='ltr'>3‘s</span> <span class='ocrx_word' id='word_1_568' title='bbox 3520 3586 3611 3640; x_wconf 84' lang='grc' dir='ltr'>καὶ</span> <span class='ocrx_word' id='word_1_569' title='bbox 3660 3580 3796 3636; x_wconf 86' lang='grc' dir='ltr'>αὐτὸν</span> <span class='ocrx_word' id='word_1_570' title='bbox 3835 3571 3894 3628; x_wconf 81' lang='grc' dir='ltr'>ἐπὶ</span> 
     </span>
    </p>
   </div>
   <div class='ocr_carea' id='block_1_86' title="bbox 2314 3669 3889 3751">
    <p class='ocr_par' dir='ltr' id='par_1_86' title="bbox 2314 3669 3889 3751">
     <span class='ocr_line' id='line_1_86' title="bbox 2314 3669 3889 3751; baseline -0.007 -21"><span class='ocrx_word' id='word_1_571' title='bbox 2314 3676 2662 3751; x_wconf 78' lang='grc' dir='ltr'>παρατάξεως</span> <span class='ocrx_word' id='word_1_572' title='bbox 2690 3677 2825 3730; x_wconf 81' lang='grc' dir='ltr'>εἶναι</span> <span class='ocrx_word' id='word_1_573' title='bbox 2871 3677 2962 3731; x_wconf 88' lang='grc' dir='ltr'>τὸν</span> <span class='ocrx_word' id='word_1_574' title='bbox 3001 3675 3224 3751; x_wconf 77' lang='grc' dir='ltr'>βασιλέα</span> <span class='ocrx_word' id='word_1_575' title='bbox 3275 3672 3564 3746; x_wconf 76' lang='grc' dir='ltr'>ἐϐούλετο,</span> <span class='ocrx_word' id='word_1_576' title='bbox 3610 3672 3693 3729; x_wconf 83' lang='grc' dir='ltr'>καὶ</span> <span class='ocrx_word' id='word_1_577' title='bbox 3733 3669 3889 3751; x_wconf 61' lang='grc' dir='ltr'>νύκτωρ</span> 
     </span>
    </p>
   </div>
   <div class='ocr_carea' id='block_1_87' title="bbox 2314 3750 3892 3844">
    <p class='ocr_par' dir='ltr' id='par_1_87' title="bbox 2314 3750 3892 3844">
     <span class='ocr_line' id='line_1_87' title="bbox 2314 3750 3892 3844; baseline -0.01 -26"><span class='ocrx_word' id='word_1_578' title='bbox 2314 3763 2661 3834; x_wconf 77' lang='grc' dir='ltr'>ἐπιθήσεσθαι</span> <span class='ocrx_word' id='word_1_579' title='bbox 2691 3770 2810 3826; x_wconf 88' lang='grc' dir='ltr'>τοῖς</span> <span class='ocrx_word' id='word_1_580' title='bbox 2840 3763 3062 3844; x_wconf 85' lang='grc' dir='ltr'>ἐχθροῖς</span> <span class='ocrx_word' id='word_1_581' title='bbox 3097 3766 3232 3837; x_wconf 80' lang='grc' dir='ltr'>μετᾶ</span> <span class='ocrx_word' id='word_1_582' title='bbox 3279 3770 3376 3821; x_wconf 80' lang='grc' dir='ltr'>τοῦ</span> <span class='ocrx_word' id='word_1_583' title='bbox 3425 3767 3650 3835; x_wconf 79' lang='grc' dir='ltr'>πεζικοῦ</span> <span class='ocrx_word' id='word_1_584' title='bbox 3695 3750 3892 3814; x_wconf 72' lang='grc' dir='ltr'>συνιὸού-</span> 
     </span>
    </p>
   </div>
   <div class='ocr_carea' id='block_1_88' title="bbox 2313 3842 3889 3924">
    <p class='ocr_par' dir='ltr' id='par_1_88' title="bbox 2313 3842 3889 3924">
     <span class='ocr_line' id='line_1_88' title="bbox 2313 3842 3889 3924; baseline -0.005 -17"><span class='ocrx_word' id='word_1_585' title='bbox 2313 3851 2457 3924; x_wconf 79' lang='grc' dir='ltr'>λευε,</span> <span class='ocrx_word' id='word_1_586' title='bbox 2492 3854 2934 3924; x_wconf 76' lang='grc' dir='ltr'>συνεπιθήσεσθαι</span> <span class='ocrx_word' id='word_1_587' title='bbox 2969 3851 3045 3923; x_wconf 78' lang='grc' dir='ltr'>δὲ,</span> <span class='ocrx_word' id='word_1_588' title='bbox 3079 3854 3166 3910; x_wconf 80' lang='grc' dir='ltr'>ὅτε</span> <span class='ocrx_word' id='word_1_589' title='bbox 3209 3852 3409 3924; x_wconf 73' lang='grc' dir='ltr'>δεήσει,</span> <span class='ocrx_word' id='word_1_590' title='bbox 3460 3856 3552 3910; x_wconf 82' lang='grc' dir='ltr'>καὶ</span> <span class='ocrx_word' id='word_1_591' title='bbox 3599 3852 3657 3906; x_wconf 88' lang='grc' dir='ltr'>τὸ</span> <span class='ocrx_word' id='word_1_592' title='bbox 3702 3842 3889 3902; x_wconf 75' lang='grc' dir='ltr'>ἱππικόν·</span> 
     </span>
    </p>
   </div>
   <div class='ocr_carea' id='block_1_89' title="bbox 2313 3937 3891 4018">
    <p class='ocr_par' dir='ltr' id='par_1_89' title="bbox 2313 3937 3891 4018">
     <span class='ocr_line' id='line_1_89' title="bbox 2313 3937 3891 4018; baseline -0.007 -20"><span class='ocrx_word' id='word_1_593' title='bbox 2313 3941 2468 3998; x_wconf 86' lang='grc' dir='ltr'>Ἀλλ’</span> <span class='ocrx_word' id='word_1_594' title='bbox 2499 3943 2600 3997; x_wconf 81' lang='grc' dir='ltr'>οὐκ</span> <span class='ocrx_word' id='word_1_595' title='bbox 2629 3937 2806 3997; x_wconf 82' lang='grc' dir='ltr'>ἔπεισε</span> <span class='ocrx_word' id='word_1_596' title='bbox 2834 3944 2925 3998; x_wconf 88' lang='grc' dir='ltr'>τὸν</span> <span class='ocrx_word' id='word_1_597' title='bbox 2957 3943 3205 4018; x_wconf 81' lang='grc' dir='ltr'>βασιλέα,</span> <span class='ocrx_word' id='word_1_598' title='bbox 3235 3941 3466 3999; x_wconf 81' lang='grc' dir='ltr'>πολλῶν</span> <span class='ocrx_word' id='word_1_599' title='bbox 3509 3941 3754 3998; x_wconf 79' lang='grc' dir='ltr'>εἰπόντων</span> <span class='ocrx_word' id='word_1_600' title='bbox 3795 3949 3891 4010; x_wconf 58' lang='grc' dir='ltr'>συξ-</span> 
     </span>
    </p>
   </div>
   <div class='ocr_carea' id='block_1_90' title="bbox 2308 4019 3888 4109">
    <p class='ocr_par' dir='ltr' id='par_1_90' title="bbox 2308 4019 3888 4109">
     <span class='ocr_line' id='line_1_90' title="bbox 2308 4019 3888 4109; baseline 0 -23"><span class='ocrx_word' id='word_1_601' title='bbox 2308 4033 2608 4106; x_wconf 82' lang='grc' dir='ltr'>τερίζεσθαι</span> <span class='ocrx_word' id='word_1_602' title='bbox 2664 4033 2754 4087; x_wconf 88' lang='grc' dir='ltr'>τὸν</span> <span class='ocrx_word' id='word_1_603' title='bbox 2816 4027 3092 4109; x_wconf 81' lang='grc' dir='ltr'>Θεόφοϐον</span> <span class='ocrx_word' id='word_1_604' title='bbox 3143 4034 3242 4102; x_wconf 80' lang='grc' dir='ltr'>τήν</span> <span class='ocrx_word' id='word_1_605' title='bbox 3295 4037 3405 4088; x_wconf 86' lang='grc' dir='ltr'>τῶν</span> <span class='ocrx_word' id='word_1_606' title='bbox 3463 4029 3734 4105; x_wconf 75' lang='grc' dir='ltr'>Ῥωμαίων</span> <span class='ocrx_word' id='word_1_607' title='bbox 3777 4019 3888 4109; x_wconf 59' lang='grc' dir='ltr'>δάξτν</span> 
     </span>
    </p>
   </div>
   <div class='ocr_carea' id='block_1_91' title="bbox 2308 4107 3892 4197">
    <p class='ocr_par' dir='ltr' id='par_1_91' title="bbox 2308 4107 3892 4197">
     <span class='ocr_line' id='line_1_91' title="bbox 2308 4107 3892 4197; baseline 0 -22"><span class='ocrx_word' id='word_1_608' title='bbox 2308 4122 2399 4175; x_wconf 85' lang='grc' dir='ltr'>καὶ</span> <span class='ocrx_word' id='word_1_609' title='bbox 2432 4118 2523 4175; x_wconf 76' lang='grc' dir='ltr'>διὰ</span> <span class='ocrx_word' id='word_1_610' title='bbox 2548 4125 2708 4176; x_wconf 78' lang='grc' dir='ltr'>τοῦτο</span> <span class='ocrx_word' id='word_1_611' title='bbox 2738 4121 3028 4196; x_wconf 86' lang='grc' dir='ltr'>βούλεσθαι</span> <span class='ocrx_word' id='word_1_612' title='bbox 3089 4120 3141 4176; x_wconf 86' lang='grc' dir='ltr'>ἐν</span> <span class='ocrx_word' id='word_1_613' title='bbox 3189 4123 3342 4177; x_wconf 87' lang='grc' dir='ltr'>νυκτὶ</span> <span class='ocrx_word' id='word_1_614' title='bbox 3399 4120 3686 4197; x_wconf 84' lang='grc' dir='ltr'>πολεμεῖν.</span> <span class='ocrx_word' id='word_1_615' title='bbox 3732 4107 3892 4197; x_wconf 29' lang='grc' dir='ltr'>Ἔδο-ξεν</span> 
     </span>
    </p>
   </div>
   <div class='ocr_carea' id='block_1_92' title="bbox 2312 4193 4001 4288">
    <p class='ocr_par' dir='ltr' id='par_1_92' title="bbox 2312 4193 4001 4288">
     <span class='ocr_line' id='line_1_92' title="bbox 2312 4193 4001 4288; baseline 0.001 -26"><span class='ocrx_word' id='word_1_616' title='bbox 2312 4209 2402 4262; x_wconf 83' lang='grc' dir='ltr'>οὗν</span> <span class='ocrx_word' id='word_1_617' title='bbox 2434 4209 2510 4269; x_wconf 83' lang='grc' dir='ltr'>εἷς</span> <span class='ocrx_word' id='word_1_618' title='bbox 2537 4193 2842 4288; x_wconf 76' lang='grc' dir='ltr'>τούμφανὲς</span> <span class='ocrx_word' id='word_1_619' title='bbox 2897 4211 3015 4283; x_wconf 85' lang='grc' dir='ltr'>μεθ’</span> <span class='ocrx_word' id='word_1_620' title='bbox 3073 4211 3285 4287; x_wconf 73' lang='grc' dir='ltr'>ἡμέραν</span> <span class='ocrx_word' id='word_1_621' title='bbox 3327 4193 3589 4286; x_wconf 74' lang='grc' dir='ltr'>συῤῥάξαι</span> <span class='ocrx_word' id='word_1_622' title='bbox 3642 4207 3724 4262; x_wconf 85' lang='grc' dir='ltr'>τὸν</span> <span class='ocrx_word' id='word_1_623' title='bbox 3999 4199 4001 4263; x_wconf 68' lang='lat' dir='ltr'>l</span> 
     </span>
    </p>
   </div>
   <div class='ocr_carea' id='block_1_93' title="bbox 2314 4283 3999 4374">
    <p class='ocr_par' dir='ltr' id='par_1_93' title="bbox 2314 4283 3999 4374">
     <span class='ocr_line' id='line_1_93' title="bbox 2314 4283 3999 4374; baseline -0.011 -21"><span class='ocrx_word' id='word_1_624' title='bbox 2314 4319 2430 4370; x_wconf 87' lang='grc' dir='ltr'>μον.</span> <span class='ocrx_word' id='word_1_625' title='bbox 2465 4300 2525 4355; x_wconf 90' lang='grc' dir='ltr'><strong>Ὀ</strong></span> <span class='ocrx_word' id='word_1_626' title='bbox 2559 4299 2651 4372; x_wconf 76' lang='grc' dir='ltr'>μὲν</span> <span class='ocrx_word' id='word_1_627' title='bbox 2686 4283 2778 4354; x_wconf 75' lang='grc' dir='ltr'>οὖν</span> <span class='ocrx_word' id='word_1_628' title='bbox 2813 4283 3210 4374; x_wconf 80' lang='grc' dir='ltr'>ἆμερμουμνῆς</span> <span class='ocrx_word' id='word_1_629' title='bbox 3262 4283 3564 4374; x_wconf 79' lang='grc' dir='ltr'>Ίμπραήλ,</span> <span class='ocrx_word' id='word_1_630' title='bbox 3609 4297 3706 4354; x_wconf 61' lang='lat' dir='ltr'>{in</span> <span class='ocrx_word' id='word_1_631' title='bbox 3752 4283 3892 4374; x_wconf 47' lang='lat' dir='ltr'>ille:</span> <span class='ocrx_word' id='word_1_632' title='bbox 3997 4317 3999 4374; x_wconf 61' lang='grc' dir='ltr'><strong>Ι</strong></span> 
     </span>
    </p>
   </div>
   <div class='ocr_carea' id='block_1_94' title="bbox 2307 4370 3892 4476">
    <p class='ocr_par' dir='ltr' id='par_1_94' title="bbox 2307 4370 3892 4476">
     <span class='ocr_line' id='line_1_94' title="bbox 2307 4370 3892 4476; baseline -0.011 -34"><span class='ocrx_word' id='word_1_633' title='bbox 2307 4385 2617 4456; x_wconf 85' lang='grc' dir='ltr'>καταλαζον</span> <span class='ocrx_word' id='word_1_634' title='bbox 2667 4389 2949 4461; x_wconf 85' lang='grc' dir='ltr'>ευόμενος,</span> <span class='ocrx_word' id='word_1_635' title='bbox 2983 4388 3092 4445; x_wconf 81' lang='grc' dir='ltr'>ε’ἰτε</span> <span class='ocrx_word' id='word_1_636' title='bbox 3133 4387 3198 4458; x_wconf 84' lang='grc' dir='ltr'>δὴ</span> <span class='ocrx_word' id='word_1_637' title='bbox 3231 4390 3319 4444; x_wconf 86' lang='grc' dir='ltr'>καὶ</span> <span class='ocrx_word' id='word_1_638' title='bbox 3348 4391 3440 4444; x_wconf 87' lang='grc' dir='ltr'>τὸν</span> <span class='ocrx_word' id='word_1_639' title='bbox 3493 4385 3710 4465; x_wconf 79' lang='grc' dir='ltr'>βασιλέα</span> <span class='ocrx_word' id='word_1_640' title='bbox 3747 4370 3892 4476; x_wconf 66' lang='grc' dir='ltr'>κατορ-</span> 
     </span>
    </p>
   </div>
   <div class='ocr_carea' id='block_1_95' title="bbox 2309 4469 3887 4554">
    <p class='ocr_par' dir='ltr' id='par_1_95' title="bbox 2309 4469 3887 4554">
     <span class='ocr_line' id='line_1_95' title="bbox 2309 4469 3887 4554; baseline 0.005 -25"><span class='ocrx_word' id='word_1_641' title='bbox 2309 4473 2586 4549; x_wconf 72' lang='grc' dir='ltr'>ῥωδήσας,</span> <span class='ocrx_word' id='word_1_642' title='bbox 2621 4477 2784 4549; x_wconf 79' lang='grc' dir='ltr'>μέρος</span> <span class='ocrx_word' id='word_1_643' title='bbox 2840 4485 2940 4547; x_wconf 85' lang='grc' dir='ltr'>τῆς</span> <span class='ocrx_word' id='word_1_644' title='bbox 2997 4484 3248 4554; x_wconf 76' lang='grc' dir='ltr'>στρατιᾶς</span> <span class='ocrx_word' id='word_1_645' title='bbox 3299 4479 3462 4534; x_wconf 72' lang='grc' dir='ltr'>αὐτοῦ</span> <span class='ocrx_word' id='word_1_646' title='bbox 3508 4473 3686 4534; x_wconf 79' lang='grc' dir='ltr'>λαϐὼν</span> <span class='ocrx_word' id='word_1_647' title='bbox 3725 4469 3887 4554; x_wconf 58' lang='grc' dir='ltr'>ἆ¹δ⁵χῴ’</span> 
     </span>
    </p>
   </div>
   <div class='ocr_carea' id='block_1_96' title="bbox 556 4535 2205 4641">
    <p class='ocr_par' dir='ltr' id='par_1_96' title="bbox 556 4535 2192 4631">
     <span class='ocr_line' id='line_1_96' title="bbox 556 4535 2192 4631; baseline 0.009 -23"><span class='ocrx_word' id='word_1_648' title='bbox 556 4535 794 4609; x_wconf 82' lang='lat' dir='ltr'>tandem</span> <span class='ocrx_word' id='word_1_649' title='bbox 824 4555 1093 4610; x_wconf 87' lang='lat' dir='ltr'>cohortes</span> <span class='ocrx_word' id='word_1_650' title='bbox 1127 4557 1384 4625; x_wconf 89' lang='lat' dir='ltr'>(scholas</span> <span class='ocrx_word' id='word_1_651' title='bbox 1415 4535 1523 4629; x_wconf 69' lang='lat' dir='ltr'>ipsi</span> <span class='ocrx_word' id='word_1_652' title='bbox 1558 4561 1866 4631; x_wconf 85' lang='lat' dir='ltr'>vocabant)</span> <span class='ocrx_word' id='word_1_653' title='bbox 1902 4580 2021 4620; x_wconf 90' lang='lat' dir='ltr'>una</span> <span class='ocrx_word' id='word_1_654' title='bbox 2060 4535 2192 4621; x_wconf 81' lang='lat' dir='ltr'>cum</span> 
     </span>
    </p>
   </div>
   <div class='ocr_carea' id='block_1_97' title="bbox 2314 4535 3891 4641">
    <p class='ocr_par' dir='ltr' id='par_1_97' title="bbox 2314 4535 3891 4641">
     <span class='ocr_line' id='line_1_97' title="bbox 2314 4535 3891 4641; baseline 0.004 -21"><span class='ocrx_word' id='word_1_655' title='bbox 2314 4535 2494 4640; x_wconf 73' lang='grc' dir='ltr'>ρησεν,</span> <span class='ocrx_word' id='word_1_656' title='bbox 2527 4535 2996 4641; x_wconf 35' lang='grc' dir='ltr'>’Ᾰϐιούιζάζχαρνδέ</span> <span class='ocrx_word' id='word_1_657' title='bbox 3050 4535 3169 4623; x_wconf 71' lang='grc' dir='ltr'>τινα</span> <span class='ocrx_word' id='word_1_658' title='bbox 3222 4535 3329 4624; x_wconf 78' lang='grc' dir='ltr'>τῶν</span> <span class='ocrx_word' id='word_1_659' title='bbox 3387 4569 3582 4624; x_wconf 73' lang='grc' dir='ltr'>ἑαυτοῦ</span> <span class='ocrx_word' id='word_1_660' title='bbox 3635 4535 3891 4637; x_wconf 30' lang='lat' dir='ltr'>“pain-ia&quot;</span> 
     </span>
    </p>
   </div>
   <div class='ocr_carea' id='block_1_98' title="bbox 555 4643 2198 4719">
    <p class='ocr_par' dir='ltr' id='par_1_98' title="bbox 555 4643 2198 4719">
     <span class='ocr_line' id='line_1_98' title="bbox 555 4643 2198 4719; baseline 0.008 -21"><span class='ocrx_word' id='word_1_661' title='bbox 555 4643 878 4698; x_wconf 84' lang='lat' dir='ltr'>domestico</span> <span class='ocrx_word' id='word_1_662' title='bbox 912 4644 1115 4715; x_wconf 82' lang='lat' dir='ltr'>(ofticii</span> <span class='ocrx_word' id='word_1_663' title='bbox 1153 4645 1261 4699; x_wconf 93' lang='lat' dir='ltr'>hoc</span> <span class='ocrx_word' id='word_1_664' title='bbox 1296 4663 1514 4702; x_wconf 89' lang='lat' dir='ltr'>nomen</span> <span class='ocrx_word' id='word_1_665' title='bbox 1565 4650 1676 4719; x_wconf 92' lang='lat' dir='ltr'>est)</span> <span class='ocrx_word' id='word_1_666' title='bbox 1724 4651 2026 4707; x_wconf 68' lang='lat' dir='ltr'>inclinata)</span> <span class='ocrx_word' id='word_1_667' title='bbox 2076 4672 2198 4711; x_wconf 89' lang='lat' dir='ltr'>ces-</span> 
     </span>
    </p>
   </div>
   <div class='ocr_carea' id='block_1_99' title="bbox 552 4733 2202 4812">
    <p class='ocr_par' dir='ltr' id='par_1_99' title="bbox 552 4733 2202 4812">
     <span class='ocr_line' id='line_1_99' title="bbox 552 4733 2202 4812; baseline 0.008 -24"><span class='ocrx_word' id='word_1_668' title='bbox 552 4738 758 4789; x_wconf 87' lang='lat' dir='ltr'>serunt</span> <span class='ocrx_word' id='word_1_669' title='bbox 790 4733 1090 4805; x_wconf 85' lang='lat' dir='ltr'>Agarenis.</span> <span class='ocrx_word' id='word_1_670' title='bbox 1127 4734 1453 4804; x_wconf 89' lang='lat' dir='ltr'>Imperator</span> <span class='ocrx_word' id='word_1_671' title='bbox 1482 4753 1614 4791; x_wconf 91' lang='lat' dir='ltr'>cum</span> <span class='ocrx_word' id='word_1_672' title='bbox 1648 4739 1888 4793; x_wconf 91' lang='lat' dir='ltr'>cohorte</span> <span class='ocrx_word' id='word_1_673' title='bbox 1926 4748 2202 4812; x_wconf 69' lang='lat' dir='ltr'>prmtonia</span> 
     </span>
    </p>
   </div>
   <div class='ocr_carea' id='block_1_100' title="bbox 553 4821 2196 4900">
    <p class='ocr_par' dir='ltr' id='par_1_100' title="bbox 553 4821 2196 4900">
     <span class='ocr_line' id='line_1_100' title="bbox 553 4821 2196 4900; baseline 0.009 -23"><span class='ocrx_word' id='word_1_674' title='bbox 553 4829 610 4877; x_wconf 90' lang='lat' dir='ltr'>et</span> <span class='ocrx_word' id='word_1_675' title='bbox 653 4821 882 4878; x_wconf 89' lang='lat' dir='ltr'>duobus</span> <span class='ocrx_word' id='word_1_676' title='bbox 940 4824 1253 4878; x_wconf 89' lang='lat' dir='ltr'>Persarum</span> <span class='ocrx_word' id='word_1_677' title='bbox 1305 4825 1572 4880; x_wconf 88' lang='lat' dir='ltr'>millibus</span> <span class='ocrx_word' id='word_1_678' title='bbox 1617 4844 1684 4882; x_wconf 90' lang='lat' dir='ltr'>ac</span> <span class='ocrx_word' id='word_1_679' title='bbox 1731 4829 2086 4900; x_wconf 83' lang='lat' dir='ltr'>Thcophobo</span> <span class='ocrx_word' id='word_1_680' title='bbox 2135 4837 2196 4892; x_wconf 90' lang='lat' dir='ltr'>in</span> 
     </span>
    </p>
   </div>
   <div class='ocr_carea' id='block_1_101' title="bbox 551 4913 2196 4994">
    <p class='ocr_par' dir='ltr' id='par_1_101' title="bbox 551 4913 2196 4994">
     <span class='ocr_line' id='line_1_101' title="bbox 551 4913 2196 4994; baseline 0.009 -27"><span class='ocrx_word' id='word_1_681' title='bbox 551 4913 764 4967; x_wconf 89' lang='lat' dir='ltr'>collem</span> <span class='ocrx_word' id='word_1_682' title='bbox 789 4913 1105 4984; x_wconf 87' lang='lat' dir='ltr'>quemdam</span> <span class='ocrx_word' id='word_1_683' title='bbox 1129 4914 1314 4970; x_wconf 91' lang='lat' dir='ltr'>evasit</span> <span class='ocrx_word' id='word_1_684' title='bbox 1338 4931 1350 4968; x_wconf 88' lang='lat'><strong>:</strong></span> <span class='ocrx_word' id='word_1_685' title='bbox 1384 4933 1561 4985; x_wconf 90' lang='lat' dir='ltr'>quem</span> <span class='ocrx_word' id='word_1_686' title='bbox 1586 4918 1837 4985; x_wconf 85' lang='lat' dir='ltr'>Agareni</span> <span class='ocrx_word' id='word_1_687' title='bbox 1859 4921 2196 4994; x_wconf 82' lang='lat' dir='ltr'>cinxerunt,</span> 
     </span>
    </p>
   </div>
   <div class='ocr_carea' id='block_1_102' title="bbox 550 5001 2198 5080">
    <p class='ocr_par' dir='ltr' id='par_1_102' title="bbox 550 5001 2198 5080">
     <span class='ocr_line' id='line_1_102' title="bbox 550 5001 2198 5080; baseline 0.008 -25"><span class='ocrx_word' id='word_1_688' title='bbox 550 5008 605 5056; x_wconf 89' lang='lat' dir='ltr'>et</span> <span class='ocrx_word' id='word_1_689' title='bbox 641 5018 831 5073; x_wconf 89' lang='lat' dir='ltr'>usque</span> <span class='ocrx_word' id='word_1_690' title='bbox 862 5001 936 5056; x_wconf 90' lang='lat' dir='ltr'>ad</span> <span class='ocrx_word' id='word_1_691' title='bbox 967 5019 1268 5074; x_wconf 87' lang='lat' dir='ltr'>vesperam</span> <span class='ocrx_word' id='word_1_692' title='bbox 1315 5005 1531 5057; x_wconf 88' lang='lat' dir='ltr'>acriter</span> <span class='ocrx_word' id='word_1_693' title='bbox 1579 5011 1670 5059; x_wconf 90' lang='lat' dir='ltr'>est</span> <span class='ocrx_word' id='word_1_694' title='bbox 1712 5006 2080 5080; x_wconf 91' lang='lat' dir='ltr'>dimicatum,</span> <span class='ocrx_word' id='word_1_695' title='bbox 2126 5015 2198 5070; x_wconf 89' lang='lat' dir='ltr'>iis</span> 
     </span>
    </p>
   </div>
   <div class='ocr_carea' id='block_1_103' title="bbox 2309 4641 3890 4733">
    <p class='ocr_par' dir='ltr' id='par_1_103' title="bbox 2309 4641 3890 4733">
     <span class='ocr_line' id='line_1_103' title="bbox 2309 4641 3890 4733; baseline -0.012 -23"><span class='ocrx_word' id='word_1_696' title='bbox 2309 4656 2446 4731; x_wconf 88' lang='grc' dir='ltr'>πρὸς</span> <span class='ocrx_word' id='word_1_697' title='bbox 2494 4676 2586 4711; x_wconf 92' lang='grc' dir='ltr'>τον</span> <span class='ocrx_word' id='word_1_698' title='bbox 2641 4657 2778 4711; x_wconf 79' lang='grc' dir='ltr'>κατὰ</span> <span class='ocrx_word' id='word_1_699' title='bbox 2841 4655 3111 4732; x_wconf 85' lang='grc' dir='ltr'>βασιλέως</span> <span class='ocrx_word' id='word_1_700' title='bbox 3173 4658 3418 4733; x_wconf 84' lang='grc' dir='ltr'>πόλεμον</span> <span class='ocrx_word' id='word_1_701' title='bbox 3482 4658 3617 4733; x_wconf 64' lang='grc' dir='ltr'>μετὰ</span> <span class='ocrx_word' id='word_1_702' title='bbox 3674 4641 3890 4733; x_wconf 57' lang='grc' dir='ltr'>μυριάὸιιιν</span> 
     </span>
    </p>
   </div>
   <div class='ocr_carea' id='block_1_104' title="bbox 2311 4727 3891 4823">
    <p class='ocr_par' dir='ltr' id='par_1_104' title="bbox 2311 4727 3891 4823">
     <span class='ocr_line' id='line_1_104' title="bbox 2311 4727 3891 4823; baseline -0.007 -25"><span class='ocrx_word' id='word_1_703' title='bbox 2311 4743 2454 4799; x_wconf 83' lang='grc' dir='ltr'>ὀκτὼ</span> <span class='ocrx_word' id='word_1_704' title='bbox 2487 4742 2875 4814; x_wconf 82' lang='grc' dir='ltr'>ἐξαπέστειλεν.</span> <span class='ocrx_word' id='word_1_705' title='bbox 2935 4747 3286 4823; x_wconf 76' lang='grc' dir='ltr'>Ἐγγισάντων</span> <span class='ocrx_word' id='word_1_706' title='bbox 3342 4746 3396 4803; x_wconf 75' lang='grc' dir='ltr'>δὲ</span> <span class='ocrx_word' id='word_1_707' title='bbox 3449 4753 3560 4802; x_wconf 87' lang='grc' dir='ltr'>τῶν</span> <span class='ocrx_word' id='word_1_708' title='bbox 3617 4727 3891 4816; x_wconf 77' lang='grc' dir='ltr'>στρατευμά-</span> 
     </span>
    </p>
   </div>
   <div class='ocr_carea' id='block_1_105' title="bbox 2307 4823 3888 4915">
    <p class='ocr_par' dir='ltr' id='par_1_105' title="bbox 2307 4823 3888 4915">
     <span class='ocr_line' id='line_1_105' title="bbox 2307 4823 3888 4915; baseline 0 -27"><span class='ocrx_word' id='word_1_709' title='bbox 2307 4838 2416 4888; x_wconf 87' lang='grc' dir='ltr'>τῶν</span> <span class='ocrx_word' id='word_1_710' title='bbox 2446 4832 2538 4888; x_wconf 78' lang='grc' dir='ltr'>καὶ</span> <span class='ocrx_word' id='word_1_711' title='bbox 2580 4833 2906 4905; x_wconf 78' lang='grc' dir='ltr'>συμπλοκῆς</span> <span class='ocrx_word' id='word_1_712' title='bbox 2935 4838 3236 4911; x_wconf 71' lang='grc' dir='ltr'>γενομένης</span> <span class='ocrx_word' id='word_1_713' title='bbox 3277 4836 3368 4891; x_wconf 79' lang='grc' dir='ltr'>καὶ</span> <span class='ocrx_word' id='word_1_714' title='bbox 3413 4836 3635 4892; x_wconf 83' lang='grc' dir='ltr'>πολλῶν</span> <span class='ocrx_word' id='word_1_715' title='bbox 3682 4823 3888 4915; x_wconf 52' lang='grc' dir='ltr'>ἑκατέρως</span> 
     </span>
    </p>
   </div>
   <div class='ocr_carea' id='block_1_106' title="bbox 2311 4917 3891 5009">
    <p class='ocr_par' dir='ltr' id='par_1_106' title="bbox 2311 4917 3891 5009">
     <span class='ocr_line' id='line_1_106' title="bbox 2311 4917 3891 5009; baseline 0.006 -28"><span class='ocrx_word' id='word_1_716' title='bbox 2311 4936 2396 4989; x_wconf 80' lang='grc' dir='ltr'>θεν</span> <span class='ocrx_word' id='word_1_717' title='bbox 2425 4928 2759 4994; x_wconf 85' lang='grc' dir='ltr'>πιπτόντων,</span> <span class='ocrx_word' id='word_1_718' title='bbox 2798 4926 2959 4990; x_wconf 79' lang='grc' dir='ltr'>τέλος</span> <span class='ocrx_word' id='word_1_719' title='bbox 3020 4924 3238 4984; x_wconf 79' lang='grc' dir='ltr'>ἔκλιναν</span> <span class='ocrx_word' id='word_1_720' title='bbox 3295 4929 3348 4982; x_wconf 69' lang='lat' dir='ltr'>ai.</span> <span class='ocrx_word' id='word_1_721' title='bbox 3407 4927 3608 5002; x_wconf 84' lang='grc' dir='ltr'>σχολαὶ</span> <span class='ocrx_word' id='word_1_722' title='bbox 3667 4917 3782 4997; x_wconf 80' lang='grc' dir='ltr'>μετά</span> 
     </span>
    </p>
   </div>
   <div class='ocr_carea' id='block_1_107' title="bbox 2310 4991 3888 5093">
    <p class='ocr_par' dir='ltr' id='par_1_107' title="bbox 2310 4991 3888 5093">
     <span class='ocr_line' id='line_1_107' title="bbox 2310 4991 3888 5093; baseline -0.008 -21"><span class='ocrx_word' id='word_1_723' title='bbox 2310 5013 2633 5090; x_wconf 83' lang='grc' dir='ltr'>δομεστίκου</span> <span class='ocrx_word' id='word_1_724' title='bbox 2664 4991 2777 5089; x_wconf 59' lang='lat'>(99)</span> <span class='ocrx_word' id='word_1_725' title='bbox 2824 5018 2913 5072; x_wconf 84' lang='grc' dir='ltr'>καὶ</span> <span class='ocrx_word' id='word_1_726' title='bbox 2970 5017 3107 5092; x_wconf 81' lang='grc' dir='ltr'>πρὸς</span> <span class='ocrx_word' id='word_1_727' title='bbox 3161 4991 3480 5093; x_wconf 41' lang='grc' dir='ltr'>ὑπαγωγὴν-</span> <span class='ocrx_word' id='word_1_728' title='bbox 3502 4991 3807 5085; x_wconf 72' lang='grc' dir='ltr'>ἐκινήθησαν.</span> <span class='ocrx_word' id='word_1_729' title='bbox 3847 4991 3888 5046; x_wconf 71' lang='grc' dir='ltr'>’θ</span> 
     </span>
    </p>
   </div>
   <div class='ocr_carea' id='block_1_108' title="bbox 1763 5107 2782 5172">
    <p class='ocr_par' dir='ltr' id='par_1_108' title="bbox 1763 5107 2782 5172">
     <span class='ocr_line' id='line_1_108' title="bbox 1763 5107 2782 5172; baseline 0.014 -14"><span class='ocrx_word' id='word_1_730' title='bbox 1763 5107 2129 5166; x_wconf 79' lang='lat' dir='ltr'>XYLANDRI</span> <span class='ocrx_word' id='word_1_731' title='bbox 2167 5114 2254 5169; x_wconf 91' lang='lat' dir='ltr'>ET</span> <span class='ocrx_word' id='word_1_732' title='bbox 2293 5116 2510 5172; x_wconf 78' lang='lat' dir='ltr'><strong>GOARI</strong></span> <span class='ocrx_word' id='word_1_733' title='bbox 2556 5117 2782 5172; x_wconf 65' lang='lat' dir='ltr'>NOTAE.</span> 
     </span>
    </p>
   </div>
   <div class='ocr_carea' id='block_1_109' title="bbox 620 5197 2196 5284">
    <p class='ocr_par' dir='ltr' id='par_1_109' title="bbox 620 5197 2196 5284">
     <span class='ocr_line' id='line_1_109' title="bbox 620 5197 2196 5284; baseline 0.01 -35"><span class='ocrx_word' id='word_1_734' title='bbox 620 5197 744 5284; x_wconf 42' lang='grc'>(99).</span> <span class='ocrx_word' id='word_1_735' title='bbox 777 5199 920 5251; x_wconf 90' lang='lat' dir='ltr'>Cum</span> <span class='ocrx_word' id='word_1_736' title='bbox 951 5198 1162 5284; x_wconf 41' lang='lat' dir='ltr'>‘p&#39;l‘ures</span> <span class='ocrx_word' id='word_1_737' title='bbox 1213 5198 1514 5284; x_wconf 61' lang='lat' dir='ltr'>iidemque</span> <span class='ocrx_word' id='word_1_738' title='bbox 1576 5201 1728 5284; x_wconf 40' lang='lat' dir='ltr'>varii.</span> <span class='ocrx_word' id='word_1_739' title='bbox 1769 5207 2196 5284; x_wconf 79' lang='lat' dir='ltr'>posterioribus</span> 
     </span>
    </p>
   </div>
   <div class='ocr_carea' id='block_1_110' title="bbox 548 5268 2194 5347">
    <p class='ocr_par' dir='ltr' id='par_1_110' title="bbox 548 5268 2194 5347">
     <span class='ocr_line' id='line_1_110' title="bbox 548 5268 2194 5347; baseline 0.011 -28"><span class='ocrx_word' id='word_1_740' title='bbox 548 5269 780 5347; x_wconf 68' lang='lat' dir='ltr'>sarculis</span> <span class='ocrx_word' id='word_1_741' title='bbox 806 5268 968 5347; x_wconf 73' lang='lat' dir='ltr'>apud</span> <span class='ocrx_word' id='word_1_742' title='bbox 989 5271 1218 5347; x_wconf 57' lang='grc' dir='ltr'>ϐεφορε</span> <span class='ocrx_word' id='word_1_743' title='bbox 1241 5268 1460 5325; x_wconf 86' lang='lat' dir='ltr'>fuerint</span> <span class='ocrx_word' id='word_1_744' title='bbox 1480 5268 1807 5347; x_wconf 74' lang='lat' dir='ltr'>domestici,</span> <span class='ocrx_word' id='word_1_745' title='bbox 1834 5278 1965 5347; x_wconf 91' lang='lat' dir='ltr'>quis</span> <span class='ocrx_word' id='word_1_746' title='bbox 1988 5296 2194 5337; x_wconf 89' lang='lat' dir='ltr'>eorum</span> 
     </span>
    </p>
   </div>
   <div class='ocr_carea' id='block_1_111' title="bbox 547 5337 2192 5415">
    <p class='ocr_par' dir='ltr' id='par_1_111' title="bbox 547 5337 2192 5415">
     <span class='ocr_line' id='line_1_111' title="bbox 547 5337 2192 5415; baseline 0.011 -26"><span class='ocrx_word' id='word_1_747' title='bbox 547 5337 642 5415; x_wconf 72' lang='lat' dir='ltr'>hic</span> <span class='ocrx_word' id='word_1_748' title='bbox 673 5337 1041 5415; x_wconf 80' lang='lat' dir='ltr'>intelligatur</span> <span class='ocrx_word' id='word_1_749' title='bbox 1070 5341 1315 5415; x_wconf 83' lang='lat' dir='ltr'>dubium</span> <span class='ocrx_word' id='word_1_750' title='bbox 1350 5348 1456 5396; x_wconf 89' lang='lat' dir='ltr'>est.</span> <span class='ocrx_word' id='word_1_751' title='bbox 1494 5344 1634 5397; x_wconf 81' lang='lat' dir='ltr'>Nam</span> <span class='ocrx_word' id='word_1_752' title='bbox 1664 5337 1930 5415; x_wconf 69' lang='lat' dir='ltr'>quamvis</span> <span class='ocrx_word' id='word_1_753' title='bbox 1974 5368 2076 5406; x_wconf 82' lang='lat' dir='ltr'>vox</span> <span class='ocrx_word' id='word_1_754' title='bbox 2107 5349 2192 5406; x_wconf 84' lang='grc' dir='ltr'>δο-</span> 
     </span>
    </p>
   </div>
   <div class='ocr_carea' id='block_1_112' title="bbox 551 5404 2195 5492">
    <p class='ocr_par' dir='ltr' id='par_1_112' title="bbox 551 5404 2195 5492">
     <span class='ocr_line' id='line_1_112' title="bbox 551 5404 2195 5492; baseline 0.013 -35"><span class='ocrx_word' id='word_1_755' title='bbox 551 5404 799 5473; x_wconf 74' lang='grc' dir='ltr'>μὲστικος</span> <span class='ocrx_word' id='word_1_756' title='bbox 833 5404 986 5492; x_wconf 53' lang='lat' dir='ltr'>idem</span> <span class='ocrx_word' id='word_1_757' title='bbox 1013 5412 1300 5492; x_wconf 64' lang='lat' dir='ltr'>indicarit</span> <span class='ocrx_word' id='word_1_758' title='bbox 1330 5415 1612 5492; x_wconf 73' lang='lat' dir='ltr'>primva</span> <span class='ocrx_word' id='word_1_759' title='bbox 1642 5404 1907 5489; x_wconf 73' lang='lat' dir='ltr'>tempore</span> <span class='ocrx_word' id='word_1_760' title='bbox 1931 5404 2088 5492; x_wconf 82' lang='lat' dir='ltr'>quod</span> <span class='ocrx_word' id='word_1_761' title='bbox 2112 5404 2195 5478; x_wconf 68' lang='lat' dir='ltr'>oi-</span> 
     </span>
    </p>
   </div>
   <div class='ocr_carea' id='block_1_113' title="bbox 545 5481 2188 5563">
    <p class='ocr_par' dir='ltr' id='par_1_113' title="bbox 545 5481 2188 5563">
     <span class='ocr_line' id='line_1_113' title="bbox 545 5481 2188 5563; baseline 0.017 -39"><span class='ocrx_word' id='word_1_762' title='bbox 545 5481 864 5563; x_wconf 44' lang='grc' dir='ltr'>κεχακόςᾴιᾲ</span> <span class='ocrx_word' id='word_1_763' title='bbox 885 5481 1172 5563; x_wconf 83' lang='lat' dir='ltr'>familiam</span> <span class='ocrx_word' id='word_1_764' title='bbox 1195 5485 1285 5538; x_wconf 83' lang='lat' dir='ltr'>vel</span> <span class='ocrx_word' id='word_1_765' title='bbox 1309 5481 1475 5563; x_wconf 76' lang='lat' dir='ltr'>quasi</span> <span class='ocrx_word' id='word_1_766' title='bbox 1501 5487 1573 5540; x_wconf 92' lang='lat' dir='ltr'>ad</span> <span class='ocrx_word' id='word_1_767' title='bbox 1590 5481 1874 5563; x_wconf 75' lang='lat' dir='ltr'>familiam</span> <span class='ocrx_word' id='word_1_768' title='bbox 1892 5481 2188 5563; x_wconf 67' lang='lat' dir='ltr'>spectans.</span> 
     </span>
    </p>
   </div>
   <div class='ocr_carea' id='block_1_114' title="bbox 546 5545 2192 5636">
    <p class='ocr_par' dir='ltr' id='par_1_114' title="bbox 546 5545 2192 5636">
     <span class='ocr_line' id='line_1_114' title="bbox 546 5545 2192 5636; baseline 0.015 -37"><span class='ocrx_word' id='word_1_769' title='bbox 546 5545 824 5636; x_wconf 56' lang='lat' dir='ltr'>dei‘nceps</span> <span class='ocrx_word' id='word_1_770' title='bbox 853 5555 1049 5631; x_wconf 79' lang='lat' dir='ltr'>tamen</span> <span class='ocrx_word' id='word_1_771' title='bbox 1079 5556 1150 5633; x_wconf 78' lang='lat' dir='ltr'>ad</span> <span class='ocrx_word' id='word_1_772' title='bbox 1188 5545 1543 5636; x_wconf 54' lang='lat' dir='ltr'>pfzcﬁosjtum</span> <span class='ocrx_word' id='word_1_773' title='bbox 1590 5559 1778 5636; x_wconf 59' lang='lat' dir='ltr'>ducem</span> 
     </span>
    </p>
   </div>
   <div class='ocr_carea' id='block_1_115' title="bbox 546 5615 2192 5696">
    <p class='ocr_par' dir='ltr' id='par_1_115' title="bbox 546 5615 2192 5696">
     <span class='ocr_line' id='line_1_115' title="bbox 546 5615 2192 5696; baseline 0.013 -24"><span class='ocrx_word' id='word_1_774' title='bbox 546 5615 771 5672; x_wconf 82' lang='lat' dir='ltr'>ordinis</span> <span class='ocrx_word' id='word_1_775' title='bbox 794 5622 1038 5688; x_wconf 84' lang='lat' dir='ltr'>primum</span> <span class='ocrx_word' id='word_1_776' title='bbox 1069 5615 1521 5696; x_wconf 74' lang='lat' dir='ltr'>signiﬁcandum</span> <span class='ocrx_word' id='word_1_777' title='bbox 1554 5615 1882 5688; x_wconf 77' lang='lat' dir='ltr'>traductam</span> <span class='ocrx_word' id='word_1_778' title='bbox 1910 5615 2192 5696; x_wconf 57' lang='lat' dir='ltr'>té§ii§ééi</span> 
     </span>
    </p>
   </div>
   <div class='ocr_carea' id='block_1_116' title="bbox 2303 5207 3882 5292">
    <p class='ocr_par' dir='ltr' id='par_1_116' title="bbox 2303 5207 3882 5292">
     <span class='ocr_line' id='line_1_116' title="bbox 2303 5207 3882 5292; baseline -0.012 -22"><span class='ocrx_word' id='word_1_779' title='bbox 2303 5215 2557 5292; x_wconf 61' lang='lat' dir='ltr'>Joannes</span> <span class='ocrx_word' id='word_1_780' title='bbox 2589 5213 2728 5292; x_wconf 64' lang='lat' dir='ltr'>gitrl</span> <span class='ocrx_word' id='word_1_781' title='bbox 2763 5214 3076 5292; x_wconf 65' lang='lat' dir='ltr'>episcopus</span> <span class='ocrx_word' id='word_1_782' title='bbox 3101 5214 3159 5268; x_wconf 90' lang='lat' dir='ltr'>in</span> <span class='ocrx_word' id='word_1_783' title='bbox 3189 5215 3344 5272; x_wconf 83' lang='lat' dir='ltr'>Juris</span> <span class='ocrx_word' id='word_1_784' title='bbox 3360 5207 3882 5292; x_wconf 38' lang='lat' dir='ltr'>Greco-Romanii?</span> 
     </span>
    </p>
   </div>
   <div class='ocr_carea' id='block_1_117' title="bbox 2303 5261 3884 5360">
    <p class='ocr_par' dir='ltr' id='par_1_117' title="bbox 2303 5261 3884 5360">
     <span class='ocr_line' id='line_1_117' title="bbox 2303 5261 3884 5360; baseline 0.003 -20"><span class='ocrx_word' id='word_1_785' title='bbox 2303 5285 2564 5360; x_wconf 82' lang='lat' dir='ltr'>lumine:</span> <span class='ocrx_word' id='word_1_786' title='bbox 2590 5285 2668 5360; x_wconf 70' lang='lat' dir='ltr'>_&#39;_ll_</span> <span class='ocrx_word' id='word_1_787' title='bbox 2705 5261 2830 5337; x_wconf 59' lang='grc' dir='ltr'>τοῠΓ</span> <span class='ocrx_word' id='word_1_788' title='bbox 2846 5261 3172 5360; x_wconf 62' lang='grc' dir='ltr'>δομὲστίκου</span> <span class='ocrx_word' id='word_1_789' title='bbox 3223 5286 3564 5360; x_wconf 78' lang='grc' dir='ltr'>προσηγορία</span> <span class='ocrx_word' id='word_1_790' title='bbox 3609 5276 3734 5360; x_wconf 40' lang='lat' dir='ltr'>alii,</span> <span class='ocrx_word' id='word_1_791' title='bbox 3769 5261 3884 5360; x_wconf 48' lang='lat' dir='ltr'>Mli:</span> 
     </span>
    </p>
   </div>
   <div class='ocr_carea' id='block_1_118' title="bbox 2301 5345 3888 5441">
    <p class='ocr_par' dir='ltr' id='par_1_118' title="bbox 2301 5345 3888 5441">
     <span class='ocr_line' id='line_1_118' title="bbox 2301 5345 3888 5441; baseline 0.003 -44"><span class='ocrx_word' id='word_1_792' title='bbox 2301 5358 2551 5441; x_wconf 43' lang='lat' dir='ltr'>vox-‘15“;</span> <span class='ocrx_word' id='word_1_793' title='bbox 2586 5345 2928 5441; x_wconf 67' lang='grc' dir='ltr'>ἐξάρχοντα,’</span> <span class='ocrx_word' id='word_1_794' title='bbox 2959 5357 3051 5441; x_wconf 66' lang='grc' dir='ltr'>τὸν</span> <span class='ocrx_word' id='word_1_795' title='bbox 3101 5345 3568 5441; x_wconf 35' lang='grc' dir='ltr'>προηγούμένόνη</span> <span class='ocrx_word' id='word_1_796' title='bbox 3593 5356 3676 5441; x_wconf 54' lang='grc' dir='ltr'>τὸν</span> <span class='ocrx_word' id='word_1_797' title='bbox 3718 5345 3888 5441; x_wconf 42' lang='lat' dir='ltr'>tum:</span> 
     </span>
    </p>
   </div>
   <div class='ocr_carea' id='block_1_119' title="bbox 2303 5417 3884 5501">
    <p class='ocr_par' dir='ltr' id='par_1_119' title="bbox 2303 5417 3884 5501">
     <span class='ocr_line' id='line_1_119' title="bbox 2303 5417 3884 5501; baseline 0.003 -22"><span class='ocrx_word' id='word_1_798' title='bbox 2303 5417 2416 5496; x_wconf 78' lang='grc' dir='ltr'>την</span> <span class='ocrx_word' id='word_1_799' title='bbox 2436 5417 2636 5492; x_wconf 54' lang='grc' dir='ltr'>δηλοῖ(</span> <span class='ocrx_word' id='word_1_800' title='bbox 2661 5417 2808 5501; x_wconf 71' lang='lat' dir='ltr'>Hinc</span> <span class='ocrx_word' id='word_1_801' title='bbox 2832 5417 3167 5484; x_wconf 44' lang='lat' dir='ltr'>in&#39;ecclesia</span> <span class='ocrx_word' id='word_1_802' title='bbox 3191 5417 3570 5484; x_wconf 53' lang='lat' dir='ltr'>ch&#39;ori&#39;dextri</span> <span class='ocrx_word' id='word_1_803' title='bbox 3595 5417 3884 5501; x_wconf 52' lang='grc' dir='ltr'>ᾀοῐῐιςξῇξὶςξξῖ</span> 
     </span>
    </p>
   </div>
   <div class='ocr_carea' id='block_1_120' title="bbox 2301 5490 3882 5574">
    <p class='ocr_par' dir='ltr' id='par_1_120' title="bbox 2301 5490 3882 5574">
     <span class='ocr_line' id='line_1_120' title="bbox 2301 5490 3882 5574; baseline -0.003 -20"><span class='ocrx_word' id='word_1_804' title='bbox 2301 5490 2368 5554; x_wconf 78' lang='lat' dir='ltr'>ac</span> <span class='ocrx_word' id='word_1_805' title='bbox 2395 5490 2901 5574; x_wconf 22' lang='lat' dir='ltr'>pariter‘sinistri,</span> <span class='ocrx_word' id='word_1_806' title='bbox 2936 5517 3170 5574; x_wconf 85' lang='lat' dir='ltr'>necnon</span> <span class='ocrx_word' id='word_1_807' title='bbox 3204 5501 3342 5555; x_wconf 90' lang='lat' dir='ltr'>alii:</span> <span class='ocrx_word' id='word_1_808' title='bbox 3379 5507 3437 5574; x_wconf 85' lang='lat' dir='ltr'>et</span> <span class='ocrx_word' id='word_1_809' title='bbox 3475 5499 3633 5573; x_wconf 91' lang='lat' dir='ltr'>quod</span> <span class='ocrx_word' id='word_1_810' title='bbox 3668 5490 3882 5574; x_wconf 40' lang='lat' dir='ltr'>m&#39;ililj‘ﬂ‘l</span> 
     </span>
    </p>
   </div>
   <div class='ocr_carea' id='block_1_121' title="bbox 2300 5558 3884 5639">
    <p class='ocr_par' dir='ltr' id='par_1_121' title="bbox 2300 5558 3884 5639">
     <span class='ocr_line' id='line_1_121' title="bbox 2300 5558 3884 5639; baseline -0.009 -13"><span class='ocrx_word' id='word_1_811' title='bbox 2300 5558 2533 5638; x_wconf 77' lang='lat' dir='ltr'>attinet,</span> <span class='ocrx_word' id='word_1_812' title='bbox 2569 5558 2948 5629; x_wconf 85' lang='lat' dir='ltr'>orientalium</span> <span class='ocrx_word' id='word_1_813' title='bbox 2981 5573 3334 5639; x_wconf 88' lang='lat' dir='ltr'>thematum,</span> <span class='ocrx_word' id='word_1_814' title='bbox 3365 5558 3518 5628; x_wconf 69' lang='lat' dir='ltr'>sicut</span> <span class='ocrx_word' id='word_1_815' title='bbox 3544 5578 3600 5628; x_wconf 89' lang='lat' dir='ltr'>et</span> <span class='ocrx_word' id='word_1_816' title='bbox 3617 5558 3884 5639; x_wconf 65' lang='lat' dir='ltr'>occidean</span> 
     </span>
    </p>
   </div>
   <div class='ocr_carea' id='block_1_122' title="bbox 2297 5634 3883 5714">
    <p class='ocr_par' dir='ltr' id='par_1_122' title="bbox 2297 5634 3883 5714">
     <span class='ocr_line' id='line_1_122' title="bbox 2297 5634 3883 5714; baseline 0.001 -14"><span class='ocrx_word' id='word_1_817' title='bbox 2297 5641 2465 5714; x_wconf 90' lang='lat' dir='ltr'>lium,</span> <span class='ocrx_word' id='word_1_818' title='bbox 2501 5634 2844 5702; x_wconf 86' lang='lat' dir='ltr'>scholarum</span> <span class='ocrx_word' id='word_1_819' title='bbox 2877 5644 3017 5700; x_wconf 88' lang='lat' dir='ltr'>item</span> <span class='ocrx_word' id='word_1_820' title='bbox 3050 5634 3382 5713; x_wconf 78' lang='lat' dir='ltr'>domestici,</span> <span class='ocrx_word' id='word_1_821' title='bbox 3417 5654 3484 5701; x_wconf 73' lang='lat' dir='ltr'>ac</span> <span class='ocrx_word' id='word_1_822' title='bbox 3504 5634 3883 5702; x_wconf 62' lang='lat' dir='ltr'>tandeme‘e&#39;</span> 
     </span>
    </p>
   </div>
   <div class='ocr_carea' id='block_1_123' title="bbox 2918 5761 2930 5784">
    <p class='ocr_par' dir='ltr' id='par_1_123' title="bbox 2918 5761 2930 5784">
     <span class='ocr_line' id='line_1_123' title="bbox 2918 5761 2930 5784; baseline 0 0"><span class='ocrx_word' id='word_1_823' title='bbox 2918 5761 2930 5784; x_wconf 89' lang='lat'>\</span> 
     </span>
    </p>
   </div>
  </div>
