4130 6218
316 399 344 456 1
357 393 477 457 005

1466 393 2015 455 HISTORIABUM
2059 394 2370 459 COMPEN
2384 402 2605 464 DIUM.

3577 412 3733 473 1006

515 522 653 556 παλ
759 527 964 558 ρκ’-,ς
1252 532 1351 559 ...⁸
1465 528 1479 546 1
1601 526 1928 564 ...ναν

315 525 571 602 βασιλευς
598 540 656 581 0:.
713 547 850 598 μετα
910 546 997 593 .qc
1059 525 1349 600 βασιλικη..
1409 525 1695 606 φάλαγγος
1751 549 1966 584 animo

2093 551 2292 606 :apere
2326 537 2746 609 imperatorem
2778 545 3178 601 Romanorum
3213 550 3585 620 conantibus,
3619 555 3734 610 Ho-

314 612 587 693 χιλιάδων
621 619 856 688 Περσῶν,
889 615 1188 688 προσόντος
1251 614 1436 676 αὐτοῖς
1493 618 1584 670 καὶ
1615 621 1711 672 105
1767 618 1973 694 Θεοφό-

312 701 433 776 ϐου,
468 704 556 761 ἐπί
604 727 720 760 τινα
781 706 977 780 βουνὸν
1039 704 1236 775 ἄνεισι,
1292 707 1825 786 περιστουχισάντων
1853 707 1981 764 105-

316 815 409 848 τον
451 799 562 848 τῶν
613 799 970 869 Σαρακηνῶν.
1033 795 1132 850 Καὶ
1196 793 1331 870 ἄχρι
1392 797 1490 867 μὲν
1549 795 1772 869 ἑσπέρας
1804 794 1978 854 πολὺς

316 884 384 952 ἦν
413 884 441 937 ὁ
466 883 589 957 περὶ
620 882 797 938 αὐτῶν
831 882 1100 955 πόλεμος,
1131 887 1240 937 τῶν
1297 884 1391 956 μὶν
1429 883 1783 954 ἐλπιζόντιυντ
1806 885 1976 960 αἰχμ-

320 974 535 1031 άλωτον
567 979 757 1030 τοῦτον
823 969 1034 1043 λαϐεῖν,
1093 979 1202 1029 τῶν
1254 972 1312 1029 δὲ
1365 977 1726 1050 ἀμυνομένων
1774 978 1861 1031 καὶ
1899 977 1975 1049 μή

322 1065 619 1142 προδοῦναι
647 1067 743 1121 τὸν
789 1063 1021 1140 βασιλέα
1075 1064 1448 1141 ἀνεχομένων.
1511 1067 1604 1121 Διὸ
1635 1067 1827 1128 νυκτὸς
1859 1066 1978 1120 ἐπι-

325 1175 625 1232 γενομενης
683 1153 1072 1231 κατεσοφίσατο
1123 1156 1252 1217 τοὺς
1307 1157 1657 1230 Σαρακηνοὺς
1712 1156 1980 1233 665690-

320 1242 442 1313 ϐος,
474 1251 590 1306 τοῖς
624 1244 984 1320 στρατιώταις
1032 1244 1488 1320 ἐγκελευσάμενος
1544 1245 1762 1322 κρότοις
1801 1257 1859 1301 τε
1889 1247 1978 1300 καὶ

318 1334 668 1409 ἀλαλαγμοῖς
699 1337 940 1410 χρῆσθαι
971 1334 1250 1410 κινιύραις
1280 1354 1338 1390 τε
1386 1336 1475 1390 καὶ
1507 1333 1742 1411 χορδαῖς
1777 1337 1856 1409 (1)
1889 1334 1979 1390 καὶ

321 1424 640 1501 σαλπίγγων
684 1430 892 1499 φωναῖς
947 1425 1020 1486 ὡς
1078 1426 1224 1500 τάχα
1285 1424 1537 1501 βοηθείας
1595 1424 1779 1500 ἐτέρας
1811 1445 1980 1498 προσ-

319 1515 618 1592 γινομένης
649 1515 856 1577 αύτοῖς.
919 1518 1093 1572 T0510
1154 1517 1258 1590 γὰρ
1293 1514 1480 1586 δήκαὶ
1539 1515 1980 1579 ὑποτοπάσαντες

322 1606 372 1658 οἱ
407 1605 714 1678 Σαρακηνοὶ
761 1604 922 1676 μίλια
971 1600 1018 1674 ἕξ
1079 1605 1443 1681 ὑπεχώρησαν
1477 1605 1552 1666 εἷς
1585 1605 1852 1674 τούπίσω,
1885 1605 1981 1660 κύ-

321 1692 529 1748 κλωσιν
599 1692 1114 1767 κατορῥωδήσαντες
1155 1738 1166 1751 .
1255 1695 1409 1758 Ὅθεν
1486 1691 1668 1756 ἀδείας
1721 1693 1982 1769 τυχόντες

331 1789 532 1857 μικρᾶς
573 1785 621 1836 0i
670 1783 792 1855 περὶ
858 1785 952 1837 τὸν
1002 1782 1230 1856 βασιλέα
1282 1787 1425 1856 φυγῇ
1485 1785 1828 1857 χρησάμενοι
1883 1783 1983 1850 τήν

2086 626 2280 681 manis
2313 635 2519 684 contra
2557 647 2661 701 pro
2707 633 3064 703 imperatore
3103 636 3335 692 fortiter
3361 657 3735 714 prapugnan-

2086 714 2262 769 tibus.
2331 718 2507 773 Nocte
2579 721 2732 776 facta
2790 724 3167 796 Theopholus
3229 728 3556 784 Saracenos
3611 738 3734 786 arte

2087 801 2324 873 delusit,
2384 807 2676 865 militibus
2726 812 2881 867 9‘24
2950 815 3226 871 mandato
3279 823 3344 871 ut
3405 824 3738 890 streperent

2085 898 2261 964 atque
2321 897 2785 967 conclamarent,
2840 904 3199 974 sonitunque
3263 907 3623 962 cithararnm
3681 916 3738 964 et

2086 981 2442 1039 chordarum
2477 986 2868 1059 tubarumque
2891 990 3155 1056 ederent,
3185 993 3358 1048 veluti
3383 994 3734 1051 adventante

2084 1071 2230 1141 ipsis
2292 1073 2529 1129 aliunde
2582 1076 2867 1132 subsidio.
2915 1082 2983 1133 Et
3033 1081 3307 1137 Saraceni
3369 1083 3478 1139 hoc
3538 1086 3736 1156 ipsum

2088 1159 2216 1214 fieri
2263 1163 2653 1233 suspicantes,
2687 1183 2760 1221 ne
2793 1166 2865 1222 ab
2898 1168 3164 1224 hosiibus
3204 1171 3734 1244 circumdarentur,

2087 1248 2160 1304 ad
2191 1266 2291 1305 sex
2315 1251 2506 1307 millia
2525 1269 2808 1323 passuum
2840 1266 3234 1314 recesserunt.
3255 1262 3583 1332 Imperator
3601 1281 3735 1318 cum

2088 1340 2210 1394 suis
2248 1342 2511 1412 periculo
2560 1344 2933 1415 aliquantum
2967 1348 3252 1405 sublevati
3302 1350 3438 1422 fuga
3488 1353 3736 1408 salutem

2087 1429 2431 1498 qumsivere,
2465 1436 2640 1502 atque
2671 1433 2745 1488 ad
2777 1435 3104 1491 exercitum
3127 1437 3226 1508 qui
3256 1437 3452 1509 fugam
3481 1457 3511 1495 e
3535 1441 3738 1511 praelio

2086 1516 2308 1572 fecerat
2336 1527 2748 1589 pervenerunt.
2782 1524 2965 1588 Quem
2989 1525 3313 1596 imperator
3343 1527 3539 1583 verbis
3560 1529 3736 1584 modo

2087 1605 2162 1660 ob
2208 1607 2605 1677 proditionem
2656 1612 2978 1684 castigavit,
3031 1631 3224 1685 neque
3275 1616 3335 1671 in
3379 1634 3738 1688 quemquam

2089 1694 2295 1751 durius
2328 1697 2652 1769 quidquam
2693 1702 2935 1756 statuit:
2971 1704 3308 1775 Tlieopholo
3342 1712 3540 1762 autem
3575 1725 3740 1763 sum-

2090 1802 2246 1840 mam
2304 1788 2552 1858 gratiam
2619 1789 3028 1862 honoremque
3102 1793 3327 1849 habuit.
3385 1797 3561 1850 Auxit
3628 1797 3740 1853 hoc

330 1871 608 1944 σωτηρίαν
641 1869 1152 1946 ἐπραγματεύσαντο
1184 1871 1274 1926 καὶ
1334 1873 1469 1946 πρὸς
1527 1872 1589 1926 τὸ
1621 1869 1980 1950 διαπεφευγὸς

2093 1873 2451 1930 desiderium
2495 1878 2754 1933 hominis
2788 1880 2849 1934 in
2881 1882 3193 1937 Persarum
3238 1884 3476 1948 animis,
3523 1887 3741 1958 suppli-

334 1958 696 2034 στρατόπεδον
731 1958 1083 2030 διεσώθησαν.
1136 1964 1220 2034 [Ρ.
1295 1963 1421 2033 525]
1481 1961 1848 2034 Μεμψάμενος
1886 1959 1977 2014 οὖν

331 2050 394 2103 τὸ
442 2047 790 2122 προδεδωκὸς
847 2047 1149 2123 στράτευμα
1211 2049 1371 2122 μόνον
1420 2049 1447 2103 ὁ
1483 2048 1763 2124 βασιλεὺς,
1823 2046 1976 2103 οὐδὲν

333 2135 390 2192 δὲ
429 2135 595 2192 πλέον
627 2135 794 2217 ἄχαρι
827 2137 1048 2211 πράξας,
1099 2158 1289 2212 χαρισι
1344 2137 1432 2192 καὶ
1491 2138 1867 2216 διαφερούσαις
1896 2157 1978 2191 τι·

333 2233 461 2299 μαῖς
507 2227 637 2287 τοὺς
695 2227 819 2301 περὶ
875 2229 967 2282 τὸν
1034 2223 1308 2304 Θεόφοϐον
1363 2227 1653 2301 ἐγέραιρεν.
1715 2227 1870 2283 Ὀθεν
1928 2224 1980 2279 οἱ

327 2321 526 2395 Πέρσαι
592 2317 820 2375 πλείονα
870 2321 960 2375 τὸν
1007 2321 1174 2376 πόθον
1229 2321 1366 2395 πρὸς
1409 2320 1501 2375 τὸν
1557 2314 1831 2397 Θεόφόϐον
1887 2317 1980 2371 ἀν.

2090 1978 2302 2033 cesque
2331 1964 2402 2018 ab
2423 1965 2776 2036 imperatore
2801 1971 3237 2026 contenderunt
3266 1978 3331 2026 ut
3351 1974 3462 2028 sibi
3489 1976 3739 2030 seorsim

2089 2049 2237 2105 duce
2285 2054 2640 2124 Theophobo
2686 2056 2911 2112 bellum
2957 2058 3016 2112 in
3060 2062 3360 2131 Agarenos
3408 2063 3738 2132 mandaret,

2089 2146 2311 2195 certam
2351 2142 2601 2212 polliciti
2645 2144 2971 2201 victoriam.
3007 2149 3267 2213 Quorum
3299 2150 3492 2206 verbis
3524 2151 3740 2207 delini-

2089 2234 2184 2284 tus
2226 2230 2552 2301 imperator
2595 2235 2898 2290 neminem
2944 2243 3160 2308 praeter
3201 2240 3625 2311 Theophobum
3658 2242 3743 2298 eis

2092 2335 2344 2388 praeesse
2371 2321 2572 2376 voluit.

327 2414 527 2478 ἧπτον,
560 2409 650 2462 καὶ
687 2409 842 2482 μόνοι
876 2411 990 2482 μετ’
1021 2410 1187 2465 αὐτοῦ
1217 2411 1309 2465 τὸν
1341 2409 1476 2464 κατὰ
1504 2413 1610 2464 τῶν
1644 2409 1964 2482 Ἀγαρηνῶν
2020 2402 2342 2460 ὑποδύεσθαι
2390 2408 2635 2481 πόλεμον
2686 2410 3050 2482 καθικέτευον,
3089 2415 3176 2468 καὶ
3208 2417 3492 2489 τρέπεσθαι
3516 2417 3742 2482 τούτους

331 2501 740 2562 διεϐεϐαιοῦντο
796 2507 890 2562 τὸν
954 2506 1200 2583 βασιλέα.
1255 2508 1357 2564 Λιὸ
1415 2505 1506 2562 λαὶ
1555 2511 1671 2568 τοῖς
1723 2503 1912 2579 λόγοις
1957 2500 2135 2556 αὐτῶν
2186 2501 2672 2578 κατακηλούμενος
2722 2507 2750 2560 ὁ
2792 2507 3050 2582 βασιλεὺς
3084 2507 3274 2566 οὐδένα
3331 2510 3501 2568 ἄλλον
3560 2513 3744 2580 αὐτοῖς

332 2592 480 2648 ἀλλᾶ
512 2596 603 2650 τὸν
637 2590 912 2674 Θεόφοϐον
947 2595 1302 2672 ἡγεμονεύειν
1329 2590 1610 2652 ἐϐούλετο.

405 2719 496 2786 Τῷ
557 2712 602 2768 δ’
651 2701 853 2768 ἐπιόντι
903 2712 1132 2788 ἐνιαυτῷ
1197 2708 1354 2784 ἔξεισι
1415 2713 1578 2769 πάλιν
1633 2713 1661 2767 ὁ
1723 2708 1976 2786 βασιλεὺς

339 2803 609 2875 μετὰτῶν
659 2799 963 2876 δυνάμεων,
1021 2803 1110 2858 καὶ
1166 2804 1304 2858 κατά
1358 2803 1419 2858 τὸ
1478 2801 1786 2876 Χαρσιανὸν
1843 2821 1979 2873 συμ-

336 2890 566 2954 πλακεὶς
597 2898 715 2955 τοῖς
759 2893 1087 2970 Ἀγαρηνοῖς
1141 2893 1391 2966 τρέπεται
1447 2892 1676 2952 τούτους
1742 2890 1831 2946 καὶ
1883 2887 1980 2943 οὐκ

341 2982 563 3058 ὀλίγους
595 2987 900 3057 χειροῦται,
931 2982 1327 3058 αίχμαλώτους
1375 2983 1664 3056 κατασχὼν
1707 2978 1841 3058 ἄχρι
1869 2983 1976 3033 τῶν

337 3071 673 3126 εἰκοσιπέντε
747 3068 1042 3147 χιλιάδων,
1126 3073 1218 3126 καὶ
1279 3071 1414 3144 μετὰ
1483 3071 1638 3140 νίκης
1725 3067 1981 3143 λαμπρᾶς

335 3161 568 3217 ἐπάνεισι
622 3163 761 3237 πρὸς
816 3163 914 3231 τὴν
984 3159 1415 3237 βασιλεύουσαν.
1476 3159 1724 3236 Ἐλήφθη
1786 3155 1842 3212 δέ
1897 3178 1979 3219 τις

2161 2713 2327 2766 Anno
2385 2715 2656 2784 sequenti
2715 2717 3070 2788 Theophilus
3132 2736 3367 2776 rursum
3427 2723 3628 2794 capias
3678 2725 3741 2781 in

2089 2800 2411 2857 Saracenos
2451 2803 2671 2872 eduxit,
2718 2822 2852 2861 cum
2899 2807 3090 2878 iisque
3137 2810 3293 2880 apud
3349 2812 3739 2870 Charsianum

2090 2907 2441 2962 congressus
2481 2909 2581 2947 eos
2612 2893 2785 2961 fudit,
2819 2901 2879 2950 et
2907 2896 2982 2951 ad
3017 2897 3222 2969 viginti
3254 2903 3520 2972 quinque
3553 2905 3743 2960 millia

2091 2979 2348 3048 eaptivos
2399 2979 2666 3048 abduxit,
2717 2982 3079 3056 domumque
3118 2987 3335 3042 illustri
3385 2993 3607 3062 potitus
3657 2995 3740 3047 vi-

2089 3067 2275 3122 ctoria
2328 3068 2524 3125 rediit.
2591 3073 2751 3125 lnter
2808 3074 3073 3144 captivos
3133 3076 3455 3135 Saracenos
3499 3082 3740 3152 quidam

2087 3158 2199 3213 fuit
2225 3177 2404 3214 manu
2435 3169 2744 3233 promptus
2788 3169 2847 3218 et
2878 3181 3161 3222 manuum
3203 3170 3464 3241 agilitate
3497 3173 3743 3230 celebris

340 3249 703 3323 αὶχμάλωτος
733 3255 842 3305 τῶν
891 3254 1215 3324 Σαρακηνῶν
1266 3249 1402 3304 κατᾶ
1440 3250 1601 3324 χεῖρά
1630 3268 1686 3302 τε
1717 3253 1983 3324 γενναῖοις

2099 3247 2420 3303 domestico
2482 3251 2820 3308 scholarum
2870 3261 3049 3311 notus
3097 3258 3346 3329 ejusque
3403 3262 3743 3318 testimonio

339 3341 430 3394 καὶ
463 3344 665 3419 χειρῶν
699 3341 888 3419 εὗφυῖᾳ
935 3340 1250 3414 ὀνομαίτὸς,
1281 3340 1340 3401 ’ὀς
1378 3340 1618 3413 γνωστὸς
1648 3359 1717 3406 ην
1747 3342 1828 3409 τῷ
1883 3341 1992 3390 τῶν

336 3428 560 3502 σχολῶν
625 3427 940 3502 δομεστικῳ
991 3429 1082 3483 καὶ
1151 3428 1506 3502 ἐμαρτυρεῖτο
1565 3427 1691 3500 παρ’
1726 3424 1888 3478 αὐτοῦ
1920 3424 1993 3485 ὡς

339 3516 426 3586 εἷή
461 3540 518 3572 τε
571 3517 741 3589 δεξιὸς
799 3519 919 3592 περί
980 3519 1077 3587 τήν
1137 3517 1396 3572 ἱππασίαν
1456 3516 1545 3571 καὶ
1605 3515 1677 3576 ὡς
1711 3514 1762 3568 ἐν
1793 3516 1992 3584 τῷῖπ-

342 3611 602 3678 πάζεσθαι
655 3607 773 3664 δυσὶ
837 3608 1023 3684 δόρασι
1080 3609 1371 3684 χρώμενος
1439 3606 1704 3681 ἐντέχνως
1744 3603 1870 3680 ἄγαν
1903 3605 1993 3658 καὶ

349 3699 558 3776 εὐφυῶς
617 3695 954 3756 καταϐάλλει
1029 3701 1154 3762 τοὺς
1223 3698 1518 3759 ἐναντίους.
1570 3696 1710 3770 Ἐρεῖ
1779 3692 1836 3749 δὲ
1888 3689 1992 3748 ἔδει

356 3789 409 3844 ἐν
437 3795 507 3862 τῇ
537 3787 880 3865 ἱπποδρομίᾳ
926 3790 1014 3844 τὸν
1069 3797 1168 3858 τῆς
1225 3789 1381 3858 νίκης
1440 3781 1707 3861 θρίαμϐον
1763 3785 1997 3839 ἐκτελεῖν

346 3879 441 3932 τὸν
470 3875 818 3951 δομέστικον,
878 3885 1176 3955 προηγεῖτο
1212 3875 1267 3932 δὲ
1325 3875 1480 3938 οὗτος
1541 3879 1642 3930 105
1701 3868 1994 3948 θριάμϐου,

345 3969 673 4040 Θεασάμενός
705 3969 732 4022 ὁ
768 3967 1025 4042 βασιλεὺς
1079 3967 1238 4021 αὐτὸν
1300 3966 1389 4020 καὶ
1421 3970 1536 4024 τοῖς
1590 3963 1829 4023 ἐπαίνοις
1860 3961 1992 4016 κλα-

343 4057 455 4124 πεῖ,
485 4057 661 4110 ἳππου
695 4078 752 4110 τε
783 4053 1037 4125 ἐπιϐῆναι
1078 4054 1342 4120 ἐκέλευσε,
1375 4052 1465 4108 καὶ
1516 4051 1715 4125 δόρατα
1756 4045 1994 4106 λαϐόντα

344 4143 440 4200 δύο
489 4147 588 4214 τήν
645 4145 917 4218 ἀριστείαν
969 4145 1058 4200 καὶ
1115 4144 1332 4224 εὐφυίαν
1382 4143 1559 4217 ἁπάσῃ
1611 4146 1680 4215 τῇ
1718 4139 1876 4194 πόλει
1905 4141 1995 4193 ἒν·-

341 4232 636 4306 δείξασοαι.
689 4237 898 4291 Τοῦτου
949 4232 1004 4289 δὲ
1063 4236 1358 4309 γενομένου
1408 4233 1496 4287 καὶ
1545 4237 1661 4294 τοῖς
1721 4229 1996 4304 ἀπειροτέ-

337 4344 455 4396 ροις
513 4323 698 4400 τέρψίν
753 4323 1093 4400 παρέχοντος
1142 4328 1212 4396 τῇ
1262 4323 1467 4398 ὁράσει,
1521 4319 1800 4410 Θεόδωρος
1833 4321 1860 4374 ὁ
1892 4319 1990 4387 τὴν

336 4413 646 4487 ἐπωνυμίαν
703 4415 996 4490 Κρατερὸς,
1057 4414 1085 4468 ὁ
1142 4413 1233 4467 καὶ
1292 4412 1427 4486 μετὰ
1490 4409 1669 4486 βραχὸ
1724 4413 1826 4474 τῆς
1882 4413 1989 4462 τῶν

334 4503 502 4578 ἁγίων
564 4499 1064 4578 τεσσαρακονταδύο
1127 4522 1436 4586 ⁸μαρτυρων
1513 4499 1800 4574 φάλαγγος
1850 4496 1994 4574 ἀρχ-

2097 3339 2568 3408 commendatus,
2631 3341 2785 3397 923
2835 3351 2990 3413 quod
3063 3352 3120 3400 et
3174 3363 3355 3418 eques
3426 3353 3746 3422 praeclarus

2099 3433 2254 3481 esset
2310 3433 2367 3482 et
2418 3428 2574 3482 inter
2627 3431 3014 3500 equitandum
3060 3434 3289 3491 duabus
3327 3444 3502 3494 utens
3559 3442 3746 3498 hastis

2097 3516 2240 3570 scite
2290 3516 2612 3571 admodum
2667 3518 3032 3576 adversarios
3079 3523 3378 3594 dejiceret.
3428 3531 3569 3584 Cum
3611 3547 3746 3602 ergo

2098 3603 2458 3658 domesticus
2485 3606 2546 3659 in
2570 3607 2725 3661 circo
2749 3609 3117 3681 triumphum
3141 3615 3398 3670 victorize
3416 3617 3545 3688 ejus
3571 3637 3742 3691 agere

2089 3691 2295 3762 jussus
2330 3698 2465 3747 ante
2498 3694 2760 3764 reliquos
2793 3697 3094 3753 hominem
3125 3701 3304 3757 istum
3335 3705 3596 3774 duceret,
3631 3709 3743 3762 im-

2098 3790 2336 3854 perator
2379 3785 2820 3843 laudationibus
2863 3789 2992 3858 ejus
3025 3791 3303 3848 inductus
3349 3813 3568 3867 equum
3601 3817 3742 3854 con-

2098 3873 2382 3928 srendere
2431 3873 2778 3944 duabusque
2819 3881 3076 3949 acceptis
3109 3881 3294 3936 hastis
3337 3886 3479 3938 artis
3521 3903 3640 3940 sum
3673 3905 3740 3943 ac

2096 3962 2453 4032 priestantim
2500 3964 2801 4032 specimen
2844 3982 3042 4021 coran.
3075 3970 3365 4025 universis
3397 3972 3570 4026 edere
3601 3990 3736 4030 eum

2088 4051 2291 4121 jussit.
2348 4050 2406 4104 ld
2453 4068 2586 4105 cum
2636 4053 2803 4108 fieret
2849 4061 2908 4108 et
2951 4057 3346 4126 imperitiores
3401 4065 3735 4132 spectaculo

2097 4141 2555 4208 delectarentur,
2609 4141 2949 4199 Theodorus
2993 4155 3385 4218 cognomento
3439 4151 3734 4222 Craterus,

2095 4229 2144 4284 is
2178 4230 2277 4299 qui
2309 4247 2427 4284 non
2459 4229 2645 4284 multo
2678 4237 2809 4301 post
2831 4241 3171 4290 sanctorum
3195 4239 3586 4311 quadraginta
3616 4242 3732 4298 duo

2096 4324 2422 4388 martyrum
2470 4318 2730 4372 cohortis
2787 4322 3065 4394 princeps
3109 4331 3198 4379 est
3239 4326 3448 4396 factus,
3493 4333 3738 4403 propius

2097 4407 2218 4479 regi
2255 4413 2458 4462 astans
2503 4407 2868 4464 subsannare
2904 4413 3238 4484 Agarenum
3273 4416 3451 4472 istum
3495 4425 3554 4474 et
3583 4421 3740 4476 affir-

2097 4512 2258 4550 mare
2289 4495 2440 4549 nihil
2467 4495 2539 4550 ab
2567 4513 2634 4551 eo
2666 4497 2816 4554 forte
2849 4505 2951 4554 aut
2983 4502 3245 4558 terribile
3275 4506 3387 4579 agi.
3416 4509 3742 4581 Imperator

1531 4637 1891 4692 XYLANDRI
1929 4637 2015 4691 ET
2055 4634 2274 4691 GOARI
2311 4633 2536 4688 NOT/E.

333 4781 467 4820 mus
500 4765 768 4820 omnium
805 4765 971 4838 μέγας
1021 4759 1364 4838 δομέστικος,
1398 4763 1554 4838 apud
1584 4761 1978 4838 Codinum‘de

2093 4759 2531 4838 [(ederatorum,
2565 4759 2758 4838 qualis
2808 4761 2914 4838 hic
2953 4766 3266 4824 Persarum
3313 4769 3521 4825 ductor
3550 4771 3735 4826 Theo-

333 4838 500 4893 Ofl'ic.
534 4838 666 4890 Cur.
693 4835 896 4890 Const.
924 4854 975 4891 c.
1010 4837 1034 4890 1
1067 4844 1123 4891 et
1154 4853 1320 4908 seqq.
1346 4836 1419 4891 ad
1442 4835 1977 4908 propositum._Pro

325 4908 700 4977 Qrientalum
742 4905 1297 4962 Occidentaliumv’e'
1338 4905 1670 4962 theinatum
1702 4905 1978 4977 praafecto

333 4975 662 5048 δομεστίκου
687 4995 884 5057 vocem
909 4979 1268 5057 inpraisenti
1283 4979 1354 5034 ab
1377 4986 1616 5035 auctore
1639 4975 1982 5057 usurpatam

331 5067 453 5106 non
498 5056 743 5116 asseret,
779 5052 868 5105 sui
901 5051 1132 5130 scholas
1162 5051 1464 5130 universas
1496 5067 1628 5105 cum
1661 5049 1839 5130 unico
1871 5049 1982 5102 hoe

329 5122 659 5177 domestico
683 5123 745 5176 in
778 5122 1060 5202 conflictu
1078 5124 1326 5202 cessisse
1350 5121 1766 5202 observaverit.
1799 5121 1986 5189 Expo-

329 5195 530 5248 nenda
553 5195 749 5265 itaque
777 5195 865 5248 vel
888 5194 959 5248 de
992 5211 1203 5262 magno
1227 5195 1575 5259 domestico,
1609 5194 1790 5247 totius
1821 5206 1984 5246 exer-

332 5266 482 5321 citus
513 5266 620 5320 sub
652 5269 1009 5346 imperatore
1049 5266 1218 5346 duce,
1253 5267 1342 5346 vel
1363 5266 1444 5346 fle
1477 5266 1736 5346 solarum
1751 5271 1981 5346 υριἰιξιιο-

328 5339 634 5415 rianarum
667 5332 1005 5415 scholarum
1031 5338 1331 5408 praafecto,
1359 5332 1682 5415 δομέστικος
1711 5332 1821 5415 τῶν
1852 5351 1982 5411 σχο-

326 5405 438 5462 λῶν
475 5427 664 5481 penes
697 5411 992 5488 Codinum
1025 5405 1248 5488 vocato,
1297 5405 1488 5481 cujus,
1524 5405 1831 5488 ut_asserit
1857 5407 1982 5488 ipse

325 5497 375 5535 c.
411 5477 560 5546 δίη.
593 5484 682 5549 42,
715 5499 822 5553 par
846 5483 1030 5561 ferme
1061 5482 1256 5561 fuerat
1287 5477 1386 5561 ac:
1413 5479 1611 5551 magni
1667 5477 1980 5561 domestici

322 5557 614 5624 potestas.
639 5547 770 5630 cuin
807 5555 901 5607 hic
923 5555 1034 5630 toti
1060 5553 1345 5630 exercitui
1369 5547 1710 5630 imperaret.
1745 5549 1847 5630 ille
1879 5547 1982 5628 Ro-

324 5639 534 5678 manas
565 5625 758 5678 solum
790 5625 1114 5703 satellitum
1138 5624 1385 5703 scholas
1419 5624 1698 5703 duceret,
1729 5624 1977 5696 φοιοερα-

325 5713 452 5758 τους
485 5701 706 5766 autem,
740 5700 972 5753 exteros
1004 5696 1293 5754 nimirum
1341 5693 1483 5752 belli
1533 5693 1751 5760 socios,
1780 5704 1980 5746 comes

2089 4831 2342 4912 phobus,
2376 4830 2483 4885 sub
2511 4847 2621 4912 sua
2649 4831 3058 4912 dispositione,
3100 4846 3166 4893 ut
3195 4857 3329 4895 cum
3361 4842 3593 4912 imperii
3629 4843 3737 4896 No-

2089 4903 2220 4958 titia
2252 4903 2481 4981 loquar,
2508 4903 2757 4959 teneret.
2789 4908 2929 4961 Vide
2963 4903 3115 4981 intra
3145 4903 3535 4981 Theophilum
3563 4913 3732 4980 fzrde-

2089 4983 2249 5050 ratos
2284 4976 2845 5050 l’ersaseogumque
2880 4980 3126 5050 agmina
3168 4976 3444 5036 Rom—anis
3484 4976 3734 5038 ducibus

2093 5045 2428 5125 suspicione
2486 5045 2546 5098 in
2594 5045 3016 5118 Theophobum
3066 5057 3238 5106 enata
3296 5053 3730 5125 subjicientem.

2091 5120 2264 5173 GOAn.

2162 5189 2238 5259 (1)
2271 5187 2522 5241 Minores
2553 5187 2809 5266 citharas
2841 5190 2972 5266 sinu
3005 5191 3245 5266 quidem
3278 5195 3510 5266 exiguo,
3532 5214 3734 5251 verum

2092 5269 2369 5337 protenso
2401 5259 2729 5314 manubrio.
2757 5260 2930 5314 simul
2958 5259 3142 5337 tri—bus
3166 5273 3266 5318 aut
3285 5259 3545 5337 quinque
3573 5270 3736 5322 chor-

2092 5333 2183 5386 dis
2213 5333 2554 5394 instructas,
2587 5347 2863 5399 asperum
2895 5340 2954 5386 et
2983 5351 3016 5388 a
3049 5333 3735 5395 militarinon—alienum

2093 5403 2686 5480 emittentessouum,
2721 5401 2922 5480 quales
2951 5405 3277 5463 etiamnum
3301 5410 3497 5480 hodie,
3538 5413 3736 5469 forsan

2091 5491 2124 5528 θ,
2150 5472 2363 5525 (ἰνωρίδ
2405 5469 2542 5524 olim
2583 5469 2876 5542 acceptas,
2909 5475 2968 5528 in
3001 5480 3210 5532 castris
3251 5469 3734 5538 animos'exhilac

2090 5542 2274 5598 ruturi
2306 5545 2505 5596 'l'urca}
2537 5543 2796 5612 pulsant,
2831 5544 3032 5620 Αορδάς
3065 5550 3159 5606 hic
3191 5555 3418 5610 vocarie
3464 5556 3736 5612 existimo

2090 5618 2268 5671 ϐολῇ.
