4130 6218
485 376 638 440 1007

1851 364 2172 429 GEORGII
2215 363 2527 427 CEDREN
2536 365 2558 424 ι

3748 357 3907 420 ιοοε

484 528 639 586 agre
670 510 732 566 id
755 509 933 578 ferre,
963 513 1385 579 Craterumque
1417 507 1824 563 effeminatum
1854 509 1911 560 et
1937 504 2122 559 evira-

2245 515 2377 591 ηγὸς
2409 516 2486 589 (2)
2509 514 2769 591 γεγονὼς,
2819 512 3063 580 πλησίον
3115 516 3198 585 τῷ
3247 508 3468 587 βασιλεῖ
3505 511 3800 585 παρεστὼς
3830 511 3905 581 ἐξ.

509 618 611 657 um
642 601 973 672 increpare,
996 598 1095 669 qui
1130 597 1245 654 taie
1269 603 1549 670 praestare
1574 596 1697 669 ipse
1726 594 1878 651 nihil
1907 598 2125 667 posset.

484 692 700 746 Contra
759 691 1033 744 Craterus
1080 687 1311 744 duabus
1358 687 1542 743 hastis
1591 703 1653 742 se
1712 685 1941 741 nescire
1998 683 2122 739 uti:

480 796 675 850 neque
711 779 872 833 enim
902 778 1013 833 hoc
1048 777 1346 843 didicisse,
1371 776 1528 848 quod
1559 776 1653 831 his
1684 775 1857 848 nugis
1885 775 1947 829 in
1970 773 2127 828 bello

479 867 630 923 nihil
693 884 844 940 opus
900 868 1090 934 foret;
1139 883 1200 921 se
1260 866 1363 921 Dei
1407 865 1629 921 auxilio
1678 865 1895 921 fretum
1952 863 2130 918 unica

480 957 651 1013 hasta
693 956 876 1012 istum
934 973 1087 1027 equo
1146 955 1617 1012 deturbaturum.
1668 956 1993 1026 Imperator
2035 953 2129 1007 his

476 1046 671 1102 verbis
727 1046 993 1101 irritatus
1050 1062 1159 1116 per
1213 1059 1388 1100 suum
1437 1044 1627 1116 ipsius
1682 1048 1858 1115 caput
1899 1042 2126 1115 jurare,

479 1137 719 1193 Cratero
764 1151 827 1190 se
867 1136 1049 1190 vitam
1094 1139 1455 1205 erepturum,
1510 1133 1625 1187 nisi
1668 1132 1947 1203 impleret
1974 1132 2128 1186 facto

480 1224 641 1296 quod
681 1223 875 1279 verbis
916 1222 1227 1293 jactasset.
1275 1224 1345 1277 Et
1385 1220 1724 1276 Theodorus
1759 1220 1959 1275 statim
1990 1236 2129 1275 con-

481 1330 691 1369 scenso
722 1328 876 1384 equo
906 1312 1194 1382 hastaque
1224 1316 1460 1381 sumpta
1493 1326 1629 1365 cum
1678 1309 1969 1365 Saraceno
2014 1325 2135 1364 ma-

483 1418 629 1458 num
683 1402 1007 1470 conseruit,
1075 1400 1311 1472 citoque
1361 1416 1497 1456 eum
1547 1415 1699 1470 equo
1765 1398 2133 1471 praecipitem

484 1491 721 1564 dejecit.
781 1490 1012 1547 Pudore
1056 1491 1300 1562 quidem
1353 1491 1600 1546 affectus
1640 1494 1732 1546 est
1788 1488 2133 1560 imperator,

484 1582 557 1637 ab
583 1580 856 1637 eunucho
895 1580 1195 1652 dejectum
1238 1596 1489 1635 cernens
1536 1579 1932 1635 Saracenum:
1979 1577 2129 1634 925

485 1674 686 1726 tamen
717 1675 775 1725 et
813 1669 1092 1725 virtutem
1141 1668 1401 1724 hominis
1433 1673 1744 1724 veneratus
1775 1672 1834 1723 et
1868 1682 2009 1722 suos
2048 1683 2131 1721 re'

480 1759 700 1815 veritus
762 1759 954 1814 amice
1019 1758 1443 1830 compellatum
1512 1758 1819 1813 Craterum
1874 1755 2134 1811 vestibus

486 1847 731 1904 honoris
761 1864 941 1905 causa
970 1847 1229 1903 donavit.

2237 605 2567 676 εμυκτήριζε
2621 602 2713 658 τὸν
2772 601 3097 677 Ἀγαρηνὸν,
3168 597 3338 675 μηδὲν
3398 596 3645 676 ἀνδρεῖον
3677 600 3901 678 φάσκων

2239 689 2380 764 μηδὲ
2409 689 2854 762 καταπληκτικὸν
2910 687 3339 763 ἐνδεικνύμενον.
3397 693 3465 767 ᾯ
3517 689 3609 744 καὶ
3640 687 3899 764 χαλεπή-

2236 799 2326 841 νας
2358 778 2387 833 ὁ
2421 775 2696 853 βασιλεὺς·
2753 774 2933 834 Ἀλλᾶ
2979 774 3065 845 σὺ,
3098 776 3174 830 ὧν
3205 771 3477 850 θηλυδρία
3514 774 3606 830 καὶ
3646 772 3903 849 ἄνανδρε,

2236 866 2456 923 δύνασαί
2513 889 2568 923 τι
2624 870 2873 922 τοιοῦτον
2927 863 3301 941 ἒργάσασθαις
3373 858 3700 920 ’Υπολαῦὼν
3759 862 3823 919 δὲ
3877 866 3905 919 ὁ

2235 956 2527 1034 Κρατερός·
2579 982 2607 1011 ‹‹
2640 958 2747 1014 Δύο
2782 957 2903 1027 μὶν,
2948 955 3195 1033 βασιλεῦ,
3232 955 3310 1029 μή
3348 956 3534 1028 μαθὼν
3566 953 3707 1011 οὑδὲ
3741 976 3905 1029 μετα-

2236 1046 2582 1121 Χειρίσασθαι
2640 1043 2841 1121 δόρατα
2898 1042 3152 1119 δύναμαιο
3216 1041 3342 1101 οὐδὲ
3392 1044 3499 1119 γὰρ
3556 1042 3609 1099 ἒν
3668 1044 3907 1117 πολέμῳ

2233 1135 2494 1208 τοιαύτης
2553 1134 2821 1216 φλυαρίας
2881 1134 3064 1211 χρεία·
3118 1131 3196 1188 ἐνὶ
3254 1130 3313 1189 δὲ
3379 1133 3737 1210 χρησάμενος
3804 1133 3904 1202 τήν

2239 1223 2315 1287 εἷς
2355 1225 2485 1281 Θεὸν
2543 1226 2871 1295 πεποίθησιν
2918 1217 3037 1298 ἔχω
3087 1217 3309 1298 βεϐαίαν
3367 1222 3444 1285 ὡς
3492 1222 3791 1297 κρημνίσω
3850 1243 3908 1278 τι

2236 1313 2428 1368 τοῦτον
2462 1313 2680 1369 καὶτοῦ
2731 1313 2909 1368 ἳππου
2966 1304 3286 1368 καταϐαλῶ.
3320 1333 3350 1363 ν
3381 1310 3506 1366 Ἐπὶ
3543 1315 3623 1383 τῷ
3652 1308 3818 1385 λόγῳ
3850 1308 3905 1366 δὲ

2239 1402 2514 1475 θυμωοεῖς
2546 1402 2575 1457 ὁ
2608 1398 2865 1478 βασιλεὺς
2919 1401 2959 1470 ἦ
3008 1401 3116 1474 μὴν
3176 1397 3345 1477 ἔφησε
3398 1399 3534 1453 κατᾶ
3560 1406 3662 1469 τῆς
3702 1400 3907 1455 ἑαυτοῦ

2239 1488 2486 1568 κεφαλῆς
2539 1491 2634 1547 τὸν
2693 1489 2857 1566 ὅρκον
2914 1487 3222 1565 ἐπαγαγὼν,
3289 1485 3504 1561 θανάτῳ
3559 1486 3905 1563 παραδοῦναι

2239 1579 2334 1634 τὸν
2375 1579 2668 1655 Κρατερὸν,
2702 1577 2751 1634 εί
2801 1579 2878 1652 μή
2934 1576 3063 1641 τοὺς
3118 1573 3323 1654 λόγους
3381 1575 3460 1639 εἷς
3498 1570 3652 1652 ἔργον
3684 1576 3907 1652 ἀγάγοι.

2240 1663 2476 1731 Ἀναϐὰς
2523 1668 2620 1724 οὗν
2674 1666 2831 1731 εὐθὺς
2897 1667 2989 1722 τὸν
3035 1667 3207 1722 ἳππον
3245 1666 3275 1721 ὁ
3306 1664 3587 1738 Θεόδωρος
3630 1667 3725 1721 καὶ
3769 1664 3905 1743 δόρυ

2246 1752 2431 1813 λαϐὼν
2492 1756 2854 1813 συνεπλέκετο
2885 1759 2967 1829 τῷ
2997 1755 3327 1832 Σαρακηνῷ,
3374 1754 3466 1809 καὶ
3523 1753 3576 1809 ἐν
3605 1755 3671 1811 οὐ
3706 1762 3907 1828 μακρῷ

2170 1832 2217 1897 Β
2245 1850 2325 1919 τῷ
2357 1845 2545 1925 χρόνῳ
2573 1850 2670 1902 τοῦ
2705 1847 2881 1903 ἵππου
2911 1844 3073 1901 αὐτὸν
3119 1846 3564 1920 κατεκρήμνισεν.
3617 1846 3900 1919 ᾜσχύνθη

489 1936 585 2009 μὲν
635 1934 726 1991 οὖν
778 1937 807 1991 ὁ
855 1933 1114 2010 βασιλεὺς
1161 1928 1638 2009 καταϐεϐλημένον
1695 1930 1822 1988 ίδὼν
1880 1932 1972 1989 τὸν
2029 1937 2348 2008 Σαρακηνὸν
2410 1936 2498 1992 ὑπ’
2546 1933 2749 2005 ἀνδρὸς
2802 1933 3095 2012 εὐνούχου,
3147 1932 3303 2007 ὅμως
3346 1936 3447 2003 τὴν
3498 1934 3695 2011 αρετῆν
3750 1933 3907 1991 αἰδε-

489 2024 631 2087 σθεὶς
661 2027 758 2079 τοῦ
788 2020 978 2098 ἀνδρὸς
1012 2020 1169 2099 λόγῳ
1210 2043 1269 2078 τε
1314 2020 1807 2100 ἐφιλοφρονήσατο,
1849 2022 1939 2076 καὶ
1993 2021 2192 2086 στολὰς
2231 2025 2323 2080 καὶ
2371 2020 2693 2101 περιϐολὰς,
2724 2040 2825 2096 την
2866 2022 3158 2080 παλιτείαν
3193 2020 3542 2098 αἰδούμενος,
3588 2020 3908 2099 ἐδωρήσατο

491 2111 664 2185 αὐτῷ.

565 2203 713 2258 Vere
743 2200 912 2270 inito,
943 2201 1300 2273 Theophilus
1354 2218 1560 2257 rursus
1595 2201 1916 2257 contractis
1957 2203 2146 2275 copiis

490 2291 554 2347 in
598 2291 923 2347 Saracenos
966 2297 1182 2358 movet,
1228 2296 1498 2346 revocato
1540 2289 1612 2345 ab
1660 2290 1864 2347 exsilio
1914 2290 2147 2363 sibique

492 2382 774 2455 adjuncto
814 2386 1022 2437 sancto
1070 2380 1388 2437 Methodio.
1443 2379 1680 2436 Solebat
1724 2380 1836 2437 hoc
1881 2380 1944 2437 in
1971 2379 2148 2438 bellis

490 2470 779 2539 factitare,
814 2471 934 2526 sive
964 2486 1080 2542 quo
1105 2470 1233 2543 ejus
1255 2470 1623 2542 sapientiain
1643 2470 1847 2526 multis
1878 2470 2148 2527 obscuris

492 2565 670 2632 atque
711 2559 1000 2616 intricatis
1048 2559 1227 2615 rebus
1277 2559 1642 2631 explicandis
1688 2564 1977 2627 uteretur,
2026 2561 2145 2615 sive

485 2649 549 2704 id
595 2666 828 2716 cavens,
863 2665 939 2704 ne
982 2648 1374 2703 rebellionem
1406 2649 1456 2704 is
1487 2665 1550 2704 se
1596 2649 1842 2704 absente
1882 2649 2144 2721 aliquam

486 2739 811 2795 concitaret
860 2738 932 2793 ob
973 2754 1275 2793 sacrarum
1342 2738 1668 2811 imaginum
1712 2738 2142 2796 amolitionem.

487 2833 631 2886 Nam
665 2831 882 2886 civium
916 2832 1017 2902 qui
1057 2836 1228 2886 erant
1257 2832 1541 2903 ρι’ωοὶρυὶ
1577 2836 1755 2903 atque
1795 2848 1931 2904 erga
1960 2832 2144 2886 Deum

488 2919 594 2990 pii,
628 2934 843 2990 magno
866 2919 928 2973 in
950 2919 1175 2975 honore
1201 2920 1502 2976 habebant
1521 2919 1883 2977 Methodium
1908 2937 1919 2975 :
1944 2920 2144 2991 itaque

492 3023 627 3063 eum
661 3013 798 3079 post
836 3025 898 3063 se
930 3008 1270 3079 relinquere
1302 3008 1645 3081 imperatori
1668 3009 2004 3064 consultum
2023 3024 2144 3063 non

493 3095 827 3153 videbatur.
853 3097 1163 3153 Enimvero
1198 3104 1322 3153 tum
1351 3098 1670 3153 commissa
1707 3114 1905 3171 pugna
1934 3099 2144 3152 Ismae-

491 3187 656 3244 litica
674 3205 772 3243 res
800 3190 1073 3261 superior
1091 3188 1221 3257 fuit,
1246 3189 1685 3261 imperatorque
1708 3189 2143 3243 circumventus

488 3293 641 3349 pene
674 3277 735 3333 in
778 3293 996 3333 manus
1042 3278 1303 3333 hostium
1353 3278 1529 3333 venit.
1566 3277 1629 3332 ld
1664 3276 1968 3332 Manuelus
2012 3293 2136 3332 sen-

2261 3272 2461 3345 λτςλοις
2517 3278 2625 3329 τῶν
2691 3272 3106 3349 στρατευμάτων
3144 3315 3159 3341 ,

489 3366 665 3433 tiens,
700 3366 823 3421 dux
869 3366 1186 3433 exercitus,
1220 3366 1436 3421 animis
1468 3382 1711 3420 suorum
1754 3365 2020 3421 oratione
2052 3382 2148 3421 re-

489 3454 781 3523 collectis,
818 3454 978 3525 quod
1010 3454 1489 3526 indignissimam
1531 3470 1657 3509 rem
1688 3453 1812 3509 fore
1848 3452 2149 3525 judicaret

495 3540 544 3596 si
576 3541 881 3597 Romanus
926 3540 1250 3613 imperator
1280 3541 1353 3597 ab
1382 3541 1553 3596 hoste
1601 3548 1932 3614 caperetur,
1972 3541 2148 3598 auda-

487 3634 613 3685 cter
635 3627 961 3685 discrimen
983 3629 1188 3685 addiit.
1213 3630 1476 3702 Cumque
1490 3630 1564 3686 ad
1583 3631 2002 3703 imperatorem
2022 3648 2147 3704 per-

482 3721 742 3792 rupisset
772 3721 1085 3793 fatigatum
1126 3721 1255 3794 jam
1289 3727 1348 3777 et
1378 3720 1450 3777 de
1482 3721 1671 3778 salute
1703 3721 2142 3794 desperantem,

486 3815 688 3866 tamen
750 3816 1094 3867 causantem
1162 3811 1298 3885 fuga
1345 3828 1407 3866 se
1461 3829 1600 3868 suos
1647 3811 1898 3884 prodere
1957 3812 2139 3881 nolle,

486 3902 760 3958 hortatus
796 3908 888 3958 est
917 3902 1001 3958 uti
1044 3918 1105 3958 se
1145 3908 1497 3975 sequeretur
1528 3908 1853 3974 prasentem
1909 3902 2142 3974 iterque

487 3994 879 4064 aperientem.
917 3993 1239 4062 Postquam
1271 3991 1466 4063 ipsum
1498 3997 1910 4064 erumpentem
1943 3992 2134 4064 impe-

485 4087 657 4136 rator
687 4097 716 4135 e
746 4080 989 4153 vestigio
1036 4079 1387 4135 subsecutus
1426 4080 1580 4136 926
1610 4096 1731 4135 non
1769 4086 1877 4147 est,
1924 4080 2140 4149 denuo,

485 4176 709 4225 etcum
758 4187 833 4225 ne
882 4170 966 4224 sic
1013 4169 1255 4240 quidem
1300 4169 1677 4241 Theophibus
1721 4175 2141 4253 sequerentur,

486 4259 729 4313 tertium
760 4276 1051 4326 reversus,
1082 4266 1332 4314 mortem
1365 4264 1423 4314 et
1460 4258 1575 4313 nisi
1616 4260 2000 4316 comitaretur
2032 4260 2141 4315 mi-

485 4351 682 4413 natus,
716 4346 806 4400 vix
836 4348 1081 4403 tandem
1114 4349 1389 4419 praasenti
1423 4348 1686 4420 periculo
1717 4349 1952 4421 eripuit.
2000 4348 2138 4404 Ideo

483 4432 811 4489 honoribus
841 4452 977 4490 eum
1008 4435 1298 4507 donisque
1329 4436 1524 4509 dignis
1568 4437 1893 4509 imperator
1938 4454 2141 4493 remu-

484 4527 730 4577 neratus
776 4528 888 4591 est,
939 4523 1382 4582 benefactorem
1411 4543 1479 4581 ac
1509 4532 1871 4582 servatorem
1921 4528 2136 4582 fassus.

2334 2206 2415 2277 [Ρ.
2450 2205 2576 2277 526]
2607 2199 2748 2273 Ἤδη
2782 2199 2842 2258 δὶ
2879 2205 2977 2259 τοῦ
3005 2197 3163 2277 ἔαρος
3213 2199 3633 2277 ὐπολάμποντος
3682 2174 3912 2279 δύναμιν

2256 2288 2422 2348 πάλιν
2481 2292 2817 2366 ἡθροικὼςὸ
2848 2288 3115 2371 Θεόφιλος
3162 2285 3323 2363 ἔξεισι
3379 2291 3517 2347 κατὰ
3566 2296 3675 2347 τῶν
3732 2300 3909 2368 Σορα-

2256 2384 2458 2452 κηνῶν,
2507 2380 2599 2436 καὶ
2652 2381 2741 2436 τὸν
2797 2380 2948 2437 ὅσιον
3008 2377 3273 2440 Μεθόδιον
3341 2377 3403 2434 ἐκ
3452 2387 3556 2450 τῆς
3614 2380 3907 2456 ὑπερορίας

2255 2469 2720 2544 ἀνακαλεσάμενος
2771 2471 2896 2545 εἶχε
2953 2472 3071 2543 μεθ’
3130 2470 3342 2539 ἑαυτοῦ,
3397 2469 3701 2544 εἰθισμένον
3755 2473 3909 2544 αὐτῷ

2255 2558 2306 2614 ἐν
2333 2564 2451 2620 τοῖς
2476 2555 2747 2632 πολέμοις
2785 2563 2949 2615 τοῦτο
3017 2562 3220 2631 ποιεῖν,
3252 2555 3361 2614 εἴτε
3415 2562 3512 2614 τοῦ
3540 2559 3720 2638 ἀσαφῆ
3750 2560 3906 2616 ἓνεκα

2253 2650 2345 2705 καὶ
2383 2647 2621 2712 πολλοῖς
2644 2648 2891 2724 ἄγνωστα
2929 2645 3172 2703 διαλύειν
3205 2645 3294 2702 διὰ
3348 2655 3449 2717 τῆς
3492 2647 3911 2725 ἐνυπαρχούσης

2254 2737 2400 2810 αὐτῷ
2456 2737 2644 2817 σοφίας
2679 2780 2695 2807 ,
2751 2737 2860 2793 εἷ’τε
2917 2738 3003 2792 καὶ
3064 2734 3444 2799 ἐπαναστάσεις
3501 2740 3911 2814 φυλαττόμενος

2253 2829 2381 2904 παρ’
2409 2826 2580 2883 αὐτοῦ
2603 2848 2752 2889 τινας
2802 2831 2988 2891 παθεῖν
3028 2822 3117 2881 ’διὰ
3172 2826 3265 2881 τὸν
3324 2824 3457 2881 κατὰ
3485 2830 3592 2882 τῶν
3626 2827 3787 2891 θείων
3818 2828 3909 2883 καὶ

2255 2920 2461 2972 σεπτῶν
2522 2916 2744 2972 εἰκόνων
2802 2913 3068 2989 πόλεμον·
3127 2914 3187 2969 οὐ
3247 2920 3458 2989 μικρῶς
3518 2916 3622 2992 γὰρ
3690 2912 3906 2973 ἒσέεετο

2251 3007 2344 3063 τὸν
2378 3005 2546 3083 ἄνδρα
2574 3008 2639 3063 τὸ
2668 3009 2768 3077 τῆς
2800 3004 3019 3069 πόλεως
3076 3000 3322 3081 ἔκκριτον
3355 3005 3446 3060 καὶ
3500 3004 3777 3082 φιλόθεον.
3813 3008 3909 3062 Διά

2250 3117 2336 3152 τοι
2365 3101 2529 3153 τοῦτο
2560 3096 2651 3151 καὶ
2708 3095 2934 3151 κατόπιν
2968 3097 3061 3166 ὶᾷν
3118 3094 3278 3150 αὐτὸν
3337 3095 3438 3150 ούκ
3492 3094 3737 3174 ἐφαίνετο
3769 3118 3906 3168 συμ-

2253 3185 2414 3265 φέρον
2457 3191 2538 3259 τῷ
2581 3182 2819 3263 βασιλεῖ.
2878 3186 3030 3247 Τὲως
3087 3181 3131 3239 δ’
3187 3183 3340 3258 ὅμως
3393 3185 3780 3258 συμπεσόντων
3806 3184 3907 3240 αλ-

3216 3272 3309 3328 καὶ
3372 3276 3482 3328 τῶν
3541 3273 3907 3346 Ἰσμαηλιτῶν

2254 3362 2689 3439 ὑπερτερούντων
2724 3406 2739 3432 ,
2790 3361 3066 3418 κύκλωσιν
3140 3361 3344 3432 ὖπέστη
3404 3362 3434 3418 ὁ
3504 3361 3761 3436 βασιλεὺς
3812 3363 3903 3417 καὶ

2250 3448 2358 3521 ἤδη
2393 3449 2679 3526 ἁλώσιμος
2707 3452 2795 3522 ἦν.
2827 3453 2895 3509 Ὅ
2944 3448 3012 3521 δὴ
3070 3451 3161 3506 καὶ
3224 3450 3408 3524 μαθὼν
3445 3448 3707 3519 Μανουήλ
3742 3451 3772 3506 ὁ
3798 3455 3901 3507 τού

2251 3545 2487 3616 στρατοῦ
2544 3539 2903 3615 ἐξηγούμενος
2937 3587 2954 3610 ,
3012 3540 3105 3594 καὶ
3163 3536 3334 3595 δεινὸν
3400 3540 3755 3615 ἡγησάμενος
3807 3536 3904 3595 δο-

2250 3629 2531 3704 ρυάλωτον
2568 3628 2797 3706 βασιλέα
2850 3627 3143 3702 Ῥωμαίων
3171 3625 3327 3700 ἰδεῖν,
3387 3628 3514 3692 τοὺς
3571 3629 3697 3705 περῖ
3742 3629 3901 3684 αὐτὸν

2249 3718 2611 3795 ἆναθαρῥύνας
2665 3718 2836 3794 είσῄει
2895 3718 3031 3792 μετᾶ
3078 3718 3313 3794 θάρσους
3358 3718 3451 3773 τὸν
3505 3715 3776 3774 κίνδυνον.
3810 3720 3901 3780 Ὠς

2250 3807 2297 3865 δ’
2328 3807 2449 3882 εὗρε
2476 3809 2719 3883 καμόντα
2756 3808 2850 3864 τὸν
2912 3807 3142 3883 βασιλέα
3196 3807 3286 3864 καὶ
3335 3808 3437 3878 τήν
3488 3809 3761 3885 σωτηρίαν
3794 3809 3897 3863 ἄπο

2249 3898 2545 3974 εγνωκότα,
2585 3897 3061 3978 προφασιζόμενον
3107 3894 3165 3952 δὲ
3199 3896 3276 3969 μὴ
3319 3895 3610 3972 βούλεσθαι
3642 3898 3736 3953 τὸν
3766 3897 3897 3952 λαὸν

2248 3989 2513 4063 φεύγοντα
2594 3984 2933 4043 καταλιπεῖν·
3009 3986 3140 4061 Ἀγε
3205 3982 3272 4056 δὴ
3304 4029 3319 4056 ,
3381 3987 3548 4063 φησὶν
3579 4029 3596 4059 ,
3655 3988 3700 4041 ὦ
3754 3988 3903 4062 βασι·

2249 4076 2367 4144 λεῦ,
2399 4075 2531 4131 ἔπου
2566 4097 2661 4149 μοι
2690 4073 3156 4151 προπορευομὲνῳ
3206 4075 3298 4130 καὶ
3356 4076 3458 4144 τὴν
3517 4073 3643 4131 ὁδόν
3690 4097 3779 4130 σοι
3808 4074 3900 4131 εὖ-

2249 4166 2485 4244 ρύνοντι.
2521 4170 2669 4227 »Ὡς
2726 4162 2774 4219 δ’
2835 4165 2864 4219 ὁ
2924 4162 3190 4234 Μανουὴλ
3256 4163 3422 4240 ἐξῂει,
3475 4166 3502 4220 ὁ
3558 4164 3811 4240 βασιλεὺς
3840 4163 3900 4220 δὶ

2245 4256 2609 4330 κατεπτηχὼς
2639 4254 2748 4333 ούχ
2796 4252 2998 4323 εἵπετο,
3031 4252 3199 4311 πάλιν
3232 4254 3290 4309 ἐκ
3320 4251 3571 4330 δευτέρου
3630 4253 3893 4329 ὑποστρέ-

2245 4349 2341 4420 ψαι
2372 4344 2709 4420 ἠναγκάσθη.
2751 4344 2841 4406 Ὠς
2882 4339 2939 4398 δὲ
2994 4343 3088 4398 καὶ
3145 4341 3313 4399 πάλιν
3356 4344 3660 4419 ἠστόχησε,
3690 4344 3755 4398 τὸ
3781 4344 3895 4418 τρί-

2243 4456 2336 4490 τον
2394 4432 2741 4512 ἐπιστραφεὶς
2792 4432 3022 4497 θάνατον
3073 4433 3375 4503 ἠπείλησεν
3444 4432 3495 4488 εί
3555 4435 3630 4506 μή
3680 4429 3890 4504 ἕποιτο,

2241 4524 2330 4579 καὶ
2365 4521 2536 4585 οὕτως
2565 4521 2664 4596 ὀψὲ
2706 4520 2799 4576 καὶ
2860 4520 3024 4596 μύλις
3076 4525 3175 4577 τοῦ
3214 4518 3465 4578 κινδύνου
3523 4519 3766 4578 διέσωσε.
3798 4522 3895 4577 Διὸ

480 4614 772 4669 Cmterum
804 4611 1039 4667 invidiae
1067 4619 1229 4669 tanta
1259 4614 1344 4669 vis
1374 4614 1485 4669 fuit
1502 4620 1569 4670 ut
1597 4631 1704 4686 per
1732 4616 2125 4671 calumnisum

2245 4617 2432 4686 τιμαῖς
2460 4615 2651 4668 τοῦτον
2680 4609 2949 4684 ἀνταξίοις
3002 4607 3326 4681 ἐδεξιώσατο
3380 4612 3473 4666 καὶ
3515 4608 3747 4686 δωρεαῖς
3782 4609 3894 4666 ἐθε-

484 4699 556 4756 de
576 4699 886 4771 majestate
916 4706 1192 4757 accusato
1224 4702 1494 4758 Manuelo
1518 4720 1820 4758 summum
1842 4703 2129 4759 creaverit

482 4790 835 4864 periculum.
888 4790 1053 4858 Quod
1096 4790 1146 4845 is
1193 4791 1482 4861 sentiens,
1515 4798 1575 4849 et
1603 4794 1821 4849 certior
1872 4792 2063 4848 factus
2094 4808 2130 4848 a

484 4878 832 4936 ﬁdelissimo
864 4880 1142 4953 quodam,
1165 4881 1266 4953 qui
1296 4881 1620 4953 aliquando
1652 4882 1765 4954 ipsi
1790 4882 2125 4950 serviverat,

481 4967 625 5026 trino
671 4975 870 5027 autem
932 4971 1275 5043 imperatori
1324 4976 1452 5027 erat
1493 4988 1528 5027 a
1573 4971 1822 5043 poculis,
1876 4972 2003 5027 fore
2061 4976 2128 5027 ut

480 5060 668 5115 oculis
698 5059 770 5115 ab
800 5059 912 5116 hoc
940 5060 1290 5132 privaretur,
1324 5057 1720 5117 deiectionem
1763 5066 2012 5116 conatus
2037 5066 2127 5116 est

478 5148 830 5220 transiitque
860 5148 936 5205 ad
983 5157 1305 5219 Agarenos.
1340 5151 1579 5223 Magnus
1610 5150 1787 5206 etiam
1830 5149 1986 5222 apud
2016 5149 2124 5204 hos

470 5235 586 5293 fuit
613 5255 681 5293 ac
731 5255 999 5295 summus
1040 5239 1370 5296 honoribus
1414 5240 1682 5296 allectus.
1729 5240 1875 5294 Nam
1908 5254 2121 5312 magno

472 5327 828 5384 instructum
875 5329 1138 5386 exercitu
1180 5330 1432 5411 Agareni
1472 5330 1767 5387 miserunt
1803 5334 2011 5385 contra
2039 5330 2120 5385 vi-

2239 4704 2522 4779 ράπευσεν,
2577 4697 2860 4777 εύεργετην
2942 4698 3033 4754 καὶ
3092 4705 3315 4774 σωτῆρα
3370 4699 3685 4756 ἀποκαλῶν⁸
3737 4697 3897 4757 Ἀλλ’

2238 4792 2265 4847 ὁ
2297 4790 2491 4869 φθόνος
2540 4786 2734 4864 ἴσχυσε
2789 4787 2927 4843 κατᾶ
2982 4790 3080 4843 τού
3134 4788 3391 4845 τοιούτου
3445 4785 3895 4864 ἀνδρὸς,καὶεῖς

2234 4879 2559 4936 καθοσίωσιν
2594 4876 2654 4933 ἐκ
2695 4874 2977 4952 λοιδορίας
3026 4876 3400 4954 κατεγκλήθη.
3434 4880 3590 4937 Ὅθεν
3637 4879 3728 4934 καὶ
3778 4876 3893 4933 κίν-

2235 4967 2392 5024 δυνον
2446 4968 2509 5022 οὔ
2570 4966 2765 5041 μικρὸν
2842 4965 3019 5038 ἑαυτῷ
3104 4966 3479 5044 ἐνηργημὲνον
3534 4970 3897 5039 κατανοήσας,

2233 5060 2323 5115 καὶ
2355 5056 2444 5113 διά
2488 5078 2639 5119 τινος
2687 5059 2797 5111 τῶν
2862 5056 3205 5111 πιστοτάτων
3253 5056 3723 5132 πληροφορηθεὶς,
3758 5054 3897 5111 δού-

2232 5147 2335 5205 λου
2369 5148 2461 5221 μὲν
2501 5145 2791 5223 γεγονότος
2848 5144 3013 5201 αὐτοῦ
3073 5144 3458 5221 οἷνοχοοῦντος
3516 5142 3575 5202 δὲ
3627 5146 3753 5201 τότε
3808 5148 3889 5217 τῷ

2235 5240 2455 5315 βασιβεῖ
2510 5222 2762 5312 Θεοφίλῳ
2827 5233 2905 5297 ὡς
2984 5232 3185 5308 μὲλλοι
3258 5237 3451 5291 τοῦτον
3515 5222 3890 5312 ἀποτυφλοῦν,

2230 5325 2560 5383 ἀποστασίαν
2616 5321 2802 5396 τολμᾷ
2856 5323 2947 5378 καὶ
3016 5324 3154 5399 πρὸς
3210 5324 3544 5401 Ἀγαρηνοὺς
3602 5324 3891 5399 μετατίθε-

473 5414 640 5471 cinos
671 5434 809 5474 suos
834 5419 1054 5490 hostes,
1086 5420 1187 5491 qui
1220 5425 1502 5478 vocantur
1529 5422 1836 5478 Cermataa.
1878 5422 2120 5476 Manne-

2245 5438 2338 5487 ιαι,
2374 5416 2543 5491 μέγας
2568 5413 2658 5468 καὶ
2688 5414 2815 5489 παρ’
2861 5412 3047 5476 αὐτοῖς
3100 5410 3284 5492 ὀφθεὶς
3341 5414 3433 5470 καὶ
3492 5414 3771 5491 μεγίσταις
3800 5435 3889 5471 τι-

1687 5519 2063 5576 XYLANDRI
2091 5518 2178 5574 ET
2209 5517 2425 5573 GOARI
2452 5514 2675 5571 NOTAE.

657 5632 790 5689 Alio
820 5636 1059 5694 nomine
1087 5640 1447 5714 τουρμάρχης
1476 5640 1550 5699 de
1581 5658 1698 5713 quo
1746 5641 2051 5715 Rigaltius.
2114 5642 2234 5699 Hoc
2278 5643 2477 5697 autem
2529 5637 2598 5691 42
2659 5640 2982 5711 martyrem
3034 5653 3248 5712 agmen
3278 5653 3351 5695 ex
3406 5638 3709 5721 Armeniis
3736 5642 3891 5697 erat.

479 5702 655 5761 om.
