4130 6218
261 401 418 464 1009

1442 401 1807 464 HISTORIA
1820 399 1987 462 RUM
2035 399 2192 461 (ἷοΜ
2207 401 2580 464 PENDIUM.

3516 397 3689 460 1010

265 536 396 606 μαῖς
452 529 868 607 γεραιρόμενος.
954 530 1192 604 Στρατόν
1249 550 1309 587 τε
1380 531 1485 607 γάρ
1568 531 1913 603 ἐνεπιστεύθη

2031 529 2123 588 lus
2153 531 2302 587 alios
2333 549 2511 604 quam
2541 535 2836 589 Romanos
2856 532 2956 604 qui
2988 531 3200 604 captivi
3252 533 3313 587 in
3334 532 3677 589 carceribus

264 619 468 688 πολὺν,
508 619 767 675 καὶκατὰ
795 624 907 676 τῶν
955 622 1345 696 γειτονούντων
1407 620 1643 697 ἐχθρῶν,
1699 620 1752 676 οἵ
1782 620 1926 677 οὕτω

265 709 333 781 δὴ
371 711 654 786 Κερμάται
712 710 1039 774 καλοῦνται,
1095 711 1368 791 ἐπέμφθη.
1429 714 1529 775 "Oc
1564 709 1771 784 μηδένα
1805 712 1923 768 ’ὲτε-

268 821 362 873 ρον
396 798 619 856 ἕπεσθαί
652 802 705 855 οἱ
737 800 1000 872 θελήσας,
1031 800 1159 858 ἀλλ’
1215 801 1250 871 ἢ
1311 800 1476 874 μόνον
1504 800 1634 864 τοὺς
1666 800 1717 856 ἐν
1750 799 1927 878 φυλα-

268 895 390 954 καῖς
419 889 846 968 καθειργμένους
895 889 1205 963 Ῥωμαίους
1262 890 1410 963 αύτῷ
1458 891 1924 966 συστρατεύεσθαι,

271 979 428 1043 νίκας
488 977 742 1053 μεγίστας
797 981 887 1034 καὶ
966 977 1265 1041 καλλίστας
1323 978 1610 1055 ἠνέγκατο,
1695 980 1768 1042 ὡς
1833 980 1924 1035 καὶ

272 1068 406 1125 αὐτὸ
438 1069 502 1123 τὸ
531 1062 835 1144 λεγόμενον
867 1068 1132 1144 Χωροσάν
1188 1066 1641 1144 ἐκπολιορκῆσαι.
1673 1068 1751 1126 Ού
1819 1068 1923 1145 γὰρ

271 1158 438 1231 μόνον
466 1157 531 1212 τὸ
564 1158 683 1213 κατ’
715 1154 936 1233 ἀνδρίαν
993 1153 1247 1232 διαφὲρον
1293 1155 1553 1229 ἐξέπληξε
1589 1157 1717 1222 τοὺς
1767 1156 1926 1214 ἐναν-

265 1245 440 1313 τίους,
472 1243 621 1301 ἀλλὰ
650 1245 737 1300 καὶ
796 1247 832 1315 ἠ
885 1251 987 1315 τῆς
1041 1242 1327 1301 διαλέκτου
1370 1243 1698 1323 παραλλαγὴ
1755 1246 1847 1301 καὶ
1884 1248 1920 1316 ἡ

263 1339 376 1389 τῶν
408 1334 717 1409 σχημάτων
753 1329 1038 1408 μεταϐολή
1066 1334 1155 1390 καὶ
1205 1337 1240 1404 ἡ
1292 1339 1391 1390 τοῦ
1444 1332 1698 1408 πολέμου
1744 1337 1921 1412 παρά-

267 1420 421 1496 δοξος
464 1421 738 1500 ἐξαλλαγὴ
797 1423 875 1486 εἷς
935 1420 1142 1479 δειλίαν
1193 1422 1255 1479 οὐ
1308 1426 1408 1494 τήν
1462 1428 1738 1500 τυχοῦσαν
1796 1445 1923 1480 συν-

269 1511 445 1583 ήλασε
476 1513 606 1575 τοὺς
636 1511 965 1585 πολεμίους.
999 1511 1096 1570 Καὶ
1126 1510 1189 1567 ού
1221 1512 1358 1568 κατὰ
1408 1517 1517 1567 τῶν
1571 1510 1784 1588 ἐχθρῶν
1818 1511 1923 1585 μό-

264 1620 358 1657 νον
417 1600 591 1663 οὕτως
653 1599 810 1679 ὤφθη
871 1606 1142 1677 γενναῖος,
1190 1598 1339 1656 ἀλλὰ
1390 1600 1481 1657 καὶ
1537 1601 1673 1658 κατὰ
1711 1599 1918 1675 θηρίων

2031 621 2469 685 detinebantur,
2495 623 2708 679 ducere
2733 622 2957 677 noluit:
2982 622 3195 677 horum
3225 620 3490 678 exercitu
3513 639 3678 679 com-

2028 713 2220 784 posito
2266 729 2508 785 magnas
2558 713 2940 784 illustresque
3001 710 3322 782 reportavit
3377 710 3682 780 victorias,

2029 808 2089 857 et
2117 804 2311 874 ipsum
2344 819 2581 874 quoque
2601 803 3000 858 Chorosanem
3022 801 3272 874 (castelli
3303 801 3416 856 hoc
3437 802 3680 869 nomen)

2029 892 2400 964 expugnavit.
2434 893 2561 947 Non
2593 893 2753 947 enim
2788 891 3004 960 insigni
3064 896 3299 945 tantum
3330 888 3680 944 fortitudine

2028 999 2137 1038 sua
2168 988 2457 1039 terrorem
2503 981 2774 1037 hostibus
2832 981 3054 1051 intulit,
3114 981 3219 1036 sed
3269 985 3327 1034 et
3383 978 3679 1035 sermonis

2026 1073 2285 1129 novitate
2340 1088 2409 1127 ac
2477 1072 2713 1127 habitus
2767 1075 2825 1125 et
2882 1070 3025 1125 belli
3112 1071 3317 1126 formai
3374 1069 3682 1141 inopinata

2027 1162 2357 1217 mutatione
2387 1176 2507 1216 non
2539 1160 2601 1215 in
2634 1176 2878 1232 parvum
2911 1176 3014 1215 eos
3040 1165 3265 1216 metum
3296 1157 3675 1229 conjiciebat.

2027 1255 2224 1321 Neque
2253 1248 2571 1305 adversum
2604 1249 2808 1303 hostes
2839 1247 3014 1303 modo
3069 1253 3310 1304 strenue
3366 1263 3428 1302 se
3475 1247 3677 1319 gessit,

2030 1338 2133 1396 sed
2155 1344 2214 1394 et
2242 1342 2450 1394 contra
2500 1337 2656 1393 feras
2714 1338 3021 1409 regionem
3058 1352 3191 1392 eam
3246 1339 3564 1392 vastantes.
3612 1337 3681 1390 Et

2025 1429 2098 1484 ob
2131 1427 2318 1483 multa
2345 1426 2503 1483 bona
2531 1443 2663 1497 quae
2687 1427 2835 1483 9‘21
2864 1425 2937 1482 ab
2969 1442 3036 1481 eo
3068 1441 3348 1498 accepere
3380 1424 3679 1491 Saraceni,

2024 1533 2262 1575 summe
2302 1516 2519 1572 charus
2551 1515 2805 1587 principi
2833 1531 3040 1571 eorum
3070 1531 3138 1571 ac
3168 1513 3514 1587 proceribus
3542 1512 3676 1571 fuit.

2024 1611 2158 1664 Haec
2213 1607 2573 1678 Theophilus
2626 1623 2763 1661 cum
2832 1610 3242 1678 cognosceret,
3300 1620 3557 1679 gravem,
3616 1616 3683 1666 ut

268 1690 474 1764 ἀγρίων
530 1692 957 1765 πημαινομένων
1015 1691 1116 1760 τήν
1169 1690 1359 1766 χώραν
1420 1687 1735 1766 ἠνδρίσατο.
1812 1689 1918 1747 Καὶ

2030 1716 2127 1772 par
2160 1702 2308 1765 erat,
2351 1696 2689 1752 molestiam
2735 1695 2922 1751 sensit
2953 1713 2968 1763 ;
3000 1702 3185 1767 utque
3242 1693 3573 1750 Manuelum
3605 1690 3681 1747 ad

273 1779 535 1856 μεγάλων
565 1777 739 1842 α’ίτιος
772 1778 960 1843 αὐτοῖς
987 1777 1172 1835 καλῶν
1206 1781 1441 1858 γεγονὼς
1496 1780 1645 1854 αὐτῷ
1690 1801 1750 1837 τε
1778 1783 1917 1858 ἠγα-

2025 1804 2089 1845 se
2118 1786 2450 1854 reduceret,
2500 1785 2651 1841 nihil
2710 1786 3068 1841 intentatum
3098 1784 3360 1856 reliquit.
3417 1783 3679 1840 Tandem

266 1870 421 1939 πήθη
456 1866 820 1948 διαφερόντως
850 1872 929 1941 τῷ
980 1866 1207 1945 ἄρχοντι
1259 1873 1369 1925 τῶν
1430 1874 1758 1945 Σαρακηνῶν
1825 1870 1917 1927 καὶ

2030 1892 2211 1950 Opera
2240 1874 2551 1948 cujusdam
2584 1874 2881 1943 monachi,
2941 1874 3150 1945 quales
3207 1874 3346 1929 hinc
3376 1873 3515 1929 inde
3572 1890 3679 1944 per

264 1959 336 2028 τῇ
396 1955 655 2030 γερουσίᾳ
709 1957 908 2015 αὐτῶν.
960 1958 1047 2031 [Ρ.
1097 1960 1223 2031 527]
1285 1960 1463 2014 Ταῦτα
1546 1959 1829 2031 μανθάνων
1888 1960 1917 2015 ὁ

2030 1966 2216 2022 varias
2262 1964 2536 2037 regiones
2588 1963 2781 2036 vagari
2831 1963 3045 2031 solent,
3099 1979 3335 2018 crucem
3389 1962 3444 2017 ei
3494 1962 3678 2017 mittit

267 2044 560 2124 Θεόφιλος,
583 2046 657 2107 ὡς
686 2044 832 2108 εἰκὸς
861 2046 953 2119 ἦν,
983 2047 1199 2118 ἠνιᾶτο,
1257 2047 1349 2103 καὶ
1405 2046 1579 2104 πάντα
1622 2046 1776 2105 λίθον
1808 2048 1916 2105 ἐκί-

262 2154 341 2189 νει
374 2131 541 2196 ὡςᾶν
576 2135 672 2191 τὸν
724 2132 893 2207 ἄνδρα
955 2135 1403 2210 μετακαλέσοιτο.
1464 2138 1561 2194 Διὸ
1610 2138 1699 2194 καὶ
1754 2159 1919 2194 σταυ-

264 2221 360 2296 ρὸν
391 2221 483 2277 καὶ
515 2219 935 2299 χρυσόϐουλλον
969 2222 1060 2281 διά
1098 2246 1246 2290 τινος
1278 2225 1518 2303 ἀγύρτου
1553 2231 1800 2302 μοναχοῦ
1828 2227 1916 2284 ἐκο

262 2310 469 2385 πέμπει
501 2316 686 2387 (3)τῷ
724 2313 1015 2385 Μανουήλ,
1067 2313 1471 2390 ἐκκαλούμενος
1526 2315 1918 2390 ἐπανακρέψαι

262 2401 355 2456 καὶ
413 2407 588 2458 πᾶσαν
631 2403 935 2478 ἀμνηστίαν
988 2410 1170 2462 κακῶν
1227 2406 1376 2479 αὐτῷ
1425 2408 1790 2481 χαριζόμενος
1844 2403 1917 2462 δι’

264 2488 464 2549 αὐτῶν.
493 2490 563 2547 ’Λ
592 2487 660 2560 δὴ
689 2490 923 2564 κομίσας
970 2492 999 2547 ὁ
1057 2490 1302 2569 εἰληφὼς
1357 2492 1434 2555 εἷς
1487 2492 1679 2569 χεῖρας
1733 2491 1913 2558 λαθὼν

263 2579 451 2650 τίθησι
475 2583 573 2634 τοῦ
602 2578 890 2652 Μανουήλ.
927 2581 1024 2637 Καὶ
1054 2578 1344 2656 δεξάμενος
1372 2583 1556 2652 οὗτος,
1613 2582 1704 2637 καὶ
1744 2580 1916 2637 οἱονεί

262 2669 364 2736 τὴν
391 2669 579 2744 ψυχὴν
603 2667 907 2739 ἐκκαυθεὶς,
939 2667 1049 2741 ἤδη
1093 2667 1152 2727 δέ
1205 2671 1296 2727 καὶ
1346 2670 1774 2745 πιστευσάμενος
1856 2669 1917 2727 ἐκ

261 2762 370 2812 τῶν
403 2760 683 2834 προτέρων
718 2753 917 2833 ἔργων,
950 2759 1143 2833 μηνύει
1172 2764 1251 2833 τῷ
1305 2759 1535 2835 ἄρχοντι
1592 2764 1700 2817 τῶν
1735 2767 1916 2836 Σαρα-

261 2852 444 2917 κηνῶν
470 2847 546 2909 ὡς
605 2848 774 2903 πόθον
828 2847 1012 2926 τρέφει
1067 2848 1157 2904 καὶ
1214 2850 1348 2904 κατά
1402 2850 1694 2922 Ῥωμαίων
1752 2870 1915 2925 στρα-

257 2940 443 2991 τεῦσαι
511 2936 601 2992 καὶ
656 2936 787 3000 τοὺς
866 2935 1098 3013 ἐχθροὺς
1157 2938 1457 3011 ἀμύνασθαι
1524 2937 1578 2994 οἵ
1660 2942 1915 2995 κατεῖπον

259 3023 426 3080 αὐτοῦ
451 3026 588 3102 πρὸς
644 3026 737 3081 τὸν
798 3023 1047 3103 βασιλέα,
1104 3028 1205 3096 τήν
1260 3024 1650 3084 Καππαδοκίαν
1706 3027 1916 3083 οἰκοῦν-

257 3136 375 3178 τας.
412 3117 901 3194 Συνεκπεμφθῆναι
933 3113 992 3171 δὲ
1021 3115 1170 3188 αὐτῷ
1223 3114 1380 3190 ἠξίου
1431 3116 1521 3173 καὶ
1576 3117 1669 3173 τὸν
1715 3117 1912 3173 τούτου

261 3205 378 3260 υἱὸν
408 3203 484 3267 είς
523 3203 753 3261 πλείονα
807 3212 909 3274 τῆς
970 3205 1228 3267 ὑπονοίας
1280 3205 1569 3282 ἀναίρεσιν.
1620 3205 1912 3264 Κατένευσε

260 3299 380 3357 τοῖς
409 3292 712 3363 αἲτηθεῖσιν
741 3294 770 3350 ὁ
802 3267 1032 3369 ἰσμαήλ
1065 3297 1168 3370 (4),
1215 3295 1303 3351 καὶ
1337 3267 1558 3351 δίδωσιν
1610 3294 1760 3368 αὐτῷ
1812 3300 1911 3352 τοῦ
1950 3267 1994 3333 C

263 3381 632 3456 ἐκστρατεύειν
689 3380 896 3441 ἄδείαν.
946 3384 1036 3447 Ὠς
1095 3382 1153 3440 δὲ
1207 3380 1399 3460 ἤγγισε
1452 3389 1574 3449 τοῖς
1622 3385 1913 3459 Ῥωμαίων

226 3472 459 3547 ἠρίοις,
491 3469 637 3538 δῆλα
666 3478 815 3528 ποιεῖ
841 3475 910 3528 τά
954 3475 1072 3529 κατ’
1130 3473 1289 3529 αὐτὸν
1346 3479 1427 3546 τῷ
1478 3476 1578 3543 τῆς
1636 3473 1921 3531 Καππαδο-

262 3562 385 3625 κίας
425 3567 713 3637 στρατηγῷ
767 3562 859 3618 καὶ
913 3564 1016 3633 τὴν
1072 3561 1290 3627 ἐσαῦθις
1341 3561 1396 3618 ἃς
1452 3564 1757 3637 Ῥωμανίαν
1815 3563 1917 3621 ἐπ-

263 3648 481 3722 άνοδον,
509 3652 601 3709 καὶ
632 3655 745 3726 ἅμα
773 3648 1050 3709 ἐδίδασκεν
1082 3652 1158 3715 ὡς
1207 3649 1291 3708 δεῖ
1320 3652 1456 3709 κατὰ
1514 3654 1608 3710 τὸν
1641 3650 1790 3710 δείνςι
1817 3657 1879 3710 1:5
1904 3690 1912 3697 ο

258 3762 361 3797 πον
420 3741 593 3817 λόχον
640 3742 731 3798 καὶ
791 3740 1007 3819 ίνέδραν
1056 3740 1323 3818 γενέσθαι,
1376 3743 1472 3799 ⁴Ιν’
1527 3741 1653 3799 ὅταν
1684 3742 1883 3807 ἐκεῖσε,

261 3829 417 3906 φησῖ,
476 3828 740 3906 γένωμαι,
795 3831 924 3894 τοὺς
985 3831 1083 3905 μὶν
1166 3834 1493 3907 Σαρακηνῶν
1547 3828 1902 3908 προδρόμους

256 3919 340 3977 ἐπ’
371 3919 544 3977 ἄλλον
583 3920 706 3977 τινὰ
757 3921 926 3976 τόπον
984 3918 1286 3991 ἐξελαύνειν
1342 3922 1583 3992 ποιήσω,
1625 3920 1788 3983 αὐτὸς
1845 3918 1905 3977 δέ

248 4010 387 4085 πρὸς
408 4009 477 4065 τὰ
514 4010 806 4084 Ῥωμαίων
862 4009 970 4080 ἤθη
1027 4007 1468 4084 ἂναδραμοῢμαι.
1523 4011 1593 4069 Ὀ
1648 4010 1739 4066 καὶ
1792 4011 1893 4088 γὲ-

245 4111 415 4163 γονεν.
456 4099 546 4162 Ὠς
575 4099 680 4177 γὰρ
710 4100 848 4155 κατὰ
874 4101 937 4156 τὸ
970 4098 1218 4173 σύνθημα
1272 4104 1351 4171 τῷ
1405 4100 1671 4175 ὁρισθέντι
1723 4099 1897 4174 ἐπληο

246 4189 429 4260 σίαζον
455 4189 632 4264 τόπῳ,
665 4189 850 4247 πολλὰ
877 4191 968 4246 τὸν
1017 4194 1116 4246 τοῦ
1168 4189 1405 4264 Ἰσμαὴλ
1464 4192 1580 4247 υἱὸν
1616 4212 1895 4249 κατασπα-

250 4278 508 4353 σάμενος
560 4280 633 4335 Σὺ
714 4279 810 4353 μὶν
870 4278 1051 4354 ὑγιὴς,
1105 4272 1233 4355 ἔφη,
1284 4276 1458 4350 ἄπιθι,
1498 4277 1709 4350 τέκνον,
1768 4282 1909 4356 πρὸς

245 4368 339 4423 τὸν
373 4366 465 4423 σὸν
494 4366 718 4443 πατέρα’
748 4365 858 4444 ἐγὼ
916 4364 975 4422 δέ
1032 4365 1427 4441 ἀπελεύσομαι
1463 4369 1601 4443 πρὸς
1646 4370 1740 4425 τὸν
1790 4368 1922 4444 ἐμὸν

254 4456 482 4533 βασιλέα
535 4457 627 4512 καὶ
690 4455 900 4531 κύριον.
972 4479 1001 4508 »
1059 4456 1353 4519 Διασωθεὶς
1411 4454 1460 4512 δ’
1518 4456 1719 4513 ἐκεῖθεν
1781 4461 1920 4535 πρὸς

249 4547 352 4616 τήν
384 4543 772 4619 βασιλεύουσαν
805 4544 1124 4625 ἐντυγχάνει
1154 4548 1234 4618 τῷ
1267 4543 1486 4621 βασιλεῖ
1541 4546 1681 4603 κατὰ
1736 4548 1827 4603 τὸν
1862 4546 1914 4603 ἐν

2026 2059 2086 2111 et
2141 2054 2389 2120 litteras,
2451 2052 2525 2109 ad
2574 2040 2991 2109 revertendum
3045 2052 3384 2121 cohortans,
3426 2050 3677 2106 oblivio-

2023 2160 2283 2216 nemque
2314 2142 2584 2199 omnium
2615 2141 2977 2196 olfensarum
3034 2141 3411 2213 promittens.
3444 2141 3680 2195 Manne-

2023 2234 2118 2290 lus
2148 2233 2223 2289 iis
2252 2233 2365 2288 sibi
2391 2231 2622 2289 occulte
2654 2230 2922 2299 redditis,
2977 2230 3177 2287 animo
3234 2246 3506 2296 accenso,
3540 2244 3675 2285 cum

2017 2325 2147 2397 jam
2178 2322 2358 2378 ﬁdem
2388 2337 2557 2378 suam
2588 2321 3021 2379 Saracenorum
3050 2319 3305 2392 principi
3354 2319 3475 2375 suis
3505 2318 3677 2375 factis

2024 2412 2353 2484 probasset,
2386 2410 2683 2483 significat
2708 2409 2763 2465 ei
2792 2424 3011 2479 cupere
3057 2424 3120 2464 se
3148 2412 3356 2463 contra
3382 2410 3679 2463 Romanos

2025 2500 2469 2573 expeditionem
2500 2497 2800 2569 suscipere
2832 2502 2892 2553 et
2938 2496 3217 2552 inimicos
3253 2512 3412 2562 suos,
3474 2511 3509 2551 a
3538 2496 3671 2566 qui-

2023 2589 2135 2646 bus
2184 2587 2343 2661 apud
2400 2588 2822 2660 imperatorem
2882 2584 3115 2641 delatus
3158 2584 3395 2649 fuisset,
3446 2583 3678 2653 ulcisci,

2024 2678 2457 2752 Cappadociam
2488 2676 2849 2735 habitantes.
2900 2675 3117 2730 Filium
3182 2691 3419 2746 quoque
3448 2673 3675 2746 princi-

2024 2769 2116 2841 pis
2146 2783 2347 2823 secum
2379 2767 2533 2822 mitti
2564 2765 2734 2838 petit,
2763 2781 2881 2836 quo
2936 2764 3125 2836 magis
3179 2763 3524 2820 institutum
3576 2779 3674 2819 ce-

2023 2857 2193 2915 laret.
2226 2856 2494 2912 Assensit
2543 2855 2675 2925 ejus
2723 2854 2999 2926 petitioni
3032 2853 3310 2924 princeps
3364 2851 3672 2908 Ismaelus.

2024 2944 2328 3002 Manuelus
2360 2944 2583 3000 finibus
2614 2945 2894 2999 Romana;
2921 2941 3164 2997 ditionis
3184 2940 3674 3013 appropinquans

2022 3035 2368 3109 praafectum
2425 3031 2807 3106 Cappadocia:
2860 3030 2933 3087 de
2995 3031 3118 3086 suis
3174 3030 3352 3087 rebus
3411 3030 3668 3097 edocet;

2024 3124 2323 3195 simulque
2352 3126 2514 3179 certo
2572 3122 2704 3178 loco
2762 3137 2900 3177 eum
2956 3119 3205 3176 insidias
3251 3119 3546 3176 collocare
3570 3119 3670 3189 ju-

2023 3215 2143 3281 bet,
2174 3218 2242 3268 ut
2271 3212 2418 3284 ipse,
2450 3227 2586 3267 cum
2636 3226 2706 3265 eo
2754 3209 3140 3282 pervenisset,
3208 3208 3674 3280 prwcursoribus

2031 3303 2457 3359 Saracenorum
2515 3299 2632 3356 alio
2692 3299 2957 3355 dimissis
3008 3298 3070 3353 in
3145 3300 3543 3354 Romanorum
3594 3297 3678 3352 di-

2024 3392 2249 3449 tionem
2279 3389 2509 3464 ingredi
2541 3389 2748 3461 possit.
2794 3389 2942 3461 Ergo
2994 3387 3094 3443 ubi
3153 3385 3227 3442 ad
3281 3402 3418 3442 eum
3476 3387 3673 3442 locum

2022 3480 2292 3554 pervenit
2320 3480 2421 3551 qui
2453 3478 2811 3534 constitutus
2840 3482 2988 3545 erat,
3048 3476 3238 3531 ﬁlium
3273 3476 3507 3533 Ismaeli
3538 3491 3672 3547 pro-

2024 3571 2141 3627 lixe
2181 3569 2502 3625 salutatum
2543 3567 2771 3624 salvum
2828 3566 3023 3621 redire
3069 3564 3144 3621 ad
3198 3581 3373 3621 suum
3448 3571 3678 3637 patrem

2019 3658 2211 3731 jubet,
2235 3674 2298 3713 se
2326 3658 2402 3713 ad
2430 3658 2849 3729 imperatorem
2879 3655 3309 3726 dominumque
3329 3654 3483 3711 928
3506 3670 3679 3710 suum

2024 3747 2239 3804 reverti
2264 3746 2557 3803 indicans.
2578 3744 2784 3800 Salvus
2802 3743 2941 3798 inde
2966 3742 3523 3814 Constantinopolin
3547 3760 3678 3814 per-

2025 3836 2205 3904 venit,
2264 3836 2807 3907 imperatoremque
2875 3831 2937 3886 in
2987 3829 3406 3887 Blachernensi
3460 3831 3678 3902 templo

2027 3926 2276 3993 accedit,
2308 3925 2382 3981 ab
2430 3939 2621 3996 eoque
2673 3921 2941 3996 magistri
3009 3921 3235 3975 honore
3299 3920 3559 3976 afﬁcitur
3623 3925 3682 3975 et

2028 4019 2333 4088 compater
2412 4013 2598 4087 ipsius
2686 4010 3037 4083 appellatur.
3130 4010 3248 4065 Hoc
3314 4007 3490 4064 modo
3569 4010 3680 4064 Ma—
3766 4030 3771 4036 δ

2029 4105 2188 4162 nueli
2223 4120 2313 4159 res
2350 4108 2499 4160 acta.
2560 4100 2804 4156 Interim
2854 4098 2972 4154 vita
3038 4096 3319 4154 defuncto
3380 4096 3679 4153 Theodoto

2030 4195 2368 4259 Melisseno,
2419 4208 2595 4264 quem
2651 4205 2830 4261 supra
2903 4187 3273 4243 ostendimus
3326 4186 3681 4244 Cassiteram

2029 4284 2421 4355 cognomento
2470 4278 2717 4345 dictum,
2780 4274 2881 4347 qui
2940 4274 3294 4346 aliquandiu
3348 4274 3685 4347 patriarcha

2030 4367 2575 4440 Constantinopolis
2605 4365 2817 4427 fuerat,
2848 4365 3069 4419 Jannes
3114 4362 3465 4436 paedagogus
3493 4363 3683 4418 Theo-

2030 4460 2179 4533 phili
2212 4457 2498 4525 succedit,
2530 4453 2927 4510 sacerdotium
2975 4452 3135 4508 istud
3191 4452 3514 4525 impietatis
3561 4470 3683 4509 sum

2033 4555 2209 4621 atque
2232 4546 2497 4621 perﬁdia:
2528 4542 2843 4618 praemium
2876 4540 3147 4612 adeptus.

254 4633 595 4709 Βλαχέρναις
624 4639 724 4703 τῆς
756 4622 1022 4690 Θεοτόκου
1052 4634 1204 4706 ναὸν,
1232 4634 1325 4691 καὶ
1362 4634 1660 4712 μάγιστρος
1693 4638 1822 4713 παρ’
1853 4637 2022 4695 αὐτοῦ
2051 4642 2279 4710 τιμᾶται
2303 4634 2395 4691 καὶ
2427 4633 2712 4695 σύντεκνος
2850 4625 3036 4685 ἔκτοτε
3093 4627 3432 4704 χρηματίζει
3488 4622 3685 4702 αύτῷ.)

1472 4728 1834 4785 XYLANDBI
1881 4730 1968 4786 ET
2007 4727 2218 4786 GOARl
2252 4727 2476 4784 ΝΟΤᾸΞ.

331 4840 665 4917 (3)Αονιιοθοι
698 4842 968 4917 et_m_ittit,
994 4841 1421 4917 aithlander.
1466 4845 1540 4917 At
1571 4859 1751 4917 quam
1785 4861 1918 4917 om.
1952 4848 1998 4912 υ

257 4912 579 4987 οοωῗλᾳιιο
616 4912 776 4987 fine?
804 4913 998 4987 Tacet.
1041 4912 1383 4987 Mys’terium
1414 4912 1642 4987 evulgo.
1681 4915 1918 4973 Litteris

254 4983 580 5058 secretiOra
604 4983 1008 5058 revela‘ntibus
1033 4983 1112 5058 ac
1157 4984 1428 5058 pollicita
1453 4983 1573 5042 sive
1608 4992 1781 5058 pacta
1811 4987 1912 5044 ad-

257 5057 380 5112 dito
405 5056 752 5129 juramento
774 5054 1463 5129 ﬁrmantibus‘solebant
1493 5054 1800 5129 quo—udam
1858 5059 1922 5115 in

257 5128 617 5201 sacramenti
652 5127 1065 5201 testiinonium
1090 5144 1327 5201 crucem
1358 5127 1920 5201 praefigerel’onta-

258 5215 371 5254 nus
400 5215 471 5273 ex
502 5198 781 5273 Phranzis
817 5201 1017 5273 Graeco
1049 5204 1211 5254 textu
1245 5216 1258 5254 :
1294 5198 1557 5273 AVocatur'
1586 5203 1645 5256 in
1693 5218 1923 5273 conspe«

256 5277 405 5326 ctum
438 5268 787 5341 imperatoris
846 5270 1147 5341 Cpolilani,
1206 5271 1305 5341 qui
1354 5288 1561 5328 mecum
1618 5288 1687 5328 ea:
1746 5268 1924 5329 Iberia

256 5344 471 5413 legatus
500 5343 799 5399 advenerat
824 5358 847 5404 ;
876 5348 928 5397 et
946 5343 1264 5414 imperator
1295 5358 1466 5398 manu
1494 5360 1596 5397 sua
1626 5360 1687 5399 eo
1708 5346 1923 5400 vidente

251 5412 361 5470 tres
381 5430 568 5470 cruces
597 5415 904 5485 cinnabari
932 5412 995 5469 in
1021 5412 1213 5483 fronte
1254 5414 1416 5471 bulla:
1447 5415 1522 5470 ad
1543 5418 1920 5485 conﬁrmatio-

254 5501 382 5540 nem
413 5501 523 5555 pro
564 5484 962 5557 consuetudine
1011 5486 1296 5557 ςερφὶηιίε,
1356 5484 1669 5557 bullumque
1696 5503 1935 5543 auream

256 5556 762 5632 iri-manuslegato
785 5556 976 5611 tradit.
1015 5556 1125 5632 Leo
1185 5556 1663 5632 Grammaticus:
1699 5557 1727 5611 ὁ
1761 5558 1918 5632 βασι-

265 5623 392 5703 λεύς
424 5624 515 5703 καὶ
545 5625 574 5679 ὁ
608 5623 894 5703 gagatem:
950 5626 1077 5703 τορς
1123 5624 1346 5703 τιμίους
1406 5625 1719 5703 ὑπέγραψαν
1761 5623 1921 5703 erant

264 5696 399 5770 ροὺς
429 5695 577 5773 ὅρκῳ
609 5691 973 5773 βεϐαιοῦντες.
1005 5691 1292 5773 Similem,
1352 5699 1477 5770 vagi
1521 5691 1597 5754 ’ἐι
1631 5691 1923 5773 ’ῐῃρῃάἱᾳί

267 5768 555 5826 monaChi
610 5768 794 5845 opera
858 5768 1214 5842 Theophilus
1270 5768 1451 5841 usus;
1488 5784 1565 5826 ne
1626 5771 1923 5844 religionis

2031 4843 2267 4909 deesset
2295 4841 2545 4909 species,
2575 4838 2648 4895 ad
2680 4836 3227 4909 Manuelemrmisit,
3257 4841 3335 4909 ut
3348 4834 3540 4909 sacris
3563 4836 3684 4895 sive

2030 4907 2438 4989 χρυσοϐούλλῳ
2468 4907 2891 4989 ﬁdesamplior
2919 4908 3256 4989 adderetur.
3294 4907 3440 4962 Hinc
3460 4925 3686 4989 σταυρο-

2025 4979 2198 5046 Eii-ca:
2230 4979 2588 5042 sacramenti
2620 4979 2965 5054 hujusmodi
2998 4979 3315 5054 violatores
3336 4979 3687 5035 vocantmo-

2029 5058 2199 5113 derni
2231 5057 2436 5119 Graeci,
2469 5055 2569 5138 qui
2600 5048 2815 5134 crucem
2842 5048 3331 5138 pauculcant,'hoc
3380 5054 3684 5138 est,‘jutra-

2028 5137 2298 5186 mentum
2321 5145 2391 5185 ea
2423 5119 2681 5198 primum
2712 5124 2774 5178 in
2809 5122 3014 5176 charta
3056 5119 3274 5175 tabulis
3306 5119 3545 5177 exarata
3578 5122 3682 5198 [ir-

2028 5209 2253 5257 malum
2284 5193 2705 5255 intemeratum
2765 5208 2999 5248 servare
3052 5207 3173 5246 non
3222 5197 3518 5246 verentur.
3581 5193 3682 5248 His

2028 5273 2234 5329 afﬁnia
2253 5269 2694 5327 eruditissimus
2717 5263 2789 5319 de
2816 5264 3008 5318 Marca
3028 5262 3089 5317 in
3101 5262 3310 5333 patriis
3326 5262 3675 5321 Annalibus.

2029 5346 2205 5401 ϐολῇ.

2100 5416 2173 5482 (4)
2199 5412 2408 5469 Nescio
2450 5426 2523 5465 an
2554 5404 2972 5482 proprium__sit
2996 5404 3241 5482 hoc,_an
3288 5420 3427 5461 vero
3456 5407 3679 5482 Ismae-

2025 5475 2193 5539 litam
2226 5475 3080 5553 signiﬁcetfut'gentilitium.
3136 5478 3266 5533 Mox
3312 5494 3549 5535 rursum
3600 5480 3683 5537 ita

2026 5555 2286 5627 ponitur.
2319 5555 2457 5609 XvL.

2098 5627 2174 5697 (5)
2228 5626 2540 5697 Compater.
2586 5619 3024 5697 iExAsententia
3052 5625 3109 5675 et
3150 5621 3375 5697 leuare
3428 5621 3561 5697 hoc_
3598 5623 3680 5678 di-

2128 5691 2178 5765 i;
2212 5697 2313 5765 qui
2343 5691 2555 5751 scribit
2583 5691 2935 5765 Michaelum
2967 5692 3273 5765 TheOphili
3306 5693 3363 5750 F.
3399 5710 3434 5749 a
3461 5693 3679 5750 reduce

2025 5696 2178 5765 dici;
2212 5697 2313 5825 qui
2343 5696 2555 5751 scribit
2583 5696 2935 5774 Michaelum
2967 5696 3273 5765 TheOphili
3306 5696 3363 5750 F.
3399 5710 3434 5749 a
3461 5696 3673 5750 reduce

2023 5770 2232 5827 Manue
2263 5786 2294 5825 o
2328 5768 2516 5824 fuisse
2544 5784 2615 5823 ex
2646 5764 2939 5838 baptismo
2974 5770 3339 5837 susceptum.
3373 5765 3673 5836 (Gevatter.
