  <div class='ocr_page' id='page_1' title='image "/cluster/home/n/w/nwhite01/storage/ocr_20150623/121/hvd.32044073502478/511.png"; bbox 0 0 4130 6218; ppageno 0'>
   <div class='ocr_carea' id='block_1_1' title="bbox 66 3789 74 4298">
    <p class='ocr_par' dir='ltr' id='par_1_1' title="bbox 66 3877 74 4298">
     <span class='ocr_line' id='line_1_1' title="bbox 66 3877 68 3952; baseline 0 -12"><span class='ocrx_word' id='word_1_1' title='bbox 66 3877 68 3952; x_wconf 62' lang='grc' dir='ltr'><strong>ξ</strong></span> 
     </span>
     <span class='ocr_line' id='line_1_2' title="bbox 66 4197 74 4298; baseline 0 -12"><span class='ocrx_word' id='word_1_2' title='bbox 66 4197 74 4298; x_wconf 72' lang='grc' dir='ltr'>ἒ</span> 
     </span>
    </p>
   </div>
   <div class='ocr_carea' id='block_1_2' title="bbox 471 363 2130 431">
    <p class='ocr_par' dir='ltr' id='par_1_2' title="bbox 471 365 2130 430">
     <span class='ocr_line' id='line_1_3' title="bbox 471 365 2130 430; baseline -0.004 0"><span class='ocrx_word' id='word_1_3' title='bbox 471 370 622 430; x_wconf 87' lang='grc'>1011</span> <span class='ocrx_word' id='word_1_4' title='bbox 1829 365 2130 427; x_wconf 72' lang='lat' dir='ltr'>GEOllGIl</span> 
     </span>
    </p>
   </div>
   <div class='ocr_carea' id='block_1_3' title="bbox 2237 363 3863 431">
    <p class='ocr_par' dir='ltr' id='par_1_3' title="bbox 2244 363 3863 431">
     <span class='ocr_line' id='line_1_4' title="bbox 2244 363 3863 431; baseline 0.002 -7"><span class='ocrx_word' id='word_1_5' title='bbox 2244 363 2531 424; x_wconf 83' lang='lat' dir='ltr'>EDBENI</span> <span class='ocrx_word' id='word_1_6' title='bbox 3721 370 3863 431; x_wconf 82' lang='grc'>1012</span> 
     </span>
    </p>
   </div>
   <div class='ocr_carea' id='block_1_4' title="bbox 470 493 3866 575">
    <p class='ocr_par' dir='ltr' id='par_1_4' title="bbox 470 493 3866 575">
     <span class='ocr_line' id='line_1_5' title="bbox 470 493 3866 575; baseline -0 -18"><span class='ocrx_word' id='word_1_7' title='bbox 470 501 660 557; x_wconf 83' lang='grc' dir='ltr'>Καὶτὰ</span> <span class='ocrx_word' id='word_1_8' title='bbox 695 502 787 574; x_wconf 74' lang='grc' dir='ltr'>μὲν</span> <span class='ocrx_word' id='word_1_9' title='bbox 819 498 939 575; x_wconf 77' lang='grc' dir='ltr'>περί</span> <span class='ocrx_word' id='word_1_10' title='bbox 967 504 1063 555; x_wconf 78' lang='grc' dir='ltr'>τοῦ</span> <span class='ocrx_word' id='word_1_11' title='bbox 1093 497 1357 568; x_wconf 71' lang='grc' dir='ltr'>Μανουὴλ</span> <span class='ocrx_word' id='word_1_12' title='bbox 1385 497 1538 574; x_wconf 76' lang='grc' dir='ltr'>ἔσχεν</span> <span class='ocrx_word' id='word_1_13' title='bbox 1570 499 1765 560; x_wconf 68' lang='grc' dir='ltr'>υῧτωςθ</span> <span class='ocrx_word' id='word_1_14' title='bbox 1801 493 2066 553; x_wconf 84' lang='grc' dir='ltr'>Θεοδότου</span> <span class='ocrx_word' id='word_1_15' title='bbox 2105 493 2162 551; x_wconf 73' lang='grc' dir='ltr'>δὲ</span> <span class='ocrx_word' id='word_1_16' title='bbox 2187 499 2285 551; x_wconf 79' lang='grc' dir='ltr'>τοῦ</span> <span class='ocrx_word' id='word_1_17' title='bbox 2319 495 2688 566; x_wconf 81' lang='grc' dir='ltr'>Μελισσηνοῦ,</span> <span class='ocrx_word' id='word_1_18' title='bbox 2738 494 2796 550; x_wconf 77' lang='grc' dir='ltr'>ὅν</span> <span class='ocrx_word' id='word_1_19' title='bbox 2828 497 2918 551; x_wconf 86' lang='grc' dir='ltr'>καὶ</span> <span class='ocrx_word' id='word_1_20' title='bbox 2951 499 3293 573; x_wconf 83' lang='grc' dir='ltr'>Κασσιτηρᾶν</span> <span class='ocrx_word' id='word_1_21' title='bbox 3315 499 3812 574; x_wconf 85' lang='grc' dir='ltr'>προσαγορεύεσθαι</span> <span class='ocrx_word' id='word_1_22' title='bbox 3843 504 3866 557; x_wconf 77' lang='grc' dir='ltr'><strong>ὁ</strong></span> 
     </span>
    </p>
   </div>
   <div class='ocr_carea' id='block_1_5' title="bbox 471 585 3869 670">
    <p class='ocr_par' dir='ltr' id='par_1_5' title="bbox 471 585 3869 670">
     <span class='ocr_line' id='line_1_6' title="bbox 471 585 3869 670; baseline 0 -23"><span class='ocrx_word' id='word_1_23' title='bbox 471 591 640 668; x_wconf 90' lang='grc' dir='ltr'>λόγος</span> <span class='ocrx_word' id='word_1_24' title='bbox 673 592 964 668; x_wconf 79' lang='grc' dir='ltr'>ἐγνώρισεν</span> <span class='ocrx_word' id='word_1_25' title='bbox 990 589 1214 658; x_wconf 67' lang='grc' dir='ltr'>ἄνωθεν,</span> <span class='ocrx_word' id='word_1_26' title='bbox 1245 589 1324 670; x_wconf 74' lang='grc' dir='ltr'>ἐφ’</span> <span class='ocrx_word' id='word_1_27' title='bbox 1354 591 1534 645; x_wconf 75' lang='grc' dir='ltr'>ἱκανὸν</span> <span class='ocrx_word' id='word_1_28' title='bbox 1562 591 1652 645; x_wconf 87' lang='grc' dir='ltr'>τὸν</span> <span class='ocrx_word' id='word_1_29' title='bbox 1685 596 1784 658; x_wconf 82' lang='grc' dir='ltr'>τῆς</span> <span class='ocrx_word' id='word_1_30' title='bbox 1817 585 2449 648; x_wconf 77' lang='grc' dir='ltr'>Κωνσταντινουπόλεως</span> <span class='ocrx_word' id='word_1_31' title='bbox 2503 588 2697 661; x_wconf 77' lang='grc' dir='ltr'>θρόνον</span> <span class='ocrx_word' id='word_1_32' title='bbox 2751 589 3180 664; x_wconf 79' lang='grc' dir='ltr'>κατεσχηκότος,</span> <span class='ocrx_word' id='word_1_33' title='bbox 3237 586 3359 664; x_wconf 78' lang='grc' dir='ltr'>ἄρτι</span> <span class='ocrx_word' id='word_1_34' title='bbox 3385 587 3444 644; x_wconf 75' lang='grc' dir='ltr'>’δὲ</span> <span class='ocrx_word' id='word_1_35' title='bbox 3475 589 3869 655; x_wconf 70' lang='grc' dir='ltr'>καταλύσαντος</span> 
     </span>
    </p>
   </div>
   <div class='ocr_carea' id='block_1_6' title="bbox 473 673 3873 759">
    <p class='ocr_par' dir='ltr' id='par_1_6' title="bbox 473 673 3873 759">
     <span class='ocr_line' id='line_1_7' title="bbox 473 673 3873 759; baseline -0.001 -22"><span class='ocrx_word' id='word_1_36' title='bbox 473 683 566 738; x_wconf 87' lang='grc' dir='ltr'>τὸν</span> <span class='ocrx_word' id='word_1_37' title='bbox 603 683 742 757; x_wconf 81' lang='grc' dir='ltr'>βίον,</span> <span class='ocrx_word' id='word_1_38' title='bbox 775 683 927 736; x_wconf 79' lang='grc' dir='ltr'>ὁτοῦ</span> <span class='ocrx_word' id='word_1_39' title='bbox 955 679 1222 759; x_wconf 80' lang='grc' dir='ltr'>Θεοφίλου</span> <span class='ocrx_word' id='word_1_40' title='bbox 1253 679 1607 756; x_wconf 85' lang='grc' dir='ltr'>παιδαγωγὸς</span> <span class='ocrx_word' id='word_1_41' title='bbox 1638 681 1846 749; x_wconf 82' lang='grc' dir='ltr'>Ἰαννῆς</span> <span class='ocrx_word' id='word_1_42' title='bbox 1903 679 1994 733; x_wconf 80' lang='grc' dir='ltr'>τὸν</span> <span class='ocrx_word' id='word_1_43' title='bbox 2064 675 2270 734; x_wconf 83' lang='grc' dir='ltr'>ἐκείνου</span> <span class='ocrx_word' id='word_1_44' title='bbox 2328 673 2638 753; x_wconf 78' lang='grc' dir='ltr'>διαδέχεται</span> <span class='ocrx_word' id='word_1_45' title='bbox 2701 677 2906 753; x_wconf 82' lang='grc' dir='ltr'>θρόνον,</span> <span class='ocrx_word' id='word_1_46' title='bbox 2967 675 3132 743; x_wconf 82' lang='grc' dir='ltr'>ἆθλον</span> <span class='ocrx_word' id='word_1_47' title='bbox 3185 681 3286 750; x_wconf 78' lang='grc' dir='ltr'>τὴν</span> <span class='ocrx_word' id='word_1_48' title='bbox 3343 681 3637 755; x_wconf 72' lang='grc' dir='ltr'>ἱερωσύνην</span> <span class='ocrx_word' id='word_1_49' title='bbox 3698 677 3873 738; x_wconf 74' lang='grc' dir='ltr'>λαϐὼν</span> 
     </span>
    </p>
   </div>
   <div class='ocr_carea' id='block_1_7' title="bbox 477 768 1142 837">
    <p class='ocr_par' dir='ltr' id='par_1_7' title="bbox 477 768 1142 837">
     <span class='ocr_line' id='line_1_8' title="bbox 477 768 1142 837; baseline 0 -8"><span class='ocrx_word' id='word_1_50' title='bbox 477 774 725 837; x_wconf 83' lang='grc' dir='ltr'>ἀπιστίας</span> <span class='ocrx_word' id='word_1_51' title='bbox 751 775 841 828; x_wconf 84' lang='grc' dir='ltr'>καὶ</span> <span class='ocrx_word' id='word_1_52' title='bbox 873 768 1142 834; x_wconf 76' lang='grc' dir='ltr'>ἀσεϐείας.</span> 
     </span>
    </p>
   </div>
   <div class='ocr_carea' id='block_1_8' title="bbox 545 885 2130 967">
    <p class='ocr_par' dir='ltr' id='par_1_8' title="bbox 545 891 2117 964">
     <span class='ocr_line' id='line_1_9' title="bbox 545 891 2117 964; baseline -0.003 -16"><span class='ocrx_word' id='word_1_53' title='bbox 545 896 726 948; x_wconf 88' lang='lat' dir='ltr'>Porro</span> <span class='ocrx_word' id='word_1_54' title='bbox 778 893 1138 964; x_wconf 88' lang='lat' dir='ltr'>Theophilus</span> <span class='ocrx_word' id='word_1_55' title='bbox 1181 894 1506 964; x_wconf 82' lang='lat' dir='ltr'>imperator</span> <span class='ocrx_word' id='word_1_56' title='bbox 1555 898 1826 948; x_wconf 79' lang='lat' dir='ltr'>accurate</span> <span class='ocrx_word' id='word_1_57' title='bbox 1876 892 1948 947; x_wconf 90' lang='lat' dir='ltr'>de</span> <span class='ocrx_word' id='word_1_58' title='bbox 1995 891 2117 946; x_wconf 87' lang='lat' dir='ltr'>suis</span> 
     </span>
    </p>
   </div>
   <div class='ocr_carea' id='block_1_9' title="bbox 2237 885 3872 967">
    <p class='ocr_par' dir='ltr' id='par_1_9' title="bbox 2305 885 3872 967">
     <span class='ocr_line' id='line_1_10' title="bbox 2305 885 3872 967; baseline 0.001 -23"><span class='ocrx_word' id='word_1_59' title='bbox 2305 892 2570 959; x_wconf 79' lang='grc' dir='ltr'>Ζητοῢντι</span> <span class='ocrx_word' id='word_1_60' title='bbox 2601 885 2658 942; x_wconf 74' lang='grc' dir='ltr'>δὲ</span> <span class='ocrx_word' id='word_1_61' title='bbox 2695 894 2774 961; x_wconf 76' lang='grc' dir='ltr'>τῷ</span> <span class='ocrx_word' id='word_1_62' title='bbox 2817 887 3033 964; x_wconf 84' lang='grc' dir='ltr'>βασιλεῖ</span> <span class='ocrx_word' id='word_1_63' title='bbox 3069 889 3320 967; x_wconf 81' lang='grc' dir='ltr'>Θεοφίλῳ</span> <span class='ocrx_word' id='word_1_64' title='bbox 3368 889 3732 954; x_wconf 72' lang='grc' dir='ltr'>ἐπιπατικῶς</span> <span class='ocrx_word' id='word_1_65' title='bbox 3760 908 3872 963; x_wconf 67' lang='grc' dir='ltr'>περὶ</span> 
     </span>
    </p>
   </div>
   <div class='ocr_carea' id='block_1_10' title="bbox 477 981 2129 1053">
    <p class='ocr_par' dir='ltr' id='par_1_10' title="bbox 477 981 2129 1053">
     <span class='ocr_line' id='line_1_11' title="bbox 477 981 2129 1053; baseline -0.001 -16"><span class='ocrx_word' id='word_1_66' title='bbox 477 982 918 1037; x_wconf 86' lang='lat' dir='ltr'>successoribus</span> <span class='ocrx_word' id='word_1_67' title='bbox 970 982 1301 1053; x_wconf 85' lang='lat' dir='ltr'>inquirens,</span> <span class='ocrx_word' id='word_1_68' title='bbox 1347 981 1761 1038; x_wconf 82' lang='lat' dir='ltr'>mulierculam</span> <span class='ocrx_word' id='word_1_69' title='bbox 1811 981 2129 1052; x_wconf 88' lang='lat' dir='ltr'>quamdam</span> 
     </span>
    </p>
   </div>
   <div class='ocr_carea' id='block_1_11' title="bbox 480 1069 2128 1141">
    <p class='ocr_par' dir='ltr' id='par_1_11' title="bbox 480 1069 2128 1141">
     <span class='ocr_line' id='line_1_12' title="bbox 480 1069 2128 1141; baseline -0.001 -16"><span class='ocrx_word' id='word_1_70' title='bbox 480 1070 629 1125; x_wconf 88' lang='lat' dir='ltr'>bello</span> <span class='ocrx_word' id='word_1_71' title='bbox 659 1071 732 1126; x_wconf 91' lang='lat' dir='ltr'>de</span> <span class='ocrx_word' id='word_1_72' title='bbox 785 1071 1098 1126; x_wconf 86' lang='lat' dir='ltr'>Saracenis</span> <span class='ocrx_word' id='word_1_73' title='bbox 1129 1077 1360 1141; x_wconf 89' lang='lat' dir='ltr'>captam</span> <span class='ocrx_word' id='word_1_74' title='bbox 1395 1077 1452 1126; x_wconf 89' lang='lat' dir='ltr'>et</span> <span class='ocrx_word' id='word_1_75' title='bbox 1498 1069 1854 1125; x_wconf 89' lang='lat' dir='ltr'>vaticinandi</span> <span class='ocrx_word' id='word_1_76' title='bbox 1888 1086 2128 1141; x_wconf 83' lang='lat' dir='ltr'>gnaram</span> 
     </span>
    </p>
   </div>
   <div class='ocr_carea' id='block_1_12' title="bbox 477 1158 2131 1231">
    <p class='ocr_par' dir='ltr' id='par_1_12' title="bbox 477 1158 2131 1231">
     <span class='ocr_line' id='line_1_13' title="bbox 477 1158 2131 1231; baseline -0.001 -17"><span class='ocrx_word' id='word_1_77' title='bbox 477 1159 778 1224; x_wconf 87' lang='lat' dir='ltr'>accivit,ac</span> <span class='ocrx_word' id='word_1_78' title='bbox 803 1159 873 1213; x_wconf 90' lang='lat' dir='ltr'>de</span> <span class='ocrx_word' id='word_1_79' title='bbox 908 1159 980 1213; x_wconf 88' lang='lat' dir='ltr'>iis</span> <span class='ocrx_word' id='word_1_80' title='bbox 1008 1176 1139 1228; x_wconf 69' lang='lat' dir='ltr'>qum</span> <span class='ocrx_word' id='word_1_81' title='bbox 1170 1159 1404 1214; x_wconf 87' lang='lat' dir='ltr'>volebat</span> <span class='ocrx_word' id='word_1_82' title='bbox 1428 1158 2131 1231; x_wconf 68' lang='lat' dir='ltr'>interrogavit,prwcipue</span> 
     </span>
    </p>
   </div>
   <div class='ocr_carea' id='block_1_13' title="bbox 480 1247 2132 1318">
    <p class='ocr_par' dir='ltr' id='par_1_13' title="bbox 480 1247 2132 1318">
     <span class='ocr_line' id='line_1_14' title="bbox 480 1247 2132 1318; baseline -0.001 -17"><span class='ocrx_word' id='word_1_83' title='bbox 480 1247 782 1303; x_wconf 88' lang='lat' dir='ltr'>vaticinari</span> <span class='ocrx_word' id='word_1_84' title='bbox 817 1264 946 1302; x_wconf 90' lang='lat' dir='ltr'>eam</span> <span class='ocrx_word' id='word_1_85' title='bbox 976 1247 1196 1318; x_wconf 87' lang='lat' dir='ltr'>jubens</span> <span class='ocrx_word' id='word_1_86' title='bbox 1229 1249 1327 1318; x_wconf 88' lang='lat' dir='ltr'>qui</span> <span class='ocrx_word' id='word_1_87' title='bbox 1381 1249 1454 1303; x_wconf 91' lang='lat' dir='ltr'>ab</span> <span class='ocrx_word' id='word_1_88' title='bbox 1487 1249 1614 1318; x_wconf 90' lang='lat' dir='ltr'>ipso</span> <span class='ocrx_word' id='word_1_89' title='bbox 1651 1253 1850 1303; x_wconf 82' lang='lat' dir='ltr'>essent</span> <span class='ocrx_word' id='word_1_90' title='bbox 1881 1248 2132 1318; x_wconf 89' lang='lat' dir='ltr'>imperio</span> 
     </span>
    </p>
   </div>
   <div class='ocr_carea' id='block_1_14' title="bbox 481 1335 2132 1408">
    <p class='ocr_par' dir='ltr' id='par_1_14' title="bbox 481 1335 2132 1408">
     <span class='ocr_line' id='line_1_15' title="bbox 481 1335 2132 1408; baseline -0.001 -17"><span class='ocrx_word' id='word_1_91' title='bbox 481 1337 746 1408; x_wconf 83' lang='lat' dir='ltr'>petituri.</span> <span class='ocrx_word' id='word_1_92' title='bbox 774 1338 890 1390; x_wconf 88' lang='lat' dir='ltr'>Ista</span> <span class='ocrx_word' id='word_1_93' title='bbox 908 1353 1044 1408; x_wconf 88' lang='lat' dir='ltr'>ergo</span> <span class='ocrx_word' id='word_1_94' title='bbox 1073 1335 1447 1403; x_wconf 87' lang='lat' dir='ltr'>muliercula,</span> <span class='ocrx_word' id='word_1_95' title='bbox 1478 1338 1597 1391; x_wconf 88' lang='lat' dir='ltr'>sive</span> <span class='ocrx_word' id='word_1_96' title='bbox 1618 1337 1816 1390; x_wconf 92' lang='lat' dir='ltr'>divino</span> <span class='ocrx_word' id='word_1_97' title='bbox 1847 1336 2132 1391; x_wconf 85' lang='lat' dir='ltr'>instinctu</span> 
     </span>
    </p>
   </div>
   <div class='ocr_carea' id='block_1_15' title="bbox 479 1424 2131 1496">
    <p class='ocr_par' dir='ltr' id='par_1_15' title="bbox 479 1424 2131 1496">
     <span class='ocr_line' id='line_1_16' title="bbox 479 1424 2131 1496; baseline -0.003 -17"><span class='ocrx_word' id='word_1_98' title='bbox 479 1427 597 1480; x_wconf 84' lang='lat' dir='ltr'>sive</span> <span class='ocrx_word' id='word_1_99' title='bbox 629 1426 961 1480; x_wconf 71' lang='lat' dir='ltr'>daemonica</span> <span class='ocrx_word' id='word_1_100' title='bbox 992 1425 1344 1480; x_wconf 85' lang='lat' dir='ltr'>efficacitate</span> <span class='ocrx_word' id='word_1_101' title='bbox 1375 1431 1538 1481; x_wconf 91' lang='lat' dir='ltr'>mota</span> <span class='ocrx_word' id='word_1_102' title='bbox 1565 1443 1578 1480; x_wconf 89' lang='lat'><strong>:</strong></span> <span class='ocrx_word' id='word_1_103' title='bbox 1615 1449 1636 1475; x_wconf 77' lang='grc' dir='ltr'>ι</span> <span class='ocrx_word' id='word_1_104' title='bbox 1679 1426 1802 1480; x_wconf 86' lang='lat' dir='ltr'>Tibi</span> <span class='ocrx_word' id='word_1_105' title='bbox 1837 1424 2078 1496; x_wconf 89' lang='lat' dir='ltr'>quidem</span> <span class='ocrx_word' id='word_1_106' title='bbox 2103 1447 2131 1474; x_wconf 81' lang='grc'><strong>››</strong></span> 
     </span>
    </p>
   </div>
   <div class='ocr_carea' id='block_1_16' title="bbox 477 1515 2132 1587">
    <p class='ocr_par' dir='ltr' id='par_1_16' title="bbox 477 1515 2132 1587">
     <span class='ocr_line' id='line_1_17' title="bbox 477 1515 2132 1587; baseline -0.001 -15"><span class='ocrx_word' id='word_1_107' title='bbox 477 1517 582 1583; x_wconf 88' lang='lat' dir='ltr'>ait,</span> <span class='ocrx_word' id='word_1_108' title='bbox 635 1541 660 1565; x_wconf 81' lang='grc' dir='ltr'>ιι</span> <span class='ocrx_word' id='word_1_109' title='bbox 721 1533 753 1570; x_wconf 92' lang='lat' dir='ltr'>o</span> <span class='ocrx_word' id='word_1_110' title='bbox 803 1516 1147 1587; x_wconf 74' lang='lat' dir='ltr'>imperator,</span> <span class='ocrx_word' id='word_1_111' title='bbox 1193 1517 1354 1571; x_wconf 86' lang='lat' dir='ltr'>ﬁlius</span> <span class='ocrx_word' id='word_1_112' title='bbox 1403 1523 1542 1572; x_wconf 91' lang='lat' dir='ltr'>tuus</span> <span class='ocrx_word' id='word_1_113' title='bbox 1594 1515 1895 1580; x_wconf 86' lang='lat' dir='ltr'>succedet,</span> <span class='ocrx_word' id='word_1_114' title='bbox 1945 1521 2132 1570; x_wconf 82' lang='lat' dir='ltr'>matre</span> 
     </span>
    </p>
   </div>
   <div class='ocr_carea' id='block_1_17' title="bbox 485 1604 2135 1678">
    <p class='ocr_par' dir='ltr' id='par_1_17' title="bbox 485 1604 2135 1678">
     <span class='ocr_line' id='line_1_18' title="bbox 485 1604 2135 1678; baseline -0.001 -19"><span class='ocrx_word' id='word_1_115' title='bbox 485 1605 719 1676; x_wconf 89' lang='lat' dir='ltr'>imperii</span> <span class='ocrx_word' id='word_1_116' title='bbox 777 1605 954 1660; x_wconf 89' lang='lat' dir='ltr'>socia.</span> <span class='ocrx_word' id='word_1_117' title='bbox 990 1606 1127 1660; x_wconf 85' lang='lat' dir='ltr'>Post</span> <span class='ocrx_word' id='word_1_118' title='bbox 1171 1622 1304 1660; x_wconf 90' lang='lat' dir='ltr'>eum</span> <span class='ocrx_word' id='word_1_119' title='bbox 1355 1621 1489 1659; x_wconf 90' lang='lat' dir='ltr'>vero</span> <span class='ocrx_word' id='word_1_120' title='bbox 1535 1621 1721 1678; x_wconf 89' lang='lat' dir='ltr'>genus</span> <span class='ocrx_word' id='word_1_121' title='bbox 1762 1604 2135 1661; x_wconf 86' lang='lat' dir='ltr'>Martinacio-</span> 
     </span>
    </p>
   </div>
   <div class='ocr_carea' id='block_1_18' title="bbox 480 1693 2133 1766">
    <p class='ocr_par' dir='ltr' id='par_1_18' title="bbox 480 1693 2133 1766">
     <span class='ocr_line' id='line_1_19' title="bbox 480 1693 2133 1766; baseline -0.001 -17"><span class='ocrx_word' id='word_1_122' title='bbox 480 1711 611 1749; x_wconf 90' lang='lat' dir='ltr'>rum</span> <span class='ocrx_word' id='word_1_123' title='bbox 646 1711 751 1765; x_wconf 87' lang='lat' dir='ltr'>per</span> <span class='ocrx_word' id='word_1_124' title='bbox 799 1693 1019 1749; x_wconf 89' lang='lat' dir='ltr'>multos</span> <span class='ocrx_word' id='word_1_125' title='bbox 1069 1711 1260 1750; x_wconf 90' lang='lat' dir='ltr'>annos</span> <span class='ocrx_word' id='word_1_126' title='bbox 1310 1695 1628 1766; x_wconf 89' lang='lat' dir='ltr'>imperium</span> <span class='ocrx_word' id='word_1_127' title='bbox 1675 1695 1990 1750; x_wconf 80' lang='lat' dir='ltr'>tenebit.»</span> <span class='ocrx_word' id='word_1_128' title='bbox 2023 1693 2133 1747; x_wconf 84' lang='lat' dir='ltr'>Vix</span> 
     </span>
    </p>
   </div>
   <div class='ocr_carea' id='block_1_19' title="bbox 480 1783 2133 1854">
    <p class='ocr_par' dir='ltr' id='par_1_19' title="bbox 480 1783 2133 1854">
     <span class='ocr_line' id='line_1_20' title="bbox 480 1783 2133 1854; baseline -0.001 -16"><span class='ocrx_word' id='word_1_129' title='bbox 480 1784 604 1838; x_wconf 58' lang='lat' dir='ltr'>haec</span> <span class='ocrx_word' id='word_1_130' title='bbox 639 1783 870 1837; x_wconf 85' lang='lat' dir='ltr'>dixerat</span> <span class='ocrx_word' id='word_1_131' title='bbox 892 1783 1158 1850; x_wconf 90' lang='lat' dir='ltr'>illa,cum</span> <span class='ocrx_word' id='word_1_132' title='bbox 1183 1783 1344 1838; x_wconf 91' lang='lat' dir='ltr'>illico</span> <span class='ocrx_word' id='word_1_133' title='bbox 1367 1783 1728 1854; x_wconf 86' lang='lat' dir='ltr'>Theophilus</span> <span class='ocrx_word' id='word_1_134' title='bbox 1752 1784 2133 1838; x_wconf 86' lang='lat' dir='ltr'>Martinacem</span> 
     </span>
    </p>
   </div>
   <div class='ocr_carea' id='block_1_20' title="bbox 481 1873 2133 1944">
    <p class='ocr_par' dir='ltr' id='par_1_20' title="bbox 481 1873 2133 1944">
     <span class='ocr_line' id='line_1_21' title="bbox 481 1873 2133 1944; baseline -0.001 -16"><span class='ocrx_word' id='word_1_135' title='bbox 481 1889 824 1944; x_wconf 90' lang='lat' dir='ltr'>quanquam</span> <span class='ocrx_word' id='word_1_136' title='bbox 859 1873 970 1926; x_wconf 88' lang='lat' dir='ltr'>sibi</span> <span class='ocrx_word' id='word_1_137' title='bbox 1018 1873 1324 1942; x_wconf 90' lang='lat' dir='ltr'>dilectum,</span> <span class='ocrx_word' id='word_1_138' title='bbox 1358 1874 1550 1944; x_wconf 87' lang='lat' dir='ltr'>capite</span> <span class='ocrx_word' id='word_1_139' title='bbox 1599 1890 1732 1928; x_wconf 89' lang='lat' dir='ltr'>raso</span> <span class='ocrx_word' id='word_1_140' title='bbox 1773 1873 2133 1928; x_wconf 89' lang='lat' dir='ltr'>monachum</span> 
     </span>
    </p>
   </div>
   <div class='ocr_carea' id='block_1_21' title="bbox 478 1960 2132 2032">
    <p class='ocr_par' dir='ltr' id='par_1_21' title="bbox 478 1960 2132 2032">
     <span class='ocr_line' id='line_1_22' title="bbox 478 1960 2132 2032; baseline -0.001 -16"><span class='ocrx_word' id='word_1_141' title='bbox 478 1960 1008 2031; x_wconf 80' lang='lat' dir='ltr'>facit,domumque</span> <span class='ocrx_word' id='word_1_142' title='bbox 1036 1963 1165 2032; x_wconf 88' lang='lat' dir='ltr'>ejus</span> <span class='ocrx_word' id='word_1_143' title='bbox 1189 1962 1248 2015; x_wconf 91' lang='lat' dir='ltr'>in</span> <span class='ocrx_word' id='word_1_144' title='bbox 1270 1962 1698 2016; x_wconf 87' lang='lat' dir='ltr'>monasterium</span> <span class='ocrx_word' id='word_1_145' title='bbox 1722 1961 1956 2032; x_wconf 84' lang='lat' dir='ltr'>redigit.</span> <span class='ocrx_word' id='word_1_146' title='bbox 1975 1963 2132 2014; x_wconf 62' lang='lat' dir='ltr'>Prae-</span> 
     </span>
    </p>
   </div>
   <div class='ocr_carea' id='block_1_22' title="bbox 479 2050 2133 2120">
    <p class='ocr_par' dir='ltr' id='par_1_22' title="bbox 479 2050 2133 2120">
     <span class='ocr_line' id='line_1_23' title="bbox 479 2050 2133 2120; baseline 0 -16"><span class='ocrx_word' id='word_1_147' title='bbox 479 2055 571 2104; x_wconf 88' lang='lat' dir='ltr'>ter</span> <span class='ocrx_word' id='word_1_148' title='bbox 602 2051 713 2104; x_wconf 92' lang='lat' dir='ltr'>hoc</span> <span class='ocrx_word' id='word_1_149' title='bbox 762 2050 877 2104; x_wconf 89' lang='lat' dir='ltr'>alia</span> <span class='ocrx_word' id='word_1_150' title='bbox 929 2066 1165 2120; x_wconf 88' lang='lat' dir='ltr'>quoque</span> <span class='ocrx_word' id='word_1_151' title='bbox 1217 2051 1414 2105; x_wconf 82' lang='lat' dir='ltr'>futura</span> <span class='ocrx_word' id='word_1_152' title='bbox 1457 2056 1598 2104; x_wconf 89' lang='lat' dir='ltr'>sunt</span> <span class='ocrx_word' id='word_1_153' title='bbox 1644 2050 1716 2104; x_wconf 92' lang='lat' dir='ltr'>ab</span> <span class='ocrx_word' id='word_1_154' title='bbox 1749 2051 1852 2104; x_wconf 91' lang='lat' dir='ltr'>illa</span> <span class='ocrx_word' id='word_1_155' title='bbox 1883 2050 2133 2104; x_wconf 90' lang='lat' dir='ltr'>muliere</span> 
     </span>
    </p>
   </div>
   <div class='ocr_carea' id='block_1_23' title="bbox 486 2137 2134 2209">
    <p class='ocr_par' dir='ltr' id='par_1_23' title="bbox 486 2137 2134 2209">
     <span class='ocr_line' id='line_1_24' title="bbox 486 2137 2134 2209; baseline 0.001 -19"><span class='ocrx_word' id='word_1_156' title='bbox 486 2138 948 2209; x_wconf 73' lang='lat' dir='ltr'>prmdicta,929</span> <span class='ocrx_word' id='word_1_157' title='bbox 982 2137 1266 2192; x_wconf 90' lang='lat' dir='ltr'>nimirum</span> <span class='ocrx_word' id='word_1_158' title='bbox 1303 2139 1701 2208; x_wconf 86' lang='lat' dir='ltr'>patriarcham</span> <span class='ocrx_word' id='word_1_159' title='bbox 1747 2139 1996 2192; x_wconf 88' lang='lat' dir='ltr'>Jannem</span> <span class='ocrx_word' id='word_1_160' title='bbox 2029 2155 2134 2192; x_wconf 91' lang='lat' dir='ltr'>suo</span> 
     </span>
    </p>
   </div>
   <div class='ocr_carea' id='block_1_24' title="bbox 2235 977 3874 1057">
    <p class='ocr_par' dir='ltr' id='par_1_24' title="bbox 2235 977 3874 1057">
     <span class='ocr_line' id='line_1_25' title="bbox 2235 977 3874 1057; baseline 0.001 -23"><span class='ocrx_word' id='word_1_161' title='bbox 2235 978 2444 1034; x_wconf 81' lang='grc' dir='ltr'>τούτων</span> <span class='ocrx_word' id='word_1_162' title='bbox 2476 977 2670 1041; x_wconf 77' lang='grc' dir='ltr'>οἷ’τινες</span> <span class='ocrx_word' id='word_1_163' title='bbox 2700 978 2916 1053; x_wconf 76' lang='grc' dir='ltr'>ἄρξουσι</span> <span class='ocrx_word' id='word_1_164' title='bbox 2953 981 3069 1052; x_wconf 84' lang='grc' dir='ltr'>μετ’</span> <span class='ocrx_word' id='word_1_165' title='bbox 3098 980 3284 1050; x_wconf 83' lang='grc' dir='ltr'>αὐτὸν,</span> <span class='ocrx_word' id='word_1_166' title='bbox 3321 981 3534 1056; x_wconf 85' lang='grc' dir='ltr'>γύναιόν</span> <span class='ocrx_word' id='word_1_167' title='bbox 3562 1001 3614 1035; x_wconf 87' lang='grc' dir='ltr'>τι</span> <span class='ocrx_word' id='word_1_168' title='bbox 3677 979 3874 1057; x_wconf 58' lang='grc' dir='ltr'>ληφθὲν</span> 
     </span>
    </p>
   </div>
   <div class='ocr_carea' id='block_1_25' title="bbox 2236 1065 3872 1144">
    <p class='ocr_par' dir='ltr' id='par_1_25' title="bbox 2236 1065 3872 1144">
     <span class='ocr_line' id='line_1_26' title="bbox 2236 1065 3872 1144; baseline 0.001 -23"><span class='ocrx_word' id='word_1_169' title='bbox 2236 1065 2428 1122; x_wconf 81' lang='grc' dir='ltr'>ἐκτῶν</span> <span class='ocrx_word' id='word_1_170' title='bbox 2469 1071 2792 1143; x_wconf 79' lang='grc' dir='ltr'>’Δγαρηνῶν</span> <span class='ocrx_word' id='word_1_171' title='bbox 2857 1069 2992 1123; x_wconf 76' lang='grc' dir='ltr'>κατά</span> <span class='ocrx_word' id='word_1_172' title='bbox 3048 1089 3167 1122; x_wconf 87' lang='grc' dir='ltr'>τινα</span> <span class='ocrx_word' id='word_1_173' title='bbox 3221 1075 3328 1123; x_wconf 82' lang='grc' dir='ltr'>τῶν</span> <span class='ocrx_word' id='word_1_174' title='bbox 3397 1070 3872 1144; x_wconf 82' lang='grc' dir='ltr'>προηγησαμένων</span> 
     </span>
    </p>
   </div>
   <div class='ocr_carea' id='block_1_26' title="bbox 2235 1156 3877 1238">
    <p class='ocr_par' dir='ltr' id='par_1_26' title="bbox 2235 1156 3877 1238">
     <span class='ocr_line' id='line_1_27' title="bbox 2235 1156 3877 1238; baseline 0 -26"><span class='ocrx_word' id='word_1_175' title='bbox 2235 1156 2519 1231; x_wconf 72' lang='grc' dir='ltr'>πολέμων,</span> <span class='ocrx_word' id='word_1_176' title='bbox 2553 1159 2762 1238; x_wconf 75' lang='grc' dir='ltr'>εὐφυῶς</span> <span class='ocrx_word' id='word_1_177' title='bbox 2809 1156 2936 1232; x_wconf 78' lang='grc' dir='ltr'>ἔχον</span> <span class='ocrx_word' id='word_1_178' title='bbox 2992 1159 3116 1232; x_wconf 88' lang='grc' dir='ltr'>περὶ</span> <span class='ocrx_word' id='word_1_179' title='bbox 3175 1161 3268 1220; x_wconf 72' lang='grc' dir='ltr'>τὰς</span> <span class='ocrx_word' id='word_1_180' title='bbox 3327 1159 3581 1216; x_wconf 72' lang='grc' dir='ltr'>τοιαύτας</span> <span class='ocrx_word' id='word_1_181' title='bbox 3633 1158 3877 1236; x_wconf 66' lang='grc' dir='ltr'>προρῥή-</span> 
     </span>
    </p>
   </div>
   <div class='ocr_carea' id='block_1_27' title="bbox 2235 1245 3874 1322">
    <p class='ocr_par' dir='ltr' id='par_1_27' title="bbox 2235 1245 3874 1322">
     <span class='ocr_line' id='line_1_28' title="bbox 2235 1245 3874 1322; baseline 0.001 -23"><span class='ocrx_word' id='word_1_182' title='bbox 2235 1266 2368 1315; x_wconf 91' lang='grc' dir='ltr'>σεις,</span> <span class='ocrx_word' id='word_1_183' title='bbox 2399 1248 2637 1317; x_wconf 74' lang='grc' dir='ltr'>παρέστη</span> <span class='ocrx_word' id='word_1_184' title='bbox 2669 1248 2748 1318; x_wconf 81' lang='grc' dir='ltr'>τῷ</span> <span class='ocrx_word' id='word_1_185' title='bbox 2782 1246 3020 1321; x_wconf 85' lang='grc' dir='ltr'>βασιλεῖ.</span> <span class='ocrx_word' id='word_1_186' title='bbox 3053 1249 3250 1322; x_wconf 84' lang='grc' dir='ltr'>’Ἡρετο</span> <span class='ocrx_word' id='word_1_187' title='bbox 3285 1246 3378 1302; x_wconf 76' lang='grc' dir='ltr'>οὖν</span> <span class='ocrx_word' id='word_1_188' title='bbox 3409 1249 3438 1302; x_wconf 74' lang='grc' dir='ltr'>ὃ</span> <span class='ocrx_word' id='word_1_189' title='bbox 3469 1246 3732 1322; x_wconf 70' lang='grc' dir='ltr'>βασιλεὺς</span> <span class='ocrx_word' id='word_1_190' title='bbox 3756 1251 3789 1300; x_wconf 79' lang='grc' dir='ltr'>ἅ</span> <span class='ocrx_word' id='word_1_191' title='bbox 3816 1245 3874 1318; x_wconf 69' lang='grc' dir='ltr'>δή</span> 
     </span>
    </p>
   </div>
   <div class='ocr_carea' id='block_1_28' title="bbox 2235 1331 3881 1410">
    <p class='ocr_par' dir='ltr' id='par_1_28' title="bbox 2235 1331 3881 1410">
     <span class='ocr_line' id='line_1_29' title="bbox 2235 1331 3881 1410; baseline 0 -22"><span class='ocrx_word' id='word_1_192' title='bbox 2235 1335 2324 1388; x_wconf 79' lang='grc' dir='ltr'>καὶ</span> <span class='ocrx_word' id='word_1_193' title='bbox 2360 1331 2643 1403; x_wconf 79' lang='grc' dir='ltr'>ἐϐούλετο,</span> <span class='ocrx_word' id='word_1_194' title='bbox 2693 1335 2783 1390; x_wconf 83' lang='grc' dir='ltr'>καὶ</span> <span class='ocrx_word' id='word_1_195' title='bbox 2814 1336 2979 1388; x_wconf 88' lang='grc' dir='ltr'>τίνων</span> <span class='ocrx_word' id='word_1_196' title='bbox 3013 1336 3222 1410; x_wconf 85' lang='grc' dir='ltr'>μακρὰν</span> <span class='ocrx_word' id='word_1_197' title='bbox 3280 1334 3485 1389; x_wconf 83' lang='grc' dir='ltr'>ἔσεσθαι</span> <span class='ocrx_word' id='word_1_198' title='bbox 3543 1338 3641 1404; x_wconf 76' lang='grc' dir='ltr'>τήν</span> <span class='ocrx_word' id='word_1_199' title='bbox 3704 1333 3881 1389; x_wconf 76' lang='grc' dir='ltr'>διαδο-</span> 
     </span>
    </p>
   </div>
   <div class='ocr_carea' id='block_1_29' title="bbox 2237 1421 3879 1498">
    <p class='ocr_par' dir='ltr' id='par_1_29' title="bbox 2237 1421 3879 1498">
     <span class='ocr_line' id='line_1_30' title="bbox 2237 1421 3879 1498; baseline 0 -20"><span class='ocrx_word' id='word_1_200' title='bbox 2237 1426 2347 1498; x_wconf 79' lang='grc' dir='ltr'>χήν</span> <span class='ocrx_word' id='word_1_201' title='bbox 2399 1431 2500 1492; x_wconf 79' lang='grc' dir='ltr'>τῆς</span> <span class='ocrx_word' id='word_1_202' title='bbox 2573 1423 2856 1498; x_wconf 79' lang='grc' dir='ltr'>βασιλείας</span> <span class='ocrx_word' id='word_1_203' title='bbox 2914 1423 3148 1478; x_wconf 81' lang='grc' dir='ltr'>ἀνειπεῖν</span> <span class='ocrx_word' id='word_1_204' title='bbox 3199 1421 3540 1498; x_wconf 81' lang='grc' dir='ltr'>προσέταττε.</span> <span class='ocrx_word' id='word_1_205' title='bbox 3593 1426 3773 1480; x_wconf 80' lang='grc' dir='ltr'>Τοῦτο</span> <span class='ocrx_word' id='word_1_206' title='bbox 3828 1421 3879 1478; x_wconf 76' lang='grc' dir='ltr'>δὲ</span> 
     </span>
    </p>
   </div>
   <div class='ocr_carea' id='block_1_30' title="bbox 2235 1510 3878 1587">
    <p class='ocr_par' dir='ltr' id='par_1_30' title="bbox 2235 1510 3878 1587">
     <span class='ocr_line' id='line_1_31' title="bbox 2235 1510 3878 1587; baseline -0.001 -19"><span class='ocrx_word' id='word_1_207' title='bbox 2235 1513 2298 1568; x_wconf 88' lang='grc' dir='ltr'>τὸ</span> <span class='ocrx_word' id='word_1_208' title='bbox 2330 1514 2567 1587; x_wconf 86' lang='grc' dir='ltr'>γύναιον,</span> <span class='ocrx_word' id='word_1_209' title='bbox 2605 1511 2713 1568; x_wconf 79' lang='grc' dir='ltr'>εἷ’τε</span> <span class='ocrx_word' id='word_1_210' title='bbox 2743 1511 2795 1582; x_wconf 84' lang='grc' dir='ltr'>ἐξ</span> <span class='ocrx_word' id='word_1_211' title='bbox 2834 1510 3250 1586; x_wconf 77' lang='grc' dir='ltr'>ἐνθουσιασμοῦ,</span> <span class='ocrx_word' id='word_1_212' title='bbox 3284 1511 3390 1568; x_wconf 71' lang='grc' dir='ltr'>εἴτε</span> <span class='ocrx_word' id='word_1_213' title='bbox 3430 1513 3518 1566; x_wconf 81' lang='grc' dir='ltr'>καὶ</span> <span class='ocrx_word' id='word_1_214' title='bbox 3573 1511 3632 1568; x_wconf 84' lang='grc' dir='ltr'>ἐκ</span> <span class='ocrx_word' id='word_1_215' title='bbox 3690 1510 3878 1585; x_wconf 76' lang='grc' dir='ltr'>δαιμο-</span> 
     </span>
    </p>
   </div>
   <div class='ocr_carea' id='block_1_31' title="bbox 2237 1597 3879 1681">
    <p class='ocr_par' dir='ltr' id='par_1_31' title="bbox 2237 1597 3879 1681">
     <span class='ocr_line' id='line_1_32' title="bbox 2237 1597 3879 1681; baseline 0 -25"><span class='ocrx_word' id='word_1_216' title='bbox 2237 1609 2392 1672; x_wconf 80' lang='grc' dir='ltr'>νικῆς</span> <span class='ocrx_word' id='word_1_217' title='bbox 2479 1601 2744 1677; x_wconf 79' lang='grc' dir='ltr'>ἐνεργείας</span> <span class='ocrx_word' id='word_1_218' title='bbox 2829 1599 3178 1674; x_wconf 85' lang='grc' dir='ltr'>κινούμενον,</span> <span class='ocrx_word' id='word_1_219' title='bbox 3269 1599 3375 1656; x_wconf 79' lang='grc' dir='ltr'>Σοῦ</span> <span class='ocrx_word' id='word_1_220' title='bbox 3437 1603 3554 1674; x_wconf 77' lang='grc' dir='ltr'>μὶν,</span> <span class='ocrx_word' id='word_1_221' title='bbox 3640 1597 3771 1681; x_wconf 68' lang='grc' dir='ltr'>ἔφη,</span> <span class='ocrx_word' id='word_1_222' title='bbox 3840 1604 3879 1657; x_wconf 86' lang='grc' dir='ltr'>ὧ</span> 
     </span>
    </p>
   </div>
   <div class='ocr_carea' id='block_1_32' title="bbox 2241 1688 3880 1766">
    <p class='ocr_par' dir='ltr' id='par_1_32' title="bbox 2241 1688 3880 1766">
     <span class='ocr_line' id='line_1_33' title="bbox 2241 1688 3880 1766; baseline -0.001 -21"><span class='ocrx_word' id='word_1_223' title='bbox 2241 1690 2484 1766; x_wconf 77' lang='grc' dir='ltr'>βασιλεῦ,</span> <span class='ocrx_word' id='word_1_224' title='bbox 2515 1688 2778 1766; x_wconf 84' lang='grc' dir='ltr'>διάδοχος</span> <span class='ocrx_word' id='word_1_225' title='bbox 2827 1688 2972 1746; x_wconf 83' lang='grc' dir='ltr'>ἔσται</span> <span class='ocrx_word' id='word_1_226' title='bbox 3036 1692 3063 1744; x_wconf 84' lang='grc' dir='ltr'><strong>ὁ</strong></span> <span class='ocrx_word' id='word_1_227' title='bbox 3110 1691 3200 1752; x_wconf 86' lang='grc' dir='ltr'>σὸς</span> <span class='ocrx_word' id='word_1_228' title='bbox 3233 1691 3348 1751; x_wconf 66' lang='grc' dir='ltr'>υἱὸς</span> <span class='ocrx_word' id='word_1_229' title='bbox 3381 1691 3592 1763; x_wconf 80' lang='grc' dir='ltr'>συνάμα</span> <span class='ocrx_word' id='word_1_230' title='bbox 3647 1696 3719 1765; x_wconf 81' lang='grc' dir='ltr'>τῇ</span> <span class='ocrx_word' id='word_1_231' title='bbox 3778 1689 3880 1761; x_wconf 72' lang='grc' dir='ltr'>ἰδίᾳ</span> 
     </span>
    </p>
   </div>
   <div class='ocr_carea' id='block_1_33' title="bbox 2241 1776 3881 1853">
    <p class='ocr_par' dir='ltr' id='par_1_33' title="bbox 2241 1776 3881 1853">
     <span class='ocr_line' id='line_1_34' title="bbox 2241 1776 3881 1853; baseline -0.001 -21"><span class='ocrx_word' id='word_1_232' title='bbox 2241 1778 2432 1853; x_wconf 87' lang='grc' dir='ltr'>μητρὶ,</span> <span class='ocrx_word' id='word_1_233' title='bbox 2489 1779 2622 1851; x_wconf 80' lang='grc' dir='ltr'>μετὰ</span> <span class='ocrx_word' id='word_1_234' title='bbox 2671 1777 2728 1833; x_wconf 80' lang='grc' dir='ltr'>δὶ</span> <span class='ocrx_word' id='word_1_235' title='bbox 2785 1782 2976 1834; x_wconf 76' lang='grc' dir='ltr'>τοῦτον</span> <span class='ocrx_word' id='word_1_236' title='bbox 3031 1778 3093 1832; x_wconf 84' lang='grc' dir='ltr'>τὸ</span> <span class='ocrx_word' id='word_1_237' title='bbox 3150 1783 3258 1832; x_wconf 78' lang='grc' dir='ltr'>τῶν</span> <span class='ocrx_word' id='word_1_238' title='bbox 3315 1776 3695 1852; x_wconf 87' lang='grc' dir='ltr'>Μαρτινακίων</span> <span class='ocrx_word' id='word_1_239' title='bbox 3739 1779 3881 1851; x_wconf 70' lang='grc' dir='ltr'>γένος</span> 
     </span>
    </p>
   </div>
   <div class='ocr_carea' id='block_1_34' title="bbox 2239 1864 3881 1942">
    <p class='ocr_par' dir='ltr' id='par_1_34' title="bbox 2239 1864 3881 1942">
     <span class='ocr_line' id='line_1_35' title="bbox 2239 1864 3881 1942; baseline -0.001 -21"><span class='ocrx_word' id='word_1_240' title='bbox 2239 1865 2507 1942; x_wconf 75' lang='grc' dir='ltr'>διαρκέσει</span> <span class='ocrx_word' id='word_1_241' title='bbox 2535 1867 2623 1922; x_wconf 82' lang='grc' dir='ltr'>ἐπὶ</span> <span class='ocrx_word' id='word_1_242' title='bbox 2653 1867 2797 1922; x_wconf 82' lang='grc' dir='ltr'>πολὺ</span> <span class='ocrx_word' id='word_1_243' title='bbox 2826 1871 2893 1940; x_wconf 81' lang='grc' dir='ltr'>τῇ</span> <span class='ocrx_word' id='word_1_244' title='bbox 2939 1866 3206 1941; x_wconf 81' lang='grc' dir='ltr'>βασιλείᾳ.</span> <span class='ocrx_word' id='word_1_245' title='bbox 3240 1867 3302 1925; x_wconf 89' lang='grc' dir='ltr'>Ὁ</span> <span class='ocrx_word' id='word_1_246' title='bbox 3350 1864 3408 1920; x_wconf 74' lang='grc' dir='ltr'>δὲ</span> <span class='ocrx_word' id='word_1_247' title='bbox 3463 1866 3578 1940; x_wconf 78' lang='grc' dir='ltr'>ἅμα</span> <span class='ocrx_word' id='word_1_248' title='bbox 3627 1871 3708 1938; x_wconf 75' lang='grc' dir='ltr'>τῷ</span> <span class='ocrx_word' id='word_1_249' title='bbox 3739 1868 3881 1939; x_wconf 75' lang='grc' dir='ltr'>λόγῳ</span> 
     </span>
    </p>
   </div>
   <div class='ocr_carea' id='block_1_35' title="bbox 2236 1955 3880 2032">
    <p class='ocr_par' dir='ltr' id='par_1_35' title="bbox 2236 1955 3880 2032">
     <span class='ocr_line' id='line_1_36' title="bbox 2236 1955 3880 2032; baseline -0.001 -21"><span class='ocrx_word' id='word_1_250' title='bbox 2236 1957 2328 2012; x_wconf 84' lang='grc' dir='ltr'>τὸν</span> <span class='ocrx_word' id='word_1_251' title='bbox 2397 1958 2764 2032; x_wconf 83' lang='grc' dir='ltr'>Μαρτινάκην,</span> <span class='ocrx_word' id='word_1_252' title='bbox 2841 1955 3022 2011; x_wconf 81' lang='grc' dir='ltr'>καίτοι</span> <span class='ocrx_word' id='word_1_253' title='bbox 3108 1956 3470 2032; x_wconf 74' lang='grc' dir='ltr'>στεργόμειον</span> <span class='ocrx_word' id='word_1_254' title='bbox 3552 1955 3727 2027; x_wconf 70' lang='grc' dir='ltr'>αὐτῷ,</span> <span class='ocrx_word' id='word_1_255' title='bbox 3786 1955 3880 2009; x_wconf 84' lang='grc' dir='ltr'>ἀπ-</span> 
     </span>
    </p>
   </div>
   <div class='ocr_carea' id='block_1_36' title="bbox 2239 2045 3878 2121">
    <p class='ocr_par' dir='ltr' id='par_1_36' title="bbox 2239 2045 3878 2121">
     <span class='ocr_line' id='line_1_37' title="bbox 2239 2045 3878 2121; baseline -0.001 -21"><span class='ocrx_word' id='word_1_256' title='bbox 2239 2047 2410 2117; x_wconf 76' lang='grc' dir='ltr'>έκειρε</span> <span class='ocrx_word' id='word_1_257' title='bbox 2443 2046 2711 2120; x_wconf 84' lang='grc' dir='ltr'>μοναχὸν,</span> <span class='ocrx_word' id='word_1_258' title='bbox 2750 2045 2840 2100; x_wconf 82' lang='grc' dir='ltr'>καὶ</span> <span class='ocrx_word' id='word_1_259' title='bbox 2870 2047 2962 2101; x_wconf 84' lang='grc' dir='ltr'>τὸν</span> <span class='ocrx_word' id='word_1_260' title='bbox 2992 2045 3156 2100; x_wconf 76' lang='grc' dir='ltr'>αὺτοῦ</span> <span class='ocrx_word' id='word_1_261' title='bbox 3215 2045 3366 2100; x_wconf 79' lang='grc' dir='ltr'>οἶνον</span> <span class='ocrx_word' id='word_1_262' title='bbox 3397 2046 3749 2121; x_wconf 81' lang='grc' dir='ltr'>καταγώγιον</span> <span class='ocrx_word' id='word_1_263' title='bbox 3779 2047 3878 2099; x_wconf 80' lang='grc' dir='ltr'>ἀπ-</span> 
     </span>
    </p>
   </div>
   <div class='ocr_carea' id='block_1_37' title="bbox 2239 2131 3878 2208">
    <p class='ocr_par' dir='ltr' id='par_1_37' title="bbox 2239 2131 3878 2208">
     <span class='ocr_line' id='line_1_38' title="bbox 2239 2131 3878 2208; baseline -0.001 -19"><span class='ocrx_word' id='word_1_264' title='bbox 2239 2132 2403 2204; x_wconf 77' lang='grc' dir='ltr'>έδειξε</span> <span class='ocrx_word' id='word_1_265' title='bbox 2436 2135 2743 2208; x_wconf 86' lang='grc' dir='ltr'>μοναστῶν.</span> <span class='ocrx_word' id='word_1_266' title='bbox 2771 2137 2856 2208; x_wconf 91' lang='grc' dir='ltr'>[Ρ.</span> <span class='ocrx_word' id='word_1_267' title='bbox 2892 2137 3019 2208; x_wconf 81' lang='grc'>528]</span> <span class='ocrx_word' id='word_1_268' title='bbox 3050 2134 3128 2192; x_wconf 82' lang='grc' dir='ltr'>Οὐ</span> <span class='ocrx_word' id='word_1_269' title='bbox 3158 2139 3320 2191; x_wconf 76' lang='grc' dir='ltr'>τοῦτο</span> <span class='ocrx_word' id='word_1_270' title='bbox 3350 2131 3407 2189; x_wconf 72' lang='grc' dir='ltr'>δὲ</span> <span class='ocrx_word' id='word_1_271' title='bbox 3431 2131 3602 2206; x_wconf 74' lang='grc' dir='ltr'>μόνον</span> <span class='ocrx_word' id='word_1_272' title='bbox 3630 2135 3699 2188; x_wconf 83' lang='grc' dir='ltr'>τὸ</span> <span class='ocrx_word' id='word_1_273' title='bbox 3731 2135 3878 2208; x_wconf 73' lang='grc' dir='ltr'>ῥηθὲν</span> 
     </span>
    </p>
   </div>
   <div class='ocr_carea' id='block_1_38' title="bbox 485 2221 2130 2328">
    <p class='ocr_par' dir='ltr' id='par_1_38' title="bbox 485 2225 2129 2300">
     <span class='ocr_line' id='line_1_39' title="bbox 485 2225 2129 2300; baseline 0.001 -20"><span class='ocrx_word' id='word_1_274' title='bbox 485 2225 888 2296; x_wconf 85' lang='lat' dir='ltr'>patriarchatu</span> <span class='ocrx_word' id='word_1_275' title='bbox 921 2232 1185 2294; x_wconf 85' lang='lat' dir='ltr'>exutum,</span> <span class='ocrx_word' id='word_1_276' title='bbox 1218 2227 1522 2298; x_wconf 86' lang='lat' dir='ltr'>sacrisque</span> <span class='ocrx_word' id='word_1_277' title='bbox 1568 2227 1926 2300; x_wconf 79' lang='lat' dir='ltr'>imaginibus</span> <span class='ocrx_word' id='word_1_278' title='bbox 1959 2244 2129 2282; x_wconf 90' lang='lat' dir='ltr'>suum</span> 
     </span>
    </p>
   </div>
   <div class='ocr_carea' id='block_1_39' title="bbox 2237 2221 3876 2328">
    <p class='ocr_par' dir='ltr' id='par_1_39' title="bbox 2241 2221 3876 2300">
     <span class='ocr_line' id='line_1_40' title="bbox 2241 2221 3876 2300; baseline 0.001 -24"><span class='ocrx_word' id='word_1_279' title='bbox 2241 2223 2485 2300; x_wconf 87' lang='grc' dir='ltr'>γύναιον,</span> <span class='ocrx_word' id='word_1_280' title='bbox 2515 2221 2663 2278; x_wconf 80' lang='grc' dir='ltr'>ἀλλὰ</span> <span class='ocrx_word' id='word_1_281' title='bbox 2695 2223 2785 2277; x_wconf 81' lang='grc' dir='ltr'>καὶ</span> <span class='ocrx_word' id='word_1_282' title='bbox 2815 2221 2959 2278; x_wconf 74' lang='grc' dir='ltr'>ἄλλα</span> <span class='ocrx_word' id='word_1_283' title='bbox 2988 2222 3175 2278; x_wconf 84' lang='grc' dir='ltr'>πολλὰ</span> <span class='ocrx_word' id='word_1_284' title='bbox 3227 2228 3336 2278; x_wconf 84' lang='grc' dir='ltr'>τῶν</span> <span class='ocrx_word' id='word_1_285' title='bbox 3399 2222 3724 2295; x_wconf 70' lang='grc' dir='ltr'>μελλόντων</span> <span class='ocrx_word' id='word_1_286' title='bbox 3755 2242 3876 2296; x_wconf 80' lang='grc' dir='ltr'>προ-</span> 
     </span>
    </p>
   </div>
   <div class='ocr_carea' id='block_1_40' title="bbox 482 2315 2133 2386">
    <p class='ocr_par' dir='ltr' id='par_1_40' title="bbox 482 2315 2133 2386">
     <span class='ocr_line' id='line_1_41' title="bbox 482 2315 2133 2386; baseline 0 -16"><span class='ocrx_word' id='word_1_287' title='bbox 482 2315 707 2370; x_wconf 89' lang='lat' dir='ltr'>cultum</span> <span class='ocrx_word' id='word_1_288' title='bbox 740 2315 1304 2386; x_wconf 86' lang='lat' dir='ltr'>venerationemque</span> <span class='ocrx_word' id='word_1_289' title='bbox 1327 2315 1625 2370; x_wconf 90' lang='lat' dir='ltr'>redditum</span> <span class='ocrx_word' id='word_1_290' title='bbox 1651 2316 1942 2381; x_wconf 88' lang='lat' dir='ltr'>iri.Quare</span> <span class='ocrx_word' id='word_1_291' title='bbox 1962 2316 2133 2370; x_wconf 89' lang='lat' dir='ltr'>vehe-</span> 
     </span>
    </p>
   </div>
   <div class='ocr_carea' id='block_1_41' title="bbox 482 2403 2128 2477">
    <p class='ocr_par' dir='ltr' id='par_1_41' title="bbox 482 2403 2128 2477">
     <span class='ocr_line' id='line_1_42' title="bbox 482 2403 2128 2477; baseline 0.001 -19"><span class='ocrx_word' id='word_1_292' title='bbox 482 2405 670 2458; x_wconf 84' lang='lat' dir='ltr'>menti</span> <span class='ocrx_word' id='word_1_293' title='bbox 725 2403 929 2458; x_wconf 90' lang='lat' dir='ltr'>dolore</span> <span class='ocrx_word' id='word_1_294' title='bbox 978 2405 1246 2460; x_wconf 87' lang='lat' dir='ltr'>concitus</span> <span class='ocrx_word' id='word_1_295' title='bbox 1297 2405 1656 2476; x_wconf 90' lang='lat' dir='ltr'>Theophilus</span> <span class='ocrx_word' id='word_1_296' title='bbox 1720 2421 2128 2477; x_wconf 76' lang='lat' dir='ltr'>saepenumero</span> 
     </span>
    </p>
   </div>
   <div class='ocr_carea' id='block_1_42' title="bbox 477 2492 2132 2566">
    <p class='ocr_par' dir='ltr' id='par_1_42' title="bbox 477 2492 2132 2566">
     <span class='ocr_line' id='line_1_43' title="bbox 477 2492 2132 2566; baseline 0 -17"><span class='ocrx_word' id='word_1_297' title='bbox 477 2496 801 2564; x_wconf 76' lang='lat' dir='ltr'>Augustam</span> <span class='ocrx_word' id='word_1_298' title='bbox 836 2499 893 2548; x_wconf 87' lang='lat' dir='ltr'>et</span> <span class='ocrx_word' id='word_1_299' title='bbox 922 2492 1323 2548; x_wconf 88' lang='lat' dir='ltr'>Theoctistum</span> <span class='ocrx_word' id='word_1_300' title='bbox 1369 2493 1563 2549; x_wconf 92' lang='lat' dir='ltr'>dromi</span> <span class='ocrx_word' id='word_1_301' title='bbox 1600 2495 1959 2566; x_wconf 88' lang='lat' dir='ltr'>logothetam</span> <span class='ocrx_word' id='word_1_302' title='bbox 1992 2495 2132 2549; x_wconf 90' lang='lat' dir='ltr'>hor-</span> 
     </span>
    </p>
   </div>
   <div class='ocr_carea' id='block_1_43' title="bbox 483 2581 2131 2655">
    <p class='ocr_par' dir='ltr' id='par_1_43' title="bbox 483 2581 2131 2655">
     <span class='ocr_line' id='line_1_44' title="bbox 483 2581 2131 2655; baseline 0 -19"><span class='ocrx_word' id='word_1_303' title='bbox 483 2586 638 2637; x_wconf 86' lang='lat' dir='ltr'>tatus</span> <span class='ocrx_word' id='word_1_304' title='bbox 665 2586 752 2636; x_wconf 88' lang='lat' dir='ltr'>est</span> <span class='ocrx_word' id='word_1_305' title='bbox 771 2598 835 2636; x_wconf 89' lang='lat' dir='ltr'>ac</span> <span class='ocrx_word' id='word_1_306' title='bbox 853 2581 1215 2652; x_wconf 89' lang='lat' dir='ltr'>juramentis</span> <span class='ocrx_word' id='word_1_307' title='bbox 1237 2582 1346 2636; x_wconf 87' lang='lat' dir='ltr'>sibi</span> <span class='ocrx_word' id='word_1_308' title='bbox 1369 2583 1832 2655; x_wconf 84' lang='lat' dir='ltr'>religiosissimis</span> <span class='ocrx_word' id='word_1_309' title='bbox 1853 2583 2131 2651; x_wconf 84' lang='lat' dir='ltr'>devinxit,</span> 
     </span>
    </p>
   </div>
   <div class='ocr_carea' id='block_1_44' title="bbox 482 2673 2133 2743">
    <p class='ocr_par' dir='ltr' id='par_1_44' title="bbox 482 2673 2133 2743">
     <span class='ocr_line' id='line_1_45' title="bbox 482 2673 2133 2743; baseline 0.001 -18"><span class='ocrx_word' id='word_1_310' title='bbox 482 2688 556 2726; x_wconf 89' lang='lat' dir='ltr'>ne</span> <span class='ocrx_word' id='word_1_311' title='bbox 608 2687 669 2725; x_wconf 88' lang='lat' dir='ltr'>se</span> <span class='ocrx_word' id='word_1_312' title='bbox 719 2677 952 2727; x_wconf 88' lang='lat' dir='ltr'>mortuo</span> <span class='ocrx_word' id='word_1_313' title='bbox 1002 2673 1252 2727; x_wconf 82' lang='lat' dir='ltr'>Jannem</span> <span class='ocrx_word' id='word_1_314' title='bbox 1296 2673 1700 2743; x_wconf 87' lang='lat' dir='ltr'>patriarchatu</span> <span class='ocrx_word' id='word_1_315' title='bbox 1743 2675 2133 2737; x_wconf 81' lang='lat' dir='ltr'>dimoverent,</span> 
     </span>
    </p>
   </div>
   <div class='ocr_carea' id='block_1_45' title="bbox 481 2761 2132 2835">
    <p class='ocr_par' dir='ltr' id='par_1_45' title="bbox 481 2761 2132 2835">
     <span class='ocr_line' id='line_1_46' title="bbox 481 2761 2132 2835; baseline 0.001 -19"><span class='ocrx_word' id='word_1_316' title='bbox 481 2779 624 2816; x_wconf 89' lang='lat' dir='ltr'>neve</span> <span class='ocrx_word' id='word_1_317' title='bbox 665 2761 959 2817; x_wconf 90' lang='lat' dir='ltr'>idolorum</span> <span class='ocrx_word' id='word_1_318' title='bbox 1002 2763 1112 2833; x_wconf 90' lang='lat' dir='ltr'>(sic</span> <span class='ocrx_word' id='word_1_319' title='bbox 1143 2763 1510 2818; x_wconf 90' lang='lat' dir='ltr'>venerandas</span> <span class='ocrx_word' id='word_1_320' title='bbox 1542 2764 1878 2835; x_wconf 87' lang='lat' dir='ltr'>appellabat</span> <span class='ocrx_word' id='word_1_321' title='bbox 1922 2763 2132 2829; x_wconf 77' lang='lat' dir='ltr'>imagi-</span> 
     </span>
    </p>
   </div>
   <div class='ocr_carea' id='block_1_46' title="bbox 483 2850 2134 2923">
    <p class='ocr_par' dir='ltr' id='par_1_46' title="bbox 483 2850 2134 2923">
     <span class='ocr_line' id='line_1_47' title="bbox 483 2850 2134 2923; baseline 0.002 -19"><span class='ocrx_word' id='word_1_322' title='bbox 483 2854 611 2914; x_wconf 90' lang='lat' dir='ltr'>nes)</span> <span class='ocrx_word' id='word_1_323' title='bbox 637 2856 984 2920; x_wconf 88' lang='lat' dir='ltr'>paterentur</span> <span class='ocrx_word' id='word_1_324' title='bbox 1033 2850 1234 2906; x_wconf 91' lang='lat' dir='ltr'>reduci</span> <span class='ocrx_word' id='word_1_325' title='bbox 1268 2851 1516 2907; x_wconf 89' lang='lat' dir='ltr'>cultum.</span> <span class='ocrx_word' id='word_1_326' title='bbox 1549 2854 1748 2923; x_wconf 78' lang='lat' dir='ltr'>Neque</span> <span class='ocrx_word' id='word_1_327' title='bbox 1780 2852 2134 2908; x_wconf 89' lang='lat' dir='ltr'>muliercula</span> 
     </span>
    </p>
   </div>
   <div class='ocr_carea' id='block_1_47' title="bbox 486 2937 2134 3007">
    <p class='ocr_par' dir='ltr' id='par_1_47' title="bbox 486 2937 2134 3007">
     <span class='ocr_line' id='line_1_48' title="bbox 486 2937 2134 3007; baseline 0.002 -15"><span class='ocrx_word' id='word_1_328' title='bbox 486 2937 896 2993; x_wconf 85' lang='lat' dir='ltr'>tantummodo</span> <span class='ocrx_word' id='word_1_329' title='bbox 927 2939 1246 2995; x_wconf 84' lang='lat' dir='ltr'>vaticinata</span> <span class='ocrx_word' id='word_1_330' title='bbox 1276 2946 1420 3007; x_wconf 89' lang='lat' dir='ltr'>erat,</span> <span class='ocrx_word' id='word_1_331' title='bbox 1447 2941 1549 2996; x_wconf 91' lang='lat' dir='ltr'>sed</span> <span class='ocrx_word' id='word_1_332' title='bbox 1581 2947 1638 2996; x_wconf 91' lang='lat' dir='ltr'>et</span> <span class='ocrx_word' id='word_1_333' title='bbox 1662 2943 1879 2997; x_wconf 84' lang='lat' dir='ltr'>Jannes</span> <span class='ocrx_word' id='word_1_334' title='bbox 1903 2942 2134 2997; x_wconf 88' lang='lat' dir='ltr'>divina-</span> 
     </span>
    </p>
   </div>
   <div class='ocr_carea' id='block_1_48' title="bbox 485 3027 2134 3102">
    <p class='ocr_par' dir='ltr' id='par_1_48' title="bbox 485 3027 2134 3102">
     <span class='ocr_line' id='line_1_49' title="bbox 485 3027 2134 3102; baseline 0.002 -21"><span class='ocrx_word' id='word_1_335' title='bbox 485 3027 643 3081; x_wconf 89' lang='lat' dir='ltr'>tione</span> <span class='ocrx_word' id='word_1_336' title='bbox 671 3045 777 3098; x_wconf 89' lang='lat' dir='ltr'>per</span> <span class='ocrx_word' id='word_1_337' title='bbox 797 3027 1015 3099; x_wconf 90' lang='lat' dir='ltr'>pelvim</span> <span class='ocrx_word' id='word_1_338' title='bbox 1046 3045 1186 3084; x_wconf 91' lang='lat' dir='ltr'>usus</span> <span class='ocrx_word' id='word_1_339' title='bbox 1219 3046 1593 3086; x_wconf 87' lang='lat' dir='ltr'>successores</span> <span class='ocrx_word' id='word_1_340' title='bbox 1629 3032 1969 3102; x_wconf 88' lang='lat' dir='ltr'>imperatori</span> <span class='ocrx_word' id='word_1_341' title='bbox 1999 3047 2134 3102; x_wconf 89' lang='lat' dir='ltr'>per—</span> 
     </span>
    </p>
   </div>
   <div class='ocr_carea' id='block_1_49' title="bbox 487 3115 2132 3190">
    <p class='ocr_par' dir='ltr' id='par_1_49' title="bbox 487 3115 2132 3190">
     <span class='ocr_line' id='line_1_50' title="bbox 487 3115 2132 3190; baseline 0.001 -20"><span class='ocrx_word' id='word_1_342' title='bbox 487 3116 688 3186; x_wconf 89' lang='lat' dir='ltr'>spicue</span> <span class='ocrx_word' id='word_1_343' title='bbox 738 3115 1182 3172; x_wconf 86' lang='lat' dir='ltr'>demonstravit.</span> <span class='ocrx_word' id='word_1_344' title='bbox 1238 3118 1458 3174; x_wconf 66' lang='lat' dir='ltr'>Praeter</span> <span class='ocrx_word' id='word_1_345' title='bbox 1527 3119 1945 3190; x_wconf 90' lang='lat' dir='ltr'>imperatorem</span> <span class='ocrx_word' id='word_1_346' title='bbox 1999 3119 2132 3174; x_wconf 87' lang='lat' dir='ltr'>aliis</span> 
     </span>
    </p>
   </div>
   <div class='ocr_carea' id='block_1_50' title="bbox 489 3204 2130 3278">
    <p class='ocr_par' dir='ltr' id='par_1_50' title="bbox 489 3204 2130 3278">
     <span class='ocr_line' id='line_1_51' title="bbox 489 3204 2130 3278; baseline 0.003 -22"><span class='ocrx_word' id='word_1_347' title='bbox 489 3221 725 3274; x_wconf 88' lang='lat' dir='ltr'>quoque</span> <span class='ocrx_word' id='word_1_348' title='bbox 758 3204 829 3259; x_wconf 89' lang='lat' dir='ltr'>ad</span> <span class='ocrx_word' id='word_1_349' title='bbox 883 3206 1246 3278; x_wconf 86' lang='lat' dir='ltr'>interrogata</span> <span class='ocrx_word' id='word_1_350' title='bbox 1275 3207 1583 3277; x_wconf 87' lang='lat' dir='ltr'>respondit</span> <span class='ocrx_word' id='word_1_351' title='bbox 1620 3209 1974 3262; x_wconf 90' lang='lat' dir='ltr'>muliercula</span> <span class='ocrx_word' id='word_1_352' title='bbox 1997 3209 2130 3273; x_wconf 86' lang='lat' dir='ltr'>ista,</span> 
     </span>
    </p>
   </div>
   <div class='ocr_carea' id='block_1_51' title="bbox 489 3294 2135 3366">
    <p class='ocr_par' dir='ltr' id='par_1_51' title="bbox 489 3294 2135 3366">
     <span class='ocr_line' id='line_1_52' title="bbox 489 3294 2135 3366; baseline 0.002 -20"><span class='ocrx_word' id='word_1_353' title='bbox 489 3294 786 3362; x_wconf 91' lang='lat' dir='ltr'>quomodo</span> <span class='ocrx_word' id='word_1_354' title='bbox 837 3300 896 3347; x_wconf 89' lang='lat' dir='ltr'>et</span> <span class='ocrx_word' id='word_1_355' title='bbox 941 3295 1351 3363; x_wconf 87' lang='lat' dir='ltr'>Constantino,</span> <span class='ocrx_word' id='word_1_356' title='bbox 1384 3297 1554 3366; x_wconf 82' lang='lat' dir='ltr'>cujus</span> <span class='ocrx_word' id='word_1_357' title='bbox 1589 3302 1715 3350; x_wconf 90' lang='lat' dir='ltr'>tum</span> <span class='ocrx_word' id='word_1_358' title='bbox 1746 3312 1979 3351; x_wconf 89' lang='lat' dir='ltr'>summa</span> <span class='ocrx_word' id='word_1_359' title='bbox 2009 3303 2135 3350; x_wconf 90' lang='lat' dir='ltr'>erat</span> 
     </span>
    </p>
   </div>
   <div class='ocr_carea' id='block_1_52' title="bbox 477 3382 2130 3455">
    <p class='ocr_par' dir='ltr' id='par_1_52' title="bbox 477 3382 2130 3455">
     <span class='ocr_line' id='line_1_53' title="bbox 477 3382 2130 3455; baseline 0.002 -19"><span class='ocrx_word' id='word_1_360' title='bbox 477 3382 635 3451; x_wconf 87' lang='lat' dir='ltr'>apud</span> <span class='ocrx_word' id='word_1_361' title='bbox 671 3382 1035 3452; x_wconf 79' lang='lat' dir='ltr'>Triphyllios</span> <span class='ocrx_word' id='word_1_362' title='bbox 1068 3383 1351 3452; x_wconf 91' lang='lat' dir='ltr'>potentia,</span> <span class='ocrx_word' id='word_1_363' title='bbox 1386 3385 1512 3439; x_wconf 88' lang='lat' dir='ltr'>fore</span> <span class='ocrx_word' id='word_1_364' title='bbox 1546 3385 1816 3455; x_wconf 69' lang='lat' dir='ltr'>praedixit</span> <span class='ocrx_word' id='word_1_365' title='bbox 1840 3387 1977 3440; x_wconf 88' lang='lat' dir='ltr'>utis</span> <span class='ocrx_word' id='word_1_366' title='bbox 1998 3403 2130 3440; x_wconf 92' lang='lat' dir='ltr'>cum</span> 
     </span>
    </p>
   </div>
   <div class='ocr_carea' id='block_1_53' title="bbox 479 3470 2134 3544">
    <p class='ocr_par' dir='ltr' id='par_1_53' title="bbox 479 3470 2134 3544">
     <span class='ocr_line' id='line_1_54' title="bbox 479 3470 2134 3544; baseline 0.002 -19"><span class='ocrx_word' id='word_1_367' title='bbox 479 3470 622 3525; x_wconf 79' lang='lat' dir='ltr'>filiis</span> <span class='ocrx_word' id='word_1_368' title='bbox 645 3470 1028 3524; x_wconf 85' lang='lat' dir='ltr'>facultatibus</span> <span class='ocrx_word' id='word_1_369' title='bbox 1063 3472 1441 3541; x_wconf 89' lang='lat' dir='ltr'>privarentur</span> <span class='ocrx_word' id='word_1_370' title='bbox 1471 3472 1858 3544; x_wconf 89' lang='lat' dir='ltr'>habitumque</span> <span class='ocrx_word' id='word_1_371' title='bbox 1889 3474 2134 3529; x_wconf 90' lang='lat' dir='ltr'>clerico-</span> 
     </span>
    </p>
   </div>
   <div class='ocr_carea' id='block_1_54' title="bbox 480 3557 2132 3635">
    <p class='ocr_par' dir='ltr' id='par_1_54' title="bbox 480 3557 2132 3635">
     <span class='ocr_line' id='line_1_55' title="bbox 480 3557 2132 3635; baseline 0.003 -23"><span class='ocrx_word' id='word_1_372' title='bbox 480 3573 614 3612; x_wconf 90' lang='lat' dir='ltr'>rum</span> <span class='ocrx_word' id='word_1_373' title='bbox 643 3557 1001 3623; x_wconf 87' lang='lat' dir='ltr'>induerent;</span> <span class='ocrx_word' id='word_1_374' title='bbox 1058 3559 1218 3629; x_wconf 90' lang='lat' dir='ltr'>quod</span> <span class='ocrx_word' id='word_1_375' title='bbox 1267 3561 1444 3615; x_wconf 87' lang='lat' dir='ltr'>etiam</span> <span class='ocrx_word' id='word_1_376' title='bbox 1477 3562 1674 3616; x_wconf 87' lang='lat' dir='ltr'>evenit</span> <span class='ocrx_word' id='word_1_377' title='bbox 1705 3562 1919 3616; x_wconf 85' lang='lat' dir='ltr'>Basilio</span> <span class='ocrx_word' id='word_1_378' title='bbox 1947 3562 2132 3635; x_wconf 86' lang='lat' dir='ltr'>impe-</span> 
     </span>
    </p>
   </div>
   <div class='ocr_carea' id='block_1_55' title="bbox 482 3647 2134 3721">
    <p class='ocr_par' dir='ltr' id='par_1_55' title="bbox 482 3647 2134 3721">
     <span class='ocr_line' id='line_1_56' title="bbox 482 3647 2134 3721; baseline 0.004 -21"><span class='ocrx_word' id='word_1_379' title='bbox 482 3651 668 3700; x_wconf 89' lang='lat' dir='ltr'>rante.</span> <span class='ocrx_word' id='word_1_380' title='bbox 704 3649 773 3700; x_wconf 90' lang='lat' dir='ltr'>Et</span> <span class='ocrx_word' id='word_1_381' title='bbox 802 3647 1046 3719; x_wconf 87' lang='lat' dir='ltr'>Georgio</span> <span class='ocrx_word' id='word_1_382' title='bbox 1070 3648 1298 3704; x_wconf 64' lang='lat' dir='ltr'>militia;</span> <span class='ocrx_word' id='word_1_383' title='bbox 1320 3650 1597 3721; x_wconf 68' lang='lat' dir='ltr'>praefecto</span> <span class='ocrx_word' id='word_1_384' title='bbox 1621 3651 1884 3707; x_wconf 89' lang='lat' dir='ltr'>ostendit</span> <span class='ocrx_word' id='word_1_385' title='bbox 1907 3668 2042 3706; x_wconf 91' lang='lat' dir='ltr'>eum</span> <span class='ocrx_word' id='word_1_386' title='bbox 2072 3653 2134 3707; x_wconf 90' lang='lat' dir='ltr'>in</span> 
     </span>
    </p>
   </div>
   <div class='ocr_carea' id='block_1_56' title="bbox 2239 2310 3876 2388">
    <p class='ocr_par' dir='ltr' id='par_1_56' title="bbox 2239 2310 3876 2388">
     <span class='ocr_line' id='line_1_57' title="bbox 2239 2310 3876 2388; baseline -0.002 -20"><span class='ocrx_word' id='word_1_387' title='bbox 2239 2312 2504 2376; x_wconf 82' lang='grc' dir='ltr'>εθέσπισε’</span> <span class='ocrx_word' id='word_1_388' title='bbox 2539 2313 2632 2366; x_wconf 89' lang='grc' dir='ltr'>τόν</span> <span class='ocrx_word' id='word_1_389' title='bbox 2689 2333 2748 2368; x_wconf 85' lang='grc' dir='ltr'>τε</span> <span class='ocrx_word' id='word_1_390' title='bbox 2803 2313 2906 2386; x_wconf 79' lang='grc' dir='ltr'>γὰρ</span> <span class='ocrx_word' id='word_1_391' title='bbox 2969 2313 3318 2388; x_wconf 84' lang='grc' dir='ltr'>πατριάρχην</span> <span class='ocrx_word' id='word_1_392' title='bbox 3381 2315 3458 2386; x_wconf 83' lang='grc'>(6)</span> <span class='ocrx_word' id='word_1_393' title='bbox 3497 2313 3704 2380; x_wconf 80' lang='grc' dir='ltr'>Ἰαννῆν</span> <span class='ocrx_word' id='word_1_394' title='bbox 3734 2310 3876 2365; x_wconf 77' lang='grc' dir='ltr'>ἐκπε-</span> 
     </span>
    </p>
   </div>
   <div class='ocr_carea' id='block_1_57' title="bbox 2241 2399 3872 2477">
    <p class='ocr_par' dir='ltr' id='par_1_57' title="bbox 2241 2399 3872 2477">
     <span class='ocr_line' id='line_1_58' title="bbox 2241 2399 3872 2477; baseline -0.002 -21"><span class='ocrx_word' id='word_1_395' title='bbox 2241 2404 2444 2456; x_wconf 85' lang='grc' dir='ltr'>σεῖσθαι</span> <span class='ocrx_word' id='word_1_396' title='bbox 2507 2406 2606 2456; x_wconf 78' lang='grc' dir='ltr'>τοῦ</span> <span class='ocrx_word' id='word_1_397' title='bbox 2663 2407 3066 2476; x_wconf 72' lang='grc' dir='ltr'>πατριαρχικοῦ</span> <span class='ocrx_word' id='word_1_398' title='bbox 3125 2403 3318 2476; x_wconf 82' lang='grc' dir='ltr'>θρόνου</span> <span class='ocrx_word' id='word_1_399' title='bbox 3375 2399 3732 2477; x_wconf 74' lang='grc' dir='ltr'>προήγγειλε,</span> <span class='ocrx_word' id='word_1_400' title='bbox 3795 2401 3872 2454; x_wconf 78' lang='grc' dir='ltr'>καὶ</span> 
     </span>
    </p>
   </div>
   <div class='ocr_carea' id='block_1_58' title="bbox 2231 2489 3877 2564">
    <p class='ocr_par' dir='ltr' id='par_1_58' title="bbox 2231 2489 3877 2564">
     <span class='ocr_line' id='line_1_59' title="bbox 2231 2489 3877 2564; baseline -0.002 -18"><span class='ocrx_word' id='word_1_401' title='bbox 2231 2492 2328 2552; x_wconf 81' lang='grc' dir='ltr'>τὰς</span> <span class='ocrx_word' id='word_1_402' title='bbox 2359 2490 2553 2552; x_wconf 75' lang='grc' dir='ltr'>σεπτάς</span> <span class='ocrx_word' id='word_1_403' title='bbox 2584 2489 2790 2552; x_wconf 78' lang='grc' dir='ltr'>εἰκόνας</span> <span class='ocrx_word' id='word_1_404' title='bbox 2819 2493 2920 2558; x_wconf 73' lang='grc' dir='ltr'>τὴν</span> <span class='ocrx_word' id='word_1_405' title='bbox 2951 2493 3333 2564; x_wconf 78' lang='grc' dir='ltr'>προσήκουσαν</span> <span class='ocrx_word' id='word_1_406' title='bbox 3373 2493 3541 2561; x_wconf 79' lang='grc' dir='ltr'>τιμὴν</span> <span class='ocrx_word' id='word_1_407' title='bbox 3591 2490 3682 2543; x_wconf 75' lang='grc' dir='ltr'>καὶ</span> <span class='ocrx_word' id='word_1_408' title='bbox 3718 2509 3877 2564; x_wconf 78' lang='grc' dir='ltr'>προσ-</span> 
     </span>
    </p>
   </div>
   <div class='ocr_carea' id='block_1_59' title="bbox 2233 2577 3874 2654">
    <p class='ocr_par' dir='ltr' id='par_1_59' title="bbox 2233 2577 3874 2654">
     <span class='ocr_line' id='line_1_60' title="bbox 2233 2577 3874 2654; baseline -0.002 -20"><span class='ocrx_word' id='word_1_409' title='bbox 2233 2581 2454 2650; x_wconf 82' lang='grc' dir='ltr'>κύνησιν</span> <span class='ocrx_word' id='word_1_410' title='bbox 2489 2577 2750 2649; x_wconf 73' lang='grc' dir='ltr'>δέξεσθαι.</span> <span class='ocrx_word' id='word_1_411' title='bbox 2794 2581 2910 2654; x_wconf 70' lang='grc' dir='ltr'>Ἐφ’</span> <span class='ocrx_word' id='word_1_412' title='bbox 2968 2581 3048 2642; x_wconf 87' lang='grc' dir='ltr'>οἷς</span> <span class='ocrx_word' id='word_1_413' title='bbox 3106 2579 3442 2654; x_wconf 86' lang='grc' dir='ltr'>περιώδυνος</span> <span class='ocrx_word' id='word_1_414' title='bbox 3499 2580 3796 2653; x_wconf 82' lang='grc' dir='ltr'>γενόμενος</span> <span class='ocrx_word' id='word_1_415' title='bbox 3850 2579 3874 2631; x_wconf 83' lang='grc' dir='ltr'><strong>ὁ</strong></span> 
     </span>
    </p>
   </div>
   <div class='ocr_carea' id='block_1_60' title="bbox 2233 2667 3882 2751">
    <p class='ocr_par' dir='ltr' id='par_1_60' title="bbox 2233 2667 3882 2751">
     <span class='ocr_line' id='line_1_61' title="bbox 2233 2667 3882 2751; baseline -0.004 -22"><span class='ocrx_word' id='word_1_416' title='bbox 2233 2672 2498 2751; x_wconf 77' lang='grc' dir='ltr'>Θεόφιλος</span> <span class='ocrx_word' id='word_1_417' title='bbox 2523 2669 2816 2746; x_wconf 80' lang='grc' dir='ltr'>παρεκάλει</span> <span class='ocrx_word' id='word_1_418' title='bbox 2848 2669 3122 2732; x_wconf 76' lang='grc' dir='ltr'>πολλάκις</span> <span class='ocrx_word' id='word_1_419' title='bbox 3152 2673 3252 2739; x_wconf 79' lang='grc' dir='ltr'>τὴν</span> <span class='ocrx_word' id='word_1_420' title='bbox 3314 2667 3596 2725; x_wconf 73' lang='grc' dir='ltr'>δέσποιναν</span> <span class='ocrx_word' id='word_1_421' title='bbox 3652 2671 3746 2724; x_wconf 77' lang='grc' dir='ltr'>καὶ</span> <span class='ocrx_word' id='word_1_422' title='bbox 3796 2668 3882 2722; x_wconf 78' lang='grc' dir='ltr'>τὸν</span> 
     </span>
    </p>
   </div>
   <div class='ocr_carea' id='block_1_61' title="bbox 2228 2758 3874 2837">
    <p class='ocr_par' dir='ltr' id='par_1_61' title="bbox 2228 2758 3874 2837">
     <span class='ocr_line' id='line_1_62' title="bbox 2228 2758 3874 2837; baseline -0.005 -20"><span class='ocrx_word' id='word_1_423' title='bbox 2228 2767 2324 2817; x_wconf 75' lang='grc' dir='ltr'>τοῦ</span> <span class='ocrx_word' id='word_1_424' title='bbox 2377 2759 2586 2836; x_wconf 81' lang='grc' dir='ltr'>δρόμου</span> <span class='ocrx_word' id='word_1_425' title='bbox 2644 2759 2946 2837; x_wconf 77' lang='grc' dir='ltr'>λογοθέτην</span> <span class='ocrx_word' id='word_1_426' title='bbox 3005 2763 3083 2833; x_wconf 88' lang='grc'>(7)</span> <span class='ocrx_word' id='word_1_427' title='bbox 3142 2759 3487 2828; x_wconf 83' lang='grc' dir='ltr'>Θεόκτιστον,</span> <span class='ocrx_word' id='word_1_428' title='bbox 3543 2758 3636 2812; x_wconf 78' lang='grc' dir='ltr'>καὶ</span> <span class='ocrx_word' id='word_1_429' title='bbox 3703 2758 3874 2831; x_wconf 75' lang='grc' dir='ltr'>ὅρκοις</span> 
     </span>
    </p>
   </div>
   <div class='ocr_carea' id='block_1_62' title="bbox 2232 2846 3872 2929">
    <p class='ocr_par' dir='ltr' id='par_1_62' title="bbox 2232 2846 3872 2929">
     <span class='ocr_line' id='line_1_63' title="bbox 2232 2846 3872 2929; baseline -0.004 -23"><span class='ocrx_word' id='word_1_430' title='bbox 2232 2848 2544 2922; x_wconf 81' lang='grc' dir='ltr'>κατεδὲσμει</span> <span class='ocrx_word' id='word_1_431' title='bbox 2602 2847 3059 2929; x_wconf 76' lang='grc' dir='ltr'>φρικωδεστάτοις</span> <span class='ocrx_word' id='word_1_432' title='bbox 3121 2849 3256 2921; x_wconf 71' lang='grc' dir='ltr'>μετὰ</span> <span class='ocrx_word' id='word_1_433' title='bbox 3310 2849 3401 2903; x_wconf 80' lang='grc' dir='ltr'>τὸν</span> <span class='ocrx_word' id='word_1_434' title='bbox 3465 2849 3658 2903; x_wconf 72' lang='grc' dir='ltr'>ἑαυτοῦ</span> <span class='ocrx_word' id='word_1_435' title='bbox 3721 2846 3872 2901; x_wconf 70' lang='grc' dir='ltr'>θάνα-</span> 
     </span>
    </p>
   </div>
   <div class='ocr_carea' id='block_1_63' title="bbox 2232 2939 3879 3013">
    <p class='ocr_par' dir='ltr' id='par_1_63' title="bbox 2232 2939 3879 3013">
     <span class='ocr_line' id='line_1_64' title="bbox 2232 2939 3879 3013; baseline -0.004 -18"><span class='ocrx_word' id='word_1_436' title='bbox 2232 2962 2326 2996; x_wconf 87' lang='grc' dir='ltr'>τον</span> <span class='ocrx_word' id='word_1_437' title='bbox 2362 2943 2501 3013; x_wconf 70' lang='grc' dir='ltr'>μήτε</span> <span class='ocrx_word' id='word_1_438' title='bbox 2537 2939 2630 2994; x_wconf 81' lang='grc' dir='ltr'>τὸν</span> <span class='ocrx_word' id='word_1_439' title='bbox 2690 2941 2902 3008; x_wconf 79' lang='grc' dir='ltr'>Ἰαννῆν</span> <span class='ocrx_word' id='word_1_440' title='bbox 2961 2941 3035 3011; x_wconf 90' lang='grc'>(8)</span> <span class='ocrx_word' id='word_1_441' title='bbox 3096 2945 3426 3011; x_wconf 81' lang='grc' dir='ltr'>μεταστῆσαι</span> <span class='ocrx_word' id='word_1_442' title='bbox 3473 2941 3570 2992; x_wconf 76' lang='grc' dir='ltr'>τοῦ</span> <span class='ocrx_word' id='word_1_443' title='bbox 3620 2955 3879 3010; x_wconf 84' lang='grc' dir='ltr'>πατριαρ-</span> 
     </span>
    </p>
   </div>
   <div class='ocr_carea' id='block_1_64' title="bbox 2235 3023 3876 3105">
    <p class='ocr_par' dir='ltr' id='par_1_64' title="bbox 2235 3023 3876 3105">
     <span class='ocr_line' id='line_1_65' title="bbox 2235 3023 3876 3105; baseline -0.004 -21"><span class='ocrx_word' id='word_1_444' title='bbox 2235 3029 2389 3105; x_wconf 88' lang='grc' dir='ltr'>χείου</span> <span class='ocrx_word' id='word_1_445' title='bbox 2425 3031 2564 3102; x_wconf 80' lang='grc' dir='ltr'>μήτε</span> <span class='ocrx_word' id='word_1_446' title='bbox 2592 3030 2693 3097; x_wconf 79' lang='grc' dir='ltr'>τὴν</span> <span class='ocrx_word' id='word_1_447' title='bbox 2725 3029 3094 3102; x_wconf 81' lang='grc' dir='ltr'>προσκύνησιν</span> <span class='ocrx_word' id='word_1_448' title='bbox 3122 3033 3231 3082; x_wconf 80' lang='grc' dir='ltr'>τῶν</span> <span class='ocrx_word' id='word_1_449' title='bbox 3266 3024 3512 3082; x_wconf 77' lang='grc' dir='ltr'>εἰδώλων</span> <span class='ocrx_word' id='word_1_450' title='bbox 3564 3023 3699 3081; x_wconf 73' lang='grc' dir='ltr'>ἰδεῖν</span> <span class='ocrx_word' id='word_1_451' title='bbox 3763 3026 3876 3078; x_wconf 74' lang='grc' dir='ltr'>ἄνα-</span> 
     </span>
    </p>
   </div>
   <div class='ocr_carea' id='block_1_65' title="bbox 2234 3115 3877 3195">
    <p class='ocr_par' dir='ltr' id='par_1_65' title="bbox 2234 3115 3877 3195">
     <span class='ocr_line' id='line_1_66' title="bbox 2234 3115 3877 3195; baseline -0.004 -21"><span class='ocrx_word' id='word_1_452' title='bbox 2234 3120 2481 3194; x_wconf 70' lang='grc' dir='ltr'>σχέσθαι.</span> <span class='ocrx_word' id='word_1_453' title='bbox 2515 3117 2592 3175; x_wconf 82' lang='grc' dir='ltr'>Οὐ</span> <span class='ocrx_word' id='word_1_454' title='bbox 2623 3119 2686 3173; x_wconf 87' lang='grc' dir='ltr'>τὸ</span> <span class='ocrx_word' id='word_1_455' title='bbox 2735 3118 2956 3192; x_wconf 86' lang='grc' dir='ltr'>γύναιον</span> <span class='ocrx_word' id='word_1_456' title='bbox 3020 3115 3078 3172; x_wconf 72' lang='grc' dir='ltr'>δὲ</span> <span class='ocrx_word' id='word_1_457' title='bbox 3134 3117 3304 3190; x_wconf 66' lang='grc' dir='ltr'>μόνον</span> <span class='ocrx_word' id='word_1_458' title='bbox 3328 3120 3668 3195; x_wconf 67' lang='grc' dir='ltr'>προεφήτευε</span> <span class='ocrx_word' id='word_1_459' title='bbox 3702 3119 3877 3181; x_wconf 75' lang='grc' dir='ltr'>ταῦτα,</span> 
     </span>
    </p>
   </div>
   <div class='ocr_carea' id='block_1_66' title="bbox 2238 3203 3880 3279">
    <p class='ocr_par' dir='ltr' id='par_1_66' title="bbox 2238 3203 3880 3279">
     <span class='ocr_line' id='line_1_67' title="bbox 2238 3203 3880 3279; baseline -0.002 -18"><span class='ocrx_word' id='word_1_460' title='bbox 2238 3207 2382 3262; x_wconf 81' lang='grc' dir='ltr'>ἀλλὰ</span> <span class='ocrx_word' id='word_1_461' title='bbox 2410 3207 2501 3261; x_wconf 83' lang='grc' dir='ltr'>καὶ</span> <span class='ocrx_word' id='word_1_462' title='bbox 2535 3209 2746 3275; x_wconf 82' lang='grc' dir='ltr'>Ἰαννῆς</span> <span class='ocrx_word' id='word_1_463' title='bbox 2807 3203 2896 3260; x_wconf 84' lang='grc' dir='ltr'>διὰ</span> <span class='ocrx_word' id='word_1_464' title='bbox 2955 3204 3412 3278; x_wconf 79' lang='grc' dir='ltr'>λεκανομαντείας</span> <span class='ocrx_word' id='word_1_465' title='bbox 3469 3208 3723 3279; x_wconf 81' lang='grc' dir='ltr'>καθαρῶς</span> <span class='ocrx_word' id='word_1_466' title='bbox 3785 3204 3880 3257; x_wconf 78' lang='grc' dir='ltr'>ἀπ-</span> 
     </span>
    </p>
   </div>
   <div class='ocr_carea' id='block_1_67' title="bbox 2237 3291 3876 3369">
    <p class='ocr_par' dir='ltr' id='par_1_67' title="bbox 2237 3291 3876 3369">
     <span class='ocr_line' id='line_1_68' title="bbox 2237 3291 3876 3369; baseline -0.004 -19"><span class='ocrx_word' id='word_1_467' title='bbox 2237 3293 2426 3366; x_wconf 76' lang='grc' dir='ltr'>έδειξεν</span> <span class='ocrx_word' id='word_1_468' title='bbox 2450 3295 2598 3366; x_wconf 79' lang='grc' dir='ltr'>αὐτῷ</span> <span class='ocrx_word' id='word_1_469' title='bbox 2627 3295 2717 3348; x_wconf 84' lang='grc' dir='ltr'>τὸν</span> <span class='ocrx_word' id='word_1_470' title='bbox 2755 3293 3030 3368; x_wconf 74' lang='grc' dir='ltr'>μέλλοντα</span> <span class='ocrx_word' id='word_1_471' title='bbox 3058 3295 3158 3362; x_wconf 72' lang='grc' dir='ltr'>τήν</span> <span class='ocrx_word' id='word_1_472' title='bbox 3203 3295 3382 3369; x_wconf 84' lang='grc' dir='ltr'>ἀρχὴν</span> <span class='ocrx_word' id='word_1_473' title='bbox 3413 3291 3776 3365; x_wconf 74' lang='grc' dir='ltr'>διαδέξασθαι.</span> <span class='ocrx_word' id='word_1_474' title='bbox 3807 3291 3876 3347; x_wconf 76' lang='grc' dir='ltr'>Οὐ</span> 
     </span>
    </p>
   </div>
   <div class='ocr_carea' id='block_1_68' title="bbox 2234 3381 3874 3461">
    <p class='ocr_par' dir='ltr' id='par_1_68' title="bbox 2234 3381 3874 3461">
     <span class='ocr_line' id='line_1_69' title="bbox 2234 3381 3874 3461; baseline -0.003 -22"><span class='ocrx_word' id='word_1_475' title='bbox 2234 3391 2313 3456; x_wconf 77' lang='grc' dir='ltr'>τῷ</span> <span class='ocrx_word' id='word_1_476' title='bbox 2349 3383 2563 3460; x_wconf 82' lang='grc' dir='ltr'>βασιλεῖ</span> <span class='ocrx_word' id='word_1_477' title='bbox 2594 3383 2651 3440; x_wconf 77' lang='grc' dir='ltr'>δὲ</span> <span class='ocrx_word' id='word_1_478' title='bbox 2675 3385 2824 3457; x_wconf 86' lang='grc' dir='ltr'>μόνῳ</span> <span class='ocrx_word' id='word_1_479' title='bbox 2855 3386 2916 3440; x_wconf 85' lang='grc' dir='ltr'>τὸ</span> <span class='ocrx_word' id='word_1_480' title='bbox 2948 3384 3170 3461; x_wconf 87' lang='grc' dir='ltr'>γύναιον</span> <span class='ocrx_word' id='word_1_481' title='bbox 3221 3383 3316 3444; x_wconf 69' lang='grc' dir='ltr'>τὰς</span> <span class='ocrx_word' id='word_1_482' title='bbox 3373 3383 3586 3444; x_wconf 87' lang='grc' dir='ltr'>πεύσεις</span> <span class='ocrx_word' id='word_1_483' title='bbox 3620 3381 3874 3450; x_wconf 72' lang='grc' dir='ltr'>διέλυσεν,</span> 
     </span>
    </p>
   </div>
   <div class='ocr_carea' id='block_1_69' title="bbox 2236 3469 3876 3547">
    <p class='ocr_par' dir='ltr' id='par_1_69' title="bbox 2236 3469 3876 3547">
     <span class='ocr_line' id='line_1_70' title="bbox 2236 3469 3876 3547; baseline -0.002 -20"><span class='ocrx_word' id='word_1_484' title='bbox 2236 3471 2503 3528; x_wconf 76' lang='grc' dir='ltr'>ἀλλὰκαὶ</span> <span class='ocrx_word' id='word_1_485' title='bbox 2553 3473 2944 3546; x_wconf 78' lang='grc' dir='ltr'>Κωνσταντίνῳ</span> <span class='ocrx_word' id='word_1_486' title='bbox 3001 3478 3080 3545; x_wconf 77' lang='grc' dir='ltr'>τῷ</span> <span class='ocrx_word' id='word_1_487' title='bbox 3137 3473 3273 3528; x_wconf 80' lang='grc' dir='ltr'>κατὰ</span> <span class='ocrx_word' id='word_1_488' title='bbox 3325 3471 3452 3533; x_wconf 82' lang='grc' dir='ltr'>τοὺς</span> <span class='ocrx_word' id='word_1_489' title='bbox 3518 3469 3876 3547; x_wconf 69' lang='grc' dir='ltr'>Τριφυλλίους</span> 
     </span>
    </p>
   </div>
   <div class='ocr_carea' id='block_1_70' title="bbox 2241 3557 3875 3637">
    <p class='ocr_par' dir='ltr' id='par_1_70' title="bbox 2241 3557 3875 3637">
     <span class='ocr_line' id='line_1_71' title="bbox 2241 3557 3875 3637; baseline -0.002 -21"><span class='ocrx_word' id='word_1_490' title='bbox 2241 3557 2378 3637; x_wconf 82' lang='grc' dir='ltr'>μέγα</span> <span class='ocrx_word' id='word_1_491' title='bbox 2407 3561 2685 3636; x_wconf 65' lang='grc' dir='ltr'>δυναμένῳ</span> <span class='ocrx_word' id='word_1_492' title='bbox 2723 3568 2802 3634; x_wconf 80' lang='grc' dir='ltr'>τῷ</span> <span class='ocrx_word' id='word_1_493' title='bbox 2843 3563 2966 3616; x_wconf 86' lang='grc' dir='ltr'>τότε</span> <span class='ocrx_word' id='word_1_494' title='bbox 3015 3563 3083 3618; x_wconf 69' lang='grc' dir='ltr'>τὰ</span> <span class='ocrx_word' id='word_1_495' title='bbox 3143 3557 3537 3634; x_wconf 74' lang='grc' dir='ltr'>συμϐησόμενα</span> <span class='ocrx_word' id='word_1_496' title='bbox 3596 3557 3875 3633; x_wconf 72' lang='grc' dir='ltr'>διετράνω-</span> 
     </span>
    </p>
   </div>
   <div class='ocr_carea' id='block_1_71' title="bbox 2241 3646 3875 3723">
    <p class='ocr_par' dir='ltr' id='par_1_71' title="bbox 2241 3646 3875 3723">
     <span class='ocr_line' id='line_1_72' title="bbox 2241 3646 3875 3723; baseline -0.001 -19"><span class='ocrx_word' id='word_1_497' title='bbox 2241 3671 2349 3721; x_wconf 90' lang='grc' dir='ltr'>σεν,</span> <span class='ocrx_word' id='word_1_498' title='bbox 2383 3650 2544 3706; x_wconf 83' lang='grc' dir='ltr'>αὐτόν</span> <span class='ocrx_word' id='word_1_499' title='bbox 2571 3671 2629 3704; x_wconf 90' lang='grc' dir='ltr'>τε</span> <span class='ocrx_word' id='word_1_500' title='bbox 2659 3651 2751 3706; x_wconf 84' lang='grc' dir='ltr'>καὶ</span> <span class='ocrx_word' id='word_1_501' title='bbox 2783 3651 2908 3712; x_wconf 81' lang='grc' dir='ltr'>τοὺς</span> <span class='ocrx_word' id='word_1_502' title='bbox 2935 3649 3088 3713; x_wconf 77' lang='grc' dir='ltr'>υἱοὺς</span> <span class='ocrx_word' id='word_1_503' title='bbox 3122 3647 3343 3723; x_wconf 86' lang='grc' dir='ltr'>μέλλειν</span> <span class='ocrx_word' id='word_1_504' title='bbox 3403 3649 3556 3703; x_wconf 89' lang='grc' dir='ltr'>εἰπὸν</span> <span class='ocrx_word' id='word_1_505' title='bbox 3610 3646 3875 3722; x_wconf 68' lang='grc' dir='ltr'>ὑπαρξεὼς</span> 
     </span>
    </p>
   </div>
   <div class='ocr_carea' id='block_1_72' title="bbox 479 3725 2130 3816">
    <p class='ocr_par' dir='ltr' id='par_1_72' title="bbox 479 3735 2123 3810">
     <span class='ocr_line' id='line_1_73' title="bbox 479 3735 2123 3810; baseline 0.004 -21"><span class='ocrx_word' id='word_1_506' title='bbox 479 3735 668 3791; x_wconf 84' lang='lat' dir='ltr'>funda</span> <span class='ocrx_word' id='word_1_507' title='bbox 715 3736 856 3792; x_wconf 91' lang='lat' dir='ltr'>circi</span> <span class='ocrx_word' id='word_1_508' title='bbox 883 3737 1300 3809; x_wconf 90' lang='lat' dir='ltr'>interiturum;</span> <span class='ocrx_word' id='word_1_509' title='bbox 1327 3744 1504 3810; x_wconf 85' lang='lat' dir='ltr'>atque</span> <span class='ocrx_word' id='word_1_510' title='bbox 1538 3756 1607 3796; x_wconf 90' lang='lat' dir='ltr'>eo</span> <span class='ocrx_word' id='word_1_511' title='bbox 1639 3741 1768 3797; x_wconf 92' lang='lat' dir='ltr'>loco</span> <span class='ocrx_word' id='word_1_512' title='bbox 1803 3740 1874 3810; x_wconf 89' lang='lat' dir='ltr'>is,</span> <span class='ocrx_word' id='word_1_513' title='bbox 1908 3741 2123 3797; x_wconf 88' lang='lat' dir='ltr'>Basilio</span> 
     </span>
    </p>
   </div>
   <div class='ocr_carea' id='block_1_73' title="bbox 2237 3725 3876 3816">
    <p class='ocr_par' dir='ltr' id='par_1_73' title="bbox 2237 3735 3876 3816">
     <span class='ocr_line' id='line_1_74' title="bbox 2237 3735 3876 3816; baseline -0.006 -21"><span class='ocrx_word' id='word_1_514' title='bbox 2237 3759 2294 3796; x_wconf 88' lang='grc' dir='ltr'>τε</span> <span class='ocrx_word' id='word_1_515' title='bbox 2325 3746 2652 3816; x_wconf 78' lang='grc' dir='ltr'>στερηθῆναι</span> <span class='ocrx_word' id='word_1_516' title='bbox 2727 3740 2814 3794; x_wconf 86' lang='grc' dir='ltr'>καὶ</span> <span class='ocrx_word' id='word_1_517' title='bbox 2876 3739 2938 3794; x_wconf 86' lang='grc' dir='ltr'>τὸ</span> <span class='ocrx_word' id='word_1_518' title='bbox 2989 3744 3098 3795; x_wconf 81' lang='grc' dir='ltr'>τῶν</span> <span class='ocrx_word' id='word_1_519' title='bbox 3153 3736 3434 3812; x_wconf 85' lang='grc' dir='ltr'>κληρικῶν</span> <span class='ocrx_word' id='word_1_520' title='bbox 3515 3735 3876 3815; x_wconf 74' lang='grc' dir='ltr'>ἀμφιάσασθαι</span> 
     </span>
    </p>
   </div>
   <div class='ocr_carea' id='block_1_74' title="bbox 1680 3894 2684 3950">
    <p class='ocr_par' dir='ltr' id='par_1_74' title="bbox 1680 3894 2684 3950">
     <span class='ocr_line' id='line_1_75' title="bbox 1680 3894 2684 3950; baseline -0.002 0"><span class='ocrx_word' id='word_1_521' title='bbox 1680 3894 2039 3950; x_wconf 80' lang='lat' dir='ltr'>XYLANDBI</span> <span class='ocrx_word' id='word_1_522' title='bbox 2079 3896 2164 3949; x_wconf 91' lang='lat' dir='ltr'>ET</span> <span class='ocrx_word' id='word_1_523' title='bbox 2210 3894 2423 3950; x_wconf 79' lang='lat' dir='ltr'><strong>GOARI</strong></span> <span class='ocrx_word' id='word_1_524' title='bbox 2462 3895 2684 3949; x_wconf 62' lang='lat' dir='ltr'>NOTJE.</span> 
     </span>
    </p>
   </div>
   <div class='ocr_carea' id='block_1_75' title="bbox 486 4071 2130 4160">
    <p class='ocr_par' dir='ltr' id='par_1_75' title="bbox 486 4071 2130 4160">
     <span class='ocr_line' id='line_1_76' title="bbox 486 4071 2130 4160; baseline -0.001 -35"><span class='ocrx_word' id='word_1_525' title='bbox 486 4072 702 4160; x_wconf 47' lang='grc' dir='ltr'>ξενιτ-</span> <span class='ocrx_word' id='word_1_526' title='bbox 719 4073 842 4137; x_wconf 87' lang='lat' dir='ltr'>Qua</span> <span class='ocrx_word' id='word_1_527' title='bbox 863 4073 1092 4158; x_wconf 71' lang='lat' dir='ltr'>ratione</span> <span class='ocrx_word' id='word_1_528' title='bbox 1115 4073 1374 4160; x_wconf 49' lang='lat' dir='ltr'>scripsit‘</span> <span class='ocrx_word' id='word_1_529' title='bbox 1399 4075 1685 4160; x_wconf 45' lang='lat' dir='ltr'>&#39;Zonara‘s:</span> <span class='ocrx_word' id='word_1_530' title='bbox 1714 4073 1826 4160; x_wconf 56' lang='lat'>:14}:</span> <span class='ocrx_word' id='word_1_531' title='bbox 1849 4075 1946 4160; x_wconf 62' lang='grc' dir='ltr'>τοξ</span> <span class='ocrx_word' id='word_1_532' title='bbox 1975 4071 2130 4160; x_wconf 54' lang='grc' dir='ltr'>ἁγίου</span> 
     </span>
    </p>
   </div>
   <div class='ocr_carea' id='block_1_76' title="bbox 494 4089 2128 4217">
    <p class='ocr_par' dir='ltr' id='par_1_76' title="bbox 494 4089 2128 4217">
     <span class='ocr_line' id='line_1_77' title="bbox 494 4089 2128 4160; baseline -0.002 -33"><span class='ocrx_word' id='word_1_533' title='bbox 494 4089 702 4128; x_wconf 67' lang='grc' dir='ltr'>ᾸΥῙι.·-</span> <span class='ocrx_word' id='word_1_534' title='bbox 719 4089 842 4137; x_wconf 62' lang='lat' dir='ltr'>Qua</span> <span class='ocrx_word' id='word_1_535' title='bbox 863 4089 1092 4128; x_wconf 54' lang='lat' dir='ltr'>ratione</span> <span class='ocrx_word' id='word_1_536' title='bbox 1115 4089 1228 4127; x_wconf 70' lang='lat' dir='ltr'>SCI‘I</span> <span class='ocrx_word' id='word_1_537' title='bbox 1276 4089 1353 4127; x_wconf 57' lang='lat' dir='ltr'>SN;</span> <span class='ocrx_word' id='word_1_538' title='bbox 1399 4089 1685 4129; x_wconf 77' lang='lat' dir='ltr'>Lonaras:</span> <span class='ocrx_word' id='word_1_539' title='bbox 1734 4089 1826 4128; x_wconf 63' lang='grc' dir='ltr'>Ἐκ</span> <span class='ocrx_word' id='word_1_540' title='bbox 1849 4092 1946 4126; x_wconf 89' lang='grc' dir='ltr'>του</span> <span class='ocrx_word' id='word_1_541' title='bbox 1975 4089 2128 4160; x_wconf 79' lang='grc' dir='ltr'>αγιου</span> 
     </span>
     <span class='ocr_line' id='line_1_78' title="bbox 494 4089 2128 4217; baseline 0.001 -22"><span class='ocrx_word' id='word_1_542' title='bbox 494 4141 1014 4217; x_wconf 19' lang='grc' dir='ltr'>βαπτίσματος-,τὸν</span> <span class='ocrx_word' id='word_1_543' title='bbox 1073 4146 1168 4196; x_wconf 78' lang='grc' dir='ltr'>τοῦ</span> <span class='ocrx_word' id='word_1_544' title='bbox 1226 4089 1494 4216; x_wconf 41' lang='lat' dir='ltr'>gemitu):</span> <span class='ocrx_word' id='word_1_545' title='bbox 1553 4144 1666 4217; x_wconf 79' lang='grc' dir='ltr'>υἱὸν</span> <span class='ocrx_word' id='word_1_546' title='bbox 1714 4143 1949 4217; x_wconf 74' lang='grc' dir='ltr'>Μιχαὴλ</span> <span class='ocrx_word' id='word_1_547' title='bbox 2016 4139 2128 4196; x_wconf 80' lang='grc' dir='ltr'>εδὲο</span> 
     </span>
    </p>
   </div>
   <div class='ocr_carea' id='block_1_77' title="bbox 487 4215 2134 4288">
    <p class='ocr_par' dir='ltr' id='par_1_77' title="bbox 487 4215 2134 4288">
     <span class='ocr_line' id='line_1_79' title="bbox 487 4215 2134 4288; baseline 0.002 -22"><span class='ocrx_word' id='word_1_548' title='bbox 487 4215 635 4282; x_wconf 78' lang='grc' dir='ltr'>ξατο.</span> <span class='ocrx_word' id='word_1_549' title='bbox 672 4216 818 4270; x_wconf 86' lang='lat' dir='ltr'>Hinc</span> <span class='ocrx_word' id='word_1_550' title='bbox 839 4215 918 4269; x_wconf 89' lang='lat' dir='ltr'>illi</span> <span class='ocrx_word' id='word_1_551' title='bbox 942 4233 1074 4270; x_wconf 92' lang='lat' dir='ltr'>cum</span> <span class='ocrx_word' id='word_1_552' title='bbox 1099 4215 1262 4287; x_wconf 81' lang='lat' dir='ltr'>patre</span> <span class='ocrx_word' id='word_1_553' title='bbox 1284 4215 1605 4288; x_wconf 80' lang='lat' dir='ltr'>Theophila</span> <span class='ocrx_word' id='word_1_554' title='bbox 1629 4215 1946 4287; x_wconf 77' lang='lat' dir='ltr'>compatris</span> <span class='ocrx_word' id='word_1_555' title='bbox 1971 4233 2134 4271; x_wconf 88' lang='lat' dir='ltr'>com-</span> 
     </span>
    </p>
   </div>
   <div class='ocr_carea' id='block_1_78' title="bbox 492 4289 1140 4341">
    <p class='ocr_par' dir='ltr' id='par_1_78' title="bbox 492 4289 1140 4341">
     <span class='ocr_line' id='line_1_80' title="bbox 492 4289 1140 4341; baseline 0 -1"><span class='ocrx_word' id='word_1_556' title='bbox 492 4303 670 4340; x_wconf 91' lang='lat' dir='ltr'>mune</span> <span class='ocrx_word' id='word_1_557' title='bbox 695 4303 934 4340; x_wconf 91' lang='lat' dir='ltr'>nomen.</span> <span class='ocrx_word' id='word_1_558' title='bbox 968 4289 1140 4341; x_wconf 67' lang='lat' dir='ltr'>Gom.</span> 
     </span>
    </p>
   </div>
   <div class='ocr_carea' id='block_1_79' title="bbox 561 4358 2127 4431">
    <p class='ocr_par' dir='ltr' id='par_1_79' title="bbox 561 4358 2127 4431">
     <span class='ocr_line' id='line_1_81' title="bbox 561 4358 2127 4431; baseline -0.001 -19"><span class='ocrx_word' id='word_1_559' title='bbox 561 4360 636 4431; x_wconf 73' lang='lat' dir='ltr'>(t5;</span> <span class='ocrx_word' id='word_1_560' title='bbox 667 4358 784 4412; x_wconf 81' lang='lat' dir='ltr'>Ceu</span> <span class='ocrx_word' id='word_1_561' title='bbox 815 4358 1184 4431; x_wconf 86' lang='lat' dir='ltr'>perditorum</span> <span class='ocrx_word' id='word_1_562' title='bbox 1243 4364 1303 4431; x_wconf 91' lang='lat' dir='ltr'>et</span> <span class='ocrx_word' id='word_1_563' title='bbox 1339 4359 1737 4429; x_wconf 90' lang='lat' dir='ltr'>perduellium</span> <span class='ocrx_word' id='word_1_564' title='bbox 1786 4359 1996 4415; x_wconf 91' lang='lat' dir='ltr'>ducem</span> <span class='ocrx_word' id='word_1_565' title='bbox 2031 4377 2127 4431; x_wconf 74' lang='grc' dir='ltr'>φα-</span> 
     </span>
    </p>
   </div>
   <div class='ocr_carea' id='block_1_80' title="bbox 486 4426 2132 4500">
    <p class='ocr_par' dir='ltr' id='par_1_80' title="bbox 486 4426 2132 4500">
     <span class='ocr_line' id='line_1_82' title="bbox 486 4426 2132 4500; baseline 0.004 -21"><span class='ocrx_word' id='word_1_566' title='bbox 486 4426 755 4500; x_wconf 73' lang='grc' dir='ltr'>τριάρχην</span> <span class='ocrx_word' id='word_1_567' title='bbox 815 4426 1021 4495; x_wconf 78' lang='grc' dir='ltr'>Ἶαννῆν</span> <span class='ocrx_word' id='word_1_568' title='bbox 1078 4426 1574 4485; x_wconf 40' lang='lat' dir='ltr'>censuit—auctor</span> <span class='ocrx_word' id='word_1_569' title='bbox 1631 4431 1977 4487; x_wconf 87' lang='lat' dir='ltr'>vocandum.</span> <span class='ocrx_word' id='word_1_570' title='bbox 2026 4426 2132 4500; x_wconf 72' lang='lat' dir='ltr'>Xy-</span> 
     </span>
    </p>
   </div>
   <div class='ocr_carea' id='block_1_81' title="bbox 487 4499 2132 4575">
    <p class='ocr_par' dir='ltr' id='par_1_81' title="bbox 487 4499 2132 4575">
     <span class='ocr_line' id='line_1_83' title="bbox 487 4499 2132 4575; baseline 0 -23"><span class='ocrx_word' id='word_1_571' title='bbox 487 4499 718 4575; x_wconf 82' lang='lat' dir='ltr'>lander,</span> <span class='ocrx_word' id='word_1_572' title='bbox 768 4500 1151 4575; x_wconf 74' lang='lat' dir='ltr'>Iconomachi</span> <span class='ocrx_word' id='word_1_573' title='bbox 1192 4501 1381 4575; x_wconf 80' lang='lat' dir='ltr'>factus</span> <span class='ocrx_word' id='word_1_574' title='bbox 1434 4509 1738 4573; x_wconf 88' lang='lat' dir='ltr'>patronus,</span> <span class='ocrx_word' id='word_1_575' title='bbox 1783 4499 2132 4575; x_wconf 74' lang='grc' dir='ltr'>πατριάρχην</span> 
     </span>
    </p>
   </div>
   <div class='ocr_carea' id='block_1_82' title="bbox 487 4569 1413 4642">
    <p class='ocr_par' dir='ltr' id='par_1_82' title="bbox 487 4569 1413 4642">
     <span class='ocr_line' id='line_1_84' title="bbox 487 4569 1413 4642; baseline 0.002 -19"><span class='ocrx_word' id='word_1_576' title='bbox 487 4569 627 4640; x_wconf 83' lang='lat' dir='ltr'>legit</span> <span class='ocrx_word' id='word_1_577' title='bbox 649 4575 708 4624; x_wconf 90' lang='lat' dir='ltr'>et</span> <span class='ocrx_word' id='word_1_578' title='bbox 737 4571 1010 4642; x_wconf 87' lang='lat' dir='ltr'>religiose</span> <span class='ocrx_word' id='word_1_579' title='bbox 1043 4572 1202 4626; x_wconf 91' lang='lat' dir='ltr'>colit.</span> <span class='ocrx_word' id='word_1_580' title='bbox 1239 4573 1413 4626; x_wconf 70' lang='lat' dir='ltr'>Gom.</span> 
     </span>
    </p>
   </div>
   <div class='ocr_carea' id='block_1_83' title="bbox 561 4641 2134 4712">
    <p class='ocr_par' dir='ltr' id='par_1_83' title="bbox 561 4641 2134 4712">
     <span class='ocr_line' id='line_1_85' title="bbox 561 4641 2134 4712; baseline 0.002 -18"><span class='ocrx_word' id='word_1_581' title='bbox 561 4643 650 4712; x_wconf 14' lang='lat'>(7)7</span> <span class='ocrx_word' id='word_1_582' title='bbox 672 4641 989 4712; x_wconf 86' lang='lat' dir='ltr'>Logotheta</span> <span class='ocrx_word' id='word_1_583' title='bbox 1037 4648 1125 4696; x_wconf 85' lang='lat' dir='ltr'>est</span> <span class='ocrx_word' id='word_1_584' title='bbox 1173 4643 1586 4706; x_wconf 88' lang='lat' dir='ltr'>cancellarius,</span> <span class='ocrx_word' id='word_1_585' title='bbox 1618 4649 1683 4698; x_wconf 92' lang='lat' dir='ltr'>ut</span> <span class='ocrx_word' id='word_1_586' title='bbox 1704 4660 1998 4711; x_wconf 89' lang='lat' dir='ltr'>vocamus,</span> <span class='ocrx_word' id='word_1_587' title='bbox 2032 4650 2134 4698; x_wconf 92' lang='lat' dir='ltr'>aut</span> 
     </span>
    </p>
   </div>
   <div class='ocr_carea' id='block_1_84' title="bbox 490 4711 2128 4786">
    <p class='ocr_par' dir='ltr' id='par_1_84' title="bbox 490 4711 2128 4786">
     <span class='ocr_line' id='line_1_86' title="bbox 490 4711 2128 4786; baseline 0.001 -20"><span class='ocrx_word' id='word_1_588' title='bbox 490 4711 832 4786; x_wconf 75' lang='lat' dir='ltr'>libellorum</span> <span class='ocrx_word' id='word_1_589' title='bbox 855 4715 1133 4786; x_wconf 85' lang='lat' dir='ltr'>magister</span> <span class='ocrx_word' id='word_1_590' title='bbox 1153 4715 1270 4768; x_wconf 92' lang='lat' dir='ltr'>sive</span> <span class='ocrx_word' id='word_1_591' title='bbox 1292 4714 1507 4786; x_wconf 76' lang='lat' dir='ltr'>archivi</span> <span class='ocrx_word' id='word_1_592' title='bbox 1529 4716 1858 4785; x_wconf 66' lang='lat' dir='ltr'>praefectus.</span> <span class='ocrx_word' id='word_1_593' title='bbox 1881 4718 1990 4770; x_wconf 86' lang='lat' dir='ltr'>Pro</span> <span class='ocrx_word' id='word_1_594' title='bbox 2005 4712 2128 4786; x_wconf 85' lang='grc' dir='ltr'>δρό-</span> 
     </span>
    </p>
   </div>
   <div class='ocr_carea' id='block_1_85' title="bbox 492 4780 2130 4858">
    <p class='ocr_par' dir='ltr' id='par_1_85' title="bbox 492 4780 2130 4858">
     <span class='ocr_line' id='line_1_87' title="bbox 492 4780 2130 4858; baseline 0.004 -23"><span class='ocrx_word' id='word_1_595' title='bbox 492 4803 596 4854; x_wconf 87' lang='grc' dir='ltr'>μου</span> <span class='ocrx_word' id='word_1_596' title='bbox 640 4783 920 4858; x_wconf 84' lang='lat' dir='ltr'>legerem,</span> <span class='ocrx_word' id='word_1_597' title='bbox 949 4780 996 4839; x_wconf 80' lang='lat' dir='ltr'>si</span> <span class='ocrx_word' id='word_1_598' title='bbox 1049 4785 1274 4858; x_wconf 86' lang='lat' dir='ltr'>liceret,</span> <span class='ocrx_word' id='word_1_599' title='bbox 1308 4780 1602 4858; x_wconf 36' lang='grc' dir='ltr'>’δόμουλὶιι</span> <span class='ocrx_word' id='word_1_600' title='bbox 1630 4786 1994 4858; x_wconf 82' lang='lat' dir='ltr'>intelligeres</span> <span class='ocrx_word' id='word_1_601' title='bbox 2026 4780 2130 4842; x_wconf 89' lang='lat' dir='ltr'>do-</span> 
     </span>
    </p>
   </div>
   <div class='ocr_carea' id='block_1_86' title="bbox 487 4855 2127 4927">
    <p class='ocr_par' dir='ltr' id='par_1_86' title="bbox 487 4855 2127 4927">
     <span class='ocr_line' id='line_1_88' title="bbox 487 4855 2127 4927; baseline 0.003 -18"><span class='ocrx_word' id='word_1_602' title='bbox 487 4855 801 4911; x_wconf 82' lang='lat' dir='ltr'>mesticum</span> <span class='ocrx_word' id='word_1_603' title='bbox 826 4855 1200 4927; x_wconf 89' lang='lat' dir='ltr'>imperatoris</span> <span class='ocrx_word' id='word_1_604' title='bbox 1223 4861 1399 4926; x_wconf 88' lang='lat' dir='ltr'>atque</span> <span class='ocrx_word' id='word_1_605' title='bbox 1423 4856 1697 4911; x_wconf 89' lang='lat' dir='ltr'>intimum</span> <span class='ocrx_word' id='word_1_606' title='bbox 1721 4855 2127 4914; x_wconf 73' lang='lat' dir='ltr'>secretarium.</span> 
     </span>
    </p>
   </div>
   <div class='ocr_carea' id='block_1_87' title="bbox 487 4927 2127 5000">
    <p class='ocr_par' dir='ltr' id='par_1_87' title="bbox 487 4927 2127 5000">
     <span class='ocr_line' id='line_1_89' title="bbox 487 4927 2127 5000; baseline 0.004 -20"><span class='ocrx_word' id='word_1_607' title='bbox 487 4927 652 5000; x_wconf 82' lang='lat' dir='ltr'>Nolui</span> <span class='ocrx_word' id='word_1_608' title='bbox 677 4933 874 4983; x_wconf 92' lang='lat' dir='ltr'>tamen</span> <span class='ocrx_word' id='word_1_609' title='bbox 899 4945 967 4982; x_wconf 80' lang='lat' dir='ltr'>ex</span> <span class='ocrx_word' id='word_1_610' title='bbox 989 4929 1331 4999; x_wconf 85' lang='lat' dir='ltr'>conjectura</span> <span class='ocrx_word' id='word_1_611' title='bbox 1358 4935 1608 5000; x_wconf 83' lang='lat' dir='ltr'>mutare,</span> <span class='ocrx_word' id='word_1_612' title='bbox 1641 4930 1968 5000; x_wconf 64' lang='lat' dir='ltr'>praisertim</span> <span class='ocrx_word' id='word_1_613' title='bbox 1993 4947 2127 4985; x_wconf 90' lang='lat' dir='ltr'>cum</span> 
     </span>
    </p>
   </div>
   <div class='ocr_carea' id='block_1_88' title="bbox 490 4999 2132 5072">
    <p class='ocr_par' dir='ltr' id='par_1_88' title="bbox 490 4999 2132 5072">
     <span class='ocr_line' id='line_1_90' title="bbox 490 4999 2132 5072; baseline 0.002 -19"><span class='ocrx_word' id='word_1_614' title='bbox 490 4999 831 5072; x_wconf 15' lang='lat' dir='ltr'>sicirursum</span> <span class='ocrx_word' id='word_1_615' title='bbox 855 5000 1084 5071; x_wconf 86' lang='lat' dir='ltr'>legatur</span> <span class='ocrx_word' id='word_1_616' title='bbox 1131 5000 1299 5072; x_wconf 79' lang='lat' dir='ltr'>initio</span> <span class='ocrx_word' id='word_1_617' title='bbox 1355 4999 1954 5072; x_wconf 67' lang='lat' dir='ltr'>Micl‘iaeliTheophili</span> <span class='ocrx_word' id='word_1_618' title='bbox 1983 5003 2038 5056; x_wconf 91' lang='lat' dir='ltr'>F.</span> <span class='ocrx_word' id='word_1_619' title='bbox 2074 5009 2132 5056; x_wconf 89' lang='lat' dir='ltr'>et</span> 
     </span>
    </p>
   </div>
   <div class='ocr_carea' id='block_1_89' title="bbox 487 5071 2128 5140">
    <p class='ocr_par' dir='ltr' id='par_1_89' title="bbox 487 5071 2128 5140">
     <span class='ocr_line' id='line_1_91' title="bbox 487 5071 2128 5140; baseline 0.002 -16"><span class='ocrx_word' id='word_1_620' title='bbox 487 5071 629 5125; x_wconf 87' lang='lat' dir='ltr'>alibi</span> <span class='ocrx_word' id='word_1_621' title='bbox 653 5072 1016 5140; x_wconf 86' lang='lat' dir='ltr'>frequenter,</span> <span class='ocrx_word' id='word_1_622' title='bbox 1042 5078 1100 5126; x_wconf 88' lang='lat' dir='ltr'>et</span> <span class='ocrx_word' id='word_1_623' title='bbox 1125 5071 1367 5125; x_wconf 74' lang='lat' dir='ltr'>Wolfius</span> <span class='ocrx_word' id='word_1_624' title='bbox 1391 5073 1532 5126; x_wconf 88' lang='lat' dir='ltr'>citet</span> <span class='ocrx_word' id='word_1_625' title='bbox 1552 5088 1620 5126; x_wconf 86' lang='lat' dir='ltr'>ex</span> <span class='ocrx_word' id='word_1_626' title='bbox 1642 5072 1790 5125; x_wconf 90' lang='lat' dir='ltr'>libro</span> <span class='ocrx_word' id='word_1_627' title='bbox 1814 5071 1883 5127; x_wconf 84' lang='lat' dir='ltr'>de</span> <span class='ocrx_word' id='word_1_628' title='bbox 1908 5072 2128 5127; x_wconf 76' lang='lat' dir='ltr'>Officiis</span> 
     </span>
    </p>
   </div>
   <div class='ocr_carea' id='block_1_90' title="bbox 2241 4067 3877 4148">
    <p class='ocr_par' dir='ltr' id='par_1_90' title="bbox 2241 4067 3877 4148">
     <span class='ocr_line' id='line_1_92' title="bbox 2241 4067 3877 4148; baseline -0.005 -20"><span class='ocrx_word' id='word_1_629' title='bbox 2241 4074 2418 4144; x_wconf 85' lang='lat' dir='ltr'>hujus</span> <span class='ocrx_word' id='word_1_630' title='bbox 2439 4071 2746 4148; x_wconf 87' lang='lat' dir='ltr'>Theophili</span> <span class='ocrx_word' id='word_1_631' title='bbox 2771 4076 2857 4138; x_wconf 87' lang='lat' dir='ltr'>;et</span> <span class='ocrx_word' id='word_1_632' title='bbox 2875 4071 3210 4148; x_wconf 78' lang='lat' dir='ltr'>Noster,u_bi</span> <span class='ocrx_word' id='word_1_633' title='bbox 3233 4068 3549 4148; x_wconf 71' lang='lat' dir='ltr'>Theoctisti</span> <span class='ocrx_word' id='word_1_634' title='bbox 3576 4067 3877 4148; x_wconf 69' lang='lat' dir='ltr'>logothetaa</span> 
     </span>
    </p>
   </div>
   <div class='ocr_carea' id='block_1_91' title="bbox 2241 4139 3872 4210">
    <p class='ocr_par' dir='ltr' id='par_1_91' title="bbox 2241 4139 3872 4210">
     <span class='ocr_line' id='line_1_93' title="bbox 2241 4139 3872 4210; baseline -0.005 -11"><span class='ocrx_word' id='word_1_635' title='bbox 2241 4139 2493 4200; x_wconf 79' lang='lat' dir='ltr'>mortem</span> <span class='ocrx_word' id='word_1_636' title='bbox 2526 4139 2723 4209; x_wconf 79' lang='lat' dir='ltr'>refert,</span> <span class='ocrx_word' id='word_1_637' title='bbox 2762 4160 2830 4198; x_wconf 90' lang='lat' dir='ltr'>eo</span> <span class='ocrx_word' id='word_1_638' title='bbox 2863 4142 3095 4197; x_wconf 90' lang='lat' dir='ltr'>sublato</span> <span class='ocrx_word' id='word_1_639' title='bbox 3128 4141 3374 4196; x_wconf 86' lang='lat' dir='ltr'>Bardam</span> <span class='ocrx_word' id='word_1_640' title='bbox 3408 4139 3654 4196; x_wconf 90' lang='lat' dir='ltr'>caniclei</span> <span class='ocrx_word' id='word_1_641' title='bbox 3688 4139 3872 4210; x_wconf 81' lang='lat' dir='ltr'>digni-</span> 
     </span>
    </p>
   </div>
   <div class='ocr_carea' id='block_1_92' title="bbox 2243 4210 3880 4288">
    <p class='ocr_par' dir='ltr' id='par_1_92' title="bbox 2243 4210 3880 4288">
     <span class='ocr_line' id='line_1_94' title="bbox 2243 4210 3880 4288; baseline -0.005 -18"><span class='ocrx_word' id='word_1_642' title='bbox 2243 4222 2421 4271; x_wconf 88' lang='lat' dir='ltr'>tatem</span> <span class='ocrx_word' id='word_1_643' title='bbox 2456 4218 2512 4270; x_wconf 89' lang='lat' dir='ltr'>in</span> <span class='ocrx_word' id='word_1_644' title='bbox 2545 4233 2606 4270; x_wconf 93' lang='lat' dir='ltr'>se</span> <span class='ocrx_word' id='word_1_645' title='bbox 2630 4215 3012 4288; x_wconf 83' lang='lat' dir='ltr'>transtulisse</span> <span class='ocrx_word' id='word_1_646' title='bbox 3036 4215 3168 4288; x_wconf 26' lang='lat' dir='ltr'>fait.</span> <span class='ocrx_word' id='word_1_647' title='bbox 3191 4285 3200 4288; x_wconf 86' lang='lat'>_</span> <span class='ocrx_word' id='word_1_648' title='bbox 3227 4215 3361 4288; x_wconf 62' lang='lat' dir='ltr'>Xrn.</span> <span class='ocrx_word' id='word_1_649' title='bbox 3422 4243 3490 4288; x_wconf 90' lang='lat'>-_—</span> <span class='ocrx_word' id='word_1_650' title='bbox 3546 4210 3880 4288; x_wconf 75' lang='lat' dir='ltr'>lntelligunt</span> 
     </span>
    </p>
   </div>
   <div class='ocr_carea' id='block_1_93' title="bbox 2242 4281 3877 4357">
    <p class='ocr_par' dir='ltr' id='par_1_93' title="bbox 2242 4281 3877 4357">
     <span class='ocr_line' id='line_1_95' title="bbox 2242 4281 3877 4357; baseline -0.006 -15"><span class='ocrx_word' id='word_1_651' title='bbox 2242 4288 2509 4342; x_wconf 91' lang='lat' dir='ltr'>moderni</span> <span class='ocrx_word' id='word_1_652' title='bbox 2543 4287 2781 4357; x_wconf 90' lang='lat' dir='ltr'>quidam</span> <span class='ocrx_word' id='word_1_653' title='bbox 2814 4285 2995 4340; x_wconf 64' lang='lat' dir='ltr'>Graeci</span> <span class='ocrx_word' id='word_1_654' title='bbox 3034 4285 3236 4357; x_wconf 86' lang='lat' dir='ltr'>Turcis</span> <span class='ocrx_word' id='word_1_655' title='bbox 3267 4284 3460 4339; x_wconf 90' lang='lat' dir='ltr'>edocti</span> <span class='ocrx_word' id='word_1_656' title='bbox 3508 4281 3877 4357; x_wconf 74' lang='lat' dir='ltr'>consuetudi-</span> 
     </span>
    </p>
   </div>
   <div class='ocr_carea' id='block_1_94' title="bbox 2241 4352 3875 4428">
    <p class='ocr_par' dir='ltr' id='par_1_94' title="bbox 2241 4352 3875 4428">
     <span class='ocr_line' id='line_1_96' title="bbox 2241 4352 3875 4428; baseline -0.004 -16"><span class='ocrx_word' id='word_1_657' title='bbox 2241 4359 2438 4418; x_wconf 85' lang='lat' dir='ltr'>nibus,</span> <span class='ocrx_word' id='word_1_658' title='bbox 2472 4352 2620 4428; x_wconf 78' lang='lat' dir='ltr'>quas</span> <span class='ocrx_word' id='word_1_659' title='bbox 2647 4374 2678 4412; x_wconf 90' lang='lat' dir='ltr'>a</span> <span class='ocrx_word' id='word_1_660' title='bbox 2702 4360 2824 4412; x_wconf 87' lang='lat' dir='ltr'>suis</span> <span class='ocrx_word' id='word_1_661' title='bbox 2854 4356 3198 4428; x_wconf 10' lang='lat' dir='ltr'>majoribus,</span> <span class='ocrx_word' id='word_1_662' title='bbox 3240 4362 3520 4428; x_wconf 16' lang='lat' dir='ltr'>acceptas»</span> <span class='ocrx_word' id='word_1_663' title='bbox 3551 4359 3780 4424; x_wconf 88' lang='lat' dir='ltr'>putant.</span> <span class='ocrx_word' id='word_1_664' title='bbox 3814 4352 3875 4428; x_wconf 78' lang='lat' dir='ltr'>de</span> 
     </span>
    </p>
   </div>
   <div class='ocr_carea' id='block_1_95' title="bbox 2241 4425 3875 4505">
    <p class='ocr_par' dir='ltr' id='par_1_95' title="bbox 2241 4425 3875 4505">
     <span class='ocr_line' id='line_1_97' title="bbox 2241 4425 3875 4505; baseline -0.005 -21"><span class='ocrx_word' id='word_1_665' title='bbox 2241 4429 2437 4505; x_wconf 86' lang='lat' dir='ltr'>bellici</span> <span class='ocrx_word' id='word_1_666' title='bbox 2467 4425 2662 4505; x_wconf 47' lang='lat' dir='ltr'>aerarii</span> <span class='ocrx_word' id='word_1_667' title='bbox 2693 4425 2994 4505; x_wconf 69' lang='lat' dir='ltr'>praefecto,</span> <span class='ocrx_word' id='word_1_668' title='bbox 3024 4428 3116 4482; x_wconf 89' lang='lat' dir='ltr'>vel</span> <span class='ocrx_word' id='word_1_669' title='bbox 3173 4427 3245 4482; x_wconf 92' lang='lat' dir='ltr'>de</span> <span class='ocrx_word' id='word_1_670' title='bbox 3277 4443 3344 4482; x_wconf 91' lang='lat' dir='ltr'>eo</span> <span class='ocrx_word' id='word_1_671' title='bbox 3377 4425 3479 4505; x_wconf 84' lang='lat' dir='ltr'>qui</span> <span class='ocrx_word' id='word_1_672' title='bbox 3509 4425 3875 4505; x_wconf 74' lang='lat' dir='ltr'>imperatoris</span> 
     </span>
    </p>
   </div>
   <div class='ocr_carea' id='block_1_96' title="bbox 2242 4501 3877 4569">
    <p class='ocr_par' dir='ltr' id='par_1_96' title="bbox 2242 4501 3877 4569">
     <span class='ocr_line' id='line_1_98' title="bbox 2242 4501 3877 4569; baseline -0.004 -14"><span class='ocrx_word' id='word_1_673' title='bbox 2242 4503 2354 4556; x_wconf 87' lang='lat' dir='ltr'>iter</span> <span class='ocrx_word' id='word_1_674' title='bbox 2377 4501 2745 4556; x_wconf 87' lang='lat' dir='ltr'>conficientis</span> <span class='ocrx_word' id='word_1_675' title='bbox 2777 4505 3048 4555; x_wconf 87' lang='lat' dir='ltr'>censeret</span> <span class='ocrx_word' id='word_1_676' title='bbox 3084 4515 3372 4569; x_wconf 83' lang='lat' dir='ltr'>expensas</span> <span class='ocrx_word' id='word_1_677' title='bbox 3429 4504 3487 4551; x_wconf 90' lang='lat' dir='ltr'>et</span> <span class='ocrx_word' id='word_1_678' title='bbox 3533 4501 3877 4569; x_wconf 79' lang='lat' dir='ltr'>necessariis</span> 
     </span>
    </p>
   </div>
   <div class='ocr_carea' id='block_1_97' title="bbox 2171 4565 3876 4644">
    <p class='ocr_par' dir='ltr' id='par_1_97' title="bbox 2171 4565 3876 4644">
     <span class='ocr_line' id='line_1_99' title="bbox 2171 4565 3876 4644; baseline -0.005 -17"><span class='ocrx_word' id='word_1_679' title='bbox 2171 4615 2174 4618; x_wconf 40' lang='grc' dir='ltr'><strong><em>λ</em></strong></span> <span class='ocrx_word' id='word_1_680' title='bbox 2241 4572 2616 4644; x_wconf 83' lang='lat' dir='ltr'>providendis</span> <span class='ocrx_word' id='word_1_681' title='bbox 2643 4577 2984 4644; x_wconf 74' lang='lat' dir='ltr'>numeraret</span> <span class='ocrx_word' id='word_1_682' title='bbox 3025 4565 3326 4644; x_wconf 69' lang='lat' dir='ltr'>pecunias.</span> <span class='ocrx_word' id='word_1_683' title='bbox 3375 4575 3458 4644; x_wconf 23' lang='lat' dir='ltr'>‘At</span> <span class='ocrx_word' id='word_1_684' title='bbox 3489 4569 3626 4639; x_wconf 90' lang='lat' dir='ltr'>quia</span> <span class='ocrx_word' id='word_1_685' title='bbox 3678 4565 3876 4644; x_wconf 71' lang='lat' dir='ltr'>Codini</span> 
     </span>
    </p>
   </div>
   <div class='ocr_carea' id='block_1_98' title="bbox 2243 4639 3874 4716">
    <p class='ocr_par' dir='ltr' id='par_1_98' title="bbox 2243 4639 3874 4716">
     <span class='ocr_line' id='line_1_100' title="bbox 2243 4639 3874 4716; baseline -0.004 -20"><span class='ocrx_word' id='word_1_686' title='bbox 2243 4639 2785 4716; x_wconf 28' lang='lat' dir='ltr'>tempore,quo‘ne_c</span> <span class='ocrx_word' id='word_1_687' title='bbox 2809 4642 2964 4697; x_wconf 84' lang='lat' dir='ltr'>bella</span> <span class='ocrx_word' id='word_1_688' title='bbox 2985 4639 3409 4716; x_wconf 78' lang='lat' dir='ltr'>necitineraab</span> <span class='ocrx_word' id='word_1_689' title='bbox 3427 4639 3874 4716; x_wconf 61' lang='lat' dir='ltr'>imperatoribus</span> 
     </span>
    </p>
   </div>
   <div class='ocr_carea' id='block_1_99' title="bbox 2241 4707 3877 4786">
    <p class='ocr_par' dir='ltr' id='par_1_99' title="bbox 2241 4707 3877 4786">
     <span class='ocr_line' id='line_1_101' title="bbox 2241 4707 3877 4786; baseline -0.005 -17"><span class='ocrx_word' id='word_1_690' title='bbox 2241 4707 2618 4786; x_wconf 79' lang='lat' dir='ltr'>suscipienda</span> <span class='ocrx_word' id='word_1_691' title='bbox 2638 4713 2959 4786; x_wconf 84' lang='lat' dir='ltr'>desierant,</span> <span class='ocrx_word' id='word_1_692' title='bbox 2990 4714 3368 4786; x_wconf 81' lang='lat' dir='ltr'>antiquatum</span> <span class='ocrx_word' id='word_1_693' title='bbox 3386 4707 3531 4786; x_wconf 77' lang='lat' dir='ltr'>erat</span> <span class='ocrx_word' id='word_1_694' title='bbox 3545 4711 3644 4786; x_wconf 83' lang='lat' dir='ltr'>huj</span> <span class='ocrx_word' id='word_1_695' title='bbox 3655 4707 3877 4786; x_wconf 62' lang='lat' dir='ltr'>nemodi</span> 
     </span>
    </p>
   </div>
   <div class='ocr_carea' id='block_1_100' title="bbox 2243 4781 3879 4857">
    <p class='ocr_par' dir='ltr' id='par_1_100' title="bbox 2243 4781 3879 4857">
     <span class='ocr_line' id='line_1_102' title="bbox 2243 4781 3879 4857; baseline -0.006 -17"><span class='ocrx_word' id='word_1_696' title='bbox 2243 4781 2553 4857; x_wconf 64' lang='lat' dir='ltr'>logothetaa</span> <span class='ocrx_word' id='word_1_697' title='bbox 2589 4785 3008 4857; x_wconf 88' lang='lat' dir='ltr'>ministerium,</span> <span class='ocrx_word' id='word_1_698' title='bbox 3047 4784 3119 4840; x_wconf 90' lang='lat' dir='ltr'>de</span> <span class='ocrx_word' id='word_1_699' title='bbox 3140 4781 3220 4839; x_wconf 38' lang='lat' dir='ltr'>“eo</span> <span class='ocrx_word' id='word_1_700' title='bbox 3279 4784 3472 4855; x_wconf 88' lang='lat' dir='ltr'>potius</span> <span class='ocrx_word' id='word_1_701' title='bbox 3528 4782 3636 4857; x_wconf 81' lang='lat' dir='ltr'>qui</span> <span class='ocrx_word' id='word_1_702' title='bbox 3676 4781 3879 4851; x_wconf 87' lang='lat' dir='ltr'>Hippo-</span> 
     </span>
    </p>
   </div>
   <div class='ocr_carea' id='block_1_101' title="bbox 2240 4855 3878 4927">
    <p class='ocr_par' dir='ltr' id='par_1_101' title="bbox 2240 4855 3878 4927">
     <span class='ocr_line' id='line_1_103' title="bbox 2240 4855 3878 4927; baseline -0.004 -16"><span class='ocrx_word' id='word_1_703' title='bbox 2240 4855 2453 4924; x_wconf 78' lang='lat' dir='ltr'>dromi,</span> <span class='ocrx_word' id='word_1_704' title='bbox 2482 4862 2539 4912; x_wconf 92' lang='lat' dir='ltr'>et</span> <span class='ocrx_word' id='word_1_705' title='bbox 2559 4862 2624 4911; x_wconf 92' lang='lat' dir='ltr'>ut</span> <span class='ocrx_word' id='word_1_706' title='bbox 2664 4861 2962 4910; x_wconf 88' lang='lat' dir='ltr'>contracte</span> <span class='ocrx_word' id='word_1_707' title='bbox 2995 4855 3410 4927; x_wconf 77' lang='lat' dir='ltr'>loquebantur,</span> <span class='ocrx_word' id='word_1_708' title='bbox 3444 4855 3878 4927; x_wconf 17' lang='lat' dir='ltr'>Dromg&#39;gspecta-</span> 
     </span>
    </p>
   </div>
   <div class='ocr_carea' id='block_1_102' title="bbox 2239 4922 3878 5002">
    <p class='ocr_par' dir='ltr' id='par_1_102' title="bbox 2239 4922 3878 5002">
     <span class='ocr_line' id='line_1_104' title="bbox 2239 4922 3878 5002; baseline -0.005 -19"><span class='ocrx_word' id='word_1_709' title='bbox 2239 4922 2509 4984; x_wconf 86' lang='lat' dir='ltr'>culorum</span> <span class='ocrx_word' id='word_1_710' title='bbox 2531 4931 2768 4982; x_wconf 83' lang='lat' dir='ltr'>rationes</span> <span class='ocrx_word' id='word_1_711' title='bbox 2795 4928 3032 5002; x_wconf 71' lang='lat' dir='ltr'>tenebat.</span> <span class='ocrx_word' id='word_1_712' title='bbox 3054 4922 3272 5002; x_wconf 80' lang='lat' dir='ltr'>quique</span> <span class='ocrx_word' id='word_1_713' title='bbox 3305 4922 3878 5002; x_wconf 66' lang='lat' dir='ltr'>referenteTurnebo</span> 
     </span>
    </p>
   </div>
   <div class='ocr_carea' id='block_1_103' title="bbox 2239 4995 3880 5070">
    <p class='ocr_par' dir='ltr' id='par_1_103' title="bbox 2239 4995 3880 5070">
     <span class='ocr_line' id='line_1_105' title="bbox 2239 4995 3880 5070; baseline -0.005 -15"><span class='ocrx_word' id='word_1_714' title='bbox 2239 5003 2428 5055; x_wconf 83' lang='lat' dir='ltr'>Dromi</span> <span class='ocrx_word' id='word_1_715' title='bbox 2452 5005 2780 5070; x_wconf 81' lang='lat' dir='ltr'>procurator</span> <span class='ocrx_word' id='word_1_716' title='bbox 2811 4999 2871 5053; x_wconf 90' lang='lat' dir='ltr'>in</span> <span class='ocrx_word' id='word_1_717' title='bbox 2899 4995 3158 5070; x_wconf 81' lang='lat' dir='ltr'>antiquis</span> <span class='ocrx_word' id='word_1_718' title='bbox 3180 4995 3192 4998; x_wconf 60' lang='grc'>⁷</span> <span class='ocrx_word' id='word_1_719' title='bbox 3216 4995 3720 5070; x_wconf 89' lang='lat' dir='ltr'>inscriptionibu_s_</span> <span class='ocrx_word' id='word_1_720' title='bbox 3744 4995 3880 5070; x_wconf 78' lang='lat' dir='ltr'>legi-</span> 
     </span>
    </p>
   </div>
   <div class='ocr_carea' id='block_1_104' title="bbox 2241 5065 3876 5142">
    <p class='ocr_par' dir='ltr' id='par_1_104' title="bbox 2241 5065 3876 5142">
     <span class='ocr_line' id='line_1_106' title="bbox 2241 5065 3876 5142; baseline -0.006 -17"><span class='ocrx_word' id='word_1_721' title='bbox 2241 5078 2354 5135; x_wconf 89' lang='lat' dir='ltr'>tur,</span> <span class='ocrx_word' id='word_1_722' title='bbox 2388 5065 2478 5126; x_wconf 81' lang='lat' dir='ltr'>vel</span> <span class='ocrx_word' id='word_1_723' title='bbox 2509 5071 2609 5142; x_wconf 92' lang='lat' dir='ltr'>qui</span> <span class='ocrx_word' id='word_1_724' title='bbox 2656 5087 2862 5125; x_wconf 90' lang='lat' dir='ltr'>cursus</span> <span class='ocrx_word' id='word_1_725' title='bbox 2916 5065 3162 5142; x_wconf 13' lang='lat' dir='ltr'>publici,</span> <span class='ocrx_word' id='word_1_726' title='bbox 3196 5065 3470 5142; x_wconf 75' lang='lat' dir='ltr'>expensis</span> <span class='ocrx_word' id='word_1_727' title='bbox 3523 5065 3876 5142; x_wconf 84' lang='lat' dir='ltr'>providebat,</span> 
     </span>
    </p>
   </div>
   <div class='ocr_carea' id='block_1_105' title="bbox 490 5137 3880 5224">
    <p class='ocr_par' dir='ltr' id='par_1_105' title="bbox 490 5137 3880 5224">
     <span class='ocr_line' id='line_1_107' title="bbox 490 5137 3880 5224; baseline -0.002 -27"><span class='ocrx_word' id='word_1_728' title='bbox 490 5142 692 5224; x_wconf 77' lang='lat' dir='ltr'>palatii</span> <span class='ocrx_word' id='word_1_729' title='bbox 715 5137 1023 5224; x_wconf 37' lang='lat' dir='ltr'>iri—munus</span> <span class='ocrx_word' id='word_1_730' title='bbox 1055 5145 1199 5224; x_wconf 45' lang='lat' dir='ltr'>jam.</span> <span class='ocrx_word' id='word_1_731' title='bbox 1223 5149 1370 5224; x_wconf 77' lang='lat' dir='ltr'>tum,</span> <span class='ocrx_word' id='word_1_732' title='bbox 1403 5159 1536 5198; x_wconf 90' lang='lat' dir='ltr'>cum</span> <span class='ocrx_word' id='word_1_733' title='bbox 1572 5142 1670 5224; x_wconf 68' lang='lat' dir='ltr'>ille</span> <span class='ocrx_word' id='word_1_734' title='bbox 1707 5143 2130 5224; x_wconf 41' lang='lat' dir='ltr'>liber‘scriptus</span> <span class='ocrx_word' id='word_1_735' title='bbox 2161 5140 2206 5204; x_wconf 93' lang='lat' dir='ltr'><strong>D</strong></span> <span class='ocrx_word' id='word_1_736' title='bbox 2239 5143 2411 5224; x_wconf 82' lang='lat' dir='ltr'>cujus</span> <span class='ocrx_word' id='word_1_737' title='bbox 2437 5137 2684 5224; x_wconf 63' lang='lat' dir='ltr'>proinde</span> <span class='ocrx_word' id='word_1_738' title='bbox 2719 5137 3316 5224; x_wconf 46' lang='lat' dir='ltr'>officia—ruimminut—o</span> <span class='ocrx_word' id='word_1_739' title='bbox 3348 5137 3749 5224; x_wconf 79' lang='lat' dir='ltr'>undequaque</span> <span class='ocrx_word' id='word_1_740' title='bbox 3784 5137 3880 5224; x_wconf 80' lang='lat' dir='ltr'>im-</span> 
     </span>
    </p>
   </div>
   <div class='ocr_carea' id='block_1_106' title="bbox 487 5213 2125 5286">
    <p class='ocr_par' dir='ltr' id='par_1_106' title="bbox 487 5213 2125 5286">
     <span class='ocr_line' id='line_1_108' title="bbox 487 5213 2125 5286; baseline 0.001 -20"><span class='ocrx_word' id='word_1_741' title='bbox 487 5213 616 5278; x_wconf 75' lang='lat' dir='ltr'>f‘uit,</span> <span class='ocrx_word' id='word_1_742' title='bbox 651 5217 913 5286; x_wconf 89' lang='lat' dir='ltr'>ignotum</span> <span class='ocrx_word' id='word_1_743' title='bbox 942 5213 1146 5271; x_wconf 80' lang='lat' dir='ltr'>fuisSe.</span> <span class='ocrx_word' id='word_1_744' title='bbox 1182 5213 1421 5268; x_wconf 86' lang='lat' dir='ltr'>Interim</span> <span class='ocrx_word' id='word_1_745' title='bbox 1469 5231 1587 5269; x_wconf 91' lang='lat' dir='ltr'>non</span> <span class='ocrx_word' id='word_1_746' title='bbox 1617 5213 2011 5270; x_wconf 80' lang='lat' dir='ltr'>dissimulabo</span> <span class='ocrx_word' id='word_1_747' title='bbox 2033 5215 2125 5286; x_wconf 74' lang='lat' dir='ltr'>lli-</span> 
     </span>
    </p>
   </div>
   <div class='ocr_carea' id='block_1_107' title="bbox 486 5285 2126 5358">
    <p class='ocr_par' dir='ltr' id='par_1_107' title="bbox 486 5285 2126 5358">
     <span class='ocr_line' id='line_1_109' title="bbox 486 5285 2126 5358; baseline 0.001 -20"><span class='ocrx_word' id='word_1_748' title='bbox 486 5285 762 5355; x_wconf 77' lang='lat' dir='ltr'>marium,</span> <span class='ocrx_word' id='word_1_749' title='bbox 797 5289 896 5358; x_wconf 90' lang='lat' dir='ltr'>qui</span> <span class='ocrx_word' id='word_1_750' title='bbox 921 5289 1028 5343; x_wconf 93' lang='lat' dir='ltr'>sub</span> <span class='ocrx_word' id='word_1_751' title='bbox 1055 5289 1241 5342; x_wconf 88' lang='lat' dir='ltr'>Leone</span> <span class='ocrx_word' id='word_1_752' title='bbox 1290 5286 1488 5340; x_wconf 84' lang='lat' dir='ltr'>Basilii</span> <span class='ocrx_word' id='word_1_753' title='bbox 1512 5287 1570 5340; x_wconf 86' lang='lat' dir='ltr'>F.</span> <span class='ocrx_word' id='word_1_754' title='bbox 1607 5288 1800 5358; x_wconf 78' lang='lat' dir='ltr'>(quem</span> <span class='ocrx_word' id='word_1_755' title='bbox 1846 5293 1904 5342; x_wconf 91' lang='lat' dir='ltr'>et</span> <span class='ocrx_word' id='word_1_756' title='bbox 1927 5285 2126 5358; x_wconf 78' lang='lat' dir='ltr'>philo-</span> 
     </span>
    </p>
   </div>
   <div class='ocr_carea' id='block_1_108' title="bbox 486 5357 2127 5429">
    <p class='ocr_par' dir='ltr' id='par_1_108' title="bbox 486 5357 2127 5429">
     <span class='ocr_line' id='line_1_110' title="bbox 486 5357 2127 5429; baseline 0.004 -22"><span class='ocrx_word' id='word_1_757' title='bbox 486 5357 735 5429; x_wconf 89' lang='lat' dir='ltr'>sophum</span> <span class='ocrx_word' id='word_1_758' title='bbox 769 5357 1103 5428; x_wconf 85' lang='lat' dir='ltr'>nominant)</span> <span class='ocrx_word' id='word_1_759' title='bbox 1137 5373 1258 5411; x_wconf 90' lang='lat' dir='ltr'>rem</span> <span class='ocrx_word' id='word_1_760' title='bbox 1293 5365 1498 5412; x_wconf 86' lang='lat' dir='ltr'>contra</span> <span class='ocrx_word' id='word_1_761' title='bbox 1527 5361 1824 5428; x_wconf 80' lang='lat' dir='ltr'>Agareuos</span> <span class='ocrx_word' id='word_1_762' title='bbox 1849 5357 2127 5429; x_wconf 68' lang='lat' dir='ltr'>praeclare</span> 
     </span>
    </p>
   </div>
   <div class='ocr_carea' id='block_1_109' title="bbox 485 5428 2124 5499">
    <p class='ocr_par' dir='ltr' id='par_1_109' title="bbox 485 5428 2124 5499">
     <span class='ocr_line' id='line_1_111' title="bbox 485 5428 2124 5499; baseline 0.004 -23"><span class='ocrx_word' id='word_1_763' title='bbox 485 5428 684 5499; x_wconf 79' lang='lat' dir='ltr'>gessit,</span> <span class='ocrx_word' id='word_1_764' title='bbox 720 5445 753 5482; x_wconf 90' lang='lat' dir='ltr'>a</span> <span class='ocrx_word' id='word_1_765' title='bbox 811 5434 1018 5486; x_wconf 83' lang='lat' dir='ltr'>Nostro</span> <span class='ocrx_word' id='word_1_766' title='bbox 1077 5430 1549 5499; x_wconf 87' lang='lat' dir='ltr'>protoasecretis,</span> <span class='ocrx_word' id='word_1_767' title='bbox 1594 5446 1628 5485; x_wconf 90' lang='lat' dir='ltr'>a</span> <span class='ocrx_word' id='word_1_768' title='bbox 1683 5428 1905 5485; x_wconf 86' lang='lat' dir='ltr'>Zonara</span> <span class='ocrx_word' id='word_1_769' title='bbox 1935 5429 2124 5484; x_wconf 90' lang='lat' dir='ltr'>dromi</span> 
     </span>
    </p>
   </div>
   <div class='ocr_carea' id='block_1_110' title="bbox 487 5495 2126 5571">
    <p class='ocr_par' dir='ltr' id='par_1_110' title="bbox 487 5495 2126 5571">
     <span class='ocr_line' id='line_1_112' title="bbox 487 5495 2126 5571; baseline 0.006 -26"><span class='ocrx_word' id='word_1_770' title='bbox 487 5495 842 5571; x_wconf 73' lang='lat' dir='ltr'>logothetam</span> <span class='ocrx_word' id='word_1_771' title='bbox 875 5495 1419 5571; x_wconf 82' lang='lat' dir='ltr'>dici.Dissenserint</span> <span class='ocrx_word' id='word_1_772' title='bbox 1450 5517 1522 5554; x_wconf 89' lang='lat' dir='ltr'>ne</span> <span class='ocrx_word' id='word_1_773' title='bbox 1555 5501 1983 5571; x_wconf 86' lang='lat' dir='ltr'>scriptores,an</span> <span class='ocrx_word' id='word_1_774' title='bbox 2008 5501 2126 5555; x_wconf 91' lang='lat' dir='ltr'>duo</span> 
     </span>
    </p>
   </div>
   <div class='ocr_carea' id='block_1_111' title="bbox 487 5563 2122 5639">
    <p class='ocr_par' dir='ltr' id='par_1_111' title="bbox 487 5563 2122 5639">
     <span class='ocr_line' id='line_1_113' title="bbox 487 5563 2122 5639; baseline 0.005 -23"><span class='ocrx_word' id='word_1_775' title='bbox 487 5563 613 5618; x_wconf 70' lang='lat' dir='ltr'>hare</span> <span class='ocrx_word' id='word_1_776' title='bbox 638 5571 881 5624; x_wconf 89' lang='lat' dir='ltr'>nomina</span> <span class='ocrx_word' id='word_1_777' title='bbox 915 5573 1070 5626; x_wconf 91' lang='lat' dir='ltr'>idem</span> <span class='ocrx_word' id='word_1_778' title='bbox 1108 5570 1366 5625; x_wconf 82' lang='lat' dir='ltr'>officium</span> <span class='ocrx_word' id='word_1_779' title='bbox 1403 5577 1629 5639; x_wconf 82' lang='lat' dir='ltr'>notent,</span> <span class='ocrx_word' id='word_1_780' title='bbox 1664 5563 1780 5626; x_wconf 80' lang='lat' dir='ltr'>non</span> <span class='ocrx_word' id='word_1_781' title='bbox 1809 5563 1898 5626; x_wconf 78' lang='lat' dir='ltr'>est</span> <span class='ocrx_word' id='word_1_782' title='bbox 1928 5588 2122 5625; x_wconf 85' lang='lat' dir='ltr'>meum</span> 
     </span>
    </p>
   </div>
   <div class='ocr_carea' id='block_1_112' title="bbox 490 5639 2127 5705">
    <p class='ocr_par' dir='ltr' id='par_1_112' title="bbox 490 5639 2127 5705">
     <span class='ocr_line' id='line_1_114' title="bbox 490 5639 2127 5705; baseline 0.005 -17"><span class='ocrx_word' id='word_1_783' title='bbox 490 5639 1068 5705; x_wconf 85' lang='lat' dir='ltr'>pronuntiare.Certe</span> <span class='ocrx_word' id='word_1_784' title='bbox 1090 5645 1340 5695; x_wconf 87' lang='lat' dir='ltr'>Zonaras</span> <span class='ocrx_word' id='word_1_785' title='bbox 1361 5643 1518 5696; x_wconf 89' lang='lat' dir='ltr'>hunc</span> <span class='ocrx_word' id='word_1_786' title='bbox 1541 5643 1939 5697; x_wconf 90' lang='lat' dir='ltr'>Theoctistum</span> <span class='ocrx_word' id='word_1_787' title='bbox 1961 5643 2127 5697; x_wconf 89' lang='lat' dir='ltr'>cani-</span> 
     </span>
    </p>
   </div>
   <div class='ocr_carea' id='block_1_113' title="bbox 489 5705 2124 5784">
    <p class='ocr_par' dir='ltr' id='par_1_113' title="bbox 489 5705 2124 5784">
     <span class='ocr_line' id='line_1_115' title="bbox 489 5705 2124 5784; baseline 0.006 -26"><span class='ocrx_word' id='word_1_788' title='bbox 489 5705 586 5759; x_wconf 84' lang='lat' dir='ltr'>clii</span> <span class='ocrx_word' id='word_1_789' title='bbox 612 5708 955 5776; x_wconf 81' lang='lat' dir='ltr'>praefectum</span> <span class='ocrx_word' id='word_1_790' title='bbox 981 5710 1091 5782; x_wconf 84' lang='grc' dir='ltr'>(τὸν</span> <span class='ocrx_word' id='word_1_791' title='bbox 1125 5709 1213 5763; x_wconf 78' lang='grc' dir='ltr'>ἐπὶ</span> <span class='ocrx_word' id='word_1_792' title='bbox 1235 5713 1330 5764; x_wconf 77' lang='grc' dir='ltr'>τοῦ</span> <span class='ocrx_word' id='word_1_793' title='bbox 1355 5709 1694 5784; x_wconf 81' lang='grc' dir='ltr'>κανικλείου)</span> <span class='ocrx_word' id='word_1_794' title='bbox 1710 5715 1974 5779; x_wconf 88' lang='lat' dir='ltr'>vocat,in</span> <span class='ocrx_word' id='word_1_795' title='bbox 2007 5713 2124 5768; x_wconf 86' lang='lat' dir='ltr'>fine</span> 
     </span>
    </p>
   </div>
   <div class='ocr_carea' id='block_1_114' title="bbox 2239 5212 3876 5284">
    <p class='ocr_par' dir='ltr' id='par_1_114' title="bbox 2239 5212 3876 5284">
     <span class='ocr_line' id='line_1_116' title="bbox 2239 5212 3876 5284; baseline -0.005 -16"><span class='ocrx_word' id='word_1_796' title='bbox 2239 5212 2401 5284; x_wconf 81' lang='lat' dir='ltr'>perio</span> <span class='ocrx_word' id='word_1_797' title='bbox 2433 5212 2656 5269; x_wconf 75' lang='lat' dir='ltr'>nullius</span> <span class='ocrx_word' id='word_1_798' title='bbox 2688 5219 2813 5267; x_wconf 91' lang='lat' dir='ltr'>erat</span> <span class='ocrx_word' id='word_1_799' title='bbox 2841 5213 3137 5278; x_wconf 81' lang='lat' dir='ltr'>utilitatis,</span> <span class='ocrx_word' id='word_1_800' title='bbox 3170 5229 3346 5283; x_wconf 89' lang='lat' dir='ltr'>quam</span> <span class='ocrx_word' id='word_1_801' title='bbox 3400 5212 3471 5266; x_wconf 88' lang='lat' dir='ltr'>de</span> <span class='ocrx_word' id='word_1_802' title='bbox 3531 5222 3876 5282; x_wconf 87' lang='lat' dir='ltr'>quocunque</span> 
     </span>
    </p>
   </div>
   <div class='ocr_carea' id='block_1_115' title="bbox 2237 5285 3834 5359">
    <p class='ocr_par' dir='ltr' id='par_1_115' title="bbox 2237 5285 3834 5359">
     <span class='ocr_line' id='line_1_117' title="bbox 2237 5285 3834 5359; baseline -0.004 -19"><span class='ocrx_word' id='word_1_803' title='bbox 2237 5285 2353 5359; x_wconf 90' lang='lat' dir='ltr'>alio</span> <span class='ocrx_word' id='word_1_804' title='bbox 2387 5285 2806 5359; x_wconf 75' lang='lat' dir='ltr'>intelligendus</span> <span class='ocrx_word' id='word_1_805' title='bbox 2830 5285 3186 5359; x_wconf 78' lang='lat' dir='ltr'>censebitur.</span> <span class='ocrx_word' id='word_1_806' title='bbox 3214 5285 3386 5359; x_wconf 68' lang='lat' dir='ltr'>GOAB.</span> <span class='ocrx_word' id='word_1_807' title='bbox 3433 5355 3455 5359; x_wconf 96' lang='lat'><strong>_</strong></span> <span class='ocrx_word' id='word_1_808' title='bbox 3567 5353 3582 5359; x_wconf 86' lang='lat'><em>_</em></span> <span class='ocrx_word' id='word_1_809' title='bbox 3649 5351 3664 5359; x_wconf 86' lang='lat'><strong><em>_</em></strong></span> <span class='ocrx_word' id='word_1_810' title='bbox 3765 5355 3773 5359; x_wconf 86' lang='lat'>_</span> <span class='ocrx_word' id='word_1_811' title='bbox 3825 5349 3834 5359; x_wconf 84' lang='lat'>_</span> 
     </span>
    </p>
   </div>
   <div class='ocr_carea' id='block_1_116' title="bbox 2309 5351 3878 5428">
    <p class='ocr_par' dir='ltr' id='par_1_116' title="bbox 2309 5351 3878 5428">
     <span class='ocr_line' id='line_1_118' title="bbox 2309 5351 3878 5428; baseline -0.007 -16"><span class='ocrx_word' id='word_1_812' title='bbox 2309 5358 2386 5426; x_wconf 87' lang='lat'>(8)</span> <span class='ocrx_word' id='word_1_813' title='bbox 2436 5351 2892 5428; x_wconf 59' lang='grc' dir='ltr'>’Υποὶοριστικῶς</span> <span class='ocrx_word' id='word_1_814' title='bbox 2939 5355 3386 5428; x_wconf 13' lang='grc' dir='ltr'>γνὶοϐγγἸωάννου.</span> <span class='ocrx_word' id='word_1_815' title='bbox 3433 5355 3520 5428; x_wconf 89' lang='lat' dir='ltr'>Ita</span> <span class='ocrx_word' id='word_1_816' title='bbox 3567 5351 3780 5428; x_wconf 88' lang='lat' dir='ltr'>ludunt</span> <span class='ocrx_word' id='word_1_817' title='bbox 3823 5351 3878 5402; x_wconf 89' lang='lat' dir='ltr'>in</span> 
     </span>
    </p>
   </div>
   <div class='ocr_carea' id='block_1_117' title="bbox 2238 5426 3876 5488">
    <p class='ocr_par' dir='ltr' id='par_1_117' title="bbox 2238 5426 3876 5488">
     <span class='ocr_line' id='line_1_119' title="bbox 2238 5426 3876 5488; baseline -0.006 -6"><span class='ocrx_word' id='word_1_818' title='bbox 2238 5428 2584 5482; x_wconf 81' lang='lat' dir='ltr'>nominibus</span> <span class='ocrx_word' id='word_1_819' title='bbox 2614 5426 2942 5482; x_wconf 84' lang='lat' dir='ltr'>etiamnum</span> <span class='ocrx_word' id='word_1_820' title='bbox 2966 5427 3138 5482; x_wconf 90' lang='lat' dir='ltr'>hodie</span> <span class='ocrx_word' id='word_1_821' title='bbox 3153 5426 3641 5488; x_wconf 70' lang='lat' dir='ltr'>Graeci,utMari;e</span> <span class='ocrx_word' id='word_1_822' title='bbox 3665 5435 3876 5477; x_wconf 88' lang='lat' dir='ltr'>nomen</span> 
     </span>
    </p>
   </div>
   <div class='ocr_carea' id='block_1_118' title="bbox 2236 5489 3871 5566">
    <p class='ocr_par' dir='ltr' id='par_1_118' title="bbox 2236 5489 3871 5566">
     <span class='ocr_line' id='line_1_120' title="bbox 2236 5489 3871 5566; baseline -0.006 -13"><span class='ocrx_word' id='word_1_823' title='bbox 2236 5517 2444 5554; x_wconf 89' lang='lat' dir='ltr'>novem</span> <span class='ocrx_word' id='word_1_824' title='bbox 2479 5499 2666 5553; x_wconf 89' lang='lat' dir='ltr'>modis</span> <span class='ocrx_word' id='word_1_825' title='bbox 2699 5499 2989 5554; x_wconf 71' lang='lat' dir='ltr'>efferant:</span> <span class='ocrx_word' id='word_1_826' title='bbox 3051 5497 3254 5566; x_wconf 80' lang='grc' dir='ltr'>Μαρία,</span> <span class='ocrx_word' id='word_1_827' title='bbox 3317 5498 3532 5566; x_wconf 80' lang='grc' dir='ltr'>Μαροῦ,</span> <span class='ocrx_word' id='word_1_828' title='bbox 3593 5489 3871 5566; x_wconf 78' lang='grc' dir='ltr'>Μαροῦλα,</span> 
     </span>
    </p>
   </div>
   <div class='ocr_carea' id='block_1_119' title="bbox 2234 5566 3871 5643">
    <p class='ocr_par' dir='ltr' id='par_1_119' title="bbox 2234 5566 3871 5643">
     <span class='ocr_line' id='line_1_121' title="bbox 2234 5566 3871 5643; baseline -0.006 -19"><span class='ocrx_word' id='word_1_829' title='bbox 2234 5566 2549 5643; x_wconf 36' lang='lat' dir='ltr'>Maeonio;</span> <span class='ocrx_word' id='word_1_830' title='bbox 2584 5570 2880 5640; x_wconf 64' lang='grc' dir='ltr'>Ἁ1αριετοῦ,</span> <span class='ocrx_word' id='word_1_831' title='bbox 2922 5567 3289 5643; x_wconf 75' lang='grc' dir='ltr'>Μαριετοῦλα.</span> <span class='ocrx_word' id='word_1_832' title='bbox 3343 5566 3677 5640; x_wconf 80' lang='grc' dir='ltr'>Ματερνέτα,</span> <span class='ocrx_word' id='word_1_833' title='bbox 3737 5571 3871 5616; x_wconf 83' lang='grc' dir='ltr'>Λου-</span> 
     </span>
    </p>
   </div>
   <div class='ocr_carea' id='block_1_120' title="bbox 2235 5638 2809 5714">
    <p class='ocr_par' dir='ltr' id='par_1_120' title="bbox 2235 5638 2809 5714">
     <span class='ocr_line' id='line_1_122' title="bbox 2235 5638 2809 5714; baseline 0.002 -18"><span class='ocrx_word' id='word_1_834' title='bbox 2235 5640 2361 5714; x_wconf 79' lang='grc' dir='ltr'>λοῦ,</span> <span class='ocrx_word' id='word_1_835' title='bbox 2394 5638 2597 5695; x_wconf 79' lang='grc' dir='ltr'>Λοῦλα.</span> <span class='ocrx_word' id='word_1_836' title='bbox 2633 5638 2809 5698; x_wconf 74' lang='lat' dir='ltr'>GOAR.</span> 
     </span>
    </p>
   </div>
  </div>
