4130 6218
247 370 404 432 1013

1404 375 1684 436 HISTOR
1697 370 1951 433 IARUM
1998 370 2553 440 COMPENDIUM.

3506 387 3662 446 1014

247 512 463 580 σχῆμα⁹
499 503 530 560 ὅ
555 505 646 560 καί
679 506 866 582 γέγονε
901 507 1037 581 μετᾶ
1083 505 1272 575 ταῦτα,
1323 512 1420 564 τοῦ
1470 505 1760 566 Βασιλείου
1805 505 1892 573 τὴκ

2020 505 2372 579 imperante,
2404 515 2593 586 capite
2640 519 2728 571 est
2773 522 3100 583 truncatus,
3134 534 3268 572 cum
3313 518 3663 577 delectionis

246 594 430 674 ἀρχὴν
493 591 846 658 δειθύνοντος.
905 601 1140 668 Προεῖπε
1197 595 1255 652 δὲ
1333 598 1422 652 καὶ
1509 595 1768 672 Γεωργίῳ
1822 596 1902 664 τῷ

2013 603 2169 651 esset
2199 609 2530 658 accusatus.

257 688 634 759 στρατιωτικῷ
669 685 755 738 τὸν
805 683 1177 762 κατειληφότα
1220 687 1381 742 αὐτὸν
1429 687 1654 741 Θάνατον
1705 682 1758 738 ἐν
1814 685 1882 754 τῇ
1938 679 2198 760 σφενδόνῃ
2261 693 2342 761 (9)
2393 695 2490 744 τοῦ
2548 690 2944 768 ἱπποδρομίουι
2988 694 3158 748 ἐκεῖσε
3213 696 3316 769 γὰρ
3380 695 3663 768 μετέπειτα

246 779 344 830 τοῦ
377 774 666 830 Βασιλείου
699 773 1107 850 βασιλεύοντος,
1139 777 1466 840 ἀποστασίας
1500 777 1807 853 ἐγκλήματι
1842 773 2144 846 περιπεσὼν
2177 775 2490 851 ἀπετμήθη.

323 861 464 934 Ἤδη
503 862 559 918 δὲ
588 868 685 919 τοῦ
725 865 860 940 ἦρος
916 863 1323 939 διαλάμποντος
1383 865 1434 921 οἳ
1492 888 1549 922 τε
1606 863 1896 940 Ἀγαρηνοῖ

249 955 336 1009 καὶ
373 953 636 1031 Θεόφιλος
669 957 784 1009 κατ’
811 954 1078 1026 ἀλλήλων
1110 956 1455 1032 ἐξώρμησαν,
1503 954 1789 1025 ἀλλήλους
1841 951 1898 1006 δὲ

249 1044 573 1112 πτοηθέντες
636 1042 970 1118 ὑπέστρεψαν
1060 1044 1347 1120 ἄπρακτοι.
1417 1043 1781 1118 Ὑποστρέψας
1842 1039 1898 1096 δὲ

246 1137 276 1190 6
307 1135 574 1212 Θεόφιλος
607 1131 892 1211 πρεσϐείαν
923 1133 1137 1206 ἐδέξατο
1171 1141 1268 1192 τοῦ
1317 1138 1565 1213 Χαγάνου
1601 1133 1895 1209 Χαζαρίας,

243 1223 620 1296 ἐξαιτουμένου
687 1227 965 1294 κτισθῆναι
1023 1225 1084 1279 τὸ
1180 1225 1410 1300 Μάρκελ
1491 1225 1895 1298 ὀνομαζόμενον

245 1312 523 1388 φρούριονσ
579 1313 747 1367 τοῦτο
806 1313 910 1388 γὰρ
967 1309 1143 1368 ἐδόκει
1202 1307 1376 1388 ἔρυμα
1449 1314 1708 1388 καρτερὸν
1766 1312 1895 1366 εἶναι

244 1411 344 1472 τῆς
377 1407 484 1458 τῶν
540 1407 890 1471 Πατζινακῶν
951 1399 1170 1481 ἐφόδου,
1223 1400 1462 1478 διεῖργον
1517 1403 1713 1466 αὐτοὺς
1757 1401 1894 1477 πρὸς

243 1492 312 1547 τὰ
345 1489 612 1567 μέρητοῦ
660 1489 922 1554 Τανάϊδος
983 1497 1254 1566 ποταμοῦ.
1314 1493 1392 1549 υῦ
1457 1493 1767 1554 ὑπακούσας
1824 1493 1893 1564 τῇ

245 1582 456 1652 αἰτήσει
497 1581 525 1635 ὀ
569 1579 823 1656 βασιλεὺς
874 1579 1217 1651 ἐξαπέστειλέ
1263 1603 1382 1637 τινα
1430 1587 1740 1655 Πετρωνᾶν,
1796 1580 1886 1634 καὶ

244 1673 345 1741 τήν
387 1674 594 1726 τούτων
649 1669 862 1740 αἶ’τησιν
924 1672 1000 1733 εἷς
1041 1671 1206 1741 πέρας
1263 1673 1486 1748 ἤγαγεν.
1546 1672 1718 1734 Οὗτος
1769 1672 1895 1726 ὑπο-

247 1762 478 1834 στρέψας
507 1761 733 1835 γνώμην
764 1757 1013 1814 ἐδεδώκει
1045 1766 1125 1833 τῷ
1172 1759 1388 1835 βασιλεῖ
1439 1761 1513 1824 ὠς
1559 1760 1658 1816 οὐκ
1705 1759 1891 1821 ἂλλως

247 1847 391 1923 ἄρξει
422 1856 522 1918 τῆς
556 1851 831 1923 Χερσῶνος
877 1846 1111 1924 βεϐαίως
1153 1849 1189 1919 ἤ
1245 1852 1546 1926 στρατηγὸν
1600 1869 1892 1925 προχειρι-

2084 869 2225 923 Vere
2259 869 2522 941 ineunte,
2556 876 2803 947 Agareni
2839 882 2895 929 et
2937 877 3293 948 Theophilus
3319 879 3390 932 ad
3433 879 3654 935 bellum

2008 956 2167 1012 inter
2198 975 2257 1014 se
2289 963 2615 1032 gerendum
2643 966 2795 1020 facta
2827 967 3201 1037 expeditione
3235 969 3386 1022 alter
3414 968 3660 1025 alterius

2007 1053 2172 1101 metu
2203 1048 2467 1115 domum,
2503 1053 2669 1108 nulla
2700 1072 2760 1108 re
2793 1063 2976 1126 gesta,
3009 1056 3334 1111 redierunt.
3370 1060 3659 1113 Reversus

2007 1135 2366 1208 Theophilus
2399 1140 2620 1212 legatos
2655 1160 2686 1197 a
2710 1143 2978 1215 Chagano
3011 1146 3300 1200 Chazariae
3333 1147 3534 1216 regulo
3569 1165 3659 1202 ac-

2007 1223 2184 1292 cepit,
2217 1231 2455 1295 petente
2487 1229 2643 1283 930
2676 1236 2740 1284 ut
2785 1231 3090 1284 castellum
3124 1232 3216 1285 cui
3258 1249 3474 1287 nomen
3507 1235 3655 1286 Mar-

2007 1313 2095 1368 cel
2147 1315 2547 1372 conderetur:
2589 1335 2658 1374 ea
2711 1319 2869 1374 enim
2929 1320 3235 1376 videbatur
3284 1322 3478 1376 valida
3527 1322 3654 1377 fore

2007 1404 2258 1458 munitio
2281 1405 2353 1460 ad
2377 1407 2815 1463 Patzinacarum
2839 1410 3213 1465 incursiones
3230 1410 3650 1481 prohibendas,

2006 1511 2152 1564 quos
2182 1513 2384 1550 versus
2435 1498 2656 1553 Tanain
2704 1498 2945 1554 fluvium
2995 1506 3242 1556 arceret.
3278 1501 3497 1555 Horum
3547 1518 3654 1572 po-

2005 1583 2240 1637 stulatis
2270 1587 2653 1655 acquiescens
2685 1589 3047 1659 Theophilus
3094 1591 3408 1644 Petronam
3441 1606 3652 1660 quem-

2003 1670 2138 1725 dam
2171 1673 2352 1740 misit,
2378 1681 2435 1728 et
2466 1676 2622 1746 quod
2641 1677 2734 1730 isti
2759 1678 3051 1747 petierant
3071 1678 3342 1733 confecit.
3367 1680 3651 1733 Petronas

2001 1777 2269 1816 reversus
2321 1763 2740 1835 imperatorem
2811 1768 3043 1821 monuit
3094 1783 3214 1821 non
3283 1784 3454 1838 posse
3513 1783 3647 1822 eum

2001 1851 2360 1908 Chersonem
2395 1859 2519 1908 tuto
2550 1855 2609 1909 in
2643 1873 2748 1910 sua
2787 1862 3074 1927 potestate
3118 1858 3397 1922 retinere,
3431 1856 3543 1910 nisi
3577 1873 3645 1910 eo

247 1938 476 2009 ζόμενος
510 1936 670 1992 ἴδιον*
735 1938 897 2013 μέχρι
954 1939 1058 2014 γὰρ
1117 1938 1320 1995 ἐκείνου
1377 1944 1473 1994 τοῦ
1533 1941 1733 2015 χρόνου
1792 1939 1884 1993 οὑ⁴

2005 1941 2359 2011 peculiarem
2411 1944 2608 1999 mittat
2655 1946 3019 2015 praefectum.
3051 1948 3196 2000 Nam
3246 1946 3318 2000 ad
3349 1945 3406 2000 id
3456 1963 3644 2015 usque

245 2025 356 2089 δεῖς
385 2032 492 2082 τῶν
552 2026 832 2100 ἡμετέρων
893 2025 1061 2102 ἄρξων
1122 2027 1335 2083 ἐκείνων
1395 2027 1703 2095 ἐστέλλετο,
1759 2027 1886 2083 ἁλλ’

241 2116 512 2192 ἐγχώριός
544 2137 628 2178 τις
660 2115 953 2190 πρωτεύων
986 2119 1085 2185 τήν
1113 2117 1486 2194 προσηγορίαν
1533 2119 1597 2172 τὰ
1635 2124 1734 2186 τῆς
1786 2116 1887 2172 πόα

243 2205 382 2266 λεως
412 2206 480 2274 ἦν
513 2203 753 2260 διοικῶν.
793 2202 1227 2278 Προσδεξάμενος
1263 2206 1354 2260 οὗν
1382 2208 1480 2275 τήν
1521 2208 1689 2262 αὐτοῦ
1749 2227 1885 2277 συμο

241 2291 449 2364 ϐουλὴν
484 2295 512 2349 6
547 2293 800 2369 βασιλεὺς
831 2294 930 2349 οὑκ
961 2293 1128 2349 ἄλλον
1163 2294 1290 2350 ἀλλ’
1343 2296 1544 2350 ἐκεῖνον
1597 2295 1754 2350 αὑτὸν
1805 2295 1887 2364 ἐξ-

240 2382 523 2440 απέστειλε
555 2384 858 2459 στρατηγὸν
887 2392 988 2452 τῆς
1021 2385 1235 2463 χώρας,
1278 2382 1616 2460 διατάγματα
1667 2383 1886 2456 πέμψας

238 2479 320 2546 τῷ
345 2475 465 2528 τότε
504 2472 838 2546 πρωτεύοντι
872 2474 962 2527 καὶ
994 2479 1107 2530 τοῖς
1149 2472 1341 2536 ἃλλοις
1379 2472 1675 2548 αὑτόχθασι
1730 2469 1889 2526 δυνα-

240 2569 358 2626 τοῖς
390 2561 623 2616 ὑπείκειν
658 2561 802 2633 αὐτῷ
850 2559 1256 2623 άνενδοιάστως.
1304 2565 1533 2618 ’Έκτοτε
1581 2560 1672 2616 οὖν
1727 2560 1888 2637 ἐκρά-

237 2673 371 2723 τησε
401 2650 743 2727 στρατηγοὺς
778 2650 852 2711 εἷς
885 2652 1136 2725 Χερσῶνα
1166 2649 1491 2724 πέμπεσθαι.

311 2747 399 2814 Τιῖ)
433 2738 480 2794 δ’
511 2739 712 2794 ἐπιόντι
745 2738 976 2812 ἐνιαυτῷ
1007 2747 1106 2808 τῆς
1145 2739 1367 2813 ἐαὲινῆς
1400 2739 1695 2810 ἐπιστάσης
1743 2737 1889 2814 ὥρας

244 2829 404 2902 ἔξεισι
444 2831 580 2885 κατὰ
606 2835 714 2885 τῶν
785 2832 1098 2905 Ἀγαρηνῶν
1159 2831 1186 2885 6
1219 2828 1481 2906 Θεόφιλος
1539 2831 1671 2904 μετᾶ
1728 2827 1889 2884 δυνά-

251 2943 394 2996 μεως
426 2921 514 2976 καὶ
547 2920 736 2996 χειρὸς
765 2919 1009 2990 πολλῆς.
1051 2921 1270 2996 ΙΙρόεισι
1303 2918 1360 2976 δὲ
1401 2919 1734 2995 πορρωτέρω
1785 2927 1885 2988 τῆς

247 3011 475 3087 Συρίας,
507 3011 702 3085 κείρων
731 3011 876 3082 ὑμοῦ
905 3011 1005 3079 τήν
1038 3017 1141 3085 γῆν
1173 3011 1261 3065 καὶ
1296 3014 1514 3085 πορθῶν
1554 3010 1643 3064 καὶ
1693 3014 1797 3063 πᾶν
1825 3009 1887 3063 τὸ

242 3101 553 3178 προστυχὸν
639 3099 987 3172 ληϊζόμενος,
1089 3099 1282 3162 ίΙόλεις
1349 3120 1407 3154 τε
1476 3099 1578 3173 γὰρ
1637 3098 1886 3170 πολέμου

237 3192 396 3263 νόμῳ
424 3189 654 3265 κατέσχε
685 3187 780 3244 δύο
810 3191 898 3244 καὶ
948 3187 1406 3262 ἠνδραποδίσατο,
1455 3191 1543 3244 καὶ
1601 3187 1767 3258 αὒτῆν
1830 3186 1886 3242 δὲ

1999 2031 2280 2100 temporis
2320 2048 2496 2085 nemo
2540 2038 2878 2088 nostrorum
2928 2052 2996 2089 eo
3029 2035 3243 2089 missus
3293 2036 3502 2100 fuerat,
3537 2034 3639 2087 sed

1997 2118 2275 2190 indigena
2304 2121 2520 2191 aliquis
2547 2124 2786 2176 nomine
2819 2123 3082 2194 primarii
3109 2125 3407 2178 civitatem
3433 2124 3642 2195 guber-

1997 2218 2184 2263 narat.
2220 2211 2545 2280 Imperator
2594 2212 2918 2283 approbato
2951 2214 3062 2267 hoc
3111 2213 3360 2268 consilio
3392 2213 3503 2283 ipsi
3538 2215 3644 2266 Pe-

1999 2305 2182 2354 tronaa
2215 2302 2576 2371 provinciam
2617 2303 2768 2358 hanc
2812 2305 3151 2372 committit,
3186 2305 3480 2374 mittitque
3511 2320 3640 2357 eum

1998 2405 2064 2442 eo
2100 2406 2231 2442 cum
2265 2391 2561 2444 mandatis
2591 2391 2663 2445 ad
2691 2391 3038 2461 primarium
3073 2392 3458 2461 reliquosque
3490 2392 3642 2444 indi-

1995 2493 2172 2549 genas
2207 2495 2500 2547 proceres,
2536 2481 2803 2534 Petronae
2827 2497 2926 2533 eos
2957 2480 3112 2534 dicto
3144 2480 3269 2534 sine
3304 2479 3644 2550 tergiversa-

1997 2565 2156 2619 tione
2190 2565 2498 2620 audientes
2531 2583 2657 2620 esse
2682 2567 3052 2637 jubentibus.
3083 2569 3163 2621 Ex
3195 2584 3262 2622 eo
3296 2567 3639 2620 obtinuitut

1993 2654 2254 2726 prmfecti
2285 2655 2646 2710 Chersonam
2669 2656 3001 2711 mittantur.

2068 2743 2380 2814 Sequentis
2407 2745 2548 2798 anni
2579 2761 2712 2798 vere
2743 2750 3078 2816 appetente,
3111 2744 3473 2817 Theophilus
3513 2761 3640 2800 ma-

1995 2834 2124 2906 gnis
2181 2850 2316 2887 cum
2375 2834 2560 2904 copiis
2637 2834 2916 2889 adversus
2989 2837 3288 2906 Agarenos
3345 2835 3642 2906 profectus

1994 2921 2275 2977 vastando
2301 2939 2367 2976 ac
2419 2922 2814 2992 depraedando
2848 2923 3020 2978 obvia
3069 2940 3318 2994 quaeque
3354 2924 3524 2995 longe
3556 2928 3646 2977 est

1994 3010 2056 3064 in
2089 3011 2313 3082 Syriam
2347 3027 2711 3083 progressus,
2735 3011 2964 3066 duabus
2995 3013 3172 3067 etiam
3199 3012 3446 3067 urbibus
3468 3027 3644 3082 expu-

1994 3100 2208 3171 gnatis,
2244 3100 2704 3170 hominibusque
2748 3100 2886 3156 inde
2925 3101 3169 3172 captivis
3202 3101 3491 3156 abductis.
3525 3103 3645 3155 Ex-

1995 3190 2278 3262 pugnavit
2303 3190 2492 3260 ipsam
2516 3206 2752 3260 quoque
2785 3192 3179 3261 Sonpetram,
3219 3206 3646 3244 amermumnae

238 3281 339 3348 τὴν
371 3280 676 3353 λεγομένην
722 3282 803 3353 [Ρ.
863 3281 988 3352 529]
1032 3279 1389 3354 Σωζόπετραν
1441 3276 1884 3352 ἐξεπολιόρκησε,

2005 3279 2276 3350 patriam,
2311 3278 2528 3332 frustra
2549 3278 2652 3331 illo
2677 3295 2781 3349 per
2803 3279 3029 3333 litteras
3051 3279 3305 3333 multum
3333 3279 3646 3349 deprecato

240 3368 476 3443 πατρίδα
529 3370 900 3445 τυγχάνουσαν
987 3373 1083 3422 τοῦ
1168 3370 1557 3444 ἆμερμουμνῆο
1631 3369 1762 3442 ὑπὲρ
1822 3369 1886 3437 ἧς

241 3461 430 3518 πολλὰ
466 3458 765 3531 κατεδεήθη
819 3457 908 3514 διὰ
965 3460 1310 3534 γραμμάτων
1369 3458 1550 3529 οὗτος,
1609 3458 1895 3537 φείσασθαι

246 3549 620 3624 ἐκλιπαρῆσας
650 3557 748 3619 τῆς
780 3550 970 3604 ἑαυτοῦ
1025 3546 1307 3622 πατρίδος,
1360 3548 1402 3603 εἶ
1454 3548 1543 3602 καὶ
1598 3550 1673 3620 μή
1725 3568 1894 3622 προσ-

248 3643 380 3715 έσχε
437 3645 551 3701 τοῖς
599 3638 968 3714 γραφομένοις
1002 3640 1030 3693 6
1061 3637 1338 3713 βασιλεύς.
1395 3641 1493 3691 Καὶ
1540 3641 1706 3691 ταῦτα
1756 3633 1897 3690 διοι-

245 3731 555 3803 κησάμενος
604 3727 840 3784 ἐπάνεισι
882 3728 1020 3803 πρὸς
1068 3729 1166 3795 τήν
1218 3725 1609 3802 βασιλεύουσαν
1643 3727 1672 3780 6
1703 3724 1895 3804 Θεόφι-

247 3817 369 3889 λος,
401 3819 494 3873 τὸν
528 3812 800 3892 Θεόφοϐον
832 3816 1060 3870 κατόπιν
1098 3813 1279 3870 λιπὼν
1323 3813 1406 3891 ἐφ’
1436 3813 1481 3886 ᾦ
1514 3835 1572 3869 τε
1623 3811 1894 3877 διαθέσθαι

241 3908 308 3963 τὰ
336 3911 434 3963 τοῦ
465 3910 696 3982 στρατοῦ
745 3903 930 3965 καλῶς
988 3905 1077 3958 καὶ
1141 3902 1230 3958 διὰ
1281 3904 1489 3978 τάχους
1542 3903 1678 3978 πρὸς
1734 3901 1894 3957 αὑτὸν

247 3993 671 4070 ἐπαναδραμεῖν.
701 3991 856 4050 Ἀλλ’
911 3993 964 4047 οἱ
1019 3993 1216 4067 Πέρσαι
1278 3989 1367 4045 διὰ
1421 3992 1520 4060 τήν
1579 3995 1688 4045 τῶν
1747 3996 1894 4067 σφῶν

245 4084 568 4157 σιτηρεσίων
604 4087 717 4155 (10)
787 4083 1072 4157 ὑστέρησιν
1123 4077 1275 4142 ὄντες
1331 4079 1644 4156 περιαλγεῖς
1694 4079 1746 4134 έν
1803 4086 1895 4134 Σι-

243 4175 401 4248 νώπῃ
437 4175 730 4252 συσχόντες
787 4171 879 4226 τὸν
941 4165 1214 4247 Θεόφοϐον
1273 4168 1498 4244 βασιλέα
1553 4170 1642 4224 καὶ
1699 4168 1896 4224 ἄκοντα

242 4264 600 4338 ἀνεκήρυξαν,
668 4260 856 4318 πολλὰ
924 4260 1260 4336 λιπαροῦντα
1352 4261 1440 4314 καὶ
1522 4260 1894 4331 ποτνιώμενον

244 4353 585 4431 ἀποσχέσθαι
615 4359 715 4422 τῆς
776 4351 1035 4421 τοιαύτης
1096 4351 1296 4424 ὁρμῆς,
1353 4350 1444 4404 καὶ
1501 4347 1898 4404 ἐπαπειλοῦντα

249 4441 397 4498 δεινᾶ
426 4443 703 4497 πείσεσθαι
732 4440 960 4503 τούτους
991 4439 1115 4494 ὅσον
1151 4435 1305 4492 οῧπω
1353 4439 1515 4514 χάριν
1568 4443 1670 4493 τοῦ
1714 4438 1898 4492 τοιού-

243 4553 340 4587 του
367 4531 550 4603 τολμή
565 4551 750 4602 ματος.
785 4531 875 4590 Ὠς
909 4527 955 4584 δ’
987 4528 1050 4584 οὑ
1081 4531 1382 4606 προσεῖχον
1414 4528 1563 4599 αὑτῷ
1611 4525 1738 4582 ἀλλ’
1790 4527 1895 4601 ὅλῃ

240 4621 436 4696 γνώμῃ
502 4619 591 4672 καὶ
645 4617 953 4694 προαιρέσει
1013 4621 1110 4672 τοῦ
1170 4617 1578 4691 ἐγχειρήματος
1650 4613 1894 4689 εἷ’χοντο,

247 4709 424 4782 λάθρα
453 4709 519 4761 τὰ
545 4705 866 4771 τελεσθέντα
905 4703 1267 4782 γνωρίζειτῷ
1317 4703 1554 4780 βασιλεῖ,
1603 4704 1694 4758 καὶ
1743 4703 1895 4778 ἐνόρ-

241 4819 353 4859 κως
411 4795 757 4872 πληροφορεῖ
805 4795 878 4856 ὡς
933 4793 1032 4848 οὐκ
1079 4794 1263 4861 αὐτὸς,
1306 4794 1357 4848 οἱ
1417 4795 1619 4870 Πέρσαι
1676 4790 1732 4848 δὲ
1788 4797 1896 4848 τῶν

247 4886 637 4959 τολμηθέντων
709 4881 901 4938 αἴτιοι.
967 4883 1070 4938 Καὶ
1125 4881 1248 4937 τότε
1347 4883 1440 4954 μὲν
1532 4883 1632 4952 τήν
1698 4881 1899 4936 ἐκείνου

247 4974 564 5051 προαίρεσιν
599 4975 626 5027 6
662 4971 921 5048 βασιλεὺς
961 4967 1309 5045 ἀποδέχεται,
1362 4971 1454 5026 καὶ
1503 4973 1639 5046 πρὸς
1685 4971 1752 5025 τά
1802 4972 1900 5046 βα-

251 5065 432 5122 σίλεια
461 5063 620 5118 αὐτὸν
663 5058 922 5129 εἰσκαλεῖ,
955 5060 1054 5128 τὴν
1099 5059 1365 5135 προτέραν
1415 5059 1711 5135 εὐκληρίαν
1765 5060 1899 5116 ἀπο·

251 5151 458 5222 διδοὺς,
491 5152 816 5229 συγγνώμην
852 5147 908 5206 δὲ
940 5144 1106 5206 ἅπασι
1134 5155 1250 5212 τοῖς
1294 5147 1524 5224 Πέρσαις
1571 5146 1763 5204 δίδωσι
1810 5150 1900 5204 καὶ

248 5247 428 5299 κακῶν
487 5241 812 5316 ἀμνηστίαν.
871 5237 985 5298 Οὐκ
1040 5239 1128 5294 καὶ
1188 5239 1507 5302 πεισθέντας
1591 5244 1710 5300 ταῖς
1765 5238 1899 5294 ὑπο-

2000 3374 2065 3422 ut
2095 3384 2215 3422 suae
2249 3368 2452 3438 patriae
2483 3374 2772 3438 parceret.
2807 3368 2908 3422 His
2938 3369 3118 3440 gestis
3155 3367 3479 3438 imperator
3506 3368 3648 3438 Cpoa

2000 3459 2083 3513 lin
2115 3458 2290 3524 redit,
2341 3458 2550 3512 relicto
2599 3459 2978 3528 Theophobo,
3012 3459 3156 3512 931
3202 3459 3300 3528 qui
3351 3459 3646 3514 exercitus

1999 3547 2178 3601 rebus
2209 3546 2546 3600 constitutis
2574 3563 2750 3616 quam
2803 3547 3060 3616 primum
3097 3552 3154 3600 et
3185 3546 3308 3616 ipse
3347 3562 3413 3598 eo
3445 3563 3649 3600 recur-

1998 3641 2177 3690 reret.
2209 3638 2500 3689 Caeterum
2534 3637 2728 3688 Persae
2755 3635 3127 3705 iniquissime
3151 3637 3408 3690 ferentes
3431 3636 3655 3690 tardius

2001 3724 2111 3779 sibi
2145 3723 2286 3778 solvi
2321 3723 2637 3794 stipendia,
2672 3723 2906 3793 Sinopan
2938 3725 3432 3794 comprehensum
3463 3725 3651 3778 Theo-

1999 3812 2260 3885 phobum
2293 3812 2668 3883 imperatoris
2716 3811 2885 3866 titulo
2935 3811 3225 3879 afﬁciunt,
3259 3812 3648 3866 reluctantem

2003 3921 2142 3960 sane
2175 3903 2497 3973 multisque
2528 3900 2721 3955 verbis
2754 3918 2819 3954 ac
2851 3901 3108 3970 querelis
3146 3917 3247 3955 eos
3279 3901 3349 3954 ab
3379 3901 3648 3955 instituto

2001 3993 2438 4059 dehortantem,
2471 3991 2922 4060 minantemque
2968 4006 3070 4044 eos
3122 3996 3364 4060 propter
3395 3989 3453 4043 id
3495 3990 3650 4044 haud

2001 4083 2190 4138 multo
2251 4088 2384 4153 post
2429 4096 2639 4152 graves
2710 4095 2912 4150 pmnas
2981 4078 3242 4132 daturos.
3298 4077 3463 4142 Quod
3519 4095 3654 4134 cum

2000 4170 2220 4224 frustra
2251 4185 2311 4223 se
2343 4168 2536 4222 facere
2585 4166 2828 4233 videret,
2861 4165 3005 4237 ipsis
3050 4171 3172 4220 toto
3215 4165 3417 4220 animo
3463 4166 3659 4220 omni-

2003 4276 2116 4330 que
2149 4262 2364 4313 conatu
2415 4257 2783 4328 pr0positum
2839 4254 3209 4326 urgentibus,
3251 4255 3480 4310 occulte
3527 4273 3654 4310 rem

2003 4347 2348 4420 imperatori
2382 4345 2695 4418 significat,
2721 4343 3117 4416 jurejurando
3145 4344 3506 4399 confirmans
3537 4362 3656 4400 non

2004 4455 2088 4505 se,
2122 4453 2323 4491 verum
2373 4437 2584 4489 Persas
2632 4433 2913 4488 facinoris
2961 4433 3140 4502 hujus
3189 4437 3461 4488 auctores
3505 4451 3654 4490 esse.

2003 4528 2084 4582 Ac
2114 4532 2238 4579 tum
2263 4523 2503 4594 quidem
2533 4522 2894 4592 TheOphilus
2925 4521 3289 4576 voluntatem
3314 4521 3656 4594 Theophobi

2006 4612 2371 4685 approbavit,
2405 4617 2463 4666 et
2494 4612 2553 4664 in
2585 4610 2781 4665 aulam
2815 4614 3088 4664 revocato
3121 4609 3435 4681 pristinam
3467 4610 3656 4682 digni-

2009 4708 2189 4757 tatem
2221 4700 2498 4755 restituit.
2537 4699 2732 4753 Persis
2766 4715 3002 4770 quoque
3042 4698 3243 4754 delicti
3287 4699 3536 4770 gratiam
3563 4699 3657 4753 fe-

2010 4793 2090 4848 cit
2119 4798 2177 4847 et
2224 4791 2583 4862 injuriarum
2637 4788 2995 4844 oblivionem
3048 4787 3339 4858 promisit.
3382 4787 3488 4851 Qui
3521 4803 3659 4841 cum

2012 4880 2188 4936 fidem
2222 4878 2502 4951 pollicitis
2528 4878 2816 4932 habentes
2847 4877 3065 4946 Sinopa
3096 4875 3488 4941 discederent,
3520 4874 3660 4928 divi-

2010 4969 2151 5025 dere
2183 4986 2282 5024 eos
2318 4968 2544 5034 statuit,
2578 4983 2651 5021 ne
2683 4971 2847 5020 tanta
2876 4963 3194 5018 multitudo
3227 4964 3386 5033 (nam
3427 4979 3662 5018 summa

2012 5075 2214 5116 eorum
2247 5058 2319 5112 ad
2351 5058 2592 5129 triginta
2622 5054 2813 5109 millia
2843 5051 3136 5124 surgebat)
3169 5051 3346 5105 simul
3384 5051 3659 5123 degeret;

2010 5149 2258 5220 utilique
2290 5146 2542 5202 consilio
2565 5144 2703 5199 bina
2735 5142 2793 5196 in
2824 5140 3086 5212 singulas
3116 5139 3450 5211 provincias
3473 5141 3664 5197 millia

2011 5238 2233 5301 divisit,
2267 5235 2368 5306 qui
2402 5233 2510 5289 sub
2563 5246 2764 5286 earum
2815 5228 3109 5300 praefectis
3157 5234 3376 5286 essent.
3406 5230 3539 5285 Haec
3568 5248 3663 5287 res

1455 5381 1818 5438 XYLANDRI
1868 5381 1954 5438 ET
1993 5377 2212 5436 GOABI
2251 5376 2471 5431 NOTAE.

323 5533 402 5600 (9)
441 5527 666 5601 Funda,
699 5520 981 5601 σφενδόνη,
1015 5523 1179 5601 locus
1239 5527 1328 5578 est
1378 5523 1439 5577 in
1495 5523 1903 5601 Cir_co,__cujus

255 5611 314 5662 et
335 5596 485 5658 alibi
517 5599 673 5673 apud
703 5596 977 5673 Nostrum
1007 5597 1382 5673 et_Zonarar_n
1415 5596 1662 5673 mentio,
1704 5596 1844 5673 XvL.

331 5673 443 5746 (10)
476 5664 689 5727 Notum
718 5674 809 5726 est
836 5669 918 5725 ita
947 5667 1102 5739 apud
1135 5666 1450 5724 historicos
1499 5665 1754 5722 militum
1803 5664 1904 5720 sti-

2013 5517 2472 5643 pendiakmcari,
2509 5513 2664 5586 quod
2714 5512 2972 5570 maxima
3019 5529 3225 5570 eorum
3256 5512 3316 5569 in
3341 5514 3496 5573 victu
3526 5531 3663 5587 pars

2016 5594 2193 5643 esset.
2251 5589 2361 5642 'YL.

2016 5589 2193 5648 ésset.
2225 5589 2361 5643 Χγι..
