4130 6218
297 344 451 407 1017

1430 336 1973 403 HISTORIARUM
2016 336 2557 404 COMPENDIUM.

3537 336 3697 397 1018

291 478 435 553 πρὸς
487 473 785 552 ἀνίσχοντα
840 471 1004 542 ἣλιον
1062 471 1467 546 συνιστάμενον.
1528 470 1821 544 Γενόμενος
1883 465 1940 524 δὲ

2055 474 2495 533 numerosiores
2521 473 2795 548 conjecit,
2828 476 3108 528 monente
3152 470 3391 527 interim
3420 468 3697 525 Manuelo

290 567 430 624 κατὰ
491 564 583 620 τὸν
643 560 788 618 οὕτω
846 560 1145 639 λεγόμενον
1196 565 1382 638 χῶρον
1442 560 1615 631 Ἀνζὶν
1677 557 1935 632 ἐπεθύμει

288 655 727 712 κατασκοπεῖνσαι
756 650 865 727 πρὸ
893 654 991 706 τοῦ
1021 649 1272 725 πολέμου
1328 647 1420 704 καί
1465 655 1567 720 τῆς
1617 641 1936 722 προσϐολῆς

291 745 355 803 τὸ
383 746 492 798 τῶν
528 739 778 796 ἐναντίων
813 737 1108 815 ἄθροισμα.
1166 737 1266 801 Εῗς
1302 758 1424 793 τινα
1466 734 1524 792 δὲ
1581 733 1934 812 ὑψηλοτάτην

290 832 577 903 περιωπήν
612 830 716 886 ὑπὸ
745 832 844 885 τοῦ
874 825 1201 904 δομεστίκου
1248 832 1356 882 τῶν
1409 824 1631 902 σχολῶν
1680 824 1935 899 ἀναχθεὶς

296 919 563 989 Μανουήλ
592 920 916 975 κατεσκόπει
972 918 1035 973 τὸ
1090 916 1304 987 πλῆθος
1355 921 1461 972 τῶν
1519 913 1793 984 ἐναντίων,
1844 912 1938 969 καί

290 1033 409 1074 πως
440 1010 499 1066 ἐκ
527 1011 849 1085 στοχασμοῦ
910 1006 1207 1083 βαρύτερον
1267 1003 1442 1061 ἐδόκει
1498 1004 1562 1060 τὸ
1615 1007 1725 1059 τῶν
1786 1001 1932 1058 έναν-

291 1101 423 1157 τίων
455 1098 691 1169 πλῆθος.
724 1095 939 1155 Ἀλλ’ὀ
987 1093 1273 1165 Μανουήλ.
1340 1095 1430 1164 Μὴ
1481 1094 1618 1170 πρὸς
1672 1092 1735 1148 τὸ
1792 1090 1935 1161 πλῆ-

299 1193 415 1259 θος,
442 1189 488 1243 ὧ
521 1185 770 1265 βασιλεῦ,
797 1179 1102 1255 ἀπόϐλεπε,
1132 1184 1269 1260 πρὸς
1304 1179 1361 1241 δὲ
1389 1183 1479 1238 τὸν
1533 1187 1639 1237 τῶν
1692 1178 1936 1259 δοράτων

299 1275 509 1354 διάθρει
567 1275 869 1351 καλαμῶνα
927 1277 1038 1348 (15)
1102 1277 1210 1329 τῶν
1272 1273 1610 1350 ἀμφοτέρων.
1666 1271 1819 1326 Ἐπεὶ
1877 1267 1935 1325 δὲ

294 1366 651 1444 ἰσχυρότερος
705 1362 879 1420 ἐδόκει
911 1363 940 1418 6
996 1366 1106 1419 τῶν
1164 1361 1412 1418 ἐναντίων
1471 1361 1719 1438 στρατὸς,
1777 1355 1936 1416 ἐϐου-

297 1456 487 1513 λεύετο
518 1456 666 1515 ὅπως
695 1452 760 1509 ἄν
790 1454 976 1517 αὐτοῖς
1006 1450 1256 1523 ἐπίθηται
1307 1451 1442 1525 μετᾶ
1489 1448 1677 1508 δόλου.
1725 1450 1787 1508 Ὀ
1840 1448 1936 1523 μὲν

293 1545 384 1602 οὖν
418 1542 686 1613 Μανουήλ
715 1539 828 1616 ἅμα
855 1546 936 1614 τῷ
967 1535 1229 1614 Θεοφόόῳ
1266 1540 1455 1603 νυκτὸς
1496 1538 1772 1604 ἐπιθέσθαι
1801 1540 1932 1596 τού-

291 1655 410 1696 τοις
438 1631 693 1709 παρῄνει,
726 1632 778 1686 οἱ
810 1628 856 1686 δ’
896 1626 1062 1685 ἄλλοι
1099 1633 1206 1685 τῶν
1240 1632 1559 1706 στρατηγῶν
1592 1628 1801 1704 ἡμέρας
1832 1629 1933 1699 τήν

293 1717 585 1797 συμϐολὴν
620 1721 862 1798 γενέσθαι
898 1716 1255 1796 προέτρεπον,
1310 1719 1394 1782 οἷς
1451 1716 1733 1774 ἐπέπειστο
1785 1717 1874 1772 καὶ
1903 1718 1932 1773 6

336 1809 576 1873 ασιλεῦς.
605 1808 817 1873 Ταύτης
871 1806 928 1863 δὶ
984 1806 1429 1873 ἐπικρατεστέρας
1486 1806 1778 1873 γενομένης
1831 1814 1931 1873 τῆς

297 1814 576 1902 βασιλεύς.
605 1814 817 1879 Ταύτης
871 1814 928 1863 δὲ
984 1814 1429 1884 ἐπικρατεστὲρας
1486 1814 1778 1883 γενομένης
1831 1814 1931 1877 τῆς
1968 1841 2009 1905 ρ
2042 1814 2425 1878 sustinentes,
2453 1814 2686 1867 deserto
2707 1814 3086 1882 imperatore,
3109 1814 3405 1881 fugerunt,
3439 1814 3687 1861 ducibus

297 1901 550 1973 γνώμης,
587 1899 660 1960 ὡς
691 1895 800 1969 ἤδη
847 1897 1026 1972 ἡμέρα
1068 1895 1370 1971 ἐπέλαμπε,
1424 1895 1578 1973 μάχη
1627 1895 1936 1973 συρῤἤγνυ-
1990 1888 2007 1905 ’
2045 1900 2349 1973 legionum
2381 1906 2440 1955 et
2466 1901 2663 1956 Persis
2693 1900 2844 1955 nihil
2875 1900 2934 1954 in
2973 1916 3035 1954 se
3067 1897 3183 1953 tale
3213 1894 3687 1962 admittentibus,

294 1898 550 1976 γνώμης,
587 1899 660 1960 ὡς
691 1895 800 1969 ἤδη
847 1897 1026 1972 ἡμέρα
1068 1895 1370 1971 ἐπέλαμπε,
1424 1895 1578 1973 μάχη
1627 1895 1936 1974 συρρήγνυ-

289 2011 380 2046 ται
413 1983 637 2067 φοϐερά.
690 1987 795 2044 Καὶ
833 1990 941 2041 τῶν
990 1984 1290 2062 βασιλικῶν
1338 1986 1631 2063 ταγμάτων
1688 1982 1937 2058 εὒθύμως

302 2077 712 2154 ἀγωνιζομένων
764 2075 815 2130 οἳ
868 2072 1211 2148 Ἰσμαηλῖται
1275 2072 1548 2129 ἐνέκλιναν
1602 2072 1677 2136 είς
1730 2075 1934 2154 φυγήν.

300 2170 432 2224 Τῶν
475 2163 532 2221 δὲ
571 2163 828 2240 Τοῦρκων
861 2162 1138 2239 ὲπιμὸνως
1171 2164 1475 2239 χρωμένων
1516 2166 1584 2237 τῇ
1623 2162 1800 2235 τοξείᾳ
1846 2162 1935 2219 καὶ

294 2256 360 2310 τὸ
436 2251 774 2309 καταδιῶκον
849 2256 957 2308 τῶν
1056 2252 1344 2326 Ῥωμαίων
1442 2251 1939 2329 ἀνακεκρουκότων,

304 2342 676 2417 παλίντροπον
710 2336 906 2409 συνέϐη
948 2340 1192 2417 γενέσθαι
1240 2342 1340 2412 τήν
1388 2339 1597 2417 μάχην·
1652 2343 1727 2414 μή
1779 2337 1942 2395 δυνά-

310 2454 465 2508 μενοι
489 2433 591 2509 γὰρ
618 2433 670 2486 οἱ
700 2434 965 2505 Ῥωμαῖοι
1021 2430 1088 2486 τὰ
1142 2435 1249 2486 τῶν
1307 2430 1566 2507 Τούρκων
1619 2430 1795 2505 φέρειν
1847 2451 1942 2485 το-

306 2522 543 2598 ξεύματα
570 2526 649 2594 τῷ
708 2519 1006 2596 βάλλεσθαι
1064 2526 1361 2596 καρτερῶς,
1418 2525 1565 2576 νῶτα
1621 2518 1800 2583 δόντες
1852 2517 1944 2574 τὸν

315 2610 541 2688 βασιλέα
569 2608 883 2666 κατέλιπον.
942 2609 1018 2668 Οὐ
1080 2611 1190 2686 μὴν
1236 2611 1328 2665 καὶ
1385 2609 1437 2665 0i.
1494 2614 1600 2666 τῶν
1654 2608 1943 2684 ταγμάτων

306 2699 533 2777 ἔξαρχοι
564 2696 679 2755 οὐδ’
709 2699 762 2754 0i.
794 2700 991 2774 Πέρσαι
1019 2702 1181 2754 τοῦτο
1211 2695 1509 2774 ἠνέσχοντο
1557 2695 1769 2774 δρᾶσαι,
1800 2695 1947 2754 ἀλλὰ

304 2788 650 2865 περιστάντες
707 2787 799 2843 τὸν
865 2786 1093 2861 βασιλέα
1185 2785 1470 2862 εὐρώστως
1529 2786 1720 2857 σώζειν
1786 2785 1945 2857 ἠπείο

305 2897 488 2952 γοντο.
521 2877 621 2931 Καὶ
645 2873 744 2930 κᾶν
771 2872 1064 2930 ἀπώλοντο
1104 2872 1379 2950 πανδημεὶ
1432 2876 1485 2930 οἱ
1533 2876 1656 2950 περί
1704 2876 1794 2931 τὸν
1847 2876 1945 2950 βα-

311 2963 488 3035 σιλέα,
517 2964 563 3020 εἷ
598 2965 673 3037 μὴ
706 2962 794 3037 νὺξ
825 2960 1033 3033 ἐπῆλθε
1059 2964 1149 3019 καὶ
1202 2962 1415 3039 βραχὺς
1460 2961 1512 3035 ἒξ
1556 2962 1789 3040 οὐρανοῦ
1818 2984 1950 3019 κατ-

303 3055 516 3134 ηνέχθη
552 3053 703 3114 ὑετὸς
732 3051 825 3108 καὶ
866 3051 962 3113 τὰς
1010 3053 1107 3127 μὲν
1156 3052 1342 3127 νευράς
1392 3056 1499 3107 τῶν
1544 3053 1712 3126 τόξων
1771 3053 1948 3127 χαλα-

299 3143 395 3216 ρᾶς
417 3143 729 3219 εἰργάσατο,
758 3146 878 3204 τοῖς
910 3138 968 3196 δὲ
1023 3140 1326 3215 Ῥωμαίοις
1370 3137 1546 3197 ἄνεσιν
1586 3143 1686 3212 τήν
1733 3141 1795 3196 ἐκ
1837 3145 1945 3196 τῶν

2047 574 2124 615 ne
2154 563 2600 620 multitudinem
2653 561 2759 619 sed
2804 562 3110 617 hastarum
3163 560 3472 631 utriusque
3509 557 3695 631 partis

2045 656 2304 722 segetem
2321 652 3071 722 consideraret.Postquam
3089 648 3348 704 hostium
3368 648 3693 702 exercitum

2043 741 2443 800 robustiorem
2464 762 2572 801 suo
2585 744 2878 816 judicavit
2894 741 3279 814 TheOphilus,
3302 739 3693 796 deliberatum

2045 837 2135 888 est
2180 833 2478 903 quomodo
2529 850 2665 891 eum
2718 833 2854 888 dolo
2903 831 3140 905 aggredi
3187 834 3405 903 posset.
3449 827 3512 883 Id
3560 845 3695 883 cum

2044 926 2222 976 noctu
2258 921 2591 979 faciendum
2635 921 2942 979 Manuelus
2969 938 3036 977 ac
3064 919 3457 991 Theophobus
3488 934 3697 973 cense—

2042 1015 2199 1079 rent,
2230 1011 2446 1084 reliqui
2473 1010 2655 1067 duces
2686 1011 2945 1067 interdiu
2967 1009 3403 1082 conﬂigendum
3430 1023 3692 1076 suasere,

2043 1100 2260 1172 quibus
2290 1105 2350 1155 et
2380 1100 2702 1172 imperator
2748 1099 3021 1155 assensit.
3056 1098 3173 1153 Hac
3222 1114 3358 1170 ergo
3397 1095 3695 1152 sententia

2042 1187 2306 1260 praelata,
2336 1187 2530 1260 prima
2566 1187 2698 1243 luce
2747 1187 3018 1259 praelium
3050 1185 3408 1241 acerrimum
3458 1189 3544 1238 est
3572 1182 3689 1237 ini-

2044 1282 2191 1332 tum.
2242 1276 2365 1342 Quo
2416 1276 2476 1331 in
2524 1276 2731 1350 prmlio
2790 1292 2925 1331 cum
2972 1274 3368 1347 imperatorias
3416 1273 3692 1329 cohortes

2042 1365 2282 1421 fortiter
2347 1370 2667 1438 punarent,
2723 1364 3011 1421 lsmaelici
3069 1363 3221 1436 fugin
3262 1378 3324 1417 se
3379 1361 3690 1416 dederunt.

2040 1454 2243 1510 Turcis
2290 1454 2447 1511 984
2495 1460 2693 1510 autem
2745 1453 2984 1509 assiduo
3042 1452 3391 1513 sagittarum
3438 1466 3552 1504 usu
3596 1449 3688 1502 in-

2043 1544 2338 1600 stantibus
2394 1546 2808 1615 Romanosque
2865 1543 2937 1598 ab
2996 1540 3366 1597 insecutione
3427 1538 3690 1594 hostium

2041 1633 2487 1706 repellentibus,
2519 1638 2745 1689 mutata
2772 1638 2860 1687 est
2890 1648 3097 1704 pugnae
3128 1629 3384 1685 fortuna.
3409 1630 3551 1685 Nam
3585 1629 3693 1683 Ro-

2042 1738 2233 1778 manas
2283 1722 2544 1795 legiones
2589 1722 2708 1776 vim
2755 1721 3132 1776 Turcicarum
3182 1719 3527 1792 sagittarum
3568 1732 3690 1770 non

2042 1811 2425 1878 sustinentes,
2453 1809 2686 1867 deserto
2707 1810 3086 1882 imperatore,
3109 1808 3405 1881 fugerunt,
3439 1804 3688 1861 ducibus

2045 1988 2148 2044 sed
2178 1988 2599 2061 imperatorem
2632 1988 3004 2061 cingentibus
3034 2004 3103 2043 ac
3140 2003 3244 2058 pro
3276 2002 3344 2040 eo
3377 2000 3610 2039 summa
3632 1980 3688 2037 vi

2047 2078 2507 2135 decertantibus.
2540 2080 2611 2133 Et
2640 2078 2878 2150 quidem
2903 2083 3044 2132 tunc
3068 2077 3388 2148 imperator
3408 2091 3540 2128 cum
3570 2072 3691 2128 suis

2048 2167 2353 2225 occidione
2383 2184 2570 2223 cmsus
2619 2166 2848 2232 fuisset,
2881 2165 2997 2221 nisi
3038 2170 3096 2219 et
3125 2181 3244 2219 nox
3284 2162 3605 2235 ingruisset
3635 2164 3693 2214 et

2048 2256 2247 2330 pluvia
2307 2256 2515 2329 exigua
2574 2255 2770 2311 delata
2816 2271 3028 2310 nervos
3071 2269 3315 2309 arcuum
3370 2253 3695 2307 Turcorum

2050 2345 2421 2401 relaxasset:
2477 2360 2593 2415 quo
2650 2343 2869 2399 factum
2923 2348 2987 2397 ut
3044 2342 3293 2398 Romani
3353 2339 3699 2411 sagittarum

2053 2432 2286 2489 liberati
2318 2437 2505 2497 metu,
2538 2431 2748 2487 salutis
2787 2431 3067 2503 paranda:
3116 2428 3487 2484 occasionem
3520 2427 3700 2481 habe-

2053 2526 2209 2578 rent.
2237 2519 2537 2576 Concubia
2564 2525 2737 2575 nocte
2760 2519 3065 2574 Manuelus
3086 2518 3227 2574 dum
3251 2516 3531 2572 excubias
3553 2515 3698 2583 obit,

2055 2614 2266 2667 Persas
2324 2626 2459 2665 cum
2526 2608 2835 2665 Saracenis
2907 2609 3173 2681 ipsorum
3249 2605 3453 2675 lingua
3522 2603 3703 2659 sentit

2058 2699 2323 2771 colliqui,
2360 2698 2642 2772 pacisque
2682 2714 2816 2754 cum
2847 2698 2921 2753 iis
2950 2696 3022 2753 de
3069 2694 3374 2769 prodendo
3404 2696 3703 2750 Romano-

2058 2805 2190 2845 rum
2218 2792 2426 2843 exertu
2457 2792 2515 2842 et
2562 2786 2885 2860 repetenda
2924 2784 3136 2859 patria.
3172 2784 3233 2839 ld
3275 2783 3475 2839 statim
3515 2780 3707 2853 aperit

2058 2874 2427 2951 imperatori,
2459 2892 2713 2949 eumque
2744 2876 3016 2932 hortatur
3035 2879 3101 2929 ut
3131 2890 3265 2930 cum
3297 2872 3544 2928 delectis
3571 2871 3708 2943 fuga

2061 2967 2174 3024 sibi
2204 2966 2495 3033 consulat,
2526 2981 2602 3020 ne
2636 2965 2697 3019 in
2727 2963 2985 3019 hostium
3018 2962 3323 3035 perveniat
3373 2976 3606 3016 manus.
3640 2960 3711 3014 Et

2061 3055 2448 3129 respondenti
2482 3053 2825 3126 imperatori
2877 3052 3006 3108 fieri
3046 3052 3156 3107 hoc
3184 3050 3279 3106 vix
3327 3066 3522 3122 posse,
3553 3065 3709 3121 prte-

2061 3145 2267 3200 sertim
2298 3143 2577 3216 perituris
2607 3143 2706 3214 qui
2728 3159 2886 3197 nunc
2918 3141 3008 3197 sui
3031 3157 3208 3197 causa
3230 3155 3430 3195 secum
3461 3137 3709 3193 mansis-

304 3208 485 3299 βελῶν
514 3208 869 3307 περιεποίησε
916 3230 1005 3285 καὶ
1054 3208 1329 3306 σωτηρίας
1377 3208 1941 3306 ἐνέδωκεν-ἀφορμάς.

2056 3237 2227 3290 sent:
2259 3208 2383 3288 Tibi
2416 3208 2844 3302 modofinquit
2887 3232 3040 3285 Deus
3086 3229 3338 3284 salutem
3381 3226 3704 3282 concedat:

309 3321 391 3392 [P.
425 3320 551 3392 531]
582 3317 802 3383 Βαθείας
832 3315 890 3372 δὶ
921 3318 1113 3381 νυκτὸς
1163 3316 1485 3393 γενομένης,
1533 3319 1607 3380 ὡς
1650 3317 1942 3393 ἡσχόλητο

308 3408 432 3481 περὶ
482 3406 580 3469 τὰς
619 3405 866 3485 φυλακάς
894 3407 922 3463 6
962 3406 1248 3478 Μανουήλ,
1305 3405 1528 3482 γλώττῃ
1582 3428 1699 3470 πως
1746 3403 1942 3482 ᾔσθετο

302 3501 414 3554 τῶν
449 3497 781 3571 Σαρακηνῶν
813 3494 941 3559 τοὺς
971 3493 1175 3571 Πέρσας
1232 3501 1349 3558 τοῖς
1398 3502 1737 3572 Σαρακηνοῖς
1784 3518 1943 3553 σπεν-

304 3583 571 3658 δομένους
599 3582 691 3639 καί
748 3584 812 3640 16
865 3585 1173 3660 στράτευμα
1208 3587 1317 3640 τῶν
1370 3583 1662 3658 Ῥωμαίων
1705 3581 1945 3656 προδοῦ-

300 3695 391 3729 ναι
418 3672 510 3729 καὶ
540 3674 678 3749 πρὸς
705 3676 807 3744 τήν
858 3671 1222 3749 ἐνεγκαμένην
1271 3669 1742 3747 παλινδρομῆσαι.
1796 3670 1948 3741 Δῆλα

297 3766 432 3840 γοῦν
464 3762 615 3825 εὐθὺς
646 3767 816 3818 ταῦτα
843 3766 1103 3835 ποιεῖτῷ
1159 3761 1397 3838 βασιλεῖ,
1440 3762 1532 3816 καὶ
1572 3761 1764 3831 σώζειν
1815 3762 1947 3816 εαυ-

293 3853 386 3910 τὸν
423 3852 559 3926 μετᾶ
584 3856 692 3907 τῶν
722 3849 972 3928 λογάδων
1005 3851 1189 3925 ἠξίου,
1228 3851 1319 3906 καὶ
1371 3852 1447 3924 μή
1494 3851 1801 3927 περιμένειν
1846 3852 1946 3922 τήν

304 3938 535 3997 ἅλωσιν.
567 3941 677 3997 Τοῦ
708 3936 766 3994 δὶ
803 3938 1097 4015 βασιλέως,
1148 3963 1176 3991 κ
1228 3937 1330 3995 Καὶ
1374 3941 1493 4000 πῶς
1542 3942 1705 3993 τοῦτο
1752 3935 1949 4009 ἔσεται,

305 4030 775 4105 ιπερωτήσαντος,
828 4032 937 4084 τῶν
1016 4025 1086 4083 δι’
1151 4026 1249 4100 ἐμὲ
1323 4029 1764 4100 προσμεινάντων
1846 4027 1951 4083 ἀπ-

304 4119 590 4193 ολομένων
623 4120 731 4193 (16)
759 4135 774 4187 ;
806 4141 834 4169 ››
866 4111 1166 4172 ὑπολαϐὼν
1217 4116 1246 4172 6
1296 4114 1587 4187 Μανουήλ·
1642 4117 1742 4174 Καὶ
1786 4116 1952 4191 μόνον

301 4202 464 4277 ἴττω,
521 4206 769 4284 βασιλεῦ,
828 4201 958 4285 ἔφη,
1010 4206 1073 4261 τὸ
1128 4206 1393 4276 σώζεσθαι
1452 4204 1513 4261 ἐκ
1584 4209 1740 4275 Θεοῦ,
1799 4207 1951 4263 οὗτοι

299 4293 358 4351 δὲ
385 4295 600 4372 ταχέως
643 4294 712 4352 τά
756 4296 877 4350 κατ’
927 4293 1128 4356 αὐτοὺς
1179 4291 1582 4365 διοικήσουσιν.
1642 4295 1771 4368 Ὀψὲ
1819 4300 1951 4372 γοῦν

2049 3322 2266 3393 reliqui
2295 3336 2432 3377 mox
2462 3320 2644 3388 rebus
2675 3321 2799 3376 suis
2847 3318 3182 3375 consulent.
3214 3316 3562 3390 Imperatori
3596 3314 3703 3369 sub

2055 3412 2251 3484 ipsum
2283 3409 2525 3465 demum
2556 3407 2886 3465 diluculum
2908 3406 3045 3480 fuga
3076 3407 3273 3478 elapso
3307 3411 3365 3460 et
3394 3404 3467 3460 ad
3497 3403 3707 3459 Chilio-

2054 3514 2291 3556 comum
2338 3497 2590 3570 perlato,
2623 3496 2847 3552 milites
2901 3512 3050 3568 quos
3101 3493 3410 3550 ordinibus
3460 3490 3711 3547 desertis

2052 3593 2227 3661 terga
2254 3585 2491 3643 dedisse
2524 3585 3123 3642 commemoravimus
3154 3586 3561 3645 occurrerunt,
3594 3581 3712 3635 fas-

2058 3677 2227 3747 sique
2259 3692 2321 3731 se
2348 3676 2466 3730 vita
2497 3675 2706 3746 dignos
2736 3691 2855 3729 non
2890 3690 3040 3740 esse,
3069 3673 3168 3743 qui
3196 3672 3618 3744 imperatorem
3650 3670 3713 3724 in

2057 3780 2256 3838 pugna
2284 3763 2707 3837 prodidissent,
2740 3763 2891 3820 985
2921 3762 3046 3833 jam
3095 3760 3319 3815 ferrum
3352 3760 3415 3814 in
3454 3775 3516 3814 se
3548 3758 3710 3829 ipsos

2059 3853 2594 3927 stringebant,cum
2615 3852 2939 3923 imperator
2955 3849 3293 3923 spectaculo
3316 3848 3415 3903 illo
3443 3847 3709 3903 animum

2059 3942 2392 4017 perculsus,
2443 3958 2505 3997 se
2565 3940 2846 3996 divinitus
2896 3944 3214 4005 servatum,
3256 3935 3504 4008 proinde
3548 3935 3710 4006 ipsos

2061 4048 2296 4105 quoque
2323 4030 2515 4086 salvos
2545 4028 2670 4086 fore
2703 4028 2871 4084 dixit.
2903 4028 3194 4083 Craterum
3238 4027 3365 4081 haec
3395 4027 3709 4080 Persarum

2060 4138 2196 4179 cum
2273 4120 2582 4177 Saracenis
2658 4117 2975 4174 collocutio
3041 4116 3300 4171 inimicis
3371 4112 3715 4184 Theophobi

2063 4212 2235 4283 eique
2266 4214 2519 4265 mortem
2548 4206 3028 4264 machinantibus
3076 4206 3338 4261 secunda
3376 4203 3488 4259 fuit
3516 4209 3573 4258 et
3602 4219 3712 4274 0p-

2063 4305 2321 4373 portuna
2350 4298 2423 4354 ad
2455 4296 2941 4354 calumniandum
2973 4295 3224 4351 occasio.

296 4387 434 4441 κατὰ
456 4387 520 4441 16
549 4384 873 4460 περιὸρθρον
901 4388 1000 4440 τοῦ
1032 4383 1306 4459 βασιλέως
1338 4388 1484 4461 φυγῇ
1517 4385 1869 4459 χρησαμένου
1925 4386 2015 4441 καὶ
2072 4388 2209 4464 πρὸς
2265 4387 2329 4442 16
2369 4385 2666 4461 λεγόμενον
2726 4383 3101 4456 Χιλιόκωμον·
3161 4382 3270 4456 (1⁵7)
3330 4379 3711 4453 διασωθέντος,

305 4476 358 4530 οἳ
389 4474 743 4531 λειποτάκται
784 4472 1038 4545 ὑπήντων
1099 4472 1269 4545 αὐτῷ,
1322 4470 1415 4527 καὶ
1470 4471 1718 4543 ἀναξίους
1776 4473 1996 4537 ἑαυτοὺς
2054 4473 2282 4554 ἔφασκον
2336 4480 2437 4545 τῆς
2498 4479 2647 4544 ζωῆς
2703 4470 2926 4549 βασιλέα
2981 4470 3032 4527 ἐν
3089 4468 3323 4545 πολέμῳ
3378 4471 3712 4546 καταπροέν-

304 4583 425 4632 τας,
456 4561 548 4616 καὶ
606 4562 719 4636 ἅμα
756 4566 874 4626 τοῖς
932 4561 1133 4617 ἑαυτῶν
1199 4560 1532 4637 ὶγυμνοῦντο
1588 4560 1814 4639 ξίφεσιν.
1878 4561 2035 4619 Ἀλλ’
2092 4565 2121 4619 6
2178 4562 2444 4644 Θεόφιλος
2502 4567 2581 4637 τῷ
2639 4563 2865 4636 θεάματι
2929 4560 3160 4638 τρωθεὶς
3221 4561 3323 4631 τήν
3381 4561 3586 4635 ψυχήνο
3646 4556 3715 4614 Ei:

306 4648 435 4727 ἐγὼ,
491 4651 648 4729 φησὶ,
707 4651 981 4725 σέσωσμαι
1048 4649 1108 4707 ἐκ
1171 4651 1329 4723 Θεοῦ,
1387 4650 1698 4721 σωθήσεσθε
1750 4649 1842 4705 καὶ
1912 4650 2091 4725 ὑμεῖς.
2150 4676 2180 4706 ››
2247 4652 2394 4724 Αὕτη
2471 4655 2507 4724 ἡ
2574 4655 2681 4707 τῶν
2746 4654 2962 4728 Περσῶν
3026 4650 3161 4727 πρὸς
3224 4649 3352 4713 τοὺς
3418 4648 3470 4720 ἐξ
3534 4649 3711 4723 Ἀγαρ

299 4737 627 4816 κοινολογία
652 4744 771 4803 τοῖς
799 4734 1076 4819 Θεοφόϐου
1106 4739 1331 4817 ἐχθροῖς
1380 4738 1473 4795 καὶ
1530 4739 1758 4795 θάνατον
1814 4739 1981 4796 αὐτοῦ
2029 4741 2425 4823 ψηφιζομένοις
2471 4738 2692 4819 δευτέρα
2741 4760 2826 4804 τις
2862 4739 3083 4817 γέγονεν
3140 4737 3286 4795 αἰτία
3338 4738 3429 4793 καὶ
3486 4735 3711 4816 ἀφορμὴ

308 4826 460 4883 εόκαι
468 4846 562 4903 ρος
592 4827 668 4888 εἷς
700 4823 989 4899 διαϐολήν.

1507 4947 1872 5004 XYLANDRI
1909 4949 1995 5004 ET
2033 4949 2247 5007 GOARI
2284 4950 2509 5006 NOTAE.

384 5062 495 5133 U5)
525 5058 843 5144 Καλαμῶνα
874 5061 1035 5144 enim
1065 5062 1471 5144 mihividetpr
1517 5063 1739 5144 dixisse
1766 5062 1960 5144 forma
1985 5080 2031 5144 Ι)
2062 5068 2252 5144 situm,
2276 5065 2721 5144 arundinem,
2776 5063 2883 5144 cui
2938 5061 3151 5144 melius

310 5130 1016 5213 Etsgtal‘t‘ttXGWXCij-geﬁt
1053 5131 1334 5213 άμπελὼν,
1384 5130 1617 5213 δα-φνών,
1668 5135 1952 5213 vinetum,

310 5204 605 5279 lauretum
637 5204 966 5279 et'similia)
998 5205 1320 5279 culmetum
1344 5204 1955 5279 collective,multitué

309 5275 510 5360 dinem
554 5277 882 5360 hastarum,
931 5275 1091 5360 quia
1125 5277 1331 5360 multis
1379 5279 1442 5333 in
1489 5284 1685 5360 segete
1730 5277 1954 5360 culmis

307 5348 522 5405 erectis
570 5347 865 5404 stantibus
912 5347 1127 5405 similis
1175 5347 1612 5421 quodammodo
1657 5354 1749 5405 est
1795 5350 1953 5406 acies

302 5421 491 5477 hastis
508 5426 755 5477 armata.
781 5436 916 5476 cum
939 5436 1023 5477 ess
1048 5426 1223 5477 rectas
1246 5426 1525 5477 tenentur
1554 5440 1566 5476 :
1589 5421 1749 5477 unde
1768 5421 1951 5478 etiam

303 5492 1040 5564 poetascomparationem
1068 5494 1308 5548 duxisse
1334 5493 1620 5548 novimus.
1646 5492 1949 5548 Manuelus

304 5562 443 5644 ergo
474 5562 705 5644 videtur
735 5564 1036 5644 monuisse
1064 5565 1482 5644 imperatorem
1516 5564 1786 5644 fortassis
1826 5579 1947 5644 no_n

304 5638 395 5707 tot
424 5634 777 5707 militesaut
801 5650 1058 5707 pugnam
1084 5636 1350 5707 obituros
1371 5651 1500 5690 esse
1526 5636 1590 5690 in
1618 5641 1780 5707 tanta
1794 5634 1947 5690 mul-

300 5703 579 5765 titudine.
631 5704 769 5761 XYL.
802 5703 910 5748 _—'
936 5703 1274 5780 Καλαμῶνα,
1328 5705 1505 5769 locum
1547 5706 1947 5767 calamiscon-

3222 5074 3403 5132 quam
3460 5061 3709 5132 matura)

2064 5128 2350 5209 Xylandri
2376 5144 2545 5209 segeti
2573 5128 2842 5193 conferta
2868 5135 3173 5190 hastarum
3198 5128 3369 5202 copia
3396 5134 3591 5202 potest
3629 5128 3702 5183 si-

2065 5208 2225 5264 milis
2254 5208 2458 5264 videri.
2494 5208 2668 5262 GOAR.

2135 5279 2248 5353 (l6)
2276 5278 2735 5353 Convenientius
2756 5276 3116 5353 interpretor
3134 5289 3148 5353 ξ
3164 5290 3289 5353 cum
3304 5273 3712 5353 jam-perierint

2062 5344 2161 5421 qui
2181 5344 2287 5406 mei
2305 5351 2491 5421 gratia
2509 5351 2736 5421 fortiter
2754 5350 2815 5403 in
2837 5344 2954 5402 acie
2963 5344 3355 5421 constiterunt.
3376 5344 3495 5421 Nisi
3520 5344 3713 5421 legere

2062 5417 2344 5481 malueris
2399 5417 2723 5483 ἀπολέσθαι,
2768 5424 2828 5475 et
2876 5417 3124 5475 reddere
3161 5432 3174 5471 :
3228 5419 3327 5487 qni
3370 5417 3481 5471 mei
3524 5417 3714 5485 gratia

2059 5508 2230 5562 usque
2258 5493 2334 5547 ad
2352 5493 2628 5561 integram
2645 5493 3071 5562 internecionem
3100 5491 3417 5558 conﬂictum
3444 5490 3710 5543 sustinere

2022 5627 2027 5632 ⁸
2051 5560 2280 5633 paratos
2307 5579 2360 5619 se
2390 5560 2762 5617 emhibuerint.
2797 5562 2973 5633 GoAa.

2130 5634 2242 5706 (l7)
2274 5634 2526 5717 iteponit
2552 5633 2756 5717 Strabo
2779 5629 3143 5717 Χιλιόκωμον
3172 5626 3374 5717 πεδίων
3402 5631 3464 5686 in
3495 5633 3704 5717 Pgnto,

2057 5710 2117 5762 et
2142 5704 2488 5778 penultimes
2519 5710 2675 5761 notas
2705 5706 3018 5763 conﬁrmat
3046 5704 3491 5778 conjecturam.
3525 5704 3704 5758 Goan.
