4130 6218
434 333 590 394 1019

1789 333 2108 394 GEOllGll
2153 331 2488 394 CEDRENI

3682 338 3833 397 {020

504 469 577 523 At
607 483 1032 523 amermunnas
1064 484 1305 522 suorum
1356 469 1589 541 cognita
1634 469 1878 525 victoria
1926 470 2076 526 nihil

2259 473 2346 540 Τῷ
2376 465 2423 523 δ’
2473 470 2839 548 ἀμερμουμνῇ
2891 472 3154 543 ἀκηκοότι
3206 473 3305 542 τὴν
3354 473 3510 543 νίκην
3556 471 3714 546 ἔδοξε
3764 475 3834 546 μή

427 558 558 629 jam
589 557 874 621 cunctari,
926 555 1027 611 sed
1079 557 1386 611 Amorium
1435 564 1635 629 petere
1679 560 1902 614 statuit.
1947 559 2082 614 Col-

433 647 589 702 lecto
621 647 800 719 igitur
829 661 932 699 suo
983 645 1266 708 exercitu,
1301 651 1360 700 et
1392 647 1513 702 lilio
1563 653 1630 702 ut
1676 647 1832 702 idem
1866 649 2086 704 faceret

437 737 684 802 monito,
715 736 833 789 iter
859 734 1032 801 iniit;
1066 751 1320 806 cumque
1370 738 1570 808 copias
1613 738 2082 808 conjunxissent,

437 828 645 883 castris
703 827 854 881 vallo
911 827 1160 882 munitis
1215 830 1523 883 Amorium
1582 830 1874 900 profunda
1927 830 2085 883 fossa

438 916 823 972 circumvenit.
853 917 1134 986 omnique
1165 913 1216 970 vi
1267 932 1608 989 oppugnare
1655 919 1850 989 coepit,
1883 919 2086 973 Turcis

436 1006 813 1060 continenter
871 1007 1109 1078 sagittas
1172 1007 1602 1077 jaculantibus,
1657 1013 1721 1062 et
1775 1009 2085 1063 Saracenis

438 1095 747 1150 machinas
778 1094 852 1150 ad
882 1096 1346 1167 oppugnandum
1387 1097 1570 1150 factas
1609 1097 2082 1165 admoventibus,

442 1184 722 1240 Romanis
753 1189 949 1238 autem
983 1185 1082 1254 qui
1133 1185 1289 1239 intus
1327 1193 1514 1252 erant,
1567 1187 1832 1240 animose
1878 1187 2084 1240 urbem

444 1273 900 1328 defendentibus
922 1273 1343 1344 machinasque
1360 1280 1629 1346 prompte
1646 1275 2084 1330 amolientibus.

443 1365 702 1417 Durante
736 1362 816 1416 ita
845 1361 1173 1431 obsidione,
1208 1363 2089 1436 nullamque_intercapedinem

450 1450 827 1522 Oppugnandi
883 1451 1134 1506 faciente
1194 1453 1380 1520 hoste,
1437 1453 1674 1508 interim
1730 1455 2087 1525 TheOphilus

451 1558 600 1612 aegre
633 1558 700 1594 ex
733 1539 868 1612 fuga
907 1541 1143 1610 elapsus
1193 1542 1523 1612 Dorylaeum
1570 1543 1855 1614 pervenit,
1890 1545 2090 1614 ibique

449 1633 670 1686 exitum
696 1631 1019 1702 opperitur.
1041 1633 1107 1684 Et
1133 1632 1399 1686 animum
1417 1649 1841 1688 amermumnaa
1868 1639 2091 1688 tentan-

448 1723 586 1779 dum
621 1724 731 1778 sibi
764 1729 924 1779 ratus
973 1724 1192 1797 legatos
1241 1742 1374 1780 cum
1433 1727 1780 1782 muneribus
1818 1727 2092 1798 pretiosis

2194 556 2415 632 μέλλειν
2449 558 2580 614 ἀλλ’
2607 561 2819 618 ἀπιέναι
2851 563 2984 638 πρὸς
3012 562 3073 617 τὸ
3102 563 3404 638 Ἀμώριον.
3450 562 3701 638 Ἀγείρας
3751 561 3835 618 οὖν

2189 647 2252 702 τὸ
2293 648 2490 703 οἷκείον
2526 649 2850 724 στράτευμα,
2883 651 2972 707 καὶ
3002 655 3081 722 τῷ
3112 651 3214 721 υἱῷ
3265 648 3322 706 δὲ
3372 651 3688 713 ἐπιστείλας
3741 673 3840 707 πα-

2195 736 2520 812 ραπλησίως
2552 745 2756 811 ποιεῖν,
2789 739 2971 816 εἶ’χετο
3001 747 3100 809 τῆς
3141 737 3292 796 ὁδοῦ.
3353 739 3698 797 Ἐνωθέντων
3751 742 3841 795 οὖν

2191 831 2303 881 τῶν
2337 831 2752 902 στρατευμάτων
2791 829 2965 904 χάραξ
3020 851 3078 884 τε
3132 829 3403 904 ἐπήγνυτο
3464 832 3701 910 ὀχυρὸς,
3759 832 3841 886 καὶ

2193 919 2229 986 ἡ
2264 916 2426 978 πόλις
2457 919 2648 993 τάφρῳ
2693 920 2881 994 βαθείᾳ
2936 920 3308 998 ἐστεφανοῦτο,
3356 921 3442 974 καὶ
3477 923 3512 989 ἡ
3544 921 3843 994 πολιορκία

2193 1001 2506 1082 ἕμπρακτος
2551 1009 2638 1064 καὶ
2699 1008 2911 1085 ἐνεργὸς
2969 1009 3193 1085 ἐγίνετο,
3253 1014 3360 1064 τῶν
3425 1012 3520 1082 μὲν
3577 1011 3844 1086 Τούρκων

2189 1095 2487 1170 ἐπιμόνοις
2541 1098 2633 1152 καὶ
2691 1099 2945 1174 συνεχέσι
3007 1097 3308 1174 χρωμένων
3361 1101 3681 1173 τοξεύμασι,
3738 1105 3844 1154 τῶν

2197 1184 2254 1242 δὲ
2287 1193 2618 1262 Σαρακηνῶν
2651 1189 2746 1250 τὰς
2795 1186 3081 1250 ἑλεπόλεις
3129 1189 3513 1263 προσαγόντων
3555 1195 3682 1251 τοῖς
3731 1188 3841 1244 τεί-

2199 1295 2344 1351 χεσι,
2384 1281 2490 1332 τῶν
2525 1275 2571 1332 δ’
2601 1271 2749 1332 ἔνδον
2791 1282 2888 1332 τοῦ
2926 1277 3146 1352 τείχους
3191 1276 3681 1352 ἐναπείλημμένων
3709 1279 3846 1334 Ῥω·

2203 1367 2378 1440 μαίων
2409 1365 2663 1441 εὐψύχως
2721 1368 2811 1421 καὶ
2869 1369 3127 1441 ἡρωϊκῶς
3182 1366 3592 1440 ἀγωνιζομένων
3657 1365 3749 1421 καὶ
3787 1367 3846 1422 τὸ

2196 1463 2292 1524 νῆς
2360 1455 2684 1530 πολιορκίας
2750 1455 3210 1532 ἀποκρουομένων
3288 1455 3524 1517 εὐπετῶς
3620 1454 3846 1531 ὄργανα.

2196 1545 2259 1600 Ἠ
2293 1545 2385 1616 μὶν
2420 1543 2510 1598 οὗν
2545 1542 2840 1618 πολιορκία
2869 1552 2967 1614 τῆς
2997 1543 3213 1606 πόλεως
3268 1543 3328 1599 ἐκ
3375 1542 3644 1620 διαδοχῆς
3700 1543 3848 1616 ἐνηρ-

2198 1640 2348 1707 γεῖτο
2397 1633 2486 1688 καὶ
2519 1636 2753 1708 συνεχὴς
2782 1635 2847 1703 ἧν
2879 1635 2968 1688 καὶ
3017 1631 3336 1703 ἀδιάκοπος,
3395 1634 3666 1712 Θεόφιλος
3707 1633 3766 1688 δὲ
3794 1634 3849 1688 ἐκ

2199 1732 2299 1794 τῆς
2328 1728 2538 1800 τροπῆς
2571 1723 2734 1796 μόλις
2781 1723 3057 1802 διαφυγὼν
3107 1723 3198 1778 καὶ
3246 1727 3382 1799 πρὸς
3433 1726 3493 1780 τὸ
3544 1722 3846 1799 Δορύλαιον

444 1813 765 1884 multisque
797 1814 1328 1884 pollicitationibus
1359 1815 1558 1882 mittit,
1594 1821 1798 1887 petens
1832 1822 1893 1870 ut
1923 1817 2088 1871 obsi-

2203 1815 2490 1891 γενόμενος
2520 1813 2689 1868 ἐκεῖσε
2734 1812 3150 1887 πρνσεκαρτέρει
3205 1814 3304 1882 τὴν
3361 1809 3574 1869 ἔκϐασιν
3629 1811 3851 1889 ἐκδεχό-

444 1902 682 1956 dioneni
733 1903 937 1958 solvat.
993 1905 1156 1975 lique
1207 1911 1270 1958 ut
1320 1907 1380 1959 in
1430 1910 1622 1960 castra
1664 1907 2088 1961 Saracenorum

444 1999 842 2062 pervenerunt
873 1999 929 2046 et
960 1993 1020 2046 in
1055 1999 1436 2063 conspectum
1473 2011 1897 2048 amermumnze
1925 2013 2090 2050 vene-

445 2085 604 2145 runt,
657 2096 724 2134 ea
778 2098 908 2149 qua)
963 2081 1285 2151 imperator
1337 2083 1718 2138 mandaverat
1764 2091 2088 2154 exponunt.

445 2170 599 2224 930
632 2187 830 2225 verum
865 2171 912 2225 is
945 2172 1029 2225 ira
1059 2171 1130 2225 ob
1164 2173 1456 2227 excidium
1491 2174 1694 2245 patriai
1728 2174 2090 2245 implacabili

445 2260 682 2329 ardens,
717 2260 1057 2331 imperatori
1091 2261 1466 2318 timiditatem
1511 2264 1884 2335 exprobrare,
1931 2265 2083 2337 lega-

442 2349 664 2404 tionem
697 2349 966 2405 deridere
1011 2369 1077 2406 ac
1131 2370 1236 2423 pro
1288 2352 1546 2408 ludibrio
1597 2355 1835 2420 habere,
1869 2355 2090 2428 legatos

443 2439 504 2493 in
537 2440 786 2494 vinculis
817 2440 1104 2509 detinere,
1129 2448 1186 2495 et
1210 2441 1392 2497 finem
1417 2444 1500 2497 rei
1523 2444 1874 2514 praestolari.
1909 2461 2092 2516 oppu-

443 2528 782 2599 gnationem
817 2547 990 2600 porro
1041 2531 1366 2602 impensius
1415 2549 1646 2605 urgere,
1693 2533 1996 2604 divisoque
2031 2535 2090 2588 in

445 2617 662 2673 multas
693 2624 890 2689 partes
941 2621 1199 2674 exercitu
1247 2638 1351 2692 per
1381 2622 1538 2676 vices
1587 2622 1791 2677 urbem
1847 2621 2088 2690 adoriri,

447 2723 682 2777 sperare
715 2708 838 2761 fore
872 2713 936 2761 ut
980 2708 1230 2763 subinde
1270 2709 1402 2764 aliis
1452 2710 1704 2781 aliisque
1753 2711 2090 2766 recentibus

445 2802 502 2848 et
534 2796 778 2867 integris
812 2797 1030 2851 viribus
1070 2799 1494 2870 Oppugnationi
1541 2799 1955 2868 subeuntibus,
1988 2801 2090 2870 qui

441 2885 602 2938 intus
634 2891 821 2954 erant,
855 2885 1158 2941 laboribus
1203 2887 1502 2960 defatigati
1537 2906 1663 2944 sese
1701 2889 1941 2946 dedant.
1976 2890 2089 2945 Sed

439 2975 719 3047 oppidani
753 2977 983 3030 fortiter
1013 2993 1073 3031 se
1101 2977 1437 3046 tuebantur,
1472 2996 1662 3050 neque
1696 2981 2088 3052 oppugnatio-

441 3066 551 3121 bus
583 3065 904 3136 quidquam
933 3067 1317 3123 efficiebatur.
1345 3069 1717 3140 Omninoque
1749 3076 1919 3140 capta
1947 3069 2088 3125 urbs

442 3173 562 3211 non
615 3155 840 3225 fuisset,
897 3158 1010 3211 nisi
1059 3158 1313 3229 proditio
1363 3159 1673 3230 cujusdam
1719 3159 2088 3214 Amoriensis

445 3247 898 3302 intercessisset.
961 3250 1013 3302 ls
1085 3249 1344 3301 Baditzes
1421 3249 1683 3316 nomine,
1745 3247 2092 3302 muneribus

443 3342 779 3405 corruptus,
838 3336 1066 3406 ejurata
1121 3337 1194 3390 ob
1266 3338 1704 3390 contentionem
1774 3335 2092 3406 quamdam

444 3424 777 3478 Christiano
811 3423 1116 3494 religione.
1151 3441 1218 3477 eo
1264 3423 1576 3495 prolapsus
1623 3431 1710 3478 est
1739 3426 2094 3480 temeritatis

443 3519 509 3566 ut
564 3512 814 3582 patriam
864 3511 1160 3582 proderet,
1213 3519 1270 3568 et
1310 3513 1538 3568 occulte
1601 3531 1734 3568 cum
1787 3514 2095 3569 Saracenis

445 3600 774 3656 collocutus
800 3601 1031 3656 monuit
1061 3607 1127 3656 ut
1155 3602 1228 3657 ab
1259 3619 1327 3657 ea
1358 3608 1524 3674 parte
1556 3602 1764 3658 urbem
1799 3619 2097 3675 oppugna-

446 3694 598 3758 rent,
634 3706 750 3759 qua
803 3689 1037 3745 facilius
1094 3690 1153 3745 in
1200 3708 1403 3747 muros
1458 3691 1620 3746 evadi
1677 3709 1850 3763 posse
1901 3699 2094 3748 norat.

445 3781 788 3851 Expugnata
817 3779 961 3834 urbe
987 3785 1222 3850 quantm
1271 3781 1463 3836 caedes
1487 3780 1658 3836 edita:
1705 3781 1825 3836 sint
1855 3785 1913 3836 et
1955 3787 2099 3853 quot

447 3867 655 3939 captivi
705 3868 863 3937 facti,
915 3867 1166 3924 dicendo
1217 3870 1468 3940 exprimi
1517 3887 1635 3925 non
1686 3876 1899 3942 potest.
1948 3873 2094 3926 Nam

446 3959 719 4013 Saraceni
776 3959 908 4014 irati
969 3959 1125 4028 quod
1196 3959 1445 4014 durante
1514 3959 1824 4015 obsidione
1879 3960 2096 4016 multos

449 4067 690 4105 suorum
723 4050 984 4104 illustres
1016 4051 1379 4118 amisissent,
1412 4051 1575 4106 nulla
1619 4068 1823 4106 eorum
1856 4052 1914 4106 in
1947 4069 2097 4122 quos

448 4139 792 4194 incidebant
820 4141 1201 4195 miseratione
1242 4141 1409 4208 moti,
1441 4141 1594 4194 viros
1638 4140 2096 4209 obtruncabant,

450 4229 731 4282 mulieres
763 4246 896 4283 cum
929 4229 1253 4283 infantibus
1287 4235 1344 4283 et
1375 4230 1572 4300 pueris
1601 4229 1930 4300 rapiebant,
1963 4229 2098 4300 pul-

451 4317 744 4371 cherrima
775 4335 1025 4388 quaeque
1075 4319 1326 4372 aedificia
1367 4318 1785 4374 incendebant.
1832 4320 2097 4390 Denique

455 4404 595 4458 urbs
649 4406 1036 4460 Orientalium
1093 4407 1494 4478 pulcherrima
1550 4408 1756 4479 exiguo
1816 4408 2099 4480 temporis

456 4493 645 4564 spatio
677 4493 758 4547 ita
786 4494 935 4548 937
975 4497 1152 4566 periit
1181 4502 1246 4550 ut
1274 4496 1425 4551 nihil
1457 4504 1669 4568 praeter
1699 4496 1914 4552 rudera
1945 4505 2100 4553 esset

2202 1924 2378 1976 μενος.
2424 1905 2787 1977 Ἀπεπειρᾶτο
2817 1899 2875 1956 δὲ
2902 1908 3002 1972 τῆς
3029 1906 3124 1956 τοῦ
3171 1901 3538 1977 ἀμερμουμνῆ
3595 1903 3849 1978 γνώμης,

2200 1990 2246 2046 ε’ί
2277 2012 2394 2052 πως
2424 1989 2688 2061 δυνηθείη
2725 1997 3065 2064 μεταστῆσαι
3107 1994 3303 2045 τοῦτον
3347 1998 3447 2060 τῆς
3495 1989 3846 2065 πολιορκίας.

2197 2081 2606 2154 Ἐκπέμπονται
2667 2081 2756 2135 οὗν
2818 2075 3141 2154 πρεσϐευταὶ
3205 2082 3339 2152 μετά
3398 2077 3588 2154 δώρων
3650 2081 3848 2152 τιμίων

2198 2171 2288 2224 καὶ
2320 2169 2667 2246 ὑποσχέσεων
2705 2171 2806 2225 οὐκ
2850 2167 3056 2242 ὀλίγων
3104 2174 3298 2224 τοῦτον
3351 2168 3848 2240 ἐκδυσωπήσοντες,

2201 2261 2253 2315 οἳ
2288 2257 2354 2329 δὴ
2388 2259 2479 2314 καὶ
2519 2261 2582 2314 τὸ
2641 2257 3003 2334 στρατόπεδον
3063 2253 3462 2320 καταλαϐόντες
3515 2263 3626 2313 τῶν
3687 2267 3852 2334 Σαρα-

2199 2354 2376 2419 κηνῶν
2407 2355 2495 2402 καί
2529 2349 2604 2411 εἷς
2634 2344 2756 2420 ὄψιν
2791 2346 3040 2410 ἐλθόντες
3070 2351 3148 2418 τῷ
3178 2346 3406 2421 ἄρχοντι
3437 2347 3503 2402 τὰ
3559 2347 3713 2422 παρᾶ
3755 2353 3844 2402 τοῦ

2205 2439 2474 2514 βασιλέως
2513 2437 2815 2509 μηνυθέντα
2847 2437 3144 2512 παρίστων.
3191 2438 3254 2492 Ὁ
3307 2434 3364 2492 δὲ
3411 2441 3568 2510 θυμῷ
3617 2439 3845 2515 κατεχό-

2205 2549 2366 2601 μενος
2396 2527 2612 2602 ἀσχέτῳ
2644 2525 2732 2581 διὰ
2763 2529 2860 2596 τήν
2893 2534 2992 2596 τῆς
3041 2523 3302 2600 πατρίδος
3360 2525 3565 2581 ἅλωσιν
3613 2528 3710 2582 τὸν
3760 2527 3848 2599 μὲν

2206 2617 2431 2692 βασιλέα
2460 2625 2558 2686 τῆς
2604 2613 2810 2679 δειλίας
2866 2617 3277 2689 κατεκερτόμει,
3337 2613 3595 2686 ἐξουθένει
3660 2613 3717 2670 δὲ
3762 2615 3845 2669 καὶ

2198 2710 2296 2776 τήν
2333 2701 2620 2781 πρεσϐείαν
2668 2708 2756 2760 καί
2817 2703 3124 2778 έκωμῲδει,
3183 2704 3274 2760 καὶ
3330 2706 3457 2767 τοὺς
3514 2701 3845 2781 πρεσϐευτὰς

2201 2794 2252 2851 ἐν
2315 2793 2539 2869 δεσμοῖς
2593 2801 2840 2870 κατεῖχε,
2925 2795 3228 2869 περιμένων
3294 2796 3393 2864 τήν
3449 2801 3550 2864 τῆς
3607 2795 3845 2870 πράξεως

2201 2879 2442 2942 ἔκϐασιν.
2476 2887 2589 2953 Τὴν
2621 2883 2678 2940 δὲ
2713 2884 3036 2959 πολιορκίαν
3085 2883 3172 2938 ἐπὶ
3222 2882 3387 2940 πλέον
3438 2883 3730 2953 ἐπέτεινεν,
3776 2883 3844 2942 εἰς

2198 2972 2384 3030 πολλά
2418 2975 2557 3049 μέρη
2592 2971 2788 3029 διελὼν
2823 2976 2906 3028 τὸν
2938 2973 3162 3048 στρατὸν
3193 2973 3281 3028 καὶ
3313 2972 3372 3027 ἐκ
3428 2970 3702 3048 διαδοχῆς
3758 2972 3844 3032 τὰς

2197 3059 2514 3137 προσϐολὰς
2545 3064 2894 3135 ποιούμενος,
2937 3065 3022 3134 [Ρ.
3075 3065 3201 3137 532]
3246 3064 3338 3117 ἳνα
3385 3067 3464 3135 τῷ
3505 3064 3716 3132 πλήθει
3761 3062 3843 3115 καὶ

2196 3158 2263 3227 τῇ
2324 3154 2656 3226 ἀκμαιότητι
2713 3156 2821 3208 τῶν
2886 3150 3290 3224 ὗπαλλομένων
3357 3152 3741 3224 ἀποκαμόντες
3795 3152 3840 3203 οἱ

2201 3239 2348 3297 ἔνδον
2376 3241 2633 3316 καὶπρὸς
2671 3240 2799 3302 τοὺς
2858 3242 3058 3303 πόνους
3117 3241 3478 3316 ἀπειρηκότες
3528 3238 3842 3296 ἐνδώσουσι.

2204 3332 2490 3405 Καρτερῶς
2525 3327 2580 3385 δὲ
2607 3331 2698 3384 καὶ
2728 3334 2835 3384 τῶν
2877 3323 3023 3384 ἔνδον
3072 3328 3430 3403 ἀμυνομένων
3478 3325 3747 3398 ἄπρακτοι
3796 3329 3844 3380 αἱ

2201 3417 2574 3494 ἐπιχειρήσεις
2653 3426 2751 3487 τῆς
2843 3417 3172 3493 πολιορκίας
3266 3417 3529 3494 ἐγίνοντο.
3597 3421 3704 3472 Κάν
3771 3414 3845 3470 δι-

2202 3510 2393 3586 έφυγεν
2427 3512 2462 3578 ἡ
2496 3506 2660 3571 πόλις
2691 3511 2790 3576 τήν
2820 3507 3046 3576 ἅλωσιν,
3080 3507 3123 3562 εἶ
3158 3512 3234 3580 μή
3259 3529 3341 3570 τις
3364 3513 3472 3563 τῶν
3497 3508 3626 3563 εἶ’σω
3649 3505 3843 3582 δώροις

2204 3596 2540 3659 ὑποκλαπείς
2580 3597 2671 3652 καὶ
2727 3598 2826 3666 τὴν
2883 3601 2989 3651 τῶν
3055 3599 3390 3672 Χριστιανῶν
3450 3596 3841 3670 ἐξομοσάμενος

2200 3688 2379 3742 πίστιν
2413 3684 2502 3742 διά
2546 3707 2666 3742 τινα
2722 3683 3086 3760 φιλονεικίαν,
3148 3685 3224 3748 εἷς
3287 3690 3546 3741 τοσοῦτον
3601 3685 3842 3740 κίνδυνον

2204 3774 2526 3849 ὀλισθήσας,
2557 3773 2826 3849 προδοσίᾳ
2855 3771 3144 3849 προῦδωκε
3167 3776 3268 3846 τὴν
3299 3773 3550 3850 πατρίδα·
3584 3772 3843 3842 Βαδίτζης

2204 3865 2376 3939 ὄνομα
2404 3869 2484 3938 τῷ
2513 3861 2686 3941 ἀνδρί.
2720 3865 2898 3926 Οὗτος
2951 3864 3055 3938 γὰρ
3116 3863 3290 3937 λάθρα
3345 3869 3461 3926 τοῖς
3513 3865 3844 3939 Σαρακηνοῑς

2203 3954 2469 4030 ἐντυχὼν,
2501 3953 2591 4009 καὶ
2623 3951 2746 4008 ἔνθα
2774 3953 2838 4008 τὸ
2894 3958 3081 4028 τεῖχος
3132 3950 3388 4029 εὐέφοδον
3435 3953 3526 4023 ἧν,
3576 3958 3844 4014 ποιεῖσθαι

2201 4045 2295 4106 τὰς
2327 4039 2646 4120 προσϐολὰς
2680 4044 3037 4117 ὑποθέμενος,
3091 4040 3264 4105 αἴτιος
3309 4042 3553 4120 ἐγεγόνει
3599 4047 3698 4096 τοῦ
3751 4042 3842 4108 τήν

2203 4132 2366 4188 πόλιν
2401 4133 2627 4189 ἁλῶναι.
2660 4135 2760 4194 Ἦς
2795 4129 2860 4202 δὴ
2895 4130 3146 4205 πολέμου
3170 4133 3323 4205 νόμῳ
3346 4132 3671 4208 ληφθείσης,
3695 4136 3843 4191 ποῖος

2203 4223 2386 4284 ἱκανὸς
2416 4222 2584 4297 λόγος
2627 4221 2854 4292 ἐξειπεῖν
2909 4221 2972 4276 τὸ
3031 4220 3245 4291 πλῆθος
3304 4227 3411 4277 τῶν
3473 4223 3847 4294 ἀναιρεθέντων

2203 4312 2293 4367 καὶ
2341 4319 2448 4366 τῶν
2506 4310 3108 4386 αἰχμαλωτισθέντων;
3153 4316 3322 4384 Θυμῷ
3361 4311 3464 4386 γὰρ
3518 4309 3846 4385 βαλλόμενοι

2207 4401 2258 4456 οἱ
2294 4401 2602 4475 Σαρακηνοὶ
2637 4397 2727 4454 διὰ
2755 4401 2816 4454 τὸ
2855 4398 3102 4461 πολλοὺς
3134 4403 3241 4454 τῶν
3278 4401 3552 4478 ἐπιφανῶν
3600 4401 3735 4454 κατὰ
3761 4400 3843 4453 τὸν

2205 4492 2392 4564 καιρὸν
2453 4497 2553 4560 τῆς
2619 4490 2944 4566 πολιορκίας
3005 4492 3381 4564 ἀναιρεθῆναι,
3440 4487 3629 4544 οὐδένα
3680 4491 3846 4545 οἶκτον

453 4555 774 4653 reliquum.
809 4555 1029 4653 (Σειριὶνὶ
1057 4555 1504 4640 abducebantdr
1533 4587 1862 4641 cohortium
1895 4587 2093 4642 ducto-

2207 4586 2314 4635 τῶν
2355 4581 2780 4656 προστυχόντων
2837 4575 3170 4654 ἐλάμϐανον,
3227 4577 3363 4634 ἀλλ’
3421 4579 3712 4653 ἀνῃροῦντο
3767 4578 3852 4651 μὶν

454 4688 548 4726 res
603 4669 898 4739 Callistus,
949 4672 1390 4740 Constantinus,
1440 4673 1780 4729 Theodorus
1821 4679 2099 4743 Caeterus,

453 4760 707 4832 patricii,
741 4777 993 4832 cumque
1026 4761 1120 4817 his
1142 4760 1240 4816 alii
1274 4761 1538 4832 plurimi,
1569 4763 1842 4832 praeturis
1869 4763 2101 4818 bellicis

454 4851 704 4922 aliisque
739 4853 988 4907 summis
1021 4851 1406 4924 dignitatibus
1437 4851 1720 4908 illustres.

2210 4667 2419 4746 ἂνδρες,
2451 4670 2649 4746 ἤγοντο
2693 4667 2749 4724 δὲ
2775 4675 3020 4742 γυναῖκες
3081 4668 3174 4723 σὺν
3241 4667 3543 4743 μειρακίοις
3599 4669 3688 4724 καὶ
3741 4688 3852 4722 νεα-

2207 4759 2431 4828 νίσκοις,
2464 4757 2884 4832 ἐπυρπολοῦντο
2932 4759 2998 4812 τὰ
3043 4757 3318 4813 κάλλιστα
3359 4762 3466 4813 τῶν
3519 4757 3853 4832 οἰκημάτων,

2210 4851 2299 4906 καὶ
2331 4849 2384 4904 ἐν
2444 4849 2506 4904 οὐ
2567 4850 2763 4924 μακρῷ
2820 4853 2899 4921 τῷ
2956 4848 3146 4924 χρόνῳ
3203 4850 3238 4918 ἡ
3279 4853 3388 4904 τῶν
3444 4847 3594 4920 ἑῴων
3650 4847 3855 4904 πόλεων

455 4936 878 5015 διαπγεπεστέρα
935 4937 1360 5014 ἐκλελειμμένον
1421 4937 1690 4995 ἐδείκνυτο
1758 4938 2012 5015 ἑρείπιον.
2082 4940 2318 5016 Ἠγόντο
2377 4937 2435 4994 δὲ
2491 4937 2715 5015 ζωγρίαι
2768 4939 2858 4993 καὶ
2919 4941 2969 4993 οἱ
3022 4943 3136 4993 τῶν
3223 4939 3640 5010 στρατευμάτων
3719 4937 3858 5010 ἐξάρ-

460 5049 675 5104 χοντες,
715 5027 1023 5092 Κάλλιστός
1063 5050 1121 5084 τε
1158 5031 1248 5084 καὶ
1308 5033 1712 5094 Κωνσταντῖνος
1765 5030 1856 5086 καὶ
1915 5027 2194 5104 Θεόδωρος
2225 5030 2253 5084 ὁ
2284 5028 2554 5105 Κρατερὸς
2615 5029 2666 5083 οἳ
2725 5029 3026 5102 πατρίκιοι,
3085 5025 3179 5082 καὶ
3235 5025 3402 5082 ἄλλοι
3449 5025 3700 5083 πλεῖστοι
3753 5030 3852 5081 τῶν

454 5116 506 5170 ἐν
541 5117 894 5191 στρατηγίαις
925 5115 1216 5195 διαφανῶν,
1254 5117 1526 5192 μεγίστοις
1559 5118 1925 5192 ἐμπρέποντες
1955 5119 2278 5192 ἀξιώμασιν.

527 5210 706 5281 Capto
739 5208 812 5264 ad
843 5209 995 5264 hunc
1031 5208 1272 5263 modum
1316 5210 1576 5278 Amorio,
1624 5209 1900 5280 princeps
1931 5209 2101 5263 Sara-

461 5313 744 5354 cenorum
796 5298 972 5353 veluti
1022 5298 1317 5354 insultans
1372 5299 1546 5354 rebus
1598 5299 1776 5371 gestis
1824 5299 2004 5369 inque
2037 5298 2110 5353 iis

460 5387 714 5453 superbe
745 5403 1108 5450 comessans,
1143 5386 1365 5458 legatos
1391 5387 1766 5458 imperatoris
1795 5387 1996 5442 omnia
2026 5387 2110 5443 in-

463 5472 689 5540 Spicere
705 5474 906 5540 jussos
925 5492 1054 5543 qum
1074 5481 1204 5529 acta
1221 5480 1439 5538 essent,
1456 5475 1639 5530 cladis
1658 5477 1900 5532 nuntios
1922 5476 1993 5531 ad
2015 5477 2111 5530 do-

465 5558 694 5612 minum
727 5561 991 5615 remittit.
1017 5562 1172 5624 Quos
1197 5563 1296 5616 ille
1321 5580 1524 5618 rursus
1542 5564 1614 5618 ad
1637 5581 2112 5621 amermumnam

474 5645 663 5715 misit,
696 5649 906 5717 petens
954 5646 1066 5700 sibi
1115 5655 1317 5720 captos
1366 5649 1428 5705 in
1459 5651 1623 5707 urbis
1675 5653 2116 5726 expugnatione

2286 5205 2446 5264 Οὕτω
2481 5203 2538 5262 δὲ
2570 5208 2930 5283 χειρωθείσης
2957 5214 3060 5279 τῆς
3121 5203 3336 5267 πόλεως
3385 5203 3511 5267 τοὺς
3559 5198 3803 5278 πρέσϐεις
3831 5202 3857 5256 ὁ

2218 5301 2327 5351 τῶν
2368 5301 2702 5372 Σαρακηνῶν
2759 5297 3008 5372 ἀρχηγὸς
3067 5300 3175 5352 τῶν
3244 5294 3600 5369 πραχθέντων
3645 5287 3854 5348 ἕκαστον

2222 5383 2587 5451 ἐπίσκοπῆσαι
2648 5385 3126 5460 ἐγκελευσάμενος,
3211 5381 3396 5458 ὥσπερ
3462 5403 3545 5444 τις
3602 5378 3860 5459 ἐντρυφῶν

2220 5475 2309 5529 καὶ
2374 5472 2821 5549 ἐνευωχούμενος
2883 5478 3000 5535 τοῖς
3087 5475 3430 5548 πραχθεῖσιν,
3510 5467 3862 5546 αὐταγγέλους

2222 5570 2326 5633 τῆς
2359 5570 2642 5640 συμφορᾶς
2675 5561 2941 5635 ἐκπέμπει
2969 5566 3049 5634 τῷ
3083 5561 3322 5638 βασιλεῖ,
3355 5560 3463 5622 Οῧς
3511 5558 3678 5615 πάλιν
3727 5557 3861 5614 ἐκεῖ·

2229 5673 2322 5717 νος
2353 5654 2487 5730 πρὸς
2546 5653 2639 5708 τὸν
2695 5651 3093 5729 ἆμερμουμνῆν
3154 5648 3543 5725 ἐξαπέστειλεν,
3597 5645 3858 5718 ἀποδοθῆ-
