4130 6218
308 395 462 456 1021

1509 388 2054 454 HISTORIARUM
2101 392 2644 461 COMPENDIUM.

3559 400 3717 460 1022

306 529 392 583 ναί
426 528 478 581 οἱ
512 526 687 596 ζητῶν
720 525 848 588 τούς
883 544 941 579 τε
971 522 1272 602 ληφθέντας
1325 520 1595 602 διαφανεῖς
1649 520 1845 600 ἄνδρας
1900 521 1947 577 ἐν

2070 525 2333 583 illustres
2351 530 2502 586 viros
2525 531 2755 603 sibique
2786 547 2999 604 genere
3027 533 3391 604 propinquos
3417 532 3715 604 etreliqos

304 622 373 692 τῇ
405 616 703 690 πολιορκίᾳ
740 635 830 669 και
884 612 1010 675 τοὺς
1068 614 1204 667 κατά
1259 613 1411 689 γένος
1470 613 1616 686 αὑτῷ
1645 616 1956 689 προσήκον..

300 727 398 769 τας
425 704 514 760 καὶ
543 703 672 766 τοὺς
727 702 957 766 λοιποὺς
1006 699 1425 777 αῗχμαλώτους,
1475 701 1675 757 εῗ¹κοσιν
1709 702 1794 757 ἐπὶ
1825 704 1952 758 τέσ-

305 815 459 870 σαρσι
491 793 869 867 κεντηναρίους
929 789 1119 846 δώσειν
1179 791 1609 866 ὑπισχνούμενος
1670 792 1799 865 ὑπὲρ
1850 791 1953 846 λύ-

306 885 770 960 τρωναῦτῶν.”0
829 879 887 936 δὲ
941 883 1040 951 τὴν
1099 876 1383 956 πρεσϐιίαν
1445 879 1729 953 δεξάμενος
1787 879 1953 935 πάλιν

313 978 440 1036 τοὺς
490 969 740 1047 πρεσϐεις
800 973 917 1046 μεθ’
972 966 1176 1046 ὕϐρεως
1238 969 1575 1045 ἀπέπεμψεν,
1634 971 1860 1041 ἀνόητος
1891 970 1953 1026 ἂν

312 1066 446 1120 εἶναι
491 1063 656 1119 εἰπὼν
717 1061 762 1117 εί
821 1059 984 1137 χίλια
1042 1061 1369 1135 κεντηνᾶρια
1418 1060 1807 1122 καταναλώσας
1867 1059 1954 1114 ἐπὶ

309 1151 554 1225 συλλογῇ
584 1151 680 1206 τοῦ
707 1150 914 1205 οἰκείου
947 1153 1176 1224 στρατοῦ
1222 1149 1496 1204 τοσούτων
1525 1145 1798 1203 ἀποδώσει
1829 1147 1956 1210 τοὺς

304 1241 595 1310 ἡλωκότας
625 1240 1005 1314 κεντηναρίων.
1056 1239 1373 1312 Ἀπράκτων
1427 1236 1486 1293 δὲ
1535 1243 1642 1293 τῶν
1677 1233 1952 1315 πρέσϐεων

307 1332 761 1406 ὑποστρεψάντων
807 1333 875 1402 τῇ
926 1327 1204 1398 ἀπληστίᾳ
1232 1334 1332 1396 τῆς
1386 1333 1669 1406 συμφορᾶς
1721 1326 1952 1402 πληγεὶς

301 1422 328 1475 ὁ
365 1419 649 1497 Θεόφιλος,
709 1419 881 1473 πᾶσάν
909 1439 968 1474 τε
1000 1420 1204 1493 βρῶσιν
1263 1416 1354 1472 καὶ
1403 1416 1561 1471 πόσιν
1616 1417 1950 1496 ἀποστρεφό-

306 1531 460 1583 μενος
490 1507 581 1564 καῖ
640 1505 837 1588 σχεδὸν
895 1507 1153 1569 ἀπόσιτος
1212 1507 1476 1583 γεγονὼς,
1508 1507 1596 1561 καὶ
1637 1503 1805 1580 μηδὲν
1835 1503 1952 1561 ’ἐτε-

305 1620 394 1675 ρον
423 1599 777 1674 προσιέμενος
872 1597 934 1650 τὸ
965 1595 1024 1650 ἐκ
1068 1597 1258 1671 χιόνος
1314 1590 1753 1667 ἀποθλιϐόμενον
1782 1592 1950 1669 ὕδωρ,

301 1687 640 1761 δυσεντερίας
697 1686 842 1742 ἑάλω
915 1688 1231 1759 νοσήματι.
1293 1684 1472 1740 Ἀλλά
1527 1685 1720 1761 καίπερ
1779 1686 1950 1749 οὕτως

303 1797 449 1852 εχων
480 1778 735 1848 πονήρως
769 1778 870 1830 οὐκ
921 1775 1140 1847 ἠρέμει,
1201 1771 1328 1828 οὐδὲ
1384 1773 1617 1850 μετρίως
1671 1769 1824 1852 ἔφερε
1851 1778 1952 1845 τήν

2064 618 2324 689 captivos
2363 621 2551 689 reddi,
2593 623 3061 694 promittensque
3101 638 3205 692 pro
3249 639 3452 677 eorum
3484 622 3713 677 redem-

2064 708 2266 778 ptione
2315 709 2386 762 24
2437 711 2797 766 centenaria.
2853 712 2966 766 Hos
3029 727 3262 781 quoque
3321 711 3716 782 ignominiose

2063 796 2296 850 remisit
2330 797 2638 867 barbarus,
2673 801 2956 855 stolidum
2989 817 3050 854 se
3075 801 3198 854 fore
3230 799 3405 858 fatus.
3432 801 3480 854 si
3513 807 3719 870 captos

2067 889 2151 938 tot
2182 887 2540 941 centenariis
2570 888 2866 956 redderet,
2885 905 3018 943 cum
3044 889 3167 960 ipse
3191 889 3352 943 mille
3376 889 3720 942 centenaria

2065 972 2126 1027 in
2157 975 2586 1046 comparandas
2617 977 2814 1049 copias
2846 978 3252 1048 impendisset.
3290 979 3514 1050 Legatis
3537 993 3598 1031 re
3623 977 3706 1030 in-

2064 1062 2216 1118 fecta
2243 1064 2484 1119 domum
2519 1067 2788 1134 reversis,
2821 1067 3159 1137 Theophilis
3181 1067 3337 1121 mole
3360 1067 3715 1127 calamitatis

2065 1168 2382 1222 oppressus
2411 1171 2646 1209 omnem
2681 1172 2830 1226 pene
2853 1156 3050 1210 cibum
3073 1173 3140 1210 ac
3163 1162 3365 1226 potum
3390 1165 3714 1226 aversatus,

2067 1245 2417 1312 tantumque
2448 1258 2660 1313 aquam
2683 1261 2753 1298 ex
2773 1245 2902 1298 nive
2930 1261 3266 1314 expressam
3291 1245 3635 1317 admittens,
3653 1250 3716 1304 in

2064 1330 2463 1401 dysenteriam
2527 1333 2755 1388 incidit.
2808 1335 2921 1390 Sed
2975 1342 3175 1389 tamen
3235 1351 3573 1407 quanquam
3637 1341 3718 1395 ita

2063 1419 2350 1475 afﬂictum
2389 1423 2610 1477 Amorii
2644 1424 2939 1479 excidium
2987 1424 3293 1494 quiescere
3333 1441 3711 1498 nequaquam

2064 1525 2308 1579 passum
2359 1516 2485 1577 est;
2536 1512 2692 1582 quod
2738 1513 3044 1584 mgerrime
3087 1513 3282 1567 ferens
3334 1517 3706 1572 occasionem

2062 1598 2424 1669 modumque
2457 1600 2781 1655 ulciscendi
2814 1602 3042 1656 hostem
3074 1601 3227 1657 988
3260 1603 3710 1676 circumspicie-

2060 1689 2179 1744 bat.
2216 1695 2296 1746 Ea
2326 1691 2398 1746 de
2421 1708 2598 1746 causa
2617 1691 3010 1747 Theodosium
3031 1693 3369 1762 patricium,
3397 1695 3709 1750 Bubutzica

2061 1781 2242 1851 stirpe
2276 1786 2503 1845 natum,
2536 1780 2608 1834 ad
2641 1798 2837 1853 regem
2868 1782 3128 1836 Franciaa
3163 1782 3414 1854 ablegat,
3457 1785 3707 1838 auxilia-

303 1869 405 1920 τοῦ
452 1865 733 1939 Ἀμωρίου
780 1865 1184 1938 καααστροφὴν,
1214 1862 1361 1918 ἀλλά
1389 1863 1574 1938 καιρὸν
1628 1864 1717 1920 καὶ
1747 1865 1947 1938 τρόπον

2060 1869 2177 1925 rias
2208 1870 2280 1925 ab
2314 1887 2380 1924 eo
2412 1871 2610 1942 copias
2641 1871 2862 1926 validas
2893 1876 3122 1941 petens,
3157 1871 3520 1942 hortansque
3557 1879 3620 1927 ut
3652 1874 3704 1927 is

307 1951 488 2023 ἐζήτει
518 1957 635 2014 πῶς
667 1951 725 2006 ἃν
758 1951 1024 2023 ἀμύναιτο
1075 1951 1167 2006 τὸν
1199 1950 1421 2030 ἐχθρόν.
1465 1953 1560 2007 Διὸ
1590 1953 1680 2007 καὶ
1731 1951 1946 2008 στέλλει

305 2043 439 2116 πρὸς
470 2042 560 2096 τὸν
593 2048 736 2118 ρῆγα
779 2039 1057 2116 Φραγγίας
1112 2043 1224 2114 (18)
1281 2041 1373 2095 τὸν
1437 2043 1719 2116 πατρίκιον
1751 2040 1948 2098 Θεοδό-

303 2153 439 2197 σιον,
471 2131 531 2186 ἐκ
566 2135 663 2185 τοῦ
705 2136 812 2185 τῶν
870 2125 1285 2198 Βουϐουτζίκων
1341 2129 1710 2204 καταγόμενον
1737 2130 1946 2206 γένους,

299 2220 614 2294 ὲπικουρίαν
672 2240 729 2274 τε
813 2220 1032 2289 ἐξαιτῶν
1095 2220 1430 2296 πεμφθῆναι,
1517 2221 1601 2292 [Ρ.
1672 2223 1798 2294 533]
1856 2220 1947 2275 καὶ

301 2307 620 2363 ἀποστεῖλαι
678 2305 900 2378 δύναμιν
979 2305 1285 2380 ἀξιόμαχον
1355 2316 1444 2361 καὶ
1502 2313 1744 2362 κακῶσαι
1809 2309 1945 2383 μέρη

295 2399 419 2453 τινὰ
446 2405 544 2466 τῆς
597 2391 802 2466 Λιϐύης
853 2399 931 2466 τῷ
974 2395 1345 2468 ἀμερμουμνῇ
1394 2393 1735 2473 διαφέροντα.
1790 2397 1947 2454 Ἀλλ’

303 2488 437 2557 αὕτη
498 2488 594 2560 μὲν
625 2487 659 2555 ἡ
689 2480 947 2560 πρεσϐεία
1000 2485 1272 2559 ἄπρακτος
1301 2484 1500 2557 ἔμεινε,
1530 2490 1628 2541 τυῦ
1654 2484 1948 2542 Θεοδοσίου

303 2580 404 2645 τήν
465 2578 610 2648 ζωήν
667 2577 786 2638 καθ’
841 2574 967 2630 ὁδὸν
1017 2575 1503 2651 καταστρέψαντος·
1537 2578 1564 2631 6
1596 2576 1860 2653 Θεόφιλος
1893 2575 1949 2633 δὲ

300 2669 390 2722 καὶ
419 2667 620 2736 ταύτης
665 2663 958 2720 διεκπεσὼν
990 2673 1090 2735 τῆς
1140 2664 1363 2728 ἐλπίδος
1411 2666 1498 2722 έπί
1546 2665 1712 2722 πλέον
1754 2689 1812 2722 τε
1845 2668 1947 2722 ὑπὸ

296 2765 397 2826 τῆς
447 2753 606 2810 νόσου
663 2756 1031 2834 σφιγγόμενος
1105 2757 1273 2810 ἄνεισι
1333 2756 1604 2831 κλινήρης
1663 2758 1798 2830 πρὸς
1847 2758 1948 2824 τὴν

298 2845 638 2918 Μαγναύραν,
688 2843 928 2918 ένῇτήν
986 2864 1046 2898 τε
1101 2843 1406 2920 σύγκλητον
1465 2843 1828 2916 ἐκκλησιάσας
1857 2845 1948 2900 καὶ

292 2941 354 2992 τὸ
386 2935 580 2991 λοιπὸν
642 2933 876 3010 ἐμφανὲς
936 2933 1099 3008 μέρος
1152 2941 1252 3004 τῆς
1306 2932 1523 2996 πόλεως
1578 2938 1688 3007 (l9)
1735 2934 1802 2989 τά
1830 2937 1949 2990 καθ’

295 3027 480 3081 ἑαυτὸν
529 3021 882 3100 ἐξετραγῴδει
941 3024 1031 3078 καὶ
1098 3023 1438 3100 ὠλοφύρετο,
1492 3018 1737 3086 καὶτοὺς
1770 3046 1945 3080 συνειο

294 3115 594 3189 λεγμένους
650 3114 830 3184 ἐζήτει
916 3116 1015 3183 τήν
1104 3113 1181 3174 εἷς
1250 3112 1409 3167 αὐτὸν
1467 3113 1945 3190 ἀπομνημονεύειν

2056 1967 2253 2032 partes
2278 1960 2468 2032 Libya)
2487 1961 2558 2015 ad
2573 1977 3046 2016 amermumnam
3063 1961 3431 2031 pertinentes
3445 1961 3707 2017 infestet.

2056 2051 2168 2105 Sed
2218 2051 2344 2105 haec
2393 2066 2630 2120 quoque
2689 2050 2902 2120 legatio
2953 2050 3119 2104 irrita
3184 2050 3314 2112 fuit.
3367 2055 3598 2104 mortuo
3645 2052 3705 2104 in

2057 2141 2271 2194 itinere
2326 2138 2674 2193 Theodosio.
2734 2138 3094 2207 Theophilus
3144 2138 3253 2192 hac
3307 2155 3542 2208 quoque
3603 2155 3706 2210 spe

2055 2227 2279 2298 lapsus,
2303 2229 2745 2299 ingravescente
2777 2228 3022 2297 insuper
3051 2225 3279 2288 morbo,
3312 2227 3373 2280 in
3403 2227 3612 2282 lectica
3643 2244 3704 2282 se

2057 2316 2130 2372 ad
2163 2319 2543 2388 Magnaurum
2575 2316 2872 2387 deportari
2897 2316 3099 2385 jubet:
3134 2313 3460 2386 eodemque
3493 2333 3706 2370 convo-

2057 2410 2186 2460 cato
2229 2411 2441 2459 senatu
2482 2410 2541 2460 et
2587 2410 2752 2475 parte
2795 2405 3046 2458 civitatis
3095 2403 3412 2464 nobiliore,
3461 2421 3702 2460 suarum

2056 2511 2256 2548 rerum
2290 2494 2567 2548 miseram
2599 2492 3002 2547 conditionem
3035 2493 3255 2562 tragice
3285 2492 3573 2563 deplorat,
3599 2511 3708 2548 cce-

2057 2589 2303 2653 tumque
2335 2582 2604 2636 hortatur
2637 2587 2701 2635 ut
2731 2596 3026 2636 memores
3052 2597 3173 2635 suae
3206 2582 3266 2635 in
3301 2582 3494 2651 ipsum
3529 2581 3712 2636 bene-

2057 2672 2329 2726 volentiaa
2362 2671 2540 2726 ﬁdem
2571 2671 2740 2724 uxori
2789 2687 2908 2724 suae
2957 2687 3132 2742 porro
3166 2669 3408 2740 filioque
3452 2677 3706 2737 servent,

2058 2761 2248 2832 iisque
2274 2760 2590 2830 imperium
2614 2759 2686 2813 ab
2715 2759 2946 2813 insidiis
2979 2764 3168 2813 tutum
3200 2764 3500 2826 prmstent.
3536 2760 3705 2814 Mise-

2055 2850 2227 2905 rabili
2255 2850 2630 2922 imperatoris
2651 2849 2919 2904 oratione
2940 2849 3142 2904 fractis
3162 2849 3465 2904 concionis
3485 2849 3703 2904 animis

2055 2940 2344 3011 ejulatum
2367 2938 2562 2994 unive:
2577 2938 2624 2992 si
2647 2937 3039 3002 sustulerunt,
3071 2954 3106 2992 a
3125 2939 3362 3009 Deoque
3385 2955 3590 2994 omnes
3611 2955 3700 2994 sa-

2055 3029 2240 3084 lutem
2271 3045 2338 3083 ac
2369 3027 2544 3081 vitam
2568 3027 2910 3097 imperatori
2939 3026 3300 3098 flagitarunt,
3327 3027 3504 3081 simul
3531 3027 3702 3098 polli-

2055 3117 2176 3181 citi,
2224 3117 2272 3171 si
2324 3116 2466 3187 quid
2517 3115 2568 3169 ei
2621 3115 2967 3169 humanitus
3010 3115 3326 3182 accideret,
3383 3116 3539 3184 quod
3587 3117 3701 3186 ipsi

293 3205 501 3260 εὔνοιαν
535 3204 589 3258 ἂν
618 3208 700 3276 τῷ
738 3203 917 3258 πίστιν
976 3203 1065 3257 καὶ
1123 3201 1397 3274 εὐμένειαν
1433 3210 1668 3275 τηρῆσαι
1719 3207 1856 3282 πρὸς
1885 3226 1944 3260 τε

2059 3205 2299 3276 quidem
2354 3204 2861 3268 abominarentur,
2911 3220 2973 3258 se
3018 3208 3144 3257 tum
3183 3219 3288 3274 pro
3325 3220 3506 3258 uxore
3553 3204 3701 3275 ejus,

294 3296 393 3362 τὴν
425 3293 589 3347 αὐτοῦ
638 3295 865 3368 σύζυγον
893 3291 1107 3346 καὶτὸν
1163 3289 1352 3358 παῖδα,
1411 3293 1501 3346 καὶ
1561 3289 1940 3372 διαφυλάττειν

293 3382 513 3446 τούτοις
541 3383 639 3450 τήν
691 3379 968 3457 βασιλείαν
1027 3376 1506 3438 ἀνεπιϐούλευτον.
1564 3383 1951 3447 Ἐπικλασθέν-

293 3491 404 3526 των
435 3467 491 3525 δὲ
545 3474 653 3525 τῶν
714 3467 1187 3542 συνηθροισμένων
1241 3475 1362 3531 τοῖς
1429 3469 1682 3533 ἐλεεινοῖς
1734 3472 1951 3536 τούτοις

299 3562 511 3634 ῥήμασι
570 3563 671 3614 τοῦ
733 3558 1006 3634 βασιλέως
1063 3555 1302 3630 ὀδυρμὸς
1359 3556 1504 3630 ἤρθη
1559 3559 1648 3613 καὶ
1705 3562 1947 3622 κωκυτὸς

299 3650 446 3725 παρά
494 3647 731 3704 πάντων·
795 3648 884 3702 καὶ
963 3649 1157 3708 πάντες
1234 3647 1650 3711 θεοκλυτοῦντες
1706 3646 1948 3724 ηὔχοντο

303 3739 400 3813 μὲν
459 3743 540 3811 τῷ
599 3734 815 3812 βασιλεῖ
875 3735 1056 3814 ὑγείαν
1115 3757 1172 3791 τε
1227 3736 1313 3791 καὶ
1372 3738 1536 3806 ζωήν,
1588 3736 1634 3791 εἷ
1695 3736 1762 3806 δ’,
1818 3738 1948 3814 ὅπερ

298 3828 560 3884 ἀπευκτὸν
589 3829 653 3896 ἧν
686 3828 894 3895 αὗτοῖς,
944 3825 1190 3894 θάνατος,
1250 3820 1462 3900 ἔλεγον,
1495 3823 1947 3898 ἐπακολουθήσει,

296 3919 430 3994 ὑπὲρ
459 3924 562 3986 τῆς
595 3916 758 3971 αὑτοῦ
786 3921 1036 3990 γαμετῆς
1082 3918 1230 3990 σφῶν
1289 3911 1346 3968 δέ
1403 3912 1690 3986 δεσποίνης
1719 3917 1808 3970 καὶ
1837 3922 1944 3971 τῶν

291 4004 498 4062 παίδων
536 4007 900 4080 ὑπισχνοῦντο
958 4004 1048 4057 καὶ
1106 4001 1292 4071 αὐτὰς,
1353 4003 1398 4057 εἰ
1448 4000 1660 4073 δεήσοι,
1691 4005 1945 4078 προέσθαι

291 4099 384 4158 τὰς
411 4096 594 4171 ψυχὰς
625 4094 715 4149 καὶ
758 4100 998 4168 τηρῆσαι
1054 4091 1270 4154 τούτοις
1327 4093 1426 4160 τήν
1481 4093 1762 4167 βασιλείαν
1794 4092 1946 4149 ἀδιαο

294 4181 576 4254 λώϐητον.
615 4184 714 4240 Καὶ
783 4182 834 4236 οἱ
895 4182 988 4254 μὲν
1048 4180 1550 4258 κατεπηγγειλαντο
1602 4187 1789 4254 ταῦτα,
1835 4181 1949 4239 ὁδέ

297 4273 554 4351 βασιλεὺς
586 4271 853 4352 Θεόφιλος
886 4271 990 4325 ὑπὸ
1017 4273 1113 4339 τῆς
1173 4270 1336 4325 νόσου
1390 4269 1614 4333 τελείως
1645 4272 1828 4333 τακεὶς
1857 4278 1946 4328 καί

293 4367 451 4438 μικὸν
480 4360 726 4424 ἐπιϐιοὺς
776 4364 840 4417 τὸ
899 4361 1080 4416 κοινὸν
1136 4361 1526 4437 ἀνεπλήρωσεν
1577 4358 1828 4437 ὄφλημα,
1857 4363 1945 4420 ἐπὶ

291 4452 503 4508 δώδεκα
533 4449 668 4507 ἔτεσι
701 4452 791 4506 καὶ
852 4451 988 4522 μησὶ
1047 4449 1193 4523 τρισῖ
1251 4451 1350 4519 τήν
1407 4448 1684 4524 βασιλείαν
1741 4452 1942 4514 ίθύνας.

288 4542 445 4598 Ἐπεὶ
476 4540 555 4608 6‘s,
588 4542 662 4601 ὡς
684 4541 887 4617 φθάσας
921 4541 949 4594 6
983 4537 1144 4612 λόγος
1177 4535 1446 4610 ἐδήλωσε,
1480 4541 1666 4613 χώραν
1699 4535 1860 4616 ἔσχον
1894 4543 1945 4596 οἱ

2058 3296 2302 3351 domina
2332 3312 2457 3361 sua,
2483 3299 2541 3349 et
2570 3294 2774 3350 liberis
2803 3294 2994 3365 ipsam
3027 3311 3284 3365 quoque,
3310 3293 3356 3348 si
3382 3293 3463 3348 ita
3486 3310 3580 3348 res
3609 3311 3706 3365 po-

2059 3385 2325 3453 stularet,
2360 3386 2538 3439 vitam
2559 3385 2956 3456 impensuros,
2983 3383 3171 3453 iisque
3195 3383 3512 3454 imperium
3544 3384 3704 3438 inco-

2060 3475 2218 3530 lume
2267 3479 2735 3530 conservaturos.
2783 3472 3119 3528 Secundum
3173 3473 3298 3526 hmo
3336 3473 3701 3543 TheOphilus

2059 3565 2265 3620 morbo
2287 3564 2464 3635 plane
2481 3568 2869 3633 consumptus
2887 3562 3063 3633 paulo
3083 3567 3215 3632 port
3231 3561 3492 3616 debitum
3517 3566 3700 3616 uatu-

2056 3671 2138 3708 rze
2164 3652 2462 3724 persolvit,
2497 3669 2631 3706 cum
2663 3651 2978 3721 imperium
3011 3667 3199 3704 annos
3235 3653 3298 3703 t2
3329 3655 3387 3704 et
3409 3667 3645 3705 menses
3673 3653 3702 3704 3

2055 3741 2358 3814 gessisset.
2405 3741 2548 3795 Cum
2597 3743 2796 3794 autem
2839 3738 2912 3792 ob
2956 3737 3269 3808 praadictas
3302 3753 3510 3792 causas
3540 3738 3707 3793 locus

2059 3836 2218 3886 esset
2244 3829 2396 3885 989
2429 3825 2850 3898 Theophobum
2874 3826 3029 3897 apud
3049 3825 3469 3896 imperatorem
3505 3826 3705 3880 crimi-

2057 3919 2362 3984 nantibus,
2395 3914 2774 3988 Theophibus
2805 3913 2933 3967 vitm
2967 3913 3144 3967 fidem
3176 3913 3396 3968 instare
3428 3913 3541 3968 sibi
3569 3931 3706 3970 sen-

2056 4011 2212 4065 tiens
2268 4005 2688 4077 Theophobum
2747 4003 2810 4057 in
2859 4018 3156 4058 carcerem
3215 4002 3702 4057 obscurissimum

2054 4097 2371 4168 compegit,
2436 4093 2535 4164 qui
2584 4097 2674 4147 est
2715 4091 2887 4162 juxta
2947 4088 3386 4144 Bucoleontem.
3456 4091 3704 4159 Jamque

2056 4185 2450 4243 moribundus
2490 4187 2665 4253 caput
2701 4180 2830 4250 ejus
2875 4177 3171 4249 amputari
3221 4178 3452 4249 sibique
3503 4181 3706 4234 alTerri

2047 4277 2248 4350 jussit.
2293 4272 2676 4340 Manibusque
2706 4269 2900 4323 crines
2923 4269 3052 4339 ejus
3076 4272 3319 4338 tangens
3343 4268 3467 4324 haac
3498 4269 3704 4323 ultima

2055 4365 2233 4420 verba
2278 4361 2519 4418 extulit:
2555 4358 2776 4414 Exinde
2822 4372 3012 4426 neque
3048 4372 3154 4427 ego
3185 4356 3544 4427 TheOphilus
3576 4375 3704 4413 sum

2057 4470 2249 4524 neque
2281 4458 2343 4506 tu
2377 4467 2440 4505 es
2469 4446 2880 4518 Theophobus.
2905 4445 3152 4509 Quidam
3177 4450 3375 4500 tamen
3407 4448 3704 4519 Orypham

2055 4541 2439 4613 drungarium
2471 4537 2682 4609 vigilias
2727 4535 2926 4589 ferunt
2975 4550 3081 4589 sua
3121 4541 3331 4606 sponte
3362 4541 3418 4590 et
3463 4538 3703 4593 nemine

295 4625 694 4690 διαϐάλλοντες
747 4630 838 4683 τὸν
871 4624 1146 4708 Θεόφοϐον
1207 4627 1314 4682 ἀπὸ
1369 4631 1475 4682 τῶν
1536 4627 1834 4703 εἰρημένων
1863 4633 1946 4684 ai-

2059 4631 2302 4702 jubente
2331 4624 2689 4698 TheOphobo
2722 4624 2896 4678 vitam
2931 4623 3240 4708 eripuisse.

291 4723 444 4781 τιῶν,
478 4718 552 4778 ὡς
587 4714 725 4790 ἔγνω
752 4718 778 4770 6
809 4706 1074 4788 Θεόφιλος
1105 4717 1166 4770 τὸ
1196 4715 1356 4777 τέλος
1384 4723 1485 4785 τῆς
1513 4716 1680 4772 αὐτοῦ
1716 4720 1924 4793 βιοτῆς,
1954 4720 2004 4774 έν
2035 4716 2399 4792 δεσμωτηρίῳ
2455 4715 2639 4784 τίθησι
2697 4712 2788 4766 τὸν
2845 4706 3116 4785 Θεὸφοϐον
3148 4709 3539 4789 ζοφωδεστάτῳ
3570 4714 3707 4767 κατᾶ

297 4807 388 4860 τὸν
459 4805 848 4862 Βουκολέοντα.
914 4805 1012 4858 Καὶ
1065 4801 1173 4875 ἤδη
1233 4809 1330 4859 τοῦ⁹
1397 4804 1588 4868 τέλους
1646 4806 1951 4884 ἐγγίζοντος
2007 4807 2328 4881 προσέταξεν
2377 4805 2667 4876 ἀποτεμεῖν
2722 4800 2919 4856 τούτου
2957 4801 3057 4869 τήν
3107 4799 3353 4879 κεφαλήν
3407 4802 3496 4854 καὶ
3554 4801 3708 4870 αὐτῷ

295 4894 548 4971 ἐνεγκεῖν.
583 4898 786 4968 "HV-nep
843 4890 1156 4967 δεξάμενος,
1214 4914 1302 4948 και
1360 4900 1478 4958 ταῖς
1537 4897 1696 4974 χερσί
1751 4901 1858 4952 τῶν
1927 4902 2136 4974 τριχῶν
2168 4889 2802 4971 έπαφώμενος,ἔσχατον
2866 4889 2984 4943 εἶπε
3016 4887 3206 4966 λόγον,
3267 4888 3360 4956 ὡς,
3416 4889 3549 4944 Ἀπὸ
3608 4893 3703 4942 τοῦ

1460 5015 1822 5071 XYLANDRI
1860 5017 1947 5070 ET
1985 5015 2200 5071 GOARI
2239 5014 2462 5068 NOTAE}.

357 5132 468 5200 (18)
503 5127 834 5201 Occidentis
865 5126 1256 5201 imperatores
1286 5143 1546 5201 regersve,
1582 5136 1797 5201 praeter
1818 5131 1945 5186 Bul-

323 5198 558 5258 arorum
611 5199 941 5271 principem
992 5198 1250 5271 vicinum
1301 5198 1380 5254 et'
1415 5198 1736 5271 infensum,
1791 5201 1946 5271 βασι-

323 5219 558 5258 arorum
611 5219 941 5271 priuetpem
992 5219 1250 5253 Vlcmum
1301 5219 1358 5254 et
1415 5219 1736 5271 inlensum,
1787 5219 1944 5294 pata:-

285 5219 413 5334 ἕέις
473 5288 704 5349 vocarer
744 5286 980 5349 semper
1031 5269 1719 5349 abhorrueruntﬁrmci,
1771 5280 1944 5349 ρῇγας

287 5348 544 5403 salutare
577 5342 839 5398 contenti
870 5339 891 5406 ζ
927 5339 1084 5395 unde
1122 5341 1250 5396 haec
1281 5343 1352 5397 ad
1389 5339 1738 5400 Ludovicum
1772 5339 1944 5401 'Pium

289 5420 711 5492 imperatorem
761 5412 912 5492 -πρὸς
963 5409 1133 5492 ρῼῆγα,
1193 5429 1346 5492 non_
1379 5411 1606 5492 βασιλέα
1659 5417 1944 5492 Φραγγίας

290 5483 475 5546 missa
498 5486 732 5560 legatio.
760 5483 1178 5560 anue'forsan
1205 5491 1293 5538 est
1315 5483 1388 5539 de
1409 5503 1526 5560 qua
1555 5488 1670 5543 vita
1692 5483 1750 5543 et
1781 5483 1946 5544 actus

293 5557 745 5615 Ludovici'illius
766 5559 1076 5626 Anonymo
1095 5561 1333 5610 auctore
1354 5557 1619 5612 scribunt
1641 5576 1795 5615 anno
1820 5562 1942 5614 833:

296 5629 599 5699 Compendi
628 5629 944 5683 consistenti
975 5628 1176 5699 legatio
1198 5628 1543 5695 imperatoris
1573 5630 1631 5685 C.
1667 5633 1758 5695 P.,
1791 5633 1948 5686 Mar-

295 5718 389 5758 cus
425 5697 875 5771 hrchiepiscopus
929 5697 1131 5769 Ephesi
1185 5703 1237 5752 et
1265 5700 1747 5770 protospatharius
1778 5703 1946 5774 impe-

2055 5133 2280 5196 ratoris,
2357 5129 2430 5182 ad
2477 5132 2694 5196 patrem
2759 5121 3138 5196 (Ludovicum)
3164 5195 3167 5196 ν
3197 5120 3362 5196 missa
3427 5125 3709 5196 occurrit;

2055 5194 2285 5256 munera
2321 5199 2428 5272 sibi
2476 5194 2854 5272 Ziata__obt_u_lit
2920 5194 3278 5272 (Ifotharius),
3336 5194 3493 5272 patri
3540 5195 3704 5272 missa

2054 5273 2350 5328 subtraxit.
2399 5271 2573 5334 Quam
2609 5267 2702 5319 ille
2743 5267 2864 5319 licet
2907 5266 2981 5319 ad
3011 5271 3230 5334 patrem
3269 5265 3488 5318 missam
3535 5265 3608 5318 ad
3650 5282 3703 5320 se

2060 5351 2241 5398 tamen
2272 5344 2573 5397 venientem
2613 5340 2866 5406 suscepit,
2912 5337 3146 5404 audivit,
3187 5342 3239 5389 et
3271 5337 3592 5404 tragcediam
3624 5354 3706 5392 re-

2049 5421 2503 5484 portanempene
2535 5409 2839 5484 inauditam
2869 5409 3096 5484 remisit.
3132 5412 3307 5484 ϐοέῃ.

2129 5487 2238 5552 (19)
2273 5474 2575 5552 Principes
2607 5479 2831 5552 populi,
2865 5479 3185 5552 factionum
3219 5474 3569 5552 δημάρχους,
3603 5497 3710 5552 ρει-

2056 5551 2376 5610 triarCham
2415 5551 2487 5608 eti
2516 5551 2654 5605 cleri
2704 5551 3054 5622 praecipuos,
3103 5567 3249 5621 quos
3291 5551 3351 5605 in
3393 5551 3516 5622 pari
3564 5551 3705 5607 casu

2057 5641 2410 5682 convocasse
2451 5623 2793 5679 Mauricium
2824 5621 3107 5677 describit
3141 5621 3459 5679 Simocatta
3503 5625 3699 5678 statim

2057 5699 2166 5756 sub
2198 5699 2458 5755 historia:
2488 5694 2677 5752 initio.
2712 5695 2887 5750 (ἴση.
