4130 6218
337 360 504 424 1025

1494 355 2037 424 EISTORIARUM
2085 353 2635 419 COMPENDIUM.

3598 364 3758 426 1026

343 490 503 566 μένος
561 490 653 546 καὶ
718 488 994 560 σκελετὸς,
1028 487 1079 544 ἐν
1116 485 1290 546 οὐδενὶ
1349 487 1617 567 διαφέρων
1673 492 1838 567 ἑτέρῳ
1882 493 1992 546 τῶν

2122 504 2177 544 1c
2218 487 2486 560 pristinas
2542 484 2863 543 valetudini
2917 487 3255 546 restitutum
3306 491 3431 548 iri?
3487 497 3757 567 Respon.

331 580 674 651 τεθνηκότων
713 578 749 650 ἢ
790 577 945 652 μόνῳ
991 583 1071 652 τῷ
1126 578 1393 637 ἀναπνεῖν.
1451 582 1544 644 Τίς
1604 582 1697 636 οὖν
1757 577 1919 641 ἐλπὶς
1950 577 1987 647 ἢ

339 675 499 733 ποῖος
544 668 713 744 λόγος
758 666 934 725 ἔσεται
993 669 1023 724 ὁ
1081 668 1279 725 πείσων
1340 691 1409 742 με
1460 669 1872 746 ἀναρῥωσθῆναι
1903 669 1991 723 καὶ

336 759 411 822 εἰς
449 761 551 829 τὴν
608 759 875 832 προτέραν
933 757 1134 829 εὐεξίαν
1188 757 1414 829 item;
1467 755 1867 824 Ὑπολαϐόντες
1896 755 1992 813 οὖν

338 851 391 905 οἱ
417 848 710 905 ὅσιώτατοι
756 844 965 928 ἔφησαν
1006 850 1146 926 πρὸς
1204 848 1384 906 αὐτόν’
1447 848 1625 908 Πάντα
1681 847 1876 906 δυνατᾶ
1904 847 1994 904 καὶ

339 937 494 996 οὐδὲν
524 936 773 995 ἀδυνατεῖ
809 942 890 1012 τῷ
941 943 1081 1010 Θεῷ.
1145 938 1208 996 Εἴ
1261 944 1393 1016 γοῦν
1452 937 1772 1002 σπουδάσεις
1825 937 1994 1014 ἀναῤ-

341 1028 567 1106 ρωσθεὶς
620 1030 722 1100 τήν
769 1032 878 1085 τῶν
938 1028 1343 1104 Εἰκονομάχων
1403 1024 1701 1084 ἀποσϐέσαι
1728 1027 1994 1103 πυρκαϊάν

343 1118 558 1179 καὶτὰς
590 1118 738 1193 ἱερὰς
796 1117 1009 1182 εἰκόνας
1070 1119 1207 1175 κατὰ
1262 1119 1392 1182 τοὺς
1443 1117 1713 1181 παλαιοὺς
1768 1118 1860 1173 καὶ
1890 1137 1999 1173 πα-

341 1204 562 1281 τρικοὺς
620 1205 854 1279 θεσμοὺς
906 1205 1294 1277 ἀναστηλῶσαι
1328 1250 1344 1276 ,
1385 1205 1854 1284 εὐαγγελιζόμεθα
1907 1225 1993 1261 σοι

338 1297 439 1364 τήν
468 1294 639 1365 ζωὴν.
684 1294 873 1352 Ἐἰπον
935 1295 1027 1351 καὶ
1069 1296 1458 1371 ὑπεχώρησαν.
1516 1295 1620 1355 Καὶ
1678 1294 1834 1359 εὐθὺς
1866 1293 1903 1366 ἤ
1934 1316 1996 1352 τε

339 1381 524 1451 νόσος,
550 1380 764 1458 ἐῤῥάῖσε
828 1381 918 1438 καὶ
969 1383 1025 1438 αἱ
1083 1383 1304 1460 φυσικαὶ
1371 1380 1640 1459 ἐνέργειαι
1693 1381 1999 1447 ἀκωλύτως

343 1468 717 1539 ἐπετελοῦντο,
763 1470 857 1526 καὶ
906 1467 964 1525 ἓν
998 1471 1196 1546 βραχεῖ
1249 1475 1330 1543 τῷ
1387 1471 1576 1547 χρόνῳ
1628 1469 1843 1527 τελείαν
1899 1472 1998 1528 τοῦ

352 1557 786 1635 ἀρῥωστήμκτος
833 1556 1061 1634 ἐσχήκει
1119 1556 1450 1637 ἀπαλλαγήν
1480 1600 1495 1615 .
1551 1559 1727 1631 Ῥᾷων
1796 1557 1852 1615 δὶ
1898 1567 2000 1630 τῆς

347 1649 511 1706 νόσου
568 1648 896 1726 γενόμενος,
939 1648 1371 1723 ἐξιππασάμενος
1429 1648 1586 1714 obob:
1636 1648 1817 1706 ἄπεισι
1865 1650 2004 1727 πρὸς

349 1740 414 1796 τὸ
443 1736 709 1795 παλάτιον
742 1738 832 1794 καὶ
863 1734 1055 1794 εἷ’σεισι
1085 1738 1223 1814 πρός
1248 1740 1351 1809 τὴν
1394 1736 1672 1815 βασιλίδα,
1701 1738 1792 1795 καὶ
1831 1740 2004 1795 πάντα

349 1828 557 1902 τρόπον
614 1825 780 1895 αὐτὴν
867 1827 1139 1901 παρεκίνει
1214 1827 1310 1889 τὰς
1403 1827 1552 1889 θείας
1619 1825 2003 1899 ἀναστηλῶσαι

352 1915 588 1985 εἰκόνας,
646 1913 818 1971 πάλαι
868 1916 959 1971 καὶ
1016 1916 1184 1984 αὐτὴν
1240 1916 1498 1994 ἀφορμῆς
1558 1912 1844 1992 δράξασθαι
1873 1915 2005 1993 γλι-

352 2003 600 2081 χομὲνην
636 2050 651 2075 ,
712 2001 802 2059 δια
858 2004 1059 2067 παντὸς
1120 2003 1504 2078 ἐρεθιζομένην
1562 2004 1652 2059 καὶ
1708 2005 1855 2080 παρὰ
1902 2012 2003 2075 τῆς

359 2096 561 2157 οἰκείας
591 2096 800 2170 μητρὸς
831 2094 908 2161 εἰς
952 2100 1114 2151 τοῦτο
1164 2095 1256 2151 καὶ
1307 2100 1417 2153 τῶν
1471 2094 1872 2171 μητραδέλφων
1899 2102 2007 2152 τῶν

356 2181 681 2258 πατρικίωνο
741 2187 937 2258 ’Όμως
1000 2182 1057 2240 δὲ
1112 2185 1432 2240 ἀντέπιπτεν
1495 2187 1531 2255 ἡ
1586 2182 1840 2260 Θεοδώρα
1888 2190 2006 2247 τοῖς

351 2271 544 2349 λόγοις
574 2277 672 2328 τοῦ
732 2271 1022 2343 Μανουήλ,
1082 2275 1169 2348 [Ρ.
1202 2277 1331 2347 535]
1396 2271 1506 2330 εἴτε
1559 2272 1690 2339 τοὺς
1745 2273 1882 2349 πρὸς
1918 2274 2009 2331 τὸν

346 2359 524 2437 ἄνδρα
553 2358 751 2438 ὅρκους
801 2358 1205 2436 εὐλαϐουμένη,
1262 2362 1390 2436 εἴτε,
1441 2364 1516 2427 ὡς
1571 2362 1797 2444 ἔφαμεν,
1825 2363 2010 2419 καὶτὸ

350 2450 566 2522 πλῆθος
623 2448 903 2508 δεδόικυῖα
955 2457 1065 2508 τῶν
1121 2456 1192 2526 τῇ
1269 2452 1471 2526 αἱρέσει
1531 2451 2010 2525 κατειλημμένων.

356 2540 708 2615 Ἔγκείμξνου
760 2538 820 2596 δὲ
872 2545 969 2596 τοῦ
1023 2540 1287 2612 Μανουὴλ
1317 2540 1416 2621 ἔφη
1451 2543 1488 2612 ἡ
1519 2540 1795 2617 Θεοδὼρα,
1827 2543 1922 2609 ὼς,
1951 2542 2012 2598 Ὀ

358 2628 513 2703 ἐμὸς,
570 2630 616 2684 ὦ
658 2629 940 2707 μάγιστρε,
980 2631 1116 2706 ἀνὴρ
1171 2651 1229 2686 τε
1277 2632 1366 2685 καὶ
1426 2627 1684 2705 βασιλεὺς
1739 2625 2015 2706 ἀκριϐείας

356 2718 419 2787 ἦν
475 2717 731 2794 ἐραστὴς,
774 2720 865 2775 καὶ
925 2717 1075 2775 οὐδὲν
1145 2720 1554 2796 ἀπερισκέπτως
1619 2719 1813 2795 ἔπραξε
1895 2720 2011 2776 πώ-

357 2828 512 2875 ποτε,
543 2809 634 2864 καὶ
662 2810 826 2865 τοῦτο
856 2811 920 2865 τὸ
946 2807 1143 2885 δόγμα,
1196 2810 1242 2865 εἰ
1306 2813 1383 2884 μή
1444 2808 1888 2885 ἀπηγορευμένον
1946 2810 2014 2879 ἦν

361 2903 479 2960 τοῖς
504 2899 675 2973 ἱεροῖς
716 2898 908 2972 νόμοις
964 2900 1052 2954 καὶ
1098 2904 1217 2963 ταῖς
1277 2899 1458 2974 ἁγίαις
1506 2906 1763 2976 Γραφαῖς,
1806 2898 1906 2955 οὐκ
1954 2897 2016 2954 ἄν

365 2985 528 3060 ὲξῶσε
558 2995 658 3057 τῆς
711 2986 1061 3058 Ἐγκλησίας.
1119 2991 1301 3046 Τοῦτα
1358 2988 1414 3043 δὲ
1469 2987 1678 3058 ἐκείνης
1736 2987 2019 3058 εἰπούσης,

360 3082 587 3155 ταχεῖαν
644 3075 944 3148 ἠπείλησεν
1002 3078 1141 3151 αὐτῇ
1172 3078 1552 3157 καταστροφῇν
1612 3082 1711 3152 τῇς
1743 3083 1891 3147 ζωῆς
1927 3076 2014 3131 καὶ

358 3173 461 3235 τῆς
505 3164 788 3241 βασιλείας
848 3164 1138 3237 ἔκπτωσιν,
1173 3167 1265 3221 καὶ
1322 3167 1425 3221 οὐκ
1480 3166 1616 3239 αὐτῇ
1652 3168 1838 3237 μόνον,
1874 3162 2019 3220 ἀλλὰ

365 3256 456 3312 καὶ
484 3260 565 3328 τῷ
591 3255 789 3327 ταύτης
831 3257 957 3328 υἱῷ,
988 3255 1035 3310 εἰ
1072 3258 1149 3330 μή
1199 3255 1294 3313 τὸν
1348 3260 1490 3319 θεῖον
1546 3255 1754 3328 κόσμον
1787 3259 1891 3311 τῶν
1932 3256 2013 3309 ῖε-
2045 3242 2087 3308 C

369 3350 477 3422 ρῶν
508 3345 732 3400 εἰκόνων
774 3341 1008 3415 ἀποδοίη
1066 3349 1186 3407 ταῖς
1243 3341 1618 3414 Ἐκκλησίαις.
1665 3343 1870 3402 Τοῦτου
1902 3349 2018 3407 τοῖς

366 3433 562 3511 λόγοις
583 3433 694 3490 εἴτε
730 3431 1211 3508 ἔκδειματωθεῖσα,
1263 3431 1373 3489 εἷ’τε
1428 3433 1518 3490 καὶ
1576 3431 1764 3497 ἄλλως
1794 3433 2018 3510 ἀρεσκο-

417 3526 436 3557 ι
585 3524 601 3547 ε
707 3522 733 3560 τ’
1220 3524 1234 3565 ι
1346 3522 1355 3541 ’
1539 3527 1563 3561 τ’
1599 3517 1623 3541 ’θ
1836 3522 1847 3543 '

372 3547 529 3600 μινη,
569 3544 646 3588 ως
679 3544 927 3599 ε.πομεν,
959 3524 996 3594 ἡ
1050 3521 1273 3599 βασιλ.ς
1325 3521 1432 3590 ὅλη
1470 3544 1568 3578 το.)
1597 3543 1761 3600 εργου
1791 3543 2017 3601 γινεται.

373 3614 471 3670 Καὶ
503 3612 658 3679 εὐθὺς
685 3613 990 3690 ἁγείρεσθαι
1040 3611 1094 3668 ἐν
1150 3617 1266 3675 τοῖς
1325 3609 1647 3685 σκηνώμασι
1674 3615 1772 3666 τοῦ
1800 3612 2024 3667 Θεοκτί-

371 3724 502 3761 στου
547 3705 874 3780 προσέταττε
901 3702 1107 3764 πάντας
1137 3701 1265 3765 τοὺς
1323 3700 1414 3757 ἐπὶ
1471 3698 1671 3758 συνέσει
1722 3700 1813 3757 καὶ
1872 3700 2025 3777 λόγῳ

371 3790 819 3866 κεκοσμημένους
848 3786 909 3847 ἔκ
935 3812 996 3848 τε
1034 3796 1136 3861 τῆς
1188 3788 1418 3846 συνόδου
1475 3789 1567 3847 καὶ
1620 3797 1722 3860 τῆς
1791 3788 2026 3866 συγκλήο

369 3903 489 3947 τοο,
521 3881 610 3936 καὶ
638 3879 836 3956 λόγους
876 3886 1043 3936 κινεῖν
1091 3881 1183 3937 καὶ
1239 3874 1649 3956 προϐάλλεσθαι
1706 3878 1829 3954 περί
1860 3879 2028 3954 ὀρθο-

374 3970 578 4044 δοξίας.
612 3972 835 4029 Πάντων
888 3969 967 4039 δὶ,
1000 3970 1076 4033 ὠς
1135 3966 1265 4034 ἔπος
1325 3970 1493 4027 εἰπεῖν
1540 3968 2026 4044 συναθροισθέντων

371 4063 464 4119 καὶ
502 4060 687 4139 λόγων
720 4059 947 4117 πολλῶν
1008 4059 1265 4137 ῥυέντων,
1305 4059 1397 4114 καὶ
1454 4064 1763 4135 μαρτυριῶν
1794 4058 1901 4115 ἀπὸ
1928 4064 2029 4128 τῆς

375 4151 522 4213 θείας
581 4157 802 4228 Γραφῆς
860 4150 1243 4225 παραχθεισῶν
1303 4147 1404 4203 οὐκ
1440 4147 1673 4224 ὀλίγων,
1703 4148 1767 4204 τὸ
1815 4143 2028 4210 εὐσεϐὲς

376 4241 704 4317 ὑπερίσχυσε
737 4241 904 4317 μέρος
961 4241 1051 4295 καὶ
1112 4236 1292 4315 δόγμα
1349 4238 1542 4315 γέγονε
1595 4239 1690 4302 τὰς
1731 4237 1876 4303 θείας
1925 4258 2028 4294 πα·

374 4341 642 4410 ραχρῆςια
671 4333 1109 4404 ἂναστηΛοῦσθαι
1164 4329 1402 4402 εἰκόνας,
1447 4335 1557 4386 τῶν
1607 4329 1906 4405 ἀρχιερέων
1939 4328 2031 4385 καὶ

378 4426 638 4497 μοναχῶν
668 4422 757 4477 καὶ
790 4419 1191 4498 συγκλητικῶν,
1224 4420 1343 4475 ὅσοι
1377 4423 1457 4491 τῷ
1511 4418 1670 4475 πάθει
1707 4417 2033 4494 κατείχοντο

375 4515 662 4588 πρότερον,
693 4519 801 4569 τῶν
858 4511 1132 4569 πλειόνων
1182 4513 1246 4567 τὸ
1303 4515 1555 4584 κρεῖττον
1615 4510 2034 4583 μεταμαθόντων

2104 576 2245 634 dere
2274 577 2550 633 monachi
2581 578 2767 632 Deum
2789 576 2940 632 nihil
2969 594 3091 633 non
3122 594 3293 649 posse
3321 597 3335 635 :
3361 585 3518 654 quod
3540 587 3589 641 si
3615 603 3755 662 ergo

2104 667 2360 723 sanitate
2392 671 2630 738 recepta
2660 682 2902 738 operam
2934 666 3012 721 sit
3041 667 3286 725 daturus
3316 676 3381 725 ut
3411 672 3758 733 incendium

2104 757 2177 812 ab
2222 756 2670 830 lmaginiperdis
2715 756 3036 813 excitatum
3066 759 3397 833 restinguat
3438 779 3758 838 sacrasque

2104 843 2373 917 magines
2403 842 2733 899 secundum
2763 845 3283 917 veteramajorum
3316 848 3553 906 decreta
3582 854 3760 908 resti-

2105 938 2257 1002 tuat,
2290 951 2352 990 se
2384 933 2437 989 ei
2468 934 2647 990 vitam
2677 939 2837 991 certo
2867 936 3235 1006 promittere.
3268 943 3460 1011 Atque
3495 943 3622 999 haec
3654 944 3760 1001 fati

2106 1023 2532 1080 discesserunt.
2581 1023 2793 1081 Statim
2840 1041 2978 1081 vero
3015 1030 3074 1081 et
3117 1027 3362 1085 morbus
3418 1033 3672 1102 remisit,
3707 1039 3763 1088 et

2108 1112 2412 1170 naturales
2441 1112 2749 1169 facultates
2787 1115 2947 1169 omni
2981 1116 3406 1187 impedimento
3439 1125 3581 1177 sunt
3608 1122 3764 1179 libe-

2110 1207 2277 1271 τοίω,
2301 1202 2582 1274 brevique
2614 1202 2893 1274 temporis
2924 1205 3113 1275 spatio
3143 1207 3491 1265 inﬁrmitate
3517 1228 3763 1282 prorsus

2113 1296 2204 1348 est
2235 1290 2462 1348 solutus
2508 1291 2833 1347 Manuelus.
2888 1292 2980 1348 Sic
3024 1311 3160 1367 ergo
3208 1295 3457 1354 allevato
3516 1316 3764 1372 corpore

2111 1381 2310 1436 statim
2344 1397 2496 1452 equo
2526 1379 2601 1436 ad
2626 1380 2910 1452 palatium
2936 1382 3002 1443 it,
3035 1383 3459 1457 ingressusque
3482 1388 3557 1444 ad
3584 1390 3767 1461 impe-

2111 1471 2389 1527 ratricem
2441 1486 2575 1527 eam
2622 1487 3003 1544 summopere
3044 1473 3118 1528 ad
3148 1476 3524 1547 reponendus
3569 1494 3768 1535 sacras

2111 1558 2401 1633 imagines
2438 1559 2803 1616 exhortatur.
2838 1565 2917 1617 Ea
2947 1578 3081 1618 vero
3103 1562 3467 1634 jampridem
3500 1568 3767 1624 occasio-

2112 1666 2253 1707 nem
2282 1649 2462 1723 hujus
2488 1650 2575 1705 rei
2603 1651 2844 1722 agendae
2868 1653 3190 1723 quaarebat,
3215 1655 3467 1712 subinde
3490 1656 3769 1727 iustigata

2115 1755 2151 1795 a
2191 1744 2381 1795 matre
2420 1755 2531 1795 sua
2567 1743 2627 1794 et
2673 1740 2979 1797 avunculis
3028 1742 3312 1813 patriciis.
3365 1745 3765 1802 Nihilominus

2118 1832 2316 1883 tamen
2350 1827 2541 1883 verbis
2580 1829 2833 1885 Manueli
2865 1830 3171 1888 Theodora
3214 1838 3341 1889 tum
3374 1850 3437 1889 se
3467 1836 3770 1907 opposuit,

2111 1915 2232 1972 sive
2255 1917 2585 1989 juramenti
2616 1919 2830 1974 marito
2861 1921 3108 1992 prmstiti
3144 1921 3451 1995 religione,
3476 1924 3594 1979 sive
3621 1923 3774 1978 mul-

2115 2005 2452 2075 t‘tudinem,
2519 2007 2688 2079 cujus
2747 2009 3119 2064 mentionem
3188 2010 3462 2081 fecimus,
3520 2012 3768 2068 haeresis

2114 2094 2288 2150 istius
2333 2095 2735 2151 studiosorum
2781 2097 3202 2154 reformidans.
3251 2101 3321 2154 Et
3350 2100 3612 2156 instante
3646 2102 3771 2155 Ma-

2113 2183 2331 2239 nuelo:
2391 2183 2577 2252 Meus,
2630 2184 2848 2256 inquit,
2894 2203 2928 2242 ο
2977 2187 3279 2259 magister,
3347 2191 3596 2247 maritus
3655 2190 3773 2245 im-

2114 2285 2353 2352 perator
2395 2281 2837 2338 accurationem
2885 2285 3122 2351 amavit,
3170 2285 3439 2357 nihilque
3502 2303 3768 2358 unquam

2114 2369 2233 2424 nisi
2262 2384 2325 2424 re
2355 2369 2538 2441 probe
2560 2369 2889 2427 deliberata
2909 2373 3046 2443 egit.
3068 2373 3273 2444 Itaque
3295 2374 3599 2430 decretum
3617 2391 3764 2445 quo-

2117 2473 2232 2528 que
2276 2457 2350 2512 de
2398 2457 2664 2514 colendis
2711 2459 3072 2531 imaginibus
3118 2477 3239 2517 non
3270 2462 3461 2518 fuerat
3503 2463 3765 2519 Ecclesia

2117 2546 2439 2618 ejecturus,
2494 2546 2612 2602 nisi
2659 2546 2720 2602 id
2766 2547 2999 2620 legibus
3028 2549 3366 2621 litterisque
3403 2552 3558 2607 942
3590 2552 3774 2607 sacris

2119 2636 2386 2692 scivisset
2414 2636 2706 2694 damnari.
2739 2639 2875 2693 Ηωο
2921 2637 3133 2695 locutas
3165 2640 3472 2697 Manuelus
3511 2656 3771 2713 praesen-

2120 2731 2239 2781 tem
2263 2726 2498 2797 imperii
2515 2727 2765 2805 vitasque
2789 2726 2991 2796 finem,
3016 2728 3344 2800 eademque
3369 2728 3489 2784 filio
3511 2730 3771 2785 minatus

2123 2820 2231 2883 est,
2281 2814 2395 2870 nisi
2445 2815 2712 2871 divinum
2763 2821 3041 2872 ornatum
3090 2832 3393 2873 sacrarum
3444 2818 3770 2893 imaginum

2121 2903 2400 2960 Ecclesiis
2448 2904 2741 2960 redderet.
2791 2905 3017 2970 Quibus
3063 2905 3256 2977 verbis
3303 2906 3608 2963 Theodora
3655 2907 3773 2962 sive

2122 2993 2439 3065 perterrita
2484 2994 2612 3048 sive
2659 2993 2829 3063 alias,
2881 3000 2947 3050 ut
2993 2994 3274 3061 diximus,
3310 2995 3619 3061 delectata,
3655 3001 3778 3052 tota

2124 3083 2221 3137 isti
2272 3084 2509 3155 negotio
2542 3099 2672 3138 sese
2706 3083 2890 3139 dedit.
2932 3084 3143 3140 Statim
3187 3086 3388 3155 itaque
3418 3086 3480 3140 in
3510 3084 3782 3142 taberna-

2125 3172 2260 3227 cula
2287 3171 2605 3227 Theoctisti
2636 3188 2846 3229 omnes
2875 3174 3192 3229 convenire
3228 3174 3423 3246 jubet,
3455 3173 3558 3245 qui
3592 3174 3664 3229 de
3697 3189 3787 3229 se-

2125 3260 2434 3317 natoribus
2462 3260 2553 3316 vel
2583 3262 2836 3317 concilio
2876 3263 3170 3334 sapientia
3201 3269 3369 3319 erant
3411 3279 3480 3319 ac
3509 3262 3783 3319 doctrina

2127 3350 2344 3419 ornati,
2372 3366 2591 3422 eosque
2623 3350 2694 3406 de
2724 3368 2859 3408 vera
2878 3352 3167 3425 religione
3192 3353 3253 3408 in
3276 3352 3538 3408 medium
3570 3369 3781 3409 consu-

2124 3439 2269 3496 lere.
2302 3438 2385 3495 lbi
2416 3440 2714 3510 omnibus,
2747 3447 3038 3512 quantum
3070 3442 3200 3514 ejus
3230 3442 3359 3497 ﬁeri
3394 3442 3607 3513 potuit,
3640 3457 3781 3498 con-

2126 3529 2400 3602 gregatis,
2427 3546 2563 3584 cum
2594 3530 2737 3585 varii
2768 3537 2974 3586 essent
3004 3547 3311 3589 sermones
3340 3530 3529 3587 habiti
3572 3534 3630 3585 et
3658 3546 3780 3586 non
3816 3576 3823 3583 .

2128 3634 2317 3690 pauca
2359 3635 2540 3674 sacras
2594 3619 2910 3691 Scripturm
2957 3620 3298 3675 testimonia
3328 3620 3635 3691 producta,
3668 3620 3781 3692 pia:

2130 3707 2317 3779 partis
2347 3694 2649 3763 sententia
2693 3708 2972 3773 obtinuit,
3022 3708 3450 3778 decretumque
3483 3708 3555 3762 de
3597 3708 3781 3763 sacris

2130 3795 2490 3868 imaginibus
2521 3796 2721 3852 statim
2752 3796 3112 3869 reponendis
3141 3797 3385 3852 factum.
3430 3798 3511 3851 Eo
3548 3796 3612 3850 in
3654 3812 3789 3851 con-

2130 3889 2309 3942 ventu
2331 3885 2632 3957 principes
2655 3885 3049 3952 sacerdotum,
3084 3885 3363 3941 monachi
3395 3901 3464 3940 ac
3496 3884 3781 3939 senatorii

2134 3975 2265 4040 viri,
2315 3981 2450 4030 ante
2498 3974 2711 4030 haeresi
2757 3974 2964 4042 vitiati,
2998 3975 3245 4045 majoris
3272 3974 3456 4046 partis
3488 3973 3788 4028 sententia

2133 4063 2291 4120 docti
2321 4065 2629 4119 veritatem
2655 4080 2853 4120 errore
2883 4064 3163 4121 damnato
3194 4064 3455 4135 amplexi
3487 4068 3645 4119 sunt.
3673 4061 3787 4117 Ab-

2134 4160 2402 4223 rogatum
2434 4155 2612 4210 etiam
2644 4163 2735 4210 est
2752 4155 3105 4226 patriarchas
3136 4170 3353 4210 munus
3373 4152 3565 4220 Janni,
3587 4152 3788 4207 missi-

2135 4259 2251 4315 que
2301 4247 2652 4313 prmstantes
2698 4242 2828 4310 viri,
2862 4241 3078 4313 quibus
3108 4241 3311 4313 palatii
3344 4240 3617 4297 custodia
3662 4246 3789 4295 erat

2135 4330 2513 4394 demandata,
2563 4331 2663 4401 qui
2709 4347 2847 4386 eum
2896 4331 3047 4386 solio
3106 4329 3510 4386 deturbarent.
3571 4331 3792 4387 Jannes

2135 4420 2328 4493 primo
2358 4436 2665 4476 cessurum
2698 4436 2759 4475 se
2790 4425 2893 4475 aut
2921 4420 3166 4477 omnino
3200 4419 3464 4476 Ecclesia
3491 4419 3787 4475 exiturum

2137 4509 2449 4582 denegavit
2478 4525 2713 4565 summa
2741 4509 3146 4565 contentione.
3179 4510 3365 4575 Quam
3413 4508 3545 4581 ejus
3575 4514 3786 4565 contu-

377 4604 467 4658 καὶ
529 4600 1127 4677 μεταστοιχειωθέντων
1187 4601 1324 4675 πρὸς
1395 4601 1497 4669 τήν
1554 4597 1841 4671 ἀλήθειαν,
1882 4598 2014 4655 ὅσοιι

2139 4598 2394 4656 maciam
2424 4615 2582 4665 cum,
2610 4615 2762 4670 quos
2792 4599 3007 4655 missos
3036 4600 3190 4656 943
3222 4599 3295 4656 ad
3326 4614 3463 4656 eum
3508 4598 3786 4665 diximus,

380 4687 441 4745 δὲ
498 4688 789 4746 δευσοποιὰ
840 4689 1091 4755 καθίκετο
1155 4691 1190 4760 ἡ
1248 4689 1352 4760 τῆς
1409 4685 1681 4751 εὐσεϐείας
1743 4687 2031 4767 βαφή,καὶ

381 4776 727 4851 ἀμεταθέτως
791 4779 973 4853 εἶχον,
1029 4776 1471 4850 ἀπεληλαμὲνων
1508 4779 1611 4847 τῆς
1667 4774 1886 4840 πόλεως
1943 4777 2032 4833 καὶ

390 4868 704 4944 ὗπερορίαις
767 4864 1283 4944 παραπεμφθέντων.
1366 4865 1655 4941 Καθῃρίθη
1715 4862 1774 4922 δὶ
1828 4865 1921 4922 καὶ
2005 4865 2035 4921 ὁ

386 4952 655 5026 δυσσεϐὴς
712 4957 1058 5034 φατριάρχης
1112 4958 1224 5028 (22)
1274 4956 1498 5026 Ἰαννῆς,
1554 4955 1645 5010 καὶ
1710 4958 1807 5010 τοῦ
1854 4955 2039 5031 ἀρχιε-

383 5051 608 5123 ρατικοῦ
665 5044 861 5119 θρόνου
913 5042 1173 5115 ἀπηλάθη
1235 5041 1304 5097 δι’
1365 5042 1681 5112 ἀποστολῆς
1731 5041 2035 5119 ἀξιολόγων

379 5135 592 5211 ἀνδρῶν
621 5139 729 5191 τῶν
764 5134 841 5199 εἰς
896 5132 1145 5209 φυλακὴν
1197 5129 1539 5209 τεταγμένων
1600 5135 1699 5186 τοῦ
1730 5130 2025 5191 παλατίου.

378 5226 479 5289 Οἷς
509 5225 773 5301 πρότερον
827 5223 920 5296 μὶν
978 5219 1259 5286 κατελθεῖν
1318 5220 1419 5276 οὑκ
1475 5218 1739 5290 ἐπείθετο,
1767 5217 1862 5275 οὐδ
1894 5221 2030 5277 ἑκών

372 5337 433 5394 γε
479 5316 666 5378 αὐτοῖς
711 5320 812 5385 τῆς
870 5308 1165 5383 ἐκκλησίας
1224 5307 1478 5379 ἐκστῆναι
1536 5302 1927 5364 διεϐεϐαιοῦτο
1958 5310 2033 5372 ὡς

374 5403 420 5465 δ’
452 5407 602 5463 οὗτοι
636 5402 1066 5482 ὑποστρέψαντες
1103 5399 1240 5477 πρὸς
1287 5399 1389 5470 τὴν
1434 5397 1724 5474 πέμψασαν
1769 5396 2033 5474 βασιλίδα

2142 4689 2419 4763 Augusta
2444 4687 2831 4754 iudicassent,
2863 4689 3063 4744 statim
3094 4689 3312 4745 Bardas
3342 4688 3625 4760 patricius
3660 4687 3796 4741 mit-

2142 4778 2305 4847 titur,
2338 4778 2651 4849 quaasitum
2676 4795 2746 4834 ex
2776 4795 2846 4833 eo
2875 4794 2952 4835 an
2977 4777 3051 4833 ob
3078 4778 3507 4850 professionem
3528 4792 3681 4830 verae
3700 4790 3793 4829 re-

2142 4867 2378 4940 ligionis
2436 4869 2786 4939 patriarchm
2831 4870 2961 4925 loco
2998 4868 3208 4924 cedere
3257 4867 3634 4923 detrectaret.
3682 4863 3794 4920 Sed

2139 4957 2379 5021 Jannes,
2398 4957 2574 5013 homo
2597 4966 2866 5015 versutus
2888 4964 2948 5014 et
2969 4963 3032 5013 ut
3058 4956 3375 5028 quisquam
3397 4954 3552 5011 alius
3568 4953 3798 5010 fraudis

2141 5046 2526 5101 calumnimve
2569 5046 2809 5101 suendaa
2860 5061 3104 5117 gnarus,
3136 5048 3400 5099 ventrem
3440 5059 3614 5096 suum
3654 5042 3796 5097 dor—

2142 5150 2394 5207 sumque
2424 5139 2483 5189 et
2512 5139 2678 5189 nates
2710 5132 2950 5204 plumbo
2977 5129 3344 5202 compungit,
3375 5135 3443 5185 ut
3473 5146 3508 5185 a
3543 5129 3794 5201 quibus-

2141 5240 2272 5279 cam
2303 5223 2504 5297 ﬂagris
2551 5238 2736 5277 caesus
2766 5219 3101 5285 videretur;
3130 5218 3582 5289 vociferansque
3612 5218 3695 5273 ita
3726 5236 3788 5275 se

2140 5312 2212 5368 ab
2260 5313 2331 5368 iis
2382 5312 2483 5383 qui
2536 5309 2701 5365 missi
2746 5309 2985 5365 fuerant
3032 5311 3369 5371 tractatum,
3403 5312 3633 5364 tantum
3678 5306 3793 5363 sibi

2140 5401 2426 5472 temporis
2456 5396 2699 5455 concedi
2726 5398 2952 5469 ﬂagitat
2970 5396 3159 5454 donec
3179 5396 3398 5455 vibices
3422 5398 3790 5455 eluerentur.

1567 5508 1931 5582 XYLANDRI
1980 5526 2068 5581 ET
2104 5524 2322 5582 GOARI
2359 5524 2588 5580 Nom.

443 5663 554 5737 (22)
583 5656 942 5737 Φατριάρχης
970 5661 1132 5715 recte
1159 5654 1398 5729 legitur,
1429 5668 1554 5710 non
1582 5650 1952 5727 πατριάρχης.
1982 5651 2160 5709 (ἰοΑιι.
