4126 6220
423 306 578 365 1027

1778 290 2102 359 GEORGII
2146 288 2493 355 CEDRENI

3684 294 3853 355 1028

418 439 635 495 Bardas
666 443 861 494 autem
893 436 1104 507 vigiliae
1134 434 1509 505 drungarius,
1543 450 1579 489 a
1608 449 1724 504 quo
1756 448 1820 487 se
1845 432 1929 487 ita
1954 446 2060 486 caa-

2174 425 2424 499 γνώριμα
2478 426 2747 488 τεθείκασι
2805 428 2872 483 τὰ
2930 435 3031 497 τῆς
3103 426 3399 498 ἀπειθείας,
3459 429 3487 482 ὁ
3543 429 3855 501 πατρίκιος

416 549 549 587 sum
581 533 795 586 Jannes
826 528 1078 595 dicebat,
1111 527 1440 598 impostura
1485 525 1737 592 detecta,
1769 522 2067 589 concitus,

413 623 807 679 reluctantem
840 618 1019 673 etiam
1049 616 1225 671 domo
1256 614 1635 687 patriarchali
1660 612 1914 685 ejicitln
1936 611 2074 679 ejus

412 711 610 766 locum
644 707 985 778 imperatrix
1009 712 1278 762 sanctum
1310 721 1377 761 ac
1412 704 1674 759 divinum
1705 699 2066 757 Methodium

412 798 759 871 introducit,
794 796 894 867 qui
927 796 1120 853 adhuc
1163 793 1555 851 confessionis
1587 808 1707 847 suae
1739 795 1797 847 et
1827 789 1900 845 ob
1935 802 2064 842 eam

413 887 648 943 tolerati
712 884 989 956 snpplicii
1054 890 1226 939 notas
1270 885 1331 939 in
1380 898 1558 938 carne
1608 897 1716 936 sua
1774 877 2062 952 gestabat,

411 978 692 1032 omnibus
723 974 838 1045 piis
869 974 1296 1041 sacerdotibus,
1328 973 1496 1027 laicis
1535 988 1602 1027 ac
1643 967 1974 1032 monachis,
2006 970 2067 1021 et

412 1066 484 1121 iis
507 1066 685 1120 etiam
706 1064 806 1136 qui
824 1064 885 1118 in
907 1062 1210 1118 montibus
1222 1061 1912 1126 exercebantur,summo
1927 1071 2062 1111 cum

410 1156 625 1227 gaudio
658 1154 786 1224 ejus
816 1153 1286 1225 designationem
1310 1148 1796 1222 approbantibus,
1829 1164 1897 1202 ac
1927 1162 2064 1201 con-

410 1243 607 1297 fertim
640 1242 701 1297 in
732 1240 942 1296 urbem
974 1239 1369 1307 venientibus,
1396 1254 1633 1308 unoque
1661 1253 1760 1291 ore
1786 1234 2062 1290 haeresim

404 1330 975 1402 Imaginiperdarum
990 1328 1413 1384 darnnantibus
1427 1332 1649 1382 aeterno
1673 1325 2060 1380 anathemate.

413 1420 533 1474 Hoc
574 1419 926 1490 praeclarum
958 1418 1187 1473 facinus
1219 1417 1442 1487 inclyta
1478 1414 1785 1470 Theodora
1816 1418 1873 1469 et
1905 1413 2063 1467 filius

408 1508 580 1563 initio
630 1507 866 1579 imperii
918 1507 1005 1562 sui
1044 1506 1379 1562 ediderunt.
1424 1505 1649 1576 Impius
1681 1519 1815 1558 vero
1845 1504 2063 1557 Jannes

408 1597 565 1652 9-14
598 1596 957 1652 monasterio
978 1596 1242 1651 inclusus
1264 1594 1522 1660 cuidam,
1546 1609 1681 1649 cum
1715 1593 1776 1646 in
1803 1589 2060 1662 quadam

405 1685 535 1755 ejus
564 1691 727 1757 parte
756 1685 1028 1740 suffixam
1052 1684 1375 1751 imaginem
1399 1683 1618 1738 Christi
1644 1682 1767 1750 Dei,
1792 1680 2059 1751 Deiparaa

2180 513 2374 568 θᾶττον
2404 513 2745 588 έκπέμπαται
2801 515 3035 591 Βάρδας,
3068 518 3097 572 ὁ
3126 524 3228 586 τῆς
3259 514 3549 587 δεσποίνης
3578 513 3855 593 ἀδελφὸς,

2174 602 2272 656 τοῦ
2328 604 2492 678 χάριν
2544 606 2880 679 πευσόμενος
2936 608 3013 680 μὴ
3066 610 3139 680 τῇ
3189 602 3463 680 ὁρθοδόξῳ
3514 605 3693 660 πίστει
3745 608 3857 659 τοῦ

2175 692 2573 767 πατριαργείου
2621 694 2723 749 οὐκ
2778 696 3159 753 ἀπανίσταται.
3209 697 3270 753 Ὁ
3326 693 3385 750 δὶ
3433 695 3642 763 Ἰαννῆς
3698 715 3853 749 παν-

2175 784 2376 858 οῦργος
2420 778 2495 836 ὢν
2546 782 2639 838 καὶ
2683 785 3043 860 συκοφαντίας
3091 782 3257 859 ῥάψαι
3317 784 3467 854 εἴπερ
3522 804 3609 844 τις
3650 781 3852 846 εἰδὼς,

2177 866 2434 943 μολίϐδῳ
2486 874 2803 943 καταττίξας
2850 875 2951 942 τήν
3019 875 3211 929 ἑαυτοῦ
3276 875 3512 951 γαστέρα
3544 917 3559 942 ,
3606 872 3701 926 καὶ
3776 872 3854 927 τὰ

2172 963 2340 1026 νῶτα,
2369 959 2459 1016 καὶ
2487 960 2615 1023 τοὺς
2641 961 2914 1037 γλουτοὺς
2942 963 3018 1025 ὡς
3058 960 3239 1018 δοκεῖν
3278 964 3652 1036 μαπιχθῆναι
3688 962 3856 1035 παρά

2174 1052 2333 1102 τινῶν
2365 1092 2379 1119 ,
2440 1050 2535 1107 καὶ
2591 1052 2738 1125 παρᾶ
2789 1057 2899 1107 τῶν
2982 1050 3334 1127 πεμφθέντων
3417 1054 3588 1106 ταῦτα
3641 1052 3853 1104 παθεῖν

2173 1138 2451 1212 κεκραγὼς
2514 1134 2863 1217 βαρϐαρικῶς
2928 1140 3265 1215 ἐπιθεμένων
3322 1140 3491 1212 αὐτῷ,
3545 1139 3636 1193 καὶ
3690 1136 3853 1212 μᾶλ-

2176 1228 2277 1285 λον
2304 1230 2451 1305 παρὰ
2489 1231 2900 1290 Κωνσταντίνου
2935 1237 3034 1290 τοῦ
3079 1231 3444 1310 δρουγγαρίου
3480 1239 3583 1301 τῆς
3614 1230 3850 1306 βίγλας,

2172 1315 2455 1387 ἠντιϐόλει
2504 1324 2929 1398 συγχωρηθῆναι
2982 1323 3123 1397 πρὸς
3178 1323 3390 1397 μικρὸν,
3430 1320 3536 1377 ἔστ’
3592 1319 3652 1375 ἂν
3692 1321 3852 1395 ἀφα-

2171 1410 2369 1463 νισθεῖν
2429 1409 2596 1465 αὐτοῦ
2679 1412 2750 1467 τὰ
2840 1413 3135 1490 στίγματα.
3226 1414 3329 1469 Καί
3378 1412 3407 1466 ὁ
3468 1410 3564 1483 μὶν
3622 1412 3850 1481 Ἰαννῆς

2169 1501 2357 1551 ταῦτα’
2391 1498 2419 1552 ὁ
2451 1495 2509 1552 δὲ
2540 1496 2751 1573 Βάρδας
2780 1504 2879 1555 τοῦ
2927 1502 3352 1575 σκαιωρήματος
3393 1497 3847 1574 ἀπελεγχθέντος

2171 1583 2247 1647 είς
2277 1586 2447 1658 θυμὸν
2490 1587 2731 1658 κινηθεὶς
2784 1590 2873 1643 καὶ
2934 1587 3133 1645 ἄκοντα
3171 1593 3362 1644 τοῦτον
3414 1592 3516 1643 τοῦ
3561 1609 3847 1663 πατριαρ-

2169 1674 2329 1749 χείου
2357 1676 2602 1753 κατάγει.
2637 1678 2716 1735 Οὗ
2737 1677 3106 1752 καταχθέντος
3124 1680 3158 1748 ἡ
3187 1676 3443 1733 δέσποινα
3473 1677 3849 1752 ἀντεισήγαγε

404 1779 462 1829 et
512 1774 1004 1847 archangelorum
1049 1778 1343 1837 cerneret,
1393 1772 1712 1827 diaconum
1765 1786 1937 1825 suum
1990 1785 2057 1823 eo

2172 1763 2257 1817 τὸν
2290 1764 2433 1838 ἱερὸν
2465 1766 2557 1819 καὶ
2586 1767 2729 1820 θεῖον
2783 1766 3075 1835 Μεθόδιον,
3128 1766 3208 1824 ἔτι
3261 1774 3364 1837 τῆς
3399 1766 3708 1843 ὀμολογξας
3743 1767 3844 1822 καὶ

403 1864 728 1919 ascendere
746 1868 805 1918 et
824 1862 1255 1918 venerabilium
1280 1863 1607 1933 imaginum
1626 1860 1828 1915 oculos
1847 1874 2054 1913 eruere

399 1951 595 2023 jubet,
631 1951 837 2007 dicens
869 1968 966 2006 eas
995 1950 1274 2005 facultate
1319 1949 1560 2003 videndi
1593 1965 1713 2003 non
1749 1964 1876 2002 esse
1921 1963 2069 2016 prm-

405 2041 578 2095 ditas.
632 2040 752 2093 Hoc
794 2043 861 2092 ut
907 2037 1142 2091 rescivit
1190 2037 1290 2107 pia
1320 2039 1603 2107 Augusta,
1637 2034 1835 2089 divino
1881 2032 2065 2100 animi

403 2128 634 2182 fervore
682 2126 926 2180 incensa
956 2124 1143 2195 ipsius
1183 2122 1359 2178 effodi
1393 2121 1597 2177 oculos
1621 2120 1811 2191 jubet.
1849 2121 2065 2174 Verum

402 2213 835 2271 intercessione
858 2212 1253 2284 quorumdam
1277 2213 1555 2267 eﬂectum
1578 2215 1669 2265 est
1688 2226 1763 2265 ne
1790 2208 1851 2263 id
1872 2208 2060 2264 fieret.

404 2305 600 2361 Missis
632 2310 832 2359 tamen
863 2301 1184 2357 stallitibus
1207 2299 1517 2357 Theodora
1543 2299 1815 2355 ducentis
1851 2297 2059 2370 ﬂagro-

406 2412 543 2450 rum
576 2394 790 2449 ictibus
821 2408 956 2448 eum
989 2391 1279 2448 multavit.

2167 1859 2268 1922 τῆς
2331 1857 2630 1929 μαρτυρίας
2696 1856 2769 1937 έν-
2803 1861 2870 1931 τῇ
2933 1862 3089 1930 σαρκί
3147 1859 3213 1914 τὰ
3268 1858 3542 1936 στίγματα
3604 1856 3846 1936 περιφέ-

2178 1961 2362 2017 ροντα,
2395 1944 2661 1999 ἁπάντων·
2692 1950 2812 2001 ⁴τῶν
2864 1942 3097 2002 εὐσεϐῶν
3156 1947 3366 2023 ἱερέων,
3418 1946 3626 2004 λαῖκῶν
3652 1954 3714 2002 τε
3744 1944 3843 2001 καὶ

2177 2036 2434 2107 μοναχῶν
2465 2076 2482 2101 ,
2532 2035 2617 2107 [Ρ.
2658 2036 2802 2108 536]
2848 2034 2996 2092 ἀλλὰ
3061 2036 3152 2091 καὶ
3208 2041 3317 2091 τῶν
3377 2026 3449 2091 ἐν
3477 2040 3594 2097 τοῖς
3648 2032 3842 2108 ὄρεσιν

2171 2115 2524 2191 ἀσκουμένων
2574 2122 2709 2191 μετὰ
2761 2121 2983 2191 πολλῆς
3018 2130 3120 2192 τῆς
3178 2121 3537 2198 περιχαρείας
3566 2119 3840 2194 ἀπόδεξαι

2174 2206 2353 2279 μένων
2382 2210 2481 2277 τὴν
2509 2205 2825 2284 προϐολὴν,
2873 2213 2963 2266 καὶ
2994 2209 3190 2287 ἀθρόον
3221 2214 3321 2283 τὴν
3356 2209 3616 2287 βασιλίδα
3660 2231 3838 2267 κατα-

2172 2290 2455 2353 λαϐόντων
2506 2298 2597 2353 καὶ
2636 2300 2944 2379 ὁμοφώνως
3000 2301 3207 2375 αἰωνίῳ
3250 2298 3549 2375 ἀναθέματι
3586 2297 3839 2377 παραδε-

2171 2381 2426 2441 δωκότων
2456 2389 2556 2457 τὴν
2584 2386 2788 2463 αἵρεσιν
2842 2395 2951 2446 τῶν
3009 2391 3433 2467 Εἱκονομάχων.
3487 2391 3673 2448 Ταῦτα
3731 2390 3834 2464 μὶν

401 2482 455 2536 έν
511 2480 955 2557 προοιμίοις·τῇ
1007 2477 1251 2553 ἂοιδίμῳ
1305 2475 1561 2553 Θεοδώρᾳ
1618 2478 1709 2532 καὶ
1766 2474 1847 2549 τῷ
1887 2474 2093 2546 ταύτης
2183 2475 2286 2547 υἱῷ
2361 2478 2717 2554 κατεπράχθη
2792 2479 2860 2534 τὰ
2942 2481 3359 2555 κατορθώματα’
3417 2482 3446 2536 ὁ
3498 2477 3557 2536 δὶ
3612 2478 3837 2557 ἀνιάρος

402 2575 613 2641 Ἰαννῆς
669 2570 722 2626 έν
784 2568 1139 2643 μοναστηρίῳ
1194 2568 1300 2624 τινὶ
1356 2567 1720 2643 κατειρχθεῖς,
1779 2566 1870 2620 καὶ
1928 2562 1980 2619 έν
2059 2584 2163 2619 τινι
2250 2565 2402 2640 μέρει
2481 2567 2682 2623 τούτου
2736 2569 3191 2643 ἀνεστηλωμένην
3252 2571 3580 2643 θεασάμενος
3639 2569 3839 2626 εἰκόνα

405 2664 644 2733 Χριστοῖι
680 2663 780 2715 τοῦ
810 2662 944 2714 Θεοῦ
973 2658 1195 2727 καὶτῆς
1224 2659 1573 2731 Θεομήτορος
1632 2655 1725 2710 καὶ
1778 2658 1888 2709 τῶν
1948 2650 2335 2728 ἀρχαγγέλων,
2390 2659 2473 2727 τῷ
2530 2656 2723 2712 ἑαυτοῦ
2776 2655 3013 2731 διακόνῳ
3068 2658 3387 2732 προσέταξεν
3419 2653 3683 2714 ἀναϐάντι
3710 2662 3834 2714 τῶν

407 2745 719 2822 σεϐασμίων
751 2747 974 2802 εἰκόνων
1007 2745 1094 2801 ἀνι
1108 2746 1258 2821 ρύξαι
1286 2746 1414 2809 τοὺς
1443 2741 1785 2823 ὀφθαλμοὺς,
1818 2742 1987 2796 εἰπὼν
2020 2741 2098 2814 μὴ
2142 2737 2291 2820 ἔχειν
2343 2744 2541 2808 αὑτοὺς
2571 2747 2673 2815 τήν
2700 2751 2799 2802 τοῦ
2829 2747 2958 2822 όρᾷν
3013 2746 3261 2823 δύναμιν.
3314 2750 3405 2812 Ὠς
3456 2747 3547 2804 οὖν
3589 2747 3829 2804 ἐπύθετο

404 2838 635 2905 ταῦταὴ
670 2829 895 2903 εὐσεϐὴς
927 2831 1197 2906 δέσποινα,
1232 2832 1388 2908 ζήλῳ
1445 2833 1572 2906 θείῳ
1633 2832 2005 2906 ἐκπυρωθεῖσα
2060 2828 2187 2891 τοὺς
2244 2831 2411 2887 αὐτοῦ
2466 2834 2761 2908 προσέταξε
2817 2835 3182 2913 διορυχθῆναι
3240 2835 3583 2918 ὀφθαλμοὺς.
3645 2836 3834 2894 Ἀλλά

406 2931 571 2984 τοῦτο
606 2925 702 3000 μὲν
753 2924 857 2979 οὐκ
912 2922 1122 2999 ἐγένετο
1175 2924 1601 2997 μεσιτευσάντων
1655 2926 1839 2991 τινῶν,
1899 2918 2233 2995 δορυφόρους
2265 2918 2308 2976 δ’
2339 2922 2657 2998 ἐκπεμψασα
2717 2926 2959 3000 μάστιξιν
3015 2927 3180 2983 αὐτὸν
3235 2926 3568 3002 κατῃκίσατο
3623 2925 3829 3002 λώρων

412 3014 668 3073 διακοίων
693 3017 825 3087 ('23).

484 3113 665 3166 Natus
696 3111 808 3165 fuit
834 3112 1052 3167 Jannes
1083 3111 1193 3165 iste
1228 3109 1415 3181 Cpoli,
1450 3108 1631 3178 stirpe
1666 3106 2063 3161 Morocharza-
2089 3103 2131 3169 Ο

409 3200 666 3256 niorum.
700 3202 769 3254 Et
793 3198 917 3269 jam
948 3199 1022 3254 ad
1067 3204 1368 3254 senectam
1402 3203 1634 3251 aetatem
1677 3193 1965 3250 accedens
2000 3192 2061 3246 in

406 3289 1038 3360 prmstantissimornm
1110 3293 1436 3358 martyrum
1494 3286 1676 3356 Sergii
1743 3289 1803 3338 et
1848 3281 2059 3338 Bacchi

407 3375 687 3447 princeps
716 3376 827 3429 fuit
854 3375 1235 3442 monasterio,
1263 3374 1343 3428 ibi
1376 3374 1437 3428 in
1460 3373 1724 3428 Ecclesia
1752 3371 1927 3426 veluti
1968 3387 2062 3426 co-

407 3464 579 3519 luber
626 3463 867 3534 quidam
913 3464 975 3518 in
1020 3468 1190 3518 antro
1223 3462 1598 3518 delitescens.
1632 3460 1921 3517 Paulatim
1957 3459 2059 3515 de-

408 3552 470 3606 in
501 3551 573 3607 de
604 3567 952 3625 progressus
973 3551 1047 3607 ad
1068 3552 1281 3607 altiora
1306 3552 1464 3617 fecit,
1490 3568 1597 3623 per
1618 3566 1855 3606 omnem
1877 3549 2058 3606 vitam

405 3641 977 3713 Imaginiperdarum
1009 3642 1220 3697 haeresi
1253 3642 1519 3714 impense
1550 3640 1806 3708 deditus,
1838 3640 2061 3711 prmsti-

406 3730 635 3802 giarum
666 3730 966 3787 studiosus
988 3737 1046 3786 et
1065 3730 1498 3787 divinationum
1522 3746 1629 3802 per
1648 3730 1884 3801 pelvim.
1913 3729 2060 3785 Cha-

406 3821 680 3875 rissimus
708 3820 821 3876 fuit
857 3819 1138 3876 Michaelo
1190 3821 1389 3887 Balbo,
1422 3821 1540 3876 sive
1572 3820 1646 3875 ob
1687 3820 1931 3875 haeresis
1962 3836 2055 3874 so-

404 3910 702 3972 cietatem.
729 3910 845 3965 sive
868 3909 940 3964 ob
957 3910 1239 3966 doctrinas
1261 3910 1627 3981 Opinionem,
1650 3914 1710 3964 et
1730 3914 2058 3981 praeceptor

404 3998 729 4070 TheOphilo
752 4000 882 4071 ejus
909 3998 1031 4053 lilio
1064 3998 1249 4054 datus.
1288 3998 1645 4069 Theophilus
1676 3998 1927 4070 imperio
1957 4014 2058 4053 ac-

405 4094 577 4160 cepto
605 4090 865 4159 primum
893 4089 942 4144 ei
982 4089 1236 4161 cyncelli
1268 4088 1618 4161 dignitatem
1650 4088 1921 4152 contulit,
1954 4086 2055 4142 de-

405 4177 542 4231 inde
593 4177 989 4247 patriarcham
1039 4178 1259 4234 creavit
1305 4176 1543 4248 Cpollis.
1598 4176 1816 4232 Solitus
1864 4176 1977 4230 fuit
2000 4175 2055 4231 ei

405 4266 591 4336 pelvis
618 4267 892 4323 vaticinio
927 4274 980 4323 et
1013 4268 1327 4340 praestigiis
1357 4268 1557 4323 futura
1585 4267 1926 4339 praedicere.
1955 4269 2053 4322 Et-

406 4353 567 4407 enim
590 4353 910 4425 aliquando
936 4357 1087 4414 945
1124 4373 1258 4412 eum
1283 4355 1469 4412 infida
1498 4362 1676 4427 atque
1707 4372 1862 4413 smva
1891 4374 2049 4429 qum-

2241 3104 2469 3180 Ἥνεγκε
2500 3101 2558 3159 δὲ
2600 3105 2693 3160 τὸν
2751 3106 2957 3177 Ἰαννῆν
3012 3110 3204 3163 τοῦτον
3231 3111 3267 3177 ἡ
3305 3101 3689 3185 μεγαλόπολις
3722 3110 3821 3181 (24

2176 3192 2316 3260 αὕτη
2348 3196 2437 3246 καί
2496 3199 2681 3249 πασῶν
2717 3195 3106 3270 προκαθημένῃ
3157 3201 3265 3251 τῶν
3313 3195 3533 3251 πόλεων
3565 3200 3698 3270 (25),
3729 3204 3836 3267 τῆς

2173 3282 2280 3332 τῶν
2335 3280 2827 3360 Μωροχαρζανίων
2876 3284 3243 3360 κατργόμενον
3296 3290 3477 3362 γενεᾶς
3509 3329 3522 3341 .
3583 3286 3834 3359 ’Δψάμε-

2175 3387 2266 3421 νον
2298 3364 2355 3422 δὲ
2384 3366 2493 3440 ἤδη
2526 3371 2615 3425 καὶ
2657 3380 2981 3448 γεροντικῆς
3036 3372 3279 3444 ἡλικίας,
3311 3378 3345 3445 ἡ
3382 3375 3523 3449 μονή
3553 3380 3664 3430 τῶν
3693 3374 3831 3431 κολ-

2175 3452 2399 3512 λινίκων
2453 3460 2743 3537 μαρτύρων
2788 3462 3020 3538 Σεργίου
3068 3464 3161 3518 καὶ
3212 3463 3435 3539 Βάκχου
3484 3466 3594 3539 (26)
3642 3462 3830 3537 ὥσπερ

2168 3547 2291 3602 τινὰ
2334 3543 2597 3624 δράκοντα
2649 3549 2700 3605 ἐν
2753 3550 3020 3624 ἐκκλησίᾳ
3066 3551 3419 3630 φωλεύσαντα
3467 3555 3619 3629 εἶχεν
3665 3555 3834 3628 ἡγού-

2173 3657 2333 3704 μενον
2380 3637 2432 3693 ἐν
2463 3638 2622 3714 αὐτῇ,
2680 3638 2733 3694 έν
2793 3637 2852 3695 δὶ
2903 3647 3025 3704 ταῖς
3082 3644 3218 3698 κατά
3278 3642 3473 3717 μικρὸν
3533 3643 3833 3717 γενόμενον

2170 3721 2459 3782 ἀναϐάσεσι
2487 3731 2555 3801 τῇ
2587 3749 2645 3783 τε
2671 3733 2781 3783 τῶν
2815 3729 3213 3806 Εἲκονομάχων
3253 3732 3397 3804 ἀθέῳ
3427 3731 3629 3805 αἱρέσει
3676 3730 3834 3812 ἴσχο-

2173 3818 2281 3888 ρῶς
2327 3816 2755 3891 προστετηκότα,
2796 3819 2886 3873 καὶ
2934 3819 3215 3896 γοητείαις
3282 3818 3710 3896 προσανέχοντα,
3733 3822 3827 3876 καὶ

2172 3901 2598 3978 λεκανομαντίας
2656 3903 2745 3961 δια
2814 3907 2934 3983 βίου
2991 3910 3214 3980 παντὸς,
3275 3907 3642 3987 διαφερόντως
3687 3910 3826 3986 ἀγα-

2169 3994 2407 4063 πηθέντα
2436 4000 2517 4067 τῷ
2545 3996 2709 4070 πατρὶ
2740 3995 3011 4076 Θεοφίλου
3049 3997 3289 4074 Μιχαὴλ
3321 4003 3402 4071 τῷ
3428 3998 3679 4073 τραυλῷ,
3717 3998 3824 4054 εἴτε

2167 4086 2246 4154 τῷ
2274 4089 2549 4139 κοινωνεῖν
2577 4090 2675 4153 τῆς
2708 4084 2871 4139 αὐτοῦ
2924 4086 3203 4161 αἱρέσεως,
3254 4086 3363 4143 εἶ’τε
3390 4089 3480 4142 καὶ
3508 4092 3589 4159 τῷ
3620 4086 3825 4161 λογιό-

2165 4191 2289 4241 τητι
2320 4174 2620 4243 κτήσασθαι
2679 4171 2855 4246 δόξαν,
2884 4180 2983 4231 τοῦ
3033 4174 3302 4256 Θεοφιλου
3372 4174 3429 4232 δὲ
3485 4173 3816 4232 διδάσκαλον

2165 4260 2444 4336 γεγονότα.
2475 4261 2576 4319 Καὶ
2608 4259 2725 4318 ἐπεὶ
2758 4260 2916 4327 οὗτος
2945 4265 3039 4327 τὰς
3077 4271 3177 4335 τῆς
3228 4264 3508 4341 βασιλείας
3558 4271 3819 4341 κατέσχεν

2165 4348 2340 4421 ἡνίας,
2399 4350 2699 4426 σύγκελλον
2773 4353 2867 4426 μὶν
2950 4357 3146 4409 τοῦτον
3229 4359 3369 4431 τιμᾷ
3423 4359 3664 4429 πρῶτον,
3721 4354 3820 4411 εἷθ’

409 4440 541 4496 dam
567 4458 709 4514 gens
730 4444 922 4499 tribus
935 4444 1279 4502 ductoribus
1295 4462 1402 4502 usa
1420 4447 1745 4502 Romanam
1768 4447 2055 4504 ditionem

2172 4438 2384 4513 ὕστερον
2438 4440 2531 4495 καὶ
2590 4441 2938 4517 πατρὶάρχην
3011 4442 3413 4513 ἀποκαθίστησι
3471 4450 3818 4500 Κωνσταντι-

407 4529 738 4601 infestaret,
795 4549 981 4604 eaque
1026 4552 1120 4590 res
1164 4534 1578 4607 Theophilum,
1626 4536 1711 4589 uti
1757 4553 1863 4608 par
1908 4542 2054 4607 erat,

406 4619 731 4676 sollicitum
758 4627 1010 4692 teneret,
1029 4624 1244 4679 Jannes
1268 4640 1403 4679 eum
1425 4623 1671 4679 dimissa
1691 4624 1874 4680 animi
1897 4626 2057 4697 (egri-

404 4712 610 4769 tudine
657 4713 879 4786 optime
929 4714 1001 4770 de
1042 4715 1217 4771 rebus
1264 4730 1502 4785 sperare
1542 4714 1824 4785 jusserat,
1879 4715 2055 4771 modo

404 4802 594 4873 ipsius
626 4804 879 4861 consilio
911 4820 1120 4877 parere
1151 4804 1347 4859 vellet.
1380 4802 1707 4858 Consilium
1742 4803 1859 4859 tale
1890 4811 2054 4861 erat:

401 4892 566 4949 Inter
603 4911 788 4950 (areas
838 4899 1083 4960 statuas,
1125 4909 1256 4964 quea
1304 4897 1473 4948 erant
1526 4892 1586 4947 in
1636 4892 1840 4965 euripo
1889 4894 2053 4964 circi,

2163 4526 2502 4599 νουπόλεως,
2559 4530 2896 4607 προγνώσεις
2978 4531 3130 4594 τινὰς
3215 4529 3305 4587 διὰ
3363 4531 3822 4607 λεκανομαντείας

2165 4619 2255 4673 καὶ
2316 4617 2569 4695 γοητείας
2620 4619 2770 4692 αὐτῷ
2819 4619 3258 4697 ἀπαγγέλλοντα.
3317 4624 3625 4699 Κατέτρεχέ
3683 4644 3822 4679 ποτε

2165 4712 2233 4767 τὰ
2283 4711 2576 4785 Ῥωμαίων
2635 4708 2781 4772 ἔθνος
2838 4708 3064 4768 ἄπιστον
3117 4714 3208 4769 καὶ
3268 4713 3510 4790 σκληρὸν
3551 4720 3687 4788 (2-7),
3725 4717 3819 4793 ὑφ’

2165 4801 2404 4877 ἡγεμόσι
2455 4800 2599 4877 τρισὶ
2656 4801 3134 4879 στρατηγούμεγον
3170 4825 3185 4839 °
3254 4805 3346 4859 καὶ
3402 4805 3479 4870 ὡς
3532 4805 3678 4870 εἰκὸς
3728 4804 3818 4860 ἐπὶ

2164 4892 2342 4964 τούτῳ
2370 4895 2468 4947 τοῦ
2499 4889 2768 4967 Θεοφίλου
2816 4890 3147 4967 ἀνιωμένου,
3198 4894 3492 4951 ἀποθέσθαι
3543 4897 3643 4966 τήν
3676 4895 3815 4952 ἀθυ-

1605 5000 1968 5058 XYLANDRI
2007 5005 2093 5059 ET
2134 5000 2351 5060 GOARI
2389 5000 2613 5055 ΝΟΤᾹΞ.

477 5125 589 5198 ('23)
645 5128 985 5184 Taurearum
1032 5127 1130 5183 hic
1189 5132 1316 5183 erat
1380 5142 1693 5199 supremus
1742 5143 2049 5198 numerus,

405 5213 577 5271 quem
596 5200 724 5271 jam
743 5200 925 5271 habes
947 5200 1017 5271 in
1040 5199 1445 5271 superioribus
1462 5198 1848 5271 recensituim.
1875 5200 2051 5271 Com.

476 5268 1035 5343 (ἓίγΜεγαλόπολις
1101 5268 1173 5343 ob
1236 5268 1696 5343 amplitudinem
1746 5270 2056 5343 dicebatur

403 5338 777 5420 Constantini
810 5344 950 5420 urbs
975 5340 1321 5420 ;_e;o».'moh;
1342 5338 1671 5420 Antiochia
1701 5342 1775 5397 ob
1807 5343 1866 5420 id
1896 5344 2056 5415 quod

404 5413 649 5486 contigit
694 5414 1011 5470 Iustiniani
1045 5419 1328 5486 tempore
1389 5415 1762 5482 miraculum,
1817 5415 1889 5469 de
1914 5413 2055 5485 _quo

406 5478 677 5547 ejusdem
718 5498 874 5538 anno
901 5488 1017 5559 2;;
1043 5478 1371 5559 Ἀγιόπολις
1429 5478 1797 5543 Hierusalem
1838 5478 2054 5543 Christi

404 5564 551 5606 nece
583 5560 947 5609 consecrata.
982 5557 1154 5611 Goaa.

479 5621 590 5691 (25)
636 5620 934 5676 Librarius
985 5625 1081 5678 hic
1127 5626 1426 5698 ascripsit,
1455 5628 1613 5700 quod
1659 5632 1816 5684 recte
1849 5629 2055 5688 multis

2161 5128 2297 5184 aliis
2326 5125 2494 5193 locis,
2527 5141 2596 5181 ac
2622 5125 2846 5198 rectius
2876 5126 3064 5182 multo
3097 5144 3276 5198 quam
3300 5128 3417 5194 hic,
3447 5134 3812 5198 annotasset,

2156 5198 2489 5255 Cedrenum
2520 5197 2819 5253 scribendi
2853 5197 3135 5253 nimirum
3185 5201 3438 5256 materia
3468 5197 3813 5256 destitutum

2159 5272 2285 5327 hmo
2317 5285 2558 5325 narrare
2580 5266 2712 5323 ευύκ
2759 5267 2923 5346 εἶχες,
2979 5268 3053 5331 ὡς
3107 5262 3275 5340 ἔοικε,
3307 5269 3361 5325 τί
3406 5270 3627 5350 γράφειν
3659 5271 3816 5346 ἀκρό-

2163 5360 2312 5393 ιιωοε
2346 5337 2600 5393 Κεοδῑνέ.
2633 5339 2769 5393 XYL.

2162 5360 2312 5415 μωρε
2346 5339 2600 5411 Κερδηνὲ.
2633 5339 2769 5395 Χγι.
2809 5339 2848 5346 ”
3004 5398 3009 5401 ,
3263 5339 3268 5340 ⁷
3419 5339 3454 5347 ”
3523 5339 3534 5350 ’
3733 5339 3743 5346 ’

2230 5414 2345 5494 ﬁt?)
2371 5412 2828 5494 Iustinianiboc
2849 5412 3344 5494 eratmdificium,
3369 5414 3439 5470 de
3462 5431 3580 5486 quo
3611 5414 3811 5471 statim

2159 5484 2269 5543 sub
2301 5484 2472 5556 initio
2506 5484 2738 5556 imperii
2773 5484 2921 5556 ejus.
2955 5485 3132 5540 Goan.

2232 5557 2348 5629 (27)
2368 5554 2587 5629 Abares
2604 5554 2904 5629 existimo,
2924 5573 3074 5629 quos
3093 5556 3318 5629 pariter
3339 5561 3389 5627 1,
3422 5559 3453 5613 3
3485 5559 3709 5616 vocavit
3729 5558 3813 5616 Si-

2161 5623 2423 5686 mocatta
2451 5623 2808 5683 ἀπιστότατον
2839 5623 2993 5693 sava;
3020 5623 3114 5684 καί
3158 5623 3598 5703 ἀπληστότατον.
3631 5632 3807 5692 Gou.
