4130 6218
328 376 490 438 1029

1491 367 2041 433 HISTORIARUM
2088 369 2629 436 COMPENDIUM.

3597 380 3621 436 l
3633 379 3752 440 030

334 510 461 586 μίαν
496 511 523 564 6
555 511 762 576 Ἰαννῆς
822 505 1116 583 παρεκάλει
1172 505 1262 560 καὶ
1321 503 1548 581 θάρσους
1594 504 1980 580 πληρωθῆναι,

2117 509 2290 563 ιιειῑιιᾶ
2322 507 2592 578 quaedam
2616 515 2846 564 exstare
2869 510 3169 565 ferebatur
3193 511 3428 582 triceps.
3447 515 3584 566 Tres
3605 530 3740 585 ergo

333 599 449 676 εἶ’γε
509 597 678 674 μόνον
735 601 805 672 τῇ
862 597 1031 652 αὐτοῦ
1089 590 1382 668 συμϐουλῇ
1441 597 1883 670 πειθαρχήσειεν.
1930 593 1992 647 Ἡ

331 687 389 745 δὲ
421 685 714 762 συμϐουλή
774 687 1002 756 τοιαύτη
1063 685 1151 755 ἦν.
1208 687 1295 742 Ἐν
1349 689 1466 748 τοῖς
1522 684 1598 747 εἰς
1639 685 1729 740 τὸν
1762 680 1989 758 οὕριπον

331 784 429 834 τοῦ
512 780 742 832 ἱππικοῦ
801 775 1111 849 ἱσταμένοις
1166 771 1402 849 χαλκοῖς
1459 771 1703 847 ἀνδριᾶσι
1763 771 1853 826 καί
1909 791 1992 833 τις

288 865 552 942 ιᾶνδριας
609 865 858 922 ’ἰστασθαι
916 862 1137 939 ἐλέγετο
1195 864 1338 939 τρισὶ
1409 859 1850 935 διατυπούμενος
1906 880 1995 916 κε-

335 956 560 1035 φαλαῖς.
641 955 970 1030 Ηροστάττει
1050 952 1228 1008 τοίνυν
1291 954 1319 1007 6
1378 953 1580 1016 Ἰαννῆς
1667 950 1993 1026 ἰσαρίθμους

337 1045 542 1126 σφύρας
602 1045 974 1120 χαλκευθῆναι
1030 1049 1151 1104 ταῖς
1210 1041 1494 1116 κεφαλαῖς,
1529 1038 1750 1116 ἀνδράσι
1781 1060 1838 1094 τε
1865 1037 1996 1093 ταύ-

335 1157 432 1198 τας
488 1135 897 1210 ἐγχειρισθῆναι
953 1133 1090 1187 κατά
1148 1137 1310 1210 χεῖρα
1361 1131 1646 1206 γενναίοις,
1704 1127 1838 1184 κατά
1878 1148 1997 1183 τινα

338 1220 396 1278 δὲ
452 1223 789 1297 τεταγμένην
850 1221 995 1297 ὥραν
1054 1220 1366 1294 νυκτερινὴν
1417 1218 1532 1292 ἅμα
1575 1217 1722 1288 αὐτῷ
1747 1215 1995 1291 γενέσθαι

336 1313 474 1387 πρὸς
533 1313 622 1366 τὸν
679 1311 968 1384 είρημένον
1029 1306 1340 1383 ἀνδριάντα,
1418 1307 1506 1363 καὶ
1565 1305 1724 1378 ἡνίκα
1779 1306 1995 1366 τούτοις

341 1401 634 1468 κελεύσειε,
691 1399 868 1454 παίειν
926 1400 1172 1473 ἱσχυρῶς
1223 1402 1342 1457 ταῖς
1399 1395 1627 1471 σφύραις
1678 1395 1774 1458 τὰς
1831 1416 1998 1472 κεφα-

342 1489 462 1558 λάς,
524 1489 722 1564 μὲχρις
784 1487 844 1543 ἄν
897 1488 1274 1562 κατενεχθεῖεν
1334 1486 1408 1548 εἰς
1462 1493 1564 1560 γῆς
1642 1487 1714 1547 ὡς
1774 1485 1824 1554 ἐξ
1883 1485 1996 1546 ἐνὸς

340 1580 652 1655 κρούματός
692 1577 867 1634 τεκαὶ
927 1577 1200 1648 πλήξεως.
1249 1575 1458 1638 Ἡσθεὶς
1513 1574 1612 1631 οὖν
1660 1581 1777 1636 τοῖς
1808 1574 1995 1649 λόγοις

345 1674 372 1726 ὁ
409 1669 666 1745 βασιλεὺς
727 1668 870 1723 οὕτω
927 1662 1174 1742 γενέσθαι
1204 1664 1515 1739 προσέταξε.
1561 1664 1663 1720 Καὶ
1694 1663 1997 1740 γενομένων

345 1759 517 1814 ἐκεῖσε
572 1763 681 1812 τῶν
743 1755 946 1830 ἀνδρῶν
1011 1757 1123 1828 ἅμα
1181 1761 1258 1826 τῷ
1318 1756 1492 1827 ’[αννῇ
1551 1751 1741 1827 πόῤῥω
1791 1757 1996 1808 νυκτῶν

2107 596 2350 652 malleos
2410 615 2594 653 aereos
2643 599 2916 654 fabricari
2959 600 3207 671 jubebat
3261 601 3496 660 Jannes.
3527 619 3745 672 eosque

2108 685 2258 739 tradi
2281 687 2417 741 viris
2449 704 2626 744 manu
2657 688 2882 756 validis,
2919 690 3018 760 qui
3052 690 3373 744 constituta
3394 692 3583 746 noctis
3605 693 3750 747 hora

2108 791 2306 830 secum
2339 777 2412 831 ad
2445 783 2697 833 statuam
2729 779 2895 834 illam
2935 779 3307 844 accederent,
3369 779 3582 850 iisque,
3617 798 3750 836 cum

2105 861 2229 932 ipse
2284 864 2646 933 mandasset,
2695 867 2890 936 capita
2945 867 3178 921 fortiter
3210 867 3476 936 ferirent,
3511 867 3650 922 dum
3683 885 3752 922 ea

2105 952 2308 1008 veluiti
2329 971 2447 1009 uno
2469 955 2587 1010 ictu
2609 959 2785 1026 atque
2811 956 3073 1027 impulsu
3097 956 3155 1010 in
3175 961 3394 1012 terram
3407 957 3752 1028 dejicerent.

2107 1042 2350 1098 Gratum
2383 1044 2493 1098 hoc
2537 1045 2854 1100 consilium
2886 1046 3249 1117 imperatiori
3278 1046 3408 1113 fuit,
3451 1047 3754 1118 jussitque

2105 1132 2188 1186 ita
2229 1133 2378 1186 ﬁeri.
2419 1135 2564 1204 Ergo
2624 1151 2839 1206 magna
2891 1135 3017 1205 jam
3075 1141 3242 1206 parte
3300 1137 3491 1191 noctis
3549 1143 3753 1192 exacta

2107 1238 2241 1276 cum
2274 1223 2412 1277 viris
2443 1223 2574 1279 istis
2603 1225 2838 1294 Jannes,
2879 1225 2980 1294 qui
3014 1242 3086 1279 ne
3118 1232 3559 1296 agnosceretur,
3617 1244 3752 1298 pro-

2103 1311 2241 1366 fano
2272 1311 2480 1366 habitu
2510 1329 2570 1367 se
2599 1312 2892 1382 induerat,
2917 1314 2991 1369 ad
3019 1319 3272 1370 statuam
3303 1315 3481 1382 venit,
3505 1317 3755 1387 magico-

2105 1417 2220 1471 que
2255 1401 2518 1456 carmine
2553 1402 2824 1472 recitato,
2873 1403 3066 1474 iisque
3126 1403 3339 1458 robore
3371 1405 3528 1474 quod
3559 1406 3754 1460 inerat

2106 1495 2314 1545 statua:
2349 1489 2647 1562 adempto,
2679 1491 2837 1547 viros
2887 1493 3048 1548 omni
3093 1493 3144 1546 vi
3201 1500 3510 1564 percutere
3560 1495 3754 1564 capita

2105 1585 2314 1635 statum
2339 1581 2533 1651 jubet.
2567 1583 2784 1636 Eorum
2818 1582 2932 1638 duo
2965 1582 3346 1638 validissimis
3377 1583 3592 1637 ictibus
3637 1583 3752 1638 duo

2105 1670 2301 1740 capita
2350 1677 2558 1726 statum
2609 1671 3000 1727 decusserunt
3023 1690 3036 1726 :
3063 1673 3272 1728 tertius
3305 1673 3613 1728 remissius
3640 1673 3752 1728 ali-

2105 1775 2261 1829 quau
2274 1766 2328 1814 to
2362 1760 2582 1815 feriens
2615 1759 2915 1815 inclinavit
2937 1761 3200 1831 quidem,
3221 1778 3340 1816 non
3357 1768 3556 1816 tamen
3575 1779 3607 1816 a
3626 1779 3750 1816 cor-

345 1849 432 1919 (ἦν
465 1845 509 1901 δ’
543 1849 570 1900 6
601 1849 804 1915 Ἰαννῆς
838 1846 970 1918 μετὰ
1003 1845 1194 1899 λαϊκοῦ
1241 1849 1336 1898 τοῦ
1396 1845 1478 1918 [Ρ.
1515 1845 1644 1915 537]
1677 1845 1994 1918 σχηματος,

2117 1865 2244 1920 pore
2280 1855 2463 1903 totum
2491 1850 2692 1904 avellit
2721 1856 2914 1921 caput.
2941 1851 3158 1905 Eodem
3204 1851 3378 1906 modo
3402 1868 3534 1906 cum
3556 1853 3748 1923 gentis

345 1936 434 1991 ’ἱνα
494 1937 570 2008 μή
631 1935 950 2010 κατάφωρος
1007 1933 1270 2010 γένηται),
1336 1934 1462 1994 τοὺς
1545 1931 1994 2007 στοιχειωτικοὺς

347 2025 546 2100 λόγους
579 2026 692 2097 (28)
724 2022 960 2077 ἐπειπὼν
1016 2023 1105 2077 καὶ
1158 2025 1258 2092 τὴν
1313 2022 1530 2076 ἐνοῦσαν
1571 2018 1798 2092 δύναμιν
1830 2019 1880 2074 ἐν
1915 2025 1992 2075 τῶ

346 2114 582 2185 τοιούτῷ
641 2111 913 2187 ἀνδριάντι
974 2109 1334 2189 ἀφελόμενος,
1393 2112 1568 2165 παίειν
1626 2110 1757 2173 τοὺς
1797 2107 1994 2187 ἄνδρας

345 2202 560 2258 ἐκέλευε
623 2206 882 2265 νεανικῶς
932 2223 990 2256 τε
1041 2201 1130 2256 καὶ
1190 2201 1455 2276 ἰσχυρῶς,
1515 2201 1618 2258 Καὶ
1668 2202 1720 2254 οἱ
1767 2201 1864 2273 μὲν
1897 2198 1992 2254 δύο

333 2292 720 2367 ἰσχυροτάταις
781 2290 1126 2366 χρησάμενοι
1187 2296 1305 2349 ταῖς
1361 2295 1694 2367 καταφοραῖς
1751 2290 1846 2351 τὰς
1895 2287 1990 2344 δύο

329 2386 429 2437 τοῦ
486 2378 802 2455 ἀνδριάντος
859 2379 1136 2455 ἀπέκόψαν
1193 2379 1454 2458 κεφαλὰς,
1488 2379 1724 2452 ὁτρίτος
1774 2377 1831 2434 δὲ
1883 2401 1989 2453 μα-

2105 1939 2234 2008 ejus
2269 1937 2516 1993 ducibus
2569 1945 2766 1993 actum
2814 1939 2960 1993 fuit:
2997 1957 3133 1994 nam
3179 1940 3469 1994 seditione
3523 1946 3746 2008 coorta,

2105 2034 2281 2098 atque
2314 2029 2463 2083 eain
2481 2045 2740 2100 pugnam
2764 2029 3104 2085 intestinam
3133 2031 3434 2095 evadente,
3455 2031 3608 2086 9.16
3631 2031 3746 2084 duo

2103 2117 2174 2171 de
2210 2117 2461 2172 ducibus
2484 2118 2847 2184 ceciderunt,
2883 2119 3090 2174 tertius
3120 2119 3332 2174 vulnus
3365 2120 3611 2190 accepit,
3643 2119 3746 2174 sed

2103 2221 2222 2259 non
2245 2204 2484 2260 lethale.
2514 2205 2914 2262 Nihilominus
2945 2213 3144 2262 tamen
3177 2208 3258 2262 rei
3283 2207 3555 2279 gerenda)
3579 2223 3646 2262 eo
3669 2207 3750 2262 fa-

2103 2297 2196 2346 cto
2248 2292 2468 2361 inutili,
2499 2309 2645 2364 gens
2677 2310 2745 2349 ea
2766 2294 2987 2349 viribus
3041 2296 3163 2349 suis
3193 2295 3473 2351 destituta
3504 2294 3746 2350 domum

2101 2382 2300 2438 rediit.

337 2468 652 2544 λακωτὲραν
683 2471 918 2540 ποιήσας
947 2471 1044 2538 τὴν
1081 2467 1309 2544 πληγὴν
1347 2471 1539 2544 μικρὸν
1572 2469 1665 2543 μὲν
1697 2468 2026 2544 κατέκλινεν,
2082 2471 2143 2525 οὐ
2198 2470 2304 2542 μὴν
2343 2469 2432 2525 καὶ
2485 2469 2622 2540 ὅλην
2665 2474 2761 2525 τοῦ
2811 2470 3050 2544 σύματος
3082 2470 3312 2544 ἀπέτεμε
3343 2473 3442 2540 τὴν
3476 2471 3742 2550 κεφαλήν.

339 2563 436 2624 Οἷς
468 2559 533 2632 δὴ
567 2560 968 2637 παραπλησίως
996 2561 1084 2616 καὶ
1117 2562 1184 2616 τά
1211 2563 1347 2616 κατᾶ
1376 2563 1503 2625 τοὺς
1532 2558 1812 2634 ἡγδμόνας
1861 2566 1958 2616 τοῦ
2006 2556 2184 2622 ἔθνους
2237 2558 2675 2631 ἐπηκολούθησε·
2707 2562 2943 2624 στάσεως
2973 2563 3076 2639 γάρ
3105 2583 3253 2624 τινος
3284 2569 3541 2636 κραταιᾶς
3575 2563 3747 2618 ἐπεισ-

337 2653 609 2725 πεσούσης
640 2657 720 2725 τῷ
747 2653 904 2729 γένει,
931 2653 1100 2726 ταύτῃ
1134 2650 1191 2707 δὲ
1220 2653 1310 2708 καὶ
1346 2653 1532 2728 μάχης
1569 2651 1842 2728 ἐμφυλίου
1873 2650 2414 2722 ἐπακολουθησάσης,
2469 2653 2522 2706 οἱ
2572 2650 2672 2707 δύο
2722 2658 2828 2708 τῶν
2861 2651 3145 2730 ἡγεμόνων
3180 2654 3494 2722 πίπτουσιν,
3527 2653 3741 2728 ἐπλήγη

338 2741 398 2798 δὲ
427 2743 517 2798 καὶ
549 2743 576 2797 ὁ
607 2741 811 2816 τρίτος,
841 2743 904 2798 οὐ
941 2743 1047 2814 μήν
1076 2762 1134 2818 γε
1163 2742 1413 2816 καιρίως,
1446 2739 1654 2816 ἤργησε
1685 2738 1732 2796 δ’
1764 2743 1916 2814 ὅμως
1948 2741 2009 2797 ἐκ
2037 2748 2136 2812 τῆς
2165 2742 2414 2816 πληγῆς,
2458 2741 2548 2796 καὶ
2599 2741 2773 2807 οὕτως
2801 2744 2862 2798 τὸ
2890 2738 3042 2808 ἔθνος
3069 2743 3370 2814 ἠσθενηκός
3401 2739 3588 2797 οἷ’καδε
3620 2742 3746 2796 ἀπε·

335 2832 584 2901 νόστησε.
619 2832 722 2889 Καὶ
756 2831 822 2886 τὰ
856 2834 949 2904 μὲν
976 2839 1075 2901 τῆς
1113 2833 1368 2905 γοητείας
1398 2831 1597 2894 οὕτως.

413 2927 500 2994 Τῷ
556 2919 614 2976 δὲ
667 2921 828 2998 γόητι
884 2920 1064 2993 τούτῳ
1122 2922 1296 2993 Ἰαννῇ
1355 2918 1590 2997 ἀδελφὸς
1617 2923 1680 2988 ἦν
1712 2919 1987 2994 σαρκικὸς,

341 3010 514 3086 ὄνομα
570 3017 648 3084 τῷ
705 3011 860 3088 ἀνδρὶ
922 3007 1222 3086 Ἀρσαϐἡρ,
1293 3012 1392 3080 τὴν
1445 3011 1624 3085 τύχην
1683 3010 1988 3086 πατρίκιος.

344 3104 536 3174 Τοότῳ
585 3103 910 3177 προάστειον
941 3101 1007 3171 ἦν
1070 3101 1206 3155 κατά
1263 3101 1325 3155 τὸ
1386 3097 1663 3172 ευώνυμον
1701 3099 1867 3173 μέρος
1897 3104 1994 3154 τοῦ

345 3196 564 3258 Στενοῦ,
596 3187 812 3266 ἔγγιστα
840 3198 940 3259 τῆς
975 3197 1145 3262 μονῆς
1191 3193 1288 3244 τοῦ
1333 3189 1522 3265 Ἀγίου
1555 3195 1742 3256 Φωκᾶ,
1777 3186 1996 3244 οἰκοδο-

351 3283 456 3355 μὰς
511 3275 639 3355 ἔχον
696 3280 1049 3346 πολυτελεῖς,
1108 3280 1267 3341 στοάς
1331 3300 1388 3334 τε
1443 3279 1530 3333 καὶ
1592 3279 1852 3354 βαλανεῖα
1907 3280 1995 3334 καὶ

349 3366 632 3447 διατριϐὰς
707 3369 881 3431 ἄλλας
962 3367 1318 3443 ἐπιστερπεῖς.
1408 3369 1611 3422 Ἐκεῖσε
1657 3365 1714 3422 δῖε
1780 3369 1808 3423 6
1864 3367 2000 3442 γόης

347 3460 552 3536 συχνὰς
611 3464 784 3515 ποιῶν
839 3459 936 3522 τὰς
991 3458 1334 3533 καταγωγὰς,
1393 3457 1655 3534 ὑπόγαιόν
1720 3479 1772 3512 τι
1833 3477 2001 3512 κατα-

351 3551 610 3611 σκευάσας
639 3545 962 3620 ἐνδιαίτημα
1018 3545 1108 3601 καὶ
1163 3550 1243 3617 τῷ
1294 3548 1612 3621 Τροφωνίου
1669 3547 2002 3620 παρόμοιον,

351 3635 568 3694 ὄπισθεν
599 3634 655 3692 δὶ
704 3634 938 3698 πυλίδας
983 3633 1396 3709 δημιουργήσας
1429 3632 1556 3689 εἷ’σω
1587 3634 1714 3696 τοὺς
1745 3634 2006 3698 θέλοντας

352 3728 752 3802 παραπέμπειν,
816 3725 942 3789 τοὺς
1005 3723 1378 3800 βουλομένους
1439 3721 1658 3798 ἐδέχετο
1712 3723 1765 3779 ἐν
1819 3721 2006 3796 ἐκείνῳ

351 3823 429 3891 τῷ
486 3821 718 3892 πονηρῷ
774 3815 1144 3893 ἐργαστηρίῳ,
1201 3815 1290 3868 καὶ
1350 3819 1441 3868 νῦν
1505 3815 1595 3886 μὲν
1658 3812 2005 3886 ἐταμιεύοντο

349 3905 923 3980 θαλαμηπολούμεναι
982 3907 1100 3978 (29)
1181 3903 1514 3976 μονάζουσαί
1565 3923 1622 3956 τε
1677 3903 1766 3957 καὶ
1820 3901 2008 3963 ἄλλως

349 4001 598 4070 γυναῖκες
630 3999 710 4067 τῷ
753 3992 946 4048 κάλλει
999 3990 1339 4068 διαπρεπεῖς,
1375 3995 1460 4053 αἷς
1491 3990 1882 4069 συνεφθείρετο,
1915 3997 2006 4045 νῦν

359 4084 417 4140 δὲ
445 4085 876 4155 ἡπατοσκοπίαι,
932 4081 1022 4136 καὶ
1081 4081 1555 4154 λεκανομαντεῖαι,
1614 4081 1700 4135 καὶ
1760 4085 2011 4156 γοητεῖαι

358 4174 447 4229 καὶ
523 4177 935 4245 νεκυομαντεῖαι
1011 4168 1356 4244 ἐνηργοῦντο,
1433 4165 1504 4222 δι’
1590 4166 1663 4222 ὧν
1736 4167 2011 4230 πολλάκις

358 4261 634 4339 συνεργείᾳ
665 4260 942 4334 δαιμόνων
1003 4259 1125 4313 τινὰ
1179 4261 1286 4312 τῶν
1352 4255 1665 4330 μελλόντων
1695 4255 2007 4332 προέλεγεν.

353 4351 531 4409 Ἀλλὰ
560 4354 721 4405 τοῦτο
779 4350 841 4404 τὸ
895 4354 1082 4420 κτῆμα
1136 4344 1291 4400 ἐλθὸν
1351 4345 1572 4420 ὕστερον
1607 4345 1680 4406 εἰς
1707 4346 1798 4400 τὸν
1832 4366 2010 4420 παρα⁴

350 4443 702 4516 κοιμώμενον
759 4440 837 4502 εἷς
895 4433 1091 4516 ἔδαφος
1146 4436 1592 4514 καταστρέφεται,
1651 4435 1741 4491 καὶ
1797 4437 1874 4498 εἰς
1911 4457 2010 4508 μο-

355 4533 454 4599 νὴν
485 4530 881 4600 κατεσκευάσθη
915 4527 997 4584 ἐπ’
1040 4528 1269 4601 ὀνόματι
1331 4530 1498 4581 Φωκᾶ
1526 4529 1624 4581 τοῦ
1657 4523 2011 4602 μεγαλομάρ-

361 4639 494 4695 τυρο
503 4642 546 4682 ς.

437 4708 750 4784 Καοαιρέσει
807 4707 883 4779 δὲ,
941 4710 1015 4773 ὡς
1074 4706 1316 4782 ε’ίπομεν,
1367 4707 1525 4768 οὗτος
1577 4705 1667 4761 καὶ
1725 4707 1776 4760 οἱ
1814 4706 2010 4762 τούτου

369 4799 598 4874 μέτοχοι
629 4793 1133 4867 καθυποϐληθεντες
1191 4794 1308 4850 οὐδ’
1365 4797 1541 4860 οὕτως
1592 4795 1826 4874 ἡσυχίαν
1859 4796 2018 4871 ἦγον,

364 4889 504 4944 ἀκκά
533 4888 667 4942 κατὰ
712 4891 820 4941 τῶν
875 4887 1040 4959 ἁγίων
1104 4882 1180 4939 ἔτι
1233 4883 1594 4940 ἐνεανιεύοντο
1646 4885 1868 4940 εἰκόνων
1927 4885 2014 4940 καὶ

365 4978 582 5052 πονηρὲ
636 4976 771 5030 κατᾶ
824 4981 932 5030 τῶν
1004 4968 1236 5028 εὐσεϐῶν
1292 4971 1584 5047 ἐμελέτων.
1649 4975 2017 5050 Συκοφαντίαν

364 5067 465 5144 γάρ
498 5064 761 5141 βάψαντες
795 5063 932 5120 κατᾶ
984 5068 1083 5118 τοῦ
1140 5060 1382 5138 μεγάλου
1420 5060 1695 5119 Μεθοδίου
1724 5062 2020 5137 ἐπειρῶντο

367 5151 685 5212 διαϐάλλειν
737 5155 830 5210 τὸν
879 5151 1250 5223 ἀνεπίληπτον
1283 5152 1373 5206 καὶ
1427 5151 1572 5206 οὕτω
1611 5151 1703 5207 τὸν
1733 5149 2021 5225 ὀρθόδοξον

2171 2922 2304 2976 Fuit
2333 2921 2470 2976 huic
2498 2923 2671 2978 Janni
2725 2921 2908 2978 frater
2939 2923 3215 2988 carnalis,
3277 2924 3519 2978 nomine
3575 2926 3750 2978 Arsa—

2101 3027 2294 3077 verus,
2328 3011 2668 3082 patricicius
2709 3012 2938 3066 ordine.
2991 3014 3044 3067 Is
3103 3012 3514 3068 suburbanum
3546 3012 3754 3066 habuit

2104 3099 2177 3154 ad
2200 3100 2358 3154 Steni
2395 3101 2698 3156 sinistram
2731 3106 2979 3172 partem,
3013 3101 3278 3172 proxime
3307 3101 3504 3157 Sancti
3539 3102 3750 3155 Phocaa

2109 3191 2562 3256 monasterium,
2623 3189 2890 3246 aediliciis
2949 3191 3313 3262 sumptuosis
3373 3191 3752 3259 instructum,

2109 3279 2457 3350 porticibus,
2492 3279 2722 3336 balneis
2753 3279 3004 3352 aliisque
3019 3281 3092 3336 ad
3111 3282 3511 3336 ammnitatem
3535 3280 3755 3351 paratis

2110 3370 2407 3440 cperibus.
2434 3369 2518 3424 Ibi
2549 3370 2769 3425 Jannes
2817 3371 3025 3426 crebro
3059 3372 3256 3426 solens
3286 3369 3568 3425 diversari
3621 3368 3759 3423 sub-

2112 3464 2454 3514 terraneum
2486 3459 2785 3530 quoddam
2819 3460 3190 3516 domicilium
3221 3459 3642 3532 Trophoniano
3664 3475 3759 3513 as-

2112 3549 2305 3604 simile
2335 3548 2494 3614 fecit,
2527 3551 2589 3606 in
2639 3552 2810 3623 cujus
2861 3551 3087 3621 postico
3136 3550 3292 3605 fores
3337 3553 3506 3604 erant
3552 3547 3625 3603 ad
3657 3548 3756 3602 in-

2115 3638 2533 3692 tromittendos
2564 3639 2860 3694 homines.
2893 3641 2958 3693 In
2984 3640 3158 3694 istam
3191 3638 3540 3694 sceleratam
3572 3636 3759 3691 ofﬁci-

2113 3741 2250 3778 nam
2301 3726 2476 3780 modo
2531 3728 2853 3782 monachas
2921 3727 3186 3796 aliasque
3256 3727 3519 3798 insignes
3571 3724 3762 3778 forma

2115 3814 2398 3869 mulieres
2415 3814 2726 3884 condebat,
2749 3832 3003 3887 cumque
3027 3816 3099 3870 iis
3115 3832 3239 3870 rem
3268 3814 3525 3870 habebat
3547 3830 3560 3879 ;
3585 3811 3759 3866 modo

2113 3903 2445 3975 jecinorum
2490 3905 2910 3976 inspectiones,
2962 3904 3355 3959 divinationes
3386 3919 3492 3973 per
3521 3900 3758 3972 pelvim,

2117 3994 2561 4064 praestigiasque
2620 3993 2768 4048 alias
2846 3998 2903 4048 et
2947 3999 3319 4048 mortuorum
3387 3990 3760 4046 evocationes

2119 4083 2428 4138 exercebat
2443 4099 2510 4136 ac
2529 4099 2939 4153 saepenumero
2955 4081 3326 4137 dmmonibus
3342 4079 3761 4150 adjuvantibus

2117 4170 2315 4226 futura
2341 4171 2541 4242 aliqua
2571 4171 2948 4242 praedicebat.
2987 4174 3103 4226 lloc
3133 4169 3536 4225 suburbanum
3561 4174 3764 4239 postea

2117 4260 2402 4330 temporis
2416 4261 2789 4332 imperatoris
2801 4261 3200 4316 cubicularius
3215 4265 3421 4314 nactus
3435 4258 3560 4312 solo
3576 4274 3768 4328 arqua-

2118 4347 2218 4415 vit,
2254 4351 2799 4420 monasteriumque
2840 4351 2920 4404 ibi
2962 4366 2996 4404 a
3027 4365 3239 4420 magno
3271 4355 3528 4418 martyre
3569 4347 3764 4402 Phoca

2122 4437 2572 4492 denominatum
2606 4439 2892 4494 condidit.

2191 4711 2482 4764 Casterum
2529 4710 2748 4764 Jannes
2805 4709 2915 4764 hoc
2948 4726 3062 4780 quo
3112 4709 3231 4763 dixi
3291 4713 3483 4780 pacto,
3517 4707 3763 4777 ejusque

2129 4799 2272 4855 socii
2307 4797 2514 4854 eadem
2547 4799 2774 4853 ratione
2799 4799 3034 4870 dejecti,
3069 4815 3190 4852 non
3244 4813 3304 4851 se
3337 4801 3532 4849 tamen
3565 4793 3767 4846 conti-

2130 4893 2390 4943 nuerunt
2420 4886 2564 4957 quin
2596 4893 2654 4940 et
2701 4892 2907 4942 contra
2962 4902 3158 4940 sacras
3208 4882 3494 4950 imagines
3543 4879 3772 4949 aliquid

2130 4977 2322 5031 adhuc
2354 4975 2707 5029 molirentur
2737 4980 2795 5028 et
2837 4974 2950 5044 piis
2980 4973 3224 5026 insidias
3279 4971 3597 5023 struerent.
3651 4968 3774 5032 Quo

2133 5066 2306 5122 modo
2369 5064 2546 5120 etiam
2597 5064 2996 5131 interrimum,
3053 5062 3201 5115 947
3263 5057 3626 5113 Methodium
3677 5074 3779 5111 ca-

2131 5155 2360 5210 lumnia
2390 5152 2820 5209 circumvenire
2852 5156 2910 5206 et
2937 5167 3087 5204 vera)
3119 5148 3422 5219 religionis
3445 5145 3778 5202 cultoribus

1570 5271 1934 5326 XYLANDRI
1979 5274 2062 5327 ET
2101 5273 2314 5328 GOARI
2356 5273 2576 5326 ΝΟΤΕ.

433 5406 550 5477 (28)
584 5402 1216 5477 Etmxa‘iovmoderna
1243 5401 1447 5477 lingua
1477 5397 1660 5452 Grznci
1695 5404 1904 5453 vocant
1942 5416 2027 5453 se-

366 5470 586 5532 cretam
621 5470 848 5531 uatiiraa
879 5475 939 5530 in
969 5473 1312 5530 hominibus
1343 5470 1417 5524 ad
1449 5485 1866 5538 quamcunque
1899 5487 2024 5524 rem

407 5550 830 5617 ropensionem
883 5554 939 5601 et
997 5543 1415 5616 aptitudiuem.
1460 5541 1871 5617 __Frequentius
1923 5557 2025 5617 pro

389 5611 544 5674 arv-is
574 5635 641 5672 ac
674 5618 922 5688 spectris
952 5611 1128 5672 noctu
1163 5611 1687 5688 apparentibusac
1715 5611 1914 5667 domos
1943 5613 2028 5667 in-

361 5683 742 5760 festantibus,
773 5705 841 5744 ac
861 5688 1102 5746 demum
1135 5683 1256 5759 pro
1273 5684 1450 5742 malis
1479 5683 1691 5756 geniis,
1718 5700 2025 5756 magorum

2137 5400 2504 5467 strigumque
2553 5395 2870 5467 magistris,
2918 5393 3425 5467 usurpantsUnde
3470 5409 3781 5466 στιχειευτιο

2134 5467 2220 5520 κοὶ
2244 5465 2615 5539 λόγοινοιτὺει
2647 5465 2786 5522 sunt
2814 5468 2888 5522 ad
2935 5465 3276 5534 huiusmodi
3309 5465 3610 5522 daemones
3638 5482 3784 5520 con-

2136 5539 2450 5594 vocandos.
2486 5539 2658 5594 Gom.

2207 5613 2320 5680 (29)
2357 5609 2609 5678 Virgines
2638 5615 2697 5664 et
2723 5616 2908 5681 nuptm
2938 5610 3233 5666 nobiliores
3263 5609 3325 5666 in
3365 5608 3784 5666 secretioribus

2139 5681 2417 5739 thalamis
2448 5681 2778 5740 custoditae.
2808 5683 2984 5739 Goan.
