4126 6220
488 396 639 459 1031

1845 378 2159 444 GEORGII
2205 378 2546 446 CEDRENI

3758 391 3907 451 {032

493 528 758 584 dolorem
789 530 1000 583 aﬂ'erre
1031 523 1227 580 conati
1258 528 1414 580 sunt.
1451 525 1564 580 Res
1594 538 1664 577 ca
1707 520 1789 575 ita
1831 522 1979 574 acta.
2014 518 2126 570 Mu-

2252 511 2495 585 λυπῆσαι
2539 516 2693 576 λαόν.
2754 519 2988 593 Χρυσῖου
3043 520 3144 594 γὰρ
3203 518 3420 577 πολλαὶ
3481 519 3906 598 ὑποφθείραντές

491 618 697 673 lierem
732 615 1051 687 quamdam
1094 614 1312 686 (mater
1340 629 1409 668 ea
1438 612 1547 668 fuit
1582 608 2000 680 Metrophanis,
2034 605 2135 676 qui

494 713 700 779 postea
748 707 1010 776 Smyrnaa
1068 702 1285 774 praesul
1336 703 1526 757 factus
1574 703 1686 770 est)
1747 697 1936 753 multo
1993 712 2136 751 auro

494 794 1142 868 pollicitationibusque
1200 796 1538 863 corruptam
1596 788 1944 854 subornant,
2004 802 2137 863 qum

488 890 761 960 Augustae
811 892 870 940 et
925 884 1300 956 imperatoris
1359 881 1649 937 tutoribus
1699 880 1987 935 dicereta
2018 878 2135 932 Meo

490 977 691 1032 thodio
746 993 808 1031 se
856 992 984 1030 esse
1044 980 1392 1046 stupratam.
1427 972 1637 1028 Statim
1697 986 1834 1041 ergo
1861 967 2129 1024 terribile

478 1066 776 1139 judicium
809 1080 876 1119 ex
908 1063 1177 1117 civilibus
1201 1068 1258 1118 et
1277 1060 1522 1117 sacratis
1543 1058 1888 1114 hominibus
1909 1056 2137 1128 cogitur

488 1155 829 1211 concilium.
867 1157 1075 1207 Astant
1101 1152 1203 1222 pii,
1237 1151 1496 1207 nostitiaa
1529 1166 1596 1204 ac
1654 1147 1874 1203 doloris
1924 1146 2088 1217 pleni
2117 1161 2131 1201 :

488 1262 607 1300 non
626 1244 841 1298 absunt
866 1242 1056 1313 impii,
1070 1240 1326 1296 dedecus
1348 1239 1506 1296 haud
1525 1238 1801 1310 exiguum
1814 1252 1883 1290 ea
1900 1235 2134 1291 actione

485 1334 867 1391 conciliatum
898 1334 967 1387 iri
1001 1333 1234 1404 piorum
1264 1331 1438 1387 coetui
1462 1335 1790 1402 sperantes.
1823 1327 2130 1383 Prodeunt

489 1423 949 1479 calumniatores
987 1422 1201 1478 animis
1232 1420 1442 1486 inﬂati,
1477 1419 1634 1490 quod
1675 1419 1899 1473 crimen
1957 1415 2015 1471 id
2071 1415 2135 1470 in

486 1518 766 1585 promptu
814 1511 1043 1567 habero
1103 1510 1485 1582 probationes
1545 1510 1821 1572 fiderent,
1853 1505 2140 1578 producta

486 1602 549 1657 in
581 1601 841 1657 medium
872 1601 1245 1667 muliercula,
1280 1616 1409 1670 qua)
1454 1599 1783 1669 composito
1830 1594 2135 1667 judicibus

484 1708 613 1746 rem
642 1696 931 1746 narraret.
962 1690 1198 1746 Iudices
1228 1696 1287 1745 et
1307 1689 1604 1761 prmcipue
1626 1686 1953 1750 Manuelus,
1979 1684 2133 1739 tristi

484 1782 647 1836 vultu
691 1780 975 1850 assident,
1036 1779 1276 1850 indigne
1326 1780 1586 1833 ferentes
1631 1777 1812 1831 unius
1872 1774 2132 1830 hominis

491 1871 664 1941 culpa
684 1876 898 1926 emtum
932 1870 1167 1940 piorum
1193 1870 1255 1923 in
1282 1868 1613 1940 periculum
1644 1865 1887 1920 ludibrii
1910 1865 2131 1919 venire.
2165 1885 2209 1947 Β

485 1961 624 2024 Qua)
654 1959 854 2013 omnia
883 1959 1145 2012 sentiens
1175 1957 1525 2011 Methodius.
1556 1960 1621 2010 ut
1653 1960 1709 2008 et
1739 1971 1874 2025 spes
1916 1953 2128 2023 impio-

485 2065 613 2103 rum
636 2054 693 2102 et
722 2048 955 2119 piorum
988 2046 1399 2117 mgritudinem
1440 2044 1704 2099 aboleret
1732 2058 1926 2112 neque
1949 2040 2130 2095 eccle-

484 2136 585 2190 sia)
618 2136 770 2206 lapis
814 2135 1164 2189 offensionis
1190 2139 1366 2201 esset,
1402 2131 1550 2186 nihil
1568 2130 2012 2186 multitudinem
2042 2144 2130 2183 re-

479 2224 699 2279 veritus
727 2224 907 2279 hcmo
942 2223 1104 2279 omni
1162 2222 1495 2278 reverentia
1554 2225 1729 2291 atque
1761 2221 1985 2275 honore
2037 2219 2131 2274 di-

481 2314 826 2388 gnissimus,
850 2315 911 2369 in
945 2318 1267 2386 conspectu
1286 2313 1549 2368 omnium
1573 2311 1852 2383 pudenda
1868 2309 2130 2379 nudavit,

484 2420 614 2475 quas
637 2421 812 2459 nemo
834 2420 953 2459 non
985 2404 1220 2459 videbat
1258 2403 1467 2458 morbo
1494 2400 1750 2473 quodam
1768 2400 2127 2456 emarcuisse

484 2494 768 2565 omnique
800 2493 1057 2549 naturali
1084 2493 1137 2547 vi
1191 2509 1318 2548 esse
1352 2492 1598 2564 privata.
1631 2489 1862 2547 Pudore
1893 2489 2007 2544 hoc
2035 2487 2131 2543 fa-

485 2591 644 2638 ctum
676 2583 935 2654 opplevit
963 2583 1427 2639 calomniatores
1460 2585 1519 2636 et
1549 2580 1722 2635 malis
1780 2578 2127 2651 gaudentes,

479 2673 610 2742 pios
650 2678 849 2728 autem
872 2671 1288 2737 lmtitia;948
1323 2670 1423 2742 qui
1455 2670 1680 2742 ingenti
1731 2685 1865 2723 cum
1913 2666 2128 2739 gaudio

483 2764 844 2818 Metliodium
874 2763 1179 2834 cingentes
1212 2759 1555 2815 salutabant
1582 2764 1758 2828 atque
1807 2758 2127 2828 amplecte-

482 2852 718 2914 bantur,
752 2866 944 2919 neque
971 2848 1270 2904 habebant
1299 2864 1414 2919 quo
1459 2846 1634 2902 modo
1691 2846 1977 2917 voluptati
2008 2862 2129 2900 sum

479 2937 908 2994 satisfacerent.
942 2940 1012 2992 Et
1033 2937 1278 3008 quidam
1311 2937 1383 2992 de
1416 2936 1747 2991 notioribus
1778 2934 2010 3007 placide
2035 2951 2132 3007 ag-

478 3042 717 3098 gressus
750 3042 820 3082 ex
841 3043 908 3082 eo
941 3026 1213 3098 quaasivit
1241 3041 1502 3097 quonam
1539 3025 1717 3081 modo
1749 3024 1941 3079 virilia
1997 3025 2127 3095 ejus

480 3117 561 3172 ita
620 3117 1071 3172 emarcuissent.
1132 3117 1235 3171 Cui
1268 3116 1319 3171 is
1364 3132 1491 3171 rem
1550 3120 1734 3171 totam
1767 3131 1802 3170 a
1830 3114 2125 3185 principio

479 3207 760 3262 narravit.
798 3208 891 3276 Se,
947 3224 1081 3262 cum
1132 3208 1331 3261 Romae
1389 3205 1649 3277 degeret,
1682 3205 1900 3260 missus
1931 3220 2000 3257 eo
2054 3203 2129 3257 ad

480 3313 695 3367 papam
757 3295 831 3349 ob
889 3297 1181 3350 intentata
1236 3294 1565 3364 Nicephoro
1615 3292 1989 3347 sanctissimo
2019 3308 2126 3361 pa-

485 3384 758 3437 triarchm
790 3383 1060 3447 crimina,
1094 3387 1364 3436 vexatum
1396 3381 1577 3436 fuisse
1598 3398 1632 3436 a
1654 3381 1848 3435 carnis
1862 3380 2125 3435 studioso

486 3471 643 3524 m'ilo
692 3470 887 3541 genio,
942 3470 1070 3524 sine
1119 3468 1563 3523 intermissione
1622 3468 1748 3523 dies
1807 3474 2127 3539 noctesque

482 3558 679 3628 ipsum
699 3555 975 3611 titillante
988 3562 1047 3611 et
1062 3558 1146 3611 rei
1168 3556 1447 3611 Venerem
1461 3557 1785 3627 appetitum
1809 3557 2127 3621 excitante.

481 3647 688 3716 Itaque
711 3661 773 3700 se
804 3643 1111 3701 ardentem
1143 3662 1212 3701 ea
1242 3644 1584 3717 cupiditate,
1645 3662 1713 3701 ac
1744 3652 1974 3701 tantum
2007 3664 2129 3702 non

479 3736 531 3790 ei
568 3734 1264 3801 succumbentem,Petro
1286 3735 1690 3807 apostolorum
1721 3736 1974 3807 principi
1999 3753 2128 3793 sese

476 3825 691 3880 dedere
733 3824 1029 3892 statuisse,
1080 3825 1399 3896 multisque
1440 3825 1512 3881 ab
1559 3841 1627 3880 eo
1676 3826 1952 3897 precibus
1983 3843 2126 3882 con-

478 3914 741 3971 tendisse
772 3914 856 3970 uti
890 3930 952 3969 se
985 3914 1233 3970 libidine
1265 3915 1379 3970 ista
1404 3915 1709 3970 liberaret.
1750 3916 1916 3971 Hunc
1948 3921 2126 3971 noctu

476 4005 757 4072 astitisse,
809 4021 875 4060 ac
906 4004 1093 4060 virilia
1150 4021 1257 4060 sua
1309 4021 1492 4059 manu
1550 4004 1757 4059 dextra
1788 4010 2126 4076 tangentem

479 4094 899 4162 combussisse,
936 4093 1234 4165 simulque
1266 4093 1488 4149 dixisse
1518 4093 1667 4148 nihil
1698 4110 1826 4149 esse
1856 4095 2013 4165 quod
2062 4096 2125 4150 in

474 4189 779 4254 posterum
813 4184 925 4239 sibi
950 4182 1021 4238 ab
1052 4184 1167 4238 ista
1193 4187 1487 4237 metueret
1503 4183 1821 4254 voluptatis
1854 4184 2125 4255 concupi-

475 4272 720 4326 scentia.
749 4273 822 4327 Se
853 4272 928 4327 ob
959 4273 1371 4327 vehementem
1396 4271 1664 4327 dolorem
1687 4288 1898 4327 somno
1924 4288 2125 4327 excus-

472 4375 601 4414 sum
634 4359 814 4414 talem
846 4367 1147 4432 repertum
1177 4361 1361 4416 fuisse
1392 4360 1630 4431 qualem
1670 4360 1783 4432 ipsi
1812 4360 2121 4420 vidissent.

467 4447 600 4501 Hzec
658 4465 792 4503 cum
866 4450 947 4505 ita
1016 4456 1323 4505 narrasset
1380 4450 1761 4521 patriarchia,
1821 4452 2122 4507 Manuelus

468 4534 906 4593 intolerabilem
940 4539 1093 4594 hanc
1125 4539 1394 4595 fraudem
1448 4538 1721 4596 indicans
1753 4541 1960 4595 statuit
1989 4557 2119 4596 mu-

2244 623 2365 659 τινα
2421 613 2651 683 γυναῖκα
2720 609 2811 664 καὶ
2874 606 3257 684 ὑποσχέσεσιν,
3330 609 3375 664 ἑὶ
3462 609 3628 683 μόνον
3688 611 3907 673 τούτοις

2245 697 2548 771 συμφήσειε
2615 699 2829 773 (μήτηρ
2888 695 2947 752 δὲ
2991 699 3055 753 τὸ
3111 699 3331 773 γύναιον
3388 700 3453 768 ἦν
3498 701 3905 777 Μητροφάνους

2241 787 2339 837 τοῦ
2401 788 2688 857 μετέπειτα
2758 787 3015 862 Σμύρνης
3084 785 3587 863 προεδρεύσαντος),
3652 790 3907 851 πείθουσι

2241 880 2513 930 κατειπεῖν
2544 879 2642 931 τοῦ
2681 874 2834 953 ἁγίου
2866 878 3003 951 πρός
3049 897 3109 932 τε
3165 878 3266 945 τήν
3328 872 3612 932 δέσποιναν
3653 877 3750 931 καὶ
3785 877 3914 941 τοὺς

2241 960 2574 1039 ἐπιτρόπους
2618 970 2718 1021 τοῦ
2775 964 3047 1043 βασιλέως
3079 965 3154 1029 ὠς
3188 963 3275 1037 εἴη
3308 967 3446 1039 αὐτῇ
3475 963 3911 1036 πεπλησιοκώς.

2242 1054 2407 1125 Βῆμα
2435 1058 2566 1130 γοῦν
2626 1055 2823 1120 εὐθὲως
2885 1055 3086 1130 φρίκης
3142 1056 3338 1129 μεστὸν
3382 1052 3443 1109 ὲκ
3468 1052 3790 1110 πολιτικῶν
3822 1056 3913 1109 καὶ

2243 1143 2399 1217 ἱερῶν
2428 1141 2638 1221 ἀνδρῶν
2708 1144 3205 1222 συγκροτούμενον.
3264 1151 3517 1219 Παρῆσαν
3563 1145 3616 1198 οἱ
3657 1139 3916 1207 εὐσεϐεῖς

2240 1233 2537 1312 κατηφείας
2592 1235 2683 1290 καὶ
2743 1235 2924 1307 λύπης
3008 1232 3467 1311 πεπληρωμένοι,
3528 1233 3625 1289 οὐκ
3682 1234 3912 1299 ἀπῆσαν

2240 1323 2295 1378 οἱ
2351 1318 2562 1386 ἀσεϐεῖς
2622 1328 2817 1398 μῶμον
2875 1323 2936 1380 ἐκ
2990 1331 3092 1394 τῆς
3141 1324 3383 1397 πράξεως
3434 1323 3497 1377 οὐ
3526 1323 3620 1379 τὸν
3648 1325 3911 1398 τυχόντα

2241 1413 2327 1485 [Ρ.
2361 1416 2485 1486 538]
2517 1410 2910 1490 προστριϐἤναι
2966 1418 3035 1488 τῇ
3091 1419 3200 1469 τῶν
3257 1410 3562 1489 όρθοδόξων
3598 1411 3916 1484 Ἐκκλησία

2241 1498 2506 1575 οἰόμενοι.
2568 1508 2820 1576 Παρῆσαν
2875 1505 2927 1559 οἱ
2988 1503 3321 1577 συκοφάνται
3382 1503 3520 1577 μέγα
3573 1506 3915 1577 φρονοῦντες

2239 1591 2315 1653 ὡς
2366 1590 2510 1667 τάχα
2585 1598 2687 1662 τῆς
2756 1592 3092 1667 κατηγορίας
3145 1597 3446 1670 πρόχειρον
3504 1589 3752 1668 ἐχούσης
3812 1592 3908 1644 τὸν

2240 1677 2494 1759 ἔλεγχον.
2557 1684 2772 1755 Παρῆον
2828 1680 2905 1743 είς
2963 1680 3130 1754 μέσον
3189 1681 3252 1735 τὸ
3309 1679 3551 1754 γύναιον,
3595 1678 3689 1733 καὶ
3727 1678 3764 1732 ἃ
3796 1676 3914 1733 ἑδι-

2239 1766 2419 1845 δάχοη
2472 1774 2588 1833 τοῖς
2641 1767 2950 1839 δικάζουσιν
3009 1763 3363 1843 ἐθριάμϐευεν
3415 1769 3550 1841 (30).
3585 1769 3917 1843 Ἐσκυθρω·

2238 1864 2405 1928 παζον
2439 1860 2490 1915 o't
2522 1858 2791 1930 δικασταὶ,
2820 1861 2910 1914 καὶ
2939 1863 3050 1915 τῶν
3079 1858 3266 1915 ἄλλων
3298 1857 3468 1914 πλέον
3518 1859 3546 1912 ὁ
3595 1858 3912 1932 μάγιστρος

2243 1948 2531 2019 Μανουήλ,
2590 1948 2637 2004 εἰ
2695 1946 2766 2004 δι’
2817 1949 2935 2011 sva:
2991 1949 3282 2023 ἀνθρώπου
3328 1945 3661 2004 κινδυνεύσει
3696 1949 3768 2003 τὸ
3801 1953 3910 2004 τῶν

2239 2035 2544 2109 όρθοδόξων
2585 2036 2872 2113 πλήρωμα
2921 2038 3101 2115 γίλως
3145 2039 3391 2113 γενεσθαι
3422 2043 3541 2099 τοῖς
3572 2038 3906 2100 ἀντιθέτοις.

2237 2126 2456 2181 Τούτων
2497 2127 2708 2183 πάντων
2766 2127 3154 2200 ἐπαισθόμενος
3212 2128 3241 2183 ὁ
3299 2127 3445 2201 ἱερὸς
3480 2123 3783 2193 Μεθόδιος,
3817 2126 3908 2181 καὶ

2238 2214 2366 2278 τοὺς
2396 2214 2490 2288 μὶν
2518 2210 2727 2274 ἀσεϐεῖς
2783 2221 2890 2271 τῶν
2941 2213 3183 2272 ἐλπίδων
3245 2218 3574 2289 μεταστῆσαι
3618 2216 3910 2290 βουλόμε-

2237 2325 2350 2376 νος,
2407 2304 2536 2370 τοὺς
2601 2304 2646 2362 δ’
2728 2302 2966 2369 εὐσεϐεῖς
3024 2304 3333 2380 ἀπαλλάξαι
3392 2314 3494 2376 τῆς
3549 2306 3908 2381 κατεχούσης

2243 2394 2582 2470 βαρυθυμίας
2639 2396 2731 2451 καὶ
2786 2399 2856 2471 τῇ
2936 2394 3234 2468 Ἐκκλησία
3304 2398 3379 2470 μὴ
3442 2394 3595 2458 λίθος
3651 2396 3904 2471 γενέσθαι

2238 2485 2689 2558 προσκόμματος,
2752 2482 2920 2559 μηδὲν
2980 2486 3074 2540 τὸν
3141 2481 3317 2561 ὄχλον
3406 2484 3904 2559 ὑποστειλάμενος,

2240 2571 2666 2647 ἀποσεισάμενος
2724 2574 2822 2642 τὴν
2885 2569 3160 2643 ἀναϐολὴν
3222 2572 3306 2628 ἐπ’
3363 2572 3487 2647 ὄψει
3538 2576 3766 2628 πάντων
3795 2577 3904 2628 τῶν

2239 2660 2526 2733 θεωμένων
2558 2661 2866 2735 ἀπογυμνοῖ
2914 2662 2981 2719 τά
3038 2660 3222 2717 αἶ’δοῖα
3280 2663 3308 2718 ὁ
3365 2661 3542 2731 πάσης
3574 2658 3770 2724 αἰδοῦς
3801 2661 3892 2717 καὶ

2236 2756 2406 2822 τιμῆς
2435 2771 2603 2812 οντως
2632 2748 2798 2824 ἄξιος.
2860 2750 2963 2808 Καὶ
3021 2749 3191 2829 ἐφάνη
3244 2757 3360 2814 τοῖς
3420 2755 3549 2806 πᾶσι
3602 2755 3777 2807 τοῦτα
3810 2771 3900 2825 με·

2242 2837 2560 2913 μαρασμὲνα
2613 2839 2721 2895 ἀπό
2776 2860 2922 2905 τινος
2974 2841 3136 2896 νόσου
3192 2842 3283 2896 καὶ
3337 2843 3440 2910 τῆς
3495 2847 3732 2917 φυσικῆς
3766 2862 3901 2895 παν-

2236 2930 2465 2986 τάπασιν
2508 2929 2779 3007 ἐνεργείας
2830 2929 3055 3007 ἄμοιρα.
3102 2931 3387 3007 Δίσχυνης
3414 2932 3477 2986 τὸ
3506 2937 3743 3007 πρᾶγμα
3772 2930 3900 2994 τοὺς

2237 3021 2599 3096 χαιρεκάκους
2631 3020 2891 3092 ἑνέπληςε
2946 3021 3036 3077 καὶ
3093 3023 3220 3083 τοὺς
3278 3024 3634 3099 συκοφάντας,
3695 3022 3904 3099 εὐφρο-

2237 3110 2401 3179 σύνης
2427 3106 2474 3165 δ’
2504 3111 2588 3166 ὃτι
2616 3109 2836 3180 πολλῆς
2882 3111 2974 3167 καὶ
3027 3107 3300 3185 θυμηδίας
3338 3113 3468 3174 τοὺς
3499 3106 3759 3172 εὐσεϐεῖς.
3789 3109 3899 3169 Καέ

2233 3194 2623 3273 περιλαϐόντες
2669 3200 2829 3255 αὐτὸν
2865 3202 2981 3274 μεθ’
3043 3196 3500 3276 ὑπερϐαλλούσης
3529 3200 3896 3275 περιχαρείας

2234 3290 2677 3363 κατησπάψοντο,
2736 3290 3177 3365 περιεπλέκοντο,
3235 3289 3340 3347 οὐκ
3396 3292 3550 3370 εἶχον
3608 3290 3761 3353 ὅπως
3814 3295 3896 3363 τῷ

2236 3378 2437 3447 πλήθει
2471 3381 2788 3453 χρήσωνται
2846 3388 2950 3451 τῆς
3007 3385 3201 3456 χαρᾶς.
3264 3380 3363 3435 Καὶ
3398 3400 3485 3444 τις
3512 3384 3623 3435 τῶν
3649 3400 3895 3453 γνησιωο

2236 3466 2409 3543 τὲρων
2439 3466 2759 3542 προσελθὼν
2825 3470 3005 3544 ἠρέμα
3064 3468 3322 3545 ἐπηρώτα
3376 3471 3468 3526 τὸν
3512 3474 3890 3549 πατριάρχην,

2238 3553 2332 3609 τὸν
2358 3555 2559 3629 τρόπον
2624 3561 2810 3628 μαθεῖν
2873 3555 3073 3613 ἐθέλων
3132 3561 3229 3611 τοῦ
3289 3561 3581 3632 μαρασμού
3637 3561 3748 3612 τῶν
3784 3576 3888 3629 μο·

2243 3644 2398 3719 ρίων.
2458 3640 2776 3703 ’Δναλαϐὼν
2838 3642 2896 3700 δὲ
2953 3647 3111 3709 οὗτος
3165 3644 3414 3721 διηγεῖτο
3470 3645 3674 3701 ἄνωθεν
3721 3644 3897 3716 καὶέξ

2242 3735 2445 3812 ἀρχῆς,
2489 3733 2678 3809 ὅτιπερ
2706 3736 2794 3791 Ἑν
2850 3736 3038 3809 Ῥώμῃ
3093 3736 3361 3815 πεμφθεὶς
3414 3737 3554 3810 πρὸς
3583 3736 3680 3790 τὸν
3709 3736 3897 3791 πάπαν

2240 3821 2329 3879 διὰ
2356 3826 2452 3887 τὰς
2489 3826 2627 3880 κατά
2680 3827 3002 3905 Νικηφόρου
3052 3831 3149 3882 τοῦ
3202 3824 3512 3901 ἁγιωτάτου
3541 3825 3899 3900 πατριάρχου

2239 3914 2609 3989 ἀνεγερθείσας
2639 3912 2954 3990 ἐπαγωγὰς,
3011 3915 3226 3970 κάκεῖσε
3284 3912 3509 3984 διάγων,
3542 3915 3893 3989 ἠνωχλτςθην

2239 4001 2343 4057 ὑπὸ
2369 4007 2466 4058 τοῦ
2497 4002 2831 4082 φιλοσάρκου
2864 4000 3147 4077 δαίμονος,
3197 4004 3257 4065 ὃς
3307 4005 3408 4059 οὐκ
3434 4002 3648 4059 ἐνέλιπε
3678 4002 3893 4078 νύκτωρ

2233 4093 2322 4147 καὶ
2360 4094 2709 4166 μεθ’ἡμὲραν
2764 4092 3103 4168 γαργαρίζων
3154 4094 3243 4148 καὶ
3307 4093 3503 4166 μίξεώς
3553 4112 3650 4165 μοι
3700 4111 3893 4164 σαρκιο

2233 4189 2334 4253 κῆς
2367 4182 2628 4237 ἀνακινῶν
2679 4175 2906 4256 ἔρωτας.
2960 4181 3430 4259 ’Λναφλεγόμενος
3486 4180 3544 4238 δὲ
3593 4187 3674 4255 τῷ
3701 4182 3892 4249 πάθει,

2233 4272 2310 4334 ὠς
2339 4270 2446 4341 ἤδη
2506 4271 2596 4325 καὶ
2653 4271 2992 4343 ἡττώμενος,
3044 4266 3210 4345 ἔγνων
3271 4272 3458 4348 Πέτρῳ
3493 4277 3575 4345 τῷ
3602 4270 3887 4347 κορυφαίῳ

2229 4366 2339 4418 τῶν
2407 4359 2732 4416 ἀποστόλων
2818 4359 3097 4416 ἀναθέσθαι
3178 4360 3433 4434 ἐμαυτὸν,
3513 4361 3605 4416 καὶ
3686 4363 3890 4418 τοῦτον

2231 4449 2582 4524 ἐξελιπάρουν
2642 4446 2953 4521 ἀπαλλάξαι
3013 4471 3080 4522 με
3135 4456 3237 4520 τῆς
3293 4457 3615 4523 σωματικῆς
3680 4451 3889 4521 ταύτης

2231 4540 2478 4615 ὀρέξεως.
2550 4539 2654 4596 Καὶ
2710 4539 2804 4594 τὸν
2900 4538 3187 4595 ἐπιστάντα
3252 4540 3445 4602 νυκτὸς
3509 4541 3748 4614 ἅψασθαι
3813 4544 3885 4615 τῇ

466 4623 779 4681 liercutam
810 4627 1242 4698 quzestionibus
1286 4628 1589 4697 adhibere,
1649 4634 1714 4683 ut
1747 4646 1878 4700 qum
1911 4630 2119 4686 fuisset

2235 4628 2374 4702 δεξιᾷ
2401 4630 2549 4706 χειρὶ
2595 4633 2703 4684 τῶν
2760 4626 2986 4684 αἰδοίων
3043 4628 3135 4684 καί
3192 4637 3557 4707 καταπρῆσαι,
3591 4628 3887 4685 ἐπειπόντα

464 4713 583 4771 doli
620 4716 895 4771 nectendi
928 4716 1078 4773 ratio
1112 4718 1492 4790 intelligeret.
1544 4718 1754 4773 Statim
1805 4736 1943 4792 ergo
1989 4721 2116 4794 gla-

464 4802 597 4859 dius
656 4804 984 4877 stringitur,
1018 4806 1194 4879 virgze
1247 4806 1364 4878 igni
1422 4805 1702 4861 cadentes
1759 4807 2113 4880 afferuntur,

461 4893 890 4965 carnificesque
943 4894 1132 4966 parati
1178 4898 1422 4949 astanut
1465 4910 1479 4949 :
1515 4893 1729 4964 quibus
1785 4894 1993 4952 infelix
2046 4914 2116 4954 ea

460 4982 665 5038 territa
695 4984 780 5037 rei
815 4984 1122 5039 veritatem
1150 4982 1302 5039 949
1352 4980 1551 5053 palam
1594 4982 1831 5051 fatetur,
1864 5002 1980 5055 quo
2010 5004 2112 5058 pa-

456 5078 549 5127 cto
581 5078 821 5127 structa)
864 5072 1121 5136 insidiis,
1169 5076 1349 5141 utque
1382 5087 1526 5126 auro
1560 5075 1619 5125 et
1668 5071 2115 5142 pollicitationi-

454 5161 565 5217 bus
590 5168 867 5235 corrupta
895 5168 953 5219 et
989 5161 1237 5234 decepta
1268 5161 1463 5227 fuerit,
1501 5161 1600 5232 qui
1635 5164 1959 5218 commenti
2006 5182 2113 5221 au-

456 5256 651 5306 ctores
694 5269 707 5307 :
743 5253 999 5323 denique
1031 5258 1212 5308 totam
1261 5251 1524 5306 fabulam
1583 5250 1787 5316 refert,
1832 5251 2113 5326 additque

458 5338 620 5395 domi
654 5360 773 5398 sua:
796 5360 1009 5399 aurum
1040 5343 1101 5399 in
1133 5342 1367 5399 sacculo
1400 5347 1704 5414 repertum
1755 5342 1825 5398 iri
1858 5345 2113 5415 quadam

462 5423 525 5478 in
559 5430 762 5486 arcula
791 5431 1075 5489 frumenti
1106 5431 1301 5505 plena.
1336 5433 1405 5486 Et
1437 5431 1656 5488 missus
1687 5448 1755 5488 eo
1786 5434 2113 5495 satellitum

2223 4723 2320 4776 τοῦ
2388 4723 2587 4775 λοιποῦ
2656 4720 2731 4791 μὴ
2800 4722 3081 4783 πτοεῖσθαι
3155 4721 3255 4791 τὴν
3322 4717 3620 4797 φιλήδονον
3680 4716 3878 4793 ὄρεξιν.

2221 4807 2557 4873 Διυπνισθε.ὶς
2609 4804 2668 4862 δὲ
2749 4808 2885 4880 μετά
2965 4805 3202 4886 σφοδρᾶς
3282 4806 3593 4885 ἀλγηδόνος
3649 4806 3877 4884 εὓρὲθην

2221 4898 2368 4975 ἔχων
2399 4898 2475 4959 ὠς
2507 4897 2812 4952 ἐθεάσασθε.
2845 4900 3024 4954 Ταῦτα
3078 4902 3177 4953 τοῦ
3232 4898 3581 4974 πατριάρχου
3610 4897 3884 4965 εἰπόντος,

2222 4989 2321 5045 οὐκ
2357 4986 2650 5062 ἀνάσχετον
2677 4986 2706 5039 ὁ
2738 4985 3001 5055 Μανουῆλ
3058 4988 3286 5061 νομίσας
3342 4989 3405 5043 τὸ
3461 4987 3704 5063 τύρευμα
3733 4980 3878 5062 ἔγνω

2221 5077 2451 5149 ἐξετάσει
2499 5074 2722 5145 δοθῆναι
2779 5076 2842 5131 τὸ
2897 5074 3116 5150 γύναιον
3169 5076 3251 5155 ἐφ’
3308 5078 3355 5149 ᾧ
3414 5074 3745 5155 διασαφῆσαι
3775 5078 3876 5146 τήν

2227 5164 2702 5245 μηχανορῥαφίαν.
2764 5163 2942 5243 Ξίφος
2996 5186 3056 5221 τε
3126 5164 3222 5221 οὖν
3280 5164 3435 5230 εὐθὺς
3490 5166 3669 5239 τούτῳ
3722 5165 3877 5220 ἃπαν-

2223 5257 2452 5312 ετείνετο
2491 5254 2581 5309 καὶ
2622 5248 2814 5329 ῥάϐδοι
2869 5252 3193 5328 ἐκομίζοντο
3246 5254 3649 5328 ἡκανθωμέναι,
3696 5256 3785 5310 καὶ
3827 5255 3881 5309 οἱ

2223 5344 2419 5419 δήμιοι
2486 5346 2903 5419 παρειτήκεισαν
2994 5344 3295 5420 εὐτρεπεῖς.
3374 5345 3478 5407 Οἷς
3545 5341 3881 5416 ὲκδειματω-

2224 5441 2373 5503 θεῖσα
2424 5434 2461 5504 ἠ
2522 5431 2784 5506 δύστηνος
2841 5432 3060 5507 τίθησιν
3118 5433 3385 5491 ἔκπυστον
3438 5435 3540 5504 τὴν
3598 5432 3878 5505 ἀλήθειαν,

1659 5530 2024 5592 XYLANDRI
2060 5539 2148 5595 ET
2185 5535 2403 5596 GOABI
2441 5532 2664 5589 ΝΟΤΑΞ.

529 5616 648 5701 (3:9)
685 5621 1010 5701 Manifesta
1037 5627 1327 5701 impudens
1376 5626 1715 5701 muliercula
1756 5629 1828 5701 iri
1869 5635 2115 5694 omnium

461 5691 676 5748 auditu
707 5691 957 5748 criminis
985 5691 1287 5763 infirmium
1340 5698 1660 5768 evulgabat.
1694 5698 1947 5759 Lexicon
1978 5691 2128 5766 ano-

2225 5647 2475 5766 xéymum
2530 5631 2674 5689 bibl.
2727 5634 2909 5707 Reg:
2959 5630 3307 5709 Θριαμλεύω,
3354 5628 3666 5705 κατάδηλον
3711 5632 3878 5691 ποιῶ.

2284 5722 2413 5763 ou.

2284 5722 2413 5763 ΘΑΚ.
