4126 6220
275 370 425 434 1037

1334 369 1881 432 HISTORIABUM
1927 366 2480 430 COMPENDIUM.

3528 369 3685 432 1038

343 499 552 572 Συνέϐη
586 498 643 557 δὶ
677 501 768 557 καὶ
796 499 980 576 ἕτερόν
1008 522 1061 557 τι
1093 499 1156 557 τὸ
1189 498 1466 576 ὀδηγῆσαν
1492 503 1582 557 καὶ
1609 497 1914 577 βεϐαιῶσαν

2104 501 2281 557 Aliud
2341 516 2581 573 quoque
2638 502 2854 567 evenit,
2888 502 3046 573 quod
3103 519 3239 559 eum
3278 505 3352 561 ad
3404 505 3689 577 pietatem

269 592 362 646 τὸν
396 590 639 671 ἄρχοντα
668 592 802 666 πρὸς
855 586 1140 647 εὐσέϐειαν.
1202 592 1500 661 Ἀπήστως
1562 591 1718 652 οὗτος
1777 586 1922 664 ἔχων

266 682 403 754 πρὸς
443 682 509 734 τὰ
537 681 852 754 κυνηγέσια,
885 680 973 734 καὶ
1009 678 1347 753 βουλόμενος
1399 680 1618 740 τούτοις
1667 678 1923 755 ὼτρυφᾷν

278 770 354 841 μή
394 770 557 840 μόνον
591 769 682 823 ὅτε
712 770 850 842 πρὸς
891 772 1059 843 θήραν
1108 767 1266 837 ἐξίοι,
1323 766 1470 823 αλλὰ
1516 767 1606 822 καὶ
1662 769 1750 822 ὅτε
1789 786 1927 841 σχο-

268 856 457 924 λάζοι,
493 853 584 909 διὰ
616 856 931 932 ζωγραφίας
992 856 1216 933 ἐντυφᾷν
1262 861 1377 917 τοῖς
1423 854 1717 918 τοιούτοις,
1770 857 1922 909 οἷκον

271 944 689 1021 δημιουργησας
719 945 836 999 νέον
872 943 1145 1002 Μεθόδιόν
1175 967 1297 1000 τινα
1352 948 1599 1021 μοναχὸν
1648 948 1925 1019 Ῥωμαῖον

269 1036 332 1089 τὸ
366 1034 543 1109 γένος,
604 1035 894 1108 ζωγράφον
934 1036 1033 1102 τὴν
1080 1034 1303 1113 τέχνην,
1356 1035 1630 1091 ἐκέλευσεν
1685 1034 1927 1109 ἱστορίας

273 1120 568 1197 πληρῶσαι
599 1123 663 1177 τὸ
703 1120 930 1196 οἴκημα.
958 1124 1164 1197 ’Ὥσπερ
1195 1121 1250 1177 δὲ
1294 1124 1397 1179 ὑπό
1446 1144 1594 1185 τινος
1644 1122 1927 1179 ἐπιπνοίας

279 1211 427 1273 θείας
458 1206 829 1285 ὀδηγούμενος
863 1211 963 1265 οὐκ
992 1211 1265 1283 ἐπέσκηψε
1296 1211 1478 1287 ῥητῶς
1519 1214 1682 1266 ὁποῖα
1730 1209 1796 1282 δὴ
1837 1212 1929 1267 καὶ

271 1298 390 1354 τίνα
431 1304 541 1354 τῶν
600 1300 754 1369 ζώων
816 1300 1178 1375 ἐξιστορήσοι,
1247 1299 1375 1356 ἀλλ’
1435 1300 1647 1357 ἐκέλευε
1704 1302 1928 1378 γράφειν

282 1387 411 1443 ἄττα
443 1389 530 1442 καὶ
577 1388 858 1463 βούλοιτο,
921 1385 1126 1468 φοϐερά
1186 1386 1370 1461 μέντοι
1422 1392 1561 1444 εἶναι
1607 1392 1675 1445 τὰ
1720 1392 1929 1467 γραφό-

272 1498 405 1551 μενα
431 1479 520 1532 καὶ
552 1480 688 1552 πρὸς
720 1476 979 1547 ἔκπληξιν
1012 1479 1103 1533 καὶ
1160 1476 1282 1540 δέος
1326 1484 1434 1533 τῶν
1495 1476 1810 1553 θεωμένων.
1863 1480 1924 1538 Ὀ

269 1565 347 1636 δὲ,
384 1565 552 1640 μηδὲν
585 1564 765 1642 ἕτερον
828 1565 989 1628 εἷ’δὼς
1040 1564 1469 1645 φρικωδέστερον
1520 1576 1618 1637 τῆς
1675 1567 1927 1643 δευτέρας

272 1661 369 1711 τοῦ
404 1661 645 1730 Χριστοῦ
708 1658 1029 1730 παρουσίας,
1077 1658 1280 1727 ταύτην
1332 1657 1440 1711 ἐκεῖ
1492 1657 1924 1735 καθυπέγραψεν.

272 1742 423 1802 Ἰδὼν
456 1743 512 1799 δὲ
543 1747 571 1799 ὁ
606 1743 791 1820 ἅρχων
823 1740 968 1808 ἔνθεν
1024 1745 1119 1818 μὶν
1178 1750 1285 1799 τῶν
1342 1743 1565 1800 δικαίων
1616 1748 1705 1801 τὸν
1754 1747 1924 1820 χορὸν

273 1834 726 1908 στεφανούμενον,
788 1834 985 1889 ἐκεῖθεν
1049 1832 1106 1888 δὲ
1160 1839 1267 1889 τῶν
1350 1835 1695 1910 ἁμαρτωλῶν
1754 1835 1921 1891 κολα⁹

277 1929 520 1997 ζόμενον,
568 1924 659 1978 καὶ
716 1924 862 1995 παρὰ
920 1927 1016 1978 τοῦ
1079 1924 1367 2000 ζωγράφου
1421 1926 1592 1985 συνεὶς
1645 1925 1735 1979 τὸν
1793 1924 1918 1979 νοόν

271 2019 371 2082 τῆς
406 2011 738 2089 ζωγραφίας·
774 2011 928 2073 εὐθύς
959 2032 1016 2067 τε
1046 2012 1143 2080 τὴν
1191 2011 1392 2067 οἰκείαν
1442 2012 1726 2084 ἐξόμνυται
1786 2026 1920 2087 θρη-

275 2102 470 2167 σκείαν,
504 2101 592 2155 καὶ
623 2103 984 2175 κατηχηθεῖς,
1038 2102 1110 2163 ὡς
1163 2093 1411 2173 εἴπομεν,
1473 2098 1558 2171 [Ρ.
1607 2106 1733 2173 541]
1779 2103 1923 2175 παρὰ

278 2194 375 2244 τοῦ
436 2189 583 2244 θείου
642 2190 939 2244 ἐπισκόπου
996 2192 1063 2243 τὰ
1114 2192 1229 2244 θεῖα
1289 2192 1563 2263 μυστήρια
1620 2190 1756 2264 ἀωρὶ
1812 2195 1920 2244 τῶν

270 2283 478 2335 νυκτῶν
534 2284 633 2334 τοῦ
701 2280 849 2334 θείου
919 2276 1329 2352 μεταλαμϐάνει
1402 2279 1795 2353 βαπτίσματος.
1856 2280 1922 2335 Ol

271 2366 328 2423 δὲ
357 2374 455 2424 τοῦ
480 2365 663 2429 ἔθνους
695 2367 961 2443 ἃρχοντες
993 2369 1085 2421 καὶ
1138 2369 1197 2422 τὸ
1248 2369 1430 2421 κοινὸν
1484 2370 1585 2434 τήν
1631 2375 1731 2435 τῆς
1786 2379 1920 2439 θρη·

275 2458 455 2518 σκείας
514 2456 808 2532 ἐγνωκότες
891 2451 1205 2528 μεταϐυλήν
1302 2455 1765 2526 κατεξανίστανται
1827 2459 1924 2509 τοῦ

275 2545 544 2620 ἄρχοντος
602 2544 693 2599 καὶ
759 2543 968 2599 ἀνελεῖν
1026 2541 1376 2613 ἐσπούδαζον.
1435 2544 1673 2604 Τούτους
1706 2541 1752 2597 δ’
1786 2542 1924 2597 ἐκεῖ-

271 2655 364 2695 νος
394 2635 530 2706 μετὰ
561 2638 665 2686 τῶν
695 2634 819 2707 περὶ
873 2632 1034 2688 αὐτὸν
1089 2632 1292 2709 ὀλίγων
1345 2632 1516 2688 ὄντων
1564 2638 1922 2707 τρεψαμενος,

279 2727 378 2778 τοῦ
433 2726 722 2797 σταυρικοῦ
759 2722 931 2776 τύπου
989 2723 1433 2797 προηγουμένου,
1491 2727 1571 2794 τῷ
1634 2721 1924 2795 παραδόξῳ

278 2811 725 2888 καταπλαγέντας
802 2813 1171 2887 Χριστιανίσαι
1247 2811 1533 2883 πεποίηκε.
1629 2808 1919 2882 Μεταϐλη-

280 2902 465 2968 θέντος
497 2900 553 2957 δὲ
578 2902 779 2965 παντὸς
804 2906 902 2956 τοῦ
933 2900 1116 2963 ἔθνους
1155 2902 1293 2973 πρὸς
1354 2897 1680 2970 θεοσέϐειαν,
1732 2914 1925 2979 γραφεί

279 2993 416 3067 πρὸς
455 2992 554 3059 τήν
613 2988 897 3046 δέσποιναν
960 2990 1183 3060 ἐξαιτῶν
1244 2988 1468 3057 δοθῆναί
1500 2992 1550 3044 οἱ
1578 2997 1701 3066 γῆν.
1751 3006 1924 3045 στενοι

271 3080 647 3160 χωρουμένων
676 3085 785 3135 τῶν
819 3080 909 3135 ὑπ’
944 3079 1128 3143 αὐτὸν,
1155 3080 1582 3153 ὓπισχνουμενο,
1606 3078 1923 3149 ἔνο-ποιῆσαι

267 3172 335 3225 τὰ
393 3165 515 3240 ἔθνη
574 3170 665 3224 καὶ
726 3169 947 3243 εἰρήνην
1038 3168 1368 3243 ἐργάσασθαι
1452 3165 1628 3223 ἀΐδιόν
1709 3188 1768 3223 τε
1833 3169 1918 3224 καἶ

272 3254 676 3332 ἀμετάϐλητον.
710 3260 773 3315 Ἤ
807 3257 864 3313 δὲ
899 3256 1116 3333 βασιλὶς
1146 3257 1354 3333 ἱλαρῶς
1387 3256 1511 3322 λίαν
1542 3260 1643 3327 τήν
1693 3257 1921 3313 ἱκετείαν

270 3349 613 3419 προσήκατο,
671 3347 760 3402 καὶ
821 3344 1051 3402 δέδωκεν
1121 3342 1329 3421 ἔρημον
1414 3345 1574 3402 οὖσαν
1627 3352 1924 3417 τηνικαῦτα

266 3439 365 3505 τήν
398 3437 505 3491 ἀπὸ
536 3442 633 3506 τῆς
662 3436 1011 3508 καλουμένης
1045 3434 1305 3506 Σιδηρᾶς,
1341 3437 1492 3510 ὃριον
1539 3437 1664 3492 τότε
1712 3437 1922 3514 τυγχά-

2032 590 2198 644 duxit
2229 591 2289 645 in
2323 607 2508 661 eaque
2551 591 2945 647 conﬁrmavit.
2997 592 3185 663 Supra
3232 593 3478 649 modum
3510 613 3686 651 vena-

2032 680 2295 736 tionibus
2326 680 2751 748 delectabatur,
2778 680 2993 751 quibus
3025 681 3272 752 cupiens
3299 698 3421 736 non
3454 688 3686 739 tantum

2031 785 2165 823 cum
2201 774 2482 824 venatum
2530 770 2716 824 exiret
2762 770 3007 841 perfrui,
3058 770 3164 825 sed
3214 770 3390 824 etiam
3439 770 3502 823 in
3544 772 3684 839 otio,

2030 872 2247 912 novam
2266 857 2509 913 domum
2528 858 2930 925 aadificavit,et
2944 859 3300 914 monachum
3325 858 3686 914 Methodium

2032 949 2218 1003 Roma
2246 947 2568 1003 oriundum
2613 948 3018 1021 pingendique
3067 950 3378 1014 artiﬁcem,
3422 948 3688 1003 historiis

2032 1052 2162 1091 eam
2206 1042 2388 1091 totam
2441 1052 2725 1093 exornare
2772 1038 2972 1109 jussit.
3030 1038 3353 1108 Divinoque
3402 1038 3689 1092 instinctu

2029 1122 2251 1178 factum
2275 1129 2365 1178 est
2384 1129 2450 1178 ut
2472 1140 2591 1179 non
2614 1125 2839 1179 diceret
2867 1126 3220 1180 nominatim
3254 1142 3385 1196 quae
3406 1124 3690 1180 animalia

2032 1211 2268 1284 depingi
2318 1213 2515 1278 vellet,
2569 1213 2673 1268 sed
2726 1214 2967 1286 pingere
2999 1232 3105 1270 suo
3156 1215 3466 1279 arbitratu,
3511 1214 3688 1269 modo

2033 1301 2317 1356 terribilis
2350 1308 2507 1357 esset
2533 1303 2782 1374 pictura,
2824 1305 3078 1373 juberet.
3114 1304 3434 1359 Monachus
3476 1320 3690 1358 secun-

2033 1389 2171 1443 dum
2220 1389 2439 1444 Christi
2497 1391 2815 1447 adventum
2875 1393 3160 1463 depinxit,
3213 1392 3370 1464 quod
3429 1391 3580 1446 nihil
3618 1408 3688 1447 eo

2034 1480 2359 1535 terribilius
2404 1482 2604 1536 sciret.
2657 1483 2943 1554 Princeps
2993 1483 3065 1538 ab
3113 1484 3221 1537 hac
3273 1488 3439 1553 parte
3480 1483 3693 1537 videns

2024 1570 2328 1641 justorum
2360 1578 2575 1625 cretum
2624 1587 2991 1642 expressum,
3024 1572 3095 1627 ab
3148 1573 3338 1627 altera
3367 1571 3687 1643 impiorum

2032 1657 2325 1728 supplicia
2396 1660 2880 1730 perpetientium,
2941 1661 3302 1731 edoctusque
3374 1677 3408 1715 a
3462 1661 3688 1732 pictore

2032 1747 2175 1816 quid
2207 1748 2317 1802 sibi
2368 1749 2480 1803 ista
2528 1748 2766 1811 vellent.
2802 1749 2964 1805 illico
3014 1751 3168 1806 958
3218 1765 3386 1805 suam
3438 1749 3690 1820 ejuravit

2036 1837 2516 1906 superstitionem
2546 1855 2559 1903 ;
2580 1838 3028 1908 institutusque,
3052 1846 3118 1893 ut
3134 1839 3411 1904 diximus,
3432 1854 3465 1892 a
3483 1843 3686 1892 sancto

2034 1927 2310 1996 episcopo
2335 1926 2548 1981 divinis
2570 1929 2827 1997 arcanis,
2852 1929 3208 2000 intempesta
3227 1934 3398 1984 nocte
3430 1928 3685 1998 baptiza-

2031 2021 2125 2068 tu$
2148 2016 2481 2070 est.Contra
2506 2033 2641 2072 eum
2673 2032 2949 2088 proceres
2980 2019 3361 2090 Bulgarorum
3395 2034 3461 2072 ac
3494 2033 3684 2087 popu-

2030 2104 2119 2158 lus
2150 2104 2624 2163 insurrexerunt.
2650 2114 2709 2159 et
2738 2107 3074 2162 interficere
3106 2108 3303 2162 conati
3336 2112 3491 2162 sunt.
3525 2107 3681 2170 Quos

2029 2192 2131 2247 ille
2181 2209 2358 2263 parva
2412 2212 2653 2250 suorum
2708 2211 2907 2261 manu,
2958 2197 3151 2252 crucis
3204 2197 3371 2268 signo
3412 2195 3682 2267 praelato,

2028 2280 2199 2346 fudit,
2241 2299 2421 2351 reque
2472 2284 2779 2355 inopinata
2827 2286 3063 2340 territos
3112 2285 3185 2339 ad
3236 2286 3414 2339 ﬁdem
3462 2283 3678 2339 Christi

2028 2370 2323 2440 perduxit.
2356 2372 2495 2424 Tota
2525 2379 2698 2442 gente
2747 2373 3052 2440 Bulgarica
3097 2374 3491 2427 Christianam
3540 2372 3679 2427 reli-

2028 2457 2266 2528 gionem
2300 2458 2595 2528 amplexa.
2650 2474 2755 2529 per
2804 2460 3031 2514 litteras
3080 2462 3404 2530 Augustam
3453 2465 3582 2514 orat
3618 2464 3687 2513 ut

2032 2549 2154 2604 suis
2184 2548 2451 2603 locorum
2486 2550 2758 2619 angustia
2779 2548 3002 2619 pressis
3033 2549 3261 2619 aliquid
3285 2555 3455 2603 terra:
3477 2548 3688 2617 largia-

2032 2644 2148 2699 tur,
2211 2636 2461 2708 populos
2523 2654 2584 2692 se
2642 2637 2951 2692 uniturum
3019 2654 3347 2709 pacemque
3403 2644 3686 2692 asternam

2028 2726 2326 2782 facturum
2373 2726 2751 2797 promittens.
2786 2727 2974 2790 Quam
3020 2727 3372 2798 petitionem
3423 2725 3697 2781 hilariter

2035 2814 2357 2870 admodum
2417 2815 2729 2870 Theodora
2784 2817 3034 2887 accepit,
3093 2816 3373 2887 deditque
3429 2815 3697 2887 Bulgaris

2036 2905 2325 2977 quidquid
2357 2905 2463 2960 soli
2513 2916 2546 2959 a
2590 2906 2803 2961 Ferrea
2834 2907 2971 2975 (loci
3024 2923 3243 2961 nomen
3278 2910 3389 2975 est,
3420 2905 3594 2961 limes
3625 2921 3695 2960 eo

2033 3000 2300 3062 tempore
2322 2995 2615 3050 ditionum
2646 2997 2924 3050 Romanae
2952 3012 3017 3050 ac
3048 2996 3393 3066 Bulgaricaa)
3412 3013 3601 3067 usque
3620 2993 3695 3050 ad

2035 3083 2346 3138 Debeltum
2379 3089 2488 3151 est,
2522 3084 2680 3154 quod
2710 3090 2835 3139 tum
2870 3090 2994 3139 erat
3040 3085 3360 3140 desertum.
3399 3088 3541 3140 Eam
3572 3089 3692 3139 ter-

2035 3188 2159 3228 ram
2194 3172 2422 3244 Bulgari
2455 3175 2733 3244 Zagoram
2770 3173 3325 3229 denominaverunt.
3361 3175 3481 3229 Hoc
3510 3171 3688 3228 modo

2034 3262 2309 3317 universa
2357 3262 2628 3331 Bulgaria
2685 3263 2890 3334 pietati
2943 3278 3005 3318 se
3063 3263 3241 3329 dedit,
3296 3268 3353 3318 et
3409 3263 3471 3317 in
3520 3261 3691 3318 Occi-

2037 3351 2213 3407 dente
2245 3351 2743 3422 tranquillissima
2771 3368 2884 3423 pax
2933 3352 3046 3407 fuit
3074 3368 3329 3423 veraque
3366 3352 3574 3425 religio
3604 3352 3729 3436 vi-d

2036 3442 2181 3513 guit.

269 3547 466 3582 νουσαν
498 3525 790 3598 Ῥωμαίων
819 3546 879 3580 τε
942 3525 1032 3579 καὶ
1098 3523 1454 3598 Βουλγάρων,
1513 3523 1648 3600 ἃχρι
1704 3531 1803 3591 τῆς
1862 3522 2151 3597 Δεϐελτοῦ,
2211 3529 2278 3597 ἢν
2329 3529 2381 3582 οἱ
2438 3527 2739 3603 Βούλγαροι
2791 3529 3041 3605 Ζαγορᾶγ
3097 3531 3206 3602 (35)
3263 3528 3684 3601 κατωνόμασαν.

270 3618 482 3673 Τοῦτον
515 3616 727 3670 οὖντὸν
761 3615 961 3689 τρόπον
994 3616 1029 3683 ἠ
1085 3618 1229 3668 πᾶσα
1284 3614 1593 3689 Βουλγαρία
1650 3615 2083 3691 μετεῤῥυθμίσθη
2144 3618 2282 3690 πρὸς
2331 3613 2656 3683 θεοσέϐειαν,
2718 3619 2809 3673 καὶ
2867 3622 2901 3687 ἡ
2963 3619 3119 3680 Δύσις
3161 3618 3388 3693 εἰρήνης
3440 3620 3694 3691 καθαρω-

271 3707 438 3775 τάτης
468 3704 758 3760 ἀπέλαυσε.
794 3703 896 3759 Καὶ
925 3704 993 3757 τὰ
1026 3703 1119 3775 μὲν
1150 3703 1287 3757 κατὰ
1315 3705 1414 3771 τὴν
1450 3704 1710 3778 Ἑσπέραν
1743 3704 1927 3777 αἰθρία
1964 3707 2104 3778 εἶχε,
2136 3704 2227 3757 καὶ
2262 3704 2504 3776 σταθηρὰ
2534 3700 2779 3759 εὐσέϐεια
2820 3704 3190 3778 ἑπολιτεόετοέ

345 3792 730 3868 Ἀγαλλομένη
791 3790 849 3847 δὲ
888 3795 922 3861 ἡ
969 3791 1186 3866 βασιλὶς
1246 3790 1334 3847 ἐπὶ
1392 3790 1469 3864 τῷ
1525 3791 1774 3867 γεγονότι
1828 3792 1918 3846 καὶ

271 3883 606 3957 τερπομένη,
638 3882 727 3937 καὶ
785 3884 906 3937 οἷον
964 3881 1267 3954 ἐπαυξῆσαι
1324 3882 1389 3937 τὸ
1448 3880 1616 3936 καλὸν
1678 3878 1918 3937 σπουδά-

276 3979 460 4042 ζουσα,
492 3973 620 4035 τοὺς
650 3972 788 4027 κατὰ
816 3973 915 4041 τὴν
951 3970 1249 4041 Ἀνατολὴν
1285 3972 1653 4046 Μανιχαίους,
1710 3972 1801 4034 οὓς
1853 3970 1920 4040 δὴ

272 4062 365 4116 καὶ
396 4060 800 4123 Παυλεκιπὶνους
823 4060 931 4116 ἀπὸ
960 4065 1071 4115 τῶν
1103 4062 1471 4139 αἱρεσιαρχῶν
1528 4061 1563 4128 ἡ
1613 4059 1923 4130 κοινολεξία

277 4150 397 4209 οἶδε
424 4151 637 4221 καλεῖν,
676 4156 995 4229 μεταγαγεῖν
1053 4148 1348 4205 ἐσπούδασε
1403 4150 1541 4225 πρὸς
1598 4146 1924 4222 θεοσέϐειαν,

276 4240 334 4313 ἤ,
368 4240 415 4296 εἴ
449 4242 526 4315 μὴ
578 4245 764 4312 τοῦτο,
822 4239 1002 4314 ἐξᾶραι
1057 4237 1261 4302 τελέως
1323 4238 1412 4294 καὶ
1471 4239 1563 4294 ἀπ’
1626 4239 1922 4313 ἀνθρώπων

274 4335 524 4396 ποιῆσαι.
559 4332 621 4383 Ὀ
653 4328 721 4398 δὴ
755 4329 845 4385 καὶ
888 4327 1119 4384 πολλῶν
1175 4334 1470 4406 συμφορῶν
1514 4330 1614 4399 τὴν
1656 4329 1925 4402 οἰκουμέ-

2101 3759 2226 3857 Quo
2248 3759 2527 3849 saccessu
2550 3795 2815 3865 gaudens
2838 3813 3017 3866 seque
3035 3759 3341 3852 able-(itane
3360 3796 3689 3868 Theodore,

2030 3886 2386 3953 tantumque
2430 3882 2653 3939 bonum
2704 3884 2885 3938 veluti
2935 3900 3148 3955 augere
3202 3886 3469 3956 cupiens,
3502 3883 3688 3937 Mani-

2032 3973 2252 4037 chaos,
2284 3973 2385 4045 qui
2416 3990 2523 4044 per
2545 3973 2847 4028 Orientem
2877 3978 3015 4028 sunt
3035 3979 3094 4029 et
3114 3972 3281 4045 Vulgo
3304 3973 3630 4029 Pauliciani
3656 3988 3691 4028 a

2034 4062 2407 4134 principibus
2438 4061 2685 4117 haeresis
2729 4068 3116 4135 usurpentur,
3151 4068 3253 4118 aut
3283 4061 3355 4117 ad
3405 4062 3688 4133 pietatem

2035 4150 2363 4219 traducere,
2423 4155 2526 4206 aut
2580 4150 2629 4204 si
2688 4151 2843 4206 hanc
2917 4151 3194 4223 amplecti
3265 4150 3685 4221 detrectarent,

2035 4241 2359 4313 exstirpare
2391 4245 2448 4295 et
2478 4257 2547 4295 ex
2568 4240 2877 4296 hominum
2900 4254 3147 4297 numero
3170 4240 3378 4296 tollere
3406 4239 3685 4295 instituit.

2036 4331 2174 4394 Quae
2223 4346 2319 4385 res
2378 4329 2604 4401 magnis
2662 4330 2868 4385 orbem
2914 4335 3203 4386 terrarum
3250 4328 3688 4386 calamitatibus

270 4442 369 4491 νην
401 4418 715 4489 ἐνέπλησεν.
752 4420 818 4476 Ol
850 4420 954 4497 γὰρ
987 4418 1073 4473 ἐπὶ
1107 4422 1189 4489 τῶ
1238 4419 1434 4492 πρᾶξαι
1487 4419 1550 4473 τὸ
1606 4420 1923 4495 πρόσταγμα

2035 4419 2191 4475 954
2215 4418 2498 4489 implevit.
2520 4419 2664 4473 Nam
2682 4419 2783 4489 qui
2806 4419 2879 4474 ad
2903 4436 3034 4475 eam
3058 4436 3181 4475 rem
3209 4419 3500 4492 agendam
3518 4417 3690 4474 missi

279 4508 672 4584 ἐκπεμφθέντες
733 4509 781 4579 (ὁ
839 4511 938 4563 τοῦ
992 4507 1271 4582 Ἀργυροῦ
1327 4503 1383 4561 δὲ
1436 4509 1504 4575 ἦν
1564 4508 1712 4563 Λέων
1773 4508 1859 4563 καὶ
1901 4508 1928 4561 ὁ

274 4601 376 4652 τοῦ
417 4600 595 4651 Δοῦκα
654 4591 968 4672 Ἀνδρόκος,
1020 4596 1112 4651 καὶ
1144 4596 1172 4649 ὁ
1206 4592 1502 4668 Σούδαλις)
1567 4596 1643 4668 μή
1694 4596 1927 4670 μετρίως

274 4682 406 4740 ἀλλ’
435 4684 639 4760 ἀγρίως
671 4688 753 4756 τῷ
783 4682 1114 4759 ἐπιτάγματι
1147 4686 1436 4762 χρώμενοι
1463 4683 1596 4747 τοὺς
1629 4686 1722 4758 μὲν
1744 4682 1930 4757 ξύλοις

272 4775 544 4850 ἀνήρτων,
571 4774 698 4836 τοὺς
729 4771 786 4829 δὶ
820 4774 958 4849 ξίφει
989 4770 1374 4848 παρεδίδοσαν,
1414 4771 1621 4834 ἄλλους
1643 4770 1700 4827 δὲ
1733 4771 1926 4828 ἃλλαις

273 4869 454 4919 κακῶν
491 4862 660 4927 ἰδέαις
695 4862 1076 4940 παρέπεμπον,
1126 4862 1216 4917 καὶ
1262 4862 1541 4924 ποικίλοις
1590 4863 1679 4917 καὶ
1726 4883 1929 4918 παντο-

276 4950 471 5016 δαποῖς
500 4954 782 5009 κολάσεων
812 4952 1037 5027 τρόποις
1090 4952 1163 5012 ὡς
1220 4949 1346 5005 δέκα
1404 4949 1669 5028 μυριάδας
1717 4950 1925 5028 ἀνδρῶν

280 5042 567 5099 ἀπώλεσαν
595 5042 814 5104 καὶτὰς
859 5040 1109 5116 ὑπάρξεις
1157 5040 1337 5095 αὐτῶν
1381 5039 1796 5113 έδημοσίευσαν,
1853 5042 1928 5104 ὡς

274 5130 513 5188 έντεύθεν
588 5132 652 5187 τὸ
730 5131 927 5186 λοιπὸν
1000 5129 1402 5205 ἐπαναγκασθὶν
1503 5130 1719 5200 πλῆθος
1794 5132 1929 5206 πρὸς

277 5221 608 5278 ἀποστασίαν
637 5217 873 5275 ἀπιδεῖν.
901 5219 963 5274 Ἡ
1016 5215 1074 5272 δὲ
1122 5218 1271 5292 ἀρχὴ
1316 5225 1418 5287 τῆς
1468 5219 1794 5282 ἀποστασίας
1843 5221 1924 5294 γέ-

278 5330 407 5387 γονε
436 5315 628 5365 τοῦτον
658 5309 749 5363 τὸν
781 5309 1007 5382 τρόπον.
1044 5306 1389 5381 Ἐστρατήγει
1421 5312 1527 5362 τῶν
1563 5307 1926 5366 ’Λνατολίκῶν

2036 4507 2298 4574 fuerunt,
2334 4508 2444 4563 Leo
2476 4507 2683 4578 Argyri
2715 4512 2775 4563 et
2802 4508 3177 4564 Andronicus
3210 4510 3383 4566 Ducas
3438 4509 3594 4565 ﬁlius
3624 4524 3693 4563 ac

2038 4596 2290 4657 Sudalis.
2322 4614 2445 4651 non
2469 4595 2775 4652 moderate
2797 4598 2901 4653 sed
2925 4598 3243 4655 crudeliter
3261 4599 3568 4672 negotium
3591 4612 3691 4669 ag-

2038 4686 2245 4759 gressi,
2269 4687 2727 4741 Manichaaorum
2752 4686 2899 4742 alios
2922 4688 2981 4741 in
3014 4704 3219 4744 cruces
3240 4688 3514 4761 agebant,
3540 4684 3690 4740 alios

2038 4777 2248 4849 gladiis
2261 4776 2588 4843 caedebant,
2603 4777 2753 4833 alios
2766 4778 3184 4849 aliis,quorum
3200 4780 3515 4833 innumera
3529 4772 3690 4829 adhi-

2040 4864 2258 4921 bebant
2277 4882 2512 4937 genera.
2530 4867 2836 4937 suppliciis
2861 4866 3143 4922 tollebant
3161 4883 3191 4921 e
3211 4864 3687 4920 medio.Centum

2038 4955 2352 5009 hominum
2374 4954 2567 5009 millia
2582 4970 2651 5009 ea
2672 4956 2899 5010 ratione
2918 4949 3688 5022 interfecerunt,publicatis

2040 5060 2246 5100 eorum
2277 5043 2469 5099 bonis.
2504 5045 2707 5115 Itaque
2726 5044 2959 5114 reliqua
2987 5041 3302 5098 multitudo
3335 5038 3687 5095 necessitate

2040 5133 2122 5189 ita
2149 5138 2392 5205 urgente
2415 5131 2486 5187 ad
2520 5130 2912 5186 defectionem
2944 5130 3246 5202 spectavit.
3270 5129 3411 5200 Ejus
3436 5127 3552 5183 tale
3578 5125 3691 5181 fuit

2040 5224 2297 5277 initium.
2332 5219 2629 5275 Theodoto
2662 5219 2971 5274 Melisseno
2995 5218 3381 5275 Orientalium
3412 5215 3690 5289 praifecto

2041 5310 2400 5367 inserviehat
2474 5306 2725 5364 Oarbeas
2803 5307 3069 5378 quidam,
3153 5304 3694 5379 protomandatoris

1493 5456 1852 5521 XYLANDRI
1891 5467 1979 5521 ET
2016 5456 2230 5557 ϐΟΑΙξῐ
2262 5460 2483 5515 ΝΟΤΞ.

350 5608 464 5681 (35)
496 5607 741 5679 Mysiam
776 5606 1123 5681 inferiorem
1158 5605 1231 5660 ad
1266 5607 1531 5661 Haemum
1561 5613 1849 5678 montem,
1883 5609 2053 5681 cujus
2079 5610 2304 5661 tractus
2352 5602 2424 5658 ab
2475 5604 2688 5659 incolis
2729 5605 2908 5661 etiam
2952 5606 3192 5678 Zagoria
3228 5610 3486 5661 vocatur.
3531 5602 3695 5659 Idem

276 5678 461 5735 habet
491 5678 764 5736 zonaras.
812 5679 987 5736 GOAB.
