4126 6220
484 379 641 441 1039

1847 369 2163 433 GEORGII
2206 368 2547 432 CEDBENI

3755 368 3893 434 imo

482 514 747 569 ofﬁcium
777 528 1010 585 gerens,
1048 509 1406 565 Manichmus
1438 512 1617 565 secta.
1647 509 1702 563 Is
1732 523 1865 563 cum
1896 506 2132 563 inaudi-

2255 502 2509 568 Θεόδοτος
2548 505 2577 559 6
2609 504 2733 561 Μελ
2750 502 2993 574 ισσηνὸς,
3028 503 3284 579 ὑπηρέτει
3340 501 3395 559 δὲ
3432 504 3614 579 τούτῳ
3666 507 3767 575 τήν
3816 512 3894 561 τοῦ

483 603 664 658 visset
692 607 922 673 patrem
946 615 1119 655 suum
1153 599 1213 654 in
1244 598 1444 670 palum
1471 604 1669 654 actum
1700 596 1880 667 idque
1909 597 2139 652 facinus

484 690 862 761 iniquissime
892 690 1094 756 ferret,
1129 686 1411 761 profugus
1443 704 1577 743 cum
1622 688 1657 740 5
1680 686 1947 741 millibus
1978 685 2136 757 ejus-

484 778 621 834 dem
652 795 854 835 secum
887 778 1196 851 religionis
1238 777 1313 833 ad
1343 778 1614 832 Amerem
1646 775 1803 831 venit
1848 774 2139 829 Melitenaa

481 883 769 936 amaram,
803 871 982 938 atque
1015 866 1088 922 ab
1119 866 1230 921 hoc
1278 865 1351 921 ad
1383 879 1880 920 amermumnem.
1916 861 1992 916 Ab
2026 861 2140 916 hoc

480 957 812 1014 honoriﬁce
842 961 1140 1027 acceptus,
1164 955 1421 1026 dataque
1444 960 1503 1009 et
1527 960 1768 1025 accepta
1799 952 1937 1020 fide,
1962 950 2136 1024 paulo

478 1052 617 1119 post
645 1049 1049 1103 Romanorum
1080 1045 1370 1100 ditionem
1417 1043 1663 1108 invadit,
1699 1047 1756 1097 et.
1783 1042 1962 1097 urbes
1995 1057 2138 1096 con-

482 1136 589 1203 dit,
614 1152 867 1207 quarum
888 1134 1133 1191 nomina
1153 1136 1495 1207 Argaunum
1519 1137 1577 1187 et
1597 1133 1813 1187 Amara
1837 1148 1850 1197 ;
1878 1146 2138 1200 cumque

484 1242 567 1281 ese
600 1225 911 1280 hominum
942 1223 1325 1278 multitudine
1356 1226 1542 1276 aucta)
1569 1225 1790 1287 essent,
1823 1219 2044 1274 sensim
2069 1235 2139 1272 eo

485 1312 924 1368 conﬂuentibus
952 1310 1289 1365 Manichwis
1313 1311 1414 1380 qui
1438 1326 1500 1364 se
1522 1309 1597 1363 ob
1629 1314 1855 1363 metum
1878 1306 2141 1362 occulta-

482 1407 709 1469 verant,
756 1400 985 1455 duabus
1036 1398 1285 1454 urbibus
1334 1402 1736 1470 erumpentes,
1790 1401 1850 1452 et
1894 1413 1956 1451 se
2006 1411 2141 1450 cum

485 1489 749 1544 nomine.
784 1488 883 1542 His
914 1504 986 1543 ex
1033 1487 1279 1542 urbibus
1332 1490 1736 1558 erumpentes,
1784 1490 1843 1540 et
1894 1501 1957 1540 se
2007 1500 2139 1538 cum

484 1595 687 1636 amera
716 1578 1007 1634 Melitenen
1051 1580 1265 1634 Amere
1313 1584 1373 1633 et
1418 1578 1611 1632 Alimo
1661 1576 1825 1630 Tarsi
1865 1574 2142 1647 praefecto

484 1669 940 1742 conjungentes,
958 1668 1185 1724 nullam
1217 1671 1618 1724 Romanorum
1643 1666 1928 1721 ditionem
1951 1664 2144 1719 incur-

486 1759 756 1815 sionibus
806 1774 873 1814 ac
922 1758 1072 1815 955
1127 1757 1616 1829 populationibus
1662 1754 1913 1811 vexandi
1955 1754 2141 1808 inter-

484 1847 833 1903 missionem
891 1845 1183 1901 fecerunt.
1242 1845 1353 1900 Sed
1411 1845 1641 1900 Alimus
1698 1843 1761 1898 in
1819 1841 2141 1913 quamdam
2178 1875 2222 1939 Β

487 1936 903 1992 Armeniorum
928 1935 1232 2007 regionem
1255 1932 1555 2004 profectus
1578 1940 1723 1988 cum’
1744 1948 1849 1986 suo
1884 1930 2143 1986 exercitu

488 2022 570 2077 ibi
604 2022 800 2094 periit.
836 2023 902 2077 Et
931 2025 1110 2077 Amer
1158 2021 1313 2076 civili
1360 2020 1514 2075 bello
1557 2020 1918 2091 implicatus,
1952 2017 2146 2073 rebel-

487 2110 652 2165 laute
685 2111 739 2164 ei
766 2110 1011 2181 collega,
1044 2110 1145 2179 qui
1176 2109 1381 2175 Scleri,
1416 2108 1477 2162 id
1507 2112 1596 2162 est
1627 2108 1790 2174 Duri,
1814 2105 2146 2177 appellaba-

489 2202 607 2265 tur,
641 2200 871 2252 tantum
902 2213 1038 2251 cum
1085 2196 1209 2250 suis
1258 2195 1468 2250 habuit
1510 2194 1857 2265 aliquandiu
1898 2195 2142 2267 negotii,

489 2291 556 2341 ut
586 2290 829 2342 externo
860 2284 1017 2341 bello
1047 2300 1255 2340 vacare
1277 2284 1573 2356 nequiret.
1594 2286 1913 2355 Postquam
1946 2290 2143 2339 autem

489 2374 844 2432 adversario.
883 2379 1160 2446 superato
1226 2374 1412 2429 otium
1469 2378 1681 2429 nactus
1736 2372 1867 2439 fuit,
1929 2372 2146 2443 quietis

488 2464 757 2536 alioquin
778 2464 956 2520 homo
985 2463 1306 2536 impatiens
1327 2479 1461 2519 cum
1479 2462 1703 2518 Carbea
1723 2478 1786 2517 se
1812 2462 2142 2533 conjunxit,

488 2571 818 2626 omnesque
848 2553 1053 2626 copias
1083 2554 1147 2608 in
1178 2555 1475 2609 Romanos
1519 2551 1706 2606 duxit.
1741 2552 1957 2606 Contra
1986 2551 2144 2606 hunc

494 2642 925 2715 expeditionem
945 2643 1082 2697 fecit
1106 2644 1392 2697 Petronas
1415 2645 1693 2712 Augustae
1717 2639 1918 2706 frater,
1939 2638 2149 2694 dome-

458 2726 620 2787 istici
652 2731 990 2787 scholarum
1040 2746 1257 2785 munus
1304 2745 1539 2801 gerens,
1574 2728 1732 2799 quod
1783 2727 1856 2782 ad
1898 2727 2144 2783 fratrem

489 2825 619 2895 ejus
676 2827 821 2877 natu
875 2819 1168 2891 majorem
1225 2818 1477 2874 Bardam
1534 2817 1892 2890 pertinebat,
1956 2817 2059 2873 sed
2107 2834 2143 2873 a

489 2913 745 2966 Petrona
776 2908 1324 2977 administrabatur,
1349 2924 1483 2964 cum
1514 2906 1734 2963 Bardas
1765 2906 2142 2979 imperatoris

487 2998 688 3054 tutelas
710 2998 975 3054 intentus
1007 2998 1059 3054 ei
1090 3014 1345 3070 praeesse
1380 2997 1671 3068 nequiret.
1695 2998 1750 3051 Is
1782 3012 1918 3067 ergo
1943 2997 2142 3051 Petro«

488 3107 597 3145 nas
628 3088 1058 3145 Thracensium
1089 3087 1300 3143 ductor
1348 3086 1572 3143 bellum
1622 3092 1829 3142 contra
1870 3093 2144 3141 Amerem

490 3178 553 3234 dt
584 3179 869 3235 Carbeam
920 3177 1120 3251 gessit.
1171 3176 1476 3243 Quomodo
1528 3192 1740 3231 manus
1790 3191 1923 3229 cum
1977 3175 2143 3229 hoste

492 3268 832 3338 contulerit,
867 3266 1127 3338 quidque
1160 3265 1367 3337 egerit,
1400 3281 1506 3319 suo
1537 3264 1665 3319 loco
1694 3263 1984 3320 dicemus.

2247 598 2780 670 πρωτομανθάτορος
2823 598 2937 669 (36)
2969 592 3201 669 πληρῶν
3254 597 3434 671 ἀρχὴν
3484 597 3627 671 ἀνήρ
3682 617 3769 661 τις
3812 600 3893 665 τὴν

2247 681 2443 752 κλῆσιν
2496 679 2763 759 Καρϐέας,
2821 687 2890 757 τῇ
2951 684 3131 739 πίστει
3187 689 3296 739 τῶν
3356 685 3688 760 Μανιχαίων
3745 688 3897 743 κατά-

2250 790 2473 845 σχετος.
2535 772 2708 834 Οὗτος
2760 771 2851 827 τὸν
2908 772 3102 827 ἑαυτοῦ
3181 771 3387 848 πατέρα
3443 774 3897 829 ἀνεσκολοπίσθαι

2252 860 2462 933 μαθὼν,
2520 859 2609 914 καὶ
2668 860 2805 935 πέρα
2856 858 3035 916 δεινοῦ
3090 863 3154 916 τὸ
3212 863 3452 937 πραχθὲν
3522 864 3896 939 ἡγησάμενος,

2250 950 2418 1025 φυγὰς
2449 949 2584 1020 μετὰ
2643 950 2733 1004 καὶ
2790 948 2990 1024 ἑτέρων
3057 950 3376 1023 ὁμοπίστων
3434 951 3898 1027 πεντακισχιλίων

2249 1039 2384 1113 πρὸς
2441 1044 2653 1113 “Αμερα
2712 1042 2827 1113 (37)
2884 1039 3238 1116 παραγίνεται
3288 1042 3379 1097 τὸν
3429 1044 3527 1110 τῆς
3576 1041 3897 1113 Μελιτηνῆς

2249 1127 2492 1202 άμηρᾶν,
2558 1129 2805 1184 κᾶκέἷθεν
2872 1131 3009 1201 πρὸς
3100 1130 3190 1184 τὸν
3287 1130 3719 1205 ἆμερμουμνῆν.
3783 1120 3900 1204 Παᾷ

2252 1217 2454 1272 ἐκείνου
2513 1215 2569 1272 δὲ
2638 1219 2771 1292 μετά
2826 1217 3049 1288 πολλῆς
3113 1216 3507 1294 ἀποδεχθέντες
3561 1228 3767 1293 τιμῆς,
3824 1220 3905 1274 καὶ

2253 1302 2456 1382 λόγους
2489 1305 2782 1384 ἀσφαλείας
2811 1307 2898 1361 καὶ
2949 1304 3134 1371 δόντες
3179 1308 3268 1362 καὶ
3324 1304 3608 1379 λαϐόντες,
3659 1308 3909 1383 ἐξέρχονς

2251 1414 2339 1448 ται
2403 1401 2518 1467 μετ’
2578 1396 2640 1450 οὐ
2697 1393 2843 1450 πολὺ
2902 1396 3040 1451 κατὰ
3088 1403 3192 1466 τῆς
3247 1401 3355 1452 τῶν
3428 1398 3732 1472 Ῥωμαίων
3790 1405 3907 1473 γῆς,

2254 1482 2447 1546 πόλεις
2480 1505 2539 1540 τε
2582 1484 2815 1558 ἤρξαντο
2863 1484 3064 1555 κτίζειν
3117 1486 3217 1555 τήν
3274 1486 3536 1561 Ἀργαοῦν
3597 1485 3909 1561 λεγομένην

2252 1573 2339 1628 καὶ
2371 1574 2475 1642 τὴν
2507 1577 2774 1648 Ἀμαραν.
2819 1573 2923 1631 Καὶ
2966 1573 3081 1629 ἐπεὶ
3112 1575 3252 1649 πρὸς
3304 1572 3680 1647 πολυανδρίαν
3735 1574 3909 1631 ἐπεδί-

2254 1658 2412 1717 δοσαν
2445 1662 2527 1717 ἆεῗ
2561 1662 2896 1739 συῤῥεόντων
2925 1667 3034 1717 τῶν
3066 1661 3157 1718 διά
3201 1665 3296 1719 τὸν
3346 1659 3515 1742 φόϐον
3557 1666 3909 1740 ἀποκεκρυμ-

2257 1761 2428 1826 μένων
2504 1752 2847 1828 Μανιχαίων,
2931 1749 3259 1829 προσέθεσαν
3326 1759 3447 1817 ταῖς
3505 1751 3625 1809 δυσὶ
3687 1756 3906 1816 ταύταις

2252 1839 2445 1896 πόλεσι
2511 1842 2598 1897 καὶ
2667 1840 2886 1917 τρίτην,
2973 1843 3040 1912 ἢν
3129 1844 3397 1922 Τεφρικὴν
3486 1845 3905 1918 κατωνόμασαν.

2261 1933 2340 2004 [Ρ.
2375 1931 2503 1999 542]
2534 1932 2619 2003 Ἐξ
2660 1931 2733 1985 ῶν
2786 1932 3109 2007 ὁρμώμενοι
3162 1932 3251 1987 καὶ
3297 1936 3376 2004 τῷ
3430 1939 3531 2002 τῆς
3580 1933 3906 2005 Malm-qvi;

2259 2020 2447 2093 ἁμηρᾷ
2503 2019 2933 2094 συμμιγνύμενοι
3000 2026 3202 2095 ’Ἂμερι
3254 2021 3344 2075 καὶ
3410 2021 3613 2095 Ἀλεὶμ
3670 2028 3758 2095 τῷ
3812 2030 3905 2091 τῆς

2260 2109 2500 2183 Ταρσοῦ,
2533 2108 2634 2163 οὐκ
2690 2104 2895 2183 ἔληγον
2951 2106 3187 2186 ἀφειδῶς
3245 2111 3343 2178 τὴν
3396 2111 3694 2183 Ῥωμαίων
3753 2132 3908 2165 κατα-

2262 2197 2553 2271 τρέχοντες
2580 2197 2669 2251 καὶ
2703 2194 3096 2270 λυμαινόμενοι
3144 2204 3267 2272 γῆν.
3320 2196 3482 2255 Ἀλλ’
3508 2200 3535 2253 6
3570 2200 3668 2272 μὲν
3714 2199 3907 2272 Ἀλεὲμ

2258 2279 2311 2339 ἔν
2336 2307 2441 2341 τινι
2471 2290 2579 2341 τῶν
2613 2286 2911 2362 Ἀρμενίων
2945 2288 3105 2361 χώρᾳ
3165 2289 3298 2360 μετὰ
3344 2291 3442 2342 τοῦ
3485 2288 3697 2344 οἰκείου
3756 2309 3905 2363 στραο

2254 2379 2353 2430 τοῦ
2383 2374 2638 2440 ἀπελθὼν
2666 2376 2758 2430 τὸν
2792 2374 2909 2450 βίον
2954 2376 3216 2431 κατέλυσε
3273 2378 3367 2431 σὺν
3418 2378 3574 2433 παντὶ
3631 2380 3720 2452 τῷ
3769 2379 3904 2450 αὖτῷ

2257 2463 2510 2539 ἑπομένῳ
2553 2464 2933 2540 στρατεύματι.
2990 2465 3092 2521 Καὶ
3150 2466 3177 2520 ὁ
3226 2467 3400 2540 Ἀμερ
3446 2464 3504 2521 δέ
3549 2468 3691 2541 πρὸς
3740 2468 3904 2545 έμφόο

2258 2551 2378 2608 λιον
2410 2552 2660 2627 ἐμπεσὼν
2692 2554 2878 2609 στάσιν
2936 2554 3032 2609 τοῦ
3093 2554 3463 2633 συνάρχοντος
3512 2556 3659 2628 αῦτῷ
3709 2555 3901 2612 ἒπαναο

2257 2642 2482 2705 στάντος
2535 2643 2584 2710 (6
2621 2646 2720 2698 τοῦ
2760 2641 3018 2718 Σκληροῦ
3077 2643 3235 2705 οὗτος
3293 2641 3536 2718 ἔλέγετο)
3582 2645 3730 2718 πρὸς
3785 2643 3903 2705 τοὺς

2256 2727 2490 2790 οἰκείους
2550 2729 2674 2803 εἶχε
2728 2729 2821 2782 τὸν
2879 2732 3003 2783 νοῦν
3060 2728 3152 2784 καὶ
3214 2727 3417 2805 ἑτέροις
3484 2727 3759 2804 πολεμεῖν
3809 2732 3903 2786 οὐκ

2257 2816 2528 2893 ηὐκαίρει,
2567 2816 2765 2892 μέχρις
2805 2815 2863 2872 ἄν
2903 2817 2994 2872 τὸν
3055 2816 3350 2873 ἀντίπαλον
3390 2820 3903 2894 καταγωνισάμενος

2254 2903 2439 2968 ἀδείας
2470 2899 2653 2984 ἔτυχέ.
2689 2906 2829 2963 Τότε
2861 2906 2963 2983 γάρ
2995 2906 3299 2982 ἐκεχειρίαν
3330 2903 3539 2977 λαϐὼν,
3569 2908 3660 2962 καὶ
3720 2907 3905 2971 ἄλλως

2257 2994 2359 3049 οὐκ
2390 2990 2549 3055 εἷδὼς
2581 2995 2832 3069 ἠρεμεῖν,
2893 2999 2972 3067 τῷ
3030 2990 3243 3070 Καρὸέᾳ
3298 3017 3357 3051 τε
3412 2997 3585 3066 ἢνωτο
3630 2999 3725 3051 καὶ
3776 2998 3903 3052 κατὰ

2256 3084 2547 3157 Ῥωμαίων
2580 3080 2742 3154 ἔξεισι
2798 3081 3146 3157 παμπληθεί.
3198 3085 3623 3160 Ἀντιστρατεύει
3676 3082 3740 3140 δὲ
3796 3085 3905 3141 κατ’

2257 3170 2435 3227 αὐτῶν
2466 3172 2494 3226 ὁ
2524 3176 2626 3241 τῆς
2662 3169 2946 3246 βασιλίδος
3005 3169 3241 3252 ἀδελφὸς
3301 3176 3606 3248 Πετρωνᾶς,
3665 3174 3773 3243 τήν
3812 3177 3902 3228 τοῦ

2258 3258 2583 3334 δομεστίκου
2609 3266 2718 3317 τῶν
2751 3260 2973 3337 σχολῶν
3009 3260 3186 3338 ἀρχὴν
3221 3259 3467 3333 διοικῶν,
3501 3262 3657 3339 λόγῳ
3706 3264 3804 3336 μὲν
3829 3267 3903 3335 τῷ

490 3349 848 3427 πρεσϐυτέρῳ
897 3352 1062 3406 αὐτοῦ
1118 3348 1341 3427 ἀδελφῷ
1392 3351 1740 3422 προοήουσαν
1800 3345 1999 3420 Βάρδᾳ,
2066 3342 2211 3423 ἔργῳ
2270 3347 2325 3403 δὲ
2391 3349 2519 3423 παρ’
2577 3350 2744 3404 αὐτοῦ
2799 3347 3183 3423 διοικουμένην
3234 3355 3315 3424 τῷ
3368 3354 3443 3425 μή
3501 3350 3708 3407 ἐκεῖνον
3765 3372 3898 3427 σχο-

491 3440 695 3510 λάζειν,
730 3438 877 3494 ἀλλά
904 3437 1025 3512 περὶ
1056 3439 1156 3506 τήν
1186 3437 1488 3510 ἐπιτροπὴν
1535 3440 1633 3491 τοῦ
1686 3434 1956 3509 βασιλεως
2004 3438 2293 3511 προσέχειν
2348 3438 2440 3492 τὸν
2489 3440 2636 3493 νοῦν.
2695 3435 2867 3500 Οὗτος
2924 3438 3106 3494 τοίνυν
3166 3441 3194 3494 6
3251 3444 3535 3515 Πετρωνᾶς
3588 3440 3888 3516 στρατηγὸς

486 3528 780 3604 τυγχάνων
810 3531 919 3582 τῶν
979 3524 1300 3600 Θρᾳκησίων
1358 3528 1470 3599 (38)
1525 3524 2034 3601 ἀντιπαρατάττεται
2087 3525 2223 3581 κατᾶ
2276 3547 2335 3581 τε
2391 3527 2566 3601 Ἀμερ
2630 3524 2721 3582 καὶ
2778 3526 2875 3583 τοῦ
2933 3523 3163 3605 Καρόέα.
3221 3530 3412 3592 Ὅπως
3470 3526 3530 3584 δὲ
3586 3529 3891 3597 συνεπλάκη

486 3617 576 3689 καὶ
608 3616 698 3671 οἶα
727 3609 937 3692 ἔδρασε,
968 3615 1104 3670 κατᾶ
1131 3614 1222 3670 τὸν
1247 3613 1447 3669 οἰκεῖον
1475 3614 1641 3671 τόπον
1674 3616 1710 3684 ἡ
1743 3613 1957 3690 ἱστορία
1989 3612 2250 3686 δηλώσει.

507 3774 511 3777 ι
558 3709 796 3764 Interea
824 3707 1174 3763 Michaelum
1197 3707 1325 3779 jam
1358 3723 1428 3762 ex
1471 3705 1716 3779 ephebis
1748 3721 2051 3779 egressum
2085 3710 2143 3761 et
2172 3708 2214 3775 Ο

487 3798 562 3855 ad
591 3797 824 3853 virilem
855 3802 1091 3853 aatatem
1124 3796 1507 3853 accedentem
1555 3795 1849 3868 cupiditas
1897 3795 2143 3851 incessit

487 3903 689 3943 rerum
722 3902 829 3942 sua
874 3885 1062 3958 ipsius
1105 3884 1402 3941 industria
1446 3883 1856 3957 gerendarum,
1889 3884 2147 3940 maxime

492 3976 566 4032 ad
590 3977 702 4031 hoc
724 3976 1044 4048 instigante
1060 3973 1246 4030 Barda
1260 3974 1546 4030 avunculo
1564 3974 1750 4045 ipsius
1772 3977 1833 4028 et
1852 3978 2144 4030 curatore.

489 4066 546 4121 Is
579 4065 739 4121 enim
772 4063 1103 4137 imperandi
1134 4080 1337 4119 amore
1385 4064 1642 4135 ﬂagrans
1674 4062 1735 4116 in
1783 4079 1914 4117 eam
1955 4063 2147 4118 solum

488 4171 618 4210 rem
667 4171 843 4211 omne
894 4153 1155 4210 studium
1212 4153 1561 4209 collocabat.
1604 4152 1761 4209 956
1809 4152 1919 4207 Res
1967 4152 2145 4224 paulo

488 4244 666 4298 altius
694 4243 1021 4313 repetenda
1052 4247 1160 4310 est,
1194 4247 1260 4297 ut
1288 4242 1495 4297 lectori
1540 4240 1775 4313 planior
1805 4240 1925 4295 ﬁat.
1958 4242 2145 4295 Inter-

486 4335 731 4384 venerat
760 4330 985 4401 aliquid
1017 4330 1327 4387 discordias
1359 4331 1631 4386 Manuelo
1675 4346 1812 4385 cum
1845 4328 2146 4400 logotheta

488 4420 841 4485 Theoctisto,
876 4424 978 4494 qui
1027 4428 1087 4477 et
1132 4424 1246 4495 ipsi
1294 4422 1671 4495 imperatoris
1710 4426 1880 4478 erant
1918 4425 2142 4479 tutores

489 4509 669 4580 inque
701 4508 834 4564 aula
866 4510 1174 4583 degebant.
1208 4514 1289 4566 Ex
1319 4529 1390 4568 ea
1433 4512 1738 4569 Manuelus
1787 4530 1921 4568 cum
1953 4514 2140 4585 maje—

490 4598 659 4654 statis
689 4597 916 4654 crimen
938 4600 1307 4669 incurrisset,
1331 4601 1612 4657 invidiam
1640 4607 1911 4657 metuens
1937 4602 2142 4658 statuit

490 4692 655 4745 extra
683 4686 968 4760 palatium
994 4688 1171 4743 vitam
1201 4704 1373 4760 agere
1414 4694 1473 4743 et
1520 4689 1962 4745 continentibus
1993 4707 2137 4745 con-

2323 3706 2381 3759 Ὀ
2413 3702 2670 3780 βασιλεὺς
2701 3704 2759 3761 δὲ
2799 3704 3037 3782 Μιχαὴλ
3095 3704 3204 3779 ἤδη
3263 3708 3362 3778 τήν
3403 3705 3663 3778 παιδικὴν
3708 3729 3894 3783 «παρα-

2260 3797 2460 3871 μείψας
2486 3796 2577 3852 καὶ
2606 3803 2709 3866 τῆς
2736 3794 3001 3871 ἀνδρικῆς
3027 3796 3335 3871 ἁπτόμενος
3393 3797 3613 3868 ἡλικίας
3659 3799 3896 3873 ἱμείρετο

2254 3890 2361 3941 τῶν
2402 3886 2739 3962 πραγμάτων
2797 3883 2870 3941 δι’
2930 3887 3122 3942 ἑαυτοῦ
3188 3886 3529 3963 ἀντέχεσθαι,
3581 3888 3898 3963 παραθηγό-

2259 3996 2421 4048 μενος
2453 3975 2531 4039 είς
2554 3980 2722 4031 τοῦτα
2753 3976 2899 4051 παρὰ
2927 3981 3026 4031 τοῦ
3055 3974 3350 4051 ἐπιτρόπου
3389 3977 3480 4032 καὶ
3526 3976 3673 4042 θείου
3723 3974 3901 4053 Βάρδα

2254 4068 2351 4119 τοῦ
2379 4070 2480 4134 τῆς
2513 4061 2796 4140 βασιλίδος
2820 4061 3081 4143 ἀδελφοῦ·
3118 4064 3281 4128 οὗτος
3310 4066 3413 4141 γὰρ
3459 4064 3639 4141 ’ἐρωτα
3669 4072 3895 4141 περικαῆ

2254 4160 2354 4222 τῆς
2410 4151 2691 4228 βασιλείας
2750 4151 3004 4231 ἐσχηκὼς
3062 4151 3214 4209 οὐδὲν
3270 4152 3412 4210 ἄλλο
3466 4153 3900 4231 ἐπραγματεύετο

2251 4237 2379 4295 ἀλλ’
2410 4240 2479 4308 ἤν
2508 4240 2574 4294 τὰ
2626 4240 2765 4315 πρὸς
2821 4240 2883 4294 τὸ
2940 4238 3383 4314 σπουδαζόμενον
3443 4236 3894 4315 συμϐαλλόμενα.

2260 4322 2518 4382 Αλλ”ίνα
2574 4326 2897 4404 σαφέστερον
2953 4328 3046 4382 τὸν
3098 4326 3264 4404 λόγον
3318 4333 3438 4389 τοῖς
3495 4327 3883 4404 ἐντυγχάνουσι

2251 4416 2530 4487 θήσωμεν,
2592 4413 2928 4490 πορῥωτέρω
2985 4419 3176 4470 τοῦτον
3275 4416 3588 4493 ἀγάγωμεν.
3658 4418 3895 4495 Ἐγένετο

2249 4502 2315 4574 δὴ
2344 4509 2422 4578 τῷ
2454 4505 2714 4574 Μανουήλ
2745 4506 2883 4582 πρὸς
2922 4506 3014 4561 τὸν
3064 4504 3364 4583 λογοθὲτην
3415 4508 3762 4576 Θεόκτιστον,
3809 4505 3895 4562 καὶ

2246 4594 2431 4657 αὐτοῖς
2493 4593 2811 4671 ἐπιτρόποις
2880 4595 2997 4649 οὗσι
3048 4599 3147 4649 τοῦ
3209 4593 3477 4671 βασιλέως
3532 4597 3626 4651 καὶ
3704 4596 3784 4659 εἷς
3833 4597 3898 4652 τὰ

2244 4684 2508 4760 ἀνάκτορα
2570 4683 2973 4757 διαιτωμένοις,
3026 4681 3259 4760 διαφορά
3304 4706 3414 4755 τις,
3443 4683 3481 4757 ἤ
3513 4686 3894 4751 καθοσιώσεως

482 4777 785 4851 gressibus
817 4825 828 4834 .
858 4782 1036 4848 atque
1114 4776 1732 4833 administrationibus
1802 4794 2003 4833 rerum
2073 4796 2134 4835 se

2255 4773 2547 4850 ἐγκλήματι
2579 4768 2819 4828 ὕπὲϐαλε
2848 4773 2939 4828 τὸν
2987 4772 3275 4845 Μανουήλέ
3327 4775 3459 4850 ’ὀπερ
3516 4775 3680 4838 οὗτος
3731 4774 3892 4832 εὐλα-

483 4867 805 4925 abstinere.
839 4868 1093 4923 Domum
1143 4866 1343 4938 itaque
1394 4883 1563 4924 suam
1614 4883 1675 4922 se
1721 4866 1970 4934 confert,
2003 4884 2134 4938 quas

2255 4859 2532 4937 ούμενος,
2566 4859 2759 4924 δεδιὼς
2791 4858 2852 4916 δέ
2883 4862 3092 4918 καὶτὸν
3149 4863 3368 4938 φθόνον,
3414 4865 3570 4937 ᾠήθη
3628 4860 3731 4935 ἔξω
3782 4861 3887 4920 δεῖν

484 4963 613 5015 erat
640 4958 715 5015 ad
744 4958 987 5030 Asparis
1013 4958 1331 5013 cisternam
1359 4974 1372 5013 :
1407 4973 1584 5028 quam
1632 4961 1840 5029 postea
1886 4957 1950 5013 in
1992 4957 2130 5013 reli-

2237 4958 2335 5009 τοῦ
2365 4950 2635 5008 παλατίου
2681 4951 2927 5026 γενέσθαι
2987 4952 3079 5006 καὶ
3130 4957 3241 5008 τῶν
3299 4958 3543 5028 συνεχῶν
3588 4954 3883 5023 ἀποστῆναι

483 5048 661 5121 giosaa
710 5048 923 5105 domus
968 5047 1222 5104 formam
1273 5046 1517 5121 redegit,
1568 5047 1987 5120 pulveremque
2046 5046 2129 5101 ibi

2255 5040 2476 5116 ipihé’w
2504 5061 2564 5096 τε
2592 5039 2683 5096 καὶ
2716 5036 3062 5112 διοικήσεων.
3097 5040 3318 5098 Κάτεισι
3347 5046 3474 5115 γοῦν
3498 5042 3580 5106 εἷς
3606 5043 3698 5099 τὸν
3731 5045 3883 5098 οἶκον

483 5138 777 5211 deposuit.
809 5138 954 5195 Inde
975 5139 1208 5210 quoties
1229 5154 1324 5193 res
1354 5137 1699 5210 postularet,
1725 5136 1800 5192 ad
1821 5136 2129 5192 tractanda

2244 5132 2431 5201 αὐτοῦ,
2464 5126 2749 5206 ἱδρυμένον
2777 5127 2913 5184 κατᾶ
2941 5130 3042 5199 τήν
3085 5128 3397 5207 κινστέρναν
3452 5133 3553 5201 τὴν
3599 5133 3881 5208 ’Δσπαρος

1660 5310 2027 5366 XYLANDRI
2066 5309 2153 5363 ET
2191 5305 2399 5363 GOARI
2441 5302 2663 5359 ΝΟΤᾸΞ.

554 5446 667 5521 (36)
700 5452 1211 5526 Magistrianorum
1243 5458 1302 5509 et
1348 5470 1692 5526 praaconum
1739 5453 2026 5526 prmfecti,
2061 5452 2134 5508 de

484 5532 605 5591 quo
636 5537 834 5591 supra.
866 5524 1041 5579 Gom.

556 5588 927 5673 (37)‘:”Atssp_.
963 5597 1269 5673 proprium
1308 5612 1561 5673 _nornen
1619 5596 1836 5669 ἀμηρᾶς
1895 5598 2132 5653 Sarace-

487 5658 639 5717 nicaa
654 5658 985 5732 dignitatis,
1002 5658 1169 5721 idést
1186 5666 1355 5722 ducis
1381 5684 1395 5721 :
1418 5667 1556 5741 ἆμερ
1567 5658 1817 5739 ιιοιὶμξὶῆς
1837 5673 1925 5723 est
1948 5684 2138 5724 sacro~

2246 5444 2815 5530 rumnprincipisnon
2830 5446 3139 5530 proprium
3153 5446 3256 5502 sed
3271 5446 3891 5530 appellativum._Gosn

2317 5517 2422 5599 (38)
2452 5517 2708 5599 Inferior
2736 5517 3076 5599 scholarum
3107 5517 3434 5599 domestico
3466 5518 3611 5599 (Iug,
3640 5521 3895 5599 qui_par-

2244 5598 2365 5648 tem
2398 5593 2627 5645 tantum
2676 5591 2974 5645 exercitus
3018 5595 3267 5663 regeret,
3302 5591 3359 5646 id
3413 5598 3503 5647 est
3552 5591 3892 5650 Thracicum

2248 5664 2468 5720 thema.
2509 5662 2690 5718 Goan.
