4130 6218
270 350 420 411 1041

1350 347 1903 409 HISTORIARUM
1949 343 2100 406 COM
2113 347 2459 411 PENDIUM
2469 395 2482 408 .

3521 347 3598 408 10
3614 349 3692 408 42

273 479 331 535 δν
382 480 472 535 καὶ
530 477 606 542 εἷς
664 481 909 550 σεμνεῖον
966 479 1189 552 ὕστερον
1269 477 1625 550 μετεσκεύασε
1681 479 1770 532 καὶ
1832 478 1922 532 τὸν

2056 481 2276 552 iegotia
2333 483 2476 538 ibat.
2521 485 2594 538 At
2655 482 2893 552 Bardas,
2956 483 3055 553 qui
3117 483 3449 538 Manuelum
3509 497 3690 552 opera

287 575 424 644 χοῦν
489 567 660 623 ἐκεῖσε
718 565 969 631 κατέθετο
1028 569 1160 639 (39).
1217 569 1450 631 Ἐκεῖθεν
1518 568 1769 622 ἑκάστοτε
1821 567 1934 640 ἀφ-

293 658 614 732 ικνούμενος
643 657 906 718 κοινωνὸς
938 655 1146 732 ἐγίνετο
1203 661 1311 712 τῶν
1371 655 1712 727 διοικήσεων.
1772 657 1935 712 Ἀπο-

280 747 598 819 σεισάμενος
629 743 686 800 δὲ
717 747 744 800 6
782 741 997 820 Βαρδας
1045 745 1135 800 τὸν
1194 744 1460 814 Μανουήλ
1521 747 1586 800 οὐ
1637 742 1707 799 δι’
1750 743 1936 816 αὐτοῦ,

279 837 426 892 ἀλλὰ
457 833 547 889 διὰ
577 839 675 889 τοῦ
707 833 1052 902 Θεοκτίστου,
1099 828 1322 888 ἔσπευδε
1374 837 1568 909 καιροῦ
1611 831 1936 907 δραξάμενος

285 925 481 982 ἀνύσαι
541 926 603 980 τὸ
662 922 1122 997 σπουδαζόμενον.
1183 922 1484 997 Ἐμπόδιον
1543 921 1589 978 δ’
1645 919 1792 998 ἔχειν
1847 924 1939 977 τὸν

293 1016 614 1071 Θεόκτιστον
687 1013 912 1075 εἰκότως
1000 1013 1269 1086 οἰόμενος,
1340 1011 1561 1068 ἔσπευδε
1626 1013 1718 1069 καὶ
1775 1012 1935 1067 αὐτὸν

284 1104 625 1175 ποιήσασθαι
710 1099 980 1172 ἐκποδὼν,
1044 1102 1107 1157 τὸ
1198 1100 1366 1157 πλέον
1422 1099 1468 1156 δ’
1524 1103 1606 1158 ’ὁτι
1667 1099 1933 1170 ὠνείδιζεν

291 1192 452 1248 αὐτὸν
487 1189 576 1246 διὰ
626 1194 726 1262 τὴν
785 1191 921 1265 πρὸς
980 1192 1079 1260 τήν
1139 1190 1342 1246 οῗκείαν
1397 1192 1616 1270 νύμφην
1672 1189 1936 1262 λαθραίαν

287 1282 535 1356 ὁμιλίαν.
606 1283 665 1334 Ὃ
728 1278 787 1336 δὶ
851 1281 1056 1356 τρόπος
1119 1288 1218 1349 τῆς
1301 1281 1668 1356 ἐγχειρήσεως
1742 1277 1940 1358 εἷ’ληφε

283 1372 548 1441 τοιαύτην
582 1370 785 1446 ἀρχήν.
817 1371 1062 1444 Ὑπῆρχε
1093 1374 1172 1442 τῷ
1215 1369 1430 1444 βασιλεῖ
1488 1368 1728 1448 Μιχαὴλ
1776 1365 1938 1424 παιδ-

291 1460 511 1535 αγωγὸς
541 1456 824 1536 ἆνᾶγωγός
881 1479 936 1512 τε
985 1459 1076 1512 καὶ
1119 1460 1380 1533 πονηρός·
1429 1463 1622 1514 τοῦτον
1677 1462 1786 1512 τῶν
1849 1459 1940 1532 βα-

289 1549 521 1608 σιλικῶς
556 1550 880 1621 ἀξιωμάτων
932 1547 1185 1622 ἅνωτέρω
1235 1549 1524 1625 ἀναγαγεῖν
1573 1547 1729 1620 ἠξίου
1769 1547 1797 1600 6
1840 1548 1938 1621 βα-

288 1637 494 1706 σιλεὺς,
525 1640 608 1710 [Ρ.
644 1639 771 1710 543]
799 1635 890 1690 καί
922 1637 997 1697 εἰς
1031 1636 1250 1712 μείζονα
1282 1644 1473 1706 στῆσαι
1515 1638 1686 1709 τιμὴν
1733 1639 1832 1706 τήν
1881 1655 1939 1689 τε

292 1727 505 1800 μητερα
559 1723 856 1799 παρεκάλει
907 1725 998 1778 καὶ
1050 1726 1144 1779 τὸν
1205 1727 1538 1781 Θεόκτιστον.
1591 1725 1706 1784 Οὐκ
1762 1719 1938 1780 ἔπειθε

290 1813 347 1871 δὲ
377 1815 469 1870 τὸν
526 1815 866 1882 Θεόκτιστον,
929 1838 958 1865 ‹‹
999 1814 1288 1884 Ἐπαξίως,
1349 1814 1599 1891 λέγοντα,
1656 1813 1781 1870 ἀλλ’
1841 1814 1939 1868 οὐκ

290 1903 519 1974 ἀναξίως
549 1905 615 1958 τὰ
653 1909 754 1972 τῆς
787 1901 1066 1977 βασιλείας
1116 1906 1228 1978 χρή
1286 1903 1623 1959 διοικεῖσθαι.
1652 1927 1680 1956 ››
1731 1909 1935 1961 Τοῦτον

293 1993 387 2048 οὗν
410 1993 504 2047 τὸν
540 1990 895 2068 παιδαγωγὸν
927 1988 1155 2066 ὄργανον
1184 1994 1212 2048 ὁ
1244 1991 1454 2067 Βάρδας
1485 1989 1670 2047 λαϐὼν
1698 1994 1936 2068 πονηρὸν

291 2081 392 2136 ούκ
439 2080 668 2136 ἐπαύετο
733 2079 935 2149 ζιζάνιά
991 2101 1113 2134 τινα
1151 2083 1285 2136 κατά
1339 2086 1437 2136 τοῦ
1493 2081 1813 2137 Θεοκτίστου
1868 2087 1937 2155 τῇ

287 2176 385 2225 τοῦ
421 2168 690 2244 βασιλέως
732 2168 1030 2244 ἐνσπείρειν
1067 2172 1242 2245 ψυχῇ,
1278 2175 1367 2224 νῦν
1405 2172 1497 2243 μὲν
1537 2169 1734 2246 λέγων,
1758 2172 1832 2235 ὡς
1861 2170 1939 2228 Οὐ

291 2260 480 2322 καλῶς
515 2261 886 2332 οἰκονομεῖται
917 2260 983 2314 τὰ
1014 2262 1186 2330 κοινα,
1217 2265 1307 2315 νῦν
1342 2258 1418 2329 δὲ,
1446 2262 1519 2323 ὡς
1551 2260 1814 2318 Βούλεται
1853 2261 1942 2329 τήν

298 2349 507 2425 μητέρα
539 2371 634 2405 σου
668 2346 821 2424 ἀνδρὶ
855 2349 1189 2422 συναρμόσαι
1219 2351 1252 2419 ἢ
1292 2352 1416 2424 μίαν
1469 2355 1578 2404 τῶν
1629 2355 1735 2405 σῶν
1781 2347 1942 2406 ἀδελ-

295 2446 433 2511 φῶν,
486 2439 576 2493 καὶ
637 2438 762 2500 τοὺς
824 2438 950 2500 σοὺς
997 2438 1236 2512 ἐξορύξαι
1296 2438 1638 2518 ὀφθαλμοὺς,
1697 2440 1786 2493 καὶ
1843 2446 1942 2508 τῆς

309 2527 587 2604 βασιλείας
621 2526 862 2597 ἐξεῶσαι.
896 2527 1077 2583 Ταῦτα
1126 2524 1182 2581 δὲ
1237 2532 1458 2582 πυκνῶσ
1493 2526 1710 2602 ἐνηχῶν
1773 2547 1941 2601 προσ-

306 2617 468 2672 ετίθει
501 2617 575 2678 ὡς
608 2617 978 2686 συνετωτάτης
1009 2614 1092 2671 δεῖ
1119 2616 1206 2670 καὶ
1255 2617 1522 2692 ταχίστης
1579 2615 1807 2692 βουλῆς.
1855 2617 1942 2678 Ὠς

296 2704 354 2761 δὲ
384 2705 654 2768 πολκάκις
687 2707 812 2782 περὶ
855 2711 952 2761 τοῦ
1007 2704 1172 2762 αὐτοῦ
1227 2710 1563 2783 συνήρχοντο
1622 2705 1946 2782 πράγματος

293 2797 384 2852 καὶ
445 2797 659 2870 σκέψεις
720 2795 1104 2864 προύτίοεσαν,
1160 2793 1417 2872 ἔγνωσαν,
1486 2795 1797 2852 τελευταῖον
1853 2799 1945 2852 τὸν

300 2881 621 2940 Θεόκτιστον
690 2887 1018 2956 ποιήσασθαι
1076 2884 1343 2943 ἐκπθδὼν.
1405 2883 1690 2943 Ἐδέδοκτο
1754 2890 1943 2956 ταῦτα,

295 2976 386 3029 καὶ
422 2975 588 3049 πέρας
628 2974 879 3043 ἐτυπώθη
913 2979 1162 3030 τοιοῦτον
1202 2973 1424 3040 δοθῆναι
1468 2981 1583 3036 τοῖς
1632 2974 1946 3050 βουλευθεῖ-

303 3084 406 3130 σιν,
442 3062 493 3118 ἐν
524 3069 606 3136 τῷ
659 3063 884 3137 μέλλειν
940 3064 1074 3138 πρὸς
1132 3065 1221 3119 τὸν
1285 3064 1586 3119 Δαυσιακὸν
1638 3063 1948 3138 ἐξέρχεσθαι

295 3153 390 3207 τὸν
419 3154 737 3208 Θεόκτιστον
773 3155 907 3226 μετὰ
950 3155 1048 3223 τήν
1079 3154 1186 3208 τῶν
1220 3155 1500 3229 ἀναφορῶν
1532 3151 1801 3224 διοίκησιν
1833 3154 1943 3226 (40)

297 3239 736 3307 ἐπακολουθῆσαι
774 3243 968 3317 μικρὸν
999 3243 1088 3297 τὸν
1127 3240 1377 3318 βασιλέα,
1425 3243 1513 3297 καὶ
1564 3247 1726 3298 τοῦτο
1777 3243 1940 3317 μόνον

311 3335 643 3406 ἀνακραγεῖν·
695 3355 721 3383 ‹‹
757 3332 952 3405 Ἀρατε
1010 3331 1196 3386 αὐτόν·
1233 3356 1259 3382 ››
1321 3333 1405 3392 Ὠς
1452 3330 1542 3386 οὖν
1573 3332 1601 3386 6
1631 3333 1949 3396 Θεόκτιστος

315 3417 645 3494 προέκυπτεν
679 3419 831 3490 ἐξιὼν
869 3419 934 3475 τό
993 3442 1049 3474 τε
1089 3418 1240 3484 δοθὲν
1287 3421 1537 3495 σύνθημα
1591 3419 1753 3499 ἔγνω,
1800 3426 1946 3500 φυγῇ

304 3511 404 3578 τήν
469 3507 740 3581 σωτηρίαν
797 3509 1301 3583 κραγματεύσασθαι
1362 3511 1542 3581 ᾠήθη.
1601 3513 1664 3568 Ἦ
1714 3514 1856 3588 φυγὴ
1892 3509 1950 3566 Si

309 3602 528 3678 γέγονεν
561 3599 709 3674 αύτῷ
738 3602 875 3676 πρὸς
902 3603 993 3656 τὸν
1025 3599 1372 3676 ἱππόδρομον
1406 3603 1540 3658 κατᾶ
1577 3603 1644 3658 τὰ
1692 3605 1946 3678 ἀσχκρη-

301 3690 420 3744 τεία
486 3692 614 3762 (41)·
684 3689 854 3744 ἐκεῖσε
919 3692 1024 3765 γὰρ
1088 3691 1212 3746 τότε
1308 3697 1422 3752 σοῖς
1496 3692 1828 3767 ἆσηκρήταις
1881 3693 1946 3761 ἦν

296 3780 665 3856 καταγώγιον.
719 3779 877 3836 Ἀλλ’
937 3780 1040 3835 ὑπὸ
1097 3780 1324 3836 πολλῶν
1385 3782 1412 3835 6
1472 3783 1554 3843 εἷς
1619 3781 1952 3861 συλληφθεὶς

307 3868 480 3942 μένειν
513 3870 970 3944 κατηναγκάζετο,
1031 3871 1379 3943 σπασαμένου
1429 3874 1526 3925 τοῦ
1574 3868 1755 3944 Βάρδα
1801 3871 1949 3948 ξίφος

297 3959 390 4013 καὶ
418 3958 626 4014 παίσειν
662 3957 1084 4020 ἑπαπειλοῦντος
1143 3959 1236 4013 τὸν
1286 3957 1553 4014 κωλύσειν
1584 3959 1619 4028 ἥ
1657 3960 1948 4034 βοηθήσειν

301 4047 749 4124 ἐπιχειρήσοντα.
810 4049 1008 4119 Ἥγετο
1072 4048 1166 4120 μὲν
1233 4047 1324 4102 οὖν
1386 4049 1523 4122 πρὸς
1597 4049 1663 4102 τὰ
1742 4047 1950 4119 Σκῦλα,

299 4145 512 4215 φρουρᾷ
541 4138 682 4200 τέως
738 4134 1274 4212 παραδοθησόμενος,
1339 4137 1537 4212 μέχρις
1595 4137 1654 4193 ἄν
1713 4140 1780 4193 τὰ
1835 4139 1952 4192 κατ’

302 4228 466 4281 αὐτὸν
515 4227 929 4300 ἀποφήνωνται.
988 4225 1163 4287 Τὲλος
1216 4230 1290 4298 μη
1343 4226 1613 4304 συμφέρον
1668 4229 1806 4282 εἶναι
1842 4227 1957 4302 κρί-

299 4336 483 4377 ναντες
557 4315 744 4376 αὐτοῖς
800 4316 862 4369 τὸ
923 4319 1020 4387 ζῇν
1079 4314 1240 4368 αὐτον
1292 4312 1397 4369 δέει
1453 4323 1553 4385 τῆς
1614 4316 1952 4392 Δύγούστης,

2045 571 2360 626 Theoctisti
2412 573 2496 627 sic
2545 573 2979 636 summovisset,
3040 578 3248 626 nactus
3293 571 3689 636 occasionem,

2048 661 2416 730 propositum
2474 678 2646 716 suum
2717 661 3003 732 perficere
3079 660 3307 714 nititur.
3365 661 3510 714 Cum
3577 657 3690 712 sibi

2048 748 2472 820 impedimento
2507 768 2633 806 esse
2665 751 3064 806 Theoctistum
3095 754 3348 820 putaret,
3373 749 3530 802 hunc
3551 764 3690 816 quo-

2048 855 2160 908 que
2219 840 2452 894 amoliri
2485 840 2760 908 intendit,
2817 840 3070 895 maxime
3131 839 3289 910 quod
3346 853 3479 891 cum
3538 853 3693 890 nuru

2047 930 2286 1001 pr0pria
2317 930 2604 1001 incestam
2655 930 3146 985 consuetudinem
3194 929 3244 982 is
3291 927 3404 982 sibi
3449 927 3696 998 objicie-

2046 1020 2166 1075 bat.
2214 1021 2526 1076 Hominem
2577 1019 2885 1076 adoriendi
2931 1020 3084 1074 hanc
3133 1018 3384 1089 arripuit
3431 1032 3690 1071 causam.

2049 1109 2406 1182 Paadagogus
2435 1115 2563 1164 erat
2587 1109 2927 1180 imperatori
2959 1109 3154 1164 malus
3199 1114 3256 1162 et
3285 1104 3693 1161 intractabilis.

2049 1200 2195 1253 Eum
2229 1216 2362 1254 cum
2393 1199 2565 1254 vellet
2595 1199 2920 1269 imperator
2951 1198 3199 1252 summis
3249 1197 3311 1250 in
3343 1195 3479 1250 aula
3507 1194 3694 1248 hono-

2048 1288 2213 1343 ribus
2245 1295 2422 1358 atque
2473 1287 2859 1360 dignitatibus
2899 1302 3131 1353 ornare,
3181 1290 3372 1339 mater
3420 1290 3478 1338 et
3509 1284 3698 1338 Theo-

2048 1377 2255 1431 ctistus
2278 1376 2845 1447 monebantimperii
2862 1391 3109 1430 munera
3129 1389 3235 1444 pro
3250 1372 3479 1426 meritis
3497 1377 3557 1425 et
3576 1387 3695 1425 non

2049 1465 2110 1520 in
2125 1465 2398 1536 indignos
2415 1482 2544 1520 esse
2566 1465 2942 1520 conferenda.
2963 1466 3111 1535 Ergo
3129 1463 3287 1517 hunc
3309 1456 3693 1532 paedagogum

2051 1571 2172 1609 sum
2203 1554 2484 1625 nequitias
2529 1555 2995 1608 instrumentum
3043 1556 3253 1606 nactus
3301 1549 3542 1612 Bardas,
3575 1563 3695 1602 non

2049 1645 2278 1700 destitit
2305 1646 2367 1699 in
2413 1646 2678 1700 animum
2731 1644 3106 1716 imperatoris
3156 1657 3363 1714 pravas
3408 1641 3479 1695 de
3509 1640 3695 1694 Theo-

2049 1735 2222 1791 ctisto
2264 1735 2524 1789 inserere
2573 1735 2904 1805 opiniones,
2952 1732 3128 1787 modo
3177 1730 3518 1802 signiﬁcans
3566 1744 3692 1782 rem

2047 1825 2198 1881 957
2262 1823 2560 1894 publicam
2611 1839 2730 1877 non
2804 1827 2962 1876 recte
3029 1818 3455 1884 administrari,
3518 1815 3692 1871 modo

2047 1914 2203 1968 hunc
2229 1912 2378 1966 velle
2408 1917 2660 1967 matrem
2685 1917 2786 1967 aut
2807 1928 2988 1966 unam
3018 1925 3288 1964 sororum
3319 1904 3696 1977 imperatoris

2045 2005 2296 2070 nuptum
2330 1998 2470 2053 dare
2521 2004 2578 2052 et
2619 1999 3042 2068 imperatorem
3097 1995 3284 2050 oculis
3323 1992 3695 2064 imperioque

2047 2087 2319 2160 spoliare.
2383 2089 2566 2156 Atque
2625 2087 2718 2140 his
2775 2085 3012 2140 vocibus
3077 2101 3252 2139 aures
3321 2079 3698 2152 imperatoris

2049 2176 2256 2232 crebro
2288 2192 2639 2248 personans,
2690 2174 2943 2229 addebat
2995 2190 3142 2245 opus
3203 2189 3332 2227 esse
3383 2169 3696 2226 celerrimo

2047 2265 2556 2334 callidissimoque
2590 2264 2858 2318 consilio.
2883 2265 3027 2318 Cum
3051 2277 3462 2333 smpenumero
3494 2259 3564 2314 de
3587 2258 3699 2312 hac

2047 2372 2110 2409 re
2143 2359 2500 2408 conventum
2531 2352 3045 2422 deliberatumque
3091 2355 3268 2414 esset,
3301 2348 3540 2403 tandem
3573 2352 3696 2401 sta-

2049 2449 2243 2499 tutum
2277 2449 2366 2496 est
2397 2441 2728 2496 tollendum
2761 2456 2892 2494 esse
2938 2456 2968 2493 e
3010 2439 3204 2493 medio
3251 2437 3650 2491 Theoctistum
3681 2448 3694 2496 ;

2048 2539 2248 2606 itaque
2282 2531 2675 2605 compositum
2708 2533 3032 2605 negotium,
3066 2537 3129 2586 ut
3169 2545 3303 2585 cum
3335 2529 3407 2583 ad
3455 2527 3695 2582 Lausia-

2050 2643 2185 2681 cum
2245 2625 2509 2678 exiturus
2567 2627 2722 2676 esset
2777 2621 3147 2677 Theoctistus
3217 2625 3349 2674 acta
3401 2615 3694 2673 referendi

2049 2715 2260 2788 gratia,
2289 2729 2442 2784 pone
2473 2713 2798 2782 imperator
2823 2727 3078 2781 sequens
3107 2710 3219 2764 hoc
3241 2713 3472 2763 tantum
3497 2705 3700 2760 vocife-

2051 2809 2306 2872 raretur,
2339 2825 2365 2852 «
2414 2801 2623 2856 Tollite
2682 2801 2862 2855 hunc.
2895 2821 2924 2848 »
2973 2798 3343 2854 Theoctistus
3401 2795 3603 2850 exiens
3643 2798 3702 2848 et

2052 2891 2488 2963 aliquantulum
2562 2906 2928 2962 progressus,
2989 2894 3055 2943 ut
3128 2884 3400 2958 cognovit
3467 2885 3703 2953 signum

2053 2983 2279 3051 datum,
2307 2981 2443 3051 fuga
2463 2979 2716 3034 salutem
2739 2993 2948 3050 parare
2968 2981 3216 3032 conatus
3237 2989 3438 3029 versus
3469 2974 3704 3028 Circum

2053 3072 2128 3128 ad
2155 3071 2379 3126 curiam
2411 3069 2516 3140 (ibi
2551 3069 2709 3123 enim
2741 3072 2883 3123 tunc
2933 3064 3268 3122 secretariis
3318 3069 3445 3119 erat
3473 3062 3705 3131 domus)

2055 3178 2234 3217 cursu
2264 3158 2595 3215 contundit.
2621 3157 2733 3212 Sed
2764 3173 2919 3211 unus
2950 3172 2984 3210 a
3005 3155 3210 3211 multis
3236 3152 3705 3222 comprehensus

2056 3266 2300 3307 manere
2331 3255 2571 3304 coactus
2601 3254 2708 3317 est,
2745 3247 2934 3302 Barda
2964 3246 3164 3300 stricto
3213 3244 3406 3316 gladio
3447 3243 3705 3297 icturu'm

2059 3358 2121 3396 se
2143 3344 2428 3409 minante,
2453 3338 2500 3392 si
2523 3337 2657 3407 quis
2679 3335 2911 3390 obstare
2935 3339 3035 3389 aut
3055 3333 3372 3388 defendere
3401 3330 3705 3384 hominem

2057 3432 2334 3484 tentaret.
2367 3427 2455 3481 Ad
2513 3425 2684 3496 Scyla
2741 3441 2877 3496 ergo
2909 3423 3121 3478 ductus
3181 3425 3289 3485 est,
3335 3421 3395 3474 in
3436 3417 3707 3473 custodia

2059 3519 2351 3590 tantisper
2379 3514 2772 3571 asservandus
2817 3513 2958 3567 dum
2991 3512 3062 3566 de
3114 3512 3242 3583 ipso
3281 3511 3536 3564 ferretur
3567 3523 3706 3562 sen-

2058 3609 2263 3663 tentia.
2296 3605 2554 3660 Tandem
2586 3620 2720 3658 cum
2752 3619 2872 3657 non
2903 3601 3201 3656 videretur
3245 3616 3314 3654 ex
3345 3615 3454 3653 usu
3485 3601 3550 3651 ut
3581 3595 3711 3650 diu-

2060 3697 2178 3752 tius
2199 3697 2438 3760 viveret,
2468 3710 2540 3746 ne
2572 3691 2714 3762 quid
2745 3693 3006 3762 Augusta
3037 3689 3367 3756 moliretur,
3393 3685 3711 3755 quemdam

2061 3803 2129 3840 ex
2161 3783 2472 3839 sodalitate
2503 3781 2748 3835 mittunt
2779 3779 2879 3850 qui
2910 3777 3106 3849 gladio
3135 3775 3442 3830 hominem
3471 3773 3716 3827 obtrun-

2061 3878 2172 3928 cet.
2205 3871 2574 3925 Theoctistus
2603 3868 2758 3925 958
2795 3867 3000 3921 stricto
3045 3880 3186 3919 ense
3236 3863 3393 3917 hunc
3423 3861 3486 3915 in
3532 3877 3594 3915 se
3629 3860 3716 3913 ire

2060 3977 2312 4016 cernens
2345 3957 2599 4013 evitandi
2654 3958 2806 4012 ictus
2854 3970 3031 4010 causa
3075 3965 3383 4008 scamnum
3414 3947 3716 4020 quoddam

2061 4050 2243 4105 subiit
2271 4066 2283 4102 :
2318 4049 2421 4102 sed
2452 4048 2629 4118 periit
2657 4052 2856 4100 ventre
2888 4045 2969 4098 ita
2994 4043 3300 4097 vulnerato
3332 4045 3397 4092 ut
3426 4036 3716 4091 intestina

2062 4138 2531 4195 effunderentur.
2577 4135 2764 4206 Hujus
2822 4133 3066 4187 interitu
3111 4128 3346 4201 cognito
3406 4123 3715 4179 Manuelus

2064 4229 2264 4284 statim
2292 4228 2354 4280 in
2385 4226 2581 4280 aulam
2604 4224 2766 4278 venit
2790 4239 2803 4288 ;
2827 4224 3131 4292 ferturque
3163 4218 3236 4273 ad
3267 4215 3522 4270 Bardam
3545 4212 3717 4282 quasi

2063 4317 2261 4372 divino
2287 4317 2486 4371 furore
2519 4313 2787 4369 concitus
2817 4311 3034 4365 dixisse
3062 4326 3074 4362 :

296 4401 636 4478 ἐκπέμπουσι
693 4425 812 4458 τινα
861 4408 970 4457 τῶν
1029 4409 1128 4471 τῆς
1186 4402 1450 4477 ἑταιρείας
1511 4407 1621 4477 (42)
1674 4389 1875 4480 γυμνὸν
1935 4404 2198 4460 ἐπισεῖσαι
2248 4403 2311 4458 τὸ
2368 4401 2517 4480 ξίφος
2594 4401 2764 4471 αὐτῷ.
2817 4396 2985 4458 Οὗτος
3052 4396 3255 4473 ξιφήρη
3331 4392 3424 4446 τὸν
3504 4389 3716 4465 ἂνθρωε

1492 4505 1859 4561 XYLANDRI
1899 4506 1984 4559 ET
2024 4503 2240 4559 GOARI
2283 4503 2508 4558 ΝΟΤᾸΞ.

373 4599 487 4671 _(39)
519 4599 705 4671 Credo
739 4601 819 4655 ita
845 4600 1315 4671 intelligendam,
1349 4601 1603 4657 voluisse
1624 4603 1956 4657 Manuelum
1989 4605 2036 4668 D
2067 4606 2186 4656 tam
2237 4601 2540 4671 aerarium!
2571 4596 3043 4671 administrasse,
3096 4599 3286 4671 atque
3327 4590 3460 4671 ide_o
3517 4601 3716 4671 coram

303 4667 384 4722 ibi
420 4670 678 4739 sepeliri.
715 4672 852 4726 XYL.

370 4740 490 4819 μθ)
521 4740 660 4819 Q_uaa
690 4742 751 4819 in
782 4748 991 4796 senatu
1031 4742 1307 4819 a_ut_alias
1337 4749 1718 4819 acta_essent,
1764 4745 1952 4799 Theo-

303 4813 516 4863 ctistus
546 4813 865 4867 Tlieodorze
898 4819 1024 4866 erat
1055 4814 1437 4870 indicaturus.
1467 4816 1559 4870 Sic
1583 4823 1643 4870 et
1673 4818 1951 4882 Zonaras,

305 4896 649 4961 quanquam
683 4884 922 4961 ἀναφοραὶ
955 4885 1219 4961 fortassis
1277 4886 1504 4961 aliquid
1553 4887 1712 4942 aliud
1763 4892 1956 4961 potest

305 4952 662 5032 significare,
700 4952 925 5032 reditus
953 4955 1235 5008 nimirum
1259 4952 1526 5032 publicos
1551 4979 1563 5020 ;
1591 4952 1841 5029 quorum
1865 4958 1954 5012 di-

303 5023 584 5100 ligentem
615 5029 869 5098 gessisse
904 5042 1129 5100 curam.
1181 5023 1377 5100 et'rei
1428 5023 1677 5100 publica}
1724 5029 1953 5094 utilem,

304 5095 796 5175 Theodoram,_ex
819 5097 1048 5175 eodem
1081 5097 1286 5166 liquet.
1322 5095 1628 5175 Sed—prius
1682 5102 1953 5175 prmfero,

307 5167 449 5236 quia
471 5167 550 5243 de
583 5171 783 5226 Bai-dae
816 5169 1061 5243 interitu
1091 5184 1225 5222 cum
1257 5167 1703 5243 agitur—postea}
1747 5172 1953 5227 eadem

305 5239 518 5318 vox__sic
539 5249 832 5318 _usurpata
865 5247 968 5318 est.
1006 5241 1143 5294 XYL.
1180 5269 1246 5279 -—
1269 5239 1423 5318 Actq
1445 5239 1724 5312 rcferendi
1770 5246 1956 5318 gratia

304 5313 489 5389 vertit
538 5313 850 5389 Xylander.
903 5313 1186 5389 Quaanam
1238 5313 1426 5389 acta?
1466 5331 1630 5389 _non_
1677 5315 1951 5389 explicat.

307 5381 529 5455 I_)_einde
561 5381 898 5455 profecturo
935 5383 1176 5453 quidem
1203 5381 1276 5436 ad
1298 5383 1584 5453 palatium
1611 5381 1954 5455 Laus—iacula

308 5452 640 5538 Tlieqctisto
664 5452 978 5538 logotheta;
1002 5470 1163 5538 mors
1187 5452 1313 5538 erat
1330 5463 1560 5537 parata:
1590 5474 1786 5511 verum
1823 5454 1954 5526 μετὰ

307 5525 408 5585 τήν
439 5525 706 5604 διοίκησιν
731 5525 855 5596 post
905 5527 1350 5604 administratum
1390 5529 1512 5596 jam
1565 5545 1778 5590 munus.
1826 5525 1956 5580 non

311 5595 476 5660 quasi
513 5596 570 5650 in
601 5595 864 5652 fului-um
896 5604 1018 5651 acta
1051 5596 1110 5648 in
1147 5595 1424 5651 Lausiaco
1457 5599 1734 5655 relaturus
1764 5599 1956 5653 adhuc

312 5663 483 5721 foret.
511 5667 700 5722 Satius
731 5670 933 5724 dixero
976 5665 1376 5722 Theoctistum
1407 5668 1565 5725 hunc
1595 5678 1662 5726 ut
1691 5670 1958 5743 logothe-

2066 4673 2424 4743 imperatore
2455 4669 2548 4725 vel
2580 4671 2710 4743 ejus
2742 4668 2991 4743 consilio
3022 4657 3194 4743 ςπερῖ
3221 4669 3321 4743 τῆς
3371 4664 3498 4743 τῶν.
3525 4657 3719 4743 ἀναφο-

2065 4729 2175 4814 ρῶῖι
2227 4739 2549 4810 διοικήσεως
2590 4729 2685 4814 de
2721 4740 2891 4814 regiis
2938 4729 3204 4814 reditibus
3256 4729 3305 4789 ει
3359 4729 3717 4814 vectigalibus

2065 4802 2303 4885 illisque
2332 4802 2490 4869 recte
2533 4802 3021 4885 administrandis
3069 4809 3358 4885 disserere
3391 4802 3665 4884 debuisse
3697 4813 3709 4862 ;

2065 4903 2180 4956 quo
2211 4875 2500 4956 .peracto,
2559 4883 2693 4955 μετά
2746 4883 2844 4956 τὴν
2903 4879 3170 4956 διοίκησιν
3225 4881 3354 4940 τῶν,
3401 4875 3708 4956 ἀναφορῶν,

2063 4944 2448 5012 άάηιὶήὶειναιο
2491 4944 2747 5017 ’τηὶιηενιῂ
2805 4944 2868 5006 in
2935 4950 3281 5021 Lausiacum
3335 4944 3708 5021 profecturus

2066 5034 2229 5093 erat;
2263 5046 2378 5099 quo
2426 5029 2486 5082 in
2539 5015 2750 5099 itinere
2783 5040 2957 5099 “mors
3011 5019 3349 5099 parabatur.
3393 5015 3709 5099 ’ᾼνατῆορῶν

2064 5081 2390 5170 αιιὶοέῐιἯὶο
2421 5081 2548 5170 lego
2580 5091 2927 5170 dn6_105_&v_
2951 5081 3144 5170 αφορά.
3181 5085 3503 5170 Alia_enim
3535 5081 3714 5134 dictio

2066 5109 2262 5155 autem
2294 5109 2390 5155 hic
2421 5109 2548 5170 lego
2580 5109 2685 5149 απο
2717 5113 2812 5145 του
2843 5111 2904 5144 αν
2951 5109 3144 5212 epeia.
3181 5109 3312 5144 Λιιᾶ
3343 5109 3503 5140 enim
3535 5109 3714 5134 υιυιιυ

2066 5169 2355 5244 ἀναφορον,
2380 5171 2626 5240 ejusque
2651 5162 2875 5244 plurale
2903 5161 3034 5244 ἀναφ
3076 5179 3181 5232 ρων
3210 5158 3442 5244 nullum

2069 5227 2263 5312 potest
2293 5227 2670 5312 coni'pon‘ere‘.
2694 5235 2848 5312 _Yide
2881 5227 3205 5312 auctorem,
3236 5247 3292 5312 p'.
3327 5231 3451 5282 555.
3486 5227 3660 5280 Gon.

2141 5315 2256 5381 (41)
2289 5313 2392 5366 Ubi
2429 5302 2729 5381 secretarii
2763 5302 3213 5381 conveniebant.
3247 5302 3383 5381 va‘.
3418 5369 3452 5381 μ’
3669 5365 3680 5376 ,

2136 5369 2248 5450 (42ἶ
2266 5384 2435 5435 Forte
2454 5397 2520 5434 ex
2543 5379 2684 5450 suis,
2710 5378 2810 5446 qui
2833 5377 2893 5430 in
2915 5391 3124 5450 necem
3142 5369 3455 5450 'l‘beoctisti
3479 5369 3714 5450 conspi-

2067 5440 2272 5506 rasset.
2288 5452 2562 5522 Alioquin
2585 5440 2840 5520 ἑταιρεῖαι
2860 5445 3377 5522 suntsodalitates,
3398 5440 3456 5494 id
3476 5444 3566 5494 est
3585 5454 3713 5492 cer-

2069 5528 2162 5576 tus
2177 5518 2554 5578 militum-seu
2569 5518 2914 5591 stipatorum
2930 5518 3247 5591 aulicorum
3265 5520 3720 5591 ccetus,quarum

2065 5595 2294 5649 mentio
2319 5612 2442 5650 non
2469 5580 2838 5663 infrequens.
2864 5591 3005 5663 ΧΠ..
3034 5619 3102 5630 νη-
3123 5586 3438 5663 Xylander,
3461 5580 3529 5638 ea:
3542 5580 3715 5663 soda-

2067 5666 2224 5720 litate
2248 5684 2268 5730 ;
2291 5682 2396 5738 ego
2417 5684 2488 5721 ex
2509 5654 2912 5732 conifarderatis
2931 5661 3074 5732 imp.
3098 5654 3509 5714 militantibus.
3537 5654 3712 5708 ϐολῇ.
