4126 6220
429 326 585 388 1043

1778 318 2099 380 GEORGII
2142 314 2489 377 CEDBENI

3687 300 3863 361 1044

427 480 528 516 πον
587 456 805 537 ἐπιόντα
861 452 991 510 ἰδὼν
1053 451 1217 508 ὑπέδυ
1275 453 1509 525 σκάμνον
1567 452 1685 507 τινὰ
1740 454 1839 520 τὴς
1897 450 2119 526 πληγὴν
2180 449 2516 525 βουλόμενος
2578 448 2843 525 ἐκφυγεῖν
2905 443 3053 500 ἀλλὰ
3107 441 3321 517 καιρίαν
3406 438 3546 494 κατᾶ
3604 438 3856 512 γαστέρα

434 551 670 621 πληγεὶς
725 534 835 601 τῶν
892 543 1130 619 ἐγκάτων
1191 541 1528 615 ἐκχυθέντων
1588 542 1735 613 αὖτῷ
1800 539 2044 615 παρεδόη
2106 543 2334 613 θανάτῳ,
2395 539 2496 595 Καὶ
2555 538 2582 592 ὁ
2646 536 2739 609 μὲν
2792 534 3116 592 Θεόκτιστος
3203 530 3439 607 ἀνῃρέθη
3497 531 3699 583 τοῦτον
3756 527 3856 579 τὸν

433 640 659 713 τρόπον,
697 637 796 704 τὴν
831 632 888 689 δὲ
912 634 1179 707 ἀναίρεσιν
1223 632 1389 686 αὐτοῦ
1443 631 1747 705 πυθόμενος
1784 632 1809 684 ὁ
1844 630 2110 698 Μανουήλ
2154 628 2308 691 εὐθὺς
2351 628 2452 697 ἧκε
2500 626 2634 702 πρὸς
2689 624 2755 680 τὰ
2809 621 3076 696 βασίλεια,
3126 621 3216 679 καὶ
3263 619 3441 691 ὥσπερ
3492 616 3858 674 ἐνθουσιάσας

438 728 609 786 εἰπεῖν
640 727 857 803 Λέγεται
885 724 1021 798 πρὸς
1053 724 1143 776 τὸν
1174 719 1406 795 Βάρδανι

549 852 724 910 Semel
752 867 873 906 ense
904 850 1152 907 districto
1182 849 1245 903 in
1280 847 1575 901 Theoctisti
1600 861 1805 917 necem,

552 924 897 990 Quotidianis
922 923 1205 988 accingere
1227 935 1397 990 porro
1429 918 1687 973 caedibus.

515 1055 563 1108 Α
594 1055 784 1106 morte
814 1047 1126 1103 Thesctisti
1170 1045 1390 1107 Bardas
1444 1043 1693 1105 caniclei
1751 1043 2099 1114 dignitatem

447 1144 509 1201 in
541 1158 603 1199 se
634 1137 956 1203 transtulit.
982 1134 1287 1191 Theodora
1314 1138 1533 1199 autem,
1558 1133 1818 1193 facinore
1843 1131 2099 1201 cognito,

446 1230 636 1307 passis
687 1226 1038 1291 criminibus
1082 1240 1187 1296 per
1244 1222 1469 1295 regiam
1520 1222 1804 1279 discurrit
1853 1235 2102 1291 eamque

449 1317 728 1389 implevit,
765 1316 953 1379 ﬁlium
981 1321 1039 1370 et
1059 1315 1303 1371 fratrem
1325 1311 1605 1371 conviciis
1630 1310 1894 1380 dirisque
1927 1326 2105 1381 agens

449 1409 823 1477 similemque
849 1406 933 1461 eis
960 1403 1268 1463 interitum
1292 1402 1649 1472 imprecaris.
1678 1400 1785 1464 Qui
1818 1416 1951 1454 cum
1976 1400 2107 1468 ejus

447 1514 568 1554 non
584 1496 807 1555 ferrent
825 1492 1307 1557 convicia,Barda
1321 1491 1559 1549 interim
1576 1505 1748 1543 suum
1766 1489 2103 1549 institutum

446 1591 717 1659 urgente,
732 1585 803 1641 de
818 1601 885 1647 ea
899 1598 1136 1654 quoque
1156 1580 1418 1639 tollenda
1436 1579 1787 1650 cogitarunt,
1806 1582 1868 1631 ut
1890 1576 2105 1637 deinde

448 1678 635 1741 libere
659 1692 726 1731 ac
746 1673 987 1735 nemine
1010 1672 1283 1727 obstante
1305 1686 1408 1740 pro
1433 1685 1537 1725 suo
1561 1668 1761 1723 omnia
1787 1683 1957 1738 agere
1980 1684 2111 1738 pos-

453 1772 585 1824 sent
613 1765 877 1821 arbitrio.
914 1761 1079 1828 Quod
1103 1776 1238 1815 cum
1259 1756 1751 1829 deprehendisset
1779 1755 2107 1821 Theodora,

452 1862 519 1913 ut
548 1860 675 1910 erat
705 1853 922 1909 mulier
955 1866 1152 1923 sagax,
1185 1847 1583 1913 resistendum
1617 1862 1736 1900 non
1768 1852 1916 1913 rata,
1952 1844 2109 1915 quod

457 1945 648 2003 caedes
692 1949 751 1999 et
800 1940 1104 2013 sanguinis
1153 1939 1449 2001 fusionem
1502 1935 1871 2000 formidaret,
1906 1935 2111 1991 statuit

459 2032 796 2091 divitiarum
820 2030 880 2087 in
900 2029 1121 2100 regiam
1140 2032 1549 2097 congestarum
1572 2040 1858 2080 summam
1877 2023 2109 2081 senatui

462 2135 711 2191 expone,
744 2123 810 2171 ut
841 2122 905 2171 et
928 2117 1035 2175 filii
1066 2114 1512 2191 profusionibus
1544 2115 1806 2169 obstaret
1855 2118 1913 2168 et
1942 2128 2109 2169 suam

2348 840 2524 916 Ξίφος
2555 838 2847 913 γυμνώσας
2879 836 2953 897 εἶς
2984 833 3303 891 Θεοκτίστου
3332 832 3521 956 ἱόνον,

2349 910 2584 956 "nn-llr:
2616 910 2806 956 σαυτὸν
2840 907 2915 956 εἷς
2948 906 3152 956 σφαγὰς
3182 905 3302 956 καθ’
3360 902 3521 956 ιυέῦω

2349 902 2584 980 ’Όπλιζέ
2616 902 2806 963 σαυτὸν
2840 907 2915 969 εἷς
2948 906 3152 985 σφαγὰς
3182 905 3302 971 καθ’
3332 902 3566 976 ἡμέραν,

2279 1037 2427 1094 Μετὰ
2480 1032 2537 1090 δέ
2591 1036 2691 1103 τὴν
2748 1036 2847 1087 τοῦ
2904 1032 3229 1086 Θεοκτίστου
3289 1027 3497 1105 σφαγὴν
3559 1026 3587 1079 ὁ
3649 1021 3870 1099 Βᾶρόας

2208 1127 2307 1195 τήν
2339 1129 2436 1181 τοῦ
2485 1120 2798 1180 κανικλείου
2856 1122 3026 1194 τιμὴν
3091 1119 3168 1180 εἰς
3223 1117 3409 1172 ἑαυτὸν
3461 1108 3867 1185 ἀνελάμϐανεν.

2207 1218 2269 1273 ἸΙ
2307 1213 2527 1290 βασιλὶς
2569 1210 2625 1268 δὲ
2686 1208 2939 1281 Θεοδώρα
2996 1209 3072 1270 ὼς
3125 1203 3322 1282 ᾔσθετο
3377 1209 3485 1259 τῶν
3545 1201 3875 1279 πεπραγμέ-

2208 1328 2339 1371 νων,
2377 1303 2679 1374 λυσίκομός
2735 1321 2817 1361 τις
2877 1293 2985 1362 ἔθει
3045 1297 3134 1353 καὶ
3194 1294 3450 1369 ὀδυρμῶν
3503 1290 3757 1364 ἐπλήρου
3814 1292 3879 1345 τὰ

2214 1393 2488 1470 βασίλεια,
2522 1390 2867 1467 ἀμφοτέρους
2899 1409 2955 1442 τε
2984 1387 3077 1441 τόν
3105 1407 3164 1441 τε
3193 1384 3307 1438 υἱὸν
3339 1383 3430 1438 καὶ
3483 1383 3576 1436 τὸν
3628 1378 3874 1455 ἀδελφὸν

2213 1468 2404 1560 λόγοις
2437 1478 2819 1540 όνειδιστικοῖς
2849 1478 2938 1532 καὶ
2973 1477 3128 1549 ἀραῖς
3162 1468 3441 1529 ὑπέϐαλλε
3467 1470 3556 1526 καὶ
3612 1473 3873 1525 τοιοῦτον

2213 1573 2438 1638 θάνατον
2468 1571 2729 1644 ὑποσχεῖν
2759 1570 3056 1642 κατηρᾶτο.
3115 1565 3183 1621 Ol
3243 1560 3302 1617 ὂὶ
3335 1561 3464 1622 τοὺς
3516 1557 3869 1631 ὀνειδισμοὺς

2210 1661 2412 1731 ταύτης
2495 1661 2568 1733 μή
2629 1660 2901 1737 φέροντες,
2960 1657 3073 1727 ἅμα
3132 1650 3190 1707 δὲ
3250 1650 3339 1706 καὶ
3400 1651 3427 1704 ὁ
3488 1644 3700 1721 Βᾶρδας
3752 1651 3869 1701 τῶν

2213 1752 2347 1807 αατὰ
2393 1750 2591 1804 σκοπὸν
2648 1745 2936 1821 ἐχόμενος,
2998 1742 3236 1818 ἔγνωσαν
3293 1740 3383 1795 καὶ
3438 1738 3640 1805 ταύτην
3701 1739 3873 1805 ποιή-

2214 1852 2401 1903 σασθαι
2434 1835 2678 1893 ἐκποδὼν
2706 1835 2795 1891 καὶ
2828 1832 3022 1888 λοιπὸν
3084 1829 3256 1891 ἀδεῶς
3304 1829 3396 1884 καὶ
3448 1823 3871 1899 ἀνεμποδίστως

2213 1931 2274 1986 τὸ
2326 1926 2516 1984 δοκοῦν
2576 1924 3016 1999 διαπράττεσθαι.
3074 1922 3248 1994 ’Ὁπερ
3307 1917 3480 1987 ἐκείνη
3540 1916 3879 1992 καταφωρά-

2214 2041 2348 2075 σασα
2404 2017 2515 2091 (καὶ
2571 2018 2674 2090 γὰρ
2743 2014 2809 2083 ἦν
2870 2010 3000 2067 ἰδεῖν
3065 2010 3156 2065 καὶ
3216 2008 3584 2082 στοχάσασθαι
3637 2002 3865 2077 δυνατῆ)

2214 2107 2587 2178 ἀντιπράττειν
2624 2103 2718 2175 μὲν
2781 2101 2880 2157 οὐκ
2937 2101 3075 2172 ᾤετο
3136 2096 3271 2167 δεῖν,
3333 2098 3418 2170 [Ρ.
3480 2096 3606 2168 544]
3667 2095 3870 2171 φόνους

462 2182 1043 2271 adininiStrationem
1068 2182 1442 2275 praedicaret.
1479 2204 1689 2257 Vocato
1719 2217 1855 2271 ergo
1886 2201 1948 2257 in
1980 2216 2112 2256 con-

2223 2198 2304 2254 καὶ
2340 2196 2526 2271 χόσεις
2555 2195 2801 2265 αἱμάτων
2861 2188 3219 2264 ἐκφεύγουσα,
3268 2187 3358 2241 τὸν
3421 2182 3465 2238 δ’
3518 2183 3875 2253 ἐναποκείμε-

463 2298 696 2355 cionem
728 2299 958 2362 senatu,
992 2310 1191 2355 coram
1223 2292 1385 2350 clara
1414 2308 1570 2361 voce,
1602 2313 1630 2341 ‹‹
1657 2291 1795 2349 Auri
1835 2312 1860 2339 ››
1894 2290 2111 2360 inquit,

464 2408 491 2438 ι(
524 2403 573 2441 Ρ.
609 2403 657 2440 c.
693 2383 1034 2445 centenaria
1064 2383 1227 2437 mille
1255 2398 1322 2437 ac
1351 2384 1441 2449 90,
1463 2380 1685 2451 argenti
1722 2379 1794 2437 ad
1830 2386 1919 2435 ter
1950 2378 2116 2434 mille

463 2476 525 2532 in
582 2476 791 2531 aerario
850 2473 1234 2546 imperatorio
1285 2472 1546 2542 reposita
1601 2475 1762 2534 sunt,
1816 2468 2034 2539 partim
2083 2484 2118 2522 a

460 2568 673 2622 marito
707 2582 860 2631 meo,
912 2564 1127 2634 partim
1178 2566 1310 2632 post
1343 2564 1471 2629 ejus
1524 2559 1751 2614 obitum
1783 2576 1816 2613 a
1849 2575 1940 2613 me
1975 2574 2118 2612 con—

459 2661 643 2730 gesta.
678 2654 872 2709 Multae
895 2653 1048 2709 950
1073 2666 1308 2722 quoque
1336 2655 1624 2720 praeterea
1656 2654 1715 2701 et
1742 2647 1917 2705 varias
1952 2661 2114 2716 opes.

458 2745 525 2799 Id
555 2759 755 2799 coram
804 2741 971 2801 vobis
1019 2740 1082 2795 in
1132 2735 1450 2809 praesentia
1492 2737 1677 2806 jacto,
1724 2740 1790 2789 ut
1839 2751 1911 2789 ne
1945 2734 2116 2789 facile

460 2832 609 2889 fides
640 2846 771 2889 meo
802 2828 925 2889 ﬁlio
958 2826 1309 2898 imperatori
1339 2830 1530 2879 vestro
1553 2824 1865 2893 habeatur,
1901 2824 1948 2885 si
1984 2829 2121 2894 post

463 2936 663 2977 meum
696 2935 727 2975 e
757 2918 919 2991 regia
947 2916 1279 2978 discessum
1313 2914 1472 2971 dicat
1496 2931 1587 2974 me
1621 2914 1841 2986 regiam
1876 2914 2115 2985 inopem

463 3009 801 3081 reliquisse.
854 3028 881 3057 ››
942 3006 1128 3061 Simul
1176 3011 1236 3061 et
1287 3010 1612 3078 quaestores
1672 3003 1864 3061 aerarii
1911 3002 2116 3061 adesse

457 3100 660 3175 jussit,
695 3098 795 3171 qui
826 3096 1001 3157 verba
1033 3095 1221 3167 ipsius
1246 3111 1383 3150 vera
1412 3110 1541 3150 esse
1573 3094 1769 3149 testati
1803 3098 1959 3155 sunt.
1987 3094 2121 3149 Pro-

464 3190 602 3251 inde
635 3188 918 3247 salutario
953 3190 1185 3249 senatu,
1214 3183 1375 3241 omni
1409 3199 1469 3237 se
1499 3182 1804 3239 functione
1841 3187 1899 3235 et
1929 3180 2120 3235 admi-

469 3277 820 3341 nistratione
853 3273 1141 3333 abdicavit
1172 3271 1513 3343 palatioque
1546 3269 1816 3324 excessit.

2220 2307 2306 2340 vov
2345 2268 2473 2343 τοῖς
2532 2280 2854 2353 ἀνακτόροις
2919 2274 3157 2336 πλοῦτον
3217 2268 3394 2347 ἔκρινε
3447 2273 3516 2343 τῇ
3578 2268 3878 2340 συγκλήτῳ

2221 2373 2552 2443 ποιήσασθαι
2584 2369 2834 2442 φανερὸν,
2866 2370 2965 2423 τοῦ
3015 2384 3072 2418 τε
3127 2364 3247 2416 υἱοῦ
3298 2362 3396 2429 τὴν
3444 2361 3648 2434 ἀκρατῆ
3703 2355 3880 2411 δαπα-

2221 2484 2320 2533 νην
2347 2458 2639 2515 κωλύουσα
2693 2456 2783 2512 καὶ
2828 2456 2927 2522 τήν
2989 2449 3132 2506 ίδίαν
3194 2450 3513 2521 οἰκονομίαν
3573 2447 3885 2521 κηρόττου-

2224 2574 2310 2608 σα.
2357 2553 2462 2619 Τὴν
2522 2545 2829 2619 σύγκλητον
2890 2544 2981 2597 οὖν
3043 2539 3450 2608 ἐκκλησιάσασα
3506 2536 3596 2591 καὶ
3651 2535 3732 2598 εἰς
3788 2535 3883 2590 ἐπ-

2225 2645 2389 2713 ήκοον
2424 2644 2591 2697 στᾶσα
2620 2635 2907 2694 τοιούτους
2938 2628 3175 2687 ἀπέδοτο
3224 2627 3445 2702 λόγους
3485 2650 3512 2677 ‹‹
3552 2623 3724 2682 Χίλια
3757 2626 3881 2696 μὲν,

2225 2711 2269 2786 ῶ
2326 2728 2574 2803 πατέρες,
2632 2729 2766 2799 πρὸς
2837 2728 2954 2785 τοῖς
3039 2719 3391 2788 ἐννενήκοντα
3461 2720 3541 2787 τῷ
3604 2711 3884 2784 βασιλικῷ

2222 2802 2474 2893 ταμιείῳῗ
2515 2818 2722 2892 χρυσοῦ
2778 2811 3148 2869 ἐναπόκεινται
3229 2803 3573 2878 κεντηνάρια,
3635 2802 3882 2878 ἀργύρου

2227 2891 2460 2966 δὶνώσεὶ
2503 2910 2668 2978 τριῶν
2725 2898 3023 2977 χιλιάδων,
3083 2899 3164 2952 ὧκ
3218 2896 3283 2950 τὰ
3346 2896 3439 2968 μὶν
3472 2891 3662 2965 ὁὲμὸς
3737 2893 3877 2966 ἁνὴρ

2226 2995 2640 3074 ἐπορίσστο.τὰ
2688 2990 2755 3047 δι’
2818 2990 2954 3058 αὐτὴ
3020 2986 3154 3060 μετὰ
3210 2984 3301 3038 τὸν
3358 2981 3564 3038 ἐκείνου
3623 2977 3884 3049 συνέλεξα

2227 3068 2469 3153 θάνατον,
2504 3082 2674 3143 ἄλλος
2714 3102 2770 3136 τε
2799 3079 3037 3137 πλοῦτος
3086 3072 3262 3134 πολὺς
3317 3073 3408 3127 καὶ
3453 3069 3732 3131 ποικίλος.
3783 3068 3884 3123 Διὶ

2226 3182 2386 3233 τοῦτο
2419 3172 2475 3229 δὲ
2503 3178 2693 3228 τοῦτον
2745 3165 3077 3241 ἐκπομπεῦω
3141 3164 3296 3233 ὑμῖν,
3350 3158 3429 3213 ’ἶν’
3488 3160 3532 3214 εἰ
3594 3157 3729 3229 μετὰ
3780 3159 3883 3226 τήν

2226 3265 2364 3337 ἐμὴν
2396 3264 2502 3321 ἀπὸ
2532 3266 2640 3318 τῶν
2689 3257 2999 3331 ἀνακτόρων
3048 3248 3275 3307 κάθοδον
3305 3249 3332 3303 ὀ
3365 3248 3495 3337 ἐμὸς
3545 3242 3648 3325 ἔχῃ
3693 3245 3872 3319 λέγειν

469 3364 586 3424 οῗὸς
619 3363 705 3419 καὶ
744 3360 1002 3433 ὑμέτερος
1037 3355 1293 3432 βασιΛεὺς
1353 3357 1425 3414 ὡς
1473 3352 1626 3424 ἐνδεῆ
1685 3353 2057 3411 καταλέλοιπα
2114 3355 2179 3410 τὰ
2240 3354 2495 3431 βασίλεια
2550 3348 2815 3416 πλούτου,
2875 3346 2950 3418 μὴ
3008 3337 3249 3415 εὐχερῶς
3304 3336 3648 3406 πιστεύηται.
3682 3358 3711 3387 n
3766 3335 3877 3390 Καὶ

470 3445 587 3525 ἅμα
654 3425 1068 3521 λέγουσαίτοὺις
1123 3448 1230 3498 τῶν
1294 3440 1593 3520 βασιλικῶν
1650 3444 1956 3518 χρημάτων
2014 3443 2212 3517 ταμίας
2240 3425 2492 3516 *παρίστη
2550 3441 2662 3512 (43)
2717 3436 2808 3491 καὶ
2868 3429 3356 3507 συγκατανεύοντας
3410 3427 3533 3501 εἶχε
3600 3425 3737 3499 πρὸς
3804 3425 3873 3478 τὰ

468 3513 760 3614 λεγόμενα.
804 3534 907 3590 Καὶ
965 3535 1000 3604 ἡ
1062 3533 1155 3605 μὲν
1219 3513 1439 3607 βασιλὶς
1497 3513 1781 3605 ἀσπασμὸν
1839 3530 2003 3589 δοῦσα
2060 3513 2129 3607 τῇ
2183 3513 2496 3608 συγκλήτῳ,
2546 3527 2635 3584 καὶ
2691 3525 2837 3599 πάσῃ
2893 3520 3134 3597 ἐνεργείᾳ
3188 3517 3279 3573 καὶ
3336 3513 3607 3585 διοικήσει
3667 3515 3873 3569 ἀποτα-

457 3625 683 3703 ξαμένη,
713 3618 875 3694 ἔξεισι
905 3626 1003 3677 τοῦ
1033 3621 1325 3678 παλατίου.

531 3716 643 3779 Sed
674 3732 816 3789 opes
845 3714 1018 3786 regiae
1041 3719 1126 3769 tot
1156 3718 1454 3784 tantasque
1481 3714 1543 3770 in
1566 3713 1792 3769 nullius
1824 3716 2110 3777 momenti
2142 3718 2184 3785 C

462 3825 560 3865 res
590 3823 625 3863 a
671 3806 831 3861 fatuo
883 3803 1166 3858 Michaelo
1218 3811 1358 3861 sunt
1408 3804 1725 3874 prodactaa.
1760 3806 1903 3860 Cum
1958 3805 2118 3861 enim

463 3894 933 3970 aurigationibus
978 3893 1420 3963 impensissime
1465 3893 1882 3961 delectaretur,
1924 3910 2118 3965 neque

476 4002 649 4060 agere
682 4001 865 4055 equos
914 3984 973 4040 in
1023 3982 1188 4037 Circo
1242 3982 1366 4053 ipse
1414 3988 1736 4051 recusaret,
1780 4000 1984 4038 eorum
2019 3983 2118 4053 qui

465 4094 666 4135 secum
696 4075 902 4131 ludere
934 4090 1002 4131 ac
1032 4076 1259 4135 certare
1286 4074 1399 4127 isto
1428 4072 1657 4129 ludicro
1685 4071 2120 4129 solebantﬁliis

467 4185 496 4223 e
515 4183 681 4223 sacro
698 4165 1049 4236 baptismate
1066 4162 1463 4234 suspiciendis
1482 4163 1689 4221 fiscum
1710 4162 2118 4230 exhauriebat,

462 4261 705 4309 centum
736 4253 1033 4324 octoginta
1078 4257 1179 4306 aut
1210 4251 1284 4305 ad
1337 4251 1655 4306 minimum
1689 4251 2120 4322 quinquaginta

465 4340 772 4413 largiendo
833 4340 1084 4413 singulis
1142 4340 1350 4397 libras.
1412 4341 1741 4396 Himerium
1801 4340 2117 4411 quemdam

456 4418 653 4500 (quasi
700 4434 1078 4483 mansuetum
1111 4429 1375 4484 diceres:
1431 4446 1568 4485 nam
1601 4430 1898 4486 contrario
1942 4446 2121 4485 sensu

450 4516 512 4572 id
541 4514 803 4569 nominis
834 4516 886 4568 ei
918 4516 991 4569 ob
1024 4516 1218 4570 vultus
1269 4517 1567 4573 feritatem
1597 4518 1823 4573 factum
1857 4518 1986 4587 fuit)
2017 4536 2107 4589 pa-

456 4603 612 4661 tricii
646 4601 932 4674 dignitate
977 4620 1011 4658 a
1041 4619 1103 4657 se
1150 4610 1447 4665 ornatum.
1485 4607 1585 4675 qui
1617 4607 1915 4665 adulando
1950 4606 2117 4661 illum

458 4695 559 4766 qui
579 4691 812 4748 Tiberio
836 4691 1004 4747 affuit
1026 4690 1356 4747 Himerium
1375 4693 1659 4761 vinceret,
1680 4701 1738 4748 et
1757 4695 1830 4749 ad
1855 4694 2119 4750 convivia

456 4780 808 4840 scurrilibus
864 4780 1128 4855 gestibus
1180 4780 1573 4853 turpibusque
1621 4781 1816 4836 verbis
1862 4782 2115 4849 luderet,

453 4871 951 4946 impudenterque
1001 4870 1280 4926 audiente
1338 4871 1695 4943 imperatore
1752 4877 1811 4926 et
1861 4873 2118 4927 convivis

452 4964 718 5037 pederet,
744 4962 826 5017 ita
847 4965 914 5017 ut
935 4961 1154 5025 ventris
1180 4962 1409 5035 crepitu
1435 4962 1614 5018 etiam
1637 4979 1876 5018 cereum
1901 4963 2119 5018 exstin-

452 5058 681 5126 gueret,
715 5052 843 5108 auri
878 5050 1048 5107 libris
1077 5058 1320 5108 centum
1350 5051 1608 5106 donavit.
1643 5054 1710 5106 Et
1740 5052 1977 5117 Cheilaa,
2009 5052 2109 5106 uni

455 5142 525 5198 de
556 5142 735 5198 sociis
758 5157 998 5197 suarum
1019 5141 1482 5214 aurigationum,
1507 5141 1697 5197 ﬁlium
1721 5158 1794 5196 ex
1815 5141 2110 5213 baptismo

2291 3714 2347 3764 Ὀ
2403 3707 2459 3769 δὲ
2515 3712 2622 3764 τῶν
2686 3701 2978 3781 βασιλείων
3031 3697 3272 3758 πλοῦτος
3329 3711 3587 3753 τοσοῦτος
3645 3688 3722 3746 ὦν
3777 3676 3871 3747 καιὶ

2224 3799 2556 3871 τηλικοῦτος
2586 3796 2662 3860 εἷς
2710 3790 2965 3864 οὐδεμίαν
3027 3787 3308 3865 ἐχώρησεν
3371 3781 3555 3851 ὄνησιν
3610 3783 3679 3852 τῇ
3740 3779 3877 3835 ἆπο-

2224 3866 2347 3959 νοίᾳ
2374 3891 2470 3942 τοῦ
2502 3881 2752 3959 Μιχαήλ.
2786 3884 2917 3940 Ταῖς
2946 3878 3049 3952 γὰρ
3095 3879 3203 3930 τῶν
3251 3870 3438 3927 ’ίππων
3490 3866 3782 3959 ἁμίλλαις,
3835 3868 3889 3923 εἷ’

2226 3957 2336 4051 πέρ
2383 3997 2464 4037 τις
2529 3957 2733 4047 ἕτερος,
2788 3967 3171 4043 ἀγαλλόμενος
3227 3962 3316 4017 καὶ
3402 3962 3650 4032 ἡνιοχεῖν
3704 3957 3881 4012 ἐκεῖσε

2225 4066 2385 4128 αὐτὸς
2446 4064 2508 4121 οὐ
2564 4057 3023 4137 παραιτούμενος,
3081 4058 3192 4108 τῶν
3258 4042 3671 4122 συμπαιζόντων
3731 4045 3881 4117 αὐτῷ

2227 4157 2315 4212 καὶ
2376 4152 2848 4225 συνηνιοχούντων
2928 4145 3018 4200 καὶ
3096 4135 3603 4213 συναμιλλωμέοων
3667 4133 3728 4189 ἐκ
3781 4134 3879 4189 τοῦ

2227 4246 2374 4310 θείου
2406 4224 2830 4313 υἱοθετοόμενος
2866 4235 2933 4291 τὰ
2960 4233 3119 4288 τέκνα
3147 4229 3522 4305 βαπτίσματος
3573 4224 3666 4278 τὸν
3719 4224 3875 4297 βασι-

2226 4335 2380 4391 λικὸν
2435 4332 2723 4387 κατεκένου
2776 4326 3039 4394 πλοῦτον,
3097 4321 3285 4377 ἑκατὸν
3373 4315 3718 4392 ὀγδοήκοντα
3784 4313 3876 4368 καὶ

2224 4424 2588 4499 τουλάχιστον
2622 4420 2954 4488 πεντήκοντα
3005 4417 3084 4484 τῷ
3132 4406 3442 4478 καθεκάστῳ
3498 4400 3878 4477 παρεχόμενος

2226 4492 2440 4589 λίτραςί
2470 4509 2736 4567 Καίποτέ
2783 4527 2890 4563 τινι
2941 4499 3090 4574 ἀνδρὶ
3141 4499 3197 4554 ὅν
3241 4494 3524 4571 πατρίκιον
3576 4492 3874 4564 ἐτιμήσατο

2224 4579 2485 4677 (Ἰμέριος
2542 4597 2701 4658 οὗτος
2760 4592 3031 4658 ἐκαλεῖτο,
3092 4586 3181 4643 διὰ
3237 4586 3333 4653 τὴν
3403 4586 3500 4639 τοῦ
3573 4579 3873 4653 προσώπου

2222 4692 2386 4748 αὐτοῦ
2441 4687 2583 4744 οὕτω
2642 4682 2982 4755 καλούμενος
3040 4675 3177 4732 κατὰ
3236 4672 3550 4748 ἀντίφρασιν
3608 4666 3876 4741 ἀγριότη-

2221 4785 2327 4854 τα),
2385 4775 2645 4847 κολακείᾳ
2705 4750 3263 4845 μῖενίὁπερὸἀλλοντι
3321 4761 3416 4815 τὸν
3477 4757 3565 4854 ἐπι
3618 4750 3867 4854 Τιϐερίου

2225 4841 2483 4946 τιμέριον,
2520 4841 3034 4946 βωμολοχοῦντιδὶ
3086 4852 3225 4910 κατὰ
3283 4851 3385 4946 τὴο
3444 4844 3723 4946 προίπεζαν
3778 4841 3867 4898 καὶ

2222 4932 2685 5038 αἶ’σχῖρολογοῦννι
2713 4951 2803 5013 καὶ
2853 4944 3086 5008 ἀναιδῶς
3139 4936 3531 5015 ἀποπέρδοντι,
3578 4932 3869 4991 ἀκούοντος

2223 5047 2280 5104 δὲ
2309 5020 2405 5104 τοῦ
2434 5043 2702 5122 βασιλέως
2748 5040 2839 5096 καὶ
2871 5042 2977 5092 τῶν
3038 5030 3386 5098 συνδείπνων,
3440 5029 3517 5087 ὼς
3562 5023 3651 5078 καὶ
3700 5020 3868 5094 κηρὸν

2220 5109 2572 5193 ἀποσϐεννόει
2623 5136 2701 5204 τῷ
2756 5127 2941 5204 ψόφῳ,
3001 5122 3234 5200 χρυσίου
3285 5114 3487 5173 δέδωκε
3545 5110 3740 5189 λίτρας
3801 5109 3863 5183 ρ’.

1666 5240 2024 5296 XYLANDRI
2052 5240 2137 5294 ET
2176 5239 2389 5295 GOARI
2430 5236 2651 5292 NOTAE.

535 5337 645 5407 (45)
673 5340 821 5396 Hinc
841 5341 1087 5411 insuper
1107 5336 1718 5413 οοηῧιδωολογοθέτην
1746 5355 1873 5394 esse
1903 5354 2105 5410 supre-

463 5418 625 5460 mum
684 5413 1028 5479 przefectum
1086 5412 1300 5466 wrarii.
1354 5411 1687 5465 Theo‘ctisto
1739 5427 1997 5481 namque
2038 5426 2106 5465 eo

463 5488 709 5555 munere
741 5481 977 5555 fugante
1009 5483 1227 5555 occiso,
1254 5488 1321 5536 ut
1348 5482 1491 5555 quid
1522 5482 1825 5537 Theodora
1853 5488 2106 5552 qumstoo

464 5558 561 5599 res
590 5552 735 5631 istos
765 5552 970 5631 adesse
1012 5553 1253 5631 juberet
1299 5554 1411 5609 nisi
1460 5558 1527 5608 ut
1571 5571 1749 5623 quam
1780 5559 2106 5631 memorato

462 5616 741 5688 prmfecto
768 5636 798 5674 e
826 5622 972 5676 vivis
1012 5616 1275 5691 sublato,
1327 5641 1447 5679 non
1493 5616 1724 5694 poterat
1768 5624 2019 5695 populus
2049 5629 2108 5678 et

2218 5340 2458 5392 senatus
2488 5333 2705 5388 habere
2738 5326 3013 5382 notitiam
3044 5319 3235 5392 aerarii
3267 5334 3302 5372 a
3332 5314 3457 5370 ﬁlio
3488 5307 3776 5392 Michaele
3805 5306 3862 5358 in

2218 5384 2763 5477 Eih‘ﬁiés’iﬁauigs
2803 5392 3186 5477 dilapidandi,
3219 5384 3859 5477 ipsagperqua‘sgtgg‘f?’

2217 5449 2515 5550 Sﬁiijé'éios
2546 5449 3048 5550 aerarii_cust§des
3079 5449 3267 5550 αρ’ᾗᾶ
3317 5449 3560 5514 manum
3610 5449 3859 5507 admini-

2216 5533 2390 5618 strds,
2423 5547 2663 5604 aliunde
2693 5542 2874 5600 ﬁdem
2902 5540 3126 5595 faceret
3145 5534 3173 5590 'l
3204 5533 3380 5587 Gosn.
