4130 6218
235 377 393 440 1048

1343 367 1894 434 HISTORIARUM
1936 370 2496 435 OOMPENDIUM.

3491 369 3647 432 1046

233 511 333 569 Καὶ
366 509 537 569 Χειλᾶ
567 505 625 564 δὶ
650 511 748 564 τοῦ
779 510 1240 586 συνηνιοχοῦντος
1265 504 1415 579 αὖτῷ
1439 505 1533 562 τὸν
1558 506 1679 561 υἱὸν
1705 503 1765 561 ἐκ
1781 508 1880 560 τοῦ

2003 523 2323 601 suscipiens
2357 525 2485 581 auri
2519 524 2702 580 libras
2729 522 2978 587 totidem
3010 521 3164 577 dono
3213 521 3394 578 dedit.
3426 523 3515 578 Ita
3542 521 3644 578 ille

236 599 382 666 θείου
433 596 808 675 βαπτίσματος
866 593 1252 669 ἀναδεξάμενος
1297 592 1616 670 ἐδωρήσατο
1651 592 1884 671 χρυσίου

236 688 423 764 λίτρας
457 694 519 764 ρ’.
552 686 741 749 Οὕτως
763 686 962 747 ἐκεῖνος
986 684 1064 747 εἷς
1089 682 1242 741 οὒδὶν
1265 681 1383 739 δέον
1404 683 1472 739 τὰ
1493 680 1557 754 δη
1572 683 1735 756 μόσια
1753 702 1854 736 κατ
1868 714 1882 723 -

237 776 471 833 εδαπάνα
496 799 556 833 τε
583 775 674 831 καὶ
703 775 1015 847 ἀνήλισκεν.
1047 774 1201 831 Ἐπεὶ
1249 771 1307 829 δὶ
1350 764 1498 836 ἱντὸς
1542 770 1735 848 ὀλίγου
1766 775 1886 833 ταῖς

235 867 511 929 τοιαύταις
561 865 819 943 ἀθᾶσμοις
876 864 1097 942 πράξεσι
1146 865 1240 920 τὸν
1298 860 1554 919 τοσοῦτον
1584 858 1890 917 κατεδαπα-

234 977 364 1028 νησε
394 957 659 1025 πλοῦτον,
690 954 830 1026 ἦλθε
859 947 920 1011 δε
949 956 977 1010 6
1001 958 1101 1025 τῆς
1149 952 1417 1031 διανομῆς
1450 959 1559 1010 τῶν
1589 951 1890 1033 βασιλικῶν

236 1044 455 1120 δωρεῶν
499 1045 687 1120 καιρὸς
743 1044 832 1100 καὶ
891 1042 1198 1125 χρημάτων
1259 1044 1428 1117 πόρος
1459 1043 1558 1098 οὐκ
1585 1044 1671 1111 ἦν,
1700 1043 1802 1112 τήν
1831 1061 1892 1097 τε

238 1140 452 1211 χρυσῆς
477 1133 684 1203 ἐκείνην
733 1134 825 1189 καὶ
873 1130 1293 1207 πολυθρύλητον
1334 1131 1609 1187 πλάτανον
1642 1129 1730 1185 καί
1760 1130 1889 1191 τοὺς

241 1221 339 1279 δύο
371 1227 609 1299 χρυσοῦς
642 1222 862 1285 λέοντας
908 1223 1000 1278 καὶ
1048 1221 1177 1285 τοὺς
1236 1219 1332 1277 δύο
1386 1224 1618 1296 γρῦπας,
1651 1222 1891 1299 χρυσοῦς

238 1314 331 1369 καὶ
389 1312 587 1375 αὐτοὺς
653 1311 1040 1393 σφυρηλάτους
1097 1306 1280 1379 ὄντας,
1340 1311 1430 1365 κιὶ
1484 1310 1552 1367 τὰ
1607 1308 1891 1384 ὁλόχρυσα

239 1403 442 1477 ὄργανα
514 1401 605 1457 καὶ
677 1399 835 1477 ἕτερα
907 1399 1056 1476 ἔργα,
1134 1397 1205 1455 δι’
1277 1400 1353 1455 ὧν
1462 1402 1498 1470 ὴ
1597 1399 1889 1473 Ῥωμαίων

238 1489 576 1566 ἐθαυμάζετο
637 1488 912 1567 βασιλεία,
971 1490 1147 1559 ὁλκὴν
1203 1486 1403 1565 ἔχοντα
1461 1486 1753 1545 διακοσίων
1792 1488 1891 1545 οὐκ

233 1576 463 1635 ἔλαττον
514 1580 902 1655 κεντηναρίων,
965 1577 1242 1655 χωνεύσας
1300 1579 1531 1654 χαράξαι
1572 1575 1802 1633 δέδωκεν
1834 1578 1887 1633 ὲν

232 1674 314 1741 τῷ
347 1669 624 1745 βασιλικῷ
675 1667 933 1741 ταμιτίῳ.
992 1667 1400 1743 Παραπλησίως
1459 1665 1517 1723 δὲ
1545 1666 1769 1738 ἐποίησε
1798 1669 1888 1724 καὶ

232 1759 285 1815 ἐν
322 1758 547 1823 στολαῖς
581 1759 915 1839 βασιλικαῖς,
949 1760 1022 1814 ὧν
1082 1760 1136 1814 αἱ
1199 1759 1293 1839 μὲν
1324 1760 1461 1829 ἦσαν
1499 1760 1804 1839 ὁλόχρυσοι
1835 1762 1888 1815 αἱ

1992 615 2304 684 pecuniam
2320 614 2476 683 υοο
2494 612 2792 693 publicam
2807 610 3192 683 dilapidabat.
3207 611 3471 682 Cumque
3488 610 3648 667 brevi

1993 703 2277 777 tempatis
2322 702 2509 785 spatio
2540 718 2647 775 per
2673 701 2840 755 nefas
2890 705 3054 761 tanta
3091 715 3233 770 opes
3262 698 3640 771 prodigisset,

1993 806 2062 846 ac
2093 789 2219 844 dies
2242 789 2615 867 imperatoris
2645 787 3070 851 donationibus
3100 785 3435 842 destinatus
3466 804 3646 859 appe-

1997 878 2554 959 tiisset,etpecuniaa
2568 877 2845 950 paranda)
2866 876 3019 932 ratio
3040 875 3340 957 deﬁceret,
3362 875 3650 932 famosam

1995 967 2162 1023 illam
2194 983 2436 1025 auream
2471 966 2779 1039 platanum
2806 965 3073 1036 duosque
3104 981 3316 1020 aureos
3345 965 3550 1021 leones
3583 982 3652 1021 ac

1996 1056 2285 1123 vultures,
2320 1060 2379 1110 et
2406 1054 2570 1126 ipsos
2604 1071 2673 1110 ex
2701 1070 2845 1110 auro
2864 1050 3097 1109 malleis
3119 1053 3649 1125 ductos,aliamque

1997 1144 2187 1201 solido
2221 1162 2291 1200 ex
2327 1161 2472 1205 auro
2493 1146 2709 1207 factam
2740 1143 3509 1216 supellectilem,operaque
3539 1161 3652 1199 cm-

1996 1240 2126 1290 tera
2154 1234 2228 1288 ob
2260 1251 2392 1309 qua:
2434 1235 2685 1290 Romani
2715 1233 3092 1305 imperatoris
3136 1233 3197 1287 in
3254 1233 3649 1290 admiratione

1996 1328 2125 1378 erat
2158 1324 2337 1397 regia,
2370 1323 2620 1389 conﬂari
2651 1327 2710 1379 et
2737 1339 2809 1378 ex
2865 1322 2938 1377 iis
2968 1338 3171 1378 cusam
3225 1322 3540 1393 pecuniam
3588 1322 3650 1379 in

1996 1414 2272 1475 aerarium
2306 1430 2480 1469 suum
2518 1413 2728 1471 inferri
2781 1413 2983 1482 jussit.
3033 1410 3464 1491 Appendebant
3492 1411 3651 1468 haud

1995 1504 2194 1558 minus
2224 1504 2328 1557 200
2354 1503 2732 1559 centenariis.
2762 1502 2983 1557 Eodem
3014 1499 3191 1555 modo
3217 1499 3476 1557 vestibus
3506 1518 3651 1556 usus

1998 1598 2086 1648 est
2113 1592 2791 1667 imperatoriis,quarum
2813 1591 2944 1647 alia;
2962 1595 3099 1645 totas
3127 1590 3482 1651 aureasaliae
3505 1605 3649 1645 auro

1994 1679 2330 1737 intertexta;
2354 1685 2542 1736 erant.
2566 1682 2709 1735 Nam
2729 1686 2787 1734 et
2806 1680 2911 1734 has
2925 1678 3269 1734 conflandas
3283 1677 3473 1744 dedit;
3493 1677 3647 1749 quod

1996 1786 2071 1824 ne
2094 1769 2285 1837 ﬁeret,
2308 1775 2498 1825 morte
2519 1774 2853 1847 praeventus
2898 1772 3007 1833 est,
3031 1773 3097 1822 ut
3116 1784 3217 1822 eas
3246 1767 3494 1821 Basilius
3526 1766 3647 1820 im-

234 1845 293 1903 δὶ
324 1848 753 1924 χρυσοῢφαντοι,
801 1844 1055 1909 δεδωκὼς
1110 1852 1191 1920 τῷ
1248 1844 1437 1921 εἷδικῷ
1466 1849 1605 1904 ὥστε
1633 1850 1723 1905 καὶ
1752 1846 1888 1904 ταύ-

2003 1859 2148 1929 perii
2182 1875 2492 1919 successor
2520 1844 2905 1930 recuperarit.
2939 1857 3043 1913 Hic
3064 1857 3304 1928 quidem
3328 1872 3527 1911 rerum
3548 1872 3649 1935 po-

244 1959 342 1998 τας
373 1942 643 2014 χωνεῦσαι
672 1941 806 2008 (44).
838 1936 952 1995 Οὐκ
1002 1936 1233 2011 ἔφθασαν
1276 1934 1334 1993 δὶ
1365 1946 1729 2015 χωνευθῆναι,
1757 1939 1889 1994 κάκ-

244 2032 387 2089 εἶνος
448 2026 500 2097 ἐξ
558 2027 858 2100 ἀνθρώπων
909 2024 1132 2101 ἐγένετο,
1196 2029 1278 2101 [Ρ.
1311 2028 1437 2101 545]
1485 2027 1574 2083 καὶ
1606 2027 1892 2091 Βασίλειος

238 2117 340 2184 τήν
368 2114 550 2190 ἀρχὴν
601 2112 868 2186 διεδέξατο
907 2115 997 2170 καὶ
1034 2115 1231 2178 ταύτας
1279 2114 1640 2171 ἀνεκαλέσατο
1679 2115 1739 2171 ἐκ
1766 2138 1887 2172 τοσ-

244 2206 373 2260 οὖτο
436 2204 681 2260 πλούτου
715 2201 882 2278 μηδὲν
934 2203 1179 2279 εὐρηκὼς
1235 2202 1404 2260 πλέον
1438 2203 1565 2260 ἀλλ’
1592 2205 1627 2275 ἢ
1662 2207 1891 2281 χρυσίου

249 2294 344 2367 μὶν
384 2294 708 2368 κεντηνάρια
754 2295 901 2371 τρία,
965 2291 1315 2369 μιλιαρισίων
1346 2292 1403 2349 δὲ
1432 2295 1626 2350 σακκία
1656 2294 1819 2351 ἐννέα·
1855 2295 1888 2351 ἃ

1999 1949 2149 2003 titus
2171 1965 2243 2003 ex
2269 1949 2448 2007 tantis
2500 1948 2717 2004 divitiis
2752 1947 2897 2002 nihil
2941 1946 3152 2017 reliqui
3182 1946 3404 2001 invenit
3432 1951 3649 2016 praeter

1999 2037 2129 2093 auri
2163 2038 2539 2093 centenarias
2570 2042 2690 2091 tres
2720 2042 2779 2091 et
2808 2043 2867 2091 et
2897 2035 3345 2090 miliarisiorum
3381 2030 3644 2090 sacculos

2002 2143 2246 2194 novem;
2281 2126 2496 2201 quibus
2526 2127 2588 2181 in
2620 2133 2895 2181 senatum
2918 2124 3114 2181 allatis
3163 2124 3489 2195 deploravit
3520 2124 3647 2179 ino-

2000 2217 2184 2288 piam,
2229 2221 2287 2271 et
2315 2215 2474 2272 unde
2522 2214 2745 2289 publici
2790 2213 3055 2273 defectus
3095 2212 3374 2268 exsarciri
3406 2218 3652 2287 possent

1997 2304 2328 2361 deliberare
2341 2305 2544 2376 jussit.

243 2382 334 2439 καὶ
367 2381 733 2459 δημοσιεῦσας
762 2381 850 2438 ἒπὶ
878 2389 979 2452 τῆς
1012 2384 1322 2457 συγκλήτου
1352 2380 1674 2458 ἀπωδύρετο
1703 2387 1803 2456 τὴν
1835 2386 2066 2465 ἀπορίαν
2098 2392 2185 2445 καὶ
2217 2390 2281 2444 τὸ
2337 2391 2499 2453 πόθεν
2534 2389 2596 2444 ἂν
2624 2388 3028 2469 ἐκπληρωθεῖεν
3061 2389 3116 2442 αἱ
3144 2385 3405 2459 δημόσιοι
3438 2394 3647 2462 χρεῖαι.

314 2473 475 2533 Ἐθος
508 2469 556 2527 δ’
586 2471 824 2546 ἐχούσης
871 2479 973 2542 τῆς
1031 2469 1317 2547 βασιλίδος
1362 2470 1646 2549 Θεοδώρας
1685 2474 1894 2531 ἀπιέναι

241 2563 377 2638 πρὸς
407 2564 501 2617 τὸν
568 2564 623 2616 ἐν
685 2561 1021 2641 Βλαχέρναις
1068 2570 1168 2632 τῆς
1228 2561 1492 2618 Θεοτόκου
1561 2569 1707 2628 θεῖον
1742 2565 1893 2636 ναὸν,

238 2651 352 2723 ἅμα
385 2650 482 2723 μὲν
512 2652 930 2725 προσκυνήσεως
989 2653 1170 2726 χάριν,
1228 2651 1344 2724 ’ἁμα
1402 2648 1459 2706 δὲ
1516 2653 1605 2706 καὶ
1655 2651 1894 2730 λουτροῦ

242 2741 375 2813 μετᾶ
401 2745 510 2796 τῶν
565 2741 758 2810 ἑαυτῆς
813 2741 1143 2816 θυγατέρων,
1200 2741 1314 2795 ἐπεί
1363 2762 1500 2797 ποτε
1548 2735 1690 2821 ἔγνω
1721 2742 1890 2812 αὐτὴν

247 2828 420 2884 ἐκεῖσε
474 2831 809 2907 φοιτήσασαν
868 2831 896 2884 6
952 2828 1208 2905 βασιλεὺς
1262 2830 1350 2885 καὶ
1410 2831 1439 2885 6
1494 2832 1696 2903 ταύτης
1729 2833 1891 2906 ὁμαίο

250 2940 368 2992 μων
424 2914 659 2995 Βέρδας,
738 2923 1026 2994 Πετρωνᾶν
1108 2919 1502 2994 ἐκπέμψαντες,
1576 2920 1634 2975 ὃν
1721 2919 1890 2991 αὐτῆς

242 3007 475 3089 ἀδελφὸν
537 3010 671 3065 εἶναι
728 3007 930 3065 ἄνωθεν
988 3011 1016 3064 6
1074 3008 1242 3085 λόγος
1301 3008 1615 3085 ἐγνώρισεν,
1674 3010 1892 3067 ἀποκεί-

243 3120 400 3176 ρουσι
431 3101 683 3175 μοναχήν
729 3099 822 3154 σὺν
880 3104 1002 3165 ταῖς
1057 3100 1372 3177 θυγατράσι,
1404 3101 1495 3155 καὶ
1527 3099 1579 3155 ἐν
1608 3106 1726 3163 τοῖς
1758 3101 1893 3159 κατὰ

237 3191 307 3244 τὰ
372 3192 640 3263 Καριανοῦ
694 3189 1011 3265 ἀνακτόροις
1089 3190 1227 3251 τέως
1294 3189 1716 3265 περιορίζουσιν,
1785 3191 1888 3269 ἀφ-

238 3276 496 3349 ελόμενοι
524 3277 612 3332 καὶ
667 3277 720 3333 εν
775 3278 929 3353 εἶχον
983 3279 1038 3333 αἱ
1086 3283 1252 3332 πᾶσαι
1300 3276 1561 3350 πλοῦτον,
1596 3276 1890 3345 τ’διωτικῶς

240 3367 339 3437 ζῇν
398 3362 524 3419 ἀλλ’
584 3364 646 3419 οὗ
711 3364 1014 3440 βασιλικῶς
1066 3364 1427 3435 ἐπιτάξαντες.
1490 3364 1644 3423 Ἀλλ’
1703 3369 1738 3436 ἡ
1793 3368 1890 3440 μὶν

244 3450 499 3527 Θεοδώρα
531 3456 645 3527 μετ’
694 3453 756 3507 οὐ
812 3452 957 3508 πολὺ
1007 3459 1116 3509 τῶν
1167 3451 1299 3527 τῃδε
1334 3453 1666 3527 μεθίσταται·
1700 3456 1768 3526 ἧς
1795 3457 1890 3511 τὸν

243 3544 426 3615 νεκρὸν
492 3543 629 3615 μετᾶ
682 3545 849 3597 ταῦτα
903 3542 1229 3618 βασιλεύσας
1259 3543 1287 3597 6
1322 3542 1630 3612 Βασίλειος,
1680 3545 1768 3600 καί
1793 3547 1890 3609 τὰς

247 3632 418 3701 αὐτῆς
459 3631 769 3707 θυγατέρας.
802 3634 939 3708 πρὸς
987 3632 1049 3687 τὸ
1104 3640 1203 3701 τῆς
1252 3632 1504 3706 Μάμμης
1550 3633 1893 3702 ἐξαπέστειλε

249 3722 612 3795 μονασττςριον
694 3719 1074 3790 ἐνδιαιτᾶσθαι,
1138 3723 1167 3776 ὅ
1227 3721 1459 3796 Γάστρια
1529 3722 1890 3794 κατονομάζε-

241 3828 351 3864 ται.
414 3811 581 3865 Ἥσαν
639 3806 696 3864 δὲ
759 3815 827 3885 τῇ
885 3810 1110 3885 τοιαύτῃ
1197 3807 1437 3886 βασιλίδι
1521 3810 1736 3885 ἄῤῥενες
1796 3812 1891 3886 μὲν

245 3893 472 3975 ἀδελφοὶ
504 3897 622 3967 δύο,
683 3898 714 3954 6'
765 3920 824 3954 τε
885 3899 1318 3978 μηχανοῤῥάφος
1374 3899 1531 3962 οὗτος
1564 3898 1775 3976 Βαρδας
1802 3900 1892 3957 καὶ

244 3989 273 4043 ὁ
336 3992 637 4063 ΙΙετρωνᾶς,
696 3986 927 4067 ἀδελφαὶ
987 3988 1044 4044 δὲ
1098 3995 1266 4066 τρεῖς,
1326 3991 1519 4067 Σοφία,
1580 3992 1763 4066 Μαρία
1803 3993 1895 4047 καὶ

242 4075 478 4151 Ε”ρήνη,
533 4080 609 4133 ὦν
668 4081 702 4148 ἡ
766 4079 861 4151 μὲν
921 4079 1094 4159 Σοφία
1156 4079 1545 4157 Κωνσταντίνῳ
1580 4083 1784 4151 συνήθη
1815 4087 1897 4157 τῷ

245 4162 614 4240 Βαόουτζίκῳ,
697 4166 772 4230 εἷς
850 4169 1181 4243 μαγίστρους
1239 4167 1505 4241 τελοῦντι,
1576 4170 1782 4245 Εἰρήνη
1839 4169 1897 4226 δὲ

249 4258 460 4331 Σεργίῳ
516 4257 811 4331 ποιτρικίῳ¹
871 4254 1093 4333 ἀδελφῷ
1157 4258 1491 4333 τυγχάιοντι
1549 4259 1767 4313 Φωτίου
1801 4264 1897 4315 τοῦ

248 4348 383 4419 μετὰ
439 4351 603 4401 τοῦτα
688 4346 1057 4422 πατριάρχου,
1147 4346 1237 4400 καὶ
1288 4349 1322 4416 ἡ
1378 4347 1561 4422 Μαρία
1618 4344 1899 4424 Ἀρσαϐἠρ

245 4434 545 4510 μαγίστρῳ,
603 4433 758 4509 ἀνδρὶ
806 4435 1034 4512 γενναίῳ
1088 4435 1176 4489 καὶ
1232 4433 1284 4490 ἓν
1337 4440 1456 4499 τοῖς
1511 4435 1637 4492 τότε
1674 4443 1889 4512 καιροῖς

2078 2482 2301 2535 Prmter
2349 2482 2495 2548 hmc,
2556 2496 2690 2535 cum
2756 2479 3059 2534 Theodora
3123 2479 3532 2533 consuevisset
3578 2478 3681 2535 ad‘

2002 2569 2207 2627 fanum
2221 2569 2484 2643 Deiparaa
2508 2568 2943 2623 Blachernense
2965 2566 3356 2639 itare,partim
3370 2566 3651 2639 precandi

2004 2674 2244 2713 causam
2262 2658 2478 2729 partim
2495 2663 2559 2712 ut
2581 2673 2714 2712 cum
2733 2655 2969 2713 filiabus
3001 2656 3124 2710 suis
3151 2654 3651 2729 lavaret.quodam

2003 2753 2269 2823 tempore
2300 2763 2368 2802 eo
2414 2746 2603 2819 ipsam
2635 2762 2699 2801 se
2741 2744 3064 2801 contulisse
3116 2744 3654 2809 animadvertentes

2002 2838 2326 2909 imperator
2356 2841 2414 2891 et
2445 2835 2684 2905 Bardas,
2709 2834 2887 2907 hujus
2918 2834 3265 2898 avunculus,
3306 2834 3653 2901 Petronum,

2002 2942 2177 2996 quem
2201 2926 2394 2997 ipsum
2418 2924 2910 2997 quoquefratrem
2932 2923 3118 2978 fuisse
3132 2922 3453 2985 Theodoraa
3475 2940 3653 2995 supra

2001 3015 2394 3079 ostendimus,
2435 3014 2703 3092 mittunt.
2747 3012 2845 3085 qui
2880 3029 3010 3075 eam
3064 3017 3122 3067 et
3180 3011 3329 3067 filias
3387 3012 3652 3069 detonsis

2005 3106 2150 3159 901
2180 3104 2443 3160 crinibus
2468 3104 2788 3159 monachas
2806 3103 3001 3159 faciat.
3028 3102 3239 3159 ltaillaa
3262 3104 3325 3158 in
3346 3110 3649 3176 posterum

2004 3194 2066 3247 in
2115 3193 2346 3248 Cariani
2379 3193 2665 3267 palatium
2718 3193 3015 3267 relegatae,
3060 3192 3457 3267 omnibusque
3506 3208 3653 3267 quas

2000 3280 2381 3353 possidebant
2414 3281 2627 3355 opibus
2660 3280 2948 3359 spoliatas,
2980 3296 3097 3341 non
3131 3280 3312 3355 regio,
3341 3279 3443 3333 sed
3464 3280 3651 3357 priva-

1999 3376 2195 3426 torum
2225 3371 2355 3425 vitae
2411 3387 2627 3444 genere
2662 3386 2783 3424 usas
2829 3374 2993 3424 sunt.
3042 3370 3239 3441 Neque
3288 3369 3474 3433 multo
3521 3374 3652 3440 post

2001 3460 2307 3515 Theodora
2336 3476 2367 3514 e
2412 3460 2551 3513 vivis
2593 3458 2887 3514 discessit.
2937 3458 3074 3530 Ejus
3108 3457 3356 3519 cadaver
3402 3458 3652 3513 Basilius

2002 3549 2329 3619 imperator
2358 3553 2418 3603 et
2445 3548 2602 3611 filias
2626 3550 2754 3617 ejus
2776 3548 2837 3603 in
2855 3547 2996 3605 aviae
3018 3547 3652 3611 monasteriumtrans-

2000 3640 2159 3705 tulit,
2192 3639 2352 3709 quod
2395 3640 2625 3694 Gastria
2654 3639 3091 3693 nominabatur.
3117 3639 3331 3697 Habuit
3351 3639 3658 3694 Theodora

2001 3730 2216 3784 fratres
2247 3726 2419 3790 duos,
2445 3727 2799 3782 insidiosum
2826 3727 2982 3789 hunc
3004 3727 3253 3793 Bardam
3283 3727 3567 3787 nimirum
3600 3734 3657 3783 et

2002 3818 2346 3891 Petronam,
2382 3832 2614 3879 sorores
2663 3820 2805 3870 tres.
2839 3814 3140 3887 Sophiam,
3174 3814 3412 3873 Mariam
3446 3820 3504 3868 et
3534 3817 3654 3877 ire-

2003 3923 2162 3961 nem.
2185 3907 2263 3959 Ex
2282 3904 2374 3961 his
2406 3904 2621 3974 Sophia
2651 3902 2856 3973 nupsit
2905 3901 3294 3959 Constantino
3323 3902 3654 3973 Babutzico,

2004 3994 2105 4067 qui
2160 3992 2423 4066 magistri
2482 3993 2767 4049 honorem
2825 3990 3075 4065 adeptus
3105 3998 3236 4055 est;
3279 3990 3451 4046 Irena
3507 4006 3657 4044 uxor

2004 4083 2186 4155 Sergii
2219 4081 2482 4159 pratricii
2516 4081 2644 4147 fuit,
2668 4080 2867 4134 fratris
2889 4079 3080 4137 Photii
3104 4080 3230 4149 ejus
3248 4079 3349 4153 qui
3369 4079 3656 4153 posmodo

2003 4176 2341 4248 patriarcha
2359 4181 2447 4229 est
2490 4174 2709 4251 factus;
2735 4171 2976 4229 Mariam
3014 4171 3180 4239 duxit
3196 4172 3451 4229 Arsaber
3471 4172 3657 4236 magi-

2006 4270 2145 4321 ster,
2171 4264 2258 4317 vir
2286 4262 2608 4335 praaclarus
2631 4278 2818 4335 eoque
2848 4266 3111 4332 tempore
3132 4260 3402 4317 illustris.
3437 4261 3657 4319 Omnes

2003 4352 2172 4418 fuere
2202 4352 2393 4407 forma
2425 4350 2682 4424 eleganti
2714 4356 2772 4405 et
2798 4366 3031 4411 summa
3048 4351 3259 4405 virtute
3283 4342 3567 4424 praeditas.
3588 4352 3659 4408 Et

2010 4441 2166 4495 hanc
2183 4440 2423 4517 quidem
2441 4440 2702 4513 moriens
2713 4439 3021 4495 Theodora
3033 4440 3379 4515 progeniem
3392 4441 3654 4515 reliquit.

254 4522 632 4596 διαπρέποντι,
666 4526 718 4580 αἱ
744 4531 911 4580 πᾶσαι
943 4522 1107 4580 καλαὶ
1136 4525 1226 4579 καὶ
1259 4525 1458 4600 ἀγαθαὶ
1496 4525 1593 4588 τὰς
1642 4525 1795 4600 ὄψεις
1850 4527 1938 4582 καί
1995 4529 2190 4602 ἀρετῆς
2245 4527 2504 4584 ἐλάσασαι
2554 4526 2691 4603 πρὸς
2720 4527 3038 4607 ἀκρώρειαν,
3072 4528 3173 4584 Καὶ
3207 4530 3242 4599 ἡ
3278 4529 3372 4615 μὶν
3404 4529 3659 4607 Θεοδώρα

253 4615 490 4685 ρανοῦσα
519 4612 774 4681 τοιαύτην
806 4612 1149 4669 ἀπολέλοιπε
1171 4615 1271 4684 τήν
1300 4616 1531 4688 γεννεαν.

315 4700 378 4754 ’Π
411 4704 552 4753 πᾶσα
605 4698 662 4755 δὲ
717 4706 823 4756 τῶν
883 4706 1080 4757 κοινῶν
1138 4703 1475 4779 πραγμάτων
1510 4701 1779 4776 διοίκησις
1810 4704 1886 4769 είς
1919 4711 1966 4776 D

252 4788 420 4862 μόνον
480 4786 791 4858 ἐξεκυλίσθη
844 4787 936 4843 τὸν
999 4787 1230 4866 Βάρδαν,
1291 4790 1570 4867 ἐστέργετό
1620 4813 1678 4848 τε
1704 4791 1890 4873 διαφε-

243 4877 452 4955 ρόντως
482 4876 631 4951 παρὰ
658 4880 754 4929 τοῦ
788 4874 1078 4950 βασιλεως.
1121 4879 1306 4941 Ἔνθεν
1354 4881 1446 4935 καὶ
1490 4882 1588 4951 τήν
1637 4885 1733 4937 τοῦ
1763 4901 1897 4935 κου-

248 4963 564 5040 ροπαλάτου
629 4958 1002 5037 ἀναλαμϐάνει
1072 4967 1264 5038 τιμήν,
1351 4967 1513 5025 ἆθλον
1598 4970 1743 5044 τάχα
1797 4975 1897 5037 τῆς

247 5057 612 5128 καθαιρέσεως
669 5060 771 5123 τῆς
831 5052 995 5109 αὐτοῦ
1050 5051 1313 5137 ἀδελφῆς.
1371 5058 1596 5132 ’Έκρίνε
1621 5061 1751 5139 γοῦν
1783 5055 1895 5132 ἅμα

247 5149 326 5215 τῷ
360 5142 575 5220 βασιλεῖ
625 5142 713 5199 καὶ
772 5141 908 5198 κατὰ
959 5146 1068 5197 τῶν
1120 5143 1489 5219 Ἰσμαηλιτῶν
1519 5143 1896 5223 ἔκστρατεῦσαι

244 5234 330 5288 καὶ
363 5237 462 5289 τοῦ
491 5240 591 5305 τῆς
622 5235 943 5304 Μελιτηνῆς
996 5229 1374 5308 ἃμηρεύοντος
1418 5237 1616 5315 ’Ἀμερ,
1664 5233 1786 5311 ἄρτι
1817 5234 1893 5299 εἰς

2079 4708 2319 4771 Sublata
2355 4707 2679 4779 Theodora,
2713 4708 2787 4763 iis
2818 4724 2966 4780 quos
2995 4707 3255 4765 diximus
3286 4710 3566 4766 fratribus
3597 4716 3657 4771 et

2001 4814 2100 4855 sor
2112 4798 2311 4853 oribus
2332 4798 2775 4873 superstitibus,
2791 4799 2986 4854 omnis
3002 4799 3439 4865 administratio
3456 4814 3654 4859 rerum

2004 4883 2077 4939 ad
2109 4884 2351 4939 unicum
2384 4883 2635 4940 Bardam
2684 4884 2954 4941 devoluta
2974 4890 3096 4951 est;
3140 4900 3317 4955 quem
3343 4883 3492 4938 adeo
3536 4884 3652 4937 im-

2003 4978 2241 5044 perator
2270 4973 2478 5029 dilexit
2503 4980 2569 5029 ut
2597 4973 2950 5046 curopalataa
2965 4988 3100 5027 eum
3124 4972 3655 5044 aﬂ‘eceritdiguita—

2002 5067 2084 5133 te,
2107 5063 2419 5133 praemium
2445 5061 2674 5117 scilicet
2696 5062 2770 5116 ob
2802 5065 3158 5119 summotam
3181 5076 3443 5116 sororem
3471 5061 3523 5117 ei
3546 5060 3660 5119 hoc

2005 5149 2282 5225 largiens.
2303 5152 2718 5219 Succrescente
2730 5148 3123 5229 jamprimum
3141 5148 3481 5231 imperatori
3496 5148 3661 5205 lanu-

2006 5238 2390 5310 gine,Bardas
2421 5254 2557 5293 cum
2576 5253 2645 5292 eo
2668 5235 3105 5306 expeditionem
3136 5237 3197 5293 in
3240 5237 3578 5294 Ismaelicos
3601 5246 3661 5296 et

1419 5362 1779 5423 XYLANDBI
1837 5364 1924 5421 ET
1989 5364 2203 5421 GOARI
2259 5362 2480 5419 NOTAE.

311 5459 427 5526 (44)
456 5459 628 5517 Forte
672 5457 795 5521 sic;
848 5456 1029 5530 dedit
1070 5473 1172 5515 eas
1229 5458 1472 5530 privatis
1530 5460 1897 5527 hominibus,

245 5530 349 5600 qui
376 5544 510 5584 cum
544 5545 643 5601 eas
673 5535 900 5601 Restare
923 5529 1069 5601 ipsis
1093 5532 1448 5601 permissum
1482 5539 1584 5587 aut
1613 5531 1899 5589 decorum

246 5598 368 5655 non
401 5605 577 5673 esset,
610 5598 682 5673 de
723 5599 796 5653 iis
841 5598 1465 5673 conﬂandisauroque
1495 5603 1557 5656 in
1588 5619 1743 5673 usus,
1762 5618 1900 5658 suos

245 5670 530 5729 vertendo
560 5670 910 5742 cogitarunt,
941 5678 1008 5727 ut
1056 5674 1137 5743 τῷ
1180 5669 1341 5743 ἰδικῷ
1369 5668 1467 5727 ἐἰι
1492 5688 1600 5744 pro
1631 5668 1896 5735 ἰδιώταις.

2008 5459 2157 5525 Quid
2190 5459 2237 5515 si
2271 5453 2459 5526 ε’δικῷ
2492 5457 2642 5513 forte
2674 5457 3021 5528 scripsit?ot
3050 5465 3303 5516 monster
3320 5479 3656 5528 percussor.

2011 5532 2111 5605 qui
2145 5530 2397 5605 [mulam
2429 5545 2572 5605 auro
2596 5529 2988 5605 imprimeret,
3038 5532 3121 5605 sic
3150 5529 3524 5604 appellatur?
3552 5535 3656 5595 sed

2011 5598 2233 5657 neseio.
2268 5598 2404 5657 Xvn.
2436 5631 2503 5640 —
2535 5598 2760 5667 Privato
2778 5598 3006 5661 aerario.
3032 5598 3209 5673 GOAa'.
