4130 6218
298 326 455 387 1Ο49

1434 316 1986 381 HISTORIARUM
2031 317 2184 381 CUM
2195 323 2570 389 PENDIUM.

3551 325 3707 389 1050

298 461 593 535 λεγόμενον
626 455 987 513 ΛαΛακαίωνα
1045 457 1156 529 (45)
1210 452 1421 521 τόπον,,
1447 453 1539 507 καὶ
1572 452 1780 529 λόχους
1811 473 1940 509 itav-

2064 463 2380 531 quemdam
2414 482 2444 519 e
2475 467 2718 538 captivis
2740 467 3024 523 Romanis
3072 467 3413 540 interrogat.
3438 467 3704 538 Cumque

297 548 537 607 ταχόθεν
592 546 876 618 ἐπέστησε,
933 543 1024 599 καὶ
1075 543 1211 618 πρὸς
1270 540 1598 615 συμπλοκὴν
1649 541 1954 614 ἐξεκαλεῖτο

297 639 395 693 τὸν
421 641 622 712 Ἀμερ.
656 637 929 700 Πάντοθεν
980 631 1072 688 οὖν
1123 632 1199 695 ὡς
1237 631 1426 707 θηρίον
1455 632 1642 706 περίον
1673 629 1954 707 περικλει-

301 728 445 789 σθεὶς
510 726 539 780 6
591 727 791 801 Ἀμερ,
848 723 939 778 καὶ
995 720 1117 796 περὶ
1172 723 1272 776 τοῦ
1324 718 1518 781 τέλους
1548 720 1816 798 ἀγωνιῶν,
1842 726 1953 776 τῶν

301 815 681 895 αἰχμαλώτων
809 813 931 867 τινὰ
1050 808 1340 884 Ῥωμαίων
1449 809 1959 885 προσκαλεσάμενος

299 903 620 968 ὲπονθάνετο
667 903 769 971 τήν
823 922 883 957 τε
932 906 1033 969 τῆς
1089 896 1275 974 χώρας
1305 897 1693 973 προσωνυμίαν
1722 899 1811 954 καὶ
1842 904 1940 954 τοῦ

299 996 467 1050 τόπον
528 993 580 1049 ἐν
638 992 684 1065 ᾧ
741 989 932 1066 ἔτυχεν
1002 986 1493 1063 ἐστρατοπεδεκὼς,
1549 990 1639 1044 καὶ
1693 995 1792 1045 τοῦ
1847 1013 1955 1048 πα..

305 1084 622 1160 ροιῤῥὲοντος
661 1084 939 1154 ποταμοῦ.
993 1080 1083 1141 Ὧς
1142 1076 1200 1133 δὲ
1256 1078 1355 1146 τὴν
1418 1078 1513 1152 μὶν
1545 1079 1732 1154 χώραν
1766 1081 1953 1138 Λαλα-

300 1174 508 1228 καίωνα
535 1172 738 1241 ἢκουσε
769 1168 1040 1244 λέγεσθαι,
1083 1167 1177 1222 τὸν
1228 1164 1286 1221 δὲ
1314 1170 1483 1222 τόπον
1516 1169 1808 1225 ιιτώσοντα
1838 1174 1953 1246 (46)

298 1262 389 1317 καὶ
422 1261 599 1334 Γύρην
652 1260 748 1315 τὸν
803 1257 1077 1330 ποταμὸν,
1134 1257 1221 1329 [Ρ.
1252 1258 1378 1328 547]
1432 1254 1587 1320 εὐθὺς
1626 1259 1792 1323 κακὸς
1821 1260 1950 1315 01m-

297 1350 389 1412 νὸς
447 1350 623 1421 ἑαυτῷ
686 1347 983 1424 γενόμενος
1038 1338 1350 1423 ξεφοίὸασε
1404 1342 1542 1400 λαοῦ
1599 1367 1659 1401 τε
1712 1347 1949 1405 κάκωσιν

300 1438 583 1511 σημαίνειν
613 1438 701 1493 καὶ
732 1440 938 1493 πτῶσιν
997 1435 1064 1490 τὰ
1121 1433 1383 1507 ὀνόματα,
1448 1434 1542 1490 καὶ
1600 1435 1675 1498 ὡς
1710 1438 1949 1512 Ἀνάγκη

297 1530 621 1604 γυρισθῆναι
649 1529 762 1600 (47)
786 1528 934 1598 ἡμᾶς
993 1524 1095 1579 ὑπὸ
1150 1522 1455 1597 Ῥωμαίων.
1498 1522 1657 1609 Ἀλλ’
1684 1524 1838 1597 ὅμως
1872 1528 1947 1600 μή

298 1616 661 1688 ἀποκνητέον,
720 1614 908 1693 φησὶν,
960 1610 1109 1669 ἀλλὰ
1166 1610 1466 1688 διεγερτέον
1523 1612 1614 1668 καὶ
1671 1614 1809 1688 πρὸς
1856 1617 1949 1670 τὸν

299 1703 488 1781 αὔριον
542 1706 899 1781 γενησόμενον
956 1703 1205 1776 πόλεμον
1261 1698 1595 1775 ἂνδριστὲον,
1652 1696 1754 1779 ἔφη
1812 1705 1952 1780 πρὸς

2064 550 2298 606 audiret
2326 554 2551 626 regioni
2609 556 2988 622 Lalacaaonis,
3019 556 3151 612 loco
3194 557 3510 626 Ptosontis,
3543 558 3701 613 amni

2066 640 2234 709 Gyris
2254 657 2474 699 nomen
2506 661 2655 712 esse,
2681 646 2880 702 statim
2930 647 3085 702 male
3115 646 3225 700 sibi
3264 647 3375 716 ipsi
3407 646 3703 703 ominatus

2066 727 2333 799 prmdicit
2357 731 2502 803 ipsis
2530 734 2723 789 verbis
2755 735 3060 806 copiarum
3105 733 3358 800 cladem,
3392 750 3609 804 easque
3640 736 3700 789 in

2064 833 2272 890 gyrum
2303 821 2600 902 inclusum
2649 825 2721 879 iri
2754 841 2789 880 a
2842 826 3144 889 Romanis,
3176 824 3533 880 denuntiari.
3557 826 3704 880 Suos

2065 912 2266 964 tamen
2300 917 2504 966 monet
2530 913 2615 967 uti
2646 930 2721 969 ne
2754 914 3093 986 desperent,
3126 914 3230 969 sed
3276 913 3509 968 fortiter
3539 930 3601 968 se
3633 913 3708 968 ad

2062 999 2347 1068 postridie
2378 1001 2636 1058 futuram
2667 1019 2927 1076 pugnam
2958 1009 3188 1075 parent.
3219 1002 3707 1071 Utilluxit,undi-

2073 1102 2187 1157 que
2216 1104 2280 1143 se
2312 1088 2610 1146 inclusum
2631 1108 2699 1146 ac
2728 1092 3179 1147 nullihiexitum
3196 1097 3397 1163 patere
3421 1092 3706 1159 sentiens,

2072 1191 2141 1230 eo
2165 1176 2251 1231 ire
2278 1176 2534 1233 decrevit
2548 1179 2651 1234 ubi
2664 1182 2980 1236 Petronam
2994 1181 3307 1236 stationem
3326 1186 3530 1236 tenere
3548 1179 3710 1235 vide—

2059 1265 2179 1333 bat,
2204 1265 2491 1338 hosteque
2526 1284 2740 1341 magno
2781 1285 2919 1325 cum
2975 1269 3187 1341 plausu
3219 1275 3277 1324 et
3305 1270 3566 1325 clamore
3614 1270 3703 1323 in-

2059 1355 2237 1410 vadit.
2290 1355 2402 1411 Sed
2460 1362 2737 1413 conatum
2779 1375 2952 1414 suum
2992 1358 3227 1413 irritum
3281 1375 3409 1413 esse
3458 1365 3708 1413 Cernens

2059 1443 2368 1515 paululum
2399 1462 2459 1500 se
2507 1447 2755 1519 recipit;
2815 1464 3171 1519 rursumque
3219 1447 3359 1502 inde
3417 1448 3705 1518 impetum

2058 1527 2218 1596 facit,
2252 1530 2573 1602 etfugiendi
2603 1538 2849 1604 captans
2887 1533 3282 1589 occasionem.
3304 1531 3565 1585 Tertium
3594 1530 3704 1584 hoc

2060 1617 2279 1675 frustra
2326 1627 2577 1677 conatus
2605 1627 2663 1677 et
2692 1623 2754 1677 in
2805 1628 3068 1678 extremo
3108 1621 3464 1677 constitutus
3493 1620 3702 1675 discri-

2061 1709 2565 1781 mine,postquam
2587 1711 2852 1782 undique
2872 1729 2943 1767 ex
2972 1710 3207 1766 insidiis
3238 1726 3367 1766 sese
3400 1710 3703 1781 proripere

298 1796 429 1856 τοὺς
495 1794 783 1870 παρόντας.
850 1791 1088 1866 Ἡμέρας
1175 1787 1232 1845 δὲ
1316 1787 1438 1865 ἄρτι
1505 1787 1940 1864 διαλαμπούσης,

2055 1797 2213 1853 videt
2251 1801 2548 1855 Romanos
2603 1802 2677 1856 ab
2721 1801 3004 1857 austrinis
3049 1807 3106 1857 et
3135 1797 3704 1872 septentrionalibus

298 1884 419 1940 ἐπεὶ
473 1883 736 1948 πάντοθεν
787 1879 1195 1958 συγκεκλεῖσθαι
1251 1873 1384 1954 ἔγνω
1441 1881 1533 1934 καὶ
1593 1879 1953 1960 ἀνεπιχείρη-

294 1994 393 2036 τος
439 1973 506 2042 ἦν
565 1974 600 2041 ἡ
658 1965 869 2041 ἔξοδος,
926 1968 1198 2048 συμφέρον
1255 1965 1433 2041 ἔκρινε
1485 1970 1603 2023 κατ’
1659 1967 1839 2024 ἐκεῖνο
1886 1972 1949 2026 τὸ

297 2064 466 2138 μέρος
498 2067 700 2138 χωρεῖν
755 2062 892 2116 ὅπου
961 2061 1053 2116 τὸν
1116 2064 1403 2130 Πετρωνᾶν
1437 2055 1545 2114 εἶδε
1576 2058 1938 2135 φυλάττοντα.

295 2156 397 2212 Καὶ
431 2151 498 2222 δὴ
529 2153 712 2226 κρότῳ
743 2151 833 2207 καὶ
894 2152 999 2225 βοῇ
1055 2155 1172 2212 τοῖς
1223 2148 1519 2222 πολεμίοις
1558 2149 1945 2226 προσέρραξαν,

294 2242 443 2300 Ἐπεὶ
546 2239 606 2296 δὲ
702 2241 987 2309 ἀνηνύτοις
1060 2237 1381 2317 ἔπιχειρῶν,
1460 2236 1652 2311 μικρὰν
1748 2259 1942 2294 συστα-

293 2333 409 2395 λεὶς
436 2331 589 2396 αὖθις
619 2331 713 2386 σὺν
756 2330 904 2407 ῥύμῃ
962 2324 1214 2405 ἐπεϐάρει
1276 2328 1411 2402 μετὰ
1467 2325 1772 2401 δυνάμεως,
1804 2325 1941 2383 ἁπό-

297 2421 483 2496 δρασιν
550 2421 723 2493 ἐαυτῷ
795 2419 1216 2497 μηχανώμενος.
1287 2414 1463 2473 Πάλιν
1530 2414 1589 2472 δὲ
1648 2417 1943 2492 ἀποτυχὼν

293 2514 383 2566 καί
413 2510 531 2586 τρὶς
559 2513 750 2565 τοῦτον
802 2509 1160 2582 ἐπιχειρήσας
1208 2507 1301 2562 τὸν
1349 2506 1554 2582 τρόπον
1606 2506 1683 2569 εἷς
1714 2507 1942 2582 ἀμηχα-

293 2599 408 2655 νίαν
467 2598 763 2654 ἐνέπιπτεν.
832 2598 920 2659 Ὡς
978 2593 1035 2651 δὲ
1097 2596 1364 2660 πάντοθεν
1431 2595 1784 2673 ἀναφανέντας
1849 2596 1939 2651 καὶ

289 2685 635 2759 ἐκπηδῶντας
666 2685 778 2742 εἶδε
829 2684 958 2748 τοὺς
1012 2685 1324 2758 Ῥωμαίους
1378 2682 1438 2741 ἔκ
1492 2705 1551 2740 τε
1591 2680 1936 2760 μεσημϐρίας

286 2778 515 2832 καὶτῶν
547 2777 685 2851 πρὸς
743 2773 939 2851 ἄρκτον
1000 2778 1202 2848 μερῶν,
1260 2774 1351 2828 καὶ
1408 2772 1618 2850 ἄφυκτα
1645 2774 1936 2845 κατενόησε

284 2870 351 2925 τὰ
382 2869 503 2944 περὶ
533 2868 694 2924 αὐτὸν
726 2868 883 2935 εἶναι,
930 2865 1053 2920 τότε
1097 2861 1164 2934 δὴ
1212 2865 1314 2934 τήν
1355 2863 1630 2939 σωτηρίαν
1662 2864 1931 2939 ἀπογνοὺς

282 2958 543 3031 ἐμπίπτει
592 2962 711 3020 τοῖς
765 2956 902 3011 κατᾶ
953 2954 1205 3027 μέτωπον
1252 2953 1464 3027 ἀθρόως
1524 2954 1660 3025 μετᾶ
1696 2951 1935 3031 σφοδρᾶς

281 3041 623 3121 προσϐολῆς.
683 3046 850 3102 Ἔνθα
895 3040 1110 3117 καιρίαν
1165 3039 1402 3115 πληγεὶς
1444 3040 1604 3102 αὐτός
1634 3061 1694 3095 τε
1722 3040 1931 3110 πίπτει,

284 3135 375 3189 καὶ
439 3136 546 3189 τῶν
607 3133 771 3188 αὐτοῦ
831 3129 1155 3201 διασώζεται
1211 3126 1336 3185 οὐδὲ
1391 3130 1491 3192 εἷς.
1546 3129 1853 3203 Πυθόμενος
1883 3127 1941 3185 δὲ

2060 1884 2226 1954 locis,
2264 1888 2562 1960 rebusque
2620 1890 2744 1945 suis
2790 1889 3020 1945 consuli
3070 1889 3236 1944 nullo
3283 1887 3457 1942 modo
3531 1902 3704 1959 posse

2060 1975 2357 2048 intelligit,
2390 1977 2702 2049 desperata
2745 1978 2936 2034 salute
2966 1979 3029 2033 in
3060 1977 3335 2033 adversos
3376 1978 3578 2031 hostes
3600 1992 3703 2030 ve-

2056 2063 2321 2119 hementi
2343 2082 2478 2120 cum
2509 2066 2734 2138 impetu
2758 2067 3162 2137 irruit,ibique
3184 2071 3242 2121 et
3264 2066 3391 2136 ipse
3420 2065 3706 2120 sternitur

2057 2158 2115 2207 et
2136 2153 2428 2209 exercitus
2450 2154 2580 2226 ejus
2602 2155 2909 2210 occidione
2932 2155 3108 2226 perit.
3145 2153 3329 2209 Filius
3370 2169 3505 2209 cum
3534 2157 3702 2224 parte

2054 2242 2358 2312 copiarum
2390 2245 2739 2315 populatum
2804 2245 3022 2299 missus
3079 2244 3232 2299 965
3267 2243 3476 2298 nuntio
3514 2241 3702 2298 cladis

2053 2337 2295 2402 accepto
2349 2333 2548 2388 statim
2604 2333 2942 2388 Melitenam
2988 2333 3127 2405 fuga
3174 2333 3339 2403 petit.
3373 2332 3486 2388 Sed
3539 2332 3697 2386 hunc

2053 2435 2288 2490 quoque
2348 2426 2405 2475 et
2460 2421 2783 2476 exercitum
2842 2421 2970 2492 ejus
3000 2421 3340 2476 Charsianis
3415 2420 3701 2492 angustiis

2050 2507 2365 2578 praefectus
2396 2508 2700 2563 insecutus
2717 2509 2778 2562 in
2795 2512 3151 2579 potestatem
3174 2506 3386 2576 redigit
3405 2522 3473 2561 ac
3493 2507 3665 2560 Petro
3679 2535 3698 2546 -

2050 2613 2140 2651 nas
2170 2596 2366 2651 tradit.
2417 2596 2561 2651 Tam
2609 2596 2829 2652 illustri
2859 2595 2932 2652 de
2964 2598 3173 2651 Amere
3198 2595 3440 2650 victorio
3470 2594 3697 2665 positus

2045 2690 2365 2740 Peetronas
2403 2682 2609 2756 Cpolin
2658 2685 2853 2752 rediit,
2887 2686 3141 2741 adducto
3197 2701 3399 2740 secum
3430 2684 3530 2755 qui
3562 2700 3694 2739 eam

2044 2775 2399 2846 praedixerat
2427 2775 3006 2845 monacho,divinam
3028 2776 3158 2847 ejus
3176 2775 3454 2829 virtutem
3474 2773 3688 2846 praadi-

2042 2880 2207 2932 cans,
2230 2865 2691 2935 imperatorique
2708 2869 2765 2918 et
2780 2864 2981 2920 Bardaa
2994 2880 3373 2936 summopere
3392 2879 3691 2919 commen-

2045 2953 2215 3009 dans.
2262 2954 2389 3008 Jam
2445 2958 2571 3007 tum
2628 2954 2930 3009 Manuelus
2977 2971 3047 3008 ex
3106 2952 3312 3009 morbo
3362 2951 3690 3008 interierat-

2044 3044 2249 3113 Itaque
2305 3043 2589 3098 Petronas
2655 3043 2995 3098 scholarum
3037 3042 3399 3098 domesticus
3446 3040 3689 3096 honoris

2043 3148 2222 3188 causa
2245 3138 2499 3197 creatur,
2530 3133 2825 3204 pauloque
2855 3138 2990 3205 post
3017 3133 3135 3189 vita
3162 3131 3416 3189 decedit.

281 3225 381 3292 τὴν
402 3223 566 3291 ἧτταν
618 3224 645 3277 6
691 3220 892 3277 τούτου
954 3221 1095 3290 υἱὸς,
1164 3219 1241 3279 εἰς
1299 3220 1584 3293 προνομὰς
1658 3219 1791 3291 μετὰ
1861 3218 2058 3294 μέρους
2118 3219 2447 3284 ἀποσταλεὶς
2497 3224 2595 3275 τοῦ
2649 3223 2902 3294 στρατοῦ,
2963 3220 3119 3282 εὐθὺς
3177 3219 3315 3293 πρὸς
3373 3215 3688 3287 Μελιτηνὴν

290 3308 701 3384 ἀπεδίδρασκεν.
762 3308 936 3367 Ἀλλὰ
990 3308 1081 3364 καὶ
1130 3312 1322 3363 τοῦτον
1381 3309 1410 3362 6
1462 3312 1560 3363 τοῦ
1616 3312 1928 3383 Χαρσιανοῦ
1979 3306 2315 3379 καταδιώξας
2373 3308 2813 3387 κλεισουράρχης
2874 3313 3155 3383 χειροῦται
3218 3308 3351 3381 μετὰ
3397 3310 3493 3362 τοῦ
3530 3326 3689 3380 στρα-

286 3399 558 3473 τεύματος
580 3400 673 3454 καὶ
701 3404 781 3471 τῷ
811 3396 1101 3473 στρατηγῷ
1132 3394 1321 3452 δίδωσι
1376 3401 1647 3470 Πετρωνᾷ.
1707 3398 1770 3456 Ὃ
1829 3395 1887 3452 δὲ
1934 3403 2221 3474 Πετρωνᾶς
2277 3403 2526 3455 τοιοῦτον
2573 3398 2710 3453 κατὰ
2738 3401 2834 3453 τοῦ
2864 3398 2928 3454 Ἀ
2942 3417 3041 3474 μερ
3072 3399 3272 3468 στήσας
3301 3396 3564 3472 τρόπαιον
3590 3395 3690 3465 τὴν

291 3496 548 3573 βασιλίδα
575 3491 1005 3571 καταλαμϐάνει,
1037 3489 1368 3572 ἔπαγόμενος
1397 3495 1488 3550 καὶ
1512 3496 1603 3550 τὸν
1634 3496 1735 3564 τήν
1763 3496 1920 3567 νίκην
1968 3497 2114 3570 αὐτῷ
2159 3500 2595 3572 προθεσπίσαντα
2648 3497 2910 3572 μοναχὸν,
2940 3498 3042 3567 τήν
3088 3516 3149 3551 τε
3175 3495 3370 3571 ἀρετην
3402 3494 3688 3563 ἐκθειάζων

288 3597 472 3669 αὐτοῦ,
538 3598 628 3652 καὶ
692 3599 829 3672 πρὸς
890 3599 984 3653 τὸν
1050 3594 1282 3672 βασιλέα
1344 3596 1436 3651 καὶ
1507 3593 1712 3672 Βάρδαν
1773 3597 1868 3652 τὸν
1929 3597 2128 3652 οἰκεῖον
2193 3596 2425 3676 ἀδελφὸν
2467 3597 2708 3671 ὲξυμνῶν
2737 3600 2929 3653 τοῦτον
2959 3597 3049 3650 καὶ
3080 3594 3416 3671 μεγαλύνων.
3449 3597 3684 3669 Τιμᾶται

278 3699 413 3770 γοῦν
440 3692 759 3769 δομέστικος
786 3701 895 3751 τῶν
929 3694 1178 3771 σχολῶν,
1216 3696 1350 3769 μετὰ
1384 3695 1579 3770 μικρὸν
1613 3692 1671 3750 δὲ
1703 3695 1791 3751 καὶ
1824 3690 2052 3751 ἀπεϐίω.
2109 3693 2464 3765 Ἐτελεύτησε
2495 3692 2554 3750 δὲ
2580 3696 2687 3772 πρὸ
2714 3697 2912 3750 τούτου
2942 3694 3031 3749 καὶ
3064 3695 3093 3749 6
3123 3693 3413 3763 Μανουήλ,
3440 3694 3585 3765 νόσῳ
3615 3690 3681 3762 δή

280 3815 388 3849 σινι
418 3793 727 3868 κρατηθείς.

358 3883 634 3944 Μονωθεὶς
692 3881 750 3938 δὲ
810 3884 837 3938 6
897 3881 1104 3956 Βάρδας
1161 3885 1260 3959 ἦγε
1314 3883 1405 3936 καὶ
1436 3876 1592 3960 ἔφερε
1618 3881 1813 3953 πάντα,
1843 3882 1936 3938 καὶ

283 3972 380 4035 τὰς
408 3971 470 4029 ἐκ
501 3972 771 4049 βασιλέως
825 3968 1026 4046 ἢμειϐε
1075 3976 1314 4049 συνεχῶς
1366 3973 1553 4046 τιμὰς,
1587 3974 1732 4028 ἆνὸει
1760 3971 1817 4027 δὲ
1844 3972 1934 4027 καὶ

288 4062 363 4124 εἷς
395 4064 494 4130 τὴν
551 4062 815 4136 Καίσαρος
874 4059 1030 4132 δόξαν
1083 4082 1141 4117 τε
1199 4061 1290 4116 καὶ
1345 4063 1541 4136 τιμὴν,
1572 4065 1670 4117 τοῦ
1701 4059 1932 4136 Μιχαὴλ

290 4147 523 4223 μηδενὸς
577 4151 763 4221 ἐτέρου
794 4151 1177 4230 φροντίζοντος
1225 4156 1333 4206 τῶν
1383 4151 1687 4206 πολιτικῶν
1740 4149 1931 4221 ἀλλ’ἢ

284 4241 520 4314 θεάτρων
579 4240 671 4295 καὶ
725 4240 913 4295 ἳππων
974 4239 1242 4313 ἁμίλλης.
1274 4241 1374 4297 Καὶ
1427 4240 1489 4294 τὸ
1535 4237 1600 4310 δὴ
1636 4239 1931 4318 χείριστον,

283 4330 381 4385 οὐκ
411 4331 595 4406 ἠγάπα
624 4332 822 4398 tea-rh:
852 4329 987 4383 εἶναι
1044 4327 1228 4401 μόνον,
1259 4326 1405 4384 ἀλλὰ
1445 4328 1535 4383 καὶ
1589 4328 1749 4390 αὐτὸς
1780 4331 1933 4399 ἡνιο·

284 4422 405 4493 χεῖν
460 4418 550 4472 καὶ
604 4418 850 4495 παίγνιον
902 4422 1018 4479 τοῖς
1077 4421 1206 4472 πᾶσι
1258 4423 1578 4493 προκεῖσθαι
1607 4418 1697 4472 καὶ
1732 4416 1930 4492 γέλως.

290 4505 395 4560 Καὶ
449 4505 477 4558 6
539 4506 633 4577 μὲν
688 4505 740 4561 ἐν
797 4507 1014 4569 τούτοις
1070 4507 1158 4579 ἧν,
1211 4506 1239 4561 6
1296 4504 1503 4581 Βάρδας
1564 4503 1621 4560 δὲ
1668 4502 1935 4561 διεῖπετά

289 4590 549 4647 πολιτικᾶ
577 4594 666 4646 καὶ
712 4597 810 4663 τῆς
860 4593 1140 4670 βασιλείας
1199 4595 1629 4671 κατεστοχάζετο
1659 4593 1732 4656 ὠς
1763 4594 1930 4665 αὐτὴν

290 4678 555 4755 εὐκαίρως
612 4680 1096 4755 παραληψόμενος.
1153 4682 1504 4756 Ἐπεμελ-ήθη
1567 4679 1624 4738 δὲ
1678 4681 1767 4737 καὶ
1832 4688 1931 4751 τῆς

284 4764 386 4839 ἔξω
418 4769 608 4848 σοφίας
660 4769 748 4841 (ἦν
805 4770 905 4844 γὰρ
964 4769 1024 4824 ἐκ
1079 4768 1295 4824 πολλοῦ
1330 4771 1533 4847 χρόνου
1564 4770 1931 4849 παραρῥυεῖσα

283 4858 375 4912 καὶ
406 4859 543 4932 πρὸς
572 4857 634 4911 τὸ
670 4854 836 4929 μηδὲν
882 4855 1028 4918 ὅλως
1074 4858 1377 4933 χωρήσασα
1428 4862 1497 4934 τῇ
1527 4864 1634 4915 τῶν
1667 4858 1929 4935 κρατούν-

281 4968 389 5004 των
446 4947 699 5023 ἀγροικίᾳ
749 4946 837 5001 καὶ
920 4943 1143 5020 ἄμαθίᾳ)

285 5037 604 5111 ἐπιστημῶν
635 5035 921 5110 ἀφορίσας,
953 5039 1061 5090 τῶν
1097 5036 1190 5109 μὲν
1248 5034 1436 5091 ἄλλων
1468 5036 1576 5108 ὅπη
1611 5057 1712 5112 περ
1741 5037 1923 5113 ἔτυχε,

282 5133 382 5197 τῆς
416 5122 463 5180 δ’
492 5124 581 5181 ἐπὶ
610 5128 799 5181 πασῶν
853 5122 1061 5198 ἐπόχου
1118 5122 1445 5204 φιλοσοφίας
1503 5127 1619 5181 κατ’
1675 5127 1814 5181 αὐτὰ
1860 5128 1928 5181 τὰ

2116 3884 2187 3938 At
2207 3883 2427 3939 Bardas
2472 3883 2634 3939 solus
2686 3888 2988 3954 superstes
3045 3882 3246 3937 omnia
3276 3879 3486 3936 exinde
3517 3896 3686 3953 agerc

2046 3989 2114 4027 ac
2144 3972 2319 4037 ferre,
2344 3973 2599 4027 honores
2658 3971 3073 4043 imperatorias
3121 3969 3372 4026 subinde
3426 3970 3489 4025 in
3539 3969 3689 4023 alios

2045 4066 2222 4131 atque
2252 4061 2400 4116 alios
2434 4061 2778 4126 transferre,
2837 4060 3104 4131 adeoque
3152 4058 3398 4113 Caesaris
3454 4073 3690 4128 quoque

2043 4149 2392 4222 dignitatem
2422 4149 2533 4204 sibi
2562 4165 2817 4207 sumere.
2859 4149 3178 4204 Michaelus
3204 4148 3431 4203 interea
3460 4146 3690 4202 nullam

2043 4239 2126 4293 rei
2151 4238 2404 4309 publicai
2437 4255 2659 4308 curam,
2687 4237 3173 4311 gerere,theatris
3204 4238 3377 4294 modo
3408 4241 3467 4292 et
3508 4253 3686 4308 eque-

2046 4327 2265 4383 stribus
2286 4344 2490 4382 vacare
2521 4328 2969 4397 certaminibus,
2991 4328 3268 4400 quodque
3285 4336 3410 4384 erat
3434 4329 3686 4384 deterri-

2046 4432 2229 4481 mum,
2264 4432 2381 4471 non
2414 4421 2646 4473 tantum
2684 4434 2753 4474 ea
2795 4424 3085 4490 spectare,
3118 4418 3221 4474 sed
3240 4424 3299 4474 et
3344 4420 3468 4492 ipse
3499 4436 3687 4492 equos

2043 4520 2216 4577 agere
2247 4505 2640 4576 omnibusque
2671 4507 3157 4564 subsannandum
3189 4525 3251 4564 se
3281 4514 3339 4563 et
3373 4509 3690 4566 ridendum

2043 4593 2345 4649 exhibere.
2382 4594 2627 4649 Interim
2668 4594 2886 4651 Bardas
2932 4597 3172 4669 negotia
3216 4595 3456 4668 publica
3475 4614 3691 4669 procu-

2041 4682 2228 4749 rabat,
2260 4684 2699 4755 imperiumque
2738 4684 2937 4740 animo
2979 4684 3090 4740 sibi
3144 4685 3501 4751 destinabat,
3527 4686 3681 4756 puod

2042 4789 2147 4828 suo
2170 4777 2436 4844 tempore
2468 4774 2879 4846 adipiscretur.
2913 4773 3075 4829 Idem
3120 4775 3399 4846 profanas
3447 4788 3682 4843 quoque

2040 4862 2288 4926 litieras,
2321 4880 2452 4934 quae
2483 4864 2907 4936 imperatorum
2936 4862 3208 4919 barbarie
3238 4866 3414 4932 atque
3447 4861 3683 4917 inscitia

1232 4943 1512 5022 διατριϐὰς
1561 4948 1757 5024 ἑκάστῃ
1818 4952 1926 5003 τῶν

2062 4968 2157 5006 am
2179 4968 2212 5007 a
2237 4952 2443 5008 multis
2467 4953 2640 5008 annis
2661 4968 2904 5024 prorsus
2933 4950 3308 5006 absolverant
3338 4955 3398 5004 et
3426 4964 3676 5004 evanue-

2035 5044 2188 5105 rant,
2219 5041 2527 5107 recreavit,
2560 5039 2808 5111 singulis
2857 5037 3120 5092 scientiis
3172 5043 3333 5092 certo
3381 5036 3510 5092 loco
3542 5053 3679 5093 suas

2035 5128 2269 5185 scholas
2290 5129 2643 5196 attribuens,
2673 5142 2962 5196 supremas
2984 5130 3182 5181 autem
3207 5125 3472 5181 omnium
3496 5125 3682 5197 philo-

1481 5226 1842 5281 XYLANDRI
1880 5227 1966 5280 ET
2005 5227 2223 5283 GOARI
2259 5228 2485 5282 ΝΟΤᾸΞ.

346 5325 461 5397 (45)
502 5323 705 5397 Vicina
755 5326 898 5378 sunt
944 5320 1226 5376 Militeme
1257 5326 1315 5375 et
1346 5321 1642 5377 Armeniae
1673 5322 1802 5378 loca
1830 5322 1928 5377 hic

277 5395 641 5451 enumerata.
678 5395 853 5449 Gon.

353 5466 596 5536 (116)7E;
650 5465 875 5536 Zonara
931 5479 1036 5533 pro
1093 5462 1372 5536 πιώσοντα
1440 5463 1551 5536 legi
1620 5462 1926 5536 πτώσοντα.

2095 5323 2209 5393 (47)
2241 5321 2501 5386 Quadrat
2536 5320 2675 5395 huic
2705 5320 2862 5395 loco
2922 5320 3244 5395 modernus
3292 5322 3474 5395 hujus
3517 5324 3676 5382 vocis

2021 5390 2328 5462 usus.'quo
2346 5408 2465 5446 non
2488 5390 2662 5445 modo
2693 5393 2751 5445 in
2779 5408 2977 5460 gyrum
3006 5392 3306 5459 includere,
3360 5390 3461 5449 sed
3521 5400 3579 5451 et
3607 5397 3667 5453 in

2019 5465 2472 5541 [ugthverterm
2503 5468 2649 5516 retro
2673 5463 2991 5517 amandare.
3021 5469 3081 5518 et
3111 5465 3202 5519 his
3232 5465 3453 5521 similla
3484 5468 3666 5541 signi-

282 5531 456 5591 ldem'
492 5534 673 5589 habet
717 5531 1073 5597 Λαλακοίῶνα,
1122 5531 1538 5590 Dalacaonem.
1577 5535 1817 5591 Videtur
1867 5533 1931 5589 in

2053 5538 2178 5588 icat.
2212 5533 2386 5588 Gosn.

285 5610 395 5664 hoc
423 5605 698 5662 allusisse
723 5604 798 5661 ad
824 5601 957 5659 λαόν
990 5609 1048 5659 et
1074 5604 1267 5660 καίειν.
1292 5605 1430 5660 ΧΠ..
