4126 6220
406 306 486 368 10
501 307 573 367 81

1790 302 2111 367 GEORGII
2157 306 2506 371 GEDRENI

3673 310 3838 371 {05!

420 440 640 511 sophiae
669 438 743 494 ad
791 439 981 510 ipsam
1008 437 1233 509 regiam
1273 436 1334 494 in
1363 436 1696 507 Magnaura.
1751 436 1955 507 Itaque
1991 453 2059 493 ex

2185 438 2405 511 βασιλέα
2486 440 2539 501 ἂν
2622 445 2692 517 τῇ
2773 444 3073 519 Μαγναῦρᾳ
3128 443 3217 498 καὶ
3276 443 3451 503 οὕτως
3506 441 3556 511 ἐξ
3613 439 3832 497 ἰκείνου

421 549 488 586 eo
538 544 776 584 rursum
834 527 1047 583 ﬂorere
1114 525 1377 585 scientiae
1430 530 1755 597 cmperuut,
1828 528 2062 586 tametsi

422 617 974 691 praestantissimum
1003 616 1355 674 ﬂﬂﬁhocet
1393 615 1812 673 celeberimum
1845 616 2064 673 factum

419 710 577 763 vitiis
610 706 810 763 Bardm
842 705 1115 761 eluendis
1174 721 1293 761 non
1325 705 1576 760 suffecit.
1624 705 2065 777 Philosophiam

417 798 668 853 docebat
696 812 941 867 magnus
978 794 1077 850 ille
1108 793 1499 865 philosophus
1533 794 1641 849 Leo
1674 795 2067 852 consobrinus

415 887 619 943 Jannis
651 884 1021 957 patriarchae.
1056 882 1159 938 Hic
1200 883 1310 941 Leo
1372 882 1684 953 episcopus
1745 900 1877 944 cum
1912 892 2069 941 esset

415 975 870 1041 Thessalonicm,
904 971 1357 1044 Imaginiperdis
1393 970 1684 1031 submotis
1743 972 1868 1043 ipse
1920 989 2071 1044 quo-

421 1084 535 1137 que
593 1081 840 1120 munere
917 1080 1023 1118 suo
1080 1062 1342 1133 privatus
1392 1078 1524 1121 cum
1588 1062 1649 1119 in
1708 1062 1826 1116 otio
1894 1062 2067 1135 dege-

419 1162 529 1220 ret,
583 1153 720 1208 huic
775 1153 885 1207 fuit
956 1151 1189 1221 negotio
1251 1150 1568 1205 adhibitus.
1650 1152 1861 1207 Verum
1934 1157 2071 1208 ante

420 1246 482 1300 in
512 1244 890 1316 imperatoris
920 1240 1233 1311 The0phili
1267 1240 1541 1299 notitiam
1576 1240 1686 1295 hoc
1728 1242 1903 1301 modo
1935 1258 2069 1313 per.

420 1334 833 1389 veneratLCum
858 1330 1052 1386 omnis
1096 1330 1479 1387 scientiarum
1524 1330 1761 1401 generis
1814 1331 2076 1401 perfecta

420 1422 754 1493 cognitione
805 1437 924 1475 non
972 1419 1217 1477 haberet
1268 1420 1378 1476 sibi
1424 1436 1647 1491 parem,
1685 1419 1782 1475 vili
1815 1420 2073 1490 quodam

417 1513 477 1567 in
511 1511 812 1566 domicilio
848 1510 1062 1580 quibus
1081 1509 1334 1579 quisque
1354 1509 1531 1563 vellet
1552 1509 1779 1564 artibus
1805 1510 2075 1564 homines

420 1600 788 1655 instituebat.
850 1598 1166 1668 Aliquanto
1222 1604 1509 1668 tempore,
1572 1613 1702 1652 cum
1785 1597 1955 1652 multi
2015 1597 2073 1651 in

425 1690 689 1747 scientiis
730 1704 1075 1760 progressus
1133 1686 1291 1742 haud
1336 1687 1712 1758 pmnitendos
1769 1686 2073 1752 fecissent,

423 1781 573 1835 forte
599 1780 834 1850 juvenis
866 1778 1106 1849 quidam
1139 1777 1295 1847 apud
1344 1795 1477 1832 eum
1541 1793 1833 1832 summam
1866 1782 2074 1831 nactus

426 1871 764 1942 geometrim
813 1868 1086 1939 peritiam
1146 1866 1341 1921 scriba
1399 1866 1463 1920 fit
1519 1866 1830 1937 cujusdam
1882 1866 2068 1932 ducis,

425 1976 679 2030 cumque
712 1976 778 2013 eo
812 1959 870 2011 in
898 1958 1118 2012 bellum
1151 1957 1467 2027 profectus,
1520 1956 1666 2013 fusis
1697 1972 1939 2011 suorum
1975 1972 2074 2009 co-

422 2050 797 2120 piis.vivusin
818 2046 1075 2101 hostium
1096 2050 1442 2114 potestatem
1469 2044 1755 2114 pervenit,
1789 2050 1846 2097 et
1867 2044 2071 2098 Sarra-

421 2155 566 2194 ceno
600 2137 833 2192 cuidam
858 2135 1073 2189 illustri
1096 2135 1157 2187 in
1187 2134 1529 2188 servitutem
1562 2132 1820 2188 deditur.
1851 2137 2070 2187 lsmae-

426 2228 666 2283 litarum
700 2243 767 2279 eo
802 2230 1065 2295 tempore
1098 2223 1374 2294 princeps
1417 2224 1744 2277 Mamumus
1776 2239 1908 2278 cum
1940 2222 2076 2277 aliis

432 2319 644 2373 Graecis
668 2315 1000 2387 disciplinis
1048 2313 1309 2375 vacabat.
1343 2320 1467 2369 tum
1501 2314 1796 2385 praecipue
1845 2329 2077 2385 geome-

432 2412 557 2463 trite
590 2412 715 2462 erat
772 2406 1025 2459 deditus.
1060 2403 1289 2459 Accidit
1344 2403 1667 2474 aliquando
1698 2408 1763 2457 ut
1812 2403 1962 2473 ejus.
2005 2401 2076 2456 de

436 2517 552 2571 quo
602 2498 880 2565 diximus,
905 2498 1141 2568 juvenis
1188 2496 1465 2551 dominus
1522 2495 1594 2549 de
1652 2510 2077 2550 amermumna)

434 2591 496 2644 in
529 2589 891 2643 mathemata
922 2593 980 2640 et
1016 2586 1398 2658 geometriam
1457 2584 1652 2639 studio
1713 2586 2075 2641 mentionem

434 2680 672 2735 faceret.
700 2678 780 2731 lbi
816 2692 1028 2745 cupere
1060 2692 1121 2728 se
1170 2690 1303 2727 cum
1338 2673 1641 2743 ipsiusque
1674 2674 1944 2729 doctores
1972 2692 2078 2730 au-

434 2768 560 2822 dire
592 2765 957 2820 mentionem
982 2761 1218 2831 juvenis
1243 2761 1344 2826 ait,
1378 2766 1435 2816 et
1494 2779 1671 2832 quam
1729 2762 2081 2817 adhiberent

431 2855 609 2909 rebus
623 2852 996 2924 geometricis
1009 2851 1377 2922 diligentiam
1411 2850 1730 2922 explorare.
1753 2853 2081 2909 Mamumus

432 2946 544 2999 hoc
575 2942 805 3009 cognito
822 2942 1101 3011 juvenem
1137 2941 1307 2995 lmtus
1337 2942 1485 2996 061
1524 2940 1844 2995 admodum
1891 2941 1964 2996 ad
2017 2958 2080 2996 se

432 3038 619 3100 vocat,
653 3038 710 3086 et
757 3048 831 3087 an
865 3032 1158 3104 cognitam
1206 3032 1459 3086 hameret
1518 3047 1645 3084 eam
1699 3029 2080 3101 disciplinam

435 3124 666 3195 quaerit.
701 3128 753 3177 et
793 3122 974 3177 aienti
1009 3122 1181 3176 fidem
1216 3121 1473 3192 derogat,
1509 3136 1577 3174 eo
1610 3125 1875 3191 tempore
1898 3120 2083 3174 nemi-

435 3229 573 3267 nem
623 3218 837 3283 praeter
889 3229 1025 3265 suos
1076 3212 1387 3277 magistros
1444 3209 1774 3279 geometria:
1833 3223 2077 3276 gnarum

436 3317 563 3356 esse
578 3301 960 3355 contendens.
976 3298 1212 3352 Juvenis
1226 3312 1441 3365 cupere
1456 3313 1517 3349 se
1541 3312 1744 3349 eorum
1770 3295 2080 3349 scientiam

436 3389 773 3442 examinare
798 3403 929 3440 cum
958 3386 1202 3445 diceret,
1236 3385 1434 3437 statim
1468 3383 1504 3435 ii
1556 3389 1769 3453 praesto
1818 3382 2078 3451 fuerunt,

434 3477 768 3547 ﬁgurasque
800 3475 980 3529 trium
1011 3480 1068 3527 et
1096 3478 1350 3544 quatuor
1377 3472 1729 3545 angulorum
1761 3472 2083 3545 descripse-

434 3569 595 3627 runt,
619 3569 678 3617 et
708 3563 768 3621 in
800 3562 1062 3621 medium
1094 3578 1354 3617 canones
1386 3562 1813 3634 principiorum
1842 3580 2080 3635 geome~

435 3656 565 3710 trite
626 3653 1019 3720 adduxerunt,
1064 3654 1314 3709 nomina
1388 3653 1635 3725 figuram
1695 3660 2081 3725 exponentes,

436 3744 599 3800 nulla
628 3745 867 3799 interim
922 3743 1152 3798 reddita
1207 3760 1385 3798 causa
1432 3748 1534 3798 aut
1582 3743 1807 3815 prolata
1836 3743 2082 3798 demon-

437 3836 740 3891 stratione.
774 3836 885 3888 Eos
914 3850 1050 3888 cum
1090 3835 1289 3889 animo
1331 3833 1518 3889 elatos
1562 3833 1788 3904 jactare
1846 3848 1975 3891 sese
2006 3834 2081 3887 ob

436 3925 897 3995 descriptionem
955 3924 1273 3996 figurarum
1334 3922 1559 3980 videret
1609 3922 1865 3992 juvenis,
1929 3944 1956 3971 «
2016 3923 2081 3976 In

440 4016 623 4076 omni,
656 4014 869 4084 inquit,
904 4014 1133 4067 ratione
1164 4018 1340 4082 atque
1385 4028 1446 4067 re
1499 4028 1736 4067 causam
1770 4011 2082 4066 continens

439 4104 865 4161 demonstratio
900 4101 1227 4174 principem
1287 4100 1514 4159 obtinet
1570 4100 1788 4156 locum.
1821 4099 1944 4163 Qua
1982 4116 2082 4159 vos

440 4194 680 4257 omissa,
703 4207 837 4246 cum
888 4208 1016 4246 esse
1052 4206 1177 4245 rem
1211 4188 1620 4243 tantummodo
1652 4188 1881 4249 dicatis,
1932 4204 2083 4258 prm-

438 4282 613 4350 cipua
635 4282 973 4351 ignorantes
988 4279 1265 4339 videmini
1281 4278 1427 4332 mihi
1448 4295 1565 4333 non
1590 4276 1796 4332 leviter
1817 4293 2034 4333 errare.
2056 4303 2081 4325 υ

442 4368 814 4423 Hmrentibus
870 4367 941 4422 iis
1008 4373 1067 4423 et
1123 4374 1186 4423 ut
1242 4383 1448 4421 causas
1528 4367 1651 4437 ipse
1709 4367 2080 4423 demonstra-

438 4463 531 4512 ret
577 4457 936 4527 petentibus,
999 4472 1104 4509 cur
1161 4456 1379 4524 qumvis
1444 4455 1629 4526 figura
1686 4456 1795 4511 hoc
1862 4473 2080 4512 nomen

2170 523 2492 598 ἀνηϐάσκειν
2543 532 2597 586 αἱ
2648 532 2945 606 ἐπιστῆμαι
3002 533 3255 607 ἤρξαντο.
3317 536 3490 587 Τοῦτο
3548 532 3608 586 τὸ
3671 526 3839 604 ἔργον

2168 616 2463 673 κάλλιστον
2492 621 2581 675 καὶ
2621 617 2947 695 περιϐόητον
2994 617 3053 675 ὅν
3101 621 3201 676 οὐκ
3257 619 3479 698 ἴσχυσεν
3509 619 3835 675 ἀποπλῦναι

2168 706 2264 768 τὰς
2319 706 2540 771 ἐνούσας
2595 708 2769 771 ἄλλας
2826 715 2907 782 τῷ
2956 707 3135 783 Βάρδᾳ
3163 706 3422 779 κηλῖδας.
3451 711 3568 777 Τῆς
3604 709 3707 780 μὲν
3742 709 3838 762 οὖν

2170 792 2497 872 φιλοσοφίας
2555 796 2797 873 ἐξηγεῖτο
2856 797 3003 853 Λέων
3064 797 3269 859 ἰκεῖθος
3327 798 3355 851 6
3419 797 3590 870 μέγας
3648 816 3716 852 τε
3748 795 3842 849 καὶ

2172 883 2498 964 φιλόσοφος,
2557 886 2773 961 ἀνεψιὸς
2841 884 2914 941 ὣν
2970 888 3149 956 Ἰαννῆ
3209 891 3305 942 τοῦ
3358 885 3742 960 πατριάρχου,
3777 881 3841 945 ὅς

2171 973 2264 1028 καὶ
2294 974 2385 1028 τὸν
2442 975 2630 1049 θρόνον
2689 974 2857 1051 ἔλαχε
2914 983 3016 1046 τῆς
3079 978 3163 1050 [Ρ.
3234 977 3361 1048 548]
3404 974 3845 1044 Θεσσαλονίκης,

2173 1063 2295 1139 ἄρτι
2348 1060 2405 1119 δὲ
2459 1070 2569 1119 τῶν
2619 1065 3018 1141 Εἰκονομάχων
3073 1064 3496 1140 καθαιρεθέντων
3553 1067 3848 1137 συγκαθη-

2180 1155 2307 1227 ρέθη
2328 1151 2419 1208 καί
2449 1152 2634 1223 αὐτὸς,
2667 1154 2754 1209 καὶ
2811 1155 3102 1228 σχολάζων
3162 1153 3237 1215 εἷς
3294 1154 3494 1222 ταύτὴν
3527 1147 3843 1228 προεϐιόἁ⁴

2176 1247 2296 1310 ζετο
2345 1243 2444 1313 τὴν
2510 1242 2747 1321 σχολήν.
2805 1244 3051 1320 Ἐγένετο
3111 1240 3168 1298 δὲ
3223 1244 3487 1319 πρότερον
3544 1243 3845 1315 γνώριμος

2175 1327 2425 1406 Θεοφίλῳ
2468 1335 2549 1403 τῷ
2577 1330 2795 1405 βασιλεῖ
2849 1336 3039 1387 τοῦτον
3100 1332 3190 1389 τὸν
3221 1332 3450 1405 τρόπον.
3509 1333 3696 1392 Πάσας
3731 1330 3843 1403 γὰρ

2174 1420 2523 1493 κατορθώσας
2559 1421 2653 1483 τὰς
2686 1420 2987 1493 ἐπιστήμας
3047 1422 3120 1482 ὡς
3179 1418 3305 1475 οὐδὲ
3361 1420 3484 1492 μίαν
3537 1416 3845 1493 ἓτερος,ἐν

2178 1506 2389 1563 εὐτελεῖ
2426 1530 2531 1563 τινι
2596 1508 2940 1582 καταλύματι
3001 1507 3200 1585 διάγων
3257 1510 3384 1570 τοὺς
3448 1507 3844 1582 βουλομένους

2177 1597 2551 1672 έμυσταγώγει
2611 1599 2806 1653 ὁποίαν
2862 1596 3083 1660 ἕκαστος
3147 1597 3425 1673 βούλοιτο.
3485 1604 3570 1659 Ὡς
3625 1594 3670 1655 δ’
3724 1594 3845 1666 ἤδη

2185 1688 2381 1761 χρόνος
2413 1687 2754 1759 παρετείνετο
2783 1688 2875 1742 καὶ
2934 1685 3136 1742 πολλοὶ
3201 1687 3338 1742 κατᾶ
3394 1688 3490 1748 τὰς
3522 1684 3846 1757 ἐπιστήμας

2105 1810 2150 1872 Β
2182 1775 2545 1848 προέκοπτον,
2605 1771 2801 1846 συνέϐη
2847 1777 2972 1831 τινὰ
3033 1775 3239 1831 νεανίαν
3299 1782 3400 1844 τῆς
3451 1781 3849 1849 γεωμετρικῆς

2182 1862 2492 1938 ἐπιστήμης
2546 1864 2623 1926 εἷς
2679 1863 2841 1939 ἄκρον
2924 1862 3240 1934 ἐληλακότα
3314 1863 3630 1939 ὑπογραφέα
3691 1860 3851 1937 γενέ-

2182 1954 2301 2007 σθαι
2378 1954 2524 2013 τινὸς
2601 1959 2925 2029 στρατηγοό.
3012 1954 3090 2010 Οὗ
3149 1955 3441 2028 γενομένου
3521 1952 3659 2009 κιτᾶ
3722 1971 3849 2006 τινα

2179 2040 2423 2111 πόλεμον
2484 2042 2665 2098 εἵπετο
2712 2044 2802 2097 καὶ
2859 2042 3017 2104 αὐτὸς
3054 2087 3068 2111 ,
3136 2045 3222 2097 καί
3285 2049 3497 2115 τροπῆς
3538 2040 3847 2118 γενομένης

2184 2135 2471 2204 ζωγρεῖται
2510 2131 2600 2185 καί
2654 2153 2758 2187 τινι
2815 2138 2923 2187 τῶν
2969 2131 3239 2208 ἐπιφανῶδ
3295 2131 3372 2193 εἷς
3406 2128 3652 2189 δουλείαν
3690 2128 3840 2189 ἐκδίο

2181 2217 2354 2275 δοται.
2384 2225 2443 2276 Ὀ
2473 2217 2529 2274 δὶ
2557 2220 2692 2275 κατᾶ
2740 2217 2894 2276 τόνδε
2923 2221 3015 2279 τὸν
3046 2220 3235 2295 καιρόν
3298 2224 3402 2276 τῶν
3460 2218 3840 2291 Ἰσμαηλιτῶν

2180 2311 2473 2387 κατάρχων
2536 2309 2782 2383 Manno-Sp
2832 2309 3029 2372 ἄλλοις
3082 2329 3141 2365 τε
3201 2311 3515 2381 μαθήμασιν
3572 2306 3832 2377 Ἑλληνιο

2181 2404 2299 2460 κοῖς
2330 2396 2619 2476 σχολάζων
2646 2399 2735 2452 καὶ
2795 2396 2861 2467 δὴ
2921 2399 3011 2455 καὶ
3070 2399 3408 2474 γεωμετρίας
3459 2394 3838 2473 διαφερόντως

2182 2483 2500 2562 ἐξεχόμενος
2530 2482 2619 2550 ἦν.
2681 2483 2856 2556 Λόγου
2920 2480 2976 2537 δέ
3029 2502 3160 2539 ποτε
3216 2484 3527 2552 κινηθέντος
3559 2482 3707 2555 παρὰ
3739 2484 3839 2535 τοῦ

2180 2573 2274 2629 τὸν
2304 2572 2514 2629 νεανίαν
2537 2566 2761 2646 ἔχοντος
2794 2568 3058 2629 δεσπότου
3105 2572 3227 2646 περὶ
3285 2579 3383 2640 τῆς
3441 2570 3517 2633 εἷς
3547 2572 3613 2625 τα
3656 2572 3840 2642 μαΟῆ-

2190 2691 2329 2743 ματα
2388 2667 2627 2735 σπουδῆς
2683 2672 2779 2724 τοῦ
2835 2668 3204 2741 ἀμερμουμνῆ
3261 2669 3348 2724 καὶ
3406 2674 3505 2735 τῆς
3563 2667 3687 2739 περὶ
3742 2668 3843 2731 τῆν

2181 2758 2518 2835 γεωμετρίαν
2556 2756 2891 2829 ἐπιμελείας,
2946 2780 2974 2809 ι(
3006 2757 3260 2813 Ἀκοῦσαι
3321 2756 3538 2817 τούτου.
3572 2778 3599 2807 ››
3628 2756 3783 2811 εἶπεν
3817 2756 3845 2809 6

2185 2846 2415 2913 νεανίας,
2448 2871 2473 2897 α
2510 2845 2761 2918 ἐπιθυμῶ
2791 2846 2880 2901 καὶ
2912 2849 3019 2899 τῶν
3054 2843 3218 2900 αὐτοῦ
3250 2842 3616 2908 διδασκάλων,
3648 2843 3743 2898 καὶ
3778 2845 3844 2913 ἦν

2186 2931 2379 3014 ἔχουσι
2409 2935 2531 3009 περὶ
2561 2937 2660 3005 τήν
2723 2934 3058 3008 γεωμετρίαν
3119 2936 3449 3002 κατανοῆσαι
3510 2930 3781 3002 σπουδήν.
3820 2958 3840 2985 ι

2183 3027 2389 3099 Ἓμαθε
2459 3030 2620 3079 τοῦτο
2680 3025 2708 3079 6
2769 3024 3066 3097 Μαμοίιμ,
3123 3024 3213 3078 καὶ
3275 3023 3409 3096 μετᾶ
3486 3022 3845 3096 περιχαρείας

2193 3115 2521 3171 είσκαλεῖται
2576 3114 2667 3169 τὸν
2713 3111 2830 3167 νέον
2891 3110 3154 3178 πολλῆς,
3240 3111 3327 3169 καί
3403 3112 3845 3186 παραγενόμενον

2194 3204 2550 3266 ἐκπυνθάνετο
2583 3202 2625 3256 εἷ
2659 3207 2856 3276 γνῶσιν
2914 3195 3030 3275 ἔχει
3087 3208 3187 3270 τῆς
3243 3201 3500 3271 τοιαύτης
3532 3198 3843 3270 δυνάμεως

2195 3290 2675 3365 Συγκαταθεμένου
2736 3289 2783 3345 δ’
2839 3290 3045 3345 ἐκείνου
3102 3290 3316 3360 ἠπίστει
3347 3291 3376 3345 6
3418 3285 3719 3365 βάρεαρος,
3751 3289 3840 3345 καὶ

2193 3380 2475 3437 διετείνετο
2532 3377 2734 3452 μηδένα
2820 3375 2999 3451 ἕτερον
3057 3379 3194 3436 εἶναι
3253 3377 3400 3448 πλὴν
3467 3383 3576 3435 τῶν
3633 3377 3840 3437 ἐκείνου

2194 3468 2535 3525 διδασκάλων
2589 3476 2688 3538 τῆς
2774 3475 3151 3545 γεωμετρικῆς
3204 3468 3515 3541 ἐπιστήμης
3569 3465 3840 3539 εἲδὴμονα

2192 3562 2328 3619 κατὰ
2373 3561 2471 3628 την
2528 3553 2652 3615 τότε
2708 3558 2938 3631 ἡμέραν.
2998 3557 3322 3632 Ἱμείρεσθαι
3353 3553 3412 3615 δὲ
3440 3558 3712 3634 φήσαντος
3742 3562 3839 3615 τοῦ

2192 3648 2466 3705 νεανίσκου
2522 3651 2627 3707 τῶν
2685 3646 2847 3700 αὐτοῦ
2941 3643 3287 3713 διδασκᾴλων
3362 3650 3550 3719 πεῖραν
3625 3640 3839 3717 λαϐεῖν⁷

2193 3736 2443 3805 θᾶττονῆ
2479 3734 2646 3811 λόγος
2706 3734 2854 3789 οὗτοι
2912 3735 3289 3808 παρίστανται,
3318 3733 3409 3788 καί
3449 3729 3843 3811 διεχαράττον-

2192 3848 2255 3882 το
2314 3828 2575 3901 σχήματα
2622 3825 2860 3898 τρίγωνα
2917 3824 3003 3881 γαῗ
3057 3824 3419 3907 ’τετράγωναι
3469 3823 3561 3883 καί
3619 3824 3842 3883 κακόνες

2195 3915 2271 3979 εἰς
2303 3917 2463 3987 μέσον
2518 3912 2869 3987 προύτίθεντο
2926 3916 3023 3967 τοῦ
3078 3915 3458 3988 ποιχειωτοῦ,
3503 3911 3565 3966 τὸ
3608 3912 3727 3984 μὲν,
3757 3913 3843 3968 ὅτι

2194 4004 2255 4058 τὸ
2291 4002 2485 4078 σχῆμα
2543 3999 2667 4056 τόδε
2732 3999 2894 4073 τήνδε
2955 4000 3102 4078 φέρει
3158 4003 3257 4068 την
3324 3999 3520 4066 κλῆσιν
3578 4001 3669 4055 καὶ
3719 4000 3845 4059 τόδε

2191 4088 2375 4161 τήνδε,
2406 4086 2758 4157 διδέσκόντες,
2814 4088 2988 4145 αἰτίαν
3040 4087 3095 4143 δέ
3124 4089 3213 4144 καὶ
3243 4088 3405 4165 λόγον
3460 4090 3546 4143 καὶ
3607 4089 3670 4143 τὸ
3702 4086 3845 4143 διότι

2196 4177 2516 4234 ἀπεδίδοσαν
2574 4174 2829 4251 οὐδαμῶς
2866 4221 2879 4235 .
2936 4178 3026 4239 Ὠς
3084 4178 3175 4232 οὗν
3232 4178 3377 4250 ἑώρα
3436 4176 3844 4251 γαυρουμένους

2194 4269 2388 4329 αὐτοὺς
2431 4269 2457 4322 ὁ
2514 4267 2720 4327 νεανίας
2784 4267 2874 4321 καὶ
2927 4267 3061 4341 μέγα
3100 4271 3431 4342 φρονοῦντας
3489 4266 3574 4321 ἐπὶ
3633 4270 3702 4339 τῇ
3734 4272 3840 4320 τῶν

2197 4360 2503 4438 σχημάτων
2532 4362 2873 4435 καταγραφῇ.
2916 4385 2934 4408 ιι
2968 4358 3089 4415 Ἐπί
3119 4359 3314 4419 παντὸς
3366 4356 3557 4435 λόγου,
3592 4359 3636 4412 ὦ
3668 4355 3840 4425 οὗτοι,

2196 4452 2223 4504 6
2281 4448 2489 4512 νεανίας
2547 4446 2672 4525 ἔφη,
2717 4448 2805 4503 καὶ
2862 4446 3183 4522 πράγματος
3250 4447 3311 4507 τὸ
3369 4444 3509 4501 διότι
3574 4446 3635 4499 τὸ
3676 4450 3839 4521 κῦρος

441 4554 500 4603 et
557 4524 708 4602 hanc
767 4545 1226 4601 delineationem
1299 4524 1563 4612 haberet,
1613 4545 1821 4600 ordine
1880 4553 2076 4601 osten-

2197 4535 2333 4614 ἔχει·
2370 4542 2522 4612 ὑμεῖς
2554 4536 2611 4593 δέ
2675 4540 2773 4608 τήν
2804 4536 3022 4610 ῧπαρξίν
3084 4535 3256 4606 μόνην
3325 4534 3571 4612 λέγοντες
3625 4536 3754 4598 τοὺς
3786 4534 3842 4590 δὲ

439 4637 546 4695 dit.
599 4638 640 4693 li
700 4636 774 4691 ad
832 4634 917 4688 rei
974 4633 1428 4703 intelligentiam
1486 4633 1721 4688 deducti
1780 4634 2084 4690 hominem

437 4746 612 4801 porro
666 4724 941 4782 admirati
1003 4723 1387 4793 interrogant,
1441 4722 1687 4777 aliosme
1747 4722 1923 4777 etiam
1995 4729 2084 4785 ta-

440 4818 526 4874 les
616 4814 957 4890 Byzantium
1044 4810 1307 4868 haberet.
1391 4812 1458 4866 Et
1547 4826 1681 4875 cum
1755 4811 2080 4882 responde-

438 4914 527 4965 ret
554 4906 862 4979 plurimos,
894 4920 961 4963 ac
991 4920 1052 4959 se
1083 4900 1512 4979 discipulorum
1568 4899 1904 4969 minimum,
1962 4917 2082 4956 non

439 5015 508 5053 ex
550 4996 966 5069 magistrorum
1018 5009 1145 5048 esse
1177 5007 1449 5058 numero,
1486 4992 1815 5051 Mamumus
1845 5006 2079 5051 rursum

438 5086 509 5140 de
544 5085 784 5140 doctore
807 5083 1038 5153 qumrit,
1090 5081 1223 5153 quis
1252 5079 1350 5136 ille
1383 5086 1441 5134 et
1495 5096 1570 5134 an
1618 5078 1810 5137 adhuc
1841 5078 2079 5134 viveret.

437 5174 778 5245 Respondet
800 5174 1053 5227 Leonem
1086 5186 1212 5224 esse
1244 5168 1302 5222 in
1338 5168 1476 5222 vivis
1507 5167 1720 5233 adhuc,
1754 5167 1993 5237 inopem
2026 5172 2085 5221 et

436 5261 589 5314 968
616 5261 765 5315 nulli
799 5259 899 5314 alii
928 5259 1011 5312 rei
1047 5272 1224 5328 quam
1257 5255 1521 5310 scientiis
1551 5254 1838 5309 deditum.
1873 5253 2081 5308 Statim

439 5364 575 5419 ergo
607 5350 679 5403 ad
709 5351 869 5405 hunc
900 5349 1129 5404 litteras
1169 5346 1230 5402 in
1269 5346 1422 5401 hanc
1473 5345 1830 5401 sententiam
1862 5345 2079 5405 Mamu-

434 5450 569 5489 mus
617 5438 867 5491 scribit:
905 5459 931 5485 ‹‹
987 5439 1069 5490 Ex
1101 5435 1313 5503 fructu
1337 5434 1632 5501 arborem,
1667 5451 1738 5490 ex
1789 5433 2081 5506 discipulo

437 5522 787 5593 magistrum
858 5525 1223 5595 agnovimus.
1293 5524 1456 5595 Ergo,
1507 5523 1608 5593 qui
1663 5529 1828 5579 tanta
1883 5539 2083 5578 rerum

436 5615 761 5673 instructus
792 5612 1041 5665 scientia
1070 5612 1303 5682 ignotus
1336 5613 1451 5666 tuis
1501 5611 1726 5668 civibus
1778 5612 2083 5683 sapientia

2193 4629 2394 4706 λόγους
2424 4629 2856 4704 παρατρέχοντες
2907 4625 3017 4699 οὐχ
3067 4625 3264 4694 ἥκιστά
3335 4646 3426 4699 μοι
3459 4622 3840 4699 διαμαρτάνειν

2192 4717 2419 4786 δοκεῖτε,
2465 4718 2525 4771 τὸ
2581 4715 2907 4789 κυριώτερον
2950 4714 3290 4790 ἀγνοοῦντες.
3336 4737 3359 4766 ι
3404 4716 3524 4770 Τῶν
3557 4713 3613 4769 δὲ
3643 4713 3839 4770 διαπο-

2192 4807 2469 4883 ρησάντων
2498 4803 2587 4859 καί
2639 4805 2732 4864 τὰς
2762 4802 2938 4864 αἰτίας
2993 4803 3202 4857 τούτων
3272 4800 3585 4877 διευκρινεῖν
3644 4801 3841 4860 καὶδιο

2191 4895 2402 4951 δάσκειν
2456 4891 2919 4976 παρακαλούντων
2953 4934 2967 4958 ,
3055 4888 3169 4947 ἐπεὶ
3258 4888 3679 4967 διερμηνεΰοντα
3750 4894 3842 4948 καὶ

2192 4984 2551 5053 σαφτλνίζοντα
2580 4985 2773 5040 ταῦτας
2807 4978 3078 5057 εὕρισκον,
3136 4978 3210 5040 ὡς
3268 4976 3393 5034 τόδε
3454 4980 3547 5054 μὲν
3580 4978 3666 5035 διὰ
3695 4979 3844 5047 τόδε,

2189 5070 2317 5127 τόδε
2348 5070 2404 5125 δὲ
2436 5068 2525 5124 διὰ
2580 5065 2705 5123 τόδε
2749 5070 2849 5138 τήν
2918 5067 3220 5143 εῗρημένης
3274 5064 3471 5137 κλῆσίν
3500 5088 3558 5122 τε
3588 5069 3678 5123 καὶ
3711 5090 3843 5145 γρα-

2194 5166 2300 5243 φὴν
2356 5164 2500 5240 ἔχει,
2557 5158 2647 5214 καὶ
2708 5160 2821 5231 ἅμα
2874 5160 2902 5212 6
2962 5163 3088 5218 νοῦς
3149 5157 3324 5213 αὐτῶν
3386 5156 3700 5233 διηνοίγετο
3752 5160 3844 5216 καὶ

2190 5258 2299 5307 τῶν
2333 5245 2645 5322 λεγομένων
2680 5249 2943 5314 συνίεσαν,
3001 5242 3201 5320 θάμϐει
3251 5245 3447 5302 λοιπὸν
3476 5249 3839 5323 συσχεθέντες,

2192 5338 2357 5417 εἶκαζ
2405 5336 2613 5398 ἄλλους
2672 5331 2786 5411 ἔχει
2842 5336 3127 5396 τοιούτους
3183 5337 3246 5391 τὸ
3306 5338 3591 5407 Βυζάντιον
3623 5336 3837 5413 ἐπηρώ-

2188 5451 2317 5487 των.
2375 5426 2674 5498 Είρηκότος
2706 5423 2763 5481 δὲ
2792 5426 2986 5480 τούτου
3044 5423 3335 5485 πλείστους
3396 5425 3446 5479 ἐν
3483 5426 3630 5499 αὗτῷ
3678 5427 3837 5502 εἶναι,

2187 5520 2278 5577 καὶ
2311 5519 2499 5576 ἑαυτὸν
2554 5519 2645 5575 τὸν
2688 5515 2923 5594 ἔσχατον
2981 5517 3088 5573 τῶν
3162 5518 3421 5589 μαθητῶν
3460 5515 3587 5577 ἀλλ’
3638 5518 3701 5575 οὐ
3735 5523 3834 5579 τῶν

2191 5606 2577 5680 διδασκόντων,
2633 5606 2757 5682 περὶ
2807 5609 2903 5663 τοῦ
2960 5602 3291 5661 διδασκάλου
3330 5604 3498 5662 πάλιν
3554 5601 3840 5671 διεπυνθά-
