4130 6218
312 403 465 464 1053
1425 394 1947 458 HISTORIARUL

2054 390 2561 455 SOMPENDIUM.
3554 390 3710 450 1054

299 555 478 603 νοντο,
534 532 617 596 τίς
664 553 722 593 τε
774 530 859 605 εἴη
915 533 1003 588 καὶ
1088 533 1134 587 εἷ
1164 532 1458 613 περίεστιν.
1492 532 1553 590 Ὀ
1607 529 1665 586 δὲ
1694 531 1841 593 ὅστις
1886 546 1946 582 τε

2058 527 2316 583 fructum
2328 544 2447 599 non
2460 527 2680 591 fers,ne
2694 526 3030 599 dedignaris
3045 527 3119 581 ad
3138 543 3246 582 nos
3267 528 3472 583 venire
3490 531 3705 599 tuaque

302 619 389 694 εἴη
429 620 774 697 ἀπεκρίνατο,
800 622 891 681 καὶ
923 622 997 684 ὡς
1030 619 1108 676 ἔτι
1165 619 1435 696 περίεστιν
1489 619 1773 694 ἀκτήμονα
1832 615 1951 694 βίον

303 711 451 789 ’ἀγων
501 708 593 766 καὶ
629 707 769 787 μηδὲ
794 730 934 765 τισιν
962 708 1160 773 ἄλλοις
1194 708 1322 765 ἀλλ’
1359 709 1394 780 ἥ
1444 711 1636 791 μόναις
1687 713 1804 769 ταῖς
1837 706 1952 762 ἐπι-

305 803 544 875 στήμαις
601 798 1034 875 προσηλωμένον
1108 797 1254 874 ἔχων
1308 799 1401 853 τὸν
1450 800 1535 871 [Ρ.
1619 798 1743 870 549]
1803 800 1951 851 τοῦν.

301 890 607 967 Γράμματα
636 893 767 967 γοῦν
801 888 955 952 εὐθὺς
996 888 1025 942 6
1086 887 1337 961 Μαμοὺμ
1391 891 1500 962 (48)
1559 887 1695 965 πρὸς
1748 885 1953 943 ἐκεῖνον

305 976 680 1054 διαχαράττει,
706 975 860 1032 τόνδε
887 978 980 1032 τὸν
1007 981 1133 1031 νοῦν
1166 974 1389 1052 ἔχοντα’
1431 1003 1451 1027 ι
1495 976 1588 1031 Ἐκ
1614 979 1708 1030 τοῦ
1744 977 1954 1049 καρποῦ

297 1068 360 1123 τὸ
396 1064 612 1143 δένδρον
650 1067 739 1122 καὶ
781 1065 841 1125 ἐκ
896 1070 993 1121 τοῦ
1054 1069 1299 1143 μαθητοῦ
1364 1059 1598 1142 ἔγνωμεν
1650 1065 1742 1120 τὸν
1800 1060 1953 1118 διδάο

301 1156 526 1215 σκαλον.
573 1156 724 1215 Ἐπεὶ
782 1160 911 1232 γοῦν
972 1153 1301 1225 τηλικοῦτος
1356 1152 1430 1209 ὢν
1469 1155 1587 1227 περῖ
1677 1154 1778 1223 τὴν
1843 1156 1949 1206 τῶν

299 1242 470 1301 ὄντων
498 1244 810 1317 ἐπιστήμην
838 1243 1110 1319 ἄγνωστος
1136 1246 1183 1299 εἷ
1235 1249 1350 1305 τοῖς
1398 1242 1789 1316 συμπολίταις,
1846 1247 1948 1311 τῆς

295 1336 551 1411 γνώσεως
613 1331 705 1389 καί
763 1333 953 1413 σοφίας
1006 1333 1211 1409 καρπὸν
1274 1334 1350 1407 μή
1438 1330 1787 1408 ὂρεπόμενος,
1875 1330 1951 1403 μὴ

297 1421 609 1499 ἇπαξιώσῃς
640 1419 818 1485 ἐλθεῖν
856 1420 995 1494 πρὸς
1025 1422 1174 1494 ἡμᾶς
1226 1420 1318 1474 καὶ
1374 1427 1475 1489 τῆς
1528 1422 1624 1489 σῆς
1687 1415 1954 1491 μεταδοῦ-

293 1532 382 1566 ναι
453 1509 668 1587 σοφίας.
727 1507 1050 1587 Ἐρχομένῳ
1108 1509 1211 1585 γάρ
1272 1528 1357 1563 σοι
1408 1509 1613 1584 αύχὲνα
1671 1505 1957 1563 ὑποκλινεῖ

293 1534 382 1566 ναι
453 1534 515 1566 σο
562 1534 668 1572 ιας.
747 1534 1050 1587 ηρχομενῳ
1272 1534 1357 1563 σοι
1408 1534 1613 1584 αυχενα
1671 1534 1953 1563 υποκΛινΕι

293 1601 454 1675 γένος
510 1534 648 1659 Zama
706 1598 768 1652 τὸ
823 1590 932 1652 τῶν
991 1601 1350 1672 Σαρακηνῶν,
1402 1597 1494 1651 καὶ
1561 1595 1806 1667 πλούτου
1860 1595 1953 1651 καὶ

292 1684 513 1761 δωρεῶν
552 1687 833 1761 ἀξιωθήσῃ
867 1684 943 1741 ὦν
976 1683 1091 1740 οὐδ’
1120 1687 1200 1747 εἷς
1240 1686 1464 1741 πώποτε
1507 1690 1615 1757 τῶν
1648 1684 1951 1761 ἀνθρώπων

285 1775 553 1846 ἠξίωται.
602 1800 631 1826 υ
663 1778 845 1832 Ταῦτα
901 1775 969 1829 τὰ
1015 1774 1314 1849 γρᾴμματα
1377 1772 1503 1837 δοὺς
1558 1779 1639 1847 τῷ
1693 1774 1952 1846 νεανίσκῳ

286 1866 387 1923 καὶ
449 1863 649 1941 δώροις
728 1854 1277 1949 φιλοφρονησάμενος
1337 1863 1603 1939 ἐκπέμπει
1661 1865 1798 1938 πρὸς
1852 1864 1944 1919 τὸν

303 1950 657 2011 διδάσκαλον.
714 1956 771 2010 Ὀ
829 1952 885 2010 δὲ
941 1951 1225 2018 διασωθετς
1282 1955 1419 2030 πρὸς
1483 1956 1584 2024 τὴν
1624 1951 1947 2030 βασιλεύου-

303 2064 399 2098 σαν
470 2043 562 2101 καὶ
645 2047 818 2112 ζῶντα
871 2044 962 2098 τὸν
1022 2040 1321 2125 φιλόσοφον
1378 2044 1626 2118 εὑρηκὼς
1668 2041 1949 2099 ἐπιδίδωσι

292 2137 462 2188 ταῦτα
487 2133 553 2189 τὰ
576 2132 895 2208 γράμματα.
942 2133 1007 2191 Ὀ
1065 2129 1124 2188 δὲ
1184 2132 1286 2188 οὐκ
1344 2131 1621 2189 ἀκίνδυνον
1679 2133 1814 2188 εἶναι
1845 2130 1947 2188 λο-

292 2224 587 2301 γισάμενος
619 2222 665 2277 εἰ
694 2223 905 2299 γραςρήν
939 2222 1044 2283 ἀπὸ
1086 2227 1193 2278 τῶν
1255 2222 1468 2301 ἐχθρῶν
1530 2220 1736 2296 δέξοιτο
1797 2221 1949 2294 εἰδή-

296 2332 431 2374 σεως
490 2312 612 2367 ἄνευ
675 2310 992 2388 βασιλικῆς,
1050 2312 1296 2387 πρόσεισι
1358 2316 1439 2384 τῷ
1502 2311 1769 2388 λογοθὲτῃ
1848 2317 1947 2368 τοῦ

298 2398 512 2477 δρόμου
553 2399 899 2471 (Θεόκτιστος
931 2401 1087 2463 οὗτος
1116 2401 1206 2471 ἧν,
1239 2403 1267 2458 ὁ
1298 2401 1444 2477 παρὰ
1474 2405 1572 2457 τοῦ
1603 2399 1785 2476 Βάρδα
1815 2401 1950 2474 μετὰ

295 2494 464 2545 ταῦτα
516 2490 832 2567 ἀναιρεθεὶς)
914 2490 1004 2545 καὶ
1065 2488 1332 2566 διηγεῖται
1390 2492 1539 2553 ὅπως
1614 2511 1672 2546 τε
1726 2490 1947 2566 ἀφίκετο

296 2580 434 2653 πρὸς
464 2578 623 2633 αὐτὸν
653 2578 681 2632 6
711 2578 1073 2655 αἰχμάλωτος
1110 2581 1380 2653 μαθητὴς,
1438 2579 1528 2634 καὶ
1585 2579 1734 2641 ὅπως
1772 2580 1947 2657 γράμο

300 2687 377 2741 μα
435 2666 587 2740 αὐτῷ
646 2668 1075 2742 προσκεκομικεν
1132 2667 1191 2722 ἐκ
1248 2673 1344 2724 τοῦ
1400 2660 1793 2742 ἀμερμουμνῆ,
1856 2667 1945 2724 καὶ

299 2756 414 2833 ἅμα
443 2759 540 2828 τήν
573 2758 787 2835 γραφὴν
822 2752 1069 2813 ἐκϐαλὼν
1129 2758 1205 2820 εἰς
1265 2760 1456 2834 χεῖρας
1514 2755 1760 2813 δίδωσιν.
1796 2759 1944 2829 Αὕτη

300 2845 335 2913 ἡ
369 2842 514 2899 αἰτία
538 2842 618 2916 τῷ
648 2842 936 2923 φιλοσόφῳ
967 2843 1151 2900 Λέοντι
1208 2844 1344 2919 πρὸς
1395 2845 1485 2899 τὸν
1547 2843 1771 2921 βασιλέα
1798 2848 1947 2921 γνῶ-

304 2953 387 2993 σις
432 2931 636 3009 γίνεται
696 2931 783 2987 καὶ
841 2932 1133 3005 οίκείωσις,
1190 2934 1277 2993 καὶ
1330 2934 1358 2987 6
1426 2932 1646 3009 λεχθεὶς
1699 2935 1947 3007 μαθητὴς

300 3021 399 3089 τήν
428 3025 526 3079 τοῦ
558 3021 791 3089 Λέοντος
842 3021 1034 3103 σοφίαν
1080 3014 1158 3077 ἔτι
1214 3024 1594 3098 κρυπτομένην
1624 3022 1946 3097 ἐδημοσίευ-

300 3130 375 3165 σε’
411 3109 806 3185 προσκαλεῖται
862 3111 968 3186 γὰρ
1024 3111 1097 3173 ὡς
1155 3109 1324 3187 τᾶχος
1380 3112 1542 3167 αὐτὸν
1604 3114 1632 3168 6
1694 3111 1949 3189 βασιλεὺς

296 3199 389 3254 καὶ
439 3197 722 3268 πλουτίζει
778 3200 866 3254 καὶ
929 3196 1163 3273 δημοσίᾳ
1236 3198 1505 3255 διδάσκειν
1561 3203 1945 3277 προτρέπεται,

297 3289 725 3363 κατοικητήριον
792 3288 1054 3362 ἀφορίσας
1113 3288 1262 3362 αὐτῷ
1317 3290 1405 3344 τὸν
1458 3292 1601 3346 θεῖον
1658 3292 1786 3347 ναὸν
1840 3298 1949 3349 τῶν

293 3378 700 3453 Τεσσαράκοντα
729 3375 1065 3432 καλλινίκων
1121 3379 1441 3453 Μαρτύρων.
1491 3380 1552 3437 Ὁ
1591 3376 1648 3435 δὲ
1700 3381 1949 3458 Μαμοὺμ

295 3466 564 3542 ἀπογνοὺς
594 3468 694 3537 τήν
719 3471 817 3521 τοῦ
848 3465 1153 3549 φιλοσόφου
1211 3464 1388 3547 ἄφιξιν
1444 3467 1672 3544 ἀπορίας
1720 3470 1944 3544 ineme-

295 3576 387 3617 νος
429 3557 812 3639 γεωμετρικῶν
869 3556 960 3610 καὶ
1018 3555 1424 3631 ἀστρονομικῶν
1476 3559 1806 3631 ζητημάτων
1857 3559 1946 3614 καί

295 3664 456 3698 τινων
538 3642 724 3701 ἄλλων
788 3646 1128 3718 μαθημάτων
1220 3645 1505 3718 ἐκπέμπει,
1589 3646 1704 3709 τὰς’
1763 3645 1946 3710 λύσεις

298 3731 696 3810 σαφηνισθῆναί
752 3733 804 3787 oi
864 3731 1305 3806 ἐξαιτησᾶμενος.
1372 3740 1456 3799 Ὡς
1514 3731 1562 3787 δ’
1635 3736 1865 3807 ἑκάστην
1917 3738 1945 3792 6

302 3822 453 3875 Λέων
517 3823 739 3892 ζήτησιν
804 3820 1090 3878 διελύσατο
1148 3820 1448 3899 ἁρμοδίως,
1526 3826 1823 3899 προσέθετο
1890 3823 1947 3881 δὲ

297 3910 690 3981 καταπλήξεως
726 3912 885 3987 χάριν
913 3913 1004 3967 καί
1033 3933 1151 3967 τινα
1209 3917 1316 3966 τῶν
1376 3910 1688 3986 μελλόντων
1740 3921 1946 3988 σημεῖα

294 4002 704 4079 προγνωστικὰ,
757 4001 847 4055 καὶ
929 4001 1108 4075 τούτῳ
1188 4001 1472 4076 ἐξέπεμψε,
1545 4003 1669 4058 τότε
1727 4002 1793 4075 δὴ
1853 4005 1942 4061 ἐπὶ

298 4094 487 4165 χεῖρας
521 4084 764 4149 λαϐόντα
787 4090 881 4144 τὸν
930 4090 1326 4164 ἆμερμουμνῆν
1380 4093 1655 4164 τρωθῆναι
1704 4098 1784 4167 τῷ
1815 4094 1940 4148 τού-

285 4197 386 4231 του
417 4175 601 4252 ἔρωτι,
638 4179 779 4256 μέγα
808 4199 867 4232 τε
896 4179 1213 4255 ἀνακραγεῖν
1263 4180 1353 4235 τὸν
1388 4176 1553 4255 ἄνδρα
1591 4188 1690 4249 τῆς
1751 4183 1941 4261 σοφίας

290 4265 720 4341 ὑπεραγάμενον.
756 4265 927 4330 Εὐθὺς
977 4264 1070 4321 οὖν
1114 4260 1411 4341 ’πρεσϐείαν
1473 4271 1608 4337 πρὸς
1662 4272 1755 4326 τὸν
1812 4260 1940 4328 Θεό-

285 4351 448 4433 φιλον
497 4355 586 4410 καὶ
644 4357 944 4432 γράμματα
1001 4360 1229 4410 τοιαῦτα
1285 4352 1486 4436 ἔχοντα
1538 4361 1638 4428 τήν
1698 4358 1936 4417 διάνοιαν

280 4441 569 4516 ἐκπέμπει·
613 4467 641 4495 ‹‹
697 4438 1046 4518 Ἐϐουλόμην
1107 4445 1201 4517 μὲν
1269 4446 1429 4508 αὐτὸς
1487 4447 1768 4526 ἀφικέσθαι
1828 4472 1936 4524 σοι,

280 4529 440 4605 ἔργον
469 4532 697 4607 γνησίου
729 4533 893 4611 φίλου
924 4533 1287 4608 ἀποπληρῶνο
1349 4533 1464 4591 ἐπεὶ
1533 4535 1591 4592 δὲ
1628 4541 1662 4608 ἡ
1719 4540 1933 4594 ἀνακει-

2062 633 2174 671 nos
2195 616 2466 685 doctrina
2486 616 3093 689 impertire.Venienti
3116 616 3275 670 enim
3300 616 3403 670 tibi
3428 622 3547 671 tota
3570 616 3712 671 Sar-

2060 706 2333 761 racenica
2363 706 2528 761 natio
2577 706 2862 761 cervicem
2904 704 3230 767 submittet,
3264 703 3456 774 iisque
3487 705 3708 760 divitiis

2061 799 2119 849 et
2151 792 2323 849 donis
2355 794 2757 851 cumulaberis
2778 793 2994 865 quibus
3016 810 3191 849 nemo
3218 809 3483 864 unquam
3508 793 3704 848 homi-

2058 898 2224 938 num.
2262 903 2286 933 ο
2324 885 2437 939 Has
2487 883 2712 940 litteras
2735 882 2942 956 juveni
2989 882 3319 937 liberaliter
3364 882 3580 937 donato
3606 882 3711 938 dat

2057 972 2239 1029 Leoni
2272 973 2609 1028 tradendas.
2644 974 2816 1045 Isque
2848 972 3186 1045 Byzantium
3220 971 3538 1027 incolumis
3569 988 3708 1045 per-

2058 1060 2235 1127 latus,
2268 1078 2401 1117 cum
2431 1062 2680 1117 Leonem
2703 1062 2896 1117 adhuc
2924 1062 3116 1116 vivum
3150 1061 3488 1133 reperisset,
3523 1062 3577 1116 ei
3608 1061 3709 1116 lit-

2060 1156 2216 1205 teras
2236 1151 2449 1206 reddit.
2484 1151 2598 1205 Leo
2638 1150 3037 1223 periculosum
3079 1149 3345 1205 sentiens
3377 1150 3605 1205 litteras
3636 1150 3708 1205 ab

2056 1240 2227 1295 hoste
2260 1240 2550 1313 accipere,
2583 1240 2890 1295 nesciente
2934 1239 2993 1294 id
3028 1239 3406 1310 imperatore,
3438 1240 3710 1295 Theocti-

2063 1333 2217 1383 stum
2243 1327 2608 1400 logothetam
2645 1327 2856 1396 dromi,
2885 1343 3061 1397 quem
3090 1326 3305 1381 deinde
3337 1344 3369 1381 a
3396 1328 3583 1382 Barda
3615 1328 3708 1382 in-

2060 1417 2376 1473 terfectum
2431 1417 2762 1485 docuimus,
2795 1416 3042 1483 accedit,
3077 1420 3135 1469 et
3182 1422 3385 1470 narrat
3412 1416 3710 1487 quomodo

2060 1514 2387 1586 discipulus
2435 1530 2577 1569 suus
2624 1517 2889 1585 captivus
2935 1512 3178 1567 redierit
3218 1512 3564 1582 litterasque
3596 1512 3707 1567 sibi

2059 1604 2132 1659 ab
2171 1620 2586 1659 amermumna
2625 1603 2928 1667 attulerit;
2977 1602 3273 1674 simulque
3315 1619 3414 1656 eas
3446 1601 3706 1658 exhibet.

2060 1693 2179 1747 Hoc
2202 1692 2376 1747 modo
2411 1692 2622 1747 Leonis
2654 1693 2714 1747 in
2746 1693 2976 1747 occulto
3006 1697 3339 1746 versantem
3373 1690 3705 1745 doctrinam

2059 1781 2385 1867 discipulus
2408 1781 2468 1853 in
2500 1781 2695 1836 lucem
2723 1782 3020 1865 produxit,
3054 1787 3230 1859 atque
3258 1780 3366 1834 hac
3396 1779 3706 1834 occasione

2063 1870 2407 1943 imperatori
2440 1871 2701 1933 innotuit
2747 1888 2815 1931 ac
2861 1869 3176 1926 familiaris
3226 1875 3313 1925 est
3342 1870 3531 1924 factus
3563 1871 3699 1925 Leo.

2063 1961 2270 2017 Statim
2304 1961 2463 2016 enim
2509 1961 2560 2015 is
2603 1977 2738 2025 eum
2790 1961 3017 2026 accivit,
3052 1960 3425 2031 dilatumque
3473 1959 3710 2030 publice

2058 2048 2781 2122 docerejussit,gymnasii
2809 2049 2867 2103 in
2889 2065 3064 2103 usum
3089 2049 3141 2103 ei
3165 2049 3498 2103 concedens
3521 2047 3707 2102 sedem

2056 2137 2457 2210 Quadraginta
2505 2139 2848 2209 Martyrum.
2884 2136 2994 2191 Sed
3034 2139 3367 2192 Mamumus
3400 2136 3609 2190 Leonis
3634 2135 3709 2189 ad

2059 2244 2120 2283 se
2169 2227 2425 2283 adventu
2470 2226 2802 2298 desperato,
2845 2226 3231 2298 geometricas
3277 2226 3430 2279 669
3477 2225 3707 2296 aliquot

2057 2315 2483 2371 astronomicas
2498 2332 2610 2386 que
2625 2315 2945 2370 etaliarum
2962 2314 3330 2377 scientiarum
3343 2316 3703 2386 qumstiones

2057 2403 2129 2458 ad
2161 2419 2298 2458 eum
2343 2404 2543 2471 mittit,
2576 2403 2937 2461 solutionem
2993 2419 3195 2465 earum
3241 2418 3512 2479 poscens.
3548 2404 3704 2467 Quas

2057 2509 2189 2548 cum
2217 2492 2326 2547 Leo
2353 2498 2508 2547 recte
2531 2508 2741 2547 omnes
2771 2493 3169 2560 discussisset,
3201 2497 3258 2545 et
3289 2491 3703 2547 admirationis

2058 2581 2383 2637 excitanda:
2404 2581 2591 2654 gratia
2613 2580 2789 2636 simul
2818 2580 3087 2659 qumdam
3120 2581 3317 2644 futura
3343 2580 3703 2659 praedicendi

2058 2671 2226 2742 signa
2246 2670 2680 2741 adscripsisset,
2704 2671 3033 2731 Mamumus
3056 2669 3270 2723 litteris
3294 2669 3422 2723 istis
3446 2670 3703 2742 acceptis

2056 2760 2323 2816 animum
2373 2758 2668 2815 desiderio
2720 2759 2849 2830 ejus
2899 2758 3196 2817 sauciatus
3255 2758 3442 2817 fertur
3487 2775 3704 2832 magna

2055 2868 2192 2907 voce
2216 2850 2600 2915 exclamasse,
2634 2849 3031 2905 admiratione
3080 2854 3260 2905 tantm
3311 2849 3440 2921 ejus
3466 2849 3571 2904 viri
3604 2848 3706 2905 do-

2056 2942 2283 3005 ctrinae.
2316 2941 2523 2997 Statim
2548 2956 2684 3013 ergo
2725 2939 2795 3011 ad
2833 2939 3221 3011 Theophilum
3256 2938 3473 3012 legatos
3497 2939 3700 3009 mittit,

2059 3047 2192 3087 cum
2217 3030 2431 3099 litteris
2452 3031 2576 3084 haec
2600 3027 3070 3103 significantibus
3097 3045 3156 3081 ευ
3184 3027 3699 3103 Statueram,quod

2060 3126 2149 3175 est
2168 3119 2412 3199 genuini
2455 3117 2630 3173 amici
2662 3117 2949 3185 officium,
2979 3117 3104 3191 ipse
3136 3117 3209 3171 ad
3240 3122 3296 3171 te
3326 3117 3564 3183 venire;
3598 3117 3703 3171 sed

2059 3227 2194 3269 cum
2218 3227 2252 3266 a
2272 3210 2390 3264 Deo
2416 3208 2557 3267 mihi
2581 3208 2964 3263 commissum
2988 3207 3304 3279 imperium
3330 3207 3701 3289 populusque

2051 3299 2198 3355 mihi
2233 3298 2525 3365 subditus,
2558 3298 2728 3369 cujus
2778 3313 3007 3351 summa
3059 3302 3146 3350 est
3176 3301 3457 3366 potestas,
3490 3295 3547 3349 id
3579 3311 3698 3349 non

2051 3388 2539 3459 concedantpeto
2562 3392 2626 3441 ut
2648 3386 2837 3441 virum
2857 3402 3032 3456 quem
3051 3385 3425 3456 philosophia
3440 3383 3692 3455 aliisque

2051 3477 2317 3533 scientiis
2339 3474 2637 3531 celebrem
2668 3472 2951 3539 habes,ad
2971 3490 3066 3528 me
3087 3473 3308 3543 mittas,
3331 3478 3397 3526 ut
3414 3471 3689 3549 exiguum

2048 3581 2284 3653 tempus
2328 3590 2561 3629 mecum
2612 3572 2830 3643 degens
2878 3588 2985 3627 sua
3044 3587 3137 3626 me
3197 3570 3488 3637 doctrina,
3521 3570 3694 3645 cujus

2049 3678 2251 3717 amore
2299 3661 2503 3733 ﬂagro,
2552 3660 2867 3732 impertiat.
2917 3661 3115 3739 Neque
3172 3659 3246 3712 ob
3292 3659 3594 3731 religionis
3635 3664 3695 3714 et

2047 3750 2240 3823 gentis
2290 3748 2689 3805 diversitatem
2744 3747 2855 3800 hoc
2885 3747 3146 3817 differas,
3176 3744 3277 3799 sed
3329 3746 3489 3823 quod
3519 3747 3694 3800 bonis

2048 3839 2246 3895 amicis
2295 3837 2564 3903 debetur,
2610 3835 3052 3906 quamprimum
3108 3838 3369 3905 pru‘stes.
3411 3835 3522 3891 Pro
3580 3835 3692 3889 hoc

2047 3927 2245 3982 ofﬁcio
2278 3925 2381 3980 tibi
2414 3925 2540 3979 auri
2575 3922 2920 3979 centenaria
2952 3923 3053 3976 100
3084 3921 3422 3993 reddemus,
3456 3937 3689 3992 pacem-

2048 4032 2161 4088 que
2185 4022 2243 4069 et
2267 4013 2456 4069 foedus
2492 4029 2751 4086 perenne
2783 4026 3224 4085 componemus.
3264 4032 3289 4058 η
3322 4011 3435 4064 Has
3466 4009 3691 4071 litteras

2046 4119 2179 4158 cum
2213 4101 2537 4174 accepisset
2580 4099 2961 4177 Theophilus,
2996 4097 3318 4155 absurdum
3350 4105 3514 4153 ratus
3543 4098 3681 4153 bar-

2042 4191 2204 4247 baris
2236 4191 2485 4263 prodere
2518 4190 2818 4255 scientias,
2851 4188 2924 4242 ob
2957 4204 3105 4259 quas
3150 4189 3414 4245 Romana
3452 4203 3593 4260 gens
3628 4187 3687 4243 in

2044 4280 2439 4337 admiratione
2499 4285 2675 4344 esset,
2716 4278 2986 4349 petitioni
3046 4276 3184 4330 huic
3240 4292 3363 4330 non
3413 4276 3625 4339 annuit
3672 4293 3684 4331 :

2044 4368 2299 4425 Leonem
2349 4384 2483 4423 vero
2532 4365 2743 4436 majori
2792 4382 2966 4438 porro
3016 4364 3076 4418 in
3129 4364 3354 4419 honore
3402 4363 3579 4419 habet
3620 4382 3686 4420 ac

2040 4456 2474 4511 Thessalonica:
2504 4455 2658 4509 670
2698 4454 3041 4527 episcopum
3078 4458 3261 4523 creat,
3286 4469 3464 4527 opero
3482 4453 3687 4510 Jannis

2043 4544 2416 4619 patriarchae,
2438 4543 2608 4613 cujus
2626 4541 2795 4599 illum
2812 4541 2992 4598 fuisse
3014 4549 3329 4614 cognatum
3352 4542 3685 4598 docuimus.

286 4617 419 4690 μένη
457 4640 550 4692 μοι
581 4621 730 4696 ἀρχὴ
764 4622 825 4676 ἐκ
853 4627 985 4678 Θεοῦ
1014 4624 1103 4678 καὶ
1125 4625 1154 4679 6
1189 4624 1292 4679 ὑπὸ
1320 4626 1421 4694 τὴν
1445 4629 1606 4701 χεῖρά
1641 4648 1746 4701 μου
1775 4628 1951 4685 τελῶν
1980 4617 2237 4692 πλεῖστος
2267 4628 2611 4701 κατεξουσίας
2645 4629 2774 4691 λαὸς
2805 4633 2967 4685 τοῦτο
3000 4629 3061 4683 ού
3087 4635 3387 4705 συγχωρεῖ,
3420 4631 3479 4683 ὅν
3534 4628 3681 4705 ἔχεις

288 4706 378 4801 hri
410 4711 713 4801 φιλοσοφίᾳ
739 4712 829 4766 καὶ
859 4719 977 4775 ταῖς
1010 4712 1230 4776 λοιπαῖς
1264 4714 1591 4789 ἐπιστήμαις
1622 4715 1915 4791 διαϐόητον
1948 4719 2135 4795 ἄνδρα,
2171 4723 2382 4801 βραχύν
2410 4741 2530 4777 τινα
2571 4722 2766 4797 χρόνον
2798 4722 2935 4777 αἰτῶ
2992 4718 3371 4791 ἐξαποστεῖλαί
3405 4740 3520 4797 μοι,
3587 4726 3686 4786 τῆς

291 4795 457 4894 αῦτοῦ
488 4796 797 4894 ἐπιστήμης
828 4800 1212 4894 μεταδώσοντά
1243 4827 1335 4879 μοι
1375 4805 1714 4883 ἐκκαιομὲνῳ
1741 4811 1831 4865 καὶ
1863 4812 2063 4884 ταύτης
2092 4795 2365 4890 ἐρωτικῶς
2393 4795 2611 4894 ἔχοντι,
2636 4814 2722 4882 Μὴ
2758 4808 3001 4881 ἀναϐολὴ
3034 4811 3090 4867 δὲ
3124 4811 3211 4866 διὰ
3251 4812 3313 4864 τὸ
3371 4795 3531 4869 σίδας
3592 4807 3682 4861 καὶ

282 4886 385 4983 τῂν
418 4889 515 4941 τοῦ
546 4886 734 4983 γένους
753 4888 1156 4966 ἀλλοτριότητα
1187 4891 1384 4961 ἔσοιτο,
1416 4896 1562 4953 ἀλλὰ
1585 4897 1800 4971 μᾶλλον
1833 4899 1918 4956 ὅτι
1951 4886 2225 4967 τοιούτοις
2251 4905 2395 4977 ἀξιοῖ
2422 4886 2634 4983 ⁷ξίλοις
2691 4901 2947 4959 ἐπιεικέσι
3000 4922 3057 4956 τε
3092 4901 3177 4955 καὶ
3210 4903 3495 4974 χρηστοῖς,
3520 4896 3683 4971 πέρας

274 4973 337 5068 ’ξό
366 4975 536 5038 τάχος
568 4972 786 5033 λαϐέτω
816 4981 851 5049 ἡ
886 4979 1119 5051 mitram.
1154 4985 1329 5057 Χάρις
1361 4985 1420 5041 δέ
1449 4999 1539 5041 σοι
1573 4988 1704 5063 ὑπὲρ
1735 4989 1935 5045 τούτου
1963 4987 2435 5066 καταϐληθήσεται
2461 4972 2701 5068 ’χρυσίου
2734 4993 2827 5064 μὲν
2860 4991 3046 5046 ἑκατὸν
3093 4988 3433 5061 κεντηντὶρια,
3489 4986 3679 5061 εἰρήνη

280 5059 337 5118 δὶ
356 5065 449 5159 καὶ
485 5064 713 5159 σπονδαὶ
743 5067 1093 5159 ἂτελεύτητοι
1125 5073 1215 5126 καὶ
1236 5066 1424 5129 ἀΐδιοι.
1462 5100 1489 5126 ››
1522 5059 1820 5151 Δεξάμενος
1856 5076 1914 5133 δὲ
1939 5080 2008 5135 τὰ
2030 5059 2328 5156 γράμματα
2359 5086 2388 5139 6
2418 5059 2706 5159 Θεδφιλος,
2730 5059 2930 5135 ἀτοπον
2963 5079 3147 5152 κρίνας
3180 5077 3224 5132 εί
3255 5059 3484 5144 τὴντῶν
3515 5059 3683 5131 ὄντων

275 5156 502 5243 γνῶσιν,
544 5154 616 5211 δι’
639 5158 708 5227 ἢν
738 5158 800 5212 τὸ
828 5159 1121 5232 Ῥωμαίων
1140 5160 1293 5238 γένος
1322 5164 1674 5237 θαυμάζεται,
1709 5170 1796 5240 [Ρ.
1829 5170 1957 5243 550]
2023 5154 2244 5227 ἔκδοτον
2300 5154 2671 5242 ποιήσει-τοῖς
2730 5164 2919 5237 ἔθνεσι,
2979 5168 3114 5242 πρὸς
3142 5165 3208 5221 τὰ
3273 5165 3560 5235 αἰτηθέντα
3589 5165 3680 5219 καὶ

272 5238 564 5335 ἀξιωθέντα
592 5245 691 5302 οὐκ
715 5247 980 5304 ἕπὲνευσν
1015 5251 1107 5323 τὸν
1142 5248 1199 5306 δὲ
1234 5254 1440 5319 Λέοντα
1470 5252 1560 5329 δια
1609 5238 1856 5333 μείζονος
1885 5238 1992 5334 ἦγε
2028 5262 2196 5335 τιμῆς
2226 5262 2312 5319 καὶ
2351 5238 2451 5329 τῆς
2484 5256 2881 5326 Θεσσαλονίκης
2923 5238 3332 5331 πρόχειρίζεται
3392 5251 3680 5331 πρόεδρον,

265 5331 357 5440 ’ἱὸν
446 5336 792 5439 πατριάρχην
832 5380 837 5385 ρ
874 5337 1158 5403 ἀναπείσας
1242 5345 1451 5413 Ἰαννῆν
1538 5345 1925 5419 χειροτονῆσαι
2011 5355 2227 5413 τοῦτον,
2285 5349 2376 5405 καὶ
2436 5348 2604 5419 αὐτῷ,
2666 5347 2739 5408 ὡς
2799 5345 2909 5416 ἤδη
2999 5343 3247 5417 εἴπομεν,
3304 5345 3443 5400 κατὰ
3524 5343 3682 5420 γένος

270 5439 636 5494 ῳκειωμενον.

1473 5541 1837 5601 XYLANDRI
1874 5545 1962 5603 ET
2003 5544 2219 5601 GOARI
2261 5544 2481 5599 ΝΟΤᾹΞ.

341 5643 453 5713 (48)
479 5647 531 5700 Is
560 5646 716 5705 idem
749 5652 848 5721 qui
882 5651 1183 5726 dignitatis
1220 5656 1461 5712 nomine
1496 5661 1929 5715 amermumnis
1956 5660 2137 5717 modo
2168 5665 2403 5715 vocatus
2433 5666 2542 5715 est.
2576 5659 2734 5714 Gou
