4126 6220
447 298 602 359 I055

1830 299 2151 363 GEORGII
2195 302 2530 365 CEDRENI

3702 295 3863 355 1056

519 431 774 484 Leonem
822 429 1377 485 Thessalonicenses
1424 447 1800 503 summopere
1842 438 1981 486 sunt
2009 448 2098 487 ve-

2278 435 2481 487 Τοῦτον
2540 433 2592 487 οἱ
2668 428 3082 491 Θεσσαλονικεῖς
3174 426 3309 502 μετὰ
3357 426 3456 496 τὴν
3516 429 3866 500 χειροτονῖαν

446 518 659 582 nerati,
692 517 978 574 doctrinas
1024 536 1159 591 ergo
1209 525 1269 575 et
1320 520 1383 575 in
1431 520 1610 576 rebus
1658 521 2094 577 mathematicis

450 608 706 664 solertiaa
733 624 746 674 ;
773 607 1135 678 praecipuam
1166 614 1386 671 autem,
1412 627 1518 665 cur
1546 611 1628 665 ita
1655 610 2096 666 admirarentur

449 698 779 765 hominem,
812 714 1050 753 causam
1075 699 1228 754 hanc
1250 699 1586 755 habuerunt
1615 716 1628 755 :
1663 700 1891 755 Sterilis
1923 705 1981 755 et
2008 702 2092 756 in-

449 786 733 858 frugifera
764 803 832 841 eo
864 792 1129 859 tempore
1161 794 1287 843 erat
1318 788 1515 857 tellus,
1548 790 1764 861 quippe
1795 788 2096 845 Thessalo-

452 876 649 931 nicam
699 880 756 929 et
807 874 1294 947 circumjacentia
1341 877 1471 932 loca
1529 878 1890 948 incolebant,
1938 878 2095 935 fame

450 964 912 1036 premebantur;
945 970 1232 1035 erantque
1262 967 1323 1020 in
1354 983 1421 1021 eo
1454 984 1661 1022 omnes
1697 968 1984 1039 periculo,
2019 985 2094 1024 ne

451 1059 553 1109 aut
599 1054 858 1125 patrium
907 1054 1100 1108 solum
1144 1060 1368 1111 vertere
1420 1062 1523 1110 aut
1574 1057 1825 1128 penuria
1880 1058 2092 1113 confici

450 1147 768 1214 oporteret.
805 1142 916 1197 Leo
941 1142 1281 1198 consolatus
1304 1161 1403 1198 eos
1421 1149 1589 1215 capto
1619 1150 1901 1217 tempore,
1936 1146 2094 1217 quod

451 1232 503 1285 ei
537 1231 796 1286 siderum
830 1236 1127 1286 certorum
1151 1239 1314 1287 ortus
1345 1238 1521 1303 atque
1554 1234 1828 1289 emicatio
1864 1235 2093 1290 indica-

450 1322 611 1385 bant,
645 1326 864 1375 terram
889 1337 989 1375 eos
1010 1338 1322 1377 conserere
1339 1324 1537 1395 jussit.
1573 1324 1697 1388 Quo
1739 1324 1892 1379 facto
1914 1330 2093 1380 tanta;

448 1408 772 1464 fertilitatis
820 1415 1027 1463 auctor
1072 1410 1203 1477 fuit,
1238 1417 1303 1465 ut
1335 1411 1463 1482 ejus
1502 1413 1716 1468 messis
1761 1413 1988 1468 fructus
2020 1413 2094 1469 ad

450 1498 671 1552 multos
701 1514 889 1553 annos
920 1500 1282 1554 suffecerint.

2208 514 2664 595 ὑπερϐαλλόντως
2721 520 2986 593 ἐτίμησαν
3068 515 3159 573 διὰ
3238 518 3339 586 τὴν
3425 513 3645 570 ἐνοῦσαν
3720 513 3863 587 αὐτῷ

2207 610 2396 686 σοφίαν
2429 611 2521 665 καὶ
2551 612 2652 679 τήν
2682 610 2805 685 περὶ
2847 608 3020 664 πάντα
3076 607 3145 662 τά
3205 607 3500 679 μαθήματα
3555 598 3864 678 ἀκρίϐειαν,

2205 696 2490 774 ἐξαιρέτως
2577 696 2635 754 δὲ
2689 697 3000 773 ἐθαύμασαν
3083 695 3189 752 ἀπὸ
3271 692 3438 764 τῆσδε
3493 701 3593 765 τῆς
3661 693 3864 757 αἰτίας·

2206 788 2436 862 Ι’Δγονος
2467 788 2534 857 ἦν
2566 790 2601 858 ἡ
2661 795 2732 865 γῆ
2788 788 2878 841 καὶ
2934 785 3179 861 ἄκαρπος
3238 789 3354 840 κατ’
3412 782 3586 839 έκεῖνο
3640 788 3867 859 καιροῦ,

2204 875 2295 931 καί
2325 874 2492 950 λιμὸς
2517 878 2660 953 ἦγχε
2688 876 2815 939 τοὺς
2874 876 3153 937 οἰκοῦντας
3207 871 3602 945 Θεσσαλονίκην
3656 875 3757 928 καὶ
3806 873 3873 927 τὰ

2204 967 2356 1043 πέριξ
2387 967 2580 1038 αὐτῆς,
2612 966 2700 1021 καὶ
2744 967 2936 1031 πάντες
2980 964 3016 1036 ἤ
3079 966 3402 1039 μετανάσται
3459 963 3713 1039 γενέσθαι
3776 969 3876 1032 τῆς

2205 1053 2467 1130 πατρίδος
2500 1053 2536 1125 ἤ
2596 1055 2748 1129 λιμῷ
2777 1056 2868 1111 καὶ
2927 1051 3099 1124 ἐνδείᾳ
3146 1057 3257 1109 τῶν
3308 1051 3613 1127 ἀναγκαίων
3637 1048 3874 1131 διαφθα-

2210 1149 2465 1223 ρήσεσθαι
2496 1144 2760 1216 ἤλπιζον.
2793 1147 2853 1203 Ὀ
2884 1143 2941 1201 δὲ
2991 1143 3142 1199 Λέων
3200 1146 3301 1214 τήν
3360 1143 3593 1217 ἀπορίαν
3653 1142 3872 1197 τούτων

2207 1237 2702 1312 παραμυθούμενος
2746 1236 2935 1311 καιρόν
2995 1255 3138 1303 τινα,
3171 1235 3232 1289 ὃν
3278 1236 3313 1303 ἡ
3346 1237 3452 1289 τῶν
3484 1231 3706 1306 ἄστρων
3773 1233 3878 1286 ὑπ-

2208 1326 2357 1396 ετίθη
2413 1327 2591 1398 τούτῳ
2650 1322 2881 1395 έπιτολή
2938 1345 2997 1378 τε
3052 1323 3143 1377 καὶ
3197 1323 3375 1400 φάσις,
3454 1318 3874 1396 παραδηλιίωας

2210 1416 2419 1485 αὐτοῖς,
2472 1415 2563 1470 καὶ
2620 1414 2757 1469 κατὰ
2807 1418 2999 1468 τοῦτον
3048 1414 3117 1486 τῇ
3162 1415 3236 1489 γῇ
3267 1405 3595 1467 καταϐαλεῖν
3650 1410 3876 1485 ἐπιτρέ-

2210 1507 2315 1579 ψας
2342 1502 2409 1559 τά
2440 1503 2742 1578 σπέρματα,
2774 1501 3044 1572 τοσαύτης
3100 1502 3316 1575 γέγονεν
3372 1500 3630 1578 εὖφορίας
3686 1499 3876 1563 αἴτιος

2211 1592 2405 1657 ὡςέπί
2446 1592 2695 1654 πολλοὺς
2752 1591 3042 1667 ἐπαρκέσαι
3095 1590 3333 1667 χρόνους
3387 1594 3507 1653 τοῖς
3560 1589 3878 1667 ἐγχωρίοις

2208 1684 2334 1745 τοὺς
2360 1681 2676 1763 δρεφθέντας
2705 1682 2967 1756 καρπούς.

525 1770 758 1826 Litteris
804 1775 863 1825 et
909 1771 1099 1841 poetis
1149 1770 1283 1833 Leo,
1316 1775 1383 1825 ut
1404 1772 1530 1841 ipse
1552 1769 1799 1836 ferebat,
1833 1772 2098 1827 initiatus

2278 1773 2360 1829 Τὰ
2393 1771 2487 1844 μὲν
2518 1772 2611 1826 οὗν
2642 1768 3002 1846 γραμματικά
3030 1763 3213 1843 ἔλεγεν
3273 1769 3301 1822 ὁ
3361 1767 3512 1823 Λέων
3565 1768 3657 1822 καὶ
3705 1788 3875 1836 ποιηο

449 1859 563 1914 fuit
576 1860 852 1931 Byzantii.
872 1860 1269 1928 Rhetoricam,
1290 1860 1747 1931 philosophiam,
1770 1861 2098 1917 arithmeti-

453 1964 604 2015 cam,
638 1954 696 2002 et
725 1948 987 2018 reliquas
1018 1950 1293 2003 scientias
1325 1950 1386 2002 in
1410 1950 1609 2004 Andro
1642 1950 1839 2004 insula
1869 1950 2095 2005 didicit.

450 2036 536 2088 Ibi
570 2041 834 2089 versatus
865 2052 1000 2089 cum
1039 2036 1322 2090 Michaelo
1352 2036 1571 2103 Psello,
1604 2042 1923 2107 praastante
1953 2038 2097 2105 viro,

452 2122 524 2176 ab
547 2138 736 2192 eoque
786 2123 1094 2192 principiis
1144 2128 1375 2177 tantum
1407 2130 1466 2177 et
1494 2124 1851 2194 quibusdam
1883 2143 2099 2197 praece-

453 2210 571 2282 ptis
620 2209 1151 2280 occasionibusque
1206 2211 1471 2267 discendi
1531 2213 1880 2283 instructus,
1904 2231 2098 2287 neque

452 2302 686 2355 tantum
719 2305 1007 2368 quantum
1030 2299 1409 2356 desiderabat
1436 2301 1706 2374 adeptus,
1739 2307 2102 2361 monasteria

456 2394 802 2460 pervagatus
853 2393 959 2457 est,
990 2388 1294 2460 librosque
1327 2391 1390 2445 in
1432 2391 1505 2446 iis
1536 2394 1827 2463 repositos
1857 2396 2103 2466 perqui-

454 2494 593 2532 rens
615 2484 792 2549 atque
814 2483 1084 2533 scrutans
1108 2478 1491 2550 studioseque
1513 2482 1810 2538 meditans
1828 2484 1901 2539 ad
1920 2489 2100 2541 tanta)

455 2566 739 2622 doctrinae
789 2567 1087 2638 fastigium
1129 2568 1329 2623 evasit.
1364 2569 1613 2625 Abunde
1647 2587 1784 2644 ergo
1816 2573 2100 2629 eruditio-

456 2658 550 2712 nis
598 2657 745 2712 971
803 2662 1157 2711 consecutus
1204 2657 1414 2727 Cpolin
1454 2658 1665 2726 rediit;
1702 2667 1760 2715 et
1789 2662 1889 2732 qui
1923 2680 2102 2734 opera

453 2745 637 2815 ipsius
660 2744 744 2799 uti
782 2743 1021 2811 vellent,
1062 2760 1162 2799 eos
1188 2744 1361 2799 bonis
1404 2746 1632 2802 artibus
1677 2748 1955 2805 instituit.
1994 2753 2103 2806 Ve-

450 2849 583 2887 rum
633 2833 758 2886 haec
789 2832 977 2886 multo
1009 2838 1165 2888 ante.
1199 2832 1491 2890 Caeterum
1526 2837 2098 2909 Imaginiperdarum

452 2921 665 2977 haaresi
689 2920 999 2993 proﬂigata
1018 2928 1076 2976 et
1121 2921 1250 2993 ejus
1286 2925 1677 2981 sectatoribus
1704 2927 1973 2999 dejectis,
2006 2931 2101 2986 in-

452 3017 658 3082 terque
711 3027 811 3066 eos
853 3012 1040 3067 Janne
1088 3013 1268 3069 etiam
1318 3016 1673 3087 patriarcha,
1706 3017 1821 3074 Leo
1862 3035 2097 3092 quoque

450 3100 798 3157 deturbatus
856 3101 1200 3172 episcopatu
1256 3102 1387 3172 fuit,
1449 3122 1706 3177 eumque
1759 3108 1996 3175 Bardas,
2031 3116 2094 3165 ut
2124 3141 2167 3208 ρ

448 3192 785 3258 retulimus,
820 3191 1033 3247 deinde
1097 3195 1315 3249 schola)
1345 3195 1774 3267 philosophicas
1808 3199 2089 3269 praafecit.

450 3283 610 3339 Idem
661 3283 928 3354 Sergium
971 3284 1181 3339 Leonis
1232 3285 1613 3357 discipulum,
1647 3292 1875 3357 patrem
1918 3289 2097 3359 hujus

451 3372 522 3427 de
555 3389 670 3443 quo
692 3372 869 3426 verba
906 3372 1155 3427 fecimus
1170 3374 1429 3445 juvenis,
1462 3375 1822 3445 geometrico
1854 3392 2096 3447 gymna-

453 3460 636 3525 sio,et
656 3461 1070 3533 Theodegium,
1106 3461 1310 3515 itidem
1342 3461 1471 3531 ejus
1501 3462 1879 3532 familiarem,
1911 3465 2099 3520 arith-

452 3549 667 3619 metico
707 3551 1225 3621 astronomicoque
1258 3550 1396 3605 ludo
1446 3554 1785 3624 prteposuit.
1818 3554 1998 3628 Large
2027 3556 2098 3610 iis

454 3644 724 3711 sumptus
755 3640 1149 3710 suppeditavit
1174 3658 1187 3707 ;
1210 3647 1394 3713 utque
1426 3648 1553 3697 erat
1583 3642 1883 3699 studiosus
1912 3645 2096 3701 bona-

451 3745 584 3783 rum
614 3729 851 3796 artium,
872 3745 1026 3800 saape
1048 3729 1173 3800 ipse
1200 3746 1436 3801 quoque
1460 3731 1722 3787 scholam
1752 3733 2094 3803 frequenta-

448 3818 924 3888 vit,alacritatem
937 3817 1294 3874 discentium
1309 3836 1414 3874 suo
1431 3820 1699 3892 exemplo
1715 3823 2095 3878 confirmans.

428 3908 572 3963 ‘Hoc
606 3912 777 3979 pacto
823 3906 1007 3963 bonas
1052 3907 1280 3963 litteras
1310 3925 1553 3980 prorsus
1583 3915 1721 3964 ante
1754 3911 2097 3980 exstinctas,

452 3998 535 4052 ita
565 4002 631 4051 ut
677 4013 750 4051 ne
803 3996 1113 4068 vestigium
1159 3996 1401 4067 quidem
1452 4013 1655 4052 earum
1705 4004 1807 4054 aut
1839 4000 2102 4055 scintilla

453 4091 730 4153 exstaret,
764 4085 924 4140 brevi
957 4086 1240 4158 temporis
1272 4086 1460 4156 spatio
1491 4086 1564 4142 ad
1601 4103 1876 4161 magnam
1907 4091 2100 4144 evexit

454 4175 933 4245 amplitudinem.

522 4264 686 4316 Idem
717 4261 933 4316 Bardas
965 4264 1159 4318 Caesar
1180 4264 1368 4319 factus
1391 4265 1598 4321 crebro
1616 4267 1847 4339 judicia
1873 4285 2005 4339 qum
2036 4268 2099 4323 in

451 4352 617 4407 Circo
638 4349 965 4421 agebantur
984 4350 1277 4418 visitabat,
1314 4354 1625 4425 effecitque
1648 4361 1714 4410 ut
1735 4354 1895 4427 leges
1922 4355 2101 4411 reﬂo-

451 4444 919 4506 rescerent,cum
952 4439 1166 4495 horum
1198 4458 1434 4514 quoque
1469 4450 1801 4516 temporum
1835 4445 1970 4500 vitio
2002 4461 2099 4500 ac-

450 4533 655 4587 curata
709 4527 1097 4585 obsolevisset
1154 4533 1443 4588 tractatio.
1498 4535 1631 4589 Haec
1682 4539 1768 4589 tot
1818 4539 2097 4604 tantaque

452 4619 655 4675 Bardaa
687 4625 1039 4675 ornamenta
1088 4621 1275 4676 nimia
1305 4621 1537 4693 imperii
1571 4622 1890 4694 cupiditas,
1923 4622 2102 4676 veluti

450 4726 649 4765 naavus
697 4708 940 4781 quidam
988 4715 1047 4764 et
1103 4710 1309 4765 innata
1361 4710 1613 4778 macula,
1646 4710 1887 4765 foedavit
1926 4717 2104 4781 atque

450 4800 802 4867 obscuravit,
824 4815 892 4855 ac
920 4805 1203 4871 praeterea
1228 4799 1415 4854 turbas
1439 4816 1585 4870 quas
1604 4801 1879 4855 Ecclesia;
1903 4799 2065 4855 dedit
2088 4819 2101 4870 ;

451 4890 666 4962 quibus
698 4890 918 4944 factum
951 4893 1038 4943 est
1068 4894 1133 4943 ut
1162 4906 1269 4959 pro
1302 4888 1490 4960 gloria
1514 4888 1821 4944 infamiam
1846 4896 2106 4961 reporta-

450 4986 560 5037 ret.
612 4978 845 5034 Etenim
905 4977 1247 5032 beatissimo
1308 4977 1623 5047 Methodio,
1656 4995 1791 5034 cum
1850 4987 2104 5050 quatuor

2203 1861 2329 1917 τικά
2362 1862 2638 1934 μυηθῆναι
2677 1859 2815 1915 κατὰ
2858 1860 2960 1927 τήν
3016 1854 3297 1934 βασιλίδα,
3330 1856 3630 1933 ῥητορικὴν
3659 1853 3725 1911 δὲ
3783 1856 3871 1910 καὶ

2206 1948 2531 2026 φιλοσοφίαν
2581 1948 2671 2003 καὶ
2730 1948 2980 2021 ἀριθμῶν
3029 1943 3333 2018 ἀναλήψεις
3401 1943 3496 1998 καὶ
3579 1944 3677 2005 τὰς
3767 1948 3875 1998 τῶν

2206 2035 2418 2092 λοιπῶν
2461 2037 2779 2111 ἐπιστημῶν
2816 2032 3045 2113 ἐφόδους
3084 2033 3221 2090 κατά
3270 2034 3370 2103 τὴν
3405 2039 3572 2102 νῆσον
3632 2030 3870 2106 Ἀνδρον

2204 2127 2523 2201 γενόμενος.
2562 2128 2771 2182 Ἐκεῖσε
2798 2125 2903 2201 γὰρ
2933 2121 3216 2196 σπουδαίῳ
3256 2123 3364 2177 τινὶ
3424 2119 3673 2197 ἐντυχὼν
3714 2119 3869 2195 ἀνδρὶ

2208 2214 2442 2293 Μιχαὴλ
2472 2220 2552 2288 τῷ
2582 2213 2810 2287 Ψέλλῷ,
2844 2214 2932 2268 καὶ
2978 2213 3075 2277 τάς
3129 2212 3304 2287 ἀρχὰς
3366 2211 3531 2284 μόνον
3589 2210 3683 2267 καί
3716 2231 3869 2272 τινας

2208 2305 2405 2380 λόγους
2461 2304 2551 2359 καὶ
2607 2303 2857 2383 ἀφορμὰς
2918 2297 3102 2357 λαϐὼν
3160 2302 3288 2375 παρ’
3345 2299 3535 2369 αὐτοῦ,
3600 2298 3727 2355 ἐπεὶ
3792 2300 3867 2373 μή

2207 2394 2331 2450 ὅσον
2373 2388 2631 2449 ἐϐούλετο
2688 2388 2922 2468 εὕρισκε,
2979 2391 3309 2466 περιενόστει
3368 2391 3437 2444 τὰ
3499 2392 3866 2465 μοναστήρια,

2205 2483 2429 2544 καὶτὰς
2489 2482 2540 2537 έν
2601 2481 2785 2543 αὐτοῖς
2844 2478 3203 2553 ἀποκειμένας
3280 2472 3512 2553 βίϐλους
3566 2477 3868 2553 ἀνερευνῶν

2206 2594 2263 2628 τε
2294 2572 2383 2627 καὶ
2428 2570 2790 2646 ποριζόμενος
2845 2569 2935 2624 καὶ
2993 2566 3302 2632 σπουδαίως
3358 2566 3667 2641 ἐκμελετῶν
3730 2569 3866 2642 πρὸς

2204 2661 2266 2716 τὸ
2295 2667 2396 2728 τῆς
2428 2658 2694 2729 τοσαύτης
2724 2660 2976 2733 γνώσεως
3007 2657 3147 2732 ὕψος
3206 2651 3563 2727 ἀνεϐιϐάσθη.
3626 2656 3731 2721 Εἲς
3770 2655 3870 2711 κό-

2207 2770 2298 2824 ρον
2329 2747 2386 2804 δὲ
2409 2753 2515 2804 τῶν
2561 2748 2899 2821 μαθημάτων
2946 2746 3305 2822 μετεσχηκὼς
3370 2746 3507 2821 πρὸς
3565 2748 3663 2815 τήν
3700 2747 3864 2821 βασι-

2207 2838 2465 2895 λεύουσαν
2523 2836 2678 2901 αὖθις
2731 2837 3049 2910 ὑπέστρεψε,
3107 2835 3174 2891 τὰ
3224 2836 3508 2910 σπέρματα
3569 2839 3678 2889 τῶν
3743 2834 3865 2890 έπι-

2207 2933 2434 3002 στημῶν
2460 2931 2577 2989 ταῖς
2617 2930 2724 2980 τῶν
2783 2924 3137 3000 βουλομένων
3196 2921 3460 2988 διανοίαις
3518 2918 3869 2979 καταϐαλλό-

2211 3037 2392 3091 μενος.
2427 3012 2607 3071 Ἀλλὰ
2635 3018 2799 3069 ταῦτα
2842 3014 2937 3087 μὲν
2972 3013 3267 3088 πρότερον
3309 3020 3409 3083 τῆς
3456 3010 3513 3068 δὲ
3558 3018 3663 3067 τῶν
3694 3013 3862 3070 Εἰκο-

2206 3108 2470 3182 νομάχων
2538 3106 2797 3180 αἱρέσεως
2855 3099 3297 3177 καταϐληθείσης
3352 3103 3444 3159 καὶ
3497 3108 3605 3159 τῶν
3661 3105 3871 3174 ταύτης

2204 3195 2489 3269 ἔχομένων
2555 3194 3002 3269 καθαιρεθέντων,
3061 3194 3469 3269 καθαιρεθέντος
3506 3190 3563 3247 δὶ
3613 3192 3707 3247 καὶ
3738 3196 3870 3249 Ἰαν-

2206 3292 2272 3355 νῆ
2304 3289 2401 3339 τοῦ
2450 3285 2823 3362 πατριάρχου,
2884 3282 3265 3360 συγκαθῃρὲθη
3332 3281 3423 3337 καὶ
3481 3280 3661 3351 οὗτος,
3717 3282 3779 3337 δν
3835 3282 3863 3336 ὁ

2209 3370 2442 3447 Βάρδας,
2477 3375 2551 3435 ὡς
2582 3370 2691 3443 ἤδη
2739 3373 3035 3451 φθάσαντες
3096 3368 3343 3444 εἴπομεν,
3398 3376 3499 3439 τῆς
3548 3370 3861 3448 φιλοσόφου

2209 3460 2424 3532 σχολῆς
2476 3462 2787 3536 προστάτην
2847 3458 3109 3530 ἀπέδειξε,
3166 3458 3256 3515 καί
3300 3480 3418 3515 τινα
3461 3458 3704 3535 Σέργιον,
3738 3480 3860 3538 φοι-

2207 3551 2379 3622 τητήν
2438 3549 2605 3606 αὐτοῦ
2661 3550 2952 3627 γενόμενον
3012 3550 3217 3623 (πατὴρ
3296 3548 3455 3609 οὗτος
3510 3551 3609 3602 τοῦ
3667 3544 3870 3602 ἄνωθεν

2212 3641 2361 3718 ρίου,
2417 3640 2507 3695 καὶ
2578 3637 2899 3714 Θεοδήγιον,
2985 3640 3191 3709 συνήθη
3277 3637 3368 3692 καὶ
3452 3634 3610 3692 αὐτὸν
3664 3636 3865 3691 τούτου

2215 3729 2551 3805 ὑπάρχοντα,
2580 3728 2950 3803 ἀριθμητικῆς
3008 3726 3100 3782 καὶ
3158 3724 3550 3802 ἀστρονομίας,
3608 3721 3864 3797 δαψιλεῖς

2212 3822 2402 3884 αὐτοῖς
2433 3822 2531 3885 τὰς
2590 3820 2867 3895 χορηγίας
2923 3817 3258 3894 έπιμετρῶν.
3318 3816 3599 3880 Πολλάκις
3665 3813 3723 3871 δὲ
3780 3815 3867 3871 καὶ

2212 3910 2506 3988 ἐπιφοιτῶν
2537 3908 2598 3965 έκ
2653 3908 3040 3988 φιλομαθείας,
3120 3907 3211 3962 καὶ
3298 3911 3405 3962 τῶν
3463 3903 3866 3980 διδασκομένων

2210 4000 2305 4062 τὰς
2352 3999 2659 4073 προθυμίας
2719 3998 3072 4073 έπιρῥωννὺς,
3132 3993 3222 4052 διὰ
3279 3997 3531 4072 βραχέων
3570 3994 3645 4056 είς
3699 3994 3866 4064 αῧξη-

2214 4110 2297 4143 σιν
2326 4089 2425 4156 τήν
2465 4092 2666 4163 γνῶσιν
2725 4087 3012 4162 ἀνήγαγεν,
3070 4081 3442 4156 ἀπεσϐηκυῖαν
3500 4082 3700 4146 τελέως
3759 4102 3862 4157 προ

2212 4176 2310 4232 τοῦ
2338 4176 2428 4231 καὶ
2463 4174 2592 4249 μηδ’
2626 4175 2776 4251 ἴχνος
2804 4176 2951 4238 ὅλως
2975 4173 3252 4231 δεικνῦσαν
3275 4174 3310 4244 ἦ
3344 4175 3613 4246 ζώπυρον’

2284 4265 2345 4323 Ὀ
2403 4263 2450 4319 δ’
2514 4263 2677 4327 αὐτὸς
2737 4262 2945 4340 Βάρδας
2994 4264 3086 4319 καὶ
3145 4268 3347 4337 Καῖσαρ
3400 4262 3685 4338 γενόμενος
3744 4282 3863 4316 συν-

2216 4357 2364 4428 εχῶς
2394 4351 2585 4431 έφοίτα
2611 4358 2728 4416 τοῖς
2756 4357 2854 4408 τοῦ
2911 4348 3267 4425 ἱπποδρόμου
3322 4347 3696 4425 δικαστηρίοις
3731 4352 3861 4423 (49),

2215 4444 2302 4497 καὶ
2334 4441 2462 4503 τοὺς
2492 4444 2698 4516 νόμους
2759 4437 2958 4513 ἀνηϐᾇν
3007 4438 3181 4504 αἴτιος
3240 4439 3452 4516 γέγονε,
3508 4443 3606 4494 τοῦ
3664 4440 3861 4517 χρόνου

2214 4533 2303 4589 καὶ
2360 4535 2460 4603 τήν
2544 4533 2668 4608 περὶ
2743 4532 2940 4597 αὐτοὺς
3026 4528 3305 4608 ἀκρίϐειαν
3387 4529 3853 4605 συγκαλύψαντος.

2213 4626 2298 4697 [Ρ.
2332 4625 2458 4698 551]
2491 4621 2665 4680 Ἀλλὰ
2720 4626 2956 4677 τοσαῦτα
3007 4621 3098 4676 καὶ
3160 4620 3465 4691 τηλικαῦτα
3521 4623 3628 4675 τῶν
3683 4623 3861 4673 καλῶν

2212 4716 2311 4767 τοῦ
2398 4708 2581 4787 Βάρδα
2637 4711 3135 4785 πλεονεκτημάτων
3228 4711 3257 4764 ὁ
3334 4716 3437 4779 τῆς
3485 4706 3861 4783 φιλοπρωτίας

2214 4797 2375 4876 ἔρως,
2409 4801 2500 4857 οἷά
2529 4821 2611 4864 τις
2638 4799 2859 4874 ἐγγενὴς
2918 4798 3202 4873 μολυσμὸς
3254 4799 3344 4854 καὶ
3379 4796 3575 4859 σπῖλος
3630 4797 3862 4872 ἄκρατος

2216 4885 2312 4960 ὤν,
2342 4888 2641 4964 ἠμαύρωσε
2688 4889 2777 4943 καὶ
2807 4889 3060 4961 ἠφάνισε,
3091 4891 3180 4942 καί
3210 4889 3277 4957 ἢν
3305 4888 3441 4943 κατά
3495 4892 3597 4956 τῆς
3626 4883 3865 4954 Ἐκκλη-

2216 4980 2333 5042 σίας
2362 4980 2618 5053 ἀνήγειρε
2671 4977 2877 5051 στάσιν,
2936 4979 3175 5047 κυκήσας
3234 4977 3399 5047 αὐτὴν
3459 4976 3550 5029 καὶ
3597 4974 3851 5049 ταράξας.

1646 5108 2006 5164 XYLANDRI
2048 5111 2135 5165 ET
2174 5110 2393 5197 QOARI
2431 5109 2651 5164 NOTAE.

525 5234 631 5304 (49)
648 5232 875 5304 Ibidem
901 5231 1085 5285 fuisse
1118 5228 1453 5304 ἀσηκρήτεια
1476 5232 1747 5304 superius
1769 5249 1840 5288 ex
1862 5239 2101 5289 auctore

452 5320 510 5425 Ε.
535 5298 636 5355 543
674 5303 945 5427 legimus.
981 5298 1243 5375 Σεκρέτου
1265 5298 1460 5357 autem
1508 5298 1646 5372 sive,
1679 5310 1746 5359 ut
1773 5321 1906 5361 cum
1929 5307 2103 5360 Euse-

496 5372 552 5424 io
601 5388 700 5427 vn.
768 5378 801 5427 0
852 5375 1083 5427 loauar.
1121 5373 1399 5427 Σεκοήτου
1440 5376 1681 5427 nomine
1722 5393 1842 5427 non
1873 5383 2102 5427 secreta-

496 5372 552 5445 io
601 5388 700 5440 vn,
733 5372 801 5428 30
852 5372 1399 5445 1οᾳιιετζΣεκρήτου
1440 5376 1681 5431 nomine
1722 5393 1843 5432 non
1873 5383 2102 5433 secreta-

452 5444 689 5524 riorum,
741 5450 806 5524 ut
840 5447 1026 5524 vertit
1074 5446 1388 5524 interpres,
1439 5449 1674 5524 curiam,
1705 5450 1850 5524 quin
1910 5450 2105 5524 potius

457 5515 723 5591 ipsorum
747 5515 1045 5591 judicum,
1074 5515 1435 5591 censendam
1468 5515 1762 5591 existimo.
1796 5523 1866 5575 Et
1896 5515 1959 5574 ut
1990 5521 2107 5576 alia

456 5583 640 5641 missa
669 5583 905 5652 faciam,
940 5588 1082 5641 satis
1131 5588 1207 5640 sit
1233 5590 1447 5644 Nicetaa
1478 5590 1537 5644 in
1585 5590 1790 5646 Alexio
1820 5593 2107 5647 Manuelis

2217 5232 2339 5287 ﬁlio
2372 5232 2779 5301 testimonium
2814 5248 2827 5286 :
2860 5230 2923 5285 τὸ
2950 5232 3047 5283 τοῦ
3086 5225 3369 5301 βεοδώρου
3414 5223 3747 5301 περικαλλὲς
3778 5224 3862 5279 οἷ’-

2210 5324 2280 5370 κη
2293 5323 2393 5377 μα,
2421 5302 2666 5377 έπάρχου
2697 5300 2850 5377 ὄντος
2880 5308 2979 5369 τῆς
3011 5297 3225 5377 πόλεως
3256 5297 3437 5377 καὶμτὸ
3474 5297 3584 5377 τῶν
3643 5298 3855 5377 οἰκεια-

2211 5368 2323 5429 κῶν
2373 5368 2653 5435 διέποντος
2711 5368 2978 5456 σέκρετον,
3035 5377 3116 5444 τῷ
3156 5368 3540 5442 δικαιοδοτικῷ
3577 5389 3635 5423 τε
3688 5368 3858 5493 θρόνὲι

2214 5448 2606 5493 ὲιιποὲποντοε-
2643 5447 2890 5493 Βηςίιιὶις
2921 5446 3097 5493 etiam
3131 5446 3286 5493 infra
3305 5449 3564 5493 renovat.
3589 5440 3681 5493 τὸν
3705 5441 3808 5493 ἱππ
3842 5469 3858 5481 -

2214 5448 2606 5519 ἐμπρέποντος.
2642 5440 2890 5519 Basilius
2921 5440 3100 5519 etiam
3130 5446 3286 5500 infra
3305 5440 3565 5511 renovat,
3589 5440 3681 5496 τὸν
3705 5440 3862 5494 inad-

2215 5513 2443 5591 δ’ρομον,
2473 5518 2638 5572 τόπον
2669 5516 2927 5573 δικαστῶ.
2963 5517 3137 5572 GOAR.
