4130 6218
268 353 426 418 1057

1390 336 1940 406 HISTORIARUM
1985 334 2538 404 COMPENDIUM.

3522 351 3679 412 1058

272 483 367 540 Διὸ
405 481 525 537 ἀντί
550 485 654 549 τῆς
696 476 1007 553 κρείττονος
1037 472 1202 546 δόξης
1237 473 1306 529 τὰ
1360 471 1576 529 ἐναντία
1629 470 1918 547 ἠνέγκατο.

2048 473 2325 529 iuntaxat
2352 489 2544 531 annos
2571 476 2862 547 Cpolitani
2908 478 3350 549 patriarchatus
3379 483 3533 541 912
3585 502 3678 540 so-

268 569 551 630 Μεθοδίου
580 569 684 648 γὰρ
713 572 814 623 τοῦ
841 560 1168 644 τρισολϐίου
1195 564 1289 619 τὸν
1324 562 1445 639 βίον
1482 559 1928 637 μετηλλαιότος,

271 660 362 717 ἐπὶ
392 660 653 734 τέσσαρας
685 657 923 735 χρόνους
969 657 1130 729 μόνον
1186 653 1279 709 τὸν
1334 659 1436 722 τῆς
1486 659 1931 708 Κωνσταντινου-

274 748 495 809 πόλεως
526 747 868 809 οἰακίσαντος
930 747 1144 821 θρόνον,
1208 743 1472 819 Ἰγνάτιος
1522 743 1550 796 ὁ
1604 740 1930 818 Νικηφόρου

279 842 375 914 μὶν
407 842 505 894 τοῦ
539 835 812 913 βασιλεως
836 831 1212 910 θυγατριδοῦς,
1245 833 1362 896 υἱὸς
1417 828 1476 885 δὲ
1531 828 1769 905 Μιχαὴλ
1832 829 1931 882 τοῦ

277 933 378 994 τῆς
404 926 688 1004 βασιλείας
714 922 1152 991 ἐκπεπτωκότας,
1190 922 1325 996 μετὰ
1372 920 1436 976 τὸ
1489 926 1590 988 τῆς
1650 914 1933 993 βασιλείας

284 1019 579 1074 ἀποπεσεῖν
663 1016 753 1071 καὶ
827 1014 896 1069 τὰ
950 1005 1257 1086 παιδογόνα
1324 1011 1680 1085 ἀφαιρεθῆναι
1770 1005 1937 1080 μόρια

287 1107 532 1182 μοναχὸς
560 1105 804 1182 γεγονὼς
832 1102 923 1158 καὶ
970 1107 1073 1171 τῆς
1137 1105 1307 1173 μονῆς
1363 1102 1461 1153 τοῦ
1504 1096 1748 1171 Σατύρου
1804 1105 1938 1158 καθ-

284 1194 514 1274 ηγεμὼν
545 1197 676 1267 (50),
735 1193 876 1269 πρὸς
918 1190 1013 1245 τὸν
1061 1187 1459 1263 πατριαρχικὸν
1500 1184 1691 1262 θρόνον
1742 1184 1937 1258 ἀνάγε-

276 1308 388 1344 ται.
415 1288 587 1348 Οὗτος
605 1286 699 1340 τὸν
749 1279 961 1357 Βάρδαν
994 1279 1083 1336 ἐπὶ
1138 1282 1208 1354 τῇ
1266 1285 1366 1348 τῆς
1420 1276 1679 1353 γυναικὸς
1707 1274 1936 1347 ἀναιτίῳ

278 1371 565 1451 ἀποϐολῇ,
593 1379 663 1449 τῇ
696 1371 755 1428 δὶ
780 1380 884 1442 τῆς
943 1369 1144 1433 οἰκείας
1201 1368 1421 1446 νύμφης
1476 1365 1791 1442 περιπλοκῇ
1823 1366 1936 1451 (bl)

275 1474 378 1537 τῆς
405 1464 698 1535 ἐκκλησίας
726 1462 1004 1539 ἀπεῖργεν,
1047 1457 1163 1514 ἐπεὶ
1227 1459 1303 1533 μή
1358 1462 1466 1513 τῶν
1527 1455 1686 1511 θείων
1737 1450 1937 1527 ἠμέλει

285 1555 548 1612 κανόνων.
579 1554 680 1610 ’Ὀν
714 1550 831 1606 ἐπεὶ
863 1547 1054 1605 πολλὰ
1110 1546 1406 1603 λιτανεύων
1459 1545 1551 1601 καὶ
1582 1542 1851 1600 δυσωπῶν
1909 1543 1939 1597 ὁ

281 1641 498 1719 Βάρδας
527 1641 939 1716 συγχωρήσεως
960 1637 1259 1710 ἀξιωθῆναι
1293 1635 1394 1690 ούκ
1418 1632 1696 1705 ἠδυνήθη,
1749 1630 1937 1687 ἄλλων

280 1718 553 1808 ἀπογνοὺς
579 1730 716 1803 πρὸς
755 1724 963 1801 ἄμυναν
1017 1722 1374 1797 διανίσταται,
1428 1722 1521 1778 καὶ
1575 1728 1676 1792 τῆς
1731 1718 1940 1789 ἐκκλη-

2030 569 2178 624 lium
2226 567 2537 633 tenuisset,
2577 565 2697 621 vita
2734 565 3034 635 defuncto,
3073 569 3339 640 Ignatius
3366 572 3683 645 Nicephori

2033 658 2159 713 filia
2208 663 2403 726 natus,
2450 657 2719 713 Michaeli
2761 657 3053 729 Rangaba)
3103 658 3284 727 ﬁlius,
3318 662 3419 732 qui
3445 662 3684 734 imperii

2033 763 2138 819 spe
2153 747 2433 818 adempta
2445 747 2690 818 insuper
2710 752 3001 802 castratus
3021 747 3216 804 fuerat
3234 752 3683 822 monachusque

2036 843 2095 894 et
2123 835 2473 892 monasterii
2523 835 2714 908 Satyri
2755 836 3052 908 princeps,
3083 839 3422 909 patriarcha
3450 847 3685 896 creatus

2032 926 2164 981 fuit.
2198 927 2252 981 Is
2303 924 2572 993 Bardam,
2607 923 2766 995 quod
2792 925 2890 980 hic
2936 942 3182 982 uxorem
3230 928 3358 984 sine
3389 945 3569 984 causa
3598 946 3686 984 re-

2032 1014 2334 1087 pudiasset
2383 1029 2636 1084 cumque
2684 1029 2791 1068 sua
2837 1031 2990 1070 nuru
3031 1032 3159 1071 rem
3189 1017 3452 1087 haberet,
3488 1035 3684 1075 sacro-

2037 1121 2172 1160 rum
2231 1120 2530 1160 canonum
2578 1103 2826 1158 minime
2878 1105 3184 1177 negligens
3210 1109 3475 1166 Ecclesia
3503 1116 3685 1166 arcet.

2038 1193 2256 1248 Bardas
2303 1208 2439 1248 cum
2488 1192 2694 1247 multis
2743 1193 3262 1265 deprecationibus
3304 1199 3535 1255 veniam
3566 1217 3689 1255 non

2042 1283 2412 1354 impetraret,
2435 1280 2763 1353 desperatis
2793 1282 2929 1338 aliis
2957 1284 3240 1341 remediis
3268 1288 3341 1343 ad
3365 1288 3689 1345 vindictam

2042 1389 2103 1429 se
2125 1371 2379 1441 confert,
2406 1372 2697 1444 Ignatium
2711 1373 2963 1430 ecclesia
2983 1375 3166 1446 ejicit,
3195 1378 3486 1449 variisque
3519 1385 3576 1435 et
3602 1381 3694 1438 in-

2040 1460 2456 1518 tolerabilibus
2476 1461 2670 1517 modis
2699 1468 2972 1518 vexatum
2992 1464 3229 1521 tandem
3248 1466 3311 1520 in
3329 1468 3687 1541 CQpronymi

2043 1549 2424 1623 sepulchrum
2471 1549 2744 1620 includit,
2797 1550 3141 1608 custodibus
3180 1554 3399 1610 additis
3428 1558 3690 1613 casvissi-

2041 1639 2177 1696 mis.
2211 1641 2281 1694 Et
2314 1645 2582 1695 mortuus
2624 1639 2833 1696 fuisset
2862 1640 2943 1695 ibi
2982 1641 3158 1698 homo
3182 1642 3588 1703 divinissimus
3620 1663 3691 1702 ex

2043 1729 2430 1785 acerbissimo
2454 1729 2740 1797 cruciatu,
2760 1729 2876 1785 nisi
2901 1731 3035 1801 pius
3056 1731 3319 1801 quidam,
3343 1735 3691 1791 custodibus

285 1820 404 1883 σίας
436 1813 723 1886 ἰκϐάλλει,
762 1814 856 1871 καὶ
912 1814 1048 1889 μετᾶ
1102 1810 1321 1875 πολλὰς
1375 1812 1643 1867 κακώσεις·
1701 1811 1790 1865 καὶ
1847 1808 1939 1863 ἀν-

2050 1834 2172 1873 ειιω
2202 1817 2575 1873 necessitatis
2624 1833 2799 1873 causa
2830 1818 2946 1874 alio
2991 1819 3290 1892 digressis,
3325 1839 3460 1878 eum
3495 1824 3694 1895 sepul-

285 1908 580 1969 υποίστους
659 1903 972 1960 τελευταῖον
1030 1906 1110 1975 τῷ
1194 1906 1292 1957 τοῦ
1348 1905 1734 1977 Κοπρωνυμου
1781 1897 1940 1969 τάφῳ

286 1993 595 2064 ἀποκλείει,
621 1993 915 2065 ἐπιστήσας
967 1991 1115 2064 αὐτῷ
1172 1989 1417 2069 φύλακας
1476 1987 1684 2051 δεινούς
1739 2008 1799 2043 τε
1847 1984 1938 2042 καὶ

287 2085 642 2160 ὠμοτάτους.
676 2076 918 2139 Ἀπεϐίω
948 2078 994 2136 δ’
1050 2078 1112 2136 ἄν
1170 2082 1198 2136 ὁ
1256 2081 1552 2156 ἱερώτατος
1594 2078 1752 2138 οὗτος
1800 2076 1940 2150 ἀνὴρ

281 2174 391 2231 ἀπὸ
428 2176 528 2243 τῆς
587 2168 946 2228 πολυωδύνου
997 2169 1202 2239 ταύτης
1258 2168 1571 2235 κακώσεως,
1634 2166 1679 2222 εἰ
1744 2167 1940 2239 μήτις

282 2257 547 2332 θεοσεϐὴς
577 2260 864 2337 ἄνθρωπος
891 2259 1030 2315 κατά
1067 2279 1217 2321 τινας
1275 2258 1467 2333 χρείας
1521 2261 1632 2314 τῶν
1685 2259 1937 2334 φρουρῶν

280 2348 723 2424 ἀποδημούντων
781 2347 937 2424 ἆξῆγέ
992 2368 1053 2403 τε
1099 2350 1199 2403 τοῦ
1255 2346 1429 2423 τάφου
1483 2344 1575 2400 καὶ
1626 2341 1940 2418 ἐπιμελείας

280 2438 440 2513 ἠξίου
464 2441 565 2508 τῆς
595 2437 1008 2513 προσηκούσης.
1060 2438 1158 2494 Ὅν
1206 2436 1342 2509 μετὰ
1395 2432 1613 2503 πολλὴν
1643 2434 1775 2503 ὅσην
1830 2433 1940 2501 τὴν

279 2528 518 2585 κάκωσιν
575 2526 864 2602 ὑπερόριον
924 2525 976 2581 ἐν
1032 2522 1324 2599 Μιτυλήνῃ
1379 2528 1545 2580 ποιεῖ.
1606 2523 1843 2579 Ἔπαθον
1885 2517 1945 2576 δὲ

279 2618 376 2673 καὶ
407 2615 574 2673 ἄλλοι
604 2613 812 2672 πολλοὶ
868 2620 979 2672 τῶν
1036 2614 1321 2671 ἐπισκόπω
1371 2612 1439 2668 τὰ
1467 2606 1829 2686 παραπλήσιά
1880 2630 1942 2665 τε

286 2707 377 2763 καὶ
405 2707 600 2782 χείρω,
632 2705 717 2762 ὅτι
752 2706 829 2780 μή
887 2704 1187 2781 ἠρέσκοντο
1243 2708 1363 2766 τοῖς
1415 2701 1747 2777 γινομένοις,
1809 2696 1920 2773 μηδ

286 2796 466 2855 ἄλλον
535 2795 782 2868 δέξασθαι
840 2792 1229 2868 διαϐοώμενοι,
1314 2790 1413 2849 κᾶν
1463 2789 1517 2847 εἶ’
1593 2813 1647 2847 τι
1692 2790 1938 2865 γένηται.

278 2890 478 2961 Ὅμως
512 2885 558 2943 δ’
591 2883 906 2948 ὑπενδόντες
939 2885 996 2941 οἱ
1057 2885 1152 2958 μὲν
1198 2883 1453 2943 ἀπειλαῖς
1510 2881 1562 2936 οἱ
1613 2877 1672 2935 δὲ
1702 2876 1941 2954 ὁποσχὲ-

288 3000 431 3035 σεσιν
493 2978 700 3034 εἲκουσι
746 2981 827 3050 τῷ
882 2981 981 3033 τοῦ
1038 2973 1221 3051 Βάρδα
1301 2972 1597 3047 θελήματι,
1660 2972 1759 3042 τῆς
1819 2970 1943 3044 ἀρε-

287 3075 393 3138 τῆς
455 3068 548 3123 καὶ
607 3064 768 3140 δόξης
834 3063 1011 3141 ἔρωτα
1095 3065 1399 3140 χρημάτων
1451 3061 1541 3117 καὶ
1598 3058 1940 3129 λειποταξίαν

288 3155 777 3228 ἀνταλλιξάμενοι.
832 3155 896 3212 Ὁ
949 3151 1007 3208 δὲ
1065 3151 1272 3229 Βάρδας
1326 3152 1568 3219 Φώτιον,

290 3244 456 3323 σοφίᾳ
509 3246 802 3321 γνώριμον,
862 3243 1340 3316 πρωτασηκρήτην
1394 3242 1691 3311 τηνικαῦτα
1763 3236 1937 3310 ὑπάρ-

287 3353 485 3413 χοντα,
517 3334 931 3412 προχειρίζεται
995 3333 1369 3407 πατριάρχην.
1428 3328 1581 3387 Ἐπεὶ
1612 3324 1670 3382 δὲ
1698 3333 1946 3401 παρῆσαν

2047 1907 2191 1963 chro
2208 1906 2513 1965 eduxisset
2531 1912 2590 1963 et
2618 1907 2818 1963 debita
2848 1925 2989 1965 cura
3015 1910 3339 1967 refecisset.
3371 1915 3512 1968 Post
3538 1914 3694 1968 mul-

2043 2000 2165 2051 tam
2195 1997 2571 2051 vexationem
2595 1996 2837 2051 tandem
2867 1999 3161 2070 Ignatium
3193 2001 3535 2072 Mitylenam
3556 2003 3693 2057 Bar-

2045 2083 2151 2139 das
2182 2083 2426 2157 relegat.
2458 2084 2623 2139 Multi
2654 2101 2890 2157 quoque
2920 2092 3047 2142 tum
3073 2087 3175 2142 alii
3197 2089 3459 2161 episcopi
3483 2090 3691 2146 eodem

2047 2173 2224 2229 modo
2270 2176 2412 2229 sunt
2440 2174 2673 2230 tractati
2716 2179 2818 2230 aut
2849 2176 3029 2231 etiam
3060 2175 3342 2247 deterius,
3376 2178 3533 2248 quod
3564 2185 3696 2234 acta

2050 2279 2172 2318 non
2222 2261 2567 2334 probarent,
2600 2278 2795 2334 neque
2840 2263 3033 2319 ullum
3082 2265 3290 2333 alium,
3336 2284 3694 2339 quocunque

2046 2351 2222 2406 modo
2246 2366 2341 2406 res
2360 2350 2618 2419 caderet,
2645 2352 3041 2422 patriarcham
3075 2369 3136 2407 se
3167 2354 3569 2411 admissurum
3600 2372 3695 2411 as-

2049 2442 2410 2494 severarent.
2444 2438 2693 2503 Quidam
2726 2443 2923 2494 tamen
2954 2441 3172 2511 partim
3206 2442 3385 2497 minis
3418 2443 3697 2498 cedentes

2046 2526 2262 2599 partim
2276 2526 2803 2598 pollicitationibus
2821 2527 3048 2584 inducti
3071 2530 3275 2586 Bardas
3296 2531 3580 2586 voluntati
3604 2531 3702 2586 ob-

2047 2615 2233 2670 secuti
2263 2620 2422 2683 sunt,
2452 2614 2685 2671 virtutis
2713 2631 2782 2672 ac
2827 2616 3027 2688 glorias
3058 2633 3322 2674 amorem
3353 2621 3608 2691 pecunia
3636 2626 3695 2676 et

2048 2703 2386 2759 desertione
2416 2709 2843 2775 permutantes.
2867 2706 3086 2763 Bardas
3119 2724 3255 2781 ergo
3286 2709 3584 2777 Photium,
3603 2727 3695 2766 ce-

2047 2791 2276 2848 lebrem
2309 2794 2603 2865 sapientia
2647 2795 2837 2850 virum
2870 2800 2929 2851 et
2957 2799 3411 2854 secretariorum
3444 2816 3513 2855 eo
3546 2806 3696 2856 tem-

2048 2898 2190 2954 pore
2221 2882 2577 2955 principem,
2600 2884 2999 2955 patriarcham
3025 2893 3205 2943 creat.
3226 2889 3490 2959 Cumque
3521 2889 3696 2945 ades-

2050 2975 2185 3025 sent
2214 2971 2459 3026 Romani
2492 2972 2646 3027 973
2667 2988 2834 3044 papm
2867 2973 3088 3041 vicarii,
3121 2975 3406 3031 adversus
3424 2978 3698 3049 Imagini-

2049 3059 2266 3132 perdas
2297 3060 2484 3127 missi,
2518 3061 2624 3116 hos
2651 3077 2887 3133 quoque
2921 3062 3016 3117 isti
3048 3064 3109 3118 in
3143 3081 3311 3121 suam
3341 3067 3697 3137 pertrahunt

1626 3146 1794 3223 ἄνδρα
1848 3146 1938 3203 ἐπὶ
1979 3198 2019 3224 η
2052 3147 2809 3220 sententiam,concilioque
2829 3149 2891 3205 in
2914 3151 3103 3207 tndem
3125 3153 3544 3224 Apostolorum
3566 3171 3699 3209 con-

2047 3242 2282 3311 gregato
2329 3237 2624 3311 Ignatium
2673 3237 2744 3293 ab
2788 3240 2996 3296 exsilio
3045 3246 3353 3298 evocatum
3401 3243 3698 3315 publicata

2050 3327 2348 3384 sententia
2431 3327 2741 3382 damnant.
2804 3331 2936 3383 Haec
3007 3336 3147 3385 sunt
3219 3331 3488 3387 facinora
3563 3350 3694 3404 qum

284 3422 377 3478 καὶ
404 3422 785 3498 τοποτηρηταὶ
814 3425 912 3476 τοῦ
941 3418 1095 3477 πᾶπα
1134 3421 1358 3494 Ῥώμης
1422 3417 1561 3474 κατὰ
1612 3421 1723 3472 τῶν
1782 3415 1939 3471 Εἰκο-

2051 3416 2269 3473 Bardas
2301 3416 2536 3488 imperii
2567 3415 2876 3471 obtinendi
2905 3418 3229 3489 cupiditate
3261 3419 3555 3492 impulsus
3577 3421 3696 3476 edi—

288 3513 557 3593 νομάχων
597 3510 904 3579 σταλέντες,
935 3509 1183 3566 πείθουσι
1230 3510 1321 3564 καὶ
1383 3508 1580 3569 αὐτοὺς
1608 3510 1709 3572 τῆς
1743 3506 1948 3560 ἑαυτῶν
2052 3506 2158 3593 dit.

291 3590 538 3679 γενέσθαι
571 3599 868 3673 θελήσεως.
928 3599 1022 3654 Διὸ
1077 3598 1168 3654 καὶ
1226 3596 1278 3653 ἐν
1319 3600 1401 3669 τῷ
1454 3600 1561 3651 τῶν
1621 3595 1781 3659 θείων
1852 3591 2211 3651 Ἀποστόλων
2274 3594 2484 3667 τεμένει
2545 3590 2822 3664 συνέδριον
2881 3595 3205 3670 ἡθροικότες
3238 3593 3674 3671 δεδημοσιευμὲν

293 3691 603 3763 καθαιρέσει
631 3685 1117 3746 καθυποϐάλλουσι
1140 3692 1234 3744 τὸν
1264 3685 1517 3764 Ἰγνάτιον
1542 3691 1644 3754 τῆς
1674 3682 1885 3758 ἐξορίας
1921 3683 2427 3757 μεταπεμψάμενοι.
2450 3687 2628 3738 Ταῦτα
2649 3684 2745 3755 μὲν
2766 3684 2833 3739 τὰ
2861 3692 2961 3755 τῆς
2987 3684 3366 3762 φιλοπρωτίας
3395 3693 3491 3743 τοῦ
3522 3686 3702 3764 Βάρδα

288 3780 666 3854 νεανιεύματα.

363 3871 446 3928 Τὰ
474 3867 532 3925 δὲ
553 3868 702 3932 ἐντὸς
756 3870 1007 3943 Εὐξείνου
1052 3869 1143 3924 καὶ
1195 3872 1368 3924 πᾶσαν
1418 3869 1519 3938 τήν
1550 3864 1720 3921 αὐτοῦ
1769 3883 1945 3939 παρα-

292 3959 419 4017 λίαν
451 3961 480 4015 ὁ
508 3964 618 4016 τῶν
650 3960 787 4022 Ῥὼς
814 3960 1032 4036 ἐπόρθει
1077 3958 1169 4015 καὶ
1221 3959 1513 4033 κατέτρεχε
1544 3957 1741 4020 στόλος
1769 3951 1942 4027 (ἔθνος

293 4047 353 4105 δὶ
382 4050 435 4104 οἱ
464 4048 607 4111 Ῥὼς
639 4048 930 4116 Σκυθικὸν⁹
977 4048 1100 4124 περὶ
1145 4047 1236 4103 τὸν
1267 4046 1513 4123 ἀρκτῷον
1543 4049 1753 4120 Ταῦρον
1811 4063 1941 4097 κατ-

292 4138 602 4213 ῳκημένον,
658 4136 935 4213 ἀνήμερόν
991 4158 1051 4192 τε
1104 4136 1195 4192 καὶ
1255 4134 1487 4212 ἄγριον),
1540 4136 1632 4190 καὶ
1688 4134 1827 4208 αὐτῇ
1887 4129 1945 4188 δὲ

281 4231 353 4301 τῇ
388 4224 632 4303 βασιλίδι
663 4224 840 4282 δεινὸν
872 4226 1079 4283 ὲπὲσειε
1106 4222 1379 4282 κίνδυνον
1414 4224 1467 4281 o‘t
1522 4225 1638 4297 μετ’
1700 4225 1765 4279 ού
1797 4220 1942 4279 πολὺ

280 4323 383 4387 τῆς
442 4318 590 4381 θείας
648 4316 989 4392 πειραθέντες
1066 4315 1234 4391 ὀργῆς
1315 4310 1472 4369 οἷάδε
1552 4311 1939 4383 ὑπενόστησαν,

2128 3864 2375 3920 Interim
2398 3862 2689 3935 quidquid
2713 3866 2976 3921 estintra
2991 3866 3283 3923 Euxinum
3299 3874 3547 3940 pontum
3577 3887 3699 3925 ma-

2053 3954 2389 4009 ritimarum
2424 3953 2755 4025 regionum,
2788 3954 3029 4011 Rossica
3057 3954 3498 4012 incursionibus
3528 3974 3697 4014 vexa-

2054 4043 2155 4099 bat
2166 4048 2343 4113 atque
2360 4042 2627 4099 vastabat
2647 4042 3050 4100 classisﬁossi
3070 4058 3214 4117 gens
3228 4051 3318 4101 est
3329 4046 3700 4117 Scythica,ad

2055 4130 2579 4204 septentrionalem
2594 4131 2865 4187 incolens
2876 4133 3285 4203 Taurum,fera
3303 4139 3478 4207 atque
3499 4137 3703 4192 imma~

2055 4224 2169 4278 nis.
2202 4222 2271 4277 Hi
2291 4238 2427 4277 cum
2450 4222 2580 4292 ipsa
2599 4221 2808 4293 Cpolin
2836 4222 2897 4276 in
2928 4238 3099 4294 grave
3123 4224 3526 4296 conjecissent
3544 4225 3700 4297 peri-

2056 4314 2281 4380 culum,
2313 4312 2491 4385 paulo
2509 4318 2643 4384 post
2665 4312 2766 4367 Dei
2790 4312 2940 4367 iram
2962 4314 3192 4386 experti
3216 4314 3457 4370 domum
3481 4316 3701 4370 reversi

287 4401 548 4481 πρεσϐεία
609 4427 670 4462 τε
748 4405 927 4462 αὐτῶν
1001 4405 1106 4474 τήν
1186 4400 1442 4479 βασιλίδα
1506 4397 1937 4476 καταλαμϐάνει,

2048 4403 2539 4475 sunt,legatisque
2554 4401 2614 4456 in
2626 4400 2838 4457 urbem
2852 4402 3050 4457 missis
3063 4403 3324 4460 divinum
3340 4404 3701 4476 baptismum

291 4498 379 4571 [P.
422 4498 548 4568 552]
606 4499 706 4551 τοῦ
763 4493 912 4551 θείου
969 4491 1301 4568 μεταλαχεῖν
1366 4491 1740 4568 βαπτίσματος
1798 4488 1948 4546 λιτα-

293 4584 545 4651 νεύουσα,
588 4583 736 4639 ὅκαὶ
787 4584 992 4662 γέγονε.
1048 4583 1144 4638 Καὶ
1196 4588 1298 4651 τῆς
1356 4583 1575 4656 Κρήτης
1631 4578 1689 4636 δὲ
1743 4578 1940 4643 στόλος

298 4670 473 4735 ἄλλος
512 4675 604 4725 νῦν
664 4672 757 4745 μὶν
814 4672 908 4734 τὰς
955 4669 1242 4734 Κυκλάδας
1302 4668 1489 4746 ἐδῇου,
1547 4674 1638 4726 νῦν
1694 4667 1750 4725 δὲ
1807 4667 1940 4744 ἄχρι

296 4760 707 4835 Προικοννήσου
783 4762 883 4831 τὴν
948 4758 1215 4836 παράλιον
1273 4760 1497 4816 ἅπασαν.
1547 4760 1830 4835 Ἐγένοντο
1886 4756 1945 4815 δὲ

299 4849 393 4906 καὶ
449 4846 637 4905 κλόνοι
698 4856 804 4926 γῆς
858 4846 1305 4928 φρικωδὲπατοι.
1370 4849 1465 4910 Εἷς
1492 4846 1549 4904 δὲ
1607 4851 1636 4904 ὁ
1669 4848 1941 4925 μέγιστος,

2056 4490 2457 4565 efﬂagitarunt
2484 4491 3019 4563 impetraruntque.
3052 4492 3184 4548 Alia
3230 4509 3374 4564 poro
3404 4495 3702 4550 Cretensis

2055 4579 2262 4636 classis
2310 4578 2488 4634 modo
2519 4579 2801 4651 Cycladas
2850 4580 3026 4637 modo
3076 4581 3439 4639 maritimam
3473 4583 3547 4638 ad
3582 4585 3703 4639 Pro

2050 4687 2375 4728 connesum
2401 4687 2591 4743 usque
2612 4671 2913 4727 infestavit
2930 4673 3256 4744 regionem.
3284 4675 3478 4729 Terras
3501 4679 3696 4728 motus

2051 4775 2287 4832 quoque
2319 4775 2388 4816 ea
2416 4764 2767 4832 tempestate
2809 4761 3078 4833 apprime
3108 4761 3391 4817 horrendi
3434 4762 3694 4816 fuerunt.

2052 4852 2267 4906 Horum
2290 4866 2447 4905 unus
2469 4850 2764 4905 maximus
2785 4850 2881 4905 die
2903 4850 3118 4907 Christi
3138 4851 3201 4905 in
3223 4850 3435 4905 calum
3459 4852 3699 4904 Assum-

299 4940 421 5004 καθ’
467 4939 535 5009 ἣν
567 4938 776 5014 ἡμέραν
806 4941 841 5009 ἡ
891 4942 991 4994 τοῦ
1046 4939 1244 5013 Κυρίου
1299 4937 1575 5013 ἀνάληψις
1632 4939 1939 5014 ἑορτάζεται

2055 4940 2279 5013 ptionis
2310 4939 2462 4996 festo
2493 4938 2839 5012 accidit,qui
2872 4939 2996 4996 solo
3026 4955 3315 4995 concusso
3347 4953 3582 4993 murum
3607 4937 3706 5007 qui

299 5027 403 5097 τὴν
432 5028 533 5102 γῆν
565 5024 910 5097 κατασείσας,
936 5024 999 5081 τό
1038 5045 1097 5080 τε
1145 5025 1285 5081 κατὰ
1313 5026 1374 5081 τὸ
1408 5025 1752 5097 Ἐξωκιόνιον
1808 5027 1939 5101 πρὸς

2056 5034 2147 5086 est
2194 5028 2270 5086 ad
2299 5028 2684 5085 Exocionium
2715 5028 3053 5100 prostravit,
3086 5027 3426 5099 templaque
3458 5025 3708 5098 pulchra

297 5121 402 5191 γῆν
433 5113 666 5193 ἠδάφισε
693 5119 904 5190 τεῖχος,
963 5115 1053 5170 καὶ
1109 5112 1268 5177 ναοὺς
1326 5113 1609 5190 εὑπρεπεῖς
1639 5115 1730 5170 καὶ
1761 5113 1939 5180 οἴκους

2057 5124 2117 5174 et
2137 5118 2348 5175 domos
2365 5115 2712 5190 splendidas
2741 5121 2801 5171 et
2824 5116 3142 5172 Victoriam
3171 5115 3247 5171 ad
3270 5121 3523 5172 Auream
3545 5114 3710 5171 urbis

301 5202 607 5279 λαμπροὺς
637 5203 729 5260 καὶ
753 5205 858 5276 τὴν
885 5203 1024 5261 κατὰ
1051 5207 1154 5274 τὴν
1215 5205 1441 5280 Χρυσῆν
1498 5202 1683 5274 πύλην
1733 5211 1838 5276 τῆς
1890 5228 1931 5262 π

2055 5213 2247 5264 ortam
2272 5206 2650 5263 collocatam
2679 5203 3053 5271 subvertit,et
3077 5220 3211 5275 quas
3244 5204 3306 5260 in
3343 5206 3598 5261 Deutero
3629 5204 3701 5260 ad

1507 5359 1867 5418 XYLANDRI
1904 5363 1990 5416 ET
2040 5361 2255 5418 GOARI
2295 5359 2514 5414 ΝΟΓᾸΞ.

2070 5484 2404 5557 Theoctisto
2428 5481 2645 5557 Bardas
2676 5484 2896 5540 dicitur
2924 5485 3233 5557 cogitasse.
3267 5486 3480 5541 Filium
3511 5487 3720 5542 habuit

375 5487 489 5564 (5_0)
521 5486 847 5564 Improprie
868 5490 1153 5559 princeps,
1186 5486 1424 5558 proprie
1451 5487 1703 5556 superior
1730 5493 1785 5542 et
1805 5503 1958 5558 prx-
2070 5486 2404 5564 l‘heoctisto
2428 5486 2475 5564 Β]

2070 5555 2290 5612 Bardas
2340 5555 2702 5628 Antigonum
2747 5555 3138 5612 domesticum
3184 5557 3544 5615 scholarum.
3576 5560 3713 5616 XvL.

304 5560 537 5629 positus.
572 5558 745 5616 601m.

375 5630 491 5700 (51)
522 5630 593 5683 Et
623 5629 709 5685 sic
739 5646 917 5702 supra
945 5646 1207 5703 quoque,
1239 5629 1342 5686 ubi
1402 5628 1476 5685 de
1532 5628 1960 5687 summovendo
