4126 6220
499 324 524 381 l
538 322 655 379 063

1884 308 2205 371 GEORGII
2234 282 2589 389 cannam

3753 326 3896 385 106-5

496 459 627 510 cata
665 453 915 527 gemmis
953 468 1090 507 vasa
1131 449 1467 506 habebant:
1502 466 1572 504 ea
1618 452 1783 505 aceto
1834 451 1893 503 et
1947 448 2117 518 sinap

2259 443 2406 520 γίαις
2465 445 2513 501 οἱ
2575 448 2735 522 ἱερεῖς
2800 452 2897 515 τὰς
2949 450 3284 531 ἐκφωνήσεις
3342 458 3455 531 (60)
3519 464 3742 514 ποιοῦσι
3796 466 3892 515 τῶν

501 543 829 614 implebant
854 547 911 596 et
941 538 1520 596 communicantibus
1560 537 2001 608 impertiebant,
2034 537 2146 595 hoc

498 633 675 688 modo
716 630 1026 702 impolluta
1068 630 1407 684 deridentes
1456 628 1757 699 mysteria.
1807 627 1911 680 Hic
1960 632 2145 695 cretus

498 722 818 792 aliquando
851 721 1022 776 beato
1044 719 1393 791 patriarcha
1425 717 1653 772 obviam
1677 720 1767 771 est
1792 715 2143 781 factus,cum

494 811 544 865 is
602 810 1051 883 supplicationis
1098 825 1277 863 causa
1339 822 1472 861 cum
1531 805 1882 861 clericorum
1935 819 2145 874 pompa

495 900 861 971 procederet.
918 900 1099 963 Quem
1134 903 1195 952 ut
1246 895 1556 967 conspexit
1587 894 1827 960 Grillus,
1862 892 2145 947 audacter

494 989 814 1044 admodum
847 994 904 1043 et
933 986 1311 1058 impudenter
1340 984 1562 1054 absque
1590 984 1713 1038 ulla
1744 982 2140 1047 cunctatione,

495 1080 834 1150 exemplum
867 1093 1039 1131 suum
1071 1075 1313 1146 reliquis
1345 1072 1754 1143 sequentibus,
1788 1076 1947 1125 veste
1978 1070 2143 1125 didu-

494 1173 587 1223 cta
643 1167 880 1239 pulsare
929 1167 1215 1220 citharam
1261 1163 1600 1217 contentius
1632 1160 1807 1231 cmpit
1835 1166 1892 1213 et
1922 1159 2140 1213 sanctis

493 1256 834 1312 hominibus
866 1254 1137 1309 obscwne
1169 1251 1431 1306 convicia
1462 1251 1673 1304 facere.

560 1521 876 1578 Michaelus
900 1535 1074 1591 porro
1098 1523 1345 1573 matrem
1370 1532 1536 1571 suam
1556 1515 1922 1569 Theodoram
1943 1513 2136 1569 adhuc

488 1617 549 1670 in
575 1612 792 1685 palatio
820 1611 1131 1682 degentem
1162 1606 1480 1678 aliquando
1510 1607 1583 1660 ad
1617 1621 1678 1660 se
1709 1604 2131 1675 vocavit,quasi

487 1705 680 1760 fausta
706 1703 758 1758 ei
782 1706 1093 1773 precaturo
1114 1698 1338 1771 Ignatio
1358 1696 1898 1767 patriarcha,quem
1924 1694 2131 1748 adesse

2249 534 2431 607 ἱερῶν.
2477 536 2647 611 Εἶχον
2707 537 2764 593 δὲ
2816 541 2906 594 καὶ
2967 543 3128 611 σκεύη
3199 540 3468 619 διάχρυσα
3533 549 3621 601 καὶ
3659 545 3892 619 διάλιθα,

2247 629 2417 679 ταῦτα
2475 622 2532 680 δὲ
2587 625 2927 703 πληροῦντες
2998 633 3153 704 ’ὸξους
3205 653 3262 688 τε
3318 634 3407 689 καὶ
3461 638 3736 706 σινήπεως
3793 657 3896 701 τοις

2253 711 2732 786 μεταλαμϐάνουσι
2789 716 3139 791 μετεδίδοσαν
3172 766 3187 791 ,
3243 727 3351 777 τῶν
3409 724 3693 799 ἀχράντων
3764 727 3894 782 οὕτω

2246 804 2669 888 καταπαίζοντες
2719 810 3054 884 μυστηρίων.
3107 814 3316 868 Τοῦτον
3365 815 3457 868 τὸν
3496 818 3698 888 μιαρὸν
3727 818 3895 872 θίασον

2248 886 2445 962 συνέϐη
2478 893 2614 947 ποτὲ
2646 899 2718 965 τῷ
2751 898 3025 972 μακαρίτῃ
3089 907 3413 969 συναντῆσαι
3460 904 3595 957 κατὰ
3639 906 3747 974 τήν
3781 903 3894 959 ὁδὸν

2245 981 2586 1056 πατριάρχῃ,
2621 984 2757 1055 μετὰ
2782 989 2883 1039 τοῦ
2936 985 3210 1061 ἱερατικοῦ
3240 989 3451 1060 κλήρου
3482 994 3571 1047 καὶ
3601 997 3706 1057 τῆς
3740 991 3892 1064 λιτῆς

2248 1066 2607 1156 διερχομένῳ.
2670 1075 2766 1130 ’Όν
2824 1072 2956 1129 ἰδὼν
2990 1077 3018 1130 ὁ
3050 1076 3299 1151 Γρύλλος
3352 1079 3561 1153 ἰταμῶς
3616 1080 3891 1156 ἅγαν,καὶ

2246 1155 2677 1249 ἆνερυϐριάσεως
2723 1161 2893 1235 μηδὲν
2956 1166 3442 1241 ὑποστειλάμενος,
3502 1170 3744 1249 φελόνην
3776 1174 3892 1227 ἁνα-

2244 1246 2459 1311 στείλας
2509 1255 2618 1324 (61)
2677 1254 2813 1325 μετὰ
2867 1256 2974 1309 τῶν
3032 1254 3198 1311 αὐτοῦ
3274 1246 3604 1330 συμμυστῶν
3669 1260 3893 1316 εὐτονω-

2240 1338 2419 1410 τέροις
2456 1338 2660 1414 ἐχρῆτο
2719 1347 2836 1403 τοῖς
2864 1342 3157 1417 κρούμασι,
3188 1345 3279 1398 καὶ
3336 1345 3465 1408 τοὺς
3518 1346 3735 1424 εὐαγεῖς
3765 1349 3897 1404 ἐλιεέ-

2241 1445 2366 1487 νους
2398 1425 2704 1502 λοιδορίαις
2735 1431 2821 1484 καὶ
2855 1428 3124 1486 ἆναιδέσιν
3158 1423 3359 1489 ἔϐαλλε
3390 1423 3650 1509 ῥήμασιν.

2312 1517 2369 1568 ⁸0
2400 1520 2652 1578 τοιοῦτος
2695 1516 2978 1592 αἴσχιστος
3042 1519 3299 1595 βασιλεὺς
3356 1523 3445 1577 καὶ
3478 1523 3767 1601 Θεοδώραν
3799 1528 3889 1594 τήν

2241 1603 2432 1658 ἑαυτοῦ
2484 1606 2691 1679 μητέρα
2757 1604 2837 1661 ἔτι
2899 1613 3017 1671 τοῖς
3074 1609 3390 1683 ἀνακτόροις
3447 1610 3606 1667 οὖσαν
3666 1636 3892 1687 μετεκαο

2241 1690 2434 1749 λέσατό
2470 1716 2622 1765 ποτε,
2681 1695 3202 1771 εὖλογηθησομὲνην
3251 1701 3399 1776 τάχα
3454 1703 3600 1776 παρὰ
3640 1708 3745 1757 τοῦ
3790 1725 3891 1759 πα-

489 1796 759 1849 tinxerat.
793 1792 864 1845 Ut
892 1805 1028 1861 ergo
1060 1785 1435 1842 sanctissima
1464 1783 1680 1838 mulier
1707 1783 1867 1836 venit
1895 1787 1955 1837 et
1989 1781 2119 1836 reli'

2240 1784 2529 1858 τριάρχου,
2580 1782 2929 1859 πλασάμενος
2985 1792 3177 1843 τοῦτον
3238 1790 3377 1844 εἶναι
3428 1792 3524 1846 τὸν
3584 1795 3889 1868 μακαρίτην

486 1884 646 1955 giose
678 1882 740 1935 in
770 1879 963 1934 solum
1004 1894 1065 1931 se
1110 1874 1443 1947 prostravit,
1494 1878 1628 1927 vota
1657 1889 1762 1943 pro
1796 1888 1856 1926 se
1902 1870 2133 1940 concipi

482 1978 711 2042 petens,
743 1973 812 2023 ut
869 1984 999 2037 qua;
1056 1965 1207 2019 nihil
1257 1963 1483 2018 sinistri
1543 1962 1964 2032 suspicaretur,
1998 1975 2132 2014 cum

485 2060 751 2129 impurus
775 2056 990 2111 Grillus
1004 2060 1247 2108 eatenus
1268 2052 1514 2107 barbam
1534 2048 2132 2117 occultasset,Grillus

481 2146 635 2201 978
684 2159 930 2215 surgens
962 2142 1251 2212 crepitum
1291 2139 1511 2194 ventris
1543 2139 1741 2193 emisit
1773 2142 1830 2192 et
1861 2137 2131 2207 quaedam

482 2252 583 2291 ore
615 2250 720 2290 suo
773 2232 950 2305 digna
992 2230 1320 2285 blateravit.
1381 2228 1685 2284 Theodora
1735 2227 1967 2282 facinus
2019 2227 2130 2281 hoc

483 2325 789 2399 aegerrime
810 2322 1029 2389 ferens,
1062 2321 1352 2374 detestata
1372 2317 2017 2387 ﬁlium,vaticinataque
2042 2323 2130 2372 est

481 2434 616 2476 eum
648 2415 907 2471 divinam
951 2409 1420 2483 indignationem
1450 2408 1610 2464 brevi
1652 2424 1987 2462 sensurum.
2017 2406 2130 2462 Sed

478 2507 610 2563 ﬁeri
641 2521 760 2561 non
790 2506 1019 2575 poterat
1044 2505 1113 2555 ut
1142 2498 1327 2554 semel
1356 2515 1391 2554 a
1418 2503 1581 2552 recta
1606 2496 1697 2551 via
1725 2513 1963 2551 aversus
1995 2492 2125 2551 cor-

478 2598 789 2669 rigeretur.
843 2595 1045 2662 Itaque
1094 2595 1152 2644 et
1202 2588 1511 2643 celerrime
1558 2586 1751 2657 periit,
1786 2590 1961 2655 atque
1988 2580 2123 2639 ante

479 2688 674 2759 ipsum
717 2682 924 2745 Barda,
975 2681 1201 2750 hocque
1256 2678 1418 2748 prior
1455 2676 1825 2729 Theoctistus
1874 2673 2122 2731 caniclei

479 2777 762 2847 dignitate
820 2777 1086 2838 ornatus,
1120 2769 1219 2840 qui
1276 2764 1665 2835 indulgebant
1717 2763 1852 2835 ipsi,
1882 2767 1939 2817 et
1988 2779 2121 2817 cum

476 2872 703 2922 tutores
760 2863 947 2935 ipsius
1001 2864 1279 2928 essent,a
1332 2856 1524 2929 pravis
1583 2872 1720 2909 eum
1778 2853 2120 2908 abstrahere

468 2955 689 3012 studiis
740 2952 1045 3008 nolebant.
1078 2946 1382 3014 Quomodo
1431 2944 1675 3017 perierit
1726 2944 2117 3008 Theoctistus,

473 3061 653 3118 supra
664 3049 752 3100 est
765 3037 1438 3115 expositum.lnteritum
1452 3034 1654 3091 Bardai
1668 3036 2121 3089 antecesserunt

2200 2662 2438 2740 "etesia;
2498 2676 2626 2733 ὀδοῦ

2243 1873 2523 1946 Ἱγνάτιον.
2550 1874 2641 1933 Ὠς
2672 1875 2762 1929 οὗν
2822 1874 2966 1950 ἐξῄει
3027 1879 3143 1950 μετ’
3202 1873 3487 1941 εὐλαϐείας
3518 1882 3552 1946 ἡ
3586 1884 3889 1954 σεμνοτάτη

2237 1963 2367 2036 γυνή
2402 1961 2490 2015 καὶ
2522 1959 2737 2036 ἔρῥιψεν
2781 1966 2975 2033 ἑαυτὴν
3039 1965 3114 2028 είς
3175 1968 3234 2022 τὸ
3290 1965 3486 2042 ἔδαφος
3539 1968 3889 2045 ἐξαιτουμένη

2238 2049 2411 2125 εὐχὴν
2446 2048 2613 2123 μηδὲν
2669 2051 2815 2115 ὅλως
2879 2055 3293 2126 ὑποτοπήσασα,
3322 2062 3420 2112 τοῦ
3482 2065 3688 2134 μιαροῦ
3723 2062 3889 2136 Γρύλ-

2238 2155 2338 2197 Αου
2367 2144 2466 2211 τήν
2496 2142 2742 2217 γενειάδα
2780 2147 2916 2209 τέως
2971 2148 3330 2222 κρύπτοντος,
3388 2151 3617 2214 ἀναστὰς
3647 2153 3679 2207 ὁ
3717 2151 3884 2229 Γρόλο

2236 2231 2333 2293 λος
2392 2231 2657 2305 ἀπέπερδε
2713 2236 2802 2289 καὶ
2860 2236 3079 2311 ῥήματά
3133 2257 3252 2293 τινα
3309 2240 3507 2295 ἀπεῖπε
3548 2246 3647 2295 τοῦ
3682 2241 3884 2296 οἷκείου

2236 2323 2508 2395 στόματος
2536 2322 2675 2395 ἄξια.
2709 2325 2769 2380 ¢ll
2820 2323 2877 2379 δὲ
2924 2325 3012 2380 ἐπὶ
3043 2332 3123 2398 τῷ
3152 2328 3400 2404 γεγονότι
3456 2327 3883 2402 δεινοπαθήσασα

2233 2411 2388 2485 ἀραῖς
2410 2407 2612 2467 ἔϐαλλε
2665 2414 2758 2468 τὸν
2815 2415 2955 2484 υἱὸν,
3014 2414 3102 2469 καὶ
3134 2423 3235 2486 τῆς
3281 2421 3378 2473 τοῦ
3435 2422 3568 2473 Θεοῦ
3624 2422 3882 2494 προνοίας

2234 2499 2473 2569 ἐκπεσείν
2559 2498 2890 2579 ἀπεφοίϐασε
2968 2508 3322 2581 προφητικῶς
3409 2509 3600 2562 τοῦτον
3657 2508 3765 2565 οὐκ
3816 2510 3886 2571 εἰς

2236 2589 2464 2664 μακράν.
2509 2588 2665 2646 Ἀλλ’
2731 2590 2829 2645 οὐκ
2879 2591 2946 2660 ἦν
3002 2592 3095 2647 τὸν
3152 2593 3288 2665 ἅπαξ
3344 2598 3765 2670 παρπραπέντα
3794 2602 3886 2663 τῆς

2716 2680 3052 2752 βελτωοῆναι
3088 2725 3101 2738 .
3181 2683 3340 2739 Ὅθεν
3426 2685 3515 2738 καὶ
3598 2690 3878 2761 ταχυτάτη

2228 2769 2545 2844 κατειλήφει
2605 2772 2797 2823 τοῦτον
2855 2771 3228 2848 καταστροφὴ,
3286 2773 3372 2826 καὶ
3427 2773 3534 2846 πρὸ
3591 2773 3762 2829 αὐτοῦ
3794 2778 3882 2850 μὲν

2228 2857 2319 2911 τὸν
2376 2854 2603 2930 Βάρδαν,
2635 2858 2727 2912 καὶ
2787 2858 2894 2924 πρὸ
2939 2858 3147 2914 ἐκείνου
3178 2861 3271 2915 τὸν
3298 2861 3609 2917 κανικλείου
3660 2865 3879 2920 Θεάκτιο

2229 2966 2369 3013 στον,
2400 2946 2529 3008 τοὺς
2585 2944 2983 3021 χαριζομένους
3032 2947 3176 3020 αὐτῷ
3233 2950 3321 3004 καὶ
3374 2952 3450 3023 μή
3483 2956 3591 3006 τῶν
3621 2959 3877 3024 πονηρῶν

2225 3036 2543 3092 ἀνακόπτειν
2585 3034 2941 3108 ἐθελήσαντας
3003 3035 3349 3113 διδαγμάτων
3397 3040 3470 3102 ὡς
3524 3040 3874 3117 ἐπιτρόπους.

473 3137 661 3209 signa,
707 3138 1072 3191 cometarum
1102 3143 1318 3198 nempe
1362 3130 1598 3181 exortus
1629 3130 1687 3179 et
1738 3123 1995 3178 absurda
2023 3124 2111 3176 in-

2229 3124 2333 3180 Καὶ
2391 3125 2538 3187 ὅπως
2601 3126 2694 3199 μὲν
2751 3127 2778 3179 ὁ
2835 3127 3153 3188 Θεόκτιστος
3212 3122 3387 3183 ὤλετο
3421 3172 3435 3199 ,
3494 3126 3796 3203 προλαϐὼν
3846 3133 3873 3185 ὁ

467 3224 719 3282 somnia.
754 3224 1015 3290 Namque
1048 3218 1097 3272 is
1140 3232 1247 3287 per
1287 3214 1549 3283 quietem
1597 3212 1709 3266 sibi
1765 3212 2117 3283 imaginatus

457 3315 576 3370 fuit
597 3329 659 3368 se
682 3327 817 3367 cum
850 3305 1132 3363 Michaelo
1163 3303 1237 3357 ad
1270 3302 1595 3356 solemnem
1620 3300 1939 3370 quamdam
1952 3299 2118 3353 festi-

457 3405 701 3457 vitatem
748 3401 808 3453 in
858 3399 1129 3466 Magnum
1169 3391 1480 3461 Templum
1528 3392 1654 3453 ire;
1683 3405 1799 3458 quo
1831 3405 1964 3443 cum
1990 3388 2115 3457 jam

459 3486 1063 3561 appropinquassent,
1096 3477 1387 3550 quosdam
1418 3477 1628 3547 praeire
1679 3476 1828 3531 albis
1868 3477 2115 3532 amictos

453 3575 742 3640 vestibus,
775 3577 834 3626 et
866 3587 927 3626 se
960 3569 1036 3625 ab
1076 3567 1149 3621 iis
1196 3564 1409 3621 deduci
1463 3564 1538 3619 ad
1580 3564 1882 3619 cancellos
1926 3564 2113 3619 tribu-

458 3666 634 3729 nalis,
668 3662 869 3734 ibique
901 3677 962 3715 se
1013 3657 1166 3713 nihil
1196 3655 1397 3710 videre
1429 3654 1592 3710 aliud
1623 3670 1805 3725 quam
1838 3654 1986 3710 solio
2018 3672 2116 3726 pa-

452 3755 727 3812 triarcha:
758 3751 1123 3807 residentem
1158 3761 1362 3802 senem
1399 3744 1740 3815 quemdam,
1774 3761 1953 3815 quem
1984 3744 2112 3816 ipse

448 3851 688 3919 putaret
719 3846 959 3899 Petrum
990 3856 1121 3895 esse
1152 3836 1559 3909 apostolorum
1584 3837 1964 3906 coryphaeum
1991 3852 2004 3889 :
2037 3836 2110 3890 ad

450 3936 634 4008 pedes
659 3934 791 4006 ejus
812 3929 1063 3987 volutari
1085 3926 1467 4000 Ignatium,et
1488 3922 1843 3996 injuriarum
1865 3941 2108 3979 suarum

450 4025 740 4080 ultionem
801 4021 1084 4093 ﬂagitare.
1149 4019 1332 4071 Porro
1399 4015 1642 4068 Petrum
1704 4013 1945 4083 quidam
2012 4013 2110 4068 ad-

452 4115 739 4170 stantium
785 4127 987 4166 ensem
1024 4106 1280 4169 tradere,
1316 4109 1373 4158 et
1422 4102 1707 4157 mandare
1738 4107 1802 4155 ut
1830 4102 2109 4173 Theorgi-

452 4209 607 4257 stum
643 4202 750 4273 (sic
782 4199 1115 4272 appellasse
1172 4210 1305 4249 eum
1349 4186 1661 4255 Caesarem,
1693 4189 1861 4259 quasi
1894 4189 2105 4244 divinas

448 4293 551 4347 irae
578 4291 921 4360 obnoxium)
944 4289 1103 4343 inter
1135 4302 1236 4340 eos
1257 4283 1358 4354 qui
1389 4298 1423 4336 a
1456 4280 1711 4335 sinistris
1742 4284 1901 4334 stant
1930 4279 2106 4334 collo-

449 4385 561 4446 cet,
613 4396 799 4450 eoque
834 4395 973 4434 ense
1024 4373 1403 4431 membratim
1438 4369 1732 4434 concidat,
1784 4369 2107 4424 Asebotec-

445 4484 589 4522 num
616 4473 815 4521 autem
837 4468 973 4537 (hoc
996 4464 1237 4519 nomine
1260 4477 1393 4516 eum
1418 4460 1839 4531 imperatorem
1863 4464 2099 4514 notasse

446 4562 512 4610 ut
541 4555 794 4626 impium
847 4553 1058 4624 tilium)
1100 4553 1256 4605 inter
1283 4549 1434 4605 919
1491 4547 1729 4603 dextros
1777 4548 2100 4603 constituat

445 4644 707 4718 quidem,
741 4642 845 4698 sed
891 4642 1085 4698 simile
1132 4645 1331 4695 tamen
1364 4637 1722 4709 supplicium
1764 4638 2095 4693 denuntiet.

447 4730 1005 4806 Comprobaveritne
1039 4729 1235 4784 exitus
1267 4728 1377 4782 hoc
1420 4725 1807 4791 insomnium,
1841 4741 2095 4794 sequen-

448 4827 532 4882 tia
563 4823 899 4881 ostendent.

2227 3210 2390 3288 λόγος
2447 3210 2732 3285 ἐδήλωσε,
2793 3219 2995 3288 σημεῖα
3051 3212 3108 3270 δὲ
3164 3217 3254 3271 τὸν
3314 3212 3539 3293 ὄλεθρον
3597 3216 3869 3289 δηλοῦντα

2219 3306 2314 3355 τοῦ
2372 3300 2553 3375 Βάρδα
2609 3306 2967 3377 προηγήσατο
3046 3302 3192 3359 τάδε’
3268 3304 3519 3361 ἐπιτολαὶ
3578 3313 3864 3380 κομητῶν,

2220 3385 2370 3462 ὄψεις
2401 3389 2686 3464 ὀνειράτων
2739 3390 3059 3453 ἀλλόκοτοι.
3122 3390 3310 3464 Ἔδοξε
3365 3396 3466 3470 γὰρ
3526 3398 3642 3449 καθ’
3672 3396 3869 3457 ὕπνους

2218 3478 2376 3540 οὗτος
2400 3479 2535 3553 πρὸς
2566 3481 2663 3549 τήν
2697 3479 2958 3557 Μεγάλην
2992 3479 3285 3553 ἐκκλησίαν
3320 3482 3453 3556 μετᾶ
3504 3488 3604 3539 τοῦ
3636 3484 3869 3563 Μιχαὴλ

2215 3567 2465 3623 ἀπελθεῖν
2531 3569 2607 3632 ὡς
2665 3570 2810 3644 τάχα
2848 3572 3204 3645 πανηγύρεως
3262 3573 3450 3644 οῧσης.
3495 3574 3586 3634 Ὡς
3642 3574 3737 3629 οὗν
3772 3575 3867 3647 ἀφ·

2219 3654 2391 3712 ίκοντο
2421 3656 2510 3711 καὶ
2542 3658 2872 3733 προσωτέρω
2925 3657 3164 3733 ἐγίνοντο
3195 3664 3291 3714 τοῦ
3349 3661 3495 3724 θείου
3549 3667 3705 3730 ναοῦ,
3742 3663 3866 3737 ὁρᾷν

2213 3742 2386 3825 ἐδόκει
2468 3746 2838 3825 Λευκοφόρους
2919 3748 3070 3810 τινὰς
3137 3750 3615 3823 προηγουμένους,
3670 3749 3867 3811 οἵτινες

2210 3832 2535 3909 ὁδηγοῦντες
2566 3835 2726 3890 αὐτὸν
2781 3834 2974 3910 ἄγουσι
3029 3838 3170 3913 πρὸς
3201 3837 3298 3900 τὰς
3327 3837 3619 3915 κιγκλίδας
3648 3844 3747 3895 τοῦ
3777 3844 3868 3895 θυ-

2212 3926 2531 3999 σιαστηρίου
2564 3928 2700 3997 (62),
2753 3924 2844 3980 καὶ
2898 3923 3090 4000 βλέπει
3138 3917 3234 3999 μὲν
3265 3925 3407 3982 ἄλλο
3440 3926 3618 4000 οὐδὲν,
3649 3930 3777 4002 περὶ
3810 3926 3865 3982 δὲ

2210 4014 2301 4067 τὸν
2328 4013 2548 4085 χθρόνον
2601 4019 2698 4068 τοῦ
2749 4017 3094 4094 πατριάρχου
3125 4016 3434 4089 καθήμενόν
3465 4038 3586 4072 τινα
3632 4020 3863 4093 γηραιὸν

2208 4104 2437 4176 (Πέτρον
2470 4101 2650 4158 εἷ’κασε
2681 4108 2871 4159 τοῦτον
2906 4106 3038 4159 εἶναι
3087 4106 3176 4160 τὸν
3236 4112 3534 4184 κορυφαῖον
3583 4113 3691 4162 τῶν
3725 4108 3859 4163 ἀπο-

2212 4191 2464 4275 στόλων),
2516 4190 2578 4247 οὗ
2636 4194 2772 4266 πρὸς
2828 4199 2946 4257 τοῖς
3007 4194 3164 4250 ποσὶν
3219 4196 3247 4249 ὁ
3311 4194 3614 4269 μακαρίτης
3646 4195 3858 4253 ἐκυλινο

2208 4278 2367 4335 δεῖτο·
2419 4283 2677 4357 Ἰγνάτιος
2761 4279 3035 4353 ἐκδίκησιν
3122 4284 3340 4357 ἐξαιτῶν
3427 4286 3499 4339 ὧν
3582 4282 3872 4352 ἐπεπόνθει

2208 4367 2413 4426 δεινῶν.
2474 4373 2556 4444 [Ρ.
2620 4374 2745 4445 555]
2802 4373 2906 4429 Τὸν
2965 4370 3021 4427 δὲ
3078 4372 3157 4427 ἐνὶ
3207 4378 3312 4428 τῶν
3368 4375 3733 4446 παρεστώτων
3765 4376 3866 4447 μά-

2210 4472 2406 4537 χαιραν
2442 4456 2626 4514 δοῦναι
2657 4460 2743 4515 καὶ
2778 4460 2966 4515 εἰπεῖν’
3000 4461 3186 4536 Ταύτῃ
3219 4462 3309 4517 τὸν
3354 4463 3667 4539 θεόργιστον
3699 4463 3861 4537 (οὕτω

2206 4548 2298 4602 τὸν
2332 4548 2578 4623 Καίσαρα
2607 4548 3073 4621 κατονομάσαντα)
3103 4554 3171 4624 τῇ
3225 4556 3334 4605 τῶν
3378 4550 3672 4625 εὐωνύμων
3704 4551 3860 4627 χώρᾳ

2208 4637 2608 4712 ἐγκαταστήσας
2649 4636 2886 4710 μεληδὸν
2945 4636 3215 4710 διάτεμνε·
3274 4640 3366 4694 τὸν
3409 4636 3466 4694 δὲ
3511 4636 3857 4695 ἂσεὸότεκνον

2206 4722 2442 4801 (διὰξτοῦ
2471 4727 2723 4782 τοιούτου
2754 4729 2963 4800 προσρή
2979 4749 3144 4799 ματος
3176 4729 3267 4782 τὸν
3305 4724 3531 4802 βασιλέα
3554 4726 3856 4798 δηλοποιήο

2209 4822 2390 4886 σαντα)
2450 4815 2715 4891 κατάλεγε
2776 4817 2867 4888 μὲν
2948 4823 3064 4878 τοῖς
3114 4815 3330 4888 δεξιοῖς,
3400 4819 3499 4886 τήν
3555 4815 3600 4872 δ’
3657 4818 3850 4891 ὁμοίαν

445 4912 602 4969 δίκην
659 4909 1055 4989 ἀπεκδέχεσθαι
1112 4908 1420 4981 πρόσειπε.
1501 4903 1598 4956 Καὶ
1656 4902 1684 4955 ὁ
1730 4901 1823 4973 μὲν
1897 4901 2102 4977 ὄνειρος
2163 4905 2338 4968 οὗτος·
2400 4907 2444 4960 εί
2513 4902 2569 4960 δὲ
2623 4906 2712 4960 καὶ
2769 4902 2945 4976 ἀπέϐη
3008 4908 3073 4961 τὰ
3129 4908 3423 4974 θεαθέντα,
3488 4903 3729 4977 δηλώσει
3789 4909 3853 4961 τὰ

466 5025 581 5061 ιετα
607 5023 795 5059 ταυτα.

466 5027 581 5061 ιετα
607 5027 795 5059 ταυτα.

446 5027 464 5080 ι
514 5096 865 5152 Moliebatur
894 5090 1114 5147 Bardas
1135 5102 1257 5144 una
1283 5101 1418 5142 cum
1437 5081 1733 5139 Michaelo
1775 5082 2102 5153 expeditio-

2230 5114 2236 5121 ο
2282 5091 2441 5156 *Αρτι
2471 5086 2606 5140 κατὰ
2661 5090 2769 5140 τῶν
2825 5089 3054 5160 Κρητῶν
3085 5086 3112 5140 ὁ
3144 5084 3351 5160 Βάρδκς
3407 5082 3681 5159 πανδημεὶ
3718 5086 3852 5160 μετᾶ

1620 5199 1985 5257 XYLANDRI
2040 5204 2126 5256 ET
2184 5205 2399 5260 GOARI
2451 5206 2674 5261 ΝΟΤᾹΞ.

512 5330 620 5400 (60)
671 5329 1071 5400 Orationibus,
1105 5341 1242 5396 qvas
1289 5322 1538 5400 collectas
1584 5333 1882 5383 vocamus,
1942 5318 2093 5400 sub-

441 5389 625 5455 missa
652 5418 793 5457 voce
824 5389 1567 5473 perlectisfconclusiones
1593 5407 1810 5473 sonqra
1836 5389 2097 5473 modula-

441 5473 617 5591 teque
676 5460 879 5527 voce‘a
910 5468 1215 5527 sacerdote
1273 5466 1516 5537 prolatae
1554 5468 1691 5518 sunt
1727 5460 2084 5537 ἐκφωνήσεις.

489 5555 614 5593 om.

654 5611 917 5667 Obscura
946 5613 1115 5668 mihi.
1153 5613 1293 5667 XvL.
1322 5639 1387 5649 —
1419 5607 1676 5664 Casulam
1703 5605 2090 5661 sacerdotalem

2206 5324 2397 5446 Eotum
2427 5321 2691 5377 hminem
2732 5323 3094 5380 ambientem
3142 5323 3199 5377 in
3228 5322 3455 5379 brachia
3505 5330 3847 5393 retorquens.

2252 5408 2380 5446 om.

2252 5408 2385 5534 0&3;
2417 5466 2643 5535 Septum
2674 5467 3055 5534 cancellatum,
3089 5466 3206 5521 sive
3252 5473 3366 5537 rete
3398 5466 3635 5537 ligneum
3660 5482 3844 5537 popu-

2203 5534 2326 5589 lum
2361 5552 2395 5591 a
2442 5534 2699 5592 sacrario
2755 5537 3063 5605 dirimens,
3097 5545 3235 5594 sunt
3262 5534 3504 5597 madide:
3530 5540 3626 5590 τοῦ
3656 5534 3844 5590 θυσια-

2202 5606 2446 5681 στηρίου.
2488 5607 2798 5675 (Allatius.)
2832 5609 3004 5665 GOAB.
