4130 6218
338 412 497 474 1068

1459 415 2001 478 HISTORIAHUM
2045 415 2584 484 GOMPENDIUM
2598 468 2613 483 .

3621 437 3742 496 106

337 546 435 599 τοῦ
462 540 695 617 Μιχαὴλ
726 541 1130 613 καθωπλίζετο,
1158 544 1249 599 καὶ
1279 544 1416 618 πρὸς
1441 547 1535 601 τὸν
1565 550 1667 616 τῆς
1716 548 1984 603 Θεοτὸκου

2103 564 2245 606 nem
2274 568 2409 608 cum
2453 555 2732 612 omnibus
2776 558 2965 629 copiis
2989 559 3050 615 in
3080 561 3409 619 Cretenses.
3442 565 3646 636 Itaque
3678 566 3755 621 ad

335 634 463 687 ναὸν
493 636 600 686 τῶν
648 629 903 706 Ὁδηγῶν
962 634 1228 710 φοιτήσας
1277 632 1446 709 εἰσῄει
1501 633 1635 708 μετᾶ
1683 632 1991 708 λαμπάδων

334 741 425 775 τεν
464 722 851 796 συντακτήριον
887 719 1182 796 ἐκπληρῶν
1232 725 1365 795 (63).
1413 723 1501 785 Ὠς
1552 721 1644 777 οῦν
1688 728 1805 788 τοῖς
1854 720 1991 779 ἀδό-

332 831 451 874 τοις
478 811 871 886 προσὴγγισεν,
904 809 1057 890 ἄφνω
1094 815 1203 865 τῶν
1262 810 1427 866 αὐτοῦ
1483 808 1653 884 ὤμων
1692 814 1729 882 ἡ
1760 810 1985 888 χλαμὺς

336 901 674 972 ὀλισθήσασα
706 899 981 964 αἰσθέσθαι
1011 903 1202 956 τοῦτον
1252 896 1565 977 δεινοτέρων
1616 898 1806 956 δεινῶν
1840 922 1989 976 παρ-

335 991 605 1049 εσκεύασε.
648 990 751 1048 Καὶ
800 989 964 1052 αὐτὸς
994 986 1053 1045 δὲ
1106 990 1214 1065 πρὸ
1270 994 1395 1060 μιᾶς
1455 989 1668 1066 ἡμέρας
1725 994 1822 1046 τοῦ
1855 989 1993 1063 μὲλ-

337 1078 450 1136 λειν
508 1080 753 1149 ἀπαίρειν
813 1078 920 1134 ἀπὸ
974 1085 1074 1149 τῆς
1129 1077 1369 1143 πόλεως,
1454 1078 1555 1134 εἶτ’
1614 1080 1703 1156 ἀφ’
1761 1079 1990 1134 ἒασυτοῦ

338 1167 445 1224 εἴτε
493 1170 582 1224 καὶ
648 1167 838 1230 ἄλλως
897 1168 1001 1223 ὑπὸ
1074 1173 1176 1224 τοῦ
1238 1165 1542 1240 μέλλοντος
1598 1165 1988 1241 ἰΛαυνόμενος,

334 1257 651 1333 συναγαγὼν
695 1256 771 1320 εἰς
827 1257 995 1312 ταυτὸ
1050 1255 1177 1319 τοὺς
1237 1255 1433 1336 φίλους
1464 1254 1554 1310 καὶ
1613 1256 1990 1329 συμποσιάσιις

340 1347 648 1422 μεμνῆσθαί
738 1368 799 1404 τε
887 1354 989 1417 τῆς
1082 1347 1249 1403 αὐτοῦ
1338 1345 1603 1423 παρῂνει·
1643 1345 1830 1427 φιλίας
1896 1349 1985 1403 καὶ

336 1436 583 1515 λεγάτα,
642 1458 719 1501 ως
780 1440 879 1491 τοῦ
937 1437 1063 1511 βίου
1120 1434 1229 1507 ἤδη
1315 1430 1417 1509 ἔξω
1490 1435 1795 1511 γινόμενος,
1843 1456 1982 1512 παρο

335 1526 547 1601 ἐσχετο.
579 1532 666 1589 Ὠς
717 1525 809 1582 οὗν
869 1528 1003 1582 κατὰ
1057 1532 1158 1596 τῆς
1214 1528 1440 1601 Κρήτης
1500 1524 1720 1600 ἐξῄεσαν
1775 1526 1865 1581 καὶ
1912 1530 1991 1599 τῷ

335 1615 528 1688 θέματι
585 1619 691 1671 τῶν
771 1615 1093 1690 Θρᾳκησίων
1164 1609 1434 1683 ἕπὲϐησαν
1463 1658 1478 1684 ,
1536 1614 1627 1669 καὶ
1682 1614 1817 1669 κατὰ
1869 1634 1990 1669 τινα

334 1710 527 1781 Χῶρον
560 1706 674 1778 (64)
702 1704 875 1760 τόπον
917 1703 1061 1760 οὕτω
1112 1702 1404 1780 λεγόμενον
1464 1704 1517 1759 οἱ
1572 1702 1751 1776 τούτῳ
1780 1704 1989 1779 ὑπηρε-

334 1798 554 1856 τοῦντες
627 1787 1145 1866 προκαταλαϐόντες
1205 1793 1300 1853 τὰς
1359 1792 1556 1861 σκηνὰς
1613 1795 1986 1870 κατεπήγνυον

2096 639 2365 711 Deiparaa
2386 643 2592 699 fanum
2615 645 2773 716 quod
2804 647 3081 721 Hodegon
3103 648 3597 725 dicebatur,quod
3619 671 3754 711 eam

2101 728 2213 783 sibi
2262 730 2499 787 itineris
2548 733 2878 791 ductricem
2908 737 3056 793 votis
3109 740 3372 796 solerent
3413 744 3755 815 conciliare,

2097 822 2366 889 accessit,
2401 828 2461 878 et
2504 824 2733 882 facibus
2783 828 3248 898 praelucentibus
3296 831 3556 902 intravit,
3587 841 3655 889 ut
3692 852 3755 890 se

2098 923 2322 980 suaque
2356 913 2619 984 Deiparm
2670 916 3136 975 commendaret.
3183 921 3328 976 Cum
3361 937 3496 991 ergo
3519 922 3648 994 jam
3680 924 3756 978 ad

2097 1002 2426 1073 penetralia
2468 1004 2675 1077 templi
2725 1007 3105 1077 perrexisset,
3139 1009 3333 1065 subito
3384 1011 3650 1083 chlamys
3679 1011 3753 1068 de

2096 1091 2362 1146 humeris
2408 1091 2596 1163 ipsius
2628 1093 2906 1166 prolapsa
2936 1096 3226 1153 malorum
3266 1098 3319 1154 ei
3354 1099 3751 1156 maximorum

2095 1180 2450 1251 prmsagium
2481 1179 2664 1237 dedit.
2704 1181 2866 1237 Idem
2906 1184 3123 1240 Bardas
3154 1184 3343 1257 pridie
3392 1204 3571 1259 quam
3600 1188 3751 1244 urbe

2097 1272 2224 1322 erat
2253 1267 2644 1337 discessurus,
2677 1270 2797 1326 sive
2827 1271 2984 1327 ultro
3008 1273 3128 1329 sive
3151 1273 3364 1331 futuras
3384 1276 3471 1331 rei
3502 1283 3750 1351 urgente

2093 1357 2236 1425 fato,
2269 1356 2477 1413 amicis
2507 1358 2567 1412 in
2599 1375 2784 1414 unum
2832 1361 3143 1417 conductis
3197 1361 3388 1435 legata
3425 1365 3747 1438 distribuit,

2094 1446 2275 1501 veluti
2304 1447 2405 1517 qui
2428 1447 2555 1519 jam
2588 1448 2705 1504 vita
2744 1448 3074 1506 excederet.
3117 1451 3269 1507 Inita
3326 1469 3461 1526 ergo
3512 1456 3756 1526 expedi-

2098 1536 2279 1603 tione,
2311 1535 2469 1591 utin
2511 1536 2939 1594 Thracensium
2988 1540 3353 1611 provinciam
3402 1548 3753 1613 perventum

2097 1631 2188 1683 est
2217 1624 2292 1681 ad
2322 1625 2519 1681 locum
2545 1627 2863 1697 quemdam
2893 1629 2989 1684 cui
3020 1630 3211 1685 Choro
3232 1646 3472 1701 nomen,
3494 1632 3756 1688 ministri

2098 1714 2301 1771 Bardas
2350 1714 2600 1786 reliquis
2646 1716 2897 1788 priores,
2929 1718 3072 1774 dum
3122 1721 3395 1776 certatim
3444 1721 3756 1791 festinant,

2095 1801 2546 1858 tabernaculum
2578 1802 2826 1859 Caesaris
2881 1804 3003 1861 sive
3032 1804 3234 1862 dedita
3280 1823 3462 1879 opera
3488 1808 3609 1863 sive
3640 1809 3751 1864 im-

333 1880 550 1957 ἀμιλλη
583 1883 869 1958 χρώμενοι
922 1881 1012 1937 καὶ
1068 1879 1303 1956 σπουδῇ,
1335 1880 1561 1945 ἐνταῦθά
1615 1901 1744 1952 που,
1776 1879 1885 1937 εἴτε
1915 1878 1983 1950 δή

2094 1894 2419 1967 prudentes
2449 1895 2512 1950 in
2545 1894 2703 1951 edito
2755 1897 3013 1968 quodam
3044 1899 3193 1954 colle
3239 1878 3445 1972 ﬁgunt,
3494 1902 3749 1957 tentorio

332 1973 471 2028 κατὰ
515 1971 776 2047 πρόνοιαν
815 1970 925 2026 εἴτε
966 1973 1054 2027 καὶ
1092 1970 1278 2034 ἄλλως
1308 1971 1425 2026 κατ’
1456 1969 1702 2044 ἄγνοιαν,
1735 1972 1834 2040 τήν
1887 1971 1984 2045 μὲν

331 2064 430 2116 τοῦ
465 2058 734 2137 βασιλέως
764 2059 853 2115 ἐπὶ
908 2056 1131 2115 πεδινοῦ
1164 2058 1376 2135 χωρίου
1434 2058 1662 2115 αὐλαίαν
1695 2059 1982 2131 ἐπήξαντο,

337 2147 413 2212 εἴς
437 2172 555 2206 τινα
612 2148 670 2206 δὲ
728 2149 896 2228 λόφον
960 2148 1428 2226 ὑπερανεστηκότα
1479 2151 1579 2219 τὴν
1636 2153 1734 2204 τοῦ
1783 2149 1984 2206 Καίσα-

337 2262 433 2317 ρος
499 2240 851 2296 ἀνεπέτασαν.
903 2242 1079 2311 Ὀπερ
1146 2238 1224 2303 ὡς
1252 2236 1476 2315 ἕρμαιον
1536 2233 1794 2303 λαϐόντες
1818 2240 1874 2294 οἱ
1903 2241 1983 2311 τῶ

337 2328 569 2410 Μιχαὴλ
600 2329 988 2406 προσκείμενοι
1038 2329 1125 2384 καὶ
1178 2327 1797 2404 προσπολεμοῦντεςτῷ
1849 2328 1982 2384 Καί-

334 2441 461 2495 σαρι
517 2422 852 2494 κατῃτιῶντο
911 2419 974 2473 τὸ
1028 2417 1249 2495 γεγονὸς
1306 2417 1397 2472 καὶ
1452 2415 1548 2479 τὰς
1605 2418 1722 2472 κατ’
1775 2415 1980 2472 ἐκείνου

333 2509 573 2581 ὶξὲκαιον
623 2503 960 2582 συμϐουλὰς·
1020 2508 1338 2581 Ὑπὲθραττε
1367 2503 1415 2560 δ’
1446 2505 1599 2580 ὅμως
1651 2505 1844 2568 αὐτοὺς
1892 2505 1980 2561 καὶ

330 2601 698 2675 νωθροτέρους
743 2596 918 2654 ἐποίει
972 2597 1110 2673 πρὸς
1159 2596 1259 2665 τὴν
1319 2594 1689 2671 ἐγχείρησινὴ
1720 2599 1814 2650 τοῦ
1846 2594 1984 2652 Καί-

333 2707 499 2762 σαρος
556 2687 912 2761 κραταιοτέρα
971 2685 1154 2764 ἰσχύς*
1194 2685 1295 2753 τήν
1322 2705 1382 2740 τε
1411 2683 1517 2759 γὰρ
1567 2688 1670 2739 τοῦ
1727 2680 1984 2757 δομεστί-

329 2799 429 2833 κου
473 2783 576 2834 τῶν
619 2776 843 2858 σχολῶν
893 2777 1072 2853 ἀρχὴν
1121 2778 1149 2832 6
1187 2775 1382 2831 τούτου
1409 2775 1561 2855 εἶχεν
1592 2775 1981 2850 υἰὸςἋντίγο-

329 2889 446 2941 νος,
474 2868 565 2923 καὶ
596 2868 649 2922 οἳ
678 2865 869 2924 λοιποὶ
933 2866 1227 2940 στρατηγοὶ
1282 2864 1430 2938 αὖτῷ
1486 2864 1863 2944 ἑπειθάρχουν,
1892 2864 1984 2920 καὶ

330 2951 646 3031 Συμϐἀτιος
678 2954 1032 3034 ὁλογοοέτης
1081 2956 1179 3009 τοῦ
1227 2951 1459 3029 δρόμου,
1503 2948 1753 3030 γαμϐρὸς
1782 2952 1871 3009 ἐπὶ
1910 2955 1979 3028 τῇ

331 3046 556 3122 θυγατρὶ
602 3044 770 3100 αὑτοῦ
833 3042 1122 3120 τογχάνων
1149 3086 1164 3111 ,
1213 3041 1618 3118 ἂναντιρῥήτως
1661 3043 1728 3098 τὰ
1776 3042 1980 3098 ἐκείνου

331 3137 550 3210 φρονεῖν
606 3132 941 3191 ἐπιστεύετο.
997 3130 1153 3188 Ἀλλ’
1202 3127 1388 3186 ἔλαθεν
1429 3131 1459 3186 6
1506 3125 1819 3203 Συμϐάτιος
1875 3131 1978 3187 ὑπὸ

325 3227 423 3278 τοῦ
457 3221 727 3297 βασιλέως
772 3218 1002 3282 κλαπεὶς
1058 3219 1149 3275 καὶ
1194 3220 1288 3275 τὸν
1347 3219 1511 3297 φόνον
1565 3224 1663 3276 τοῦ
1720 3221 1979 3296 πενθεροῦ

328 3271 695 3388 ἐργαισάμενος
726 3310 911 3379 αὐτὸς,
966 3309 1055 3365 καὶ
1105 3307 1204 3363 οῦκ
1258 3271 1430 3371 alio:
1474 3307 1725 3383 σύνθημα
1750 3312 1849 3365 τοῦ
1877 3271 1977 3387 ἑὸ·
2012 3271 2056 3338 c

325 3422 420 3456 νου
485 3400 877 3476 εὖτρεπισθείς.
937 3400 1096 3475 Ἀρτι
1157 3399 1260 3475 γὰρ
1318 3398 1462 3472 ἐξῄει
1535 3397 1632 3461 τὰς
1698 3399 1976 3478 ἀναφορὰς

325 3489 607 3566 ἆναγκοῦς,
648 3490 739 3545 καὶ
784 3489 848 3545 τὸ
905 3492 1135 3561 σημεῖον
1202 3484 1382 3542 ἐδίδου
1436 3487 1534 3543 τοῦ
1590 3487 1776 3566 φόνου,
1810 3509 1980 3545 σταυ-

327 3581 422 3657 ρὸν
452 3580 530 3642 εἷς
558 3582 623 3635 τὸ
666 3580 859 3635 ἑαυτοῦ
883 3576 1176 3653 πρόσωπον
1204 3575 1524 3651 ἐγχαράξας.
1576 3572 1976 3635 ’.ἀνεϐάλλοντο

325 3668 373 3726 δ’
403 3668 557 3743 ὅμως
598 3670 650 3723 οἱ
698 3666 1035 3741 συνωμόται,
1088 3668 1191 3736 τὴν
1248 3665 1512 3739 ἑταιρείαν
1569 3665 1975 3741 παρισταμένην

324 3764 560 3837 ὁρῶντες
594 3763 692 3815 τοῦ
745 3757 1028 3830 Καίσαρος.
1076 3759 1249 3831 Ὃπερ
1279 3758 1308 3811 ὁ
1348 3755 1582 3831 Μιχαὴλ
1630 3751 1978 3832 εὐλαϐηθείς,

338 3852 415 3924 μή
459 3870 579 3911 πως
607 3849 927 3925 κατάφωρος
979 3845 1269 3923 γεοόμενος
1326 3846 1447 3911 καθ’
1504 3846 1695 3902 ἑαυτοῦ
1740 3848 1840 3916 τήν
1874 3847 1981 3920 μά-

337 3958 535 4015 χαιραν
584 3937 946 4007 ἐπισπάσηται
973 3979 988 4006 ,
1046 3932 1136 3990 διὰ
1191 3939 1387 3990 πιστοῦ
1441 3934 1589 3997 τίνος
1640 3934 1981 4011 ἐθαρσοποίει

327 4027 458 4090 τοὺς
507 4024 706 4104 ἄνδρας
750 4030 870 4087 ταῖς
930 4024 1276 4100 ὑποσχέσεσι.
1310 4024 1413 4081 Καὶ
1451 4023 1732 4099 παρῆλθεν
1791 4024 1852 4079 ἃν
1888 4026 1980 4081 τὸν

324 4114 576 4173 κίνδυνον
606 4116 700 4171 καὶ
748 4111 1161 4190 παρεκρούσατο
1209 4113 1238 4167 6
1286 4115 1497 4187 Καῖσαρ
1544 4116 1626 4185 τῷ
1673 4109 1781 4168 δὲει
1822 4134 1983 4169 κατα-

333 4203 737 4279 πλησσομένων
790 4203 881 4258 καὶ
958 4200 1387 4279 κατεπτηχότων
1429 4206 1537 4256 τῶν
1625 4207 1983 4275 συνωμοτῶν,

337 4295 385 4349 εί
446 4296 522 4369 μή
579 4291 864 4356 Βασίλειος
922 4292 951 4347 6
1007 4290 1140 4365 μετὰ
1184 4294 1350 4345 ταῦτα
1406 4293 1485 4365 [Ρ.
1519 4293 1645 4364 556]
1701 4291 1982 4366 βασιλεὺς,

330 4385 833 4460 παρακοιμώμενος
881 4385 993 4454 (65)
1043 4379 1142 4450 ὥν,
1175 4377 1426 4450 διανέστη
1474 4380 1610 4456 πρὸς
1657 4382 1759 4451 τὴν
1791 4379 1984 4461 ἐγχεῖ-

335 4494 515 4549 ρησιν·
573 4470 730 4534 οὗτος
789 4472 894 4546 γὰρ
952 4466 1256 4544 ἀπορῥῖψαί
1310 4488 1369 4524 τε
1405 4467 1580 4533 πείθει
1616 4469 1680 4525 τὸ
1711 4466 1831 4533 δέος
1855 4469 1987 4534 τοῦς

333 4563 652 4635 συνωμότας
697 4560 790 4616 καὶ
835 4560 974 4637 πρός
1021 4559 1123 4628 τὴν
1168 4557 1362 4633 πρᾶξιν
1409 4555 1747 4632 ἆπιρωννῦει.
1800 4562 1986 4636 Ξιφή-

334 4670 446 4726 ρεις
479 4647 573 4704 οῦν
600 4649 726 4711 τοὺς
754 4645 951 4723 ἄνδρας
998 4644 1131 4703 ἰδὼν
1163 4648 1192 4703 6
1223 4643 1437 4723 Βάρδας
1482 4645 1730 4710 ἐπιόντας
1768 4647 1982 4723 ἀθρόως

2099 1981 2287 2053 ipsius
2310 1981 2690 2054 imperatoris
2711 1983 2772 2038 in
2793 1984 3044 2056 planitie
3073 2002 3354 2058 expanso.
3390 1988 3507 2043 Hoc
3528 1989 3750 2044 factum

2093 2069 2136 2124 ii
2156 2071 2259 2141 qui
2272 2071 2626 2127 Michaelum
2641 2077 2849 2129 contra
2868 2073 3113 2130 Bardam
3140 2077 3437 2131 concitare
3452 2077 3747 2143 solebant,

2093 2163 2159 2214 ut
2181 2159 2404 2231 optimo
2417 2176 2561 2216 casu
2585 2160 2848 2217 oblatam
2871 2163 3356 2221 commoditatem
3370 2165 3748 2237 arripientes,

2092 2247 2630 2316 calumniabantur,
2665 2253 2723 2304 et
2768 2249 3016 2306 consilia
3062 2257 3271 2308 contra
3323 2269 3459 2308 eum
3500 2252 3648 2308 inita
3685 2257 3753 2308 ut

2092 2342 2517 2408 exsequeretur
2545 2338 2870 2410 imperator
2889 2339 3524 2412 instigabant.Caasaris
3550 2346 3751 2398 tamen

2091 2425 2359 2495 potentia
2390 2425 2599 2498 ingens
2644 2427 2922 2482 inimicos
2952 2428 3228 2484 turbabat
3256 2435 3316 2484 et
3341 2429 3498 2485 980
3537 2430 3612 2485 ad
3642 2446 3751 2487 au-

2091 2512 2352 2569 dendum
2370 2513 2600 2569 facinus
2619 2515 2922 2587 segniores
2933 2515 3239 2572 reddebat.
3263 2517 3489 2589 Quippe
3507 2522 3567 2572 et
3588 2518 3749 2575 ﬁlius

2092 2602 2222 2673 ejus
2245 2602 2555 2657 domestici
2571 2602 2911 2658 scholarum
2929 2620 3140 2675 gerens
3180 2621 3397 2660 munus
3417 2606 3747 2678 Antigonus

2092 2692 2358 2763 reliquos
2388 2693 2755 2749 exercituum
2786 2692 2968 2749 duces
2999 2693 3112 2748 sibi
3136 2693 3397 2750 habebat
3415 2694 3747 2766 obsequen-

2092 2789 2222 2848 tes;
2285 2786 2344 2836 et
2371 2781 2708 2855 Symbatius
2738 2782 2929 2837 dromi
2959 2781 3261 2855 logotheta
3303 2783 3506 2839 Bardas
3562 2800 3746 2856 gener

2091 2869 2252 2926 haud
2282 2869 2461 2926 dubie
2492 2869 2565 2926 ab
2612 2870 2800 2942 ipsius
2846 2877 3002 2927 stare
3053 2871 3320 2943 partibus
3367 2871 3742 2929 credebatur.

2088 2958 2237 3014 Nam
2280 2957 2634 3032 ignorabant
2678 2975 2816 3015 eum
2862 2976 2899 3016 a
2944 2959 3227 3017 Michaelo
3280 2960 3482 3017 Bardas
3536 2960 3743 3017 furtim

2091 3048 2391 3105 sublatum
2437 3048 2586 3105 adeo
2634 3065 2839 3106 socero
2896 3065 3105 3105 necem
3159 3050 3378 3119 moliri,
3411 3056 3477 3106 ut
3512 3050 3743 3108 nemini

2089 3137 2261 3194 alteri
2306 3154 2485 3209 quam
2552 3137 2667 3210 ipsi
2725 3143 2952 3195 tessera
3017 3138 3302 3195 facinoris
3358 3139 3436 3196 sit
3492 3140 3739 3197 credita.

2090 3226 2345 3283 Proinde
2377 3226 2715 3299 Symbatius
2743 3227 2924 3283 simul
2951 3234 3011 3283 et
3038 3232 3170 3284 acta
3198 3228 3420 3295 retulit,
3445 3234 3505 3284 et
3530 3228 3746 3284 faciem

2085 3332 2255 3372 suam
2277 3332 2451 3372 cruce
2475 3316 2717 3388 signans
2738 3316 3065 3372 inferenda)
3087 3317 3289 3373 Bardaa
3303 3316 3485 3374 credis
3501 3318 3739 3391 signum

2086 3404 2268 3461 dedit.
2291 3405 2437 3462 Cum
2459 3410 2658 3461 autem
2679 3405 3110 3477 conjurationis
3131 3406 3277 3462 socii
3297 3412 3742 3475 cunctarentur,

2085 3493 2226 3565 quia
2271 3498 2593 3550 sectatores
2640 3492 2844 3550 Bardas
2906 3510 3109 3550 coram
3150 3493 3389 3551 adstare
3433 3495 3738 3564 videbant,

2086 3583 2408 3639 Michaelus
2437 3589 2712 3639 metuens
2742 3599 2819 3638 ne
2848 3582 2968 3639 illis
2994 3583 3519 3656 tergiversantibus
3550 3600 3613 3639 re
3635 3584 3736 3639 de-

2086 3677 2243 3728 tecta
2288 3672 2350 3726 in
2396 3687 2459 3726 se
2505 3671 2685 3743 gladii
2744 3673 3196 3744 stringerentur,
3247 3673 3430 3728 misso
3490 3689 3734 3729 suorum

2087 3759 2357 3816 ﬁdelium
2378 3758 3195 3830 quodam,pollicitationibus
3215 3777 3317 3816 eos
3339 3760 3732 3816 conﬁrmavit.

2087 3848 2485 3905 Nihilominus
2498 3853 2697 3903 tamen
2711 3848 2999 3904 evasisset
3007 3848 3372 3915 Caesar,adeo
3394 3865 3525 3921 conj
3536 3855 3736 3905 uratos

2087 3941 2283 3993 metus
2333 3937 2702 3993 deterruerat
2728 3952 2764 3991 a
2789 3935 3074 4007 facinore,
3108 3936 3223 3991 nisi
3266 3936 3519 3991 Basilius
3549 3937 3745 4008 impe—

2089 4025 2303 4082 ratoris
2336 4025 2432 4080 cui
2483 4023 2768 4080 successit
2824 4023 3060 4095 deinde,
3120 4023 3521 4079 cubicularius
3559 4023 3635 4081 ad
3682 4023 3745 4078 id

2089 4113 2494 4187 peragendum
2544 4129 2607 4169 se
2655 4112 3068 4185 proripuisset,
3102 4128 3358 4183 suosque
3409 4113 3750 4169 cohortatus

2092 4208 2250 4260 esset
2276 4208 2344 4258 ut
2371 4202 2603 4274 abjecto
2635 4206 2801 4258 metu
2845 4201 3217 4275 prapositum
3256 4207 3747 4273 exsequerentur.

2092 4292 2312 4349 Bardas
2340 4307 2477 4348 cum
2507 4307 2609 4347 eos
2638 4290 2861 4346 strictis
2882 4291 3093 4361 gladiis
3114 4290 3177 4346 in
3198 4308 3260 4347 se
3283 4307 3456 4347 ruere
3480 4295 3755 4347 eerneret

2092 4387 2467 4452 mortemque
2512 4380 2625 4436 sibi
2658 4378 3022 4452 impendere,
3054 4379 3130 4435 ad
3160 4380 3538 4452 imperatoris
3567 4380 3750 4452 pedes

2093 4488 2156 4529 se
2184 4471 2409 4544 abjicit.
2460 4470 2624 4527 Unde
2654 4470 3019 4527 abstractum
3062 4469 3103 4524 ii
3135 4470 3513 4526 membratim
3547 4471 3751 4526 conci-

2093 4562 2264 4629 dunt,
2279 4565 2338 4616 et
2359 4559 2643 4633 genitalia
2663 4559 2793 4632 ejus
2805 4564 2980 4616 conto
3012 4558 3254 4631 praflxa
3282 4575 3389 4631 per
3418 4558 3746 4617 ludibrium

2010 4637 2060 4703 D
2091 4654 2414 4708 ostentant.
2462 4650 2669 4706 Ortum
2709 4665 2780 4705 ex
2809 4665 2880 4705 eo
2929 4650 3253 4707 tumultum
3286 4648 3608 4723 ingentem,
3644 4649 3746 4721 qui

1533 4764 1899 4822 XYLANDRI
1929 4768 2016 4823 ET
2052 4767 2269 4824 GOARI
2306 4766 2529 4822 NOTIE.

406 4892 517 4964 (6m
547 4894 798 4948 Zonaras
828 4894 900 4964 τῇ
941 4890 1253 4964 Θεομήιςορι
1293 4886 1705 4964 ’συνναξόμενοξῇ
1755 4891 1994 4950 clarius.

338 4960 451 5018 Sed
480 4979 659 5034 supra
688 4964 752 5017 D.
787 4960 1102 5035 Gregorius
1131 4960 1460 5035 Theologus
1490 4960 1838 5035 perhibetur
1866 4981 1991 5020 ora-

336 5035 496 5106 tione
526 5032 887 5106 syntacteria
910 5032 1145 5106 “habita
1201 5032 1573 5106 discessisse
1606 5032 1679 5088 ab
1709 5034 1989 5092 Ecclesias

335 5102 764 5178 gubernatione
790 5120 804 5171 ;
833 5120 963 5175 qum
993 5102 1339 5178 videtunde
1357 5103 1631 5178 Ecclesia:
1675 5106 1996 5164 concordia

336 5174 396 5231 ét
424 5176 833 5232 incolumitate
852 5174 1287 5232 constituenda
1314 5174 1519 5230 fuisse.
1551 5174 1689 5231 XYL.

408 5246 751 5374 (ϐαίὲεΧῶρον
784 5246 942 5303 idem
989 5246 1112 5302 fere
1166 5246 1461 5329 significat
1490 5245 1868 5332 quodlocus,
1899 5247 1989 5303 τόο

415 5338 461 5374 ς.
572 5319 609 5373 (1
643 5323 841 5374 tamen
872 5318 985 5374 hoc
1028 5333 1149 5373 non
1179 5323 1301 5373 tam
1349 5333 1540 5373 Visum
1586 5318 1697 5373 fuit
1724 5335 1989 5374 accmere

335 5317 461 5379 πος.
497 5317 609 5374 Sed
643 5317 841 5393 tamen
872 5318 1149 5393 hoc___no_n
1179 5323 1301 5393 tam
1349 5317 1540 5373 visum
1586 5318 1697 5373 fuit
1724 5321 1994 5393 accipere

338 5390 723 5485 Prsarum
748 5387 1317 5485 ‘13?“L.‘.“.‘1§1;_3‘.IP:
1669 5461 1729 5485 _,
1854 5387 1872 5393 ’
1922 5466 1945 5478 -

341 5459 359 5462 ’
404 5459 518 5533 (65)
552 5459 607 5516 Is
638 5467 727 5517 est
758 5459 860 5532 qui
911 5459 1320 5531 superioribus
1381 5459 1612 5516 saeculis
1668 5461 1848 5533 κόμης
1879 5466 1988 5519 τῶν

339 5525 667 5613 ἐξα-ουβίτων
701 5531 1029 5613 dicebatur,
1060 5530 1239 5613 cujus
1252 5546 1478 5613 nempe
1526 5533 1766 5613 nomine
1797 5538 1995 5613 Graeco

329 5603 567 5660 reddito
598 5606 863 5660 Romana
912 5602 1041 5673 ejus
1071 5601 1392 5673 appellatio
1440 5601 1671 5658 destitit
1718 5604 1779 5664 in
1830 5608 1997 5664 curia

329 5619 567 5660 reddito
598 5619 863 5660 uomana
912 5619 942 5658 e
971 5619 1041 5657 us
1071 5619 1392 5673 appeuauo
1440 5619 1671 5658 desum
1718 5622 1779 5664 in
1830 5623 1989 5664 curia

327 5676 432 5731 ΟΡ.
472 5676 659 5754 Hujus
688 5675 845 5754 vices
977 5673 1239 5754 tuendum
1283 5673 1989 5754 palatiumntytandamque

327 5764 446 5803 rem
465 5741 756 5819 privatam
786 5743 1182 5819 Luitprandus
1224 5741 1355 5799 esse
1381 5741 1525 5799 dicit
1551 5744 1653 5817 Ill,
1680 5750 1731 5803 7.
1765 5750 1840 5804 At
1866 5741 1989 5808 rion

609 5863 881 5927 Panos.
928 5864 1040 5925 6a.
1086 5861 1295 5924 CXXI.

2098 4893 2159 4949 id
2188 4892 2761 4964 exsequeretur-nisi
2788 4896 3109 4964 perpetuus
3141 4890 3345 4962 palatii
3377 4890 3530 4943 foret
3566 4903 3747 4942 excu-

2102 4965 2258 5020 bitor
2296 4962 2385 5019 vel
2437 4962 2847 5019 excubitorum
2898 4962 3233 5033 'rmcipuus.
3268 4964 3357 5015 An
3386 4976 3522 5015 vero
3552 4964 3618 5013 ut
3648 4974 3751 5014 ex-

2102 5036 2353 5086 cubitor.
2388 5035 2472 5086 sic
2518 5050 2754 5086 auoaue
2798 4980 3197 5086 cugicularius
3225 5031 3583 5086 asserendus
3612 5046 3749 5085 cum

2101 5036 2353 5103 cubitor,
2388 5035 2472 5090 sic
2518 5050 2754 5105 quoque
2798 5031 3197 5105 cubicularius
3211 5031 3583 5105 asserendus
3612 5046 3749 5085 cum

2099 5100 2394 5178 Xylandro
2411 5106 2444 5178 ξζ
2471 5100 2592 5161 non
2623 5100 2857 5160 censeo.
2892 5100 3499 5178 Cubicularii‘etenim
3528 5108 3752 5178 postre-

2102 5168 2218 5234 mis
2248 5176 2482 5234 saaculis
2520 5191 2757 5247 semper
2786 5173 3064 5247 eunuchi,
3096 5170 3344 5228 Basilius
3370 5168 3748 5247 _1:_apaigo_zpib:

2106 5268 2265 5320 μεΛος
2284 5248 2627 5320 virinteger
2650 5241 3013 5320 erstititJlle
3034 5244 3095 5298 in
3118 5241 3750 5320 penetralibu§,hic_a_d

2106 5268 2265 5320 μεΑος
2284 5266 2372 5304 νη*
2396 5264 2520 5302 lnte
2562 5264 2627 5300 er
2656 5264 3013 5301 exsuumue
3034 5264 3095 5298 In
3118 5264 3648 5315 peuemrauousmlc
3672 5264 3748 5298 au

2102 5322 2260 5377 fores
2290 5319 2483 5375 stabat
2524 5264 2626 5373 ᾖιὶ
2686 5315 2942 5387 denique
2988 5319 3328 5387 κοιτωνῖται,
3385 5307 3748 5387 κουϐικουλατ

2104 5391 2335 5465 ριοι-γθι
2362 5389 2478 5444 alio
2501 5388 2708 5465 quovis
2733 5384 2976 5465 nomine
3007 5386 3147 5465 dicti
3173 5403 3196 5465 ;_
3220 5386 3400 5465 huius
3425 5402 3642 5465 nomen
3662 5384 3753 5441 nil

2103 5456 2300 5520 simile
2351 5456 2540 5515 sonat:
2590 5458 2745 5530 Quin
2796 5458 2993 5530 potius
3024 5458 3083 5530 ei
3109 5456 3330 5512 subditi
3377 5457 3749 5530 excubitores

2101 5539 2168 5591 ut
2193 5532 2411 5589 variam
2434 5528 2894 5602 appellationem
2921 5529 3006 5602 sic
3030 5528 3329 5602 diversum
3352 5545 3569 5585 munus
3590 5528 3750 5585 nacti

2103 5599 2529 5663 ostenduntur'
2551 5601 2800 5673 inferius
2832 5616 2890 5671 p.
2920 5601 3047 5673 567,
3081 5600 3221 5673 quia
3268 5599 3751 5673 dicunturimpar-

2101 5680 2279 5733 κοῖται
2311 5680 2370 5758 et
2397 5670 2881 5758 nota‘xmpwpéyou
2904 5670 3119 5758 οἰκεῖοι,
3142 5671 3469 5758 familiares
3508 5670 3751 5735 addicti,

2102 5765 2221 5807 uno
2252 5746 2428 5804 verbo
2451 5744 2559 5802 sub
2590 5743 2730 5818 ejus
2751 5743 3157 5816 dispositione.
3191 5744 3365 5800 Gon.

3506 5861 3584 5919 34
