4130 6218
326 366 480 433 1069

1471 381 2010 446 HISTORIABUM
2059 386 2588 452 COMPENDIUM

3572 399 3727 459 1070

323 521 419 563 σας
480 501 541 557 οὔ
599 501 934 560 παντάπασιν
993 507 1270 583 ἡμοίρησε
1327 516 1434 567 τῶν
1490 511 1802 569 ἐπαινετῶν·
1883 509 1963 569 δι-

2082 522 2375 594 poterium
2408 523 2646 590 dicitur,
2666 529 2723 580 et
2744 525 3134 598 polycandela
3165 525 3420 600 plurimo
3441 536 3725 601 prmstan-

321 594 677 668 σιοποτήριον
714 597 826 669 (68)
857 599 962 673 γὰρ
992 599 1324 674 προσήνεγκε
1365 605 1433 677 τῇ
1476 603 1701 680 Μεγάλῃ
1731 601 1966 674 Ἐκκλη-

322 681 432 754 σία,
465 682 555 738 καὶ
587 683 984 758 πολυκάνδηλα
1017 691 1127 762 (69)
1164 687 1230 744 τὰ
1279 691 1469 766 πρώην
1525 691 1648 748 λίαν
1700 691 1966 768 ὑπερελεὶ-

323 791 506 831 σαντα.

393 861 792 934 Ἀναιρεθέντος
855 863 916 935 δ’,
975 867 1048 930 ὡς
1109 865 1354 944 εἴπομεν,
1439 873 1536 925 τοῦ
1593 870 1845 946 Μιχαὴλ,
1904 872 1966 926 τὸ

321 949 421 1017 τῆς
451 949 732 1025 βασιλείας
791 951 1084 1024 ἀνεδήσατο
1133 959 1330 1032 κράτος
1364 959 1391 1011 ὁ
1425 958 1728 1020 Βασίλειος.
1779 963 1963 1022 Ὅστις

322 1034 379 1093 δὲ
429 1038 585 1103 οὗτος
643 1041 709 1110 ἦν
741 1043 873 1096 ίκαῖ
933 1043 1049 1099 ὅθεν
1102 1041 1356 1122 ὥρμητο,
1415 1048 1516 1103 κάκ
1571 1047 1729 1110 ποίας
1790 1046 1963 1110 αἰτίας

320 1125 396 1190 είς
423 1131 521 1198 τήν
578 1129 852 1204 βασίλειον
914 1133 1064 1207 ἀνῄει
1111 1137 1396 1208 περιωπῆν
1457 1135 1516 1192 ἒκ
1571 1141 1825 1202 ταπεινῆς
1875 1137 1964 1191 κειἲ

319 1214 610 1290 ἀλαμποῦς
645 1221 966 1295 ὁρμώμενος
995 1223 1200 1303 τύχης,
1253 1226 1450 1282 ἄνωθεν
1495 1223 1771 1282 διαλαϐὼν
1807 1229 1833 1282 ό
1867 1226 1966 1283 λό-

318 1327 418 1381 γος
475 1305 850 1384 διατρανώσει.
915 1313 1138 1388 Ἦνεγκε
1169 1313 1343 1369 τοίνυν
1388 1317 1422 1384 ἡ
1477 1321 1584 1370 τῶν
1638 1315 1964 1373 Μακεδόνων

319 1394 481 1474 χώρα
519 1396 702 1468 αὐτὸν,
736 1399 880 1455 εἷλκε
911 1399 966 1456 δὲ
995 1403 1056 1457 τὸ
1085 1401 1236 1479 γένος
1269 1402 1317 1474 ἐξ
1362 1404 1689 1480 Ἀρμεκίων,
1739 1404 1798 1461 ἐκ
1829 1403 1962 1461 πάνυ

324 1484 583 1562 λαμπρᾶς
614 1491 988 1565 καταγόμενος
1019 1497 1119 1562 τῆς
1147 1497 1255 1547 τῶν
1287 1491 1626 1570 Ἀρσακιδῶν
1677 1499 1879 1569 σειρᾶς,
1912 1494 1960 1564 ἐξ

317 1573 382 1643 ἧς
418 1577 592 1649 μόνης
621 1578 791 1652 νόμος
821 1581 885 1650 ἦν
918 1579 1300 1654 βασιλεύεσθαι
1333 1585 1565 1657 Πάρθοις
1615 1583 1702 1638 καὶ
1755 1581 1964 1653 Μήδοις

317 1663 406 1717 καὶ
437 1666 745 1739 Ἀρμενίοις
778 1665 867 1722 διὰ
897 1670 958 1724 τὸ
991 1667 1154 1733 κλέος
1185 1669 1283 1726 τοῦ
1316 1671 1538 1747 πρώτου
1569 1672 1831 1746 Ἀρσάκου
1860 1675 1961 1726 τοῦ

314 1751 758 1829 ἀνακτησαμένου
781 1763 898 1821 τοῖς
924 1759 1157 1835 Πάρθοις
1175 1762 1274 1830 τήν
1303 1761 1580 1836 βασιλείαν
1610 1763 1710 1816 ὑπὸ
1744 1765 1958 1837 Περσῶν

314 1843 786 1920 ἐσφετερισμένην.
832 1849 923 1904 Καὶ
960 1845 1151 1921 συνέϐη
1198 1850 1366 1926 μέχρι
1422 1851 1637 1907 πολλοῦ
1689 1852 1811 1912 τοὺς
1861 1855 1957 1906 τοῦ
1998 1886 2037 1951 Β

314 1933 361 1951 ..
465 1932 476 1951 ν
641 1934 655 1950 .
795 1937 807 1951 .
992 1941 1017 1951 ..
1119 1936 1139 1951 ς
1199 1939 1210 1951 .
1393 1945 1421 1951 _
1551 1939 1566 1951 .
1701 1941 1711 1951 .
1877 1939 1922 1951 .-

313 1932 584 2007 Ἀρσάκου
632 1934 939 2013 ἀπογόνους
991 1936 1296 2014 βασιλεύειν
1355 1945 1461 1996 τῶν
1523 1939 1821 2014 είρημένων
1873 1939 1956 1994 ἐθ-

314 2027 446 2082 νῶν.
481 2024 752 2100 Ἔσχατος
807 2023 865 2080 δὲ
915 2033 1016 2096 τῆς
1081 2029 1354 2103 βασιλείας
1405 2029 1642 2085 ἐκπεσὼν
1690 2026 1956 2104 Ἀρτάϐα-

318 2131 410 2172 νος
453 2115 554 2180 τῆς
610 2122 966 2192 προγονικῆς,
1017 2119 1162 2172 καὶὸ
1193 2118 1388 2173 τούτου
1439 2115 1671 2196 ἀδελφὸς
1721 2115 1959 2189 Κλιὲνης

319 2197 551 2277 φυγάδες
609 2201 684 2265 εἷς
760 2205 821 2259 τὸ
882 2208 1165 2275 Βυζάντιον
1236 2206 1642 2282 παραγίνονται·
1722 2208 1871 2262 Λὲων
1933 2209 1960 2261 ὁ

319 2289 490 2366 μέγας
529 2291 653 2346 τότε
681 2291 780 2360 τήν
812 2299 918 2348 τῶν
962 2297 1252 2368 Ῥωμαίων
1295 2294 1442 2350 ’ἰθυνε
1497 2295 1799 2369 βασιλείαν.
1852 2295 1962 2353 Οὖ-

313 2397 409 2440 τος
443 2380 534 2434 οὖν
577 2381 706 2443 τοὺς
766 2379 961 2455 ἄνδρας
1023 2379 1417 2458 ὑποδεξάμενος
1470 2386 1556 2439 καὶ
1619 2385 1960 2459 ἀξιοπρεπῶς

311 2471 550 2541 τιμήσας
607 2468 818 2542 οἷ’κησιν
880 2474 980 2541 τὴν
1041 2478 1422 2549 προσήκουσαν
1483 2472 1534 2528 ἒν
1599 2477 1665 2548 τῇ
1719 2471 1961 2549 βασιλίδι

313 2555 622 2632 ἀπένειμεν.
682 2561 856 2638 ’Ὁπερ
917 2562 1102 2635 μαθὼν
1167 2565 1194 2618 ὁ
1259 2568 1365 2618 τῶν
1426 2567 1641 2638 Περσῶν
1709 2562 1962 2638 βασιλεὺς

314 2649 628 2722 γράμμασιν
681 2648 878 2711 αὐτοὺς
968 2650 1338 2726 μετεκαλεῖτο,
1407 2652 1484 2714 εἷς
1551 2653 1649 2720 τήν
1706 2653 1959 2727 πατρῴαν

315 2736 751 2816 ὑπισχνούμενος
809 2740 1104 2815 ἡγεμονίαν
1164 2739 1580 2820 ἐγκαταστῆσαι.
1654 2742 1958 2814 Δεξαμένων

314 2822 362 2878 δ’
416 2825 630 2881 ἐκείνων
685 2829 751 2882 τὰ
810 2829 1110 2905 γράμματα
1167 2830 1257 2885 καὶ
1343 2830 1466 2904 περὶ
1541 2833 1637 2884 τοῦ
1692 2831 1962 2906 πρακτέου

313 2911 818 2990 διασκοπουμένων,
853 2920 1116 2992 μηνύεται
1141 2917 1229 2974 διὰ
1258 2941 1400 2980 τινος
1431 2924 1538 2974 τῶν
1586 2919 1962 2994 ὑπηρετουμέ-

315 3025 422 3059 νων
443 3007 627 3071 αὖτοῖς
659 3009 832 3066 πάντα
860 3014 939 3082 τῷ
976 3007 1245 3086 βασιλεῖς,
1277 3012 1366 3065 καὶ
1400 3009 1481 3064 ὅτι
1505 3011 1557 3064 οἱ
1585 3008 1851 3079 πλανῆται
1876 3007 1963 3064 οὗ·

314 3115 399 3150 τοι
441 3095 532 3151 καὶ
565 3093 836 3168 ἐπήλυδες
866 3105 971 3154 τῶν
1003 3099 1414 3176 ἐπισημοτέρων
1439 3100 1559 3155 εἰσί.
1595 3099 1692 3154 Καὶ
1725 3099 1800 3160 εἴς
1849 3121 1965 3155 τινα

315 3182 591 3260 πολίχνην
611 3194 709 3256 τῆς
743 3185 1079 3250 Μακεδονίας
1129 3189 1299 3258 Νίκην
1358 3187 1770 3261 ὀνομαζομένην
1829 3187 1966 3264 μετᾶ

2082 612 2248 670 tiora.

2151 869 2467 926 Interfecto
2498 870 2805 938 Michaelo,
2837 871 3084 929 Basilius
3127 873 3446 946 imperium
3471 875 3718 946 accepit.

2077 959 2128 1014 Is
2161 959 2316 1016 unde
2349 969 2584 1034 sumpto
2629 963 2798 1018 initio
2849 978 3081 1035 quaque
3122 979 3263 1019 usus
3311 965 3618 1020 occasione
3652 982 3721 1020 ex

2076 1049 2287 1105 humili
2321 1055 2378 1106 et
2409 1051 2658 1107 obscuro
2695 1053 2823 1107 loco
2855 1053 2927 1108 ad
2979 1053 3213 1108 culmen
3244 1053 3479 1124 imperii
3510 1069 3722 1108 ascen-

2075 1140 2248 1209 derit,
2280 1139 2458 1196 altius
2489 1143 2739 1212 repetita
2769 1159 2831 1196 re
2865 1148 2954 1198 est
2984 1141 3422 1214 explicandum.
3449 1143 3580 1198 Fuit
3609 1145 3722 1200 Bas

2075 1228 2244 1284 silius
2276 1231 2465 1301 patria
2493 1229 2647 1287 988
2695 1232 2950 1300 Macedo,
2985 1233 3226 1287 natione
3276 1235 3611 1301 Armenius,
3647 1252 3717 1290 ex

2074 1315 2292 1372 illustri
2344 1319 2754 1374 Arsasidarum
2805 1320 3008 1392 stirpe,
3061 1337 3129 1376 ex
3179 1337 3295 1392 qua
3346 1319 3521 1376 unica
3559 1322 3717 1394 leges

2073 1405 2350 1462 sinebant
2401 1407 2776 1478 Parthorum,
2828 1409 3129 1466 Medorum
3181 1410 3718 1482 Armeniorumque

2073 1514 2240 1566 reges
2267 1495 2461 1569 deligi,
2497 1497 2570 1552 ob
2601 1498 2850 1571 gloriam
2872 1497 3048 1570 primi
3081 1499 3338 1562 Arsacis,
3360 1499 3457 1570 qui
3484 1501 3716 1556 Parthis

2073 1603 2316 1655 regnum
2367 1603 2400 1641 a
2448 1585 2641 1643 Persis
2695 1595 3031 1660 surreptum
3089 1595 3558 1661 recuperaverat.
3608 1587 3719 1644 Diu

2070 1673 2390 1728 admodum
2423 1675 2602 1746 hujus
2635 1678 2868 1732 Arsacis
2895 1679 3208 1750 progenies
3240 1679 3414 1734 dictis
3444 1678 3716 1749 gentibus

2071 1761 2401 1833 imperavit.
2437 1763 2688 1820 Ultimus
2718 1765 3051 1822 Artabanus
3083 1768 3327 1838 ejusque
3358 1767 3539 1823 frater
3567 1767 3716 1822 Clie-

2070 1870 2197 1918 nes,
2231 1855 2382 1909 avito
2415 1856 2704 1911 exturbati
2730 1873 2931 1929 regno,
2959 1857 3299 1929 Byzantium
3330 1858 3561 1912 exsules
3591 1875 3717 1928 per-

2069 1944 2574 2010 venerunt,Leone
2597 1961 2807 2018 magno
2827 1952 2950 2000 tum
2975 1949 3377 2003 Romanorum
3398 1945 3716 2018 imperium

2068 2039 2330 2104 gerente.
2360 2033 2414 2088 Is
2435 2035 2588 2088 viros
2621 2035 2764 2089 istos
2787 2036 3038 2106 excepit,
3055 2035 3496 2105 honoribusque
3521 2033 3714 2105 dignis

2068 2121 2334 2178 afﬁciens
2381 2121 2810 2178 habitationem
2859 2125 2919 2178 in
2951 2124 3096 2179 urbe
3144 2125 3216 2178 iis
3265 2123 3716 2178 convenientem

2071 2209 2412 2284 assignavit.
2465 2211 2778 2266 Persarum
2825 2227 2927 2266 rex
2977 2215 3211 2285 cognita
3259 2212 3369 2266 hac
3419 2228 3481 2266 re
3526 2209 3727 2265 missis

2070 2296 2288 2355 litteris
2321 2315 2420 2354 eos
2453 2300 2760 2364 revocavit,
2782 2300 3194 2355 restituturum
3229 2315 3289 2355 se
3321 2300 3380 2353 in
3410 2301 3728 2370 paternum

2073 2401 2329 2458 regnum
2379 2389 2754 2458 promittens.
2791 2391 2936 2442 Dum
2990 2389 3048 2441 hi
3100 2385 3314 2442 litteris
3358 2386 3430 2441 iis
3468 2386 3726 2456 acceptis

2077 2474 2222 2548 quid
2254 2475 2406 2530 facto
2459 2491 2603 2530 usus
2657 2476 2732 2530 sit
2781 2475 3135 2541 deliberant,
3169 2474 3409 2546 quidam
3460 2474 3724 2544 ipsorum

2078 2567 2337 2621 famulus
2374 2571 2561 2620 totum
2593 2565 2894 2637 negotium
2928 2563 3188 2636 exponit,
3221 2563 3540 2618 ostendens
3570 2579 3725 2617 erro-

2075 2671 2181 2710 nes
2212 2655 2323 2710 hos
2377 2662 2554 2725 atque
2586 2654 2842 2710 advenas
2892 2669 3019 2710 esse
3052 2669 3124 2708 ex
3167 2651 3583 2708 illustrissimis
3614 2651 3722 2704 ho-

2075 2743 2360 2801 minibus.
2396 2746 2596 2814 Itaque
2651 2743 2761 2799 Leo
2794 2759 2894 2799 eos
2934 2759 3069 2798 cum
3113 2742 3398 2798 uxoribus
3431 2746 3488 2794 et
3517 2739 3722 2795 liberis

2069 2835 2269 2891 Nicam
2322 2833 2626 2905 (Oppidum
2688 2837 2777 2888 est
2825 2833 2936 2887 hoc
2994 2831 3373 2900 Macedoniae)
3419 2831 3719 2884 transfert.

2072 2923 2323 2980 Rursum
2341 2928 2543 2994 postea
2557 2925 2868 2978 Persarum
2885 2937 3067 2995 regno
3082 2937 3115 2977 a
3132 2919 3470 2978 Sarracenis
3493 2933 3716 2987 everso,

2073 3013 2200 3084 ejus
2234 3013 2515 3084 temporis
2546 3025 2986 3066 amermumnes
3013 3010 3218 3065 itidem
3253 3009 3466 3064 litteris
3495 3007 3722 3062 Arsaci-

2071 3101 2176 3155 das
2209 3100 2268 3154 in
2318 3099 2658 3155 Macedonia
2707 3097 2984 3172 degentes
3032 3097 3339 3155 revocavit.
3373 3096 3539 3160 Quod
3580 3111 3716 3150 cum

2072 3189 2378 3245 Heraclius
2402 3194 2524 3244 tum
2548 3190 2872 3259 imperator
2892 3187 3402 3259 deprehendisset,
3427 3183 3718 3256 intellige-

317 3280 589 3350 γυναικῶν
637 3277 726 3330 καὶ
766 3275 962 3331 τὲκνων
1019 3277 1213 3340 αὐτοὺς
1245 3275 1560 3347 κατοικίζει.
1614 3279 1746 3335 Εἶτα
1793 3275 1960 3333 πάλιν

2076 3287 2279 3351 retque
2314 3295 2448 3334 eum
2479 3294 2598 3332 non
2629 3277 3043 3333 benevolentia
3073 3275 3398 3348 impulsum
3431 3274 3589 3345 ipsos
3619 3287 3718 3327 ac-

317 3369 416 3432 τῆς
451 3369 667 3441 Περσῶν
701 3363 984 3442 βασιλείας
1027 3368 1128 3422 ὑπὸ
1187 3373 1292 3422 τῶν
1351 3371 1678 3439 Σαρακηνῶν
1726 3367 1958 3442 ἀνατρα-

314 3453 528 3523 πείσης,
590 3453 654 3509 τὰ
717 3453 1074 3528 παραπλήσια
1130 3455 1220 3510 καὶ
1265 3453 1617 3525 ὀτηνικαῦτα
1677 3457 1962 3532 ἀμερμουο

319 3547 460 3614 μνῆς
493 3537 832 3618 διεπράξατο,
868 3543 958 3600 καὶ
991 3545 1276 3622 γράμμασι
1336 3543 1685 3617 μετεκαλεῖτο
1734 3547 1859 3607 τοὺς
1912 3545 1964 3600 ἐν

314 3631 618 3706 Μακεδονίᾳ
655 3637 762 3688 τῶν
821 3633 1161 3711 ’Λρσακιδῶν
1220 3633 1544 3709 ἀπογόνους.
1608 3635 1960 3710 Φωραθέντος

315 3714 373 3773 δὲ
403 3719 492 3773 καὶ
525 3719 716 3776 τούτου
760 3727 856 3776 τοῦ
915 3721 1190 3797 δράματος
1237 3721 1541 3796 Ἡρακλείῳ
1590 3727 1670 3795 τῷ
1725 3721 1962 3798 βασιλεῖ⁹

315 3808 402 3862 καὶ
459 3808 543 3863 ὅτι
592 3809 688 3864 οὐκ
743 3811 926 3885 εὐνοίᾳ
981 3817 1050 3887 τῇ
1083 3813 1220 3887 πρὸς
1273 3811 1469 3872 αὐτοὺς
1523 3811 1558 3881 ἠ
1627 3809 1962 3884 μετάκλησις

316 3895 548 3970 γίνεται,
581 3897 708 3954 ἀλλ’
741 3894 879 3956 ὥστε
910 3897 979 3956 δι’
1017 3901 1191 3956 αὐτῶν
1243 3900 1305 3956 τὸ
1347 3903 1454 3956 τῶν
1516 3899 1816 3975 Ἀρμενίων
1874 3899 1963 3955 καὶ

325 3987 554 4060 Πάρθων
613 3990 768 4063 γένος
834 3992 1076 4062 ὑπήκοον
1165 3991 1430 4066 γενέσθαι,
1514 3989 1590 4054 εἶς
1650 3988 1963 4053 Φιλίππους

318 4073 514 4138 αὑτοὺς
546 4075 667 4151 (μία
699 4073 755 4133 δὲ
787 4079 922 4150 αὓτη
951 4086 1061 4135 τῶν
1119 4078 1504 4137 Μακεδονικῶν
1552 4075 1792 4150 πόλεων)
1845 4101 1964 4152 μετ-

317 4164 532 4234 οικίζει,
567 4169 684 4222 εἶτα
739 4165 904 4222 πάλιν
950 4165 1147 4224 ἐκεῖθεν
1204 4168 1281 4230 εἰς
1342 4168 1813 4243 ⁹Αδριανοῦπολιν.
1861 4167 1967 4225 Εὖ-

317 4249 474 4307 Θέτου
508 4252 563 4309 δὲ
599 4261 698 4310 τοῦ
727 4256 899 4311 τόπου
931 4258 1184 4336 φανέντος
1216 4262 1335 4319 τοῖς
1384 4254 1572 4329 ξένοις,
1627 4257 1701 4320 εἷς
1749 4257 1964 4328 πλῆθος

317 4340 668 4415 κατέστησαν,
702 4345 1009 4426 ἆσῦγχυτον
1067 4348 1128 4402 τὸ
1182 4347 1336 4422 γένος
1376 4345 1759 4422 φυλάσσοντες.
1810 4347 1964 4422 Χρό-

317 4451 434 4494 νοις
467 4427 523 4487 δὲ
555 4433 797 4509 ὕστερον,
830 4436 993 4504 ἡνίκα
1031 4441 1436 4497 Κωνσταντῖνος
1499 4432 1588 4492 σὺν
1638 4434 1847 4511 Εἰρήνῃ
1896 4439 1964 4511 τῇ

325 4520 494 4594 μητρὶ
557 4517 923 4592 ἐϐασίλευσεν,
981 4522 1120 4599 ἀνήρ
1153 4545 1237 4586 τις
1296 4521 1546 4593 Μαίκτης
1577 4520 1844 4598 τοῦνομα,
1887 4523 1965 4587 εἰς

2071 3381 2323 3434 cersere,
2356 3365 2459 3421 sed
2496 3366 2652 3437 quod
2684 3369 2950 3436 speraret
2980 3379 3185 3420 eorum
3211 3379 3391 3434 opera
3420 3377 3481 3416 se
3512 3363 3717 3416 Arme-

2072 3457 2202 3512 nios
2223 3453 2379 3511 984
2395 3471 2568 3527 posse
2593 3457 2650 3509 et
2671 3454 2920 3509 Parthos
2939 3453 3050 3509 sibi
3073 3451 3389 3524 subjicere,
3418 3449 3719 3521 Philippos

2069 3545 2232 3616 (urbs
2265 3553 2323 3600 et
2349 3545 2476 3600 haec
2500 3551 2590 3599 est
2607 3541 2988 3614 Macedoniae)
3009 3559 3111 3598 eos
3135 3545 3518 3614 transportat,
3543 3545 3719 3608 atque

2069 3635 2207 3689 inde
2239 3631 2685 3704 Adrianopolin.
2723 3631 2833 3696 Qui
2865 3633 3028 3687 locus
3077 3647 3210 3686 cum
3247 3630 3393 3702 ipsis
3435 3633 3720 3700 opportu-

2069 3739 2179 3778 nus
2207 3719 2524 3788 videretur,
2558 3726 2850 3776 auxerunt
2879 3719 2959 3774 ibi
2992 3735 3075 3786 se,
3103 3735 3290 3791 genus
3319 3733 3490 3772 suum
3522 3731 3720 3770 secre-

2069 3814 2196 3866 tum
2228 3811 2300 3866 ab
2347 3809 2478 3865 aliis
2531 3816 2854 3864 servantes.
2889 3807 3207 3877 Aliquanto
3255 3812 3388 3877 post
3425 3810 3714 3875 tempore,

2071 3901 2456 3955 Constantino
2483 3914 2616 3954 cum
2650 3902 2838 3952 matre
2883 3896 3054 3951 Irena
3100 3895 3418 3967 imperium
3451 3897 3713 3962 gerente,

2070 3989 2378 4046 Arsacides
2408 3987 2649 4061 quidam
2675 3987 2917 4042 nomine
2949 3985 3184 4040 Maictes
3204 3981 3573 4039 necessitatis
3594 3995 3715 4035 sua:

2071 4095 2248 4136 causa
2278 4077 2484 4150 Cpolin
2517 4077 2694 4145 venit,
2740 4075 3066 4146 inciditque
3115 4073 3178 4129 in
3230 4070 3512 4145 gentilem
3541 4083 3716 4124 suum

2070 4163 2350 4230 Leonem.
2383 4174 2440 4223 et
2489 4166 2885 4224 arctissimam
2936 4179 3071 4220 cum
3103 4179 3170 4218 eo
3225 4159 3546 4217 amicitiam
3575 4174 3718 4212 con-

2073 4259 2271 4316 traxit.
2307 4259 2413 4324 Qui
2449 4273 2574 4313 cum
2604 4257 2797 4329 ipsum
2846 4249 3229 4325 AdrianOpoli
3278 4247 3518 4322 quidem
3550 4247 3719 4304 habi-

2073 4353 2216 4412 tare,
2238 4363 2425 4420 genus
2447 4353 2643 4403 autem
2669 4345 2738 4401 ab
2765 4343 3060 4400 Arsacidis
3079 4343 3317 4398 trahere
3339 4337 3720 4412 intelligeret,

2071 4439 2331 4496 alienum
2356 4436 2544 4492 solum
2568 4433 2773 4507 patria:
2793 4434 2866 4489 ob
2889 4433 2994 4488 viri
3011 4431 3416 4506 prmetantiam
3437 4427 3722 4502 prmtulit,

2071 4543 2370 4597 unamque
2404 4541 2475 4580 ex
2521 4523 2649 4596 ejus
2699 4523 2935 4578 filiabus
2977 4537 3223 4578 uxorem
3274 4519 3458 4576 duxit.
3492 4517 3613 4574 Hoc
3652 4535 3724 4574 ex

317 4605 381 4660 τὸ
412 4611 521 4662 τῶν
553 4607 889 4684 Ἀρσακιδῶν
924 4609 1200 4685 ἀναφέρων
1229 4607 1405 4685 γένος,
1437 4610 1570 4665 κατά
1599 4631 1719 4665 τινα
1778 4610 1964 4686 χρείαν

2076 4617 2350 4688 conjugio
2371 4621 2545 4670 natus
2569 4618 2659 4669 est
2679 4610 2876 4668 Basilii
2897 4617 3086 4683 pater,
3117 4609 3340 4666 viribus
3373 4615 3432 4665 et
3461 4605 3725 4680 corporis

321 4696 493 4768 εἰσῄει
521 4695 597 4760 εἷς
627 4699 727 4766 τὴν
775 4698 1182 4774 βασιλεύουσαν,
1242 4702 1325 4774 [Ρ.
1391 4699 1516 4773 558]
1558 4700 1614 4760 ὅς
1672 4697 1825 4774 ἀνδρὶ
1873 4719 1968 4755 πε-

323 4787 633 4863 ριτυγχάνει
704 4789 946 4868 τυχαίως
1003 4792 1256 4864 ὁμογενεῖ
1317 4788 1510 4846 Λέοντι
1561 4788 1826 4864 τοῦνομα,
1880 4787 1971 4846 καῖ

322 4875 400 4936 εἷς
431 4874 657 4948 ὁμιλίαν
717 4877 868 4949 αὐτῷ
925 4877 1190 4942 καταστὰς
1230 4877 1357 4940 ὅλος
1411 4885 1511 4948 τῆς
1547 4875 1746 4934 τούτου
1784 4877 1968 4945 φιλίας

323 4962 551 5040 ἐγένετο.
587 4967 670 5028 Ὠς
708 4962 766 5020 δὲ
808 4965 1102 5037 κατενόησε
1157 4967 1245 5022 καὶ
1301 4965 1459 5022 αὖτὸν
1519 4971 1617 5022 τοῦ
1672 4973 1779 5022 τῶν
1837 4971 1968 5045 Ἀρ-

320 5051 560 5109 σακιδῶν
587 5051 819 5129 αἵματος
869 5058 1029 5126 εἶναι,
1088 5053 1138 5110 ἒν
1201 5052 1649 5131 Ἀδριανουπόλει
1699 5055 1966 5130 οἰκοῦντα,

2076 4705 2282 4761 habitu
2331 4709 2659 4776 praestans;
2705 4703 2798 4758 cui
2847 4699 3068 4758 nobilis
3111 4700 3384 4772 quaedam
3427 4704 3720 4764 matrona,

2079 4812 2208 4865 quae
2253 4813 2287 4851 a
2334 4812 2546 4868 magno
2594 4793 2982 4849 Constantino
3028 4792 3256 4848 natales
3309 4803 3448 4844 suos
3488 4785 3722 4840 trahere

2079 4883 2448 4945 credebatur.
2508 4883 2692 4938 ﬁliam
2763 4899 2930 4938 suam
3000 4880 3168 4951 longe
3227 4873 3721 4932 formosissimam

2079 4980 2330 5045 nuptum
2379 4972 2639 5030 tradidit.
2691 4973 2793 5026 His
2841 4968 3184 5043 parentibus
3230 4970 3404 5020 natus
3449 4959 3722 5031 Basilius,

2081 5069 2401 5135 antequam
2422 5067 2786 5128 nasceretur,
2810 5059 2998 5114 multa
3018 5055 3226 5111 habuit
3250 5052 3520 5126 potiundi
3543 5050 3728 5120 impe-

1517 5209 1886 5268 XYLANDRI
1923 5215 2010 5269 ET
2045 5215 2265 5272 GOARI
2303 5217 2524 5272 NOTAE.

390 5354 574 5420 Quale
633 5354 927 5426 poculum,
975 5355 1053 5426 sit
1094 5353 1631 5426 hdiscopoterium,
1701 5374 1826 5414 non
1881 5376 1974 5415 as-

318 5442 540 5500 sequar
572 5423 767 5500 certo._
787 5425 938 5492 Quid
970 5425 1048 5500 sit
1079 5423 1460 5496 discus,alibi
1483 5434 1573 5483 est
1593 5427 1972 5500 eXplicatum.

315 5499 388 5552 Et
418 5497 810 5569 polycandela
841 5497 1114 5570 suspicor
1136 5511 1264 5570 esse
1289 5504 1630 5570 corruptam
1653 5497 1724 5554 ex
1743 5499 1977 5556 semila-

317 5565 446 5624 tina
475 5565 699 5638 vocem,
735 5575 801 5625 ut
832 5565 1373 5638 εἰΠὶ-πολυκάνδηλα
1405 5565 1760 5626 candelabra
1817 5573 1977 5627 mul—

317 5645 413 5696 tas
467 5641 826 5713 recipientia
877 5640 1176 5713 candelas.
1235 5643 1358 5706 Qua
1405 5641 1749 5712 conjectura
1803 5644 1976 5700 facile

317 5713 516 5786 patiar
538 5712 771 5770 ﬁrmius
789 5712 1013 5784 aliquid
1025 5713 1345 5769 monstrari
1362 5714 1573 5769 XYL.—
1598 5717 1794 5771 Discus
1810 5733 1976 5787 repo-

2085 5359 2283 5415 nendo
2313 5357 2454 5429 pani
2485 5353 2877 5429 eucharistico
2929 5356 2989 5429 et
3017 5350 3168 5429 calig:
3204 5350 3338 5406 vino
3382 5352 3727 5406 consecrato

2084 5421 2619 5506 recipieéd0,_sun_t
2647 5421 3087 5506 δισκοποτήριον.
3121 5424 3296 5506 ᾷοΑ-ιξ.

2155 5489 2266 5570 (69)
2296 5499 2377 5554 Ex
2422 5489 2690 5570 pluribus
2739 5489 3081 5570 auptpribus
3129 5493 3190 5570 in
3236 5489 3733 5570 Euchplogiqad—

2083 5562 2278 5628 ductis
2309 5562 2530 5647 repono
2559 5562 2974 5647 πολυκάνδῃλᾳ.
3009 5566 3227 5647 Funale
3275 5566 3455 5647 variis
3499 5562 3731 5647 lychnis

2082 5635 2392 5710 ornatum,
2403 5659 2433 5698 e
2455 5641 2718 5714 laqueari
2737 5638 3000 5714 ecclesias
3021 5639 3291 5710 pemdens
3310 5655 3380 5696 ac
3401 5635 3729 5694 luminibus

2085 5732 2216 5771 eam
2245 5720 2430 5771 totam
2461 5710 2787 5769 illustrans.
2824 5710 2996 5767 Gem.
