4130 6218
427 323 576 383 1071

1784 310 2108 374 GEORGII
2149 313 2505 380 CEDRENI

3667 325 3826 384 1073

421 459 496 512 rii
529 457 716 530 signa,
749 460 954 526 estque
986 451 1313 508 liberaliter
1361 448 1663 504 educatus.
1697 448 1820 512 Quo
1871 450 2069 502 autem

2183 447 2458 523 προκρίνει
2487 457 2589 520 τῆς
2623 447 2762 512 ῗδίας
2795 452 2892 520 τήν
2926 450 3223 528 ἀλλοτρίαν
3259 450 3347 508 διὰ
3376 455 3476 525 τήν
3504 475 3601 510 του
3633 453 3832 530 ἀνδρὸς

431 551 696 618 tempore
741 545 990 598 Crumus
1039 539 1426 612 Bulgarorum
1473 537 1775 609 princeps,
1819 534 2074 590 victoriis

428 652 574 706 quas
607 650 642 688 a
669 632 950 687 Romanis
981 633 1381 701 reportaverat
1408 626 1670 690 inﬂatus,
1703 640 1916 696 magna
1947 624 2073 679 col-

429 724 582 778 lecto
643 721 909 776 exercitu
959 718 1387 790 Adrianopolin
1461 715 1717 783 obsedit,
1770 719 2076 784 tractaque

425 809 775 882 aliquandiu
805 809 1138 877 obsidione,
1172 823 1307 863 cum
1339 805 1411 862 ob
1461 823 1556 860 res
1587 803 1878 859 secundas
1909 803 2072 857 insu-

417 899 700 972 perabilis
722 899 1022 954 videretur
1041 914 1236 968 neque
1261 896 1577 967 quisquam
1610 911 1672 948 se
1697 893 1749 948 ei
1774 907 2074 964 opponere

423 989 690 1056 auderet,
725 1005 857 1044 eam
888 985 1242 1042 necessariis
1273 985 1451 1039 rebus
1482 980 1895 1037 deﬁcientibus
1921 979 2070 1036 985

418 1077 722 1134 deditione
749 1077 928 1148 cepit,
971 1091 1298 1146 omnesque
1345 1074 1407 1128 in
1455 1089 1525 1127 ea
1555 1071 1655 1142 qui
1705 1075 1876 1126 erant
1903 1068 2072 1135 urbe,

425 1167 585 1221 inter
612 1183 761 1237 quos
791 1166 972 1221 etiam
998 1163 1308 1222 Manuelus
1337 1162 1450 1217 fuit
1479 1161 1811 1232 episcopus,
1845 1159 1908 1212 in
1940 1157 2075 1211 Bul-

425 1257 649 1327 gariam
691 1255 1040 1326 deportavit,
1086 1253 1290 1308 Basilii
1339 1266 1574 1322 quoque
1623 1252 1899 1320 parentes
1939 1264 2075 1302 cum

422 1345 642 1400 Basilio
690 1345 882 1401 adhuc
936 1343 1195 1398 lactente
1246 1358 1314 1395 eo
1359 1339 1844 1411 commigrarunt.
1889 1336 1976 1391 Ibi
2019 1341 2078 1390 et

418 1433 679 1504 inclytus
701 1433 797 1489 ille
820 1432 1134 1503 episcopus
1159 1436 1215 1488 et
1240 1429 1439 1484 Basilii
1463 1433 1740 1500 parentes
1763 1433 1821 1482 et
1842 1425 2076 1496 reliqua

2182 531 2400 607 ἀρετὴν,
2434 536 2616 591 καὶτὸ
2647 538 2784 610 πρὸς
2841 537 3003 593 αὐτὸν
3062 538 3438 613 ἀσπασάμενος
3483 540 3654 611 κῆδος
3703 541 3829 616 μίαν

2181 625 2288 676 τῶν
2340 622 2504 679 αὐτοῦ
2563 625 2874 702 θυγατέρων
2932 627 3190 702 ἠγάγετο·
3253 629 3302 702 ἐξ
3361 628 3620 686 ὦ·θὸτοῦ
3677 635 3830 686 ἱστο-

2185 713 2450 784 ρουμένου
2480 714 2727 788 προῆλθε
2755 717 2955 790 πατὴρ,
2989 714 3151 792 ῥώμῃ
3201 738 3261 773 τε
3311 716 3578 797 διαφέρων
3625 721 3716 776 καὶ
3763 725 3830 794 τῇ

2183 800 2353 875 λοιπῇ
2383 807 2481 858 τοῦ
2521 805 2774 876 σώματος
2804 802 2966 860 θέσει·
2999 805 3057 860 ὅν
3119 809 3255 883 γυνή
3301 828 3385 869 τις
3438 808 3680 883 εὐγενὴς,
3732 815 3834 878 τῆς

2180 893 2276 942 τοῦ
2326 890 2583 966 Μεγάλου
2642 895 3073 961 Κωνσταναίνου,
3131 893 3206 958 ὥς
3268 917 3419 975 φασι,
3477 898 3830 972 καταγομένη

2182 983 2385 1053 σειρᾶς,
2440 977 2688 1057 γαμϐρὸν
2750 982 2840 1038 ἐπὶ
2895 981 2964 1056 τῇ
3017 981 3128 1053 ἰδίᾳ
3188 983 3372 1057 ἄγεται
3427 986 3650 1060 θυγατρὶ
3705 985 3829 1040 λίαν

2181 1069 2692 1146 εὐπρεπεστάτῃ,έξ
2739 1075 2806 1142 ἧς
2858 1073 3052 1149 ἐτέχθη
3115 1071 3423 1145 Βασίλειος,
3481 1073 3667 1130 πολλά
3723 1076 3832 1148 πρὸ

2179 1165 2281 1227 τῆς
2312 1162 2609 1234 γεννήσεως
2641 1164 2817 1240 φέρων
2847 1163 2914 1218 τά
2941 1169 3040 1232 τῆς
3075 1161 3361 1238 βασιλείας
3405 1159 3680 1238 σύμϐολα.
3738 1166 3836 1220 Ἐκ

2181 1251 2286 1300 τῶν
2344 1249 2610 1304 τοιούτων
2668 1251 3008 1326 γεννητόρων
3094 1251 3398 1328 προαχθεῗς
3457 1255 3484 1308 6
3541 1251 3834 1315 Βασίλειος

2182 1333 2500 1413 ἐλευθερίως
2527 1339 2785 1414 ἀνήγετο.
2847 1341 2998 1397 Ἐπεὶ
3031 1337 3088 1396 δὲ
3137 1346 3397 1415 Κροῦμος
3429 1342 3457 1396 ὁ
3485 1342 3592 1397 τῶν
3653 1341 3832 1399 Βουλ-

2183 1425 2365 1500 γάρων
2399 1425 2606 1502 ἅρχων,
2637 1434 2759 1491 ταῖς
2817 1431 2953 1485 κατά
3006 1429 3296 1503 Ῥωμαίων
3353 1431 3528 1493 νίκαις
3586 1452 3833 1510 πεφυση-

423 1540 559 1579 cum
592 1524 868 1594 episcopo
901 1522 1074 1577 turba
1113 1519 1294 1575 fidem
1340 1519 1400 1573 in
1449 1518 1748 1572 Christum
1779 1517 2071 1571 sinceram

2185 1514 2365 1586 μένος,
2428 1517 2564 1590 μέγα
2623 1515 2986 1592 στρατόπεδον
3047 1519 3266 1594 ἀγείρας
3350 1517 3660 1595 ἐπολιόρκει
3729 1521 3832 1588 τήν

422 1606 861 1680 conservantes,
895 1611 1281 1683 Bulgarorum
1328 1607 1551 1663 multos
1582 1607 1655 1662 ad
1707 1621 1904 1660 veram
1935 1603 2071 1659 reli-

2182 1600 2664 1678 Ἀδριανούπολιν,
2707 1605 2939 1679 μηδενὸς
2967 1612 3129 1681 χεῖρα
3177 1608 3398 1682 ἀττᾶραι
3458 1609 3636 1680 τούτῳ
3691 1606 3832 1662 τολ-

421 1702 684 1774 gionem,
715 1701 874 1772 quod
935 1708 1074 1756 ante
1124 1698 1184 1754 id
1245 1705 1478 1768 tempus
1527 1711 1837 1768 nunquam
1883 1695 2071 1750 fuerat

2187 1695 2396 1764 μῶντος
2424 1692 2781 1769 ἀνυποστάτῳ
2832 1696 3161 1772 τυγχάνοντι
3217 1693 3307 1751 διὰ
3351 1698 3448 1759 τάς
3506 1717 3832 1772 προηγησαο

425 1788 670 1858 factum,
721 1789 1136 1855 traduxerunt,
1189 1787 1530 1860 passimque
1587 1801 1696 1856 per
1742 1783 2071 1856 Bulgariam

2189 1782 2351 1854 μένας
2400 1783 2681 1860 εὐτυχίας,
2739 1785 2942 1860 χρόνον
2999 1790 3068 1860 τῇ
3128 1785 3290 1842 πόλει
3341 1788 3690 1864 περικαθίσας
3748 1787 3832 1861 ἐφ’

427 1880 778 1935 Christianas
805 1878 1088 1934 doctrinm
1121 1877 1350 1948 semina
1389 1875 1687 1946 jecerunt.
1720 1875 1935 1928 Crumo
1964 1871 2071 1927 vita

2184 1871 2367 1926 ἱκανὸν
2403 1871 2687 1949 ὡμολόγει
2707 1873 2911 1946 ταύτην
2945 1871 3033 1928 διὰ
3089 1876 3188 1945 τὴν
3227 1879 3336 1931 τῶν
3393 1877 3693 1950 ἀναγκαίων
3741 1869 3830 1929 ἔν-

425 1967 706 2023 defuncto
753 1967 1040 2022 successit
1084 1965 1436 2037 Chrytagon,
1487 1963 1661 2034 longe
1705 1967 2071 2017 antecessore

2187 1955 2332 2013 δειαν
2363 1963 2833 2035 παραστήσασθαι,
2884 1964 3090 2026 πάντας
3135 1984 3194 2018 τε
3246 1964 3379 2026 τοὺς
3431 1962 3486 2019 ἐν
3533 1963 3692 2037 αὐτῇ,
3748 1965 3833 2025 οἷς

425 2057 742 2111 crudelior.
795 2057 900 2110 Hic
922 2054 1400 2109 animadvertens
1435 2051 1802 2122 Bulgaricam
1842 2055 2071 2120 gentem

2183 2050 2474 2121 ἠριθμεῖτο
2494 2051 2584 2105 καὶ
2617 2053 2645 2106 ὁ
2685 2059 2786 2122 τῆς
2815 2051 3031 2113 πύλεως
3071 2054 3358 2128 ἀρχιερεὺς
3408 2053 3697 2122 Μανουήλ,
3756 2053 3831 2114 εἷς

425 2144 715 2215 paulatim
745 2144 819 2198 ad
848 2143 1364 2198 Christianismum
1397 2139 1748 2208 desciscere,
1773 2139 2078 2193 inflamato

425 2234 499 2288 ob
532 2249 664 2288 eam
696 2249 823 2288 rem
855 2231 1079 2299 animo,
1113 2229 1452 2285 Manuelum
1483 2234 1542 2284 et
1586 2228 1916 2300 pracipuos
1948 2228 2079 2299 ejus

427 2329 620 2384 socios
646 2327 720 2383 ad
751 2344 813 2383 se
845 2332 1048 2392 vocat;
1079 2343 1149 2382 ac
1177 2326 1438 2397 primum
1468 2329 1779 2379 mansueta
1809 2324 2078 2380 oratione

428 2417 638 2472 suadet
655 2421 722 2471 ut
732 2416 1129 2471 Christianam
1145 2414 1325 2469 fidem
1344 2413 1801 2484 deserant,post,
1816 2429 1952 2468 cum
1977 2429 2077 2468 eos

424 2521 621 2576 neque
651 2504 1181 2576 pollicitationibus
1204 2519 1397 2574 neque
1419 2502 1598 2558 minis
1623 2502 1782 2557 flecti
1807 2502 2075 2566 sentiret,

422 2594 638 2649 acerbe
671 2594 1037 2650 excruciatos
1067 2593 1369 2648 interficit.
1406 2593 1524 2647 Hoc
1563 2592 1738 2647 modo
1771 2591 2076 2647 Manuelus

419 2682 710 2753 multique
742 2682 850 2738 sub
901 2699 970 2737 eo
1001 2681 1266 2736 illustres
1316 2680 1537 2751 aliique
1569 2681 1855 2753 sanguine
1879 2679 2074 2751 juncti

417 2788 526 2828 sua
570 2776 761 2827 morte
809 2788 960 2826 vera)
1008 2769 1282 2842 religioni
1334 2769 1743 2824 testimonium
1783 2769 2071 2824 tulerunt.

413 2861 674 2915 Tandem
697 2859 946 2931 reliquis
967 2859 1214 2931 captivis
1241 2861 1396 2914 Deus
1418 2859 1479 2914 in
1504 2858 1756 2930 patriam
1786 2857 2074 2912 redeundi

415 2950 792 3008 occasionem
849 2950 1094 3020 paravit.
1147 2950 1291 3004 Nam
1350 2949 1627 3020 princeps
1687 2948 2072 3021 Bulgarorum

417 3039 636 3110 saapius
667 3038 899 3095 cladem
929 3055 1166 3110 passus,
1187 3055 1320 3094 cum
1336 3039 1465 3110 jam
1490 3037 1644 3093 986
1669 3039 2073 3093 Romanorum

414 3127 636 3184 viribus
687 3129 965 3184 resistere
1016 3129 1312 3198 nequiret,
1365 3144 1573 3198 pacem
1621 3126 1780 3182 bello
1811 3127 2072 3198 praatulit

2185 2136 2526 2214 Βουλγαρίαν
2559 2139 2874 2213 μετέστησε.
2909 2137 3112 2212 Συνέϐη
3167 2141 3300 2213 μετά
3343 2146 3450 2196 τῶν
3498 2141 3685 2196 ἄλλων
3736 2142 3827 2195 καὶ

2179 2226 2309 2289 τοὺς
2341 2232 2439 2284 τοῦ
2473 2229 2764 2286 Βασιλείου
2793 2233 3140 2307 γεννήτορας,
3183 2231 3489 2306 ὖπομάζιον
3540 2230 3702 2286 αὐτὸν
3751 2230 3829 2285 ἔτι

2182 2320 2464 2394 φέροντας,
2497 2319 2572 2381 εἰς
2609 2321 2708 2390 τὴν
2756 2322 3086 2396 Βουλγάρων
3137 2323 3448 2395 ἀπαχθῆναι
3489 2328 3615 2395 γῆν.
3665 2325 3832 2384 Ἔνθα

2181 2405 2344 2468 αὐτός
2377 2429 2436 2462 τε
2466 2408 2495 2462 6
2526 2407 2744 2470 κλεινὸς
2774 2409 3064 2488 ἀρχιερεὺς
3090 2411 3181 2465 καὶ
3205 2411 3256 2464 οἱ
3279 2415 3375 2465 τοῦ
3407 2408 3695 2466 Βασιλείου
3719 2430 3832 2486 γεν-

2181 2498 2408 2571 νήτορες
2437 2497 2527 2552 καὶ
2557 2497 2620 2553 τὸ
2652 2499 2744 2552 σύν
2773 2503 2854 2570 τῷ
2884 2501 3132 2574 ἀρχιερεῖ
3161 2499 3377 2569 πλῆθος
3409 2500 3692 2563 ἀνόθευτον
3725 2501 3830 2569 τήν

2183 2585 2258 2647 εἷς
2287 2587 2517 2662 Χριστὸν
2550 2587 2729 2642 πίστιν
2761 2585 3185 2662 διατηρήσαντες
3217 2587 3471 2652 πολλοὺς
3497 2593 3606 2643 τῶν
3647 2587 3833 2646 Βουλ-

2179 2677 2362 2751 γάρων
2393 2677 2530 2752 πρὸς
2568 2678 2667 2748 τήν
2693 2675 2986 2752 ὀρθόδοξον
3042 2679 3224 2734 πίστιν
3269 2681 3606 2754 μετήγαγον,
3661 2681 3836 2751 μήπω

2177 2769 2277 2818 τοῦ
2307 2759 2495 2830 ἔθνους
2531 2768 2876 2840 μετηγμένου
2915 2768 3054 2842 πρὸς
3110 2761 3435 2836 θεοσέϐειαν,
3478 2769 3565 2823 καὶ
3613 2765 3833 2822 ποΑλαο

2179 2858 2286 2928 χοῦ
2315 2857 2413 2922 τῆς
2447 2855 2827 2932 Βουλγαρικῆς
2881 2863 2986 2928 γῆς
3038 2859 3425 2930 Χριστιανικῆς
3479 2855 3834 2919 διδασκαλίας

2179 2938 2583 3015 κατεϐέϐληντο
2629 2945 2931 3020 σπέρματα.
2994 2945 3168 3002 Ἀλλά
3224 2949 3478 3021 Κροῢμος
3540 2948 3633 3018 μὲν
3690 2942 3829 3026 ἔφθη

2175 3033 2580 3098 καταλύσασθαι
2611 3037 2710 3104 τήν
2745 3037 2912 3107 ζωήν,
2973 3036 3272 3112 Κρυτάγων
3322 3032 3381 3090 δὲ
3409 3038 3438 3091 ὁ
3467 3036 3662 3091 τούτου
3713 3033 3832 3089 διά-

2181 3119 2352 3197 δοχος
2379 3121 2578 3196 πολλῷ
2631 3125 2725 3180 τὸν
2785 3122 3093 3188 ἀπελθόντα
3147 3129 3311 3180 νικῶν
3371 3124 3447 3186 εἷς
3506 3121 3830 3200 θηριωδίαν,

412 3218 790 3288 captivosque
822 3217 1068 3272 dimisit.
1101 3217 1257 3281 Quos
1303 3233 1438 3270 cum
1492 3221 1877 3286 congregatos
1906 3217 2066 3286 jam-

2179 3211 2310 3266 αὐτὸ
2351 3214 2414 3267 τὸ
2472 3213 2766 3288 γινόμενον
2825 3212 2924 3268 οὐκ
2977 3213 3270 3288 ἀγνοήσας,
3324 3213 3413 3268 καὶ
3467 3213 3550 3268 ὅτι
3605 3216 3670 3268 τὸ
3719 3218 3829 3268 τῶν

410 3323 525 3377 que
557 3307 618 3361 in
648 3306 904 3377 patriam
952 3307 1066 3360 iter
1115 3306 1486 3376 ingressuros
1535 3304 2064 3375 contemplaretur,

413 3395 700 3453 Basilium
719 3399 863 3448 tunc
881 3411 951 3447 ex
971 3393 1226 3463 pueritia
1242 3392 1707 3447 adolescentiam
1729 3393 2064 3464 ingressum

414 3481 596 3548 videt,
630 3480 885 3551 eleganti
917 3480 1081 3534 vultu
1126 3480 1444 3550 praeditum
1494 3485 1552 3536 et
1583 3481 1840 3536 suaviter
1872 3481 2066 3540 subri-

415 3569 656 3624 dentem
687 3574 864 3640 atque
895 3569 1464 3624 circumsaltantem.
1500 3571 1646 3625 Eum
1677 3569 1752 3625 ad
1781 3587 1844 3624 se
1877 3577 2064 3641 vocat,

409 3659 806 3731 manibusque
837 3658 1228 3731 apprehendit
1253 3664 1310 3714 et
1341 3659 1665 3727 osculatur,
1701 3676 2065 3732 pomumque

414 3765 566 3804 raraa
588 3747 1016 3822 magnitudinis
1037 3748 1406 3820 donat,quod
1424 3748 1904 3805 adolescentulus
1926 3750 2066 3805 sim-

418 3838 560 3910 plici
590 3838 839 3894 audacia
875 3837 1126 3910 genibus
1174 3838 1462 3910 principis
1519 3838 1784 3894 innitens
1817 3839 2066 3910 accepit,

413 3945 649 3983 morum
709 3927 953 3983 minime
996 3927 1193 3983 fucata
1239 3927 1617 3999 simplicitate
1677 3927 1896 3983 indolis
1945 3945 2066 3984 sum

413 4017 846 4089 ingenuitatem
904 4016 1344 4072 demonstrans.
1404 4017 1606 4086 Itaque
1668 4021 1726 4070 et
1778 4017 2066 4072 miraculo

412 4107 701 4162 attonitus
728 4105 842 4161 fuit
868 4105 1168 4177 princeps,
1203 4110 1262 4159 et
1290 4104 1510 4160 subditi
1544 4104 1886 4160 clanculum
1918 4106 2068 4160 indi-

410 4196 570 4266 gnati
603 4200 762 4261 sunt,
792 4193 895 4249 tali
927 4193 1292 4250 adolescenti
1316 4193 1558 4249 domum
1589 4195 1879 4251 redeundi
1909 4202 2069 4268 pote-

413 4287 625 4335 statem
655 4282 922 4337 concedi.
957 4282 1070 4338 Sed
1118 4285 1341 4347 tamen,
1373 4283 1491 4336 Deo
1543 4283 1821 4352 propitio,
1853 4285 2066 4356 captivi

413 4385 624 4424 omnes
638 4371 884 4426 Romani
909 4371 1242 4426 incolumes
1261 4370 1502 4425 domum
1517 4370 1750 4426 dimissi
1768 4372 2063 4442 abierunt,

412 4456 690 4527 interque
722 4458 831 4512 hos
865 4459 1040 4514 etiam
1075 4460 1275 4514 Basilii
1310 4465 1612 4531 parentes,
1645 4461 2063 4518 charissimum

411 4560 614 4600 secum
644 4544 928 4600 ducentes
963 4547 1152 4600 filium
1182 4563 1376 4602 suum.

2178 3300 2512 3378 Βουλγάρων
2547 3303 2706 3379 γένος
2754 3303 2937 3378 ἠρέμα
2995 3302 3131 3375 πρὸς
3192 3305 3609 3378 Χριστιανισμὸς
3661 3323 3829 3374 μετα-

2177 3391 2420 3466 φέρεται,
2463 3391 2639 3466 θυμοῦ
2669 3389 2895 3466 πλήρης
2925 3393 3265 3463 καθίσταται,
3297 3393 3387 3447 καὶ
3430 3391 3523 3446 τόν
3568 3413 3628 3447 τε
3677 3396 3826 3454 θεῖον

2177 3480 2438 3554 ἀρχιερέα
2493 3481 2759 3551 Μανουήλ
2798 3482 2889 3536 καὶ
2951 3480 3079 3545 τοὺς
3135 3481 3508 3556 ἐξοχωτάτους
3541 3486 3647 3535 τῶν
3697 3481 3828 3555 περὶ

2187 3569 2350 3625 αὐτὸν
2416 3570 2550 3644 μετὰ
2622 3575 2798 3644 θυμοῦ
2858 3571 3342 3647 παραστησάμενος
3427 3575 3642 3646 πρῶτον
3728 3572 3828 3643 μὲν

2177 3659 2361 3730 ἠπίως
2395 3667 2740 3734 μεταστῆσωι
2772 3660 3020 3733 ἐπειρᾶτο
3077 3661 3169 3716 καὶ
3225 3659 3453 3733 ὁμαλῶς
3498 3667 3600 3730 τῆς
3658 3659 3831 3734 ὀρθο-

2179 3747 2336 3820 δόξου
2365 3749 2454 3804 καῖ
2484 3749 2792 3822 ἀμωμήτου
2839 3754 2947 3804 τῶν
3004 3751 3345 3823 Χριστιανῶν
3401 3750 3658 3819 πίστεως,
3707 3748 3828 3804 ἐπεὶ

2179 3837 2236 3894 δὲ
2265 3840 2542 3912 κρείττους
2573 3837 2774 3901 αὐτοὺς
2819 3840 3115 3910 κατενόησε
3170 3838 3260 3894 καὶ
3327 3838 3673 3914 ὑποσχέσεων
3729 3841 3826 3893 καὶ

2178 3927 2443 3998 ἀπειλῶν,
2476 3930 2609 4002 μετὰ
2639 3928 2854 3991 πολλὰς
2882 3930 3062 3993 αἰκίας
3090 3934 3170 4002 τῷ
3201 3927 3291 3984 διὰ
3333 3928 3631 4003 μαρτυρίου
3683 3949 3833 4003 παρ-

2175 4017 2346 4075 έδωκε
2403 4019 2638 4092 θανάτῳ.
2698 4019 2802 4076 Καὶ
2861 4019 3119 4089 Μανουήλ
3183 4019 3277 4091 μὲν
3308 4019 3336 4072 6
3380 4016 3593 4080 κλεινὸς
3632 4017 3831 4092 ἀρχιε-

2179 4110 2299 4183 ρεὺς
2329 4109 2474 4164 οὕτω
2493 4113 2571 4181 τῷ
2603 4106 2693 4164 διὰ
2744 4108 3041 4185 μαρτυρίου
3098 4106 3246 4165 τέλει
3303 4107 3513 4179 συνάμα
3559 4113 3676 4168 τοῖς
3737 4108 3832 4160 ὑπ’

2178 4199 2335 4253 αὐτὸν
2386 4197 2646 4276 ἐμφανέσι
2701 4199 2800 4267 τήν
2854 4198 3046 4252 ἑαυτοῦ
3086 4197 3460 4274 ἐπισφραγίζει
3515 4198 3683 4266 ζωὴν,
3732 4196 3830 4250 καὶ

2175 4284 2425 4347 πολλοὺς
2456 4291 2564 4344 τῶν
2595 4287 2710 4342 καθ’
2741 4287 2881 4359 αἷμα
2914 4282 3105 4355 συνέϐη
3167 4287 3558 4358 προσηκόντων
3613 4291 3830 4360 μαρτυο

2178 4382 2336 4449 ρικῆς
2369 4374 2612 4436 εὐκλείας
2643 4374 2955 4444 ἀξιωθῆντι·
3019 4375 3133 4430 ἐπεὶ
3168 4373 3224 4429 δὲ
3255 4371 3362 4429 ἔδει
3405 4375 3536 4430 ποτὲ
3586 4371 3831 4437 καθόδου

2173 4469 2362 4539 τυχεῖν
2384 4465 2510 4525 τοὺς
2539 4464 3044 4538 ὑπολελειμμένους
3070 4462 3486 4542 αἷχμαλώτους,
3506 4461 3708 4518 ἀνωθεν
3722 4465 3830 4518 τοῦ

2086 4539 2129 4602 ί)
2161 4556 2295 4607 Θεοῦ
2323 4554 2422 4622 τήν
2451 4548 2632 4625 ἔξοδον
2660 4551 2845 4615 αὐτοῖς
2878 4539 3422 4627 πραγματευομένου,
3472 4553 3610 4607 ὁτῶν
3645 4556 3830 4608 Βουλ-

405 4631 587 4707 γάρων
617 4633 862 4708 ἀρχηγὸς
891 4631 1168 4696 πολλάκις
1197 4636 1474 4707 θραυσθεὶς
1507 4635 1596 4690 καὶ
1631 4637 1708 4709 μὴ
1741 4635 2032 4710 δυνάμενος
2063 4640 2152 4696 ἐπὶ
2176 4643 2343 4697 πΛὲοιι
2399 4642 2535 4716 πρὸς
2591 4642 2688 4702 τὰς
2748 4644 3064 4715 Ῥωμαϊκὰς
3134 4640 3388 4713 δυνάμεις
3439 4641 3828 4697 ἀντικαθίστα-

412 4723 533 4776 σθαι
565 4721 789 4797 εἰρήνην
821 4721 938 4776 ἀντὶ
959 4727 1059 4792 τῆς
1094 4724 1284 4796 μάχης
1313 4722 1606 4792 ἀσπάζεται
1664 4724 1753 4778 καὶ
1811 4725 2044 4783 ἀπολύει
2093 4737 2193 4800 τῆς
2251 4727 2644 4805 αἶ’χμαλωσίας
2701 4730 2794 4786 τὸν
2855 4728 3010 4786 λαόν.
3069 4735 3203 4804 Αρτι
3261 4727 3318 4785 δὲ
3375 4730 3829 4802 συναλιζομένιυν

403 4815 513 4866 τῶν
546 4809 946 4886 αἰχμαλώτων.
981 4813 1064 4884 [Ρ.
1100 4814 1226 4886 559]
1254 4811 1345 4866 καὶ
1380 4810 1682 4885 μελλόντον
1714 4811 1822 4884 ἤδη
1866 4816 1998 4890 πρὸς
2028 4818 2094 4874 τὰ
2123 4820 2325 4894 πάτρια
2354 4818 2463 4889 ἢθη
2497 4817 2876 4891 παλικοστεῖν,
2933 4821 3020 4874 καὶ
3053 4820 3080 4874 6
3115 4821 3302 4894 ἅρχων
3344 4819 3548 4894 θεωρός
3602 4817 3829 4892 ἐγένετο

408 4901 516 4952 τῶν
545 4897 946 4974 αἰχμαλώτων,
977 4898 1066 4954 καὶ
1107 4900 1200 4955 τὸν
1266 4897 1434 4955 παῖδα
1489 4898 1724 4956 κατιδὼν
1785 4902 2061 4961 ΒασίΛειον
2120 4905 2228 4976 ἤδη
2288 4908 2388 4975 τήν
2456 4903 2716 4977 παιδικὴν
2775 4905 3232 4981 παραλλάσσοντα
3291 4906 3514 4976 ἡλικίαν
3568 4907 3656 4962 καὶ
3719 4914 3832 4976 τῆς

406 4982 614 5066 ἐφήϐὸυ
671 4988 974 5062 ἀπτόμενον
1032 4989 1169 5064 πρὸς
1228 4990 1414 5045 έαυτὸν
1473 4990 1845 5064 μετεκαλεῖτο,
1909 4992 2212 5068 ἐλευθέριον
2280 4993 2412 5050 ἰδὼν
2483 4994 2752 5071 ένορωντα
2833 4998 2921 5051 καὶ
2999 4986 3186 5072 χαρίεν
3285 4996 3640 5072 ὑπο-γελῶντα
3728 4995 3831 5050 καὶ

407 5076 851 5164 περισκαίροντα,
883 5077 976 5133 καὶ
1035 5078 1199 5155 ἐγγὺς
1252 5080 1595 5154 παραστάνρα
1648 5084 1767 5141 ταῖς
1826 5083 2012 5156 χερσὶν
2069 5083 2306 5156 ἠθέλησε
2355 5091 2647 5164 κατασχνῖν
2710 5085 2802 5140 καὶ
2857 5086 3196 5141 ἀσπάσασθαι
3254 5085 3341 5140 καὶ
3408 5081 3588 5157 μῆλον
3654 5085 3829 5159 ὑπερ·

407 5163 537 5249 Ῡυὶς
578 5165 642 5219 τὸ
695 5164 916 5242 μέγεθος
971 5166 1120 5240 αύτῷ
1178 5171 1500 5240 παρασχεῖν·
1561 5165 1692 5242 ὅπερ
1761 5166 1917 5231 οὗτος
1967 5170 2183 5233 ἀκάκως
2239 5173 2377 5228 πάνυ
2433 5175 2522 5228 καὶ
2557 5163 2889 5249 γθαρῥαλέως
2942 5179 3060 5236 τοῖς
3117 5177 3214 5228 τοῦ
3279 5174 3549 5247 ἄρχοντος
3605 5169 3833 5245 ἒπερει-

406 5248 634 5323 ὃόμενος
665 5254 850 5330 γόνασι
883 5253 1172 5328 διδόμενον
1207 5251 1519 5327 ὑπεδέξατο,
1546 5253 1599 5310 ἐν
1655 5259 1736 5328 τῷ
1800 5253 2064 5332 ἀπλάστῳ
2120 5261 2242 5329 ἤθει
2300 5261 2392 5315 καὶ
2448 5248 2756 5337 ἀπεριέργῳ
2809 5263 2910 5330 τήν
2976 5263 3165 5316 ἑαυτοῦ
3221 5258 3488 5338 εὐγένείαν
3547 5257 3828 5315 ἐνδεικνύ-

407 5357 589 5409 μενος,
623 5341 697 5405 ὡς
728 5341 1070 5420 ἐκπλαγῆναι
1115 5344 1208 5418 μὲν
1263 5345 1352 5400 τὸν
1409 5341 1672 5421 ἄρχοντα,
1731 5344 2049 5420 ἀγανακτεῖν
2112 5345 2169 5403 δὲ
2226 5347 2546 5420 λεληθότως
2602 5351 2729 5413 τοὺς
2777 5350 2867 5404 ὐπ’
2926 5350 3111 5421 αὐτὸν,
3143 5350 3188 5404 εἰ
3217 5354 3465 5410 τοιοῦτος
3518 5347 3594 5402 ὥν
3627 5350 3658 5404 6
3691 5351 3825 5411 νέος

404 5435 750 5516 ξυγχωροῖτο
784 5431 928 5486 οἷ’κοι
986 5431 1350 5491 πολινοστεῖν.
1411 5431 1568 5491 Ἀλλ’
1619 5432 1866 5506 ἀπελύθη
1927 5437 2082 5510 ὅμως
2140 5437 2406 5511 εὐμενείᾳ·
2463 5444 2597 5494 Θεοῦ
2656 5441 2683 5494 ὀ
2745 5438 3111 5516 αΐχμάλωτος
3167 5444 3275 5495 τῶν
3335 5439 3621 5512 Ῥωμαίων
3683 5437 3828 5501 λαὸς

403 5511 636 5605 ἀπαθής,
670 5519 990 5589 συνεξῆλθον
1029 5520 1088 5577 δὲ
1117 5524 1168 5577 οἱ
1199 5529 1297 5579 τοῦ
1330 5522 1620 5582 Βασιλείου
1646 5529 1847 5599 γονεῖς,
1877 5527 1970 5582 τὸν
2001 5526 2257 5604 φίλτατον
2293 5528 2494 5584 ἑαυτῶν
2525 5527 2695 5586 παῖδα
2723 5511 3213 5605 προσεπαγόμενοι.

478 5603 658 5659 Multa
713 5607 987 5664 feruntur
1039 5612 1260 5669 indicia
1305 5614 1486 5670 futuri
1542 5613 1775 5683 imperii
1834 5603 2050 5671 Basilio

2232 5618 2374 5672 Φασὶ
2401 5615 2460 5673 δὲ
2513 5620 2604 5674 καὶ
2662 5603 2854 5676 πολλὰ
2909 5603 3111 5692 σημεῖα
3172 5625 3533 5694 συνενεχθῆνα
3609 5620 3820 5692 τούτῳ,
