4130 6218
363 383 522 443 10³13

1510 387 2057 452 HISTORIARUM
2104 384 2654 449 COMPENDIUM.

3625 399 3777 462 1074

362 519 642 590 γνώριμον
676 520 1011 578 καθιστῶντα
1039 518 1132 572 τὸν
1166 515 1354 593 ἄνδρα,
1387 520 1461 576 ὡς
1491 521 1567 582 εἷς
1592 522 1693 588 τήν
1725 519 1996 595 βασίλειον

2123 518 2330 586 fuisse,
2363 536 2493 590 quae
2543 520 2871 576 omittenda
2918 522 3091 578 nobis
3141 531 3300 595 sunt,
3334 545 3408 583 ne
3462 530 3702 603 longius
3745 551 3778 589 a

365 604 634 682 ἀναχθείη
669 607 975 679 περιωπήν.
1027 604 1209 664 Ἀλλᾶ
1266 607 1332 662 τὰ
1392 610 1494 682 μέα
1552 607 1702 664 ἄλλα
1758 607 2016 683 παριτὲον

360 698 441 765 τῷ
484 693 637 770 λόγῳ
699 694 776 756 ὡς
841 693 1130 766 παρολκὴν
1195 695 1546 769 ἐμποιοῦντα·
1581 694 1687 752 ὅδ’
1743 697 1805 752 ού
1864 696 2018 770 θέμις

361 781 700 859 παραδοῦναι
735 783 880 858 σιγῇ,
912 789 1074 838 τοῦτο
1131 787 1221 839 καὶ
1281 783 1644 861 διηγήσομαι.
1705 787 1906 862 Θέρους
1950 787 2018 855 ἦν

360 873 537 946 ἀκμὴ,
568 871 656 927 καὶ
690 874 742 927 οἱ
772 873 864 928 τόν
898 871 1064 928 παῖδα
1093 874 1472 950 γεγεννηκότες
1524 876 1752 946 ἐξῆλθον
1801 877 1878 938 εἰς
1921 877 2014 932 τὸν

361 961 499 1018 ἴδιον
535 962 725 1039 ἀγρὸν,
758 962 888 1025 τοὺς
921 963 1169 1038 θεριστὰς
1227 966 1363 1038 πρὸς
1419 966 1482 1020 τὸ
1547 959 1702 1041 ἔργον
1762 965 2014 1021 ἐντείνον-

356 1075 463 1115 τες.
501 1052 601 1108 Καὶ
636 1051 787 1108 οὗτοι
821 1053 914 1126 μὲν
945 1055 1080 1122 ἦσαν
1111 1055 1247 1126 πρὸς
1291 1055 1530 1125 τούτοις,
1585 1057 1647 1110 τὸ
1698 1053 1754 1110 δὲ
1795 1054 2014 1111 παιδίον

352 1142 442 1197 ’ίνα
477 1144 552 1215 μὴ
609 1142 713 1197 ὑπὸ
767 1147 865 1198 τοῦ
922 1142 1166 1208 θάλπους
1221 1144 1621 1220 καταφλέγοιτο
1677 1149 1776 1200 τοῦ
1824 1143 2012 1215 ἡλίου,

354 1234 563 1304 σκηνήν
595 1253 714 1286 τινα
741 1230 1127 1307 σχεδιάσαντες
1153 1233 1213 1288 ἐκ
1241 1238 1338 1288 τοῦ
1378 1232 1681 1307 συνδέσμου
1711 1239 1819 1290 τῶν
1852 1235 2013 1289 ἀστα-

359 1323 515 1401 χύων
546 1320 599 1376 ἔν
639 1322 808 1397 ταύτῃ
867 1323 1058 1378 τοῦτον
1114 1325 1590 1398 κοιμηθησόμενον
1641 1320 1840 1393 ἔθεντο,
1898 1325 2013 1398 ἃμα

357 1414 453 1485 μὲν
491 1418 593 1480 τῆς
649 1415 746 1465 τοῦ
804 1411 970 1481 ἡλίου
1026 1412 1232 1487 Θέρμης
1299 1413 1390 1467 τὸν
1447 1413 1696 1468 καύσωνα
1751 1408 2010 1474 ἀϐλαϐῶς

355 1498 592 1564 διελθεῖν
630 1502 1050 1576 μηχανώμενοι,
1103 1503 1217 1574 ἅμα
1277 1499 1334 1556 δε
1386 1503 1473 1556 καὶ
1533 1501 1606 1564 ὠς
1660 1501 2008 1576 ἆπερικόπως

359 1591 645 1664 ὑπνώττῃ,
682 1592 758 1662 μή
795 1591 895 1645 ὑπό
926 1611 1074 1653 τινος
1131 1590 1323 1664 ἔξωθεν
1378 1590 1803 1666 ἐνοχλούμενος.
1856 1591 2009 1650 Ἀλλ’

1023 1679 1270 1757 στίϐάδα,
1328 1685 1403 1747 ὡς
1458 1686 1486 1741 6
1543 1687 1731 1760 καιρὸς
1803 1683 2005 1756 ἐδίδου,

1503 1775 2007 1847 κατακᾶιμήσαντες

356 1681 557 1738 ἐκεῖνοι
649 1683 743 1757 μὲν
827 1685 925 1753 τὴν

355 1771 742 1848 σχεδιάσαντες
844 1772 936 1828 καὶ
1039 1774 1132 1829 τὸν
1233 1772 1399 1830 παῖδα

353 1863 572 1937 ᾣχοντο
638 1863 774 1936 πρὸς
829 1863 893 1918 τὸ
949 1859 1124 1939 ἔργονο
1185 1869 1283 1920 τοῦ
1339 1864 1507 1935 ἡλίου
1569 1863 1624 1920 δὲ
1697 1867 1793 1929 τὰς
1849 1866 2082 1966 ἀκτῖ-Β

349 1972 444 2013 νας
500 1949 816 2030 ἐπαφιέντος
876 1953 957 2024 τῷ
1014 1951 1169 2008 παιδὶ
1228 1954 1318 2008 καὶ
1403 1954 1465 2009 ού
1537 1959 1746 2028 μικρῶς
1824 1955 2004 2028 τούτῳ

351 2038 856 2116 παρενοχλοῦντος,
952 2043 1104 2104 ἀετὸς
1191 2043 1556 2106 έπικαταπτάς
1641 2043 2002 2117 ήπλωμέναις

349 2135 470 2192 ταῖς
531 2129 752 2206 πτέρυξι
811 2131 874 2185 τὸ
951 2129 1169 2186 παιδίον
1255 2131 1512 2202 έσκίαζεν.
1603 2133 1889 2207 ’Λρθείσης
1947 2129 2004 2186 δὲ

347 2219 503 2294 παρὰ
599 2223 706 2274 τῶν
786 2216 1013 2274 ἰδόντων
1087 2223 1289 2294 φωνῆς,
1369 2221 1444 2293 μή
1520 2242 1572 2274 τι
1674 2220 1764 2274 καὶ
1839 2219 2000 2274 πάθοι

346 2309 494 2382 παρὰ
533 2313 633 2363 τοῦ
697 2309 842 2377 ζώου
892 2303 1322 2379 εύλαϐηθὲντων,
1355 2312 1390 2378 ἡ
1427 2311 1614 2384 μήτηρ
1664 2306 1817 2372 εὐθὺς
1868 2307 2003 2382 πρὸς

343 2398 439 2452 τὸν
475 2394 648 2452 παῖδα
677 2394 980 2473 δραμοῦσα,
1035 2397 1108 2458 ὡς
1167 2397 1287 2472 εὗρε
1339 2397 1528 2451 ἐοῦτον
1588 2394 1766 2467 ἡδέως
1818 2394 2004 2459 καθεύ-

349 2482 516 2540 δοντα
547 2483 732 2540 ἰδοῦσα
764 2482 824 2540 δὲ
853 2485 944 2539 καὶ
972 2485 1065 2540 τὸν
1093 2483 1247 2540 ἀετὸν
1296 2489 1376 2557 τῷ
1417 2483 1623 2558 παιδίῳ
1680 2487 1830 2539 σκιὰν
1883 2489 2001 2544 ταῖς

349 2576 1060 2649 πτέρυξιπεριποιούμενον
1115 2575 1202 2629 καὶ
1267 2571 1407 2647 μηδὲ
1464 2577 1602 2649 πρὸς
1650 2575 1750 2642 τήν
1799 2575 2002 2646 ταύτης

349 2664 688 2741 ἐκπλαγέντα
735 2663 1036 2735 έπέλευσιν,
1078 2663 1206 2720 ἀλλ’
1253 2662 1438 2736 ὣσπερ
1483 2664 1572 2719 καὶ
1628 2666 1791 2740 χάριν
1837 2664 2000 2719 ἀπαι-

2128 609 2432 679 proposito
2464 608 2847 666 abducamur.
2883 613 3072 667 Unum
3107 618 3308 671 tamen
3340 622 3645 688 praeterire
3675 640 3782 678 ne-

2129 714 2430 769 quaquam
2463 699 2752 753 convenit.
2786 700 2990 756 Messis
3021 708 3291 774 tempore
3342 713 3621 776 parentes
3653 711 3781 780 ejus

2128 802 2262 840 cum
2295 786 2359 840 in
2392 802 2596 858 agrum
2619 787 2904 856 exissent,
2928 794 2994 843 ut
3018 807 3347 848 messorum
3378 813 3588 867 operas
3615 815 3781 872 urge-

2126 880 2278 941 rent,
2314 874 2618 939 Basilium,
2655 892 2729 931 ne
2763 877 2907 932 solis
2955 885 3102 934 mstu
3133 880 3468 953 lmderetur,
3503 887 3611 942 sub
3648 905 3782 943 um-

2124 963 2369 1020 braculo
2401 963 2658 1034 quodam
2708 981 2776 1020 ex
2821 967 3143 1039 manipulis
3194 971 3390 1027 subito
3435 982 3774 1033 constructo

2124 1059 2537 1125 reposuerunt,
2570 1060 2636 1109 ut
2679 1055 2827 1110 981
2885 1057 3066 1114 simul
3114 1065 3172 1114 et
3222 1077 3257 1116 a
3294 1063 3595 1121 radiorum
3629 1067 3774 1123 solis

2122 1143 2347 1198 fervore
2373 1148 2534 1198 tutus
2566 1151 2722 1199 esset
2746 1150 2805 1200 et
2825 1145 2953 1201 sine
2974 1148 3248 1204 molestia
3269 1151 3574 1224 dormiret,
3604 1156 3773 1212 nulla

2122 1249 2186 1287 re
2235 1232 2709 1300 interturbante;
2743 1234 2976 1306 ipsique
3026 1237 3101 1292 ad
3153 1256 3301 1310 opus
3351 1244 3541 1315 sopito
3587 1262 3770 1316 puero

2122 1322 2546 1380 discesserunt.
2579 1324 2724 1380 Cum
2768 1341 2902 1379 vero
2952 1327 3038 1381 sol
3069 1329 3266 1386 radios
3317 1333 3372 1386 ei
3399 1333 3686 1390 imitteret
3716 1341 3774 1390 et

2120 1429 2239 1467 non
2271 1428 2507 1485 parvam
2539 1413 2779 1468 afferret
2808 1414 3167 1485 molestiam,
3201 1421 3402 1491 aquila
3433 1439 3499 1476 eo
3531 1423 3769 1480 devola-

2118 1504 2198 1558 vit
2230 1508 2287 1558 et
2318 1503 2508 1575 passis
2537 1503 2648 1558 alis
2695 1520 2948 1575 puerum
2997 1506 3388 1564 obumbravit.
3422 1514 3587 1576 Quod
3631 1531 3767 1569 cum

2116 1594 2404 1648 vidissent
2429 1592 2553 1661 alii,
2587 1597 2646 1648 et
2687 1610 2808 1664 pra:
2857 1599 3020 1650 metu
3049 1613 3122 1651 ne
3174 1598 3316 1669 quid
3346 1601 3548 1672 aquila
3577 1619 3760 1673 puero

2117 1683 2258 1738 mali
2290 1683 2511 1738 faceret
2542 1681 2994 1752 exclamassent,
3027 1689 3283 1742 accurrit
3309 1695 3502 1745 mater
3528 1691 3762 1746 videns-

2117 1791 2230 1846 que
2253 1790 2502 1846 puerum
2523 1775 2780 1830 suaviter
2795 1776 3054 1832 dormire
3068 1780 3398 1850 etaquilam
3417 1782 3471 1837 ei
3489 1782 3760 1838 umbram

2116 1864 2250 1919 aliis
2272 1863 2394 1919 suis
2416 1863 2703 1934 praebere,
2726 1880 2919 1935 neque
2938 1866 3125 1938 ipsius
3142 1868 3398 1926 adventu
3421 1871 3762 1939 absterreri,

2115 1952 2217 2008 sed
2249 1953 2417 2024 quasi
2450 1953 2698 2025 gratiam
2729 1969 3057 2025 reposcere,
3092 1957 3153 2012 in
3187 1960 3506 2029 prasentia
3535 1960 3766 2015 divina-

2112 2041 2270 2096 tione
2303 2040 2470 2096 nulla
2517 2042 2590 2096 ad
2642 2043 2896 2097 animum
2941 2045 3266 2113 accidente,
3297 2047 3493 2119 lapide
3542 2065 3576 2103 a
3605 2054 3766 2104 terra

2113 2129 2345 2186 sublato
2400 2129 2662 2200 aquilam
2713 2130 2928 2202 abegit,
2980 2150 3111 2202 qum
3161 2135 3470 2205 paululum
3526 2135 3770 2192 avolans

2112 2219 2374 2291 digressa
2403 2222 2593 2272 matre
2638 2219 2838 2274 statim
2887 2219 3084 2289 rediit,
3118 2227 3176 2276 et
3204 2228 3270 2278 ut
3315 2229 3452 2279 ante
3484 2223 3765 2279 Basilium

2112 2307 2503 2362 obumbravit.
2537 2308 2792 2362 Rursum
2817 2325 2953 2381 ergo
2985 2309 3349 2366 exclamatnr
3377 2329 3410 2367 a
3441 2313 3763 2384 spectanti-

2111 2398 2242 2464 bus,
2271 2402 2576 2466 materque
2607 2413 2922 2452 accurrens
2969 2400 3232 2469 aquilam
3282 2401 3476 2472 lapide
3516 2419 3550 2457 a
3579 2420 3763 2474 puero

2111 2485 2312 2557 abigit,
2347 2501 2534 2556 eaque
2584 2486 2714 2557 ipsa
2762 2485 3026 2558 digressa
3074 2487 3247 2542 redit.
3277 2489 3397 2544 Hoc
3441 2489 3762 2561 aliquoties

2110 2575 2287 2639 facto,
2341 2574 2580 2629 tandem
2629 2573 2893 2629 divinum
2949 2574 3059 2629 hoc
3108 2591 3238 2631 esse
3288 2577 3524 2648 signum
3569 2585 3764 2634 mater

2113 2663 2384 2736 cognovit
2412 2667 2470 2718 et
2499 2679 2570 2718 ex
2599 2663 2912 2734 praeteritis
2941 2663 3142 2720 futura
3171 2664 3425 2737 collegit.

341 2758 569 2816 τοῦντος
600 2752 796 2821 αὐτὴν,
826 2753 963 2807 κατὰ
997 2753 1090 2826 μὲν
1121 2753 1184 2807 τὸ
1215 2752 1512 2827 πρόχειρον
1547 2751 1645 2808 ούκ
1703 2752 1781 2816 εἰς
1831 2755 1951 2806 νοῦν
1999 2745 2208 2806 ἓϐαλλε
2260 2751 2324 2805 τὸ
2379 2751 2726 2823 θεοπρόπιον,
2785 2748 2915 2805 ἀλλ’
2971 2751 3046 2811 ὠς
3104 2753 3226 2828 εἶχε
3283 2751 3434 2808 λίθον
3482 2754 3590 2809 ἀπὸ
3648 2762 3750 2825 τῆς

337 2850 441 2918 γῆς
474 2837 717 2898 λαϐοῦσα
746 2842 838 2896 τὸν
869 2841 1020 2896 ἀετὸν
1053 2839 1340 2900 ἆπεδίωκε.
1377 2843 1469 2899 Καὶ
1530 2843 1688 2904 οὗτος
1756 2842 1851 2915 μὲν
1907 2841 2103 2916 μικρὸν
2163 2839 2400 2910 ἀπέπτη,
2457 2845 2559 2908 τῆς
2615 2836 2672 2894 δὲ
2730 2840 2987 2914 γυναικὸς
3040 2841 3176 2915 πρὸς
3230 2841 3322 2898 τὸν
3381 2839 3549 2919 ἃνδρα
3617 2845 3754 2899 ὑπο-

339 2931 650 3006 στρεψάσης
674 2929 840 2986 πάλιν
897 2937 1076 3006 παρῆν
1111 2931 1139 2985 6
1173 2931 1325 2995 ἆετὸς
1379 2932 1515 2986 κατᾶ
1570 2930 1631 2985 τὸ
1687 2931 1950 3005 πρότερον
2007 2937 2206 3006 σχῆμα
2261 2927 2620 3001 ἡπλωμέναις
2665 2933 2784 2990 ταῖς
2839 2930 3060 3004 πτέρυξι
3113 2932 3176 2986 τὸ
3230 2929 3446 2987 παιδίον
3504 2930 3753 2988 έπισκιάυ

343 3026 471 3090 ζων.
505 3021 606 3077 Καὶ
642 3019 810 3075 πάλιν
838 3019 976 3094 ἦρτο
1007 3021 1161 3099 φωνή
1217 3019 1365 3096 παρὰ
1418 3025 1530 3075 τῶν
1587 3025 1792 3084 θεατῶν
1851 3018 2167 3096 διωλύγιος,
2218 3017 2309 3074 καὶ
2357 3020 2392 3087 ἡ
2446 3019 2631 3093 μήτηρ
2679 3017 2815 3092 πρὸς
2871 3019 2934 3073 τὸ
2991 3017 3231 3089 παιδίον,
3299 3021 3388 3075 καὶ
3449 3019 3588 3094 λίθῳ
3645 3023 3754 3078 πά-

338 3109 428 3164 λιν
461 3109 490 3163 ὁ
543 3107 697 3170 ἀετὸς
753 3103 1221 3182 ἆποσοϐούμενος,
1278 3109 1369 3164 καὶ
1399 3111 1434 3178 ἡ
1464 3116 1566 3178 τῆς
1624 3110 1834 3186 μητρὸς
1892 3109 2028 3184 πρὸς
2083 3107 2213 3169 τοὺς
2253 3105 2651 3184 ἐργαζομένους
2699 3106 3040 3186 ὒποστροφή.
3093 3108 3180 3169 Ὠς
3231 3105 3288 3162 δὲ
3335 3108 3424 3163 καὶ
3470 3111 3590 3182 τρὶς
3652 3112 3755 3165 καὶ

335 3194 610 3258 πολλάκις
650 3203 814 3252 τοῦτο
869 3197 1098 3272 ἐγένετο,

341 3291 451 3340 τῶν
477 3281 870 3361 προλαϐόντων
903 3287 970 3343 τὰ
998 3288 1266 3361 γενόμενα
1294 3286 1534 3364 ὕστερον.

1153 3197 1320 3271 μόλις
1377 3199 1512 3252 ποτε
1567 3197 1912 3268 συναίσθησιν
1970 3199 2069 3252 τοῦ
2127 3195 2271 3261 θείου
2325 3189 2596 3268 λαμϐάνει
2653 3189 2957 3267 συμϐόλου,
3016 3196 3108 3250 καὶ
3172 3201 3592 3270 τεκμηριοῦνται
3650 3195 3743 3254 διὰ

417 3375 712 3455 Ἐπρέφετο
744 3376 924 3432 τοίνυν
958 3374 1047 3430 διὰ
1077 3376 1254 3446 πάσης
1300 3375 1618 3451 ἐπιμελείας
1647 3377 1675 3432 6
1705 3381 1834 3439 παῖς
1881 3375 1986 3430 ὓπὸ

2172 3379 2457 3432 Accurate
2491 3391 2524 3430 a
2577 3375 2923 3447 parentibus
2975 3375 3257 3431 educatus
3306 3377 3580 3448 Basilius,
3613 3394 3750 3434 cum

349 3460 540 3538 μόνοις
570 3471 688 3529 τοῖς
718 3464 964 3543 φύσασινο
1003 3467 1084 3539 [Ρ.
1116 3467 1242 3538 560]
1273 3463 1383 3537 ἢδη
1427 3464 1485 3522 δὲ
1525 3465 1688 3522 αὐτοῦ
1733 3467 1835 3534 τὴν
1882 3469 1992 3520 τῶν

346 3554 636 3608 νεανίσκων
683 3553 1123 3628 παραμείψαντος
1176 3551 1397 3624 ἠλικίαν
1461 3553 1770 3628 μετήλλαξε
1827 3553 1923 3627 μὶν
1963 3555 1991 3608 6

346 3643 529 3716 πατὴρ
549 3643 639 3695 τὸν
671 3642 812 3716 βίον,
845 3643 1048 3717 χηρεία
1079 3640 1136 3698 δὲ
1167 3641 1290 3717 περὶ
1319 3644 1418 3712 τήν
1477 3642 1686 3716 μητέρα
1742 3639 1832 3695 καὶ
1896 3641 1992 3715 ὀρ-

346 3729 505 3809 φανία
535 3731 660 3804 περὶ
691 3731 908 3786 τουτονὶ
937 3731 1029 3787 τὸν
1061 3731 1271 3786 νεανίαν
1303 3731 1392 3785 καὶ
1440 3728 1675 3795 ἐντεῦθεν
1715 3729 1855 3784 ἀνίαι
1901 3729 1992 3784 καὶ

345 3819 559 3893 θλίψεις
593 3819 922 3893 ἀπεφύοντο.
954 3819 1196 3894 Ἐπέῤῥει
1230 3817 1287 3874 δὲ
1323 3821 1413 3875 καὶ
1455 3816 1758 3896 φροντίδων
1800 3818 1989 3891 ἐσμὸς,

334 3915 437 3978 τῆς
497 3909 622 3984 περῖ
679 3909 772 3964 τὸν
833 3910 978 3964 οἶκον
1043 3908 1357 3983 ἐπιμελείας
1414 3909 1504 3964 καὶ
1559 3915 1661 3978 τῆς
1718 3910 1988 3982 μητρικῆς

331 3998 600 4071 προνοίας
630 3996 722 4052 καὶ
761 4000 870 4052 τῶν
897 3993 1149 4069 ἀδελφῶν
1183 3995 1304 4072 ἄρτι
1338 3995 1416 4071 ἐφ’
1439 3997 1626 4050 ἑαυτὸν
1652 3993 1988 4070 ἐξημμένης,

328 4087 591 4162 Ἐπείπερ
626 4088 661 4156 ἡ
691 4084 934 4162 γεωργία
995 4086 1162 4160 μικρά
1214 4105 1298 4146 τις
1339 4083 1624 4160 ἐπικουρία
1670 4080 1847 4139 ἐδόκει
1895 4083 1990 4139 αύ-

330 4178 409 4246 τῷ
440 4175 530 4229 καὶ
567 4174 818 4249 συνεργὸς
849 4174 986 4248 πρὸς
1023 4175 1114 4228 τὸν
1179 4174 1321 4248 βίον,
1367 4171 1684 4247 βουλεύεται
1725 4172 1860 4246 πρὸς
1893 4173 1990 4241 τήν

336 4261 732 4339 βασιλεύουσαν
762 4260 1025 4324 εἶσελθεῖν
1075 4260 1356 4316 κάντεῦθεν
1403 4261 1581 4332 ἑαυτῷ
1626 4281 1686 4316 τε
1742 4261 1831 4315 καὶ
1874 4265 1992 4324 τοῖς

337 4351 628 4430 φιλτάτοις
659 4349 892 4420 ἐπαξίως
923 4351 1236 4422 ποριζεσθαι
1267 4350 1335 4404 τὰ
1383 4346 1594 4406 δέοντα.
1640 4347 1746 4404 Καὶ
1799 4352 1990 4404 τοῦτον

338 4441 436 4512 μὶο
495 4442 645 4514 εἶχεν
677 4441 705 4494 ὁ
746 4441 884 4514 πρὸς
941 4440 1042 4508 τήν
1106 4439 1494 4513 βασιλεύουσαν
1537 4434 1693 4514 ἔρως,
1743 4437 1989 4494 ἀνθεῖλκε

332 4524 389 4582 δὲ
429 4527 518 4581 καὶ
581 4533 830 4602 κατεῖχεν
862 4530 897 4597 ἡ
935 4529 1144 4602 μήτηρ,
1206 4529 1283 4600 μή
1343 4532 1702 4602 συγχωροῦσα
1759 4534 1987 4597 ποιῆσαι

329 4615 393 4667 τὸ
427 4613 853 4687 βουλευόμενον,
887 4615 1031 4671 ἀλλὰ
1080 4616 1404 4691 προσμένειν
1453 4614 1846 4691 παρακαλοῦσα
1896 4616 1986 4670 καὶ

334 4710 722 4782 γηροτροφεῖν,
777 4703 1118 4768 ἆπελθοῦσαν
1178 4703 1234 4760 δὲ
1288 4710 1647 4782 παραπέμψαι
1689 4711 1808 4767 ταῖς
1862 4706 2063 4806 ὲαυ-Ι)

329 4797 428 4847 τοῦ
464 4794 644 4868 χερσὶ,
687 4794 774 4848 καὶ
838 4795 978 4849 οὕτω
1036 4796 1258 4869 πορείαν
1311 4797 1618 4852 στείλασθαι
1677 4799 1778 4865 τήν
1839 4797 1986 4867 αύτῷ

330 4882 690 4954 καταθύμιον.
723 4880 902 4938 Ἀλλᾶ
928 4883 1017 4938 καὶ
1049 4884 1224 4947 οὕτως
1256 4885 1424 4955 αὐτὴν
1458 4885 1691 4960 ἔχουσαν
1748 4883 1982 4941 δυσαπο-

334 4970 584 5033 σπάστως
617 4973 670 5025 αἱ
705 4971 958 5046 βιωτικαὶ
1018 4971 1296 5049 φροντίδες
1347 4973 1726 5030 ἀναπείθουσιν
1774 4974 1982 5029 ἀπολῦ·

329 5081 442 5117 σαι.
477 5061 642 5133 ’Ἄρας
672 5058 763 5114 οῦν
795 5059 855 5114 ἐκ
885 5058 1226 5124 Μακεδονίας
1252 5067 1351 5130 τήν
1388 5061 1646 5138 βατιλίδα
1694 5063 1981 5135 καταλαμ-

331 5143 619 5202 ϐάνει-καὶ
668 5149 732 5202 τὸ
795 5148 990 5220 μεταξῦ
1050 5147 1299 5211 διανύσας
1350 5149 1647 5224 διάστημα,
1704 5153 1791 5206 καὶ
1848 5151 1985 5207 κατὰ

330 5240 428 5299 τὰς
463 5242 682 5309 Χρυσᾶς
715 5236 892 5298 πύλας
921 5245 1023 5307 τῆς
1087 5236 1370 5312 βασιλίδος
1416 5242 1729 5315 γενόμενος,
1772 5241 1861 5295 καὶ
1913 5237 1984 5295 δι’

329 5327 509 5383 αὐτῶν
543 5327 801 5383 εἲσελθὼν
826 5325 934 5397 ἤδη
987 5329 1123 5401 πρὸς
1178 5329 1403 5405 ἑσπέραν
1465 5339 1564 5400 τῆς
1617 5333 1828 5407 ἡμέρας
1885 5330 1980 5387 οῦ-

327 5438 452 5487 σης,
505 5416 555 5469 έν
615 5420 686 5490 τῇ
743 5420 842 5470 τοῦ
901 5417 1059 5490 ἁγίου
1130 5419 1401 5491 μάρτυρος
1461 5417 1774 5494 Διομήδους
1817 5425 1982 5495 μονῇ,

331 5505 467 5560 κατὰ
498 5507 566 5560 τὰ
597 5505 651 5560 ἐν
680 5512 797 5565 τοίς
829 5503 1154 5578 προαυλίοις
1208 5506 1375 5579 βάθρα
1424 5509 1528 5580 ﬁo
1572 5513 1667 5564 τοῦ
1709 5509 1984 5576 πυλῶνος,

331 5597 641 5657 κατάκοπος
666 5591 768 5662 ὤν,
792 5593 1084 5665 άτηπελῶς
1119 5598 1192 5656 ὼς
1222 5593 1411 5670 ἔτυχεν
1453 5596 1741 5673 έπιρῥίψας
1794 5599 1982 5656 ἑαυτὸν

330 5681 646 5739 ἀνεπαύετο.
681 5682 812 5757 Ιίρεὶ
842 5681 1068 5758 πρώτην
1098 5680 1156 5738 δὲ
1185 5682 1433 5759 φυλακην
1487 5692 1586 5755 τῆς
1633 5689 1826 5750 νυκτὸς
1856 5689 1982 5762 ὄναρ

2095 3465 2222 3536 jam
2271 3482 2338 3522 ex
2388 3464 2634 3537 ephebis
2682 3464 3058 3532 excessisset,
3106 3470 3335 3537 patrem
3387 3467 3607 3522 amisit.
3663 3469 3751 3524 Ita

2100 3555 2280 3610 orbus
2310 3554 2410 3610 ille
2441 3558 2628 3625 patre,
2661 3559 2850 3610 matre
2879 3554 3073 3624 vidua,
3101 3554 3258 3610 varie
3289 3555 3561 3611 afflictari
3589 3557 3745 3614 988

2100 3646 2278 3715 coepit
2306 3661 2374 3699 ac
2403 3644 2472 3699 de
2507 3661 2569 3699 re
2601 3643 2878 3698 familiari
2911 3644 3205 3700 sollicitus
3241 3661 3370 3700 esse
3405 3661 3748 3717 quanquam

2098 3732 2161 3786 in
2193 3747 2323 3786 eam
2353 3747 2555 3786 curam
2588 3737 2779 3786 mater
2822 3747 3059 3801 quoque
3092 3737 3149 3785 et
3195 3733 3407 3786 fratres
3440 3732 3750 3788 incumbe-

2097 3821 2259 3876 bant.
2312 3821 2576 3890 Cumque
2635 3819 2697 3874 in
2753 3819 3114 3892 agricultura
3169 3821 3243 3874 ad
3297 3821 3750 3877 sustentandam

2096 3910 2275 3965 vitam
2307 3925 2428 3964 non
2461 3907 2603 3964 satis
2631 3925 2761 3965 esse
2791 3909 3052 3980 praasidii
3084 3913 3339 3980 putaret,
3374 3909 3580 3964 statuit
3611 3913 3754 3981 Cpo-

2097 3999 2181 4053 lin
2211 3997 2506 4070 proﬁcisci
2539 3997 2742 4068 ibique
2789 3996 2900 4052 sibi
2934 4002 2992 4052 et
3040 3997 3163 4052 suis
3193 3995 3267 4051 ad
3319 3996 3497 4052 vitam
3543 4014 3750 4053 neces-

2096 4089 2253 4144 saria
2283 4103 2514 4160 parare.
2551 4088 2668 4142 Hoc
2694 4087 2825 4158 ejus
2847 4085 3110 4140 studium
3148 4085 3512 4158 impediebat
3536 4091 3748 4158 mater,

2095 4195 2338 4234 manere
2387 4192 2591 4232 secum
2644 4180 2704 4230 et
2749 4191 2921 4230 avum
2977 4175 3241 4230 enutrire
3287 4175 3531 4246 jubens,
3583 4181 3642 4231 et
3683 4193 3747 4232 se

2095 4272 2390 4322 mortuam
2424 4265 2546 4321 suis
2576 4264 2853 4320 manibus
2897 4263 3130 4331 efferre,
3165 4268 3341 4334 atque
3392 4264 3472 4319 ita
3503 4263 3746 4321 demum

2093 4355 2384 4427 proﬁcisci
2419 4372 2534 4426 quo
2566 4353 2765 4410 vellet.
2803 4353 2966 4408 Victa
3011 4357 3212 4408 tamen
3261 4353 3388 4408 haec
3433 4354 3562 4425 ejus
3591 4355 3743 4409 reti-

2093 4444 2274 4500 nendi
2318 4443 2609 4515 cupiditas
2662 4448 2749 4496 est
2799 4442 3152 4497 necessitate
3196 4443 3382 4497 victus
3424 4441 3740 4500 tolerandi.

2095 4535 2381 4590 Dimissus
2413 4532 2665 4587 Basilius
2697 4548 2768 4586 ex
2799 4529 3141 4586 Macedonia
3172 4531 3514 4603 Byzantium
3547 4533 3741 4600 venit;

2094 4630 2151 4679 et
2181 4640 2286 4695 per
2316 4629 2567 4676 Auream
2593 4623 2894 4693 ingressus
2923 4625 3154 4691 portam
3179 4620 3274 4676 die
3290 4621 3416 4692 jam
3439 4621 3511 4676 ad
3543 4639 3744 4693 vespe-

2093 4727 2217 4764 ram
2247 4709 2617 4774 inclinata,in
2633 4708 2818 4762 sancti
2840 4707 3117 4778 martyris
3132 4707 3430 4762 Diomedis
3453 4706 3742 4761 vestibulo

2095 4797 2202 4852 sub
2231 4797 2446 4870 gradus
2497 4803 2680 4868 portae
2730 4796 3116 4868 propinquos,
3149 4802 3216 4850 ut
3262 4801 3387 4850 erat
3433 4795 3625 4848 fessus
3667 4794 3740 4849 ab

2094 4887 2324 4954 itinere,
2359 4904 2478 4942 non
2509 4887 2728 4942 refecto
2759 4899 3005 4956 corpore
3038 4900 3164 4938 sese
3213 4883 3428 4954 abjecit
3458 4899 3525 4936 ac
3557 4883 3742 4954 quieti

2093 4976 2275 5032 dedit.
2307 4976 2392 5031 Ibi
2425 4977 2581 5032 circa
2601 4976 2854 5046 primam
2887 4973 3017 5044 ejus
3047 4972 3238 5025 noctis
3259 4971 3514 5043 vigiliam
3543 4989 3742 5028 mona-

2095 5066 2258 5120 sterii
2290 5066 2542 5136 principi
2566 5068 2804 5118 sanctus
2826 5058 3140 5115 Diomedes
3165 5059 3226 5113 in
3250 5060 3473 5114 somnis
3494 5060 3740 5128 assistit,

2085 5152 2306 5223 jubens
2363 5152 2436 5208 ad
2494 5156 2724 5222 portam
2780 5145 2978 5218 egredi
3037 5145 3439 5217 Basiliumque
3499 5147 3739 5204 nomine

2093 5259 2300 5297 vocare
2333 5254 2654 5308 secumque
2703 5238 2764 5290 in
2815 5235 3242 5290 monasterium
3289 5235 3606 5291 adductum
3637 5255 3741 5292 cu--

2093 5347 2263 5386 rare:
2299 5330 2455 5383 hunc
2488 5328 2645 5382 enim
2680 5325 2964 5381 divinitus
3017 5325 3436 5395 imperatorem
3468 5325 3739 5398 designa-

2092 5425 2214 5474 tum
2241 5419 2372 5488 ejus
2387 5414 3204 5471 monasteriiinstauratorem
3230 5413 3741 5486 ampliﬁcatorem-

2093 5524 2205 5579 que
2239 5507 2382 5560 fore.
2406 5503 2724 5560 Monachus
2747 5503 2935 5558 visum
2959 5503 3069 5558 hoc
3093 5503 3266 5557 inane
3289 5509 3453 5559 ratus
3475 5506 3738 5578 nihilque

2091 5600 2354 5651 moratus
2387 5610 2593 5649 somno
2622 5609 2682 5647 se
2713 5608 2952 5646 rursum
2985 5590 3102 5646 dat.
3131 5591 3275 5646 Cum
3309 5598 3507 5648 autem
3541 5594 3736 5653 denuo

2089 5685 2242 5741 989
2293 5684 2450 5740 idem
2506 5682 2870 5738 insomnium
2931 5679 3193 5736 oblatum
3242 5681 3461 5753 ipsum,
3494 5689 3560 5738 ut
3611 5692 3737 5740 erat
