4130 6218
376 344 532 408 1075

1729 335 2050 398 GEORGII
2092 335 2437 402 GEDRENI

3637 345 3803 405 1076

381 479 577 550 segnis
605 483 781 548 atque
831 473 1290 540 somniculosus,
1331 488 1452 527 non
1504 470 1838 536 excitasset,
1874 470 2031 525 videt

2154 475 2220 542 τῷ
2243 478 2345 541 τῆς
2376 480 2553 544 μονῆς
2583 473 2883 548 ἡγουμένῳ
2902 475 2930 529 ὁ
2959 477 3164 550 μάρτυς
3187 475 3461 555 ἐφίσταται
3485 473 3796 549 Διομήδης,

378 569 453 625 ad
511 586 572 623 se
632 566 870 622 tertium
928 563 1132 618 venire
1190 568 1532 633 martyrem.
1565 576 1688 616 non
1748 565 1813 616 ut
1870 561 2033 631 prius

380 657 608 731 placide
633 654 1091 723 istajubentem.
1119 651 1221 706 sed
1245 652 1499 723 graviter
1523 651 1714 705 minas
1748 650 2034 706 adhiben-

377 756 515 810 tem,
540 761 606 798 ac
627 744 739 798 nisi
769 742 1045 797 mandata
1069 741 1585 812 perageretﬁagra
1611 741 2032 795 intentantem.

377 837 460 890 Ita
481 833 720 888 demum
744 832 1068 886 monachus
1083 847 1189 901 per
1211 836 1433 884 metum
1453 845 1663 899 sopore
1687 829 2032 899 ignavisque

377 923 640 978 excussis
671 928 854 992 porta)
885 920 1131 985 assistit,
1165 919 1590 987 Basiliumque,
1625 924 1691 972 ut
1721 923 1847 972 erat
1885 916 2033 971 divi-

377 1014 537 1070 nitus
587 1013 814 1083 jussus,
849 1016 1036 1065 vocat.
1086 1010 1193 1074 Qui
1254 1009 1455 1062 statim
1513 1007 1843 1079 respondit,
1879 1029 1905 1056 κ
1949 1008 2034 1062 En

377 1107 608 1167 adsum,
670 1103 918 1158 Domine
971 1119 983 1157 :
1045 1101 1185 1172 quid
1244 1101 1492 1155 mandas
1565 1117 1731 1154 servo
1789 1105 1888 1154 tuo
1931 1099 1958 1153 ?
2004 1119 2033 1148 ››

377 1196 695 1250 Monachus
725 1210 860 1248 eum
893 1193 954 1246 in
985 1191 1412 1246 monasterium
1444 1191 1789 1258 introducit,
1825 1190 2032 1243 huma~

376 1285 622 1340 nissime
646 1288 878 1349 tractat,
897 1281 1056 1335 omni
1084 1295 1222 1335 cura
1245 1279 1792 1349 reficit.Stipulatus
1818 1277 2034 1332 deinde

379 1390 661 1429 arcanum
720 1388 856 1426 eum
907 1371 1018 1424 sibi
1058 1370 1358 1424 occultum
1409 1375 1777 1423 servaturum
1837 1383 2033 1436 neque

382 1463 813 1532 evulgaturum,
890 1458 1169 1530 martyris
1239 1458 1580 1513 vaticinium
1652 1460 1919 1528 exponit,
1979 1460 2037 1510 et

383 1553 710 1608 obtestatur
755 1557 820 1604 ut
878 1551 1037 1604 exitu
1083 1550 1192 1603 hoc
1250 1549 1672 1620 comprobante
1724 1550 1814 1604 sui
1858 1558 2035 1621 atque

385 1641 732 1696 monasterii
763 1640 901 1694 velit
935 1639 1309 1694 meminisse.
1343 1640 1486 1694 Cum
1539 1639 1785 1694 Basilius
1816 1641 1942 1694 haec
1973 1645 2038 1695 ut

383 1749 444 1787 se
504 1732 678 1802 longe
737 1729 1043 1800 superiora
1101 1735 1492 1794 aversaretur,
1544 1728 1722 1798 idque
1776 1730 2037 1800 potiusa

382 1821 672 1876 monacho
703 1817 1116 1890 postularetut
1142 1817 1399 1887 aliquem
1426 1817 1742 1872 illustrium
1780 1821 2038 1873 virorum

381 1912 690 1965 dominum
722 1909 833 1964 sibi
865 1907 1232 1970 conciliaret,
1267 1907 1631 1977 perlibenter
1662 1907 1812 1962 hanc
1845 1909 1896 1961 ei
1931 1907 2030 1962 ille

379 2002 615 2056 navavit
661 2015 927 2069 operam,
978 2003 1037 2052 et
1087 1997 1368 2052 Basilium
1429 1997 1751 2066 Theophila
1804 1999 1952 2068 {erat
1983 1998 2032 2052 is

379 2089 644 2144 Michaeli
674 2087 1048 2158 imperatoris
1071 2091 1128 2140 et
1152 2085 1350 2139 Bardas
1374 2085 1621 2139 Caesaris
1644 2092 2034 2156 cognatus,at«-

382 2193 497 2249 que
520 2177 592 2232 ob
611 2181 850 2231 staturae
873 2175 1270 2229 humilitatem
1289 2173 1720 2244 Theophilitzes
1741 2175 2035 2230 diminuto

380 2266 665 2322 vocabulo
695 2263 1146 2336 appellabatur),
1180 2263 1281 2334 qui
1313 2263 1425 2316 isto
1469 2264 1832 2318 monasterio
1862 2263 2035 2318 iami-

380 2357 611 2411 liariter
638 2354 933 2418 utebatur,
967 2353 1420 2407 commendavit.
1455 2352 1694 2408 Solebat
1724 2353 1818 2407 hic
1850 2355 2038 2409 Theo-

381 2444 660 2517 philitzes
673 2443 1454 2514 sempergenerosos,forma
1471 2442 1727 2514 eleganti
1743 2443 2040 2497 etfortitu-

384 2536 520 2590 dine
544 2538 892 2606 praestantes
913 2532 1024 2588 sibi
1048 2548 1317 2602 quaarere
1338 2531 1494 2586 990
1513 2532 1792 2597 famulos,
1819 2547 2036 2602 eosque

385 2625 590 2681 sericis
616 2624 874 2679 vestibus
917 2623 1153 2693 alioque
1202 2622 1408 2677 habitu
1459 2637 1768 2678 exornare.
1803 2622 1903 2676 His
1946 2623 2036 2676 in-

391 2721 612 2772 sertum
643 2713 947 2781 Basilium,
981 2729 1118 2767 cum
1163 2710 1386 2766 videret
1433 2712 1617 2766 animi
1649 2712 2037 2782 corporisque

384 2803 732 2860 fortitudine
759 2801 1013 2872 reliquis
1057 2799 1378 2856 admodum
1426 2799 1804 2864 antecellere,
1837 2806 2041 2871 proto-

385 2899 700 2948 stratorem
732 2906 869 2946 eum
895 2894 1075 2944 creat.
1108 2889 1177 2945 Et
1209 2889 1460 2944 Basilius
1491 2905 1726 2960 semper
1757 2889 1830 2944 ad
1861 2905 2037 2961 supe-

384 2986 546 3040 riora
576 2983 825 3039 tendens
847 2983 907 3038 in
933 2981 1058 3036 dies
1086 2982 1175 3037 sui
1209 2997 1474 3036 amorem
1499 2983 1560 3036 in
1586 2982 1787 3037 animo
1813 2981 2036 3036 domini

389 3076 571 3144 auxit,
605 3075 814 3145 suique
841 3071 1296 3128 admirationem
1327 3071 1644 3126 virtutibus
1673 3070 1796 3125 suis
1829 3071 2040 3124 excita-

386 3167 516 3220 vit:
551 3180 690 3220 nam
747 3169 806 3219 et
853 3179 1036 3219 manu
1085 3167 1212 3216 erat
1263 3167 1574 3232 promptus
1623 3165 1681 3215 et
1735 3159 2040 3216 animosus
2073 3199 2116 3268 Ο

391 3262 568 3327 atque
618 3255 692 3309 ad
740 3254 961 3324 quasvis
1009 3251 1287 3306 mandata
1337 3249 1714 3320 exsequenda
1771 3249 1932 3304 celer
1975 3265 2041 3302 ac

392 3347 666 3401 idoneus.

2141 558 2379 617 κελεύων
2411 561 2640 636 ἐξελθεῖν
2681 563 2756 626 είς
2783 565 2875 619 τὸν
2902 571 3005 634 τῆς
3051 571 3224 638 μονῆς
3253 563 3483 620 πυλῶνα
3526 566 3614 620 καὶ
3674 565 3802 620 ὀνο-

2148 651 2307 722 μαστὶ
2341 651 2564 707 καλέσαι
2599 653 2910 723 Βασίλειον,
2957 655 3044 708 καὶ
3107 655 3200 709 τὸν
3257 654 3635 709 ὑπακούσαντα
3685 654 3801 708 ἐσ-

2144 747 2362 815 αγαγεῖν
2397 741 2472 804 εἰς
2504 743 2567 797 τὸ
2628 744 2996 816 μοναστήριον
3056 743 3145 798 καὶ
3186 743 3501 817 ἐπιμελείας
3545 745 3798 813 ἀξιῶσαι·

2143 833 2501 906 κεχρισμένον
2540 835 2642 907 γὰρ
2702 834 2840 888 εἶναι
2897 838 3088 889 τοῦτον
3152 833 3378 909 βασιλέα
3434 837 3582 909 παρὰ
3637 841 3801 906 Θεοῦ,

2144 920 2234 974 καὶ
2272 923 2434 976 αὑτὸν
2470 921 2696 995 μέλλειν
2755 924 2829 984 εἰς
2892 921 3259 998 ἀνοικοδομήν
3319 926 3408 978 καὶ
3441 921 3660 995 αὔξησιν
3690 932 3798 992 τῆς

2144 1009 2424 1082 παρούσης
2464 1009 2707 1085 γενέσθαι
2739 1017 2932 1082 μονῆς.
2975 1017 3036 1068 'U
3083 1010 3139 1067 δὲ
3186 1011 3598 1087 καθηγούμενος
3649 1016 3800 1092 φάν-

2146 1121 2326 1171 τασμα
2381 1101 2443 1155 τὸ
2513 1101 2694 1155 θεαθὲν
2772 1100 2908 1155 εἶναι
2969 1099 3437 1174 ὑπολογισάμενος
3510 1101 3560 1156 ἐν
3617 1099 3802 1158 οὐδενῖ

2147 1188 2299 1262 λόγῳ
2327 1191 2392 1244 τὰ
2423 1187 2732 1257 λαληθέντα
2761 1189 3083 1258 ἐποιήσατο,
3115 1189 3262 1246 ἀλλὰ
3291 1191 3457 1247 πάλιν
3501 1192 3686 1246 ἑαυτὸν
3719 1196 3806 1263 τῷ

2145 1279 2294 1332 {invni
2353 1275 2696 1336 ἐπεδεδώκει.
2758 1281 2842 1336 Τὰ
2899 1279 3066 1352 ὅμοια
3106 1278 3164 1334 δὲ
3219 1279 3384 1335 πάλιν
3447 1278 3505 1335 ἐκ
3544 1278 3800 1355 δευτέρου

2145 1367 2495 1439 θεασάμενος,
2556 1367 2671 1424 ἐπεὶ
2743 1369 2818 1439 μὴ
2878 1367 3120 1445 ἀνέφερε,
3188 1372 3369 1440 νωθής
3437 1390 3519 1430 τις
3573 1367 3648 1424 ὢν
3707 1370 3800 1424 καὶ

2147 1454 2425 1524 ὑπνώδης,
2457 1456 2515 1511 ἐκ
2541 1458 2727 1531 τρίτου
2763 1455 2954 1531 βλέπει
3003 1458 3092 1512 τὸν
3141 1459 3386 1532 μάρτυρα
3439 1458 3614 1514 οὐκέθ’
3657 1458 3801 1528 ἡσύ-

2147 1566 2265 1623 χως
2322 1545 2412 1600 καὶ
2475 1549 2663 1619 πράως
2716 1547 3249 1620 παρακελευόμενον,
3307 1546 3454 1604 ἀλλὰ
3526 1548 3616 1604 καὶ
3675 1547 3800 1603 λίαν

2149 1632 2396 1712 σφοδρῶς
2426 1633 2757 1690 ἀπειλοῦντα
2789 1635 2876 1690 καὶ
2930 1636 3192 1710 μάστιγας
3241 1641 3323 1708 τῷ
3370 1633 3548 1692 δοκεῖν
3600 1636 3800 1713 ἐπιφέ-

2149 1746 2328 1800 ροντα,
2381 1726 2426 1782 εἰ
2491 1729 2566 1800 μή
2624 1727 2815 1781 θᾶττον
2877 1727 3206 1802 ὑπηρετήσει
3276 1734 3393 1788 τοῖς
3451 1727 3800 1803 λεγομένοις.

2146 1817 2191 1838 γε
2319 1813 2361 1835 Μ
2423 1815 2451 1835 τι
2515 1812 2540 1833 ν’
3071 1818 3084 1834 ι
3241 1817 3254 1836 ς
3349 1819 3360 1831 ι
3662 1818 3676 1832 ς

2156 1815 2284 1870 Ιύτε
2315 1833 2342 1869 ο
2391 1836 2481 1870 ουν
2515 1811 2758 1870 εμςοοϐοε
2791 1813 3120 1870 διυπνισίιεις
3167 1837 3257 1870 και
3308 1839 3401 1870 τον
3457 1818 3612 1870 ὂκνον
3659 1840 3676 1870 ε

2072 1840 2113 1904 Β
2146 1818 2284 1872 Τότε
2315 1818 2361 1869 δ’
2391 1818 2481 1872 οὖν
2515 1818 2758 1894 ἔμφοῦος
2791 1818 3120 1880 διυπνισῡεὶς
3167 1818 3257 1873 καὶ
3308 1819 3401 1872 τὸν
3457 1818 3612 1874 ὂκνον
3659 1818 3803 1874 ἐκτι-

2146 1905 2439 1976 ναξάμενος
2469 1909 2548 1976 τῷ
2602 1903 2815 1960 πυλῶνι
2883 1905 3180 1983 ἐφίσταται,
3229 1909 3316 1962 καὶ
3363 1908 3498 1962 κατὰ
3538 1908 3602 1962 τὸ
3655 1913 3801 1970 θεῖον

2149 1994 2470 2066 πρόσταγμα
2502 1993 2706 2050 ἐκάλει·
2743 1991 3012 2050 Βασίλειε.
3046 1994 3153 2051 Καὶ
3194 1994 3252 2056 ὅς
3287 1996 3460 2058 εὐθύς·
3497 1993 3636 2052 Ἰδοὺ
3668 1996 3802 2072 ἐγὼ,

2151 2084 2322 2156 κύριε·
2357 2083 2408 2138 τί
2447 2085 2808 2158 προστάσσεις
2845 2088 2924 2155 τῷ
2958 2080 3146 2152 δούλῳ
3175 2106 3274 2139 σου
3309 2105 3323 2153 ;
3360 2083 3504 2142 Εῗσω
3535 2083 3592 2140 δὲ
3639 2085 3805 2142 αὐτὸν

2149 2179 2248 2241 τῆς
2288 2180 2454 2245 μονῆς
2488 2173 2791 2250 εἰσαγαγὼν
2827 2169 3054 2244 δεούσης
3101 2195 3160 2229 τε
3211 2173 3492 2250 θεραπείας
3547 2175 3637 2229 καὶ
3690 2175 3807 2232 ἑπι-

2157 2259 2378 2334 μελείας
2411 2261 2611 2331 ἠξίωσε
2660 2263 2748 2318 καὶ
2797 2263 2975 2333 πάσης
3037 2261 3306 2335 μετέδωκε
3364 2261 3807 2340 φιλοφροσύνης.

2154 2349 2268 2406 Εἶτ’
2301 2349 2586 2424 ἔχεμυθεῖν
2621 2350 3062 2425 ἆσφαλίσάμενος
3097 2353 3186 2407 καὶ
3232 2354 3308 2425 μὴ
3371 2351 3635 2408 ἔκπυστον
3667 2355 3809 2427 πρός

2149 2460 2266 2496 τινα
2298 2441 2500 2509 θέσθαι,
2532 2439 2680 2496 ἀλλὰ
2739 2443 2865 2516 παρ’
2925 2442 3098 2513 ἑαυτῷ
3147 2440 3436 2518 φυλάττειν
3475 2443 3536 2498 τὸ
3593 2445 3808 2516 μυστή-

2154 2550 2268 2604 ριον
2297 2549 2695 2603 παρεγγυήσας,
2760 2530 2863 2599 τήν
2917 2535 3015 2585 τοῦ
3077 2532 3348 2604 μάρτυρος
3406 2531 3551 2603 αὐτῷ
3608 2533 3804 2612 ἐφανέ-

2155 2639 2294 2694 ρωσε
2324 2618 2654 2693 πρόῤῥησιν,
2692 2617 2783 2673 καὶ
2844 2620 2980 2692 μετὰ
3016 2621 3114 2688 τήν
3175 2616 3394 2676 ἔκϐασιν
3449 2625 3558 2675 τῶν
3618 2637 3802 2698 πραγ-

2157 2709 2340 2783 μάτων
2373 2709 2566 2764 εαυτοῦ
2597 2729 2656 2763 τε
2684 2707 2775 2764 καὶ
2805 2715 2908 2777 τῆς
2940 2716 3108 2781 μονῆς
3153 2711 3460 2784 μεμνῆσθαι
3507 2707 3804 2770 ἐδυσώπει.

2154 2800 2240 2872 [Ρ.
2275 2799 2400 2870 561]
2433 2800 2544 2854 Τοῦ
2576 2794 2632 2852 δὲ
2663 2797 2736 2858 ὡς
2771 2797 2903 2872 ὑπὲρ
2935 2797 3123 2853 ἑαυτὸν
3169 2799 3232 2854 τὸ
3283 2803 3508 2873 πρᾶγμα
3545 2799 3808 2854 ἀποσειο-

2157 2887 2339 2961 μένου,
2369 2887 2458 2942 καὶ
2499 2883 2714 2960 μᾶλλον
2738 2885 3013 2958 ἀξιοῦντος
3063 2887 3157 2942 τὸν
3209 2887 3517 2964 ἡγούμενον
3569 2887 3810 2944 εἰσοικι-

2154 2976 2345 3046 σθῆναί
2374 2996 2482 3030 τινι
2505 2981 2614 3032 τῶν
2647 2975 3057 3053 ἐμφανεστέρων
3091 2975 3166 3038 εἷς
3199 2973 3472 3049 δουλείαν,
3513 2977 3800 3041 ἀσπασίως

2153 3066 2339 3122 ἐαυτὸν
2381 3065 2456 3127 εἰς
2523 3069 2714 3120 τοῦτον
2775 3061 3066 3121 ἐκδέδωκεν
3099 3067 3126 3120 ὁ
3157 3064 3486 3140 ἡγούμενος,
3535 3067 3624 3120 καὶ
3680 3066 3803 3122 ἐπεὶ

2155 3156 2404 3224 συνήθως
2436 3154 2556 3228 εἶχε
2596 3157 2732 3226 πρὸς
2785 3155 2887 3221 τήν
2927 3152 3185 3224 τοιαύτην
3231 3155 3404 3230 μον-ἡν
3437 3155 3464 3210 ὁ
3495 3159 3592 3210 τοῦ
3644 3156 3809 3229 βασι-

2156 3244 2295 3307 λέως
2329 3242 2562 3321 Μιχαὴλ
2593 3243 2683 3298 καὶ
2712 3246 2809 3296 τοῦ
2841 3240 3019 3314 Βάρδα
3075 3246 3171 3297 τοῦ
3222 3242 3489 3316 Καίσαρος
3536 3245 3808 3318 συγγενὴς

2155 3330 2444 3408 Θεόφιλος,
2477 3332 2536 3386 δν
2570 3331 3028 3406 ὑποκοριζόμενοι
3062 3327 3151 3385 διὰ
3187 3333 3250 3385 τὸ
3283 3331 3476 3405 μικρὸν
3514 3338 3614 3400 τῆς
3669 3331 3804 3400 ἡλι-

393 3434 513 3495 κίας
542 3429 903 3506 Θεοφιλίτζην
931 3426 1180 3498 ἐκάλουν,
1213 3427 1392 3498 τούτῳ
1424 3425 1713 3497 συνέστησε
1749 3427 1840 3481 τὸν
1901 3422 2188 3482 Βασίλειον
2252 3421 2333 3475 ἀεὶ
2393 3417 2638 3489 σπουδὴν
2700 3413 2890 3499 ἔχοντι
2945 3421 3228 3496 γενναίους
3280 3421 3370 3476 καί
3428 3418 3652 3482 εὐειδεῖς
3711 3421 3806 3476 καὶ

397 3522 479 3576 ἐπ’
545 3517 734 3594 ἀνδρίᾳ
799 3512 1127 3588 διαϐοήτους
1178 3523 1469 3586 κεκτῆσθαι
1527 3516 1652 3592 περὶ
1709 3515 1868 3571 αὐτὸν
1931 3513 2223 3588 ὑπηρένας·
2281 3511 2564 3576 τοιούτους
2621 3511 2724 3586 γὰρ
2784 3507 3224 3585 προσλαμϐάνων
3283 3516 3545 3586 Σηρικαῖς
3597 3531 3654 3566 τε
3716 3512 3804 3567 εύ-

399 3610 492 3674 θὺς
565 3607 785 3681 ἐκόσμει
858 3607 1048 3675 ἓσθῆσι
1123 3605 1214 3660 καὶ
1287 3609 1356 3679 τῇ
1432 3603 1580 3680 ἄλλῃ
1684 3605 1993 3680 καταςτολῇ
2096 3601 2409 3679 διαπρεπῶς
2509 3601 2943 3675 κατελάμπρυνε.
3046 3600 3279 3665 Τούτοις
3377 3599 3807 3676 ἐγκαταλεγέντα

383 3699 476 3754 τὸν
551 3694 836 3753 Βασίλειον
911 3697 1010 3750 παὶ
1084 3695 1220 3750 κατᾶ
1293 3694 1438 3750 πολὺ
1512 3691 1778 3773 προῦχειν
1849 3687 1958 3749 τῶν
2037 3690 2224 3748 ἄλλων
2301 3689 2566 3746 δοκοῦντα
2602 3690 2740 3745 κατὰ
2775 3691 2876 3758 τήν
2953 3691 3272 3763 σωματικὴν
3314 3690 3506 3765 ῥώμην
3561 3690 3651 3746 καὶ
3692 3693 3800 3763 ψυ-

385 3789 555 3863 χικὴν
631 3784 848 3862 ἀνδρίαν
926 3784 1402 3862 πρωτοστράτωρα
1477 3789 1669 3840 τοῦτον
1743 3779 2140 3858 προϐάλλεται.
2202 3779 2312 3838 Ἀεὶ
2371 3777 2428 3836 δὲ
2499 3785 2616 3842 τοῖς
2691 3775 2998 3854 ἔμπροσθεν
3073 3777 3508 3854 ἐπεκτεινόμενος
3580 3780 3798 3854 ἡμέραν

386 3879 436 3948 ἐξ
538 3879 750 3954 ἡμέρας
849 3875 936 3930 ἐπὶ
1010 3873 1178 3931 πλέον
1253 3877 1508 3952 ἠγαπᾶτο
1583 3875 1730 3950 παρὰ
1800 3879 1898 3929 τοῦ
1973 3871 2262 3946 Θεοφίλου,
2337 3869 2429 3925 καὶ
2505 3869 2592 3924 ἐπὶ
2665 3874 2784 3931 τοῖς
2860 3869 3082 3930 οἰκείοις
3157 3871 3563 3943 προτερήμασιν
3638 3870 3800 3926 ἐθαυ-

391 3967 608 4041 μάζετο·
641 3969 706 4038 ἦν
738 3967 842 4045 γὰρ
873 3965 1007 4022 κατὰ
1036 3986 1094 4020 τε
1142 3965 1303 4040 χεῖρα
1361 3969 1608 4039 γενναῖος
1673 3963 1763 4018 καὶ
1830 3962 1967 4018 κατὰ
2023 3961 2208 4036 ψυχὴν
2272 3956 2576 4036 θαῤῥαλέος
2631 3957 2721 4013 καὶ
2780 3959 2920 4033 πρὸς
2979 3962 3081 4012 πᾶν
3136 3959 3199 4013 τὸ
3251 3957 3612 4033 κελευόμενον
3676 3960 3806 4030 ὀξύς

387 4077 447 4112 τε
474 4059 563 4112 καὶ
600 4055 928 4126 ἐπιτήδειος.

459 4148 703 4202 Interim
737 4151 927 4202 mater
980 4147 1131 4218 ejus,
1165 4144 1462 4215 quomodo
1493 4144 1608 4198 iter
1653 4142 1775 4196 filio
1809 4155 2046 4196 succes-

388 4237 564 4290 sisset
593 4241 650 4288 et
681 4251 859 4304 quem
890 4234 1164 4289 laborum
1198 4232 1377 4287 ﬁnem
1407 4232 1650 4286 sortitus
1685 4235 1862 4294 esset,
1893 4229 2044 4282 scire

388 4323 758 4388 desiderans,
792 4324 934 4379 dum
965 4323 1148 4377 animi
1195 4323 1454 4393 angitur,
1489 4319 1784 4376 insomnis
1833 4318 2045 4388 imagi-

386 4417 564 4469 natur
591 4413 789 4468 videre
824 4430 885 4468 se
919 4415 980 4468 in
1012 4413 1144 4468 aula
1196 4429 1302 4468 sua
1335 4427 1610 4485 magnam
1644 4411 1908 4482 plantam
1941 4425 2046 4463 cu-

388 4517 594 4574 presso
653 4501 1000 4568 assimilem,
1053 4517 1230 4558 aureo
1290 4507 1524 4566 trunco,
1584 4499 1766 4557 ramis
1823 4499 2042 4563 aureis,

2232 4137 2392 4192 Καὶὸ
2427 4137 2519 4209 μὶν
2549 4135 2838 4198 Βασίλειος
2879 4138 2946 4204 ἦν
3005 4134 3057 4189 ἐν
3115 4134 3348 4206 τούτοις,
3410 4138 3442 4205 ἡ
3501 4135 3560 4190 δὶ
3616 4139 3814 4212 μήτηρ

2161 4225 2326 4281 αὐτοῦ
2356 4224 2614 4302 ἐγλίχετο
2651 4225 2843 4297 μαθεῖν
2875 4228 2991 4285 πῶς
3035 4225 3183 4296 αύτῷ
3237 4225 3303 4279 τὰ
3349 4224 3484 4279 κατὰ
3530 4227 3630 4294 τὴν
3678 4223 3808 4280 ὁδὸν

2157 4309 2287 4392 ἔσχε
2316 4313 2404 4367 καὶ
2434 4314 2565 4368 ποία
2612 4332 2697 4374 τις
2737 4313 2900 4368 αὐτὸν
2951 4312 3132 4368 παῦλα
3171 4319 3277 4368 τῶν
3338 4313 3515 4368 πόνων
3565 4311 3808 4384 ἐδέξατο.

2158 4405 2512 4476 Δυσθυμοῦσα
2543 4399 2602 4456 δὶ
2629 4401 2719 4456 καὶ
2759 4399 3120 4475 ἀσχάλλουσα
3149 4402 3248 4476 όρᾷ
3285 4405 3402 4466 καθ’
3451 4402 3649 4465 ὕπνους
3707 4402 3807 4476 μέ-

2154 4512 2220 4566 γα
2247 4491 2410 4571 φυτὸν
2463 4489 2783 4565 κυπαρίσσῳ
2849 4491 3193 4563 προσεοικὸς,
3263 4488 3414 4546 ἔνδον
3472 4499 3574 4560 τῆς
3628 4492 3808 4562 αὐλῆς

391 4573 574 4647 totam
599 4590 857 4662 denique
892 4605 1034 4645 auro
1084 4593 1399 4658 nitentem,
1435 4596 1494 4645 et
1523 4606 1702 4662 super
1729 4591 1839 4644 hac
1871 4602 2037 4642 suum

2154 4580 2322 4648 αὐτῆς
2379 4580 2628 4650 ἑστηκὸς,
2685 4585 2918 4654 χρυσοῖς
2976 4579 3352 4652 πυκαζόμενον
3412 4577 3647 4654 φύλλοις
3707 4585 3802 4638 καὶ

389 4679 672 4736 Basilium
703 4677 1036 4734 considere.
1071 4679 1145 4734 Ut
1185 4680 1495 4751 evigilavit,
1530 4678 1895 4732 insomnium
1925 4676 2039 4729 hoc

389 4772 628 4830 mulieri
659 4769 896 4827 cuidam
917 4769 1208 4843 religiosae
1241 4770 1537 4841 proponit.
1561 4771 1642 4824 Ea
1662 4769 1817 4823 bono
1848 4769 2037 4838 ipsam

389 4863 589 4918 animo
613 4861 786 4934 jubet
815 4876 942 4915 esse
981 4859 1088 4913 filii
1121 4873 1318 4924 causa,
1352 4856 1796 4930 conjiciensque
1829 4857 2042 4910 insom-

391 4951 477 5006 nil
509 4951 652 5014 vim,
687 4965 822 5005 eum
853 4949 1254 5004 Romanorum
1296 4947 1718 5017 imperatorem
1748 4946 1873 5000 lore
1903 4961 2040 5015 pro-

391 5041 646 5097 nuntiat.
672 5039 753 5093 Ex
784 5053 851 5093 eo
883 5043 1074 5093 mater
1101 5035 1321 5106 Basilii,
1345 5035 1456 5090 hoc
1487 5035 1698 5090 futuras
1732 5035 1838 5089 ﬁlii
1862 5032 2045 5089 felici-

391 5131 528 5188 tatis
559 5131 907 5203 argumento
939 5126 1241 5198 prioribus
1286 5124 1508 5192 addito,
1542 5122 1795 5179 sollicita
1836 5139 1941 5195 pro
1973 5139 2043 5177 eo

393 5235 520 5274 esse
551 5219 728 5275 desiit
757 5215 1060 5288 animique
1093 5215 1227 5270 lmta
1257 5215 1510 5286 optimas
1540 5228 1673 5285 spes
1704 5213 1870 5269 aluit.

466 5477 638 5531 Forte
668 5493 772 5548 per
801 5477 860 5532 id
892 5483 1126 5550 tempus
1161 5475 1360 5531 Basilii
1391 5475 1670 5531 dominus
1686 5475 2046 5547 Theophilus

400 5563 461 5618 in
491 5561 963 5632 Peloponnesum
994 5565 1140 5620 901
1182 5564 1523 5636 reipublicm
1563 5579 1740 5620 causa
1773 5565 2044 5634 mittitur;

399 5669 519 5710 una
550 5653 724 5707 etiam
752 5651 970 5704 Basilio
1011 5652 1422 5721 proﬁciscente
1469 5668 1535 5708 ac
1581 5669 1687 5708 sua
1717 5653 2046 5708 ministeria

2149 4674 2390 4749 χρυσοῦς
2418 4671 2548 4732 τοὺς
2577 4667 2816 4733 κλάδους
2844 4669 2935 4723 καὶ
2964 4670 3027 4725 τὸ
3087 4669 3352 4746 στέλεχος
3396 4669 3549 4746 ἔχον,
3590 4670 3654 4726 οὗ
3701 4671 3806 4750 ἐφ-

2151 4759 2370 4834 ύπερθεν
2401 4758 2660 4828 ὀταύτης
2711 4758 2829 4822 υἱὸς
2879 4756 3170 4822 Βασίλειος
3224 4756 3526 4829 ἐκαθέζετο.
3578 4769 3802 4816 Διυπνι-

2151 4855 2336 4913 σθεῖσα
2367 4845 2423 4902 δὲ
2453 4845 2728 4922 διηγεῖται
2763 4847 2826 4902 τὸ
2866 4847 3049 4922 δραμά
3104 4869 3210 4902 τινι
3253 4851 3361 4902 τῶν
3405 4844 3650 4904 saxa-66.»
3704 4871 3810 4924 γυ-

2149 4942 2370 4994 ναικῶν·
2407 4940 2441 5007 ἡ
2498 4934 2556 4991 δὲ
2614 4936 2868 5009 εὐθυμεῖν
2928 4955 2987 4991 τε
3043 4935 3328 5012 ἐπέτρεπεν
3397 4937 3486 4994 ἐπὶ
3541 4943 3619 5011 τῷ
3676 4939 3809 5012 υἱῷ,

2152 5027 2243 5082 καὶ
2297 5029 2360 5081 τὸ
2421 5025 2612 5099 ὁραθῖεν
2669 5025 3028 5100 ἐπικρίνουσα
3088 5025 3317 5100 βασιλέα
3366 5027 3654 5100 Ῥωμαίων
3712 5048 3814 5104 γε-

2152 5115 2330 5172 νέσθαι
2370 5116 2463 5171 τὸν
2495 5116 2610 5170 υἱὸν
2643 5115 2814 5184 αὐτῆς
2846 5113 3190 5194 ἀπεφαίνετο.
3222 5117 3360 5177 Τοῖς
3388 5116 3676 5190 προτέροις
3710 5116 3808 5172 οῦν

2153 5203 2245 5260 καὶ
2275 5208 2437 5260 τοῦτο
2469 5197 2862 5279 προσλαϐοῦσα
2920 5199 3116 5258 λοιπὸν
3160 5205 3194 5273 ἡ
3258 5205 3443 5277 μήτηρ
3501 5203 3701 5260 οὐκέτι·
3744 5209 3810 5262 τὸ

2157 5294 2260 5348 ἀπὸ
2297 5289 2458 5348 τοῦδε
2512 5293 2638 5366 περὶ
2696 5291 2860 5347 αὐτοῦ
2922 5288 3227 5370 ἐδυσφόρει,
3279 5289 3407 5346 ἀλλ’
3462 5290 3650 5367 ἔχαιρε
3714 5296 3807 5349 καὶ

2155 5383 2402 5456 χρηστὰς
2433 5381 2520 5437 ἐπὶ
2549 5387 2628 5454 τῷ
2657 5383 2760 5455 υἱῷ
2790 5378 2980 5459 ἔτρεφε
3007 5382 3103 5442 τὰς
3129 5378 3382 5442 ἐλπίδας.

2227 5465 2433 5542 Συνέϐη
2469 5469 2527 5525 δὲ
2573 5472 2691 5526 κατ’
2752 5470 2927 5526 ἐκεῖνο
2985 5474 3176 5546 καιροῦ
3235 5469 3500 5548 Θεόφιλον
3557 5471 3651 5526 τὸν
3711 5479 3813 5530 τοῦ

2156 5560 2446 5620 Βασιλείου
2475 5562 2660 5637 κύριον
2712 5560 2992 5636 δημοσίων
3054 5561 3216 5636 χάριν
3267 5561 3601 5636 πραγμάτων
3661 5563 3810 5620 ἀπο-

2159 5649 2422 5722 σταλῆναι
2465 5652 2541 5716 είς
2573 5651 3015 5722 Πελοπόννησον.
3066 5650 3267 5708 Εἶπετο
3296 5650 3475 5725 τούτῳ
3522 5652 3611 5706 καὶ
3645 5653 3676 5707 ὁ
3709 5660 3809 5709 Βα-
