4130 6218
364 335 519 396 1θ79

1721 316 2037 385 GEORGII
2080 314 2429 381 CEDRENI
2507 303 2513 307 ’

3616 313 3786 378 1080

366 468 587 542 inquit,
621 467 749 534 filii,
782 467 965 520 Deum
1013 466 1074 517 te
1102 461 1165 516 in
1207 458 1447 516 sublimi
1478 458 1715 531 imperii
1773 452 2016 528 specula

2138 447 2333 527 φανερὰ
2360 447 2566 513 τιθέναι
2614 449 2681 503 τὰ
2715 445 2981 525 μεγαλεῖα
3037 451 3135 503 τοῦ
3190 451 3345 517 Θεοῦ,
3377 449 3465 511 οἷς
3496 446 3613 504 οἶδε
3642 449 3783 523 τρό-

369 559 815 620 collocaturum,
833 552 1155 622 orbemque
1177 555 1471 605 terrarum
1494 548 1556 603 in
1574 553 1736 603 tuam
1758 548 2017 618 potesta-

371 655 493 703 tem
525 642 957 701 daturum.Hoc
1008 655 1207 695 meum
1236 637 1580 694 vaticinium
1601 635 1706 693 ubi
1737 632 2018 706 implebi-

371 742 489 803 tur,
522 732 673 788 nihil
702 731 808 788 abs
849 735 904 786 te
934 729 1097 785 aliud
1155 734 1292 802 peto
1324 729 1480 784 998
1513 743 1690 799 quam
1747 730 1814 781 ut
1867 721 2013 779 mihi

368 822 635 892 meisque
668 818 873 874 liberis
927 817 1250 873 benevolus
1295 816 1378 872 sis
1432 821 1609 887 atque
1668 813 1950 869 clemens.
1986 833 2010 863 ι

372 909 657 967 Promisit
678 907 929 963 Basilius
953 924 1037 974 se,
1074 906 1234 961 exitu
1250 905 1363 961 hoc
1384 904 1729 960 vaticinium
1743 917 2015 973 compro-

370 999 571 1067 bante,
594 1011 837 1069 operam
868 995 1145 1051 daturum
1175 998 1242 1049 ut
1272 1011 1401 1050 eam
1426 994 1607 1049 totius
1634 992 1807 1047 istius
1833 989 2014 1062 regio-

367 1091 465 1147 nis
534 1089 840 1146 dominam
918 1087 1115 1143 faciat.
1185 1087 1255 1140 Et
1320 1083 1630 1141 consulata
1709 1080 2016 1138 Danielide

368 1178 577 1252 Cpolin
609 1178 684 1234 ad
705 1178 916 1233 herum
948 1192 1119 1231 suum
1144 1174 1341 1230 rediit.
1372 1175 1440 1229 In
1472 1171 1814 1231 Macedonia
1841 1186 2017 1242 porro

370 1266 596 1340 praadia
624 1266 815 1322 multa
835 1265 980 1321 emit
1002 1281 1073 1320 ea
1094 1263 1348 1335 pecunia
1368 1278 1546 1334 quam
1568 1260 1648 1316 ibi
1669 1258 2015 1331 ucquisivis-

369 1356 805 1427 set,efl‘ecitque
828 1360 895 1410 ut
923 1353 1047 1409 suis
1083 1352 1353 1408 omnium
1382 1368 1584 1407 rerum
1617 1349 2023 1422 suppeditaret

372 1446 561 1518 copia.
585 1446 717 1516 Ipse
748 1449 948 1499 autem
997 1459 1133 1498 cum
1189 1440 1431 1497 domino
1490 1456 1597 1496 suo
1654 1438 2018 1505 versabatur,

371 1534 546 1606 eique
572 1532 951 1588 inserviebat.

2127 557 2252 599 ποις
2290 532 2675 614 προλεγόμενα
2727 536 2819 591 καὶ
2877 534 3342 611 δηλοποιούμενα.
3402 535 3541 609 ’ἰδίᾳ
3594 538 3784 593 τοίνυν

2128 625 2587 702 παραστησαμένη
2611 625 2705 680 τὸν
2738 623 3049 695 Βασίλειον,
3082 650 3111 677 ‹‹
3143 627 3302 694 Ἰσθι,
3334 625 3459 702 ἔφη,
3493 627 3539 680 ὦ
3566 624 3776 693 τέκνον,

2122 713 2198 777 ὡς
2230 716 2259 769 ὁ
2288 714 2418 776 Θεός
2478 736 2537 770 σε
2586 712 2675 770 ἐπὶ
2736 713 2979 790 μεγάλης
3023 714 3215 787 μέλλει
3270 716 3475 770 τιθέναι
3512 723 3615 785 τῆς
3641 737 3781 771 σκο-

2122 808 2251 867 πιᾶς
2304 802 2393 858 καὶ
2449 801 2636 878 κύριον
2695 800 3065 859 ἀποδεικνύείν
3124 804 3300 874 πάσης
3354 810 3455 873 τῆς
3511 808 3636 880 γῆς.
3682 806 3778 867 Εἰς

2123 886 2284 968 ἔργον
2316 890 2412 947 οὖν
2445 887 2681 962 ἐκϐάσης
2713 899 2815 962 τῆς
2862 891 3003 965 ἐμῆς
3049 893 3405 971 προρῥήσεως
3443 891 3601 949 οὐδὲν
3636 893 3781 950 αἰτῶ

2123 980 2303 1058 ἕτερον
2331 982 2477 1058 παρὰ
2505 986 2622 1052 σοῦ,
2655 980 2785 1037 ἀλλ’
2811 982 2847 1051 ἤ
2875 982 2940 1036 τὸ
2988 982 3152 1055 μόνον
3193 982 3502 1057 ἀγαπᾶσθαι
3530 983 3621 1038 καὶ
3650 982 3781 1039 έλε-

2125 1073 2296 1126 εῖσθαι
2329 1070 2427 1145 ἐμὲ
2452 1091 2512 1125 τε
2541 1069 2783 1133 καὶτοὺς
2897 1070 3056 1143 ἐμοῦ.
3095 1095 3117 1123 ι
3150 1072 3215 1129 Ὀ
3262 1068 3342 1139 δὲ,
3376 1072 3422 1125 εἱ
3454 1068 3578 1143 δοίη
3620 1072 3782 1129 τελε-

2127 1167 2317 1229 σθῆναι
2356 1160 2486 1224 Θεὸς
2539 1160 2611 1215 τὰ
2671 1159 3012 1234 μηνυόμενα,
3066 1160 3257 1235 κυρίαν
3298 1159 3464 1229 αὐτὴν
3497 1161 3783 1241 ἀποφῆναι

2124 1250 2592 1329 κατεπηγγείλατο
2649 1251 2852 1324 πάσης,
2911 1252 2957 1306 εί
3016 1252 3131 1307 οἷόν
3168 1272 3248 1321 τε,
3281 1251 3490 1324 ἐκείνης
3517 1261 3620 1322 τῆς
3650 1260 3779 1330 γῆς.

2129 1342 2228 1399 Καὶ
2285 1341 2458 1403 οὕτως
2515 1340 2888 1414 ἄσπασάμενος
2965 1343 3066 1408 τὴν
3147 1346 3373 1415 γυναῖκα
3431 1343 3581 1413 ἀνήει
3642 1343 3784 1416 πρὸς

2124 1435 2224 1501 τὴν
2286 1431 2678 1508 βασιλεύουσαν
2735 1431 2827 1487 καὶ
2879 1432 2970 1486 τὸν
3028 1431 3220 1487 ἑαυτοῦ
3274 1431 3484 1507 κύριον.
3537 1433 3676 1489 Ἀπὸ
3724 1430 3785 1487 δὲ

2123 1527 2232 1576 τῶν
2306 1519 2548 1586 ἐντεῦθεν
2596 1521 2749 1594 αὐτῷ
2817 1519 3269 1596 προσγενομένων
3324 1521 3630 1598 χρημάτων
3696 1520 3786 1593 ἐξ-

372 1619 724 1694 ωνησάμενος
785 1622 865 1688 [Ρ.
900 1619 1026 1692 563]
1057 1616 1134 1680 εἲς
1164 1614 1496 1673 Μακεδονίαν
1525 1615 1745 1685 κτήσεις
1768 1612 1956 1681 ἱκανὰς
1982 1609 2306 1687 κατέστησεν
2357 1608 2447 1665 ἐπὶ
2501 1608 2761 1681 εὐπορίας
2786 1608 3028 1671 ’ἅπαντας
3052 1607 3182 1671 τοὺς
3210 1611 3586 1685 προσήκοντας
3614 1607 3784 1684 δαψι-

372 1706 530 1779 λοῦς,
561 1714 725 1777 συνῆν
759 1704 807 1762 δ’
829 1707 983 1781 ’ὀμως
1014 1706 1106 1761 καὶ
1137 1702 1380 1775 διηκόνει
1408 1709 1488 1776 τῷ
1519 1704 1695 1779 κυρίῳ
1725 1702 1915 1760 αὐτοῦ.

446 1798 712 1865 Quodam
763 1797 857 1853 die
924 1797 1254 1870 Antigonus
1328 1795 1667 1851 scholarum
1723 1794 2022 1866 princeps,

2202 1790 2300 1847 ’Ἐν
2330 1808 2438 1844 τινι
2468 1784 2528 1842 δὶ
2564 1790 2673 1841 τῶν
2732 1788 2954 1861 ἡμερῶν
3011 1788 3317 1863 ’Δντίγονος
3347 1788 3376 1842 ὁ
3407 1791 3516 1843 τῶν
3548 1786 3780 1862 σχολῶν

372 1888 620 1945 Caesaris
650 1886 853 1943 Bardas
884 1886 1069 1951 ﬁlius,
1119 1890 1467 1957 sumptuoso
1515 1882 1778 1939 convivio
1838 1897 2021 1953 appa-

381 1983 533 2047 rato,
562 1977 755 2049 primo
785 1976 916 2031 loco
938 1979 1166 2046 patrem
1199 1990 1374 2029 suum
1414 1972 1698 2037 invitavit,
1731 1972 1900 2042 isque
1930 1986 2025 2024 se-

372 2083 510 2122 cum
542 2064 762 2119 multos
793 2063 943 2119 alios
974 2062 1045 2118 de
1072 2062 1360 2133 cognatis,
1380 2061 1588 2116 amicis
1616 2077 1682 2115 ac
1711 2058 2022 2115 familiari-

373 2153 487 2209 bus
539 2152 824 2217 adduxit;
856 2151 1221 2221 aderantque
1253 2151 1305 2206 ei
1346 2150 1525 2205 etiam
1558 2148 1792 2220 Bulgari
1825 2147 2024 2213 amici,

378 2243 480 2314 qui
509 2247 635 2297 tum
676 2242 826 2296 forte
874 2240 1136 2312 Byzantii
1193 2238 1503 2310 degebant.
1564 2240 1764 2309 Neque
1821 2237 2028 2292 aberat

374 2329 734 2402 Theophilus
766 2328 966 2384 Basilii
998 2328 1370 2393 dominus,ut
1397 2328 1522 2399 ipse
1552 2342 1788 2398 quoque
1819 2341 2028 2398 cogna-

378 2426 476 2477 tus
503 2419 768 2475 Caasaris.
792 2419 954 2472 Inter
980 2416 1196 2488 pocula
1224 2415 1296 2472 de
1344 2416 1568 2472 athleta
1631 2415 1889 2487 quodam
1920 2431 2026 2470 suo

390 2526 452 2567 se
476 2509 805 2582 jactabant,
830 2524 1007 2580 quem
1041 2523 1242 2563 secum
1298 2506 1621 2574 habebant,
1650 2505 1863 2560 robore
1895 2521 2029 2562 cor-

384 2600 546 2674 poris
579 2597 941 2671 superbum;
973 2601 1435 2669 arroganterque
1493 2594 1902 2667 gloriabantur
1930 2611 2031 2649 ne-

379 2690 603 2746 minem
635 2704 767 2743 esse
798 2687 899 2759 qui
933 2702 1065 2741 cum
1100 2702 1169 2741 eo
1199 2701 1413 2741 manus
1442 2684 1713 2740 conferre
1759 2683 2026 2740 auderet.

378 2778 568 2834 Medio
599 2776 863 2833 convivio
918 2774 1279 2847 Theophilus
1308 2774 1382 2831 ad
1414 2776 1703 2831 Cassarem
1752 2791 1766 2831 :
1800 2775 1857 2829 Si
1890 2780 2027 2842 tuae,

384 2867 603 2939 inquit,
660 2864 957 2937 majestati
1025 2864 1241 2936 placet,
1300 2863 1589 2921 famulum
1656 2863 1867 2931 habeo,
1927 2863 2029 2935 qui

384 2972 518 3011 cum
575 2953 834 3027 glorioso
890 2952 1004 3008 isto
1071 2952 1320 3024 Bulgaro
1398 2953 1679 3008 decertet.
1756 2954 2029 3025 Magnum

381 3044 545 3100 enim
600 3042 859 3098 dedecus
917 3041 1201 3098 Romanis
1260 3042 1440 3097 fuerit
1488 3042 1667 3097 istum
1746 3041 2031 3096 invictum

378 3134 537 3189 994
592 3133 653 3187 in
720 3131 1053 3204 Bulgariam
1126 3131 1359 3185 reverti.
1446 3131 1738 3187 Probante
1798 3147 2024 3186 sermo-

384 3239 525 3280 nem
574 3224 803 3277 Caasare
853 3226 913 3275 et
965 3218 1400 3275 adolescentem
1453 3221 1523 3289 (is
1581 3226 1707 3275 erat
1756 3219 2026 3291 Basilius)

382 3311 629 3384 produci
666 3309 940 3381 jubente,
973 3308 1399 3363 Constantinus
1456 3308 1762 3379 patricius,
1793 3309 2031 3363 Thomaa

384 3400 702 3472 logothetas
734 3402 921 3468 pater,
953 3396 1054 3467 qui
1104 3411 1458 3468 magnopere
1502 3395 1734 3452 favebat
1789 3397 2029 3465 Basilio,

386 3486 675 3543 nimirum
706 3491 766 3539 et
792 3486 917 3554 ipse
947 3484 1244 3539 Armenia
1273 3484 1495 3556 stirpis,
1549 3484 1747 3541 locum
1795 3486 1857 3540 in
1914 3503 2031 3558 quo

386 3573 672 3631 luctaturi
702 3578 875 3629 erant
912 3572 1224 3628 humidum
1254 3578 1935 3647 cernens,metuensque
1957 3592 2034 3633 ne

389 3664 466 3720 ob
489 3663 618 3735 ejus
664 3662 1061 3720 lubricitatem
1110 3662 1362 3718 Basilius
1418 3662 1677 3732 caderet,
1701 3663 1943 3735 pulvere
1966 3682 2035 3722 ac

390 3753 566 3810 scobe
617 3769 748 3823 quas
780 3768 944 3808 serra
974 3752 1175 3808 scissis
1231 3751 1410 3824 lignis
1442 3753 1507 3807 ﬁt
1552 3753 1780 3822 ingesta
1836 3754 2032 3810 locum

386 3842 668 3899 contexit.
702 3843 789 3897 Ita
818 3841 1068 3914 Bulgaro
1099 3857 1451 3914 congressus
1494 3842 1746 3897 Basilius
1803 3844 2037 3915 pueruli

392 3949 530 3990 eum
565 3933 755 3987 instar
776 3931 1149 4003 campressit,
1182 3931 1689 4003 constrictumque
1709 3932 1885 3987 veluti
1916 3950 2039 3989 ma-

398 4022 672 4095 nipulum
704 4020 905 4076 herbas
937 4026 1040 4076 aut
1069 4019 1349 4091 glaubum
1372 4020 1525 4075 lana:
1549 4020 1834 4077 facillime
1865 4023 2043 4078 subli-

392 4127 553 4168 mem
578 4111 832 4184 arripuit
862 4115 920 4166 et
948 4126 1127 4181 super
1144 4125 1414 4165 mansam
1448 4109 1685 4181 abjecit,
1707 4126 2040 4183 magnoque

398 4200 699 4256 Romanos
723 4198 938 4271 gaudio
970 4197 1186 4266 affecit,
1215 4197 1438 4269 pudore
1496 4197 1762 4271 Bulgaris
1809 4199 2039 4256 oborto.

395 4286 484 4340 Ab
512 4301 581 4341 eo
626 4287 720 4341 die
772 4287 933 4343 fama
972 4284 1171 4341 Basilii
1204 4301 1334 4341 sese
1390 4301 1498 4357 per
1524 4286 1735 4341 urbem
1783 4286 2040 4355 diﬂ‘udit,

394 4374 688 4446 cmpitque
719 4375 783 4430 in
814 4390 915 4430 ore
955 4378 1014 4429 et
1042 4374 1434 4431 admiratione
1465 4376 1735 4431 omnium
1784 4393 1933 4435 esse.

2131 1876 2532 1958 ἀφηγούμενος,
2592 1876 2621 1931 ὁ
2676 1879 2775 1930 τοῦ
2830 1876 3105 1952 Καίσαρος
3143 1873 3326 1952 Βάρδα
3373 1876 3513 1949 υἱὸς,
3545 1875 3782 1931 ἑστίασιν

2128 1965 2410 2036 πολυτελῆ
2495 1965 3029 2038 κατασκευασάμενος
3107 1963 3408 2039 δαιτυμόνα
3514 1966 3637 2041 εἶχε
3714 1965 3784 2020 τὶ

2128 2059 2321 2131 πρῶτα
2374 2058 2482 2109 τῶν
2532 2053 2899 2127 ἀνακειμένων
2955 2055 3047 2108 τὸν
3107 2054 3298 2109 ἑαυτοῦ
3338 2052 3543 2130 πατέρα
3572 2051 3785 2127 Βάρδαν

2127 2146 2221 2201 τὸν
2252 2143 2513 2220 Καίσαρα,
2570 2143 2632 2207 ὅς
2687 2142 2937 2207 πολλοὺς
2988 2145 3080 2200 καὶ
3138 2143 3344 2207 ἄλλους
3370 2149 3478 2200 τῶν
3517 2150 3785 2221 συγγενῶν

2129 2235 2219 2291 καὶ
2248 2233 2429 2314 φίλων
2459 2234 2550 2289 καὶ
2581 2235 2823 2304 συνήθων
2874 2228 3374 2309 παραλαϐὼν’πρὸς
3412 2236 3512 2305 τήν
3545 2233 3786 2310 εὐωχίαν

2131 2324 2340 2399 ἀπῄει·
2374 2329 2733 2398 συμπαρῆσαν
2765 2319 2812 2377 δ’
2853 2322 2999 2396 αὖτῷ
3046 2324 3134 2378 καὶ
3183 2323 3490 2399 Βούλγαροι
3535 2325 3791 2393 συνήθεις

2130 2412 2221 2468 καὶ
2251 2412 2428 2490 φίλοι,
2463 2409 2606 2469 οὕτω
2645 2413 2960 2488 παρατυχὸν
3012 2416 3082 2486 τῇ
3138 2410 3380 2489 βασιλίδι
3413 2407 3789 2487 ἐνδιατρίϐον-

2130 2524 2235 2568 τες.
2269 2504 2386 2560 Οὖκ
2413 2501 2557 2568 ἀπῆς
2590 2497 2648 2557 δὲ
2678 2507 2777 2571 τῆς
2826 2498 3147 2563 πανδαισίας
3201 2498 3327 2556 οὐδὲ
3378 2502 3406 2556 ὁ
3454 2499 3725 2578 Θεόφιλος
3760 2502 3790 2555 ό

2130 2595 2227 2647 τοῦ
2259 2588 2549 2648 Βασιλείου
2604 2588 2815 2664 κύριος,
2873 2592 2963 2645 οἷα
3021 2591 3280 2667 συγγενὴς
3334 2591 3425 2645 καὶ
3491 2589 3653 2653 αὐτὸς
3686 2593 3792 2645 τοῦ

2138 2681 2427 2756 Καίσαρος.
2461 2683 2574 2738 Τοῦ
2606 2677 2661 2735 δὲ
2691 2680 2863 2735 πότοῦ
2881 2678 3175 2755 προϊόντος
3195 2680 3287 2735 καὶ
3309 2679 3662 2753 ἀκμαζούσης
3683 2686 3789 2750 τῆς

2135 2769 2395 2845 εὐωχίας,
2430 2768 2545 2824 ἐπεὶ
2577 2767 2772 2845 ἔτυχον
2820 2769 2872 2824 οἱ
2924 2767 3231 2843 Βούλγαροι
3262 2764 3485 2844 ἔχοντές
3514 2790 3638 2823 τινα
3670 2771 3794 2841 μεθ’

2137 2861 2340 2915 ἑαυτῶν
2397 2855 2562 2935 ἄνδρα
2620 2857 2914 2927 ἀθλητικὸν
2961 2859 3051 2913 καὶ
3092 2857 3175 2913 ἐπ’
3208 2857 3360 2934 ἰσχύϊ
3389 2858 3797 2931 σεμνυνόμενον

2140 2949 2420 3021 σώματος,
2452 2944 2676 3003 ἐδόκουν
2712 2945 2794 3003 ἐπ’
2830 2947 2978 3019 αὐτῷ
3010 2946 3149 3022 μέγα
3201 2953 3417 3021 φρονεῖν
3464 2946 3555 3001 καὶ
3584 2945 3797 3016 ἠλαζοο

2136 3037 2356 3093 νεύοντο
2385 3036 2476 3091 καὶ
2512 3032 2715 3109 μηδένα
2755 3036 2893 3091 εἶναι
2921 3036 3014 3091 τὸν
3047 3035 3124 3097 είς
3166 3041 3357 3111 χεῖρας
3388 3035 3553 3091 αὐτοῦ
3583 3056 3799 3108 συμπε⁴

2067 3152 2109 3218 C
2140 3133 2249 3181 σεὶν
2293 3123 2590 3218 δυνάμενον
2647 3123 3078 3218 έμεγαλαύχουν.
3130 3123 3417 3218 Λέγειγοῦν
3454 3125 3577 3198 περὶ
3624 3126 3799 3197 μέσας

2139 3218 2406 3290 τραπέζας
2435 3215 2463 3269 ὁ
2493 3214 2759 3293 Θεόφιλος
2788 3214 2925 3288 πρὸς
2972 3214 3063 3268 τὸν
3114 3213 3370 3289 Καίσαρα,
3404 3214 3478 3275 ὡς
3511 3238 3539 3264 ‹‹
3576 3215 3639 3270 Ei
3670 3214 3795 3287 ἀρέ-

2139 3328 2253 3362 σκει
2286 3312 2355 3381 τῇ
2414 3311 2482 3381 σῇ
2543 3305 2775 3378 ἐξουσίᾳ,
2830 3301 2943 3362 ἔστι
2999 3327 3081 3368 τις
3111 3310 3220 3361 τῶν
3246 3305 3660 3381 ὑπηρετούντων
3692 3326 3789 3378 μοι

2140 3393 2430 3468 δυνάμενος
2490 3395 2879 3468 συμπλακῆναι
2925 3399 3005 3466 τῷ
3041 3389 3359 3470 περιϐοήτῳ
3399 3394 3578 3467 τούτῳ
3608 3394 3793 3451 Βουλ-

2141 3484 2313 3560 γάρῳ⁶
2377 3484 2519 3557 μέγα
2572 3483 2674 3560 γὰρ
2728 3480 2934 3545 ὄνειδος
2990 3482 3307 3556 Ῥωμαίοις,
3339 3482 3387 3538 εί
3418 3482 3591 3543 οὕτως
3622 3483 3791 3539 ἀκατ-

2141 3574 2446 3650 αγώνιστος
2491 3573 2649 3635 οὗτος
2696 3571 2750 3627 έν
2802 3571 3113 3649 Βουλγαρίᾳ
3148 3572 3531 3647 παραγένηται.
3568 3593 3596 3625 ι
3625 3573 3798 3627 Ἀπο-

2144 3658 2436 3735 δεξαμένου
2494 3658 2552 3716 δὶ
2605 3663 2696 3716 τὸν
2754 3660 2917 3735 λόγον
2962 3665 3060 3717 τοῦ
3115 3660 3407 3735 Καίσαρος,
3438 3661 3526 3715 καὶ
3556 3661 3799 3734 προστάο

2144 3752 2332 3820 ξαντος
2364 3748 2440 3812 είς
2477 3751 2639 3822 μέσον
2690 3748 2917 3825 ἄγεσθαι
2973 3750 3066 3805 τὸν
3122 3750 3419 3822 νεανίσκον,
3454 3749 3483 3803 ὁ
3512 3748 3803 3823 πατρίκιος

2146 3845 2555 3903 Κωνσταντῖνος
2586 3841 2615 3895 ὁ
2647 3845 2820 3914 Θωμᾶ
2845 3844 2943 3896 τοῦ
3001 3839 3295 3915 λογοθέτου
3343 3840 3549 3911 πατήρ,
3591 3835 3807 3913 σφόδρα

2148 3927 2353 4008 φιλίως
2384 3929 2522 4004 πρὸς
2551 3928 2645 3984 τὸν
2694 3928 2979 3985 Βασίλὲιον
3032 3928 3373 4002 διακείμενος
3401 3929 3494 3984 ’ἁτε
3521 3928 3611 3983 καὶ
3642 3926 3812 3993 αὐτὸς

2150 4018 2202 4091 ἐξ
2262 4017 2560 4092 Ἀρμενίων
2617 4019 2716 4088 τήν
2756 4022 2855 4073 τοῦ
2914 4018 3106 4095 γένους
3163 4014 3342 4073 ἕλκων
3404 4016 3609 4091 σέιρὰν,
3663 4016 3807 4070 κάθ-

2148 4129 2316 4185 υγρον
2348 4106 2478 4164 ἰδὼν
2503 4109 2595 4164 τὸν
2625 4107 2793 4165 τόπον
2852 4107 2904 4164 ἐν
2957 4108 3107 4185 ᾧπερ
3156 4104 3395 4183 ἔμελλον
3424 4109 3478 4163 οἱ
3506 4107 3808 4163 παλαισταὶ

2151 4196 2564 4273 συμπλακῆναι,
2597 4199 2688 4252 καὶ
2737 4195 2916 4261 δείσας
2953 4198 3046 4253 τὸν
3099 4197 3160 4253 ἐκ
3204 4204 3306 4268 τῆς
3340 4196 3644 4274 ὑγρότητος
3686 4196 3809 4252 δλι-

2152 4291 2302 4362 σθον,
2359 4286 2509 4345 κόνιν
2566 4288 2658 4345 καὶ
2714 4290 2927 4365 πρίσμα
2980 4291 3088 4346 ἀπὸ
3145 4288 3323 4361 ξύλων
3380 4287 3677 4364 ἐπιρῥαίνει
3726 4292 3809 4360 τῷ

2153 4375 2356 4456 ἐδάφει.
2417 4377 2494 4436 Οὗ
2551 4377 2845 4455 γενομένου
2900 4376 3242 4452 συμπλακεὶς
3299 4381 3380 4449 τῷ
3431 4372 3740 4452 Βουλγάρῳ
3781 4375 3810 4429 ὁ

396 4460 700 4531 Βασίλειος,
757 4462 848 4516 καὶ
907 4459 1089 4537 ὥσπερ
1146 4483 1198 4518 τι
1258 4459 1474 4517 παιδίον
1525 4464 1747 4540 νεογνὸν
1803 4461 1993 4527 πιέσας
2040 4465 2131 4520 καὶ
2189 4466 2549 4546 περισφίγξας
2609 4465 2791 4536 αύτὺν,
2849 4466 3033 4543 ὥσπερ
3089 4463 3465 4543 τινᾶᾗδεσμὸν
3523 4465 3735 4539 χόρτου
3774 4465 3814 4535 ἢ

394 4547 564 4605 πόκον
641 4547 790 4613 ἐρίου
862 4547 1081 4628 κούφως
1146 4551 1291 4605 οὕτω
1346 4551 1437 4605 καὶ
1498 4547 1697 4624 ῥᾳδίως
1777 4552 2111 4627 μετεωρίσας
2174 4553 2355 4610 ἐπάνω
2428 4562 2529 4624 τῆς
2599 4555 2955 4631 τραπέρῥιψε.
3032 4557 3208 4613 Τοῦτο
3280 4555 3572 4629 γενόμενον
3633 4558 3815 4628 χαρᾶς

399 4640 496 4714 μὶν
591 4637 720 4699 τοὺς
796 4638 1134 4711 Ῥωμαίους,
1209 4638 1476 4713 αἰσχύνης
1549 4637 1608 4693 δὲ
1679 4640 1810 4702 τοὺς
1884 4640 2238 4718 Βουλγὰρους
2311 4643 2628 4712 ἐνέπλησεν.
2708 4645 2831 4699 Ἀπ’
2905 4642 3116 4714 ἐκείνης
3146 4641 3201 4699 δὲ
3275 4649 3375 4712 τῆς
3449 4638 3658 4716 ἡμέρας
3724 4640 3818 4697 ἐπὶ

396 4728 566 4785 πλέον
598 4729 634 4798 ἡ
664 4730 763 4783 τοῦ
794 4724 1084 4783 Βασιλείου
1113 4725 1363 4797 ἡπλοῢτο
1394 4729 1554 4804 φήμη
1587 4726 1684 4781 ἀνὰ
1707 4729 1809 4797 τὴν
1839 4728 2255 4805 βασιλεύουσαν,
2285 4733 2376 4787 καὶ
2425 4737 2544 4795 τοῖς
2592 4732 2845 4788 ἁπάντων
2877 4730 3151 4812 διεφέρετο
3184 4732 3416 4805 στόμασι
3448 4725 3824 4807 περίϐλεπτος

395 4815 503 4887 ἢδη
537 4816 910 4888 καθεστηκώς.

469 4907 582 4963 Sed
612 4913 672 4962 et
702 4906 863 4962 aliud
893 4906 1198 4979 quippiam
1246 4921 1360 4961 usu
1402 4906 1563 4961 venit
1604 4907 1759 4977 quod
1792 4907 2031 4981 gloriam

2229 4905 2437 4982 Συνέϐη
2471 4907 2641 4966 δὲκαὶ
2672 4908 2814 4966 ἄλλο
2872 4909 2920 4966 τι
2983 4910 3045 4965 τὸ
3102 4909 3191 4966 ἐπὶ
3238 4908 3407 4964 πλέον
3432 4905 3595 4981 δόξης

404 4996 665 5053 hominis
724 4995 906 5051 auxit.
941 4997 1082 5051 Erat
1136 4994 1481 5067 imperatori
1536 4996 1822 5053 Michaelo
1863 5013 2055 5068 equus

404 5084 666 5141 infrenis
696 5090 754 5139 et
776 5090 1114 5147 contumax,
1147 5084 1465 5155 cmteroqui
1484 5085 2055 5153 statura,velocitate

406 5180 465 5229 et
492 5173 932 5247 pulchritudine
964 5188 1172 5229 omnes
1202 5172 1301 5243 qui
1316 5189 1580 5244 unquam
1596 5173 2052 5231 admirationem

403 5268 749 5319 meruerant
768 5278 1079 5335 superans.
1112 5261 1165 5317 ls
1197 5261 1380 5317 semel
1410 5262 1663 5319 vinculis
1695 5264 1925 5320 solutus
1955 5270 2058 5320 aut

403 5347 625 5418 alioqui
657 5350 963 5417 dimissus,
994 5349 1347 5405 difﬁcillime
1378 5354 1440 5405 et
1472 5366 1595 5405 non
1626 5350 1755 5407 sine
1797 5352 2055 5408 maximo

405 5435 758 5502 equisonum
783 5438 985 5493 labore
1017 5438 1146 5509 capi
1177 5444 1354 5509 atque
1385 5439 1575 5493 teneri
1623 5445 1873 5512 poterat.
1909 5441 2057 5497 Huic

408 5519 675 5575 insidens
706 5524 1030 5595 imperator
1058 5532 1333 5582 venatum
1364 5527 1516 5593 exit;
1549 5544 1805 5599 cumque
1827 5529 2054 5585 calamo

410 5609 674 5678 leporem
706 5610 1015 5680 tetigisset,
1065 5614 1138 5668 ab
1185 5615 1334 5672 995
1366 5630 1519 5685 equo
1577 5615 1776 5671 desilit
1820 5623 1887 5671 ut
1918 5633 2055 5673 eum

2162 4999 2349 5054 αὐτόν’
2379 5001 2574 5064 Ἵππος
2600 5000 2667 5070 ἦν
2694 5000 2840 5076 παρὰ
2875 5004 2957 5072 τῷ
3014 4997 3231 5076 βασιλεῖ
3265 4995 3498 5073 Μιχαὴλ
3532 4995 3823 5070 σκληραύ-

2163 5109 2272 5166 χην
2300 5111 2359 5145 τε
2387 5092 2476 5145 καὶ
2509 5088 2782 5162 δυσήνιος,
2813 5089 3008 5161 ἡλικίᾳ
3069 5090 3163 5163 μὲν
3221 5089 3313 5144 καὶ
3370 5085 3566 5142 κάλλει
3598 5085 3690 5140 καί
3718 5086 3822 5140 τά·

2148 5197 2255 5253 ,χει
2284 5179 2373 5233 καὶ
2404 5178 2705 5254 ὠραιότητι
2765 5176 2943 5241 εἳδους
2996 5178 3122 5241 τοὺς
3180 5179 3404 5233 πώποτε
3461 5174 3823 5249 θαυμαζομέ-

2162 5287 2288 5326 νους
2326 5260 2830 5342 ὑπερϐαλλόμενος,
2859 5266 2918 5330 ὅς
2971 5267 3017 5322 εἰ
3060 5260 3221 5341 ἔτυχε
3252 5264 3435 5329 λυθεὶς
3462 5267 3571 5319 τῶν
3602 5259 3824 5334 δεσμῶν

2163 5353 2199 5422 ἢ
2230 5352 2421 5415 ἄλλως
2469 5375 2587 5416 πως
2644 5355 2882 5433 ἀφεθεὶς,
2941 5354 3065 5411 λίαν
3098 5355 3163 5424 ἧν
3197 5352 3486 5429 δωσχερής
3518 5351 3594 5413 εἰς
3625 5356 3827 5425 χεῖρας

2162 5442 2316 5504 αὗθις
2345 5441 2522 5497 ἐλθεῖν
2550 5444 2643 5498 καὶ
2700 5443 2885 5500 πολλᾶ
2942 5444 3233 5519 πράγματα
3264 5443 3403 5516 πρὸς
3434 5441 3496 5496 τὸ
3520 5444 3825 5515 κατασχεῖν

2162 5535 2395 5604 παρεῖχε
2450 5536 2568 5595 τοῖς
2615 5532 2973 5606 ἱπποκόμοις.
3025 5535 3233 5589 Τοῦτον
3286 5529 3694 5598 ἐπικαθήμενος
3727 5530 3825 5583 τὸν

2159 5614 2333 5675 ’ἱππον
2382 5619 2411 5673 ὁ
2470 5617 2729 5694 βασιλεὺς
2786 5621 2922 5696 πρὸς
2981 5622 3150 5695 θήραν
3196 5618 3362 5693 ἐξῄει,
3392 5620 3481 5673 καὶ
3522 5636 3821 5672 κατευστο-
