4130 6218
318 391 468 451 1081

1679 388 2001 453 GEORGII
2046 389 2391 452 CEDRENI

3563 390 3725 454 1082

313 524 494 600 χησας
525 521 748 599 λαγωοῦ
785 523 855 594 τῇ
915 516 1102 597 ῥάϐδῳ
1153 522 1265 595 (7i)
1321 525 1421 577 τοῦ
1451 519 1628 578 ’ίππου
1674 523 1955 593 καθήλατο

2066 529 2326 580 necaret.
2359 527 2558 597 Equus
2581 523 2831 579 sessoris
2853 538 3070 579 vacuus
3092 522 3342 595 proripit
3361 540 3423 579 se
3446 524 3721 598 saltuque

311 612 451 686 πρὸς
476 612 540 667 τὸ
571 611 762 689 σφάξαι
811 610 907 665 τὸν
965 608 1203 686 λαγωόν.
1257 616 1494 688 "Agassae
1536 609 1593 666 δὲ
1623 612 1652 666 6
1675 609 1848 674 ’ίππος
1878 631 1970 666 κα-

310 699 613 780 ταληφθεὶς
691 698 989 774 ἀπεσκίρτα
1069 699 1161 754 καὶ
1244 697 1520 770 ἀπεπήδα*
1589 700 1681 756 καὶ
1737 697 1967 755 πολλῶν

313 786 734 864 συνδραμόντων
787 787 1118 862 ἱπποκόμων
1163 808 1222 843 τε
1268 788 1358 845 καὶ
1409 790 1691 868 ἀρχόντων
1731 790 1818 845 καὶ
1859 795 1970 844 τῶν

312 885 526 939 λοιπῶν
557 886 665 937 τῶν
716 880 840 955 περὶ
892 878 984 936 τὸν
1046 880 1300 957 βασιλέα,
1332 881 1432 936 οὐκ
1476 884 1544 952 ἦν
1599 887 1709 938 τὶνι
1739 878 1969 938 δυνατὸν

311 976 606 1047 κατασχεῖν
659 970 751 1026 τὸν
803 968 1004 1038 ἵππον,
1060 967 1201 1026 ὥστε
1252 972 1574 1045 θυμωθέντα
1613 972 1707 1027 τὸν
1740 970 1968 1046 βασιλέα

309 1062 561 1117 κελεῦσαι
619 1063 705 1135 [Ρ.
764 1062 889 1128 564]
946 1059 993 1114 εἰ
1067 1058 1390 1134 κρατηθείη,
1452 1057 1780 1131 διακοπῆναι
1836 1059 1967 1124 τοὺς

311 1149 593 1214 όπισθίους
627 1148 792 1205 αύτοῦ
830 1152 940 1204 τῶν
987 1145 1193 1205 ποδῶν.
1247 1150 1556 1224 Παρητεῖτο
1587 1146 1647 1206 δι
1678 1151 1707 1206 6
1741 1152 1965 1226 Καῖσαρ,

311 1242 404 1297 καὶ
433 1236 609 1295 ἑδεῖτο
638 1242 741 1293 τοῦ
774 1235 1047 1312 βασιλέως
1090 1240 1167 1312 μή
1201 1236 1290 1294 διὰ
1319 1239 1448 1313 μίαν
1473 1239 1663 1295 κακίαν
1694 1239 1963 1311 τοσαύτην

310 1330 511 1402 ἀρετὴν
535 1326 712 1383 ’ίππου
764 1327 939 1401 μάτην
988 1326 1421 1401 παραπολέσθαι.
1473 1329 1577 1385 Καὶ
1612 1329 1666 1383 οἱ
1701 1329 1799 1403 μὶν
1829 1329 1966 1398 ἦσαν

304 1414 768 1494 ἐνδιαλογισμοῖς
819 1415 1115 1486 τοιούτοις,
1174 1418 1204 1472 6
1261 1415 1319 1473 δὲ
1365 1416 1649 1482 Βασίλειος
1689 1413 1967 1491 παραδρα-

313 1506 432 1580 μὼν
457 1510 540 1579 τῷ
568 1504 742 1580 κυρίῳ
772 1503 964 1574 αύτοῦ,
1001 1528 1029 1555 ‹‹
1062 1505 1123 1562 Et
1179 1503 1509 1583 περιδρᾶμω
1547 1507 1641 1562 τὸν
1675 1505 1965 1581 βασιλικὸν

309 1597 506 1668 ἵππον,
562 1590 689 1675 ἔφη,
743 1595 832 1651 καὶ
892 1594 1001 1651 ἀπὸ
1054 1600 1153 1652 τοῦ
1208 1598 1349 1669 ἶςμοῦ
1387 1595 1723 1672 ἐκτιναχθείς
1755 1591 1962 1672 ἔποχος

311 1685 464 1757 αύτῷ
519 1685 784 1761 γένωμαι,
842 1684 947 1760 ἆρὰ
1001 1704 1062 1759 γε
1141 1682 1232 1740 διὰ
1305 1686 1405 1755 τήν
1498 1684 1792 1761 βασιλικὴν
1869 1683 1962 1759 ἰφ-

310 1770 527 1850 εστρίδα
556 1775 671 1848 (72)
700 1772 790 1829 καὶ
818 1772 912 1829 τὸν
961 1768 1282 1854 κοκκοϐαιρῆ
1331 1773 1559 1849 χαλινὸν
1589 1775 1960 1849 ἀγανακτῆσαι

306 1863 337 1917 6
370 1861 629 1937 βασιλεὺς
658 1864 774 1965 κατ’
804 1861 983 1965 ξμοῦς
1018 1887 1041 1916 ι
1100 1866 1207 1917 Τοῦ
1272 1859 1330 1918 δὲ
1359 1866 1521 1965 λπρὸς
1570 1862 1665 1926 οὖς
1704 1862 1955 1937 ύπομνή-
1990 1902 2038 1965 Β

313 1972 503 2014 σαντος
533 1952 626 2006 τὸν
683 1948 933 2027 βασιλέα,
989 1951 1241 2007 κάκείνου
1296 1950 1652 2015 κελεύσαντος
1680 1955 1845 2008 τοῦτο
1873 1971 1965 2026 γε-

304 2040 508 2114 νέσθαι,
567 2042 779 2117 εὐφυῶς
838 2041 867 2096 6
936 2039 1222 2103 Βασίλειος
1275 2043 1367 2097 τὸν
1426 2043 1619 2097 ἑαυτοῦ
1654 2041 1967 2116 παρελάσας

302 2128 501 2199 ἳππον,
566 2128 658 2185 καὶ
724 2134 805 2202 τῷ
868 2132 968 2185 τοῦ
1065 2127 1333 2206 βασιλέως
1395 2129 1533 2185 κατὰ
1595 2127 1961 2206 παράλληλον

306 2216 566 2288 ἐξισώσας
622 2220 909 2294 γραμμὴν,
967 2217 1148 2289 ἠλατό
1203 2238 1263 2274 τε
1315 2218 1513 2281 ἐύοέως
1565 2218 1657 2273 καὶ
1702 2218 1838 2292 πρὸς
1868 2217 1961 2274 τὸν

310 2315 598 2392 βασιλικὸν
628 2313 978 2387 ἀπεπήδησεν
1022 2316 1217 2385 ἳππον,
1275 2314 1416 2393 μέγα
1472 2317 1653 2390 θαῦμα
1682 2313 1818 2377 ἐνεὶς
1846 2319 1963 2378 τοῖς

305 2409 684 2481 παρατυχοῦσι
748 2405 839 2460 καὶ
909 2405 1232 2479 θεωμὲνοις.
1301 2405 1592 2479 Θαυμάσας
1658 2401 1715 2460 δὲ
1776 2401 1865 2460 καὶ
1934 2404 1963 2457 6

319 2492 577 2571 βασιλεὺς
607 2494 706 2562 τήν
738 2494 858 2567 μετ’
887 2491 1109 2568 ἀνδρίας
1141 2492 1362 2568 εὐφυῒαν
1410 2493 1578 2549 αὐτοῦ
1606 2495 1695 2549 καὶ
1730 2492 1962 2563 σύνεσιν,

310 2581 514 2648 εὐθέως
544 2581 859 2643 ἀποσπάσας
888 2582 1051 2637 αὐτὸν
1110 2581 1218 2637 ἀπὸ
1272 2586 1370 2637 τοῦ
1400 2582 1731 2659 Θεοφιλίτζη
1764 2580 1816 2636 ἐν
1847 2586 1967 2646 τοῖς

306 2673 503 2728 ἑαυτοῦ
554 2672 847 2747 προσέταξε
896 2671 1214 2747 στράτορσιν
1272 2676 1406 2743 (Ἲὸ).
1463 2671 1677 2748 Ἥγάπα
1733 2667 1793 2725 δὲ
1844 2667 1967 2725 δια-

308 2761 583 2839 ιρερόντως
614 2760 802 2831 αὐτὸν,
839 2762 929 2817 καὶ
982 2767 1103 2822 ταῖς
1155 2763 1293 2816 κατὰ
1348 2761 1543 2835 μικρὸν
1595 2757 1857 2836 προόδοις
1888 2760 1966 2824 εἰς

303 2853 405 2922 τήν
436 2855 533 2905 τοῦ
570 2849 1076 2926 πρωτοστράτωρος
1121 2849 1269 2922 τάξιν
1325 2850 1589 2925 ἀνήγαγε.
1622 2848 1963 2924 Κυνηγεσίας

305 2936 365 2994 δέ
393 2960 529 2995 ποτε
589 2941 884 3014 γενομένης
938 2943 1019 3011 τῷ
1079 2936 1296 3014 βασιλεῖ
1351 2940 1488 2995 κατὰ
1525 2939 1591 2995 τὸ
1621 2937 1961 2995 Φιλοπάτιον

304 3036 702 3104 προεπορεύετο
783 3026 983 3083 τούτου
1058 3028 1087 3082 6
1161 3029 1605 3104 πρωυοστράτωρ
1702 3022 1962 3108 ἔφιππος,

302 3116 695 3196 ἐπιφερόμενος
747 3115 837 3172 ἐπὶ
898 3118 1077 3189 ζώνης
1136 3119 1225 3173 καὶ
1283 3117 1346 3171 τὸ
1405 3117 1688 3192 βασιλικὸν
1730 3116 1963 3194 βαρδού-

301 3227 441 3262 κιον.
473 3203 720 3279 Θορύϐου
778 3203 837 3261 δὲ
892 3206 980 3261 καὶ
1040 3207 1176 3283 βοῆς
1224 3206 1520 3282 γενομένης
1550 3207 1655 3262 ὑπὸ
1681 3211 1779 3262 τοῦ
1808 3205 1959 3278 πλη-

2071 613 2318 687 aufugit.
2376 614 2690 687 Multisque
2761 612 3255 668 concurrentibus
3313 613 3721 682 equisonibus,

2071 717 2183 757 nec
2215 719 2335 759 non
2366 702 2715 775 proceribus
2749 707 2808 757 et
2842 700 3094 772 reliquis
3130 701 3228 772 qui
3251 708 3421 757 erant
3454 702 3513 756 in
3540 704 3724 759 comi-

2072 797 2201 849 tatu
2222 793 2801 865 imperatoris,nemo
2825 791 2939 846 fuit
2957 790 3060 863 qui
3091 807 3304 862 capere
3337 807 3471 846 eum
3501 798 3722 863 posset.

2072 883 2276 954 Itaque
2308 882 2507 938 animo
2539 883 2962 938 aﬂ‘ervescente
3006 881 3338 953 imperator
3358 880 3533 952 jubet
3573 881 3726 953 ejus,

2071 972 2172 1027 ubi
2204 971 2674 1044 comprehensus
2704 972 2879 1039 foret,
2925 970 3288 1043 posteriores
3322 969 3506 1041 pedes
3537 970 3728 1026 disse-

2070 1061 2214 1127 cari,
2272 1060 2502 1117 Caesare
2544 1059 2894 1117 dehortante
2955 1066 3015 1118 et
3044 1066 3330 1133 precante
3389 1078 3465 1118 ne
3501 1068 3726 1119 temere

2068 1156 2251 1207 tanta:
2273 1151 2504 1206 virtutis
2519 1168 2708 1223 equus
2725 1150 2799 1206 ob
2818 1167 3004 1206 unum
3030 1157 3341 1222 peccatum
3356 1152 3724 1224 perderetur.

2070 1239 2172 1294 His
2202 1240 2286 1295 ita
2316 1239 2472 1296 inter
2522 1256 2586 1295 se
2615 1239 3115 1311 colloquentibus,
3145 1239 3395 1296 Basilius
3423 1240 3497 1295 ad
3530 1240 3723 1295 domi-

2069 1345 2213 1384 num
2244 1346 2418 1385 suum
2449 1344 2798 1385 accurrens:
2830 1329 2909 1398 Si,
2940 1329 3155 1400 inquit,
3183 1345 3317 1384 meo
3343 1345 3496 1400 equo
3519 1336 3720 1385 vectus

2069 1418 2448 1490 imperatoris
2497 1434 2717 1490 equum
2772 1435 2952 1474 cursu
3003 1434 3375 1489 assequerer,
3409 1423 3469 1472 et
3524 1434 3559 1473 a
3586 1434 3719 1473 meo

2068 1507 2349 1579 delapsus
2379 1507 2441 1562 in
2472 1523 2608 1563 eum
2654 1506 2972 1574 insilirem,
2998 1505 3314 1562 'numnam
3345 1511 3723 1562 succenseret

2065 1596 2215 1653 mihi
2246 1597 2573 1669 imperator
2608 1595 3031 1668 .paludamenti
3089 1596 3236 1669 regii
3298 1602 3357 1651 et
3412 1594 3724 1668 purpurati

2065 1684 2235 1740 frami
2264 1686 2453 1757 gratia
2471 1684 2500 1740 ‘l
2525 1686 2593 1741 In
2631 1701 2837 1741 aurem
2872 1685 2984 1741 hoc
3012 1684 3355 1757 imperatori
3386 1684 3724 1740 insusurrat

2065 1777 2447 1850 Theophilus,
2480 1778 2680 1848 itaque
2710 1778 2762 1832 is
2792 1777 2921 1833 fieri
2947 1776 3139 1849 jubet.
3163 1779 3233 1832 Et
3264 1776 3517 1832 Basilius
3541 1775 3721 1832 soler-

2066 1873 2158 1923 ter
2182 1883 2288 1923 suo
2321 1883 2474 1938 equo
2506 1866 2882 1939 imperatoris
2926 1883 3146 1938 equum
3195 1871 3502 1922 assecutus
3532 1882 3566 1921 a
3610 1882 3715 1921 suo

2066 1956 2267 2013 desilit
2321 1957 2503 2028 inque
2559 1957 2936 2029 imperatoris
2993 1974 3212 2029 equum
3253 1957 3471 2028 evadit,
3500 1972 3717 2028 magna

2065 2047 2339 2102 omnium
2370 2047 2473 2117 qui
2507 2046 2856 2118 spectabant
2883 2064 3020 2103 cum
3060 2047 3476 2103 admiratione.
3524 2049 3716 2116 Atque

2064 2135 2414 2208 imperatior
2441 2136 2621 2191 etiam
2652 2135 2782 2207 ejus
2806 2152 2939 2191 cum
2961 2136 3312 2191 fortitudine
3338 2135 3718 2207 prudentiam

2065 2225 2379 2289 miratus,a
2397 2225 2797 2299 Theophilitze
2820 2225 3091 2281 avulsum
3120 2225 3279 2280 inter
3313 2241 3413 2280 sus
3436 2228 3720 2279 stratores

2065 2315 2310 2386 recepit,
2326 2330 2747 2385 summumque
2759 2330 2961 2370 amore
2974 2319 3323 2386 prosecutus
3342 2328 3412 2369 ac
3429 2311 3721 2385 paulatim

2068 2405 2324 2460 evehens
2344 2409 2836 2477 protostratorem
2859 2403 3075 2459 deinde
3095 2403 3575 2459 constituit.Cum
3606 2419 3716 2457 au-

2069 2498 2189 2548 tem
2218 2493 2543 2565 aliquando
2575 2493 2900 2566 imperator
2919 2492 3077 2564 apud
3101 2492 3501 2564 Philopatium
3536 2506 3719 2546 vena-

2067 2587 2253 2649 retur,
2285 2587 2345 2638 et
2381 2589 2518 2639 ante
2549 2598 2685 2638 eum
2739 2598 2924 2655 eques
2954 2582 3067 2638 iret
3095 2587 3486 2654 protostrator
3513 2580 3716 2636 ferens

2068 2671 2130 2726 in
2150 2671 2348 2727 balteo
2398 2671 2745 2727 barducium
2799 2671 3197 2743 imperatoris,
3247 2670 3626 2741 tumultuque
3656 2674 3717 2725 et

2068 2761 2329 2817 clamore
2357 2777 2394 2818 a
2436 2761 2592 2818 σου
2635 2762 2812 2816 turba
2860 2760 3019 2816 edito
3076 2760 3253 2832 lupus
3284 2760 3546 2832 ingense
3569 2757 3717 2814 silva

2068 2850 2482 2922 procurrisset,
2527 2849 2780 2906 Basilius
2827 2866 2965 2906 eum
2996 2851 3304 2905 insecutus
3332 2848 3716 2920 imperatorio

2070 2939 2351 2996 barducio
2382 2939 2572 3011 petiit,
2603 2944 2781 3010 atque
2813 2956 2882 2995 eo
2922 2943 3101 3010 caput
3130 2938 3259 3010 ejus
3299 2937 3560 2993 medium
3594 2934 3719 2991 dis-

2069 3029 2276 3084 secuit.
2292 3027 2606 3099 Equitabat
2630 3032 2762 3099 post
2778 3028 3195 3098 imperatorem
3211 3025 3284 3081 de
3309 3041 3475 3081 more
3495 3026 3713 3091 Cassar,

2069 3119 2170 3191 qui
2192 3134 2327 3173 cum
2339 3118 2451 3173 hoc
2480 3116 2819 3185 vidisset,ad
2838 3116 3223 3173 familiarium
3246 3132 3487 3171 suorum
3506 3130 3713 3186 quem-

2070 3209 2206 3263 dam
2276 3207 2506 3262 occulte
2564 3206 2782 3262 dixisse
2828 3206 3063 3261 fertur:
3097 3207 3254 3262 Heus
3310 3210 3394 3273 tu,
3435 3205 3710 3260 existimo

305 3307 439 3362 θουσ
468 3266 634 3357 λύκος
670 3301 772 3365 τῆς
812 3293 952 3365 ὕλης
1008 3266 1218 3370 ἐξέθορε
1238 3266 1251 3282 ¹
1270 3266 1643 3371 παμμεγέθης.
1673 3266 1958 3372 Ὀρμήσας

2071 3303 2333 3352 nostram
2360 3296 2649 3352 familiam
2671 3295 2745 3351 ab
2772 3296 2885 3351 hoc
2914 3295 3157 3351 homine
3198 3266 3581 3366 exstirpatam
3614 3294 3709 3349 iri.

308 3383 366 3442 δε
393 3386 622 3441 κατόπιν
681 3385 850 3439 αὐτοῦ
909 3385 937 3440 6
997 3383 1280 3447 Βασίλειος
1332 3384 1522 3460 ἔρριψε
1550 3387 1668 3441 κατ’
1698 3386 1866 3441 αὐτοῦ
1894 3387 1957 3442 τὸ

312 3473 597 3549 βασιλικὸν
655 3472 985 3549 βαρδούκιον
1041 3476 1171 3547 (74),
1225 3474 1316 3529 καὶ
1374 3475 1563 3549 τυχὼν
1617 3472 1713 3529 τοῦ
1761 3474 1955 3549 θηρίου

304 3563 446 3618 κατὰ
499 3564 563 3619 τὸ
614 3564 777 3636 μέσον
832 3570 934 3633 τῆς
987 3561 1233 3642 κεφαλῆς
1290 3563 1491 3635 ταύτην
1532 3561 1951 3640 ὲδιχοτόμησεν.

298 3652 562 3717 Ὄπισθεν
596 3649 653 3707 δὲ
682 3655 781 3707 τοῦ
814 3649 1085 3727 βασιλέως
1141 3652 1278 3708 κατὰ
1323 3652 1387 3709 τὸ
1439 3653 1662 3724 σὺνηθες
1690 3652 1958 3725 ἑπόμενος

300 3741 330 3796 6
357 3746 583 3815 Καῖσαρ,
639 3742 729 3796 καὶ
786 3742 849 3796 τὸ
913 3742 1132 3818 γεγονὸς
1186 3742 1538 3815 θεασάμενος,
1596 3742 1764 3798 εἰπεῖν
1796 3740 1955 3816 λεγε-

293 3849 382 3884 ται
414 3828 549 3905 πρός
581 3850 702 3885 τινα
725 3834 836 3885 τῶν
870 3833 1113 3900 συνήθων
1146 3828 1198 3884 ἐν
1235 3830 1546 3907 μυστηρίῳ*
1591 3854 1620 3884 ιι
1649 3835 1877 3901 Τοῦτον,
1906 3832 1952 3885 ὦ

294 3925 416 3989 τᾶν,
474 3921 717 3995 ἡγοῦμεν
802 3921 894 3974 τὸν
975 3917 1264 3993 ἄνθρωπον
1345 3918 1572 3996 ὄλεθρον
1627 3923 1949 3995 γενήσεσθαι

2066 3386 2227 3442 ldem
2258 3385 2573 3458 perhibent
2593 3385 2795 3441 Bardaa
2813 3384 3156 3457 prmdixisse
3178 3386 3433 3439 Leonem
3452 3384 3714 3455 philoso-

2065 3478 2273 3549 phum,
2297 3476 2398 3546 qui
2431 3475 2713 3532 Basilium
2746 3475 2931 3545 signis
2960 3474 3315 3546 quibusdam
3346 3472 3712 3539 describens,

2064 3566 2384 3621 nominans
2431 3566 2609 3621 etiam
2665 3570 2727 3620 et
2763 3565 2946 3636 digito
3004 3565 3442 3633 demonstrans,
3497 3562 3715 3618 dixerit

2062 3656 2354 3711 universa
2387 3654 2761 3725 imperatoris
2814 3653 3056 3709 familiai
3087 3653 3266 3708 exitio
3306 3652 3592 3707 futurum.
3626 3653 3710 3706 Ex

2063 3759 2132 3799 eo
2165 3743 2359 3799 Caasar
2387 3758 2623 3813 semper
2655 3741 2872 3797 Basilio
2930 3740 3180 3796 insidias
3239 3741 3475 3805 struxit,
3526 3740 3709 3795 irritis

2061 3837 2349 3888 conatus:
2382 3829 2806 3886 difficillimum
2864 3828 3084 3900 quippe
3140 3832 3233 3883 est
3278 3828 3339 3882 id
3370 3827 3710 3883 rescindere

2063 3920 2221 3993 quod
2254 3920 2457 3977 divina
2485 3919 2671 3975 semel
2702 3918 2908 3975 statuit
2929 3916 3321 3988 providentia.

297 4005 469 4083 ἄρδην
500 4015 601 4078 τῆς
632 4011 794 4082 ἡμῶν
825 4012 1035 4083 γενεᾶς.
1070 4032 1099 4059 ››
1132 4007 1271 4063 Φασὶ
1300 4005 1348 4063 δ’
1381 4007 1463 4064 ὅτι
1503 4008 1594 4063 καὶ
1636 4007 1785 4064 Λέων
1844 4008 1994 4081 αὐτῷ
2048 4012 2212 4064 τοῦτο
2268 4007 2649 4082 προεθέσπισεν
2700 4007 2728 4061 6
2782 4003 3106 4082 φιλόσοφος,
3138 4004 3401 4075 ὄνομαπὶ
3429 4003 3521 4058 τὸν
3550 3999 3719 4075 ἄνδρα

296 4095 535 4159 καλέσας
564 4096 653 4151 καὶ
682 4101 886 4169 σημεῖα
917 4097 1200 4173 ὑποφήνας
1228 4097 1346 4151 τινὰ
1373 4097 1464 4153 καὶ
1494 4101 1576 4170 τῷ
1630 4093 1885 4170 δακτύλῳ
1943 4094 2139 4168 δείξας,
2198 4096 2287 4151 καὶ
2343 4098 2533 4150 τοῦτον
2561 4090 2771 4159 ἔσεσθαι
2802 4093 3080 4168 προειπὼν
3109 4098 3212 4163 τῆς
3241 4091 3529 4164 συμπάσης
3561 4091 3718 4164 ὑμῶν

302 4186 459 4259 ὑμῶν
486 4190 669 4262 γενεᾶς
699 4186 793 4240 τὸν
821 4183 1069 4261 ὄλεθρον.
1103 4182 1454 4261 Ἐνηδρευσεν
1483 4186 1576 4241 οὗν
1616 4186 1699 4242 ἀεὶ
1731 4187 1760 4242 6
1792 4192 2016 4261 Καῖσαρ,
2054 4187 2183 4255 ἢνυε
2240 4182 2298 4239 δὲ
2337 4181 2514 4240 οὐδὲν·
2564 4184 2841 4259 ἀκυρῶσαι
2902 4182 3002 4257 γὰρ
3063 4179 3429 4258 παγχάλεπον
3479 4180 3548 4249 ἦν
3581 4181 3714 4256 ὅπερ

301 4270 440 4345 ἅπαξ
466 4277 535 4347 τῇ
573 4271 809 4349 Προνοίᾳ
834 4274 1081 4349 γενέσθαι
1112 4269 1309 4329 ἐδοκει.

1514 4376 1876 4433 XYLANDRI
1912 4377 2000 4431 ET
2027 4376 2241 4432 GOARI
2276 4375 2499 4430 NOTAE.

371 4473 488 4545 (Ἡ)
519 4472 762 4541 Sagitta,
795 4478 960 4545 puto,
983 4476 1087 4527 aut
1105 4472 1335 4545 spiculo
1362 4473 1599 4528 missili.
1623 4475 1774 4529 Sane
1795 4473 1952 4544 apud
1984 4480 2030 4544 D
2133 4474 2243 4544 (‘74)
2299 4471 2450 4545 Quid
2502 4472 2585 4545 sit
2642 4466 2964 4545 βαρδούκιον
3020 4471 3390 4545 barducium,
3424 4472 3709 4545 incertus

302 4541 541 4617 Latinos
570 4550 773 4613 poetas
796 4541 1403 4617 'calamum‘quoque
1434 4560 1551 4617 pro,
1570 4544 1783 4617 sagitta
1812 4541 1953 4616 poni
1984 4541 2017 4544 —
2063 4541 2436 4617 sumgCredo
2492 4541 2675 4617 fuisse
2721 4543 2997 4617 balistam
3047 4549 3151 4599 aut
3199 4543 3445 4616 aliquod
3490 4542 3591 4617 teli
3622 4541 3713 4596 vel

302 4561 541 4595 Latinos
570 4561 773 4613 poetas
823 4561 1117 4599 calamum
1167 4561 1284 4614 quo
1332 4561 1403 4599 ue
1434 4561 1540 4615 pro
1570 4561 1783 4617 sagitta
1812 4562 1953 4616 poni
2063 4561 2217 4600 sum.
2250 4561 2436 4599 uredo
2492 4561 2675 4598 luisse
2721 4561 2997 4600 nauswm
3047 4561 3151 4599 aut
3199 4561 3445 4616 auquoa
3490 4561 3591 4598 seu
3622 4561 3712 4596 τοι

299 4612 677 4690 observatum
707 4620 818 4690 est,
847 4615 1132 4670 nimirum
1166 4561 1326 4686 quod
1366 4632 1435 4670 ex
1467 4614 1711 4671 calamis
1742 4617 1953 4672 ﬁerent
2055 4614 2244 4687 jaculi
2274 4630 2479 4690 genus.
2506 4612 2642 4690 X_YL.
2674 4646 2737 4690 -_—-
2770 4612 3101 4690 Βαρδούκιον
3129 4616 3490 4690 saeui-iculum
3527 4615 3712 4669 inter-

304 4682 556 4755 sagittm.
588 4684 862 4756 Virgilius
890 4704 904 4741 :
1006 4757 1027 4761 Α
1167 4682 1203 4761 ξ
1284 4758 1298 4761 A
1366 4759 1373 4761 Α
1402 4759 1436 4761 Η
2056 4682 2329 4761 pretatu'r
2347 4686 2655 4761 Meursius.
2673 4688 2795 4761 Quo
2816 4682 3217 4761 argumentor?
3236 4687 3382 4754 Quia
3411 4686 3485 4741 ad
3504 4699 3710 4761 zonam

990 4757 1123 4811 Cum
1157 4757 1462 4828 Daphnidis
1491 4774 1700 4814 arcum.

587 4845 825 4914 Fregisti
850 4852 899 4898 et
928 4844 1182 4901 calamos.

306 4930 582 4986 Horatius
604 4949 618 4986 :

590 5022 805 5079 Calami
827 5023 1041 5093 spicula
1072 5024 1282 5078 Gnosii.
1309 5023 1444 5079 Χη.

375 5110 598 5194 (72λο1).
616 5110 965 5195 religionem
987 5126 1122 5195 erga
1143 5111 1304 5195 rggia
1325 5128 1595 5195 quisque,
1616 5112 1703 5193 vel
1727 5128 1800 5194 ne
1822 5128 1958 5184 pur-

304 5198 468 5254 pura;
488 5183 756 5238 insidens
773 5183 1109 5254 tyrannidis
1130 5183 1416 5237 affectatae
1439 5183 1572 5238 aliis
1589 5183 1954 5254 opinionem,

302 5252 415 5308 sibi
450 5254 783 5323 periculum
804 5252 1142 5310 induceret.
1175 5253 1350 5309 Goaa.

374 5324 488 5400 (733)
519 5323 901 5400 Ἱπποκόμοις,
956 5324 1331 5400 equisonibus.
1374 5325 1448 5400 _Hi
1500 5325 1958 5400 πρωτοστράτορα

296 5396 645 5469 praefectum
676 5393 1015 5469 habebant,
1041 5398 1150 5469 τῶν
1184 5393 1514 5466 ἱπποκόμων
1543 5393 1782 5469 πρῶτον,
1836 5393 1955 5454 non

293 5471 365 5519 ut
395 5467 506 5538 sub
537 5484 606 5521 eo
636 5466 848 5538 vilibus
876 5468 1186 5538 obsequiis
1216 5482 1402 5538 equos
1435 5466 1734 5533 curarent,
1762 5471 1867 5524 sed
1897 5474 1963 5524 ut

297 5536 677 5611 stabulorum
726 5536 1080 5611 nobiliorem
1128 5536 1541 5611 praefecturam
1572 5545 1868 5611 gererent,
1902 5546 1964 5595 et

294 5607 985 5682 impera_tori,qsi‘i'orsan
1047 5607 1232 5680 eques
1288 5609 1423 5674 iret,
1465 5607 1957 5682 obsequerentur.

304 5680 385 5735 De
421 5679 638 5751 quibus
668 5679 949 5737 Codinus.
983 5679 1159 5737 cm.

2063 4754 2587 4832 appenditur,quia
2615 4759 2825 4832 projici
2858 4754 3132 4832 thest,et
3166 4760 3302 4815 ferae
3326 4762 3508 4832 caput
3532 4754 3711 4832 disse-

2062 4846 2218 4884 care.
2251 4829 2500 4898 Divinat,
2535 4836 2594 4885 et
2620 4829 2789 4885 ‘nihil
2816 4829 2889 4886 ad
2922 4847 3045 4885 rem
3096 4830 3408 4902 depromit.
3447 4829 3549 4881 Diu
3578 4829 3710 4879 ante

2063 4918 2160 4976 ηιεῄ
2179 4903 2313 4956 torsi
2354 4908 2651 4971 antequam
2705 4904 2960 4976 uocabuli
3011 4902 3709 4976 hujussigniﬁcatum‘ex-

2064 4974 2284 5044 quirere
2332 4988 2570 5044 possem,
2624 4973 2831 5044 scribit
2886 4971 3271 5044 Leunclayius
3328 4971 3705 5044 Onomastico

2066 5037 2353 5099 secundo:
2382 5045 2475 5098 Ait
2514 5037 2648 5098 vero
2700 5042 2918 5097 ibidem
2953 5059 2966 5097 :
3007 5042 3219 5095 Bardac
3263 5055 3477 5105 urceus,
3510 5037 3710 5107 lagena

2063 5114 2250 5185 ﬁglini
2292 5116 2493 5184 operis,
2525 5129 2683 5183 aqua:
2712 5114 2992 5185 gestanda?
3032 5115 3205 5185 facta.
3240 5113 3346 5185 Qui
3375 5109 3711 5165 Barducium

2065 5183 2419 5260 imperatoris
2474 5185 2643 5260 gerit,
2666 5184 3002 5260 intelligitur
3026 5184 3121 5237 ille
3150 5185 3249 5260 qui
3281 5183 3531 5260 lagenam
3558 5195 3710 5260 qqua

2060 5254 2285 5328 plenam
2315 5257 2561 5324 gestabat
2586 5327 2591 5328 γ
2616 5271 2777 5328 eques
2831 5256 2907 5328 ad
2960 5270 3115 5310 usum
3146 5255 3515 5328 imperatoris.
3552 5254 3707 5306 Reti-

2066 5325 2288 5408 uuerint
2343 5333 2394 5380 et
2429 5325 2749 5408 Turcith
2800 5326 3055 5408 ofﬁcium.
3081 5342 3095 5380 :
3120 5327 3434 5408 fiam-inter
3477 5325 3709 5408 5iuvenes

2068 5398 2190 5453 illos
2220 5405 2325 5452 tres
2380 5399 2479 5466 qui
2524 5396 2739 5452 sultano
2766 5404 2891 5453 sunt
2944 5398 3132 5453 intimi
3184 5395 3534 5461 cubicularii,
3565 5410 3708 5450 unus

2068 5476 2145 5524 est
2189 5470 2433 5536 kinptar,
2465 5469 2564 5537 qui
2581 5475 2746 5537 potus
2775 5469 2983 5524 sultani
3012 5486 3203 5524 curam
3250 5469 3393 5539 gerit
3420 5474 3471 5522 et
3500 5482 3710 5537 semper

2068 5556 2268 5610 aquam
2284 5540 2637 5611 prosultano
2667 5556 2845 5595 secum
2875 5539 3023 5595 vehit
3052 5556 3212 5611 eques
3242 5538 3301 5593 in
3331 5538 3548 5609 lagena,
3570 5540 3712 5611 sicut

2069 5609 2202 5683 olim
2230 5626 2295 5665 ea
2322 5609 2531 5683 solebat
2560 5610 2730 5666 etiam
2758 5627 2867 5683 pro
2896 5609 3226 5682 imperatore
3280 5611 3464 5668 Greco
3495 5612 3551 5664 in
3584 5610 3712 5663 bar-

2070 5682 2235 5737 ducit)
2261 5680 2405 5739 vehi.
2437 5681 2613 5738 Goan.
