4126 6220
307 351 469 417 1ὒ85

1643 354 1966 417 GEORGII
2008 356 2368 419 CEDRENI

3556 361 3713 425 1086

371 486 525 558 ’Λρτι
558 482 617 540 δὶ
644 489 742 540 106
774 482 1045 560 βασιλάως
1106 483 1339 560 Μιχαὴλ
1397 486 1533 542 κατὰ
1575 487 1807 560 Κρητῶν
1861 482 1942 557 ἐξ-

2129 487 2448 559 Postquam
2470 488 2684 547 deinde
2705 490 3026 548 Michaelus
3050 506 3185 549 cum
3201 492 3389 549 Barda
3408 493 3702 553 avunculo

305 573 599 636 ελάσαντος
660 574 794 648 μετὰ
848 573 1034 648 Βάρδα
1092 574 1363 650 Καίσαρος
1411 578 1508 631 106
1562 575 1705 638 θείου
1762 573 1949 645 αὖτοῦ,

295 665 385 718 καὶ
446 659 824 737 σοϐαρώτερον
904 660 1218 736 ἁπτομένου
1295 669 1406 720 τῶν
1466 664 1801 741 πραγμάτων
1857 667 1954 719 106

306 749 487 827 Βάρδα
515 752 605 806 καὶ
661 752 799 807 κατὰ
858 754 1055 827 μικρὸν
1113 752 1371 815 ἀνιῶντος
1424 753 1516 808 τὸν
1577 752 1806 828 βασιλὶα
1860 752 1951 809 καί

293 848 410 903 τοῖς
441 842 567 916 περὶ
594 841 752 895 αὐτὸν
806 841 1066 903 ὑπονοίας
1123 843 1377 919 άτορμήν
1431 838 1695 911 διδόντος,
1728 842 1841 899 επεὶ
1897 839 1951 898 ἐν

298 936 416 995 τοῖς
448 934 655 1005 Κήποις
683 930 926 1005 ἐγίνοντο
956 931 1150 1005 (τόπος
1193 929 1250 987 δὲ
1306 934 1358 987 οἱ
1416 935 1599 1003 Κῆποι
1656 933 1792 988 κατᾶ
1848 933 1949 1000 τήν

298 1020 593 1095 παράλιον,
629 1025 709 1094 [Ρ.
739 1023 868 1093 566]
898 1016 1024 1076 ἔνθα
1044 1021 1184 1095 πρὸς
1212 1023 1311 1090 τήν
1364 1020 1634 1087 θάλασσαν
1694 1017 1950 1084 εἰσϐολάς

293 1115 533 1166 ποιεῖται
590 1111 620 1166 6
697 1107 1005 1184 Μαίανδρος
1081 1111 1377 1182 ποταμὸς),
1435 1111 1660 1175 ἇνταὺθα
1726 1109 1792 1181 δή
1847 1118 1946 1181 τῆς

288 1202 553 1263 συσκευῆς
599 1199 690 1254 καὶ
736 1198 968 1272 μελέτης
1000 1202 1297 1274 γενομένης
1343 1207 1460 1262 τοῖς
1512 1200 1638 1276 περὶ
1694 1200 1787 1254 τὸν
1846 1202 1948 1276 βα-

291 1289 468 1354 σιλέα,
525 1289 617 1343 ἳνα
678 1292 753 1363 μὴ
812 1292 1279 1366 καταταχηθὲντες
1360 1291 1571 1345 πάθωσι
1639 1289 1851 1363 μᾶλλον

294 1377 588 1455 δράσωσιν,
675 1378 1088 1442 ἰπισπεύσαντες
1169 1380 1445 1455 ἀναιροῦσι
1530 1383 1624 1438 τὸν
1710 1377 1945 1454 Βάρδαν,

286 1470 468 1532 καθὼς
516 1467 718 1523 ἄνωθεν
780 1470 809 1523 6
863 1468 1032 1544 λόγος
1104 1467 1407 1546 διαρῥήδην
1467 1467 1736 1541 ὶδήλωσε,
1797 1490 1948 1546 περιο

282 1557 559 1615 πλακὲντα
587 1564 705 1621 τοῖς
733 1563 832 1614 106
876 1557 1148 1635 βασιλέως
1179 1560 1327 1618 ποσί.
1397 1562 1624 1635 Πρώτην
1689 1562 1788 1635 ἦγε
1844 1580 1942 1631 της

284 1651 514 1702 νικαῦτα
574 1648 681 1720 μήν
742 1648 771 1703 6
831 1648 1159 1715 Ἀπρίλλιος
1242 1655 1346 1718 τῆς
1419 1648 1487 1705 ιδ’
1547 1647 1942 1722 ἐπινεμήσεώς.

275 1737 749 1801 Ἀποκτανθέντος
808 1735 901 1792 οὖν
959 1743 1057 1793 τοῦ
1118 1736 1295 1813 Βάρδα
1381 1739 1540 1804 εὐθὺς
1598 1740 1627 1797 6
1689 1737 1945 1815 βασιλεὺς

286 1828 386 1897 τήν
413 1847 471 1883 τε
501 1824 918 1901 στρατοπεδείαν
977 1826 1238 1884 καταλύει
1295 1828 1385 1884 καὶ
1430 1828 1622 1886 νόστου
1648 1830 1786 1905 πρὸς
1839 1832 1941 1900 τὴν

290 1914 683 1991 βασιλεύουσαν
759 1915 1055 1989 μέμνηται.
1137 1914 1483 1983 Ἐπανελθὼν
1553 1913 1610 1973 δὲ
1683 1918 1821 1991 πρὸς
1880 1918 1943 1974 τὸ

296 2007 615 2076 Βυζάντιον,
649 2006 869 2080 ἐπείπερ
900 2004 1101 2068 οίκείας
1151 2007 1377 2081 ἡμοίρει
1439 2010 1630 2082 γονῆς,
1679 2006 1942 2065 εἰσποιεῖς

293 2096 384 2152 ταί
446 2117 506 2152 τε
560 2097 653 2152 τὸν
704 2095 984 2152 Βασίλειον
1021 2096 1112 2151 καὶ
1169 2096 1245 2161 εἰς
1307 2099 1407 2167 τὴν
1464 2101 1572 2152 τῶν
1633 2098 1943 2172 μαγίστρων

292 2180 602 2255 ἀναϐιϐάζει
633 2187 824 2259 τιμήν.
857 2188 922 2240 Ὅ
956 2187 1032 2259 μὴ
1093 2187 1271 2264 cping
1307 2188 1413 2243 ὑπὸ
1462 2186 1661 2263 φθόνου
1719 2189 1748 2243 6
1788 2194 1939 2261 Συμο

289 2271 477 2338 ϐάτιος
542 2276 571 2330 6
623 2273 922 2350 λογοθὲτης
976 2279 1075 2331 106
1140 2273 1372 2351 δρόμου,
1432 2278 1459 2331 6
1516 2281 1612 2331 τοῦ
1674 2278 1945 2351 Καίσαρος

285 2361 470 2437 Βάρδα
554 2358 824 2437 γαμϐρὸς,
892 2364 1367 2440 προφασισάμενος
1413 2363 1476 2418 τὸ
1537 2365 1613 2436 μή
1683 2361 1941 2427 δύνασθαι

288 2456 386 2524 ζῇν
416 2450 504 2506 ἰπὶ
560 2457 660 2519 τῆς
725 2448 1013 2525 βασιλίδος
1068 2453 1167 2519 τήν
1224 2456 1332 2508 τῶν
1391 2453 1714 2525 Θρακησίων
1747 2450 1942 2522 ἐξαιτεῖ

286 2540 632 2615 στρατηγίαν,
671 2541 764 2595 καὶ
807 2538 873 2610 δὴ
927 2540 1017 2599 καί
1076 2537 1366 2615 λαμϐάνει.
1421 2540 1638 2618 Ὀλίγου
1707 2539 1764 2597 δὲ
1819 2564 1936 2597 και-

288 2635 387 2707 ροῦ
415 2629 785 2705 παρελθόντος
821 2631 911 2686 καὶ
968 2638 1066 2700 τῆς
1127 2629 1405 2705 βασιλείας
1463 2630 1783 2709 ἐπισφαλῶς
1837 2654 1939 2688 κυ-

292 2715 666 2794 ϐερνωμένης,
707 2719 797 2773 ἅτε
826 2723 921 2773 τοῦ
955 2717 1227 2795 βασιλέως
1256 2719 1391 2795 πρὸς
1422 2718 1641 2791 ἄλλοις,
1690 2720 1818 2776 ἀλλ’
1870 2722 1935 2776 οὐ

291 2814 413 2872 ταῖς
466 2812 572 2863 τῶν
637 2808 975 2884 πραγμάτων
1034 2806 1336 2879 διοικήσεσι
1394 2809 1482 2865 τὸν
1533 2814 1654 2866 νοῦν
1686 2804 1934 2886 ἔχοντος,

290 2898 382 2953 καὶ
436 2901 535 2952 106
592 2902 819 2962 θανάτου
876 2896 932 2952 δὲ
972 2902 1069 2953 τοῦ
1112 2895 1293 2973 Βάρδα
1323 2899 1569 2975 καθαρῶς
1626 2898 1937 2976 ἐλέγξαντος

292 2989 397 3058 τήν
423 2987 592 3043 αὐτοῦ
623 2986 894 3051 οὐθένειαν
942 2989 1032 3042 καὶ
1094 2986 1346 3066 ἅφίλειαν
1408 2985 1633 3063 (ἕκείνου
1689 2990 1790 3065 γάρ
1839 2990 1936 3046 ἐπα

296 3080 696 3153 αγρυπνοῦντος
727 3076 801 3139 ὡς
832 3081 1097 3132 κοινωνοῦ
1133 3081 1242 3133 τῶν
1298 3078 1657 3155 πραγμάτων,
1717 3081 1805 3136 καὶ
1834 3088 1936 3150 τῆς

294 3163 615 3237 διοικήσεως
645 3167 764 3229 καθ’
800 3164 923 3220 ὅσον
976 3166 1091 3221 οἷόν
1122 3187 1181 3222 τε
1238 3167 1627 3242 ἀντεχομένου,
1693 3172 1761 3244 τῇ
1816 3171 1937 3225 10'5-

290 3276 386 3311 του
417 3253 708 3328 ἰπιμελείᾳ
734 3255 826 3310 καὶ
856 3253 1067 3330 σπουδῇ
1118 3258 1152 3325 ἡ
1209 3261 1306 3312 τοῦ
1370 3254 1641 3332 βασιλέως
1699 3257 1943 3316 οὐθένεία

291 3341 643 3399 ἐκαλύπτετο·
684 3342 797 3399 ἐπεὶ
843 3341 888 3399 δ’
946 3346 1149 3407 εκεῖνος
1209 3345 1496 3425 ἀπεσφάγη
1551 3347 1642 3402 καὶ
1700 3350 1735 3417 ἡ
1798 3354 1943 3405 πᾶσα

288 3441 390 3503 τῆς
424 3430 704 3509 βασιλείας
734 3435 955 3509 φροντὶς
990 3433 1066 3496 είς
1102 3434 1266 3506 μόνον
1322 3433 1576 3510 περιέστη
1633 3436 1724 3491 τὸν
1789 3438 1943 3513 βασι-

290 3521 407 3591 λὲα,
464 3522 589 3576 τότε
658 3518 726 3588 δὴ
774 3524 1023 3594 καθαρῶς
1083 3521 1145 3576 τὸ
1204 3522 1368 3579 αὐτοῦ
1424 3522 1794 3594 ἀνεπιτήδειον
1852 3528 1943 3583 καὶ

287 3611 427 3685 πρὸς
508 3609 602 3670 τὰς
667 3606 958 3669 πολιτικὰς
1014 3608 1231 3683 πράξεις
1299 3610 1681 3673 ἀναπεπτωκὸς
1754 3612 1945 3682 ἐξηλί..

290 3700 505 3776 γΧετο),
538 3696 781 3773 ὂγίνοντο
814 3697 961 3771 παρὰ
1014 3700 1113 3752 106
1170 3702 1357 3753 κοινοῦ
1414 3704 1660 3774 συνεχεῖς
1717 3698 1943 3775 διαγογ.

294 3789 502 3867 γυσμοὶ
540 3788 677 3844 κατὰ
732 3785 832 3843 106
889 3785 1182 3862 βασιλέως,
1242 3787 1332 3845 καὶ
1389 3788 1500 3843 οὔθ’
1556 3790 1591 3859 ἡ
1637 3789 1943 3864 σύγκλητος

294 3879 419 3936 οὕτε
504 3880 567 3937 16
623 3878 938 3953 πολίτευμα
980 3884 1097 3941 τοῖς
1151 3878 1546 3954 πραττομὶνοις
1627 3882 1940 3957 ἠρέσκοντο,

290 3970 381 4025 καὶ
426 3968 559 4025 αὐτὸ
618 3966 685 4037 δὴ
741 3967 805 4023 τὸ
859 3969 1168 4043 στράτευμα
1226 3963 1662 4042 ἆνασεσϐημίνον
1697 3972 1786 4026 καὶ
1855 3991 1942 4027 κε-

287 4058 578 4132 κινημένον
605 4056 921 4135 ἕτύγγανεν.
962 4060 1155 4115 ’Άτινα
1186 4055 1276 4113 διὰ
1332 4063 1440 4114 τῶν
1498 4058 1845 4117 οἰκειοτάτων
1914 4057 1943 4111 6

289 4149 549 4223 βασιλεὺς
633 4146 1046 4220 ἐνωτιζόμενος,
1104 4147 1194 4201 καὶ
1266 4148 1365 4217 τήν
1426 4149 1615 4203 ἑαυτοῦ
1670 4154 1944 4204 κατανοῶν

295 4239 431 4314 πρὸς
487 4237 583 4300 τὰς
638 4236 910 4309 κοσμικὰς
970 4234 1345 4312 ἐπιχειρήσεις
1430 4234 1772 4310 ἆδεξιότητα,
1832 4240 1945 4312 ἅμα

288 4323 347 4383 δὶ
375 4326 466 4382 καὶ
522 4325 876 4382 ἐπανάστασιν
932 4320 1281 4397 εὐλαϐηθεὶς,
1339 4326 1600 4382 κοινωνὸν
1640 4324 1777 4404 ἔγνω
1834 4333 1941 4383 τῶν

286 4415 619 4488 πραγμάτων
648 4408 1053 4486 προσλαϐέσθαι
1094 4415 1185 4469 καὶ
1240 4420 1341 4485 τῆς
1402 4416 1605 4491 ἀρχῆς.
1664 4416 1770 4475 Καὶ
1828 4415 1944 4473 ἐπεὶ

287 4502 394 4575 πρὸ
420 4501 640 4578 ὀλίγου,
671 4503 746 4565 ὡς
806 4504 1006 4559 ἄνωθεν
1059 4500 1306 4577 ε’ίπομεν,
1364 4503 1824 4577 υἱοποιησάμενος
1876 4506 1944 4575 ἦν

286 4589 379 4646 τὸν
406 4588 714 4659 Βασίλειον,
746 4587 868 4663 ᾔδει
901 4588 957 4646 δὶ
1013 4590 1173 4648 αὐτὸν
1216 4592 1306 4648 καὶ
1370 4589 1563 4667 ἀνδρία
1598 4592 1690 4648 καὶ
1738 4594 1939 4649 συνέσει

2064 576 2500 647 expeditionem
2550 579 2834 650 suscepit,
2867 585 2925 633 et
2977 578 3195 637 Bardas
3229 580 3585 639 insolentius
3618 599 3710 639 res

2060 670 2313 723 tractare
2363 669 2557 739 cmpit.
2608 669 3013 740 paulatimque
3062 668 3479 739 imperatorem
3521 672 3710 729 offen-

2062 753 2209 813 dens
2240 756 2500 815 sinistris
2530 758 2602 817 de
2635 776 2695 813 se
2729 757 3165 829 suspicionibus
3196 773 3403 813 ansam
3436 758 3708 829 praebuit,

2059 849 2125 900 ιιι
2152 847 2341 916 Cepos
2374 854 2613 905 ventum
2647 852 2736 904 est
2783 847 2965 919 (Cepi,
2999 847 3199 905 Latine
3231 845 3434 903 hortos
3467 844 3708 916 dixeris,

2060 934 2172 993 loci
2205 951 2425 995 nomen
2469 942 2560 993 est
2610 937 2914 1002 maritimi,
2947 935 3047 992 ubi
3080 936 3374 993 Mmander
3404 935 3617 992 ﬂuvius
3646 936 3705 990 in

2057 1043 2221 1083 mare
2245 1024 2555 1097 illabitur),
2588 1027 2913 1098 imperator
2944 1042 3077 1083 cum
3118 1025 3243 1082 suis
3274 1025 3408 1083 iniit
3434 1024 3706 1095 consilia,

2057 1132 2132 1170 ne
2163 1132 2197 1169 a
2225 1115 2415 1171 Barda
2446 1116 2729 1187 praeventi
2753 1116 3231 1186 opprimerentur
3257 1132 3269 1182 ;
3294 1121 3353 1169 et
3380 1131 3444 1171 re
3476 1130 3707 1185 compo-

2058 1204 2171 1260 sita
2202 1210 2379 1277 atque
2411 1211 2702 1263 maturata
2721 1205 2874 1262 900
2914 1204 3129 1261 Bardas
3174 1204 3355 1274 pedes
3388 1204 3705 1275 imperato-

2058 1294 2141 1349 ris
2160 1292 2468 1365 amplexus
2492 1294 2822 1352 trucidatus
2844 1300 2937 1351 est
2959 1312 2972 1359 ;
3006 1311 3137 1364 quas
3160 1309 3254 1349 res
3277 1310 3455 1365 supra
3476 1310 3510 1348 a
3532 1293 3702 1349 nobis

2058 1382 2341 1451 exposita.
2378 1388 2591 1441 Actum
2623 1382 2734 1437 hoc
2768 1382 2861 1438 die
2895 1383 3086 1454 prima
3114 1381 3354 1452 Aprilis.
3376 1381 3700 1439 indictione

2057 1472 2141 1525 14.
2165 1470 2483 1527 interfecto
2509 1472 2714 1535 Barda,
2747 1472 3070 1542 imperator
3090 1471 3466 1541 expeditione
3488 1471 3708 1529 omissa

2057 1559 2257 1617 statim
2295 1560 2635 1629 Byzantium
2678 1559 3065 1626 rediit;eteo
3088 1561 3703 1635 reversus,cumprole

2056 1649 2591 1717 careret,Basilium
2616 1649 2688 1705 ad
2714 1650 3035 1721 magisterii
3058 1649 3404 1721 dignitatem
3438 1656 3701 1707 evectum

2054 1738 2373 1809 adoptavit.
2407 1737 2571 1803 Quod
2605 1756 2738 1797 cum
2771 1756 2892 1795 non
2923 1739 3104 1794 ferret
3132 1755 3251 1810 prae
3283 1738 3504 1794 invidia
3535 1739 3704 1810 Sym-

1978 1853 2021 1917 B
2053 1828 2250 1886 batius
2282 1829 2475 1886 dromi
2507 1829 2825 1901 logotheta.
2862 1830 3060 1887 Bardm
3092 1846 3293 1901 gener,
3325 1829 3703 1901 praetendens

2056 1936 2118 1975 se
2149 1919 2314 1990 Cpoli
2346 1920 2540 1975 vivere
2571 1937 2690 1978 non
2723 1936 2916 1991 posse.
2950 1920 3121 1991 petiit
3151 1920 3604 1991 impetravitque
3635 1924 3702 1977 ut

2052 2008 2483 2065 Thracensibus
2506 2009 2925 2080 pra-flectetur.
2950 2009 3199 2065 Paulum
3222 2008 3450 2067 efﬂuxit
3472 2015 3699 2080 tempo-

2053 2097 2155 2166 ris,
2184 2115 2318 2155 cum
2368 2098 2510 2157 satis
2540 2099 2733 2169 patuit
2774 2099 3089 2170 imperium
3123 2099 3453 2170 periculose
3484 2097 3700 2170 guber-

2051 2188 2204 2254 nari,
2237 2187 2459 2259 quippe
2489 2188 2777 2247 Micbaelo
2824 2188 2959 2245 aliis
2999 2204 3180 2259 quam
3216 2187 3560 2259 reipublicae
3591 2203 3693 2259 ge-

2050 2277 2250 2333 rendas
2271 2277 2521 2348 negotiis
2548 2277 2799 2344 intento,
2832 2277 3082 2348 ejusque
3113 2277 3391 2335 futilitate
3413 2294 3479 2333 ac
3503 2276 3695 2335 stulti-

2049 2365 2132 2420 tia
2160 2380 2195 2419 a
2250 2364 2449 2420 Bardaa
2479 2365 2724 2421 interitu
2754 2365 2952 2434 palam
3001 2366 3428 2423 innotescente.
3464 2365 3693 2421 Etenim

2049 2452 2260 2518 Barda,
2290 2458 2357 2508 ut
2411 2453 2512 2522 qui
2572 2452 2947 2523 imperatoris
3005 2453 3227 2525 collega
3283 2459 3460 2520 esset,
3493 2471 3598 2524 pro
3629 2470 3691 2511 re

2048 2541 2287 2613 publica
2335 2541 2662 2599 excubante
2695 2558 2762 2601 ac
2810 2558 2915 2613 pro
2946 2542 3100 2599 virili
3149 2543 3278 2614 ejus
3310 2542 3695 2600 administra-

2048 2631 2195 2687 tioni
2228 2630 2788 2699 intento,industria
2809 2630 2986 2701 hujus
3003 2637 3179 2702 atque
3200 2631 3507 2705 diligentia
3526 2633 3691 2704 igna-

2046 2723 2204 2777 viam
2234 2721 2507 2778 Michaeli
2556 2721 2900 2780 occultaret.
2934 2721 3174 2781 Sublato
3206 2721 3413 2790 Barda,
3447 2727 3504 2778 et
3529 2723 3694 2781 omni

2048 2810 2283 2882 imperii
2335 2810 2744 2882 procuratione
2799 2810 2861 2866 in
2903 2810 3147 2867 unicum
3177 2810 3558 2869 incumbente
3588 2810 3697 2865 Mi-

2047 2900 2343 2969 cbaelum,
2376 2900 2691 2971 perspicue
2733 2900 3009 2971 apparuit
3038 2915 3217 2970 quam
3248 2900 3297 2957 is
3329 2905 3487 2957 esset
3514 2900 3693 2959 homo

2046 2989 2121 3045 ad
2142 3006 2267 3045 rem
2290 2989 2591 3061 publicam
2614 2987 2984 3047 tractandam
2999 2987 3236 3059 ineptus
3264 2994 3442 3059 atque
3472 2989 3693 3060 segnis.

2044 3078 2248 3149 Itaque
2298 3076 2674 3134 subditorum
2731 3076 2952 3135 crebras
3001 3082 3169 3135 erant
3217 3076 3289 3133 de
3337 3076 3694 3148 imperatore

2051 3168 2332 3239 querslre,
2360 3173 2419 3224 et
2438 3184 2632 3239 neque
2661 3168 2894 3225 senatui
2925 3184 3120 3238 neque
3142 3166 3366 3224 civibus
3396 3173 3525 3224 acta
3554 3186 3696 3239 pro-

2051 3258 2604 3330 babantur,ipsique
2627 3259 2806 3317 etiam
2828 3258 3122 3316 exercitus
3142 3257 3697 3330 ferociebantatque

2052 3348 2520 3421 exagitabantur.
2553 3349 2692 3413 Quas
2742 3349 2948 3405 I000
2979 3347 3180 3405 omnia
3209 3347 3529 3405 Michaelus
3560 3363 3695 3404 cum

2052 3454 2087 3493 a
2100 3438 2587 3495 familiarissimis
2607 3436 2718 3494 sibi
2746 3438 3019 3494 nuntiata
3035 3438 3418 3513 percepisset,
3435 3437 3697 3497 sentiens

2052 3542 2232 3595 quam
2290 3527 2418 3597 ipse
2448 3531 2605 3583 esset
2633 3526 2708 3582 ad
2741 3526 2888 3583 tanti
2936 3526 3172 3597 imperii
3203 3526 3698 3598 gubernationem

2051 3630 2261 3683 parum
2283 3612 2555 3679 idoneus,
2580 3613 2876 3683 simulque
2894 3614 3005 3671 sibi
3028 3631 3063 3669 a
3082 3615 3374 3673 seditione
3400 3621 3693 3682 metuens,

2052 3701 2338 3772 collegam
2361 3701 2566 3757 statuit
2586 3700 2697 3757 sibi
2716 3701 3072 3759 adsciscere.
3090 3705 3162 3758 Et
3179 3704 3319 3772 quia
3338 3704 3515 3772 paulo
3533 3708 3695 3766 ante,

2050 3795 2117 3847 ut
2141 3789 2420 3853 diximus.
2456 3788 2737 3844 Basiliam
2769 3788 3167 3858 adoptaverat,
3201 3789 3543 3861 sciebatque
3561 3805 3696 3847 eum

2050 3878 2299 3949 reliquis
2329 3877 2677 3932 fortitudine
2709 3883 2768 3932 et
2811 3878 3128 3949 prudentia
3155 3879 3404 3945 anteire,
3438 3883 3496 3936 et
3523 3895 3697 3950 posse

2052 3967 2302 4038 implere
2333 3966 2490 4037 quod
2541 3965 2653 4023 sibi
2683 3965 2756 4023 ad
2786 3966 3215 4039 rempublicam
3248 3967 3697 4039 temperandam

2052 4056 2419 4114 dexteritatis
2449 4056 2672 4123 deerat,
2704 4056 2964 4115 maxime
2993 4062 3191 4115 autem
3223 4073 3501 4128 suprema
3531 4062 3694 4128 pote-

2053 4152 2204 4203 state
2235 4163 2305 4205 eo
2327 4146 2519 4217 ipsum
2542 4145 3320 4218 impellente,imperatoriis
3351 4163 3483 4205 eum
3518 4148 3696 4206 hono-

2051 4236 2238 4303 ribus,
2262 4235 2594 4307 insignibus
2615 4240 2792 4306 atque
2814 4235 3024 4307 opibus
3046 4242 3311 4304 exornat,
3344 4252 3691 4309 progressus

2052 4327 2228 4398 hujus
2260 4326 2345 4381 rei
2375 4341 2554 4383 causa
2584 4325 2820 4397 publice
2865 4325 2926 4381 in
2958 4325 3156 4383 nobile
3207 4326 3417 4383 divinae
3450 4328 3694 4399 Sapien-

2052 4418 2148 4472 tim
2172 4416 2475 4481 fanum,ac
2499 4414 2713 4471 Basilio
2739 4430 3019 4471 coronam
3042 4415 3261 4486 regiam
3292 4417 3547 4488 imponit
3564 4418 3694 4490 ipso

2053 4511 2271 4562 sanctas
2330 4506 2710 4561 Pentecostes
2763 4504 2914 4561 festo
2973 4504 3090 4573 die,
3122 4506 3223 4577 qui
3263 4504 3373 4563 fuit
3403 4507 3531 4565 dies
3564 4507 3697 4565 Maii

2042 4594 2323 4666 vigesima
2352 4597 2536 4659 sexta,
2571 4591 2893 4652 indictione
2920 4592 3152 4650 decima
3177 4600 3407 4665 quarta.

287 4684 394 4737 τῶν
422 4675 655 4735 πολλῶν
685 4674 1007 4755 διαφέροντα
1035 4682 1125 4736 καὶ
1159 4683 1342 4739 ἱκανὸν
1374 4679 1724 4757 ἀναπληροῦν
1753 4683 1815 4738 τὸ
1846 4682 1899 4737 ἄν
1927 4681 1995 4757 τῇ
2027 4678 2345 4756 κυϐερνήσει
2378 4683 2475 4739 τοῦ
2506 4684 2779 4753 κοσμικοῢ
2811 4679 3047 4759 σκάφους
3080 4682 3379 4757 ὑστέρημα,
3410 4682 3471 4739 τὸ
3529 4680 3694 4737 πλέον

286 4767 344 4826 δὶ
373 4770 464 4825 καὶ
494 4768 799 4843 δπερτάτης
828 4766 1110 4841 δυνάμεως
1148 4770 1445 4848 ἐναγούσης
1478 4771 1556 4836 είς
1582 4776 1746 4830 τοῦτο
1778 4772 1957 4843 αὐτὸν,
1988 4771 2079 4828 καὶ
2114 4770 2391 4847 βασιλείας
2416 4772 2557 4843 τιμῆ
2599 4770 2689 4827 καὶ
2743 4768 2870 4844 δόξῃ
2925 4772 3009 4827 καὶ
3046 4771 3313 4845 χρίσματι
3368 4774 3699 4841 κατακοσμεῖ

285 4859 377 4914 τὸν
410 4857 720 4927 Βασίλειον,
753 4856 890 4912 κατὰ
918 4858 1018 4927 τήν
1054 4858 1202 4933 ἱερὰν
1222 4859 1313 4913 καὶ
1342 4858 1494 4935 ἁγίαν
1517 4859 1728 4935 ἡμέραν
1760 4867 1858 4930 τῆς
1890 4862 2291 4932 Πεντηκοστῆς,
2325 4858 2378 4915 ἂν
2407 4863 2487 4930 τῷ
2515 4859 2847 4934 περιωνύμῳ
2878 4865 2976 4928 τῆς
3025 4862 3121 4914 τοῦ
3152 4863 3285 4915 Θεοῦ
3309 4858 3512 4936 Σοφίας
3562 4862 3694 4930 ναῷ,

287 4946 559 5024 δημοσίαν
592 4944 830 5024 πρόοδον
859 4946 1253 5021 ποιησάμενος,
1281 4950 1371 5003 καί
1399 4949 1490 5004 τὸν
1528 4948 1806 5024 βασίλειον
1843 4955 1921 5023 τῷ
1953 4948 2220 5023 Βασιλείῳ
2241 4944 2553 5025 περιτίθησι
2578 4944 3041 5023 στεφανον,ἵκτην
3074 4947 3209 5021 πρὸς
3242 4945 3442 5005 εἴκοσιν
3472 4946 3693 5021 ἄγοντος

282 5043 380 5095 106
410 5040 586 5094 Μαῖου
622 5036 797 5112 μηνὸς
823 5043 924 5107 τῆς
958 5033 1019 5092 ιδ“
1048 5034 1442 5111 ἆπινεμήσεως.

349 5131 529 5186 Τοῦτο
562 5127 746 5200 μαθὼν
775 5127 804 5181 6
872 5121 1185 5201 Συμϐάτιος
1221 5129 1456 5203 μετρίως
1517 5129 1618 5184 οὐκ
1681 5127 1929 5203 ἥγεγκεν,

2112 5132 2231 5187 Βοο
2251 5130 2355 5187 ubi
2376 5128 2617 5184 rescivit
2648 5125 3005 5198 Symbatius,
3037 5126 3241 5197 inique
3260 5126 3413 5191 tulit,
3449 5130 3694 5185 nactus-

278 5216 424 5273 ἄλλα
449 5218 708 5294 συνεργὸν
739 5215 985 5295 είληερὼς
1026 5217 1115 5271 καὶ
1174 5216 1266 5271 τὸν
1320 5219 1605 5292 πατρίκιον
1662 5219 1922 5294 Πηγάνην

2052 5235 2150 5290 {ne
2181 5219 2414 5275 socium
2447 5214 2731 5273 facinoris
2773 5216 3067 5287 Peganem
3108 5215 3444 5286 patricium.
3475 5214 3693 5285 Opsicii

276 5306 676 5380 (πρατηγὲτης
705 5302 764 5360 δὶ
811 5304 973 5366 οὗτος
1003 5309 1100 5360 106
1152 5305 1403 5380 Ὀψικίου
1463 5306 1755 5385 ἰτύγχανε)
1789 5309 1926 5382 πρὸς

2052 5309 2409 5381 praefectum,
2440 5304 2831 5363 rebellionem
2864 5309 2951 5360 est
2983 5305 3244 5367 molitus.
3268 5305 3614 5365 Michaelem
3648 5305 3689 5362 ii

272 5393 568 5449 απόστασιν
601 5391 766 5462 είδον,
804 5391 1035 5472 Μιχαὴλ
1099 5394 1195 5468 μὶν
1255 5395 1631 5471 εὐφημοῦντες
1686 5399 1778 5452 τὸν
1829 5401 1923 5470 βα-

2060 5402 2460 5467 mperatorem
2489 5394 2698 5451 faustis
2729 5393 2969 5452 vocibus
3013 5393 3358 5464 probabant,
3393 5400 3457 5451 ut
3489 5392 3691 5453 multi-

278 5480 454 5547 σιλεα,
483 5482 568 5554 [Ρ.
597 5482 726 5551 567]
759 5480 833 5542 ὡς
866 5479 926 5537 ἄν
956 5482 1017 5536 ὲκ
1042 5482 1239 5538 τούτου
1294 5484 1361 5537 τα
1414 5482 1603 5554 πλήθη
1638 5483 1924 5561 ἐπάγοιντο

2052 5485 2307 5541 ιιιᾶίηοιιι
2330 5481 2441 5540 sibi
2465 5482 2877 5549 conciliarent,
2911 5499 3104 5553 neque
3127 5483 3462 5541 viderenter
3479 5489 3689 5541 contra

276 5572 363 5627 καὶ
399 5570 476 5644 μή
510 5567 720 5625 δοκοῖεν
778 5570 972 5644 χεῖρας
1032 5571 1202 5645 αἳρειν
1259 5572 1395 5627 κατὰ
1431 5577 1531 5626 106
1594 5572 1923 5650 αὐτοκράτοο

278 5679 392 5737 ρος,
451 5655 862 5736 δοσφημοῦντες
915 5655 974 5714 δὶ
1036 5660 1131 5715 τὸν
1201 5659 1486 5717 Βασίλειον
1542 5661 1636 5716 καὶ
1698 5662 1919 5737 μυρίαις

2036 5590 2208 5631 suum
2240 5574 2664 5645 imperatorem
2689 5588 2903 5630 manus
2927 5572 3157 5642 tollere,
3177 5572 3460 5633 Basiliam
3486 5580 3685 5633 autem

2032 5662 2448 5735 improbabant
2474 5677 2543 5720 sc
2598 5661 2850 5720 inﬁnitis
2880 5661 3347 5734 proscindebaut
3369 5662 3675 5726 conviciis.
