4130 6218
443 380 602 440 1087

1585 371 2121 432 HISTORIARUM
2167 371 2722 436 COMPENDIUM.

3699 371 3868 433 1088

444 519 578 572 Hmc
599 520 801 570 testate
827 511 1168 584 agebantur.
1203 507 1315 563 Sed
1347 513 1410 562 ut
1441 507 1634 562 hiems
1653 506 1806 573 iniit,
1841 506 2083 577 dissipa-

2207 504 2502 569 πλύνοντες
2533 501 2740 581 ὕϐρεσι.
2773 506 2876 564 Καὶ
2913 509 3083 562 ταῦτα
3143 507 3238 579 μὲν
3294 505 3588 582 ἐπράττετο
3643 505 3862 582 θέρους’

451 615 509 661 ta
529 613 617 660 est
639 607 764 659 haec
783 603 980 664 coitio,
1015 599 1266 654 ducibus
1289 598 1530 652 sceleris
1554 597 1690 669 fuga
1709 596 1818 650 sibi
1843 595 2096 650 salutem

449 693 868 766 quaerentibus.
904 691 1242 762 Symbatius
1290 691 1494 744 Latum
1541 703 1747 742 saxum
1781 686 1978 741 ιοοι
2015 687 2096 756 (id

449 789 535 839 est
593 784 744 838 Asiae
794 781 1105 836 castellum
1158 779 1457 834 excelsum
1500 783 1558 833 et
1605 777 2096 846 munitissimum)

443 873 700 940 intravit,
762 874 1023 942 Peganes
1095 869 1416 941 Cotyaeium
1491 867 1764 922 obtinuit,
1839 865 2094 936 Uterque

439 964 617 1033 paulo
669 967 806 1033 post
847 966 1214 1032 expugnatus
1245 959 1304 1012 in
1335 957 1586 1011 vinculis
1617 961 1706 1011 est
1735 954 1806 1010 ad
1838 956 2093 1026 impera-

444 1057 633 1106 torem
658 1051 998 1122 perductus.
1023 1049 1186 1104 Oculi
1222 1049 1295 1101 iis
1319 1047 1541 1113 effossi,
1565 1044 1865 1116 Symbatio
1889 1044 2095 1098 dextra

444 1145 768 1212 amputata,
801 1156 980 1194 nasus
1010 1138 1246 1209 Pegani,
1283 1143 1340 1191 et
1370 1136 1614 1207 relegati
1649 1139 1807 1190 sunt.

443 1249 627 1304 ρονται
657 1229 748 1282 τὸν
789 1225 1036 1302 βασιλέαο
1071 1226 1123 1280 οἳ
1154 1225 1242 1279 καὶ
1271 1224 1398 1285 τοὺς
1432 1221 1750 1300 ὀφθαλμοὺς
1784 1220 2150 1295 πηρωθέντες,

440 1319 557 1393 ῥῖνα
589 1315 644 1372 δέ
677 1318 704 1371 6
740 1317 994 1390 Πηγάνης
1021 1314 1382 1387 ἀποτμηθεὶς,
1416 1311 1645 1386 ἐξορίαις
1676 1312 2152 1386 παραπέμπονται,

514 1408 803 1463 Omnibus
851 1411 1116 1462 Romano
1177 1406 1426 1476 imperio
1480 1403 1732 1458 subditis
1774 1408 1941 1475 grata
1977 1403 2092 1456 fuit

443 1497 644 1552 Basilii
690 1496 1042 1567 designatio,
1076 1493 1451 1565 cupientibus
1482 1508 1618 1548 eum
1665 1490 1858 1546 virum
1889 1490 2087 1545 videre

436 1586 510 1642 ad
542 1585 772 1641 clavum
803 1583 1146 1655 reipublicm
1171 1583 1498 1648 sedentem,
1531 1581 1630 1650 qui
1661 1579 1872 1650 privati
1897 1579 2086 1634 fortu-

438 1692 576 1730 nam
609 1679 886 1746 expertus
916 1690 1039 1728 non
1091 1674 1390 1744 ignoraret
1435 1669 1732 1741 quomodo
1765 1668 2022 1724 humiles
2055 1685 2089 1724 a

440 1765 782 1835 potentibus
815 1766 1229 1818 tractarentur.
1265 1764 1559 1815 Praeterea
1602 1759 1918 1814 molestum
1962 1763 2089 1812 erat

2483 591 2526 615 ’Μ

2207 595 2421 669 χειμὼν
2481 595 2508 649 δ

2205 688 2314 738 τῶν
2337 683 2601 758 ἀρχηγῶν
2629 691 2728 754 τῆς
2790 684 3045 748 ἀπονοίας
3096 689 3240 762 φυγῇ
3273 685 3371 752 τὴν
3423 685 3698 757 σωτηρίαν
3730 705 3866 752 πρα-

2206 775 2684 849 γματευσαμένων.
2735 774 2814 830 ⁴Ὁ
2877 774 2970 846 μὲν
3028 772 3121 828 οὖν
3197 768 3507 846 Συμϐάτιος
3556 775 3656 842 τήν
3715 773 3864 829 Πλα-

2203 867 2349 916 τεῖαν
2396 864 2598 936 πέτραν
2643 861 2924 940 (φρούριον
2979 859 3036 917 δέ
3074 866 3236 918 τοῦτο
3291 861 3522 937 ἐρυμνὸν
3572 865 3660 918 καὶ
3719 861 3862 919 δυσ-

2205 950 2418 1006 ἀλωτον
2442 951 2577 1006 κατά
2607 953 2706 1020 τήν
2737 951 2922 1008 Ἀσίαν
2975 948 3336 1025 διακείμενον)
3394 951 3792 1031 ἐπεισέρχεται,
3829 953 3860 1007 6

2205 1039 2262 1097 δέ
2301 1043 2561 1118 Πηγάνης
2591 1045 2823 1118 κατέσχε
2869 1045 2931 1099 τὸ
2982 1046 3293 1102 Κοτυαειον.
3335 1042 3513 1102 Ἀλλὰ
3564 1047 3701 1117 μετά
3759 1068 3860 1119 μι-

2203 1133 2332 1205 κρὸν
2364 1131 2907 1207 καταπολεμηθέντες
2966 1132 3180 1207 δέσμιοι
3240 1135 3373 1204 πρὸς
3433 1134 3594 1190 αὐτὸν
3655 1134 3858 1214 ἀναφέ-

2200 1221 2290 1276 καὶ
2340 1223 2563 1296 προσέτι
2622 1221 2828 1278 τούτων
2852 1223 2951 1292 τήν
2982 1223 3076 1296 μὲν
3111 1220 3286 1294 δεξιὰν
3318 1224 3346 1277 6
3381 1219 3722 1298 Συμόάτιος,
3754 1226 3860 1294 τήν

2585 595 2802 657 ἐπιστὰς
2860 596 2956 658 τὰς
3015 595 3294 659 συστάσεις
3348 596 3557 650 τούτων
3619 593 3863 666 διέλυσε,

2271 1400 2472 1462 Πάντες
2507 1398 2554 1455 δ’
2582 1401 2963 1480 ηὔφράνθησαν
2993 1402 3078 1458 ἐπὶ
3127 1405 3196 1475 τῇ
3251 1402 3544 1479 ἀναρῥήσει
3583 1407 3680 1457 τοῦ
3739 1406 3855 1460 Βα-

2199 1488 2408 1544 σιλείου
2439 1490 2496 1543 οἱ
2520 1497 2620 1559 τῆς
2650 1492 2938 1565 Ῥωμαίων
2991 1490 3270 1566 βασιλείας
3330 1491 3588 1562 ὑπήκοοι,
3635 1491 3857 1568 γλιχό-

2201 1600 2352 1652 μενοι
2385 1576 2550 1655 ἀνδρα
2573 1579 2858 1637 θεάσασθαι
2892 1581 2981 1636 ἐπὶ
3009 1586 3117 1636 τῶν
3152 1580 3350 1636 οἰάκων
3407 1587 3507 1651 τῆς
3569 1580 3857 1657 βασιλείας

2193 1671 2496 1742 καθήμενον
2533 1667 2817 1741 ἰδιωτικῆς
2847 1692 2904 1726 τε
2933 1671 3110 1742 τύχης
3176 1670 3568 1747 πεπειραμένον
3619 1672 3707 1726 καὶ
3770 1675 3852 1746 μή

2197 1757 2492 1832 ἀγνοοῦντα
2521 1762 2612 1814 οἶα
2659 1760 2964 1839 πάσχουσιν
3026 1761 3130 1815 ὑπὸ
3187 1765 3293 1816 τῶν
3356 1759 3738 1836 δυνατωτέρων
3797 1762 3854 1815 οῖ

441 1853 708 1908 Michaeli
742 1853 1085 1924 imperium,
1111 1850 1381 1904 dissoluti
1407 1849 1680 1917 nimium,
1701 1848 1972 1918 nullique
2003 1848 2083 1902 rei

2202 1847 2592 1924 ταπεινότεροι.
2629 1835 2984 1927 Ἐλόπειγάρ
3035 1849 3229 1912 αὐτοὺς
3290 1850 3380 1903 καὶ
3439 1852 3473 1919 ἡ
3527 1835 3636 1904 τοῦν
3695 1851 3854 1926 βασι-

442 1959 620 2013 quam
681 1940 1212 1997 comessationibus
1271 1945 1328 1994 et
1380 1937 1636 2009 crapula)
1695 1937 1879 1992 dediti
1911 1942 2088 2007 atque

440 2031 908 2102 aurigationibus
961 2030 1300 2099 scurrisque
1333 2033 1390 2082 et
1433 2027 1566 2081 aliis
1599 2026 1729 2081 istis
1761 2026 2090 2081 decantatis

441 2120 637 2191 nugis,
667 2135 920 2188 quarum
953 2136 1133 2189 supra
1183 2117 1374 2172 obiter
1403 2115 1769 2170 mentionem
1817 2115 2086 2169 fecimus.

441 2209 602 2263 Idem
634 2208 908 2262 aerarium
943 2224 1078 2262 cum
1111 2207 1314 2261 effusis
1346 2205 1406 2258 in
1439 2203 1726 2272 cinmdos,
1759 2203 2084 2259 sambucis-

441 2299 606 2365 trias,
653 2296 979 2352 saltatrices
1031 2296 1330 2366 aliamque
1377 2295 1747 2366 impurorum
1778 2293 2087 2348 hominum

439 2393 735 2442 catervam
796 2385 1212 2457 largitionibus
1273 2383 1644 2439 exhausisset
1681 2388 1740 2438 et
1769 2383 1828 2436 in
1860 2388 2087 2438 arctum

437 2492 564 2530 rem
598 2477 924 2530 Romanam
955 2473 1265 2546 coegisset,
1299 2471 1514 2526 deinde
1547 2471 1749 2542 inopia
1779 2475 2086 2542 premente

436 2582 569 2621 cum
597 2582 713 2636 quo
739 2581 799 2620 se
823 2569 1075 2619 verteret
1094 2579 1212 2618 non
1241 2561 1502 2628 haberet,
1531 2560 1785 2632 injustas
1806 2559 2084 2630 parandas

435 2670 552 2725 qua
575 2653 1032 2709 necessitatibus
1055 2653 1177 2707 suis
1191 2651 1532 2706 mederetur
1543 2649 1810 2720 pecuniae
1822 2647 2085 2704 rationes

434 2744 804 2814 excogitavit,
850 2758 1180 2812 manusque
1231 2740 1444 2811 impias
1491 2738 1668 2792 rebus
1719 2737 1868 2791 nihil
1915 2739 1990 2792 ad
2022 2754 2084 2792 se

434 2831 872 2902 pertinentibus
891 2831 1106 2884 intulit.
1131 2829 1283 2894 Quin
1307 2832 1366 2883 et
1385 2844 1519 2882 cum
1543 2831 1694 2881 cmtu
1719 2827 2082 2881 nefariorum

435 2926 613 2992 atque
645 2913 1060 2975 obscenorum
1083 2917 1446 2972 cinaedorum
1467 2915 1647 2970 rebus
1670 2916 1854 2971 sacris
1876 2915 2083 2970 illude-

433 3009 555 3078 bat,
581 3009 932 3078 nullumque
966 3014 1092 3062 erat
1121 3007 1268 3062 adeo
1301 3005 1610 3060 infandum
1645 3005 1846 3060 1002
1888 3005 2082 3060 scelus

431 3099 591 3170 quod
623 3100 673 3153 is
705 3115 840 3153 cum
873 3099 995 3152 suis
1026 3097 1271 3152 asseclis
1299 3095 1492 3150 verbis
1520 3111 1700 3166 reque
1733 3111 1854 3148 non
1876 3110 2082 3166 perpe-

431 3194 634 3244 traret.
685 3191 730 3242 Α
755 3188 970 3258 quibus
1002 3203 1135 3242 cum
1168 3202 1304 3241 eum
1335 3189 1600 3240 avertere
1625 3183 1891 3238 studeret
1918 3183 2082 3238 Basi-

430 3281 546 3334 lius
607 3295 853 3347 remque
911 3277 1126 3347 smpius
1186 3280 1490 3342 tentasset,
1523 3290 1643 3327 non
1704 3273 1879 3327 modo
1929 3273 2080 3327 nihil

432 3368 647 3432 effecit,
680 3366 780 3419 sed
809 3371 865 3418 et
893 3369 1101 3418 contra
1133 3379 1193 3416 se
1223 3362 1574 3416 Michaelum
1602 3361 1850 3415 irritavit
1873 3365 2076 3430 estque

433 3457 504 3510 ab
557 3472 622 3508 eo
663 3454 894 3508 insidiis
925 3454 1165 3524 petitus,
1198 3457 1266 3505 ut
1297 3468 1476 3521 supra
1505 3451 1836 3505 docuimus.
1871 3452 2077 3521 Itaque

433 3543 878 3600 continentibus
901 3542 1276 3613 imperatoris
1298 3547 1503 3596 contra
1535 3557 1596 3595 se
1619 3541 2080 3596 machinationi-

430 3634 541 3688 bus
572 3633 920 3704 perterritus
949 3636 1301 3704 praavertere
1336 3630 1694 3685 maleficium
1721 3631 1926 3686 statuit
1949 3638 2080 3686 tan-

432 3724 778 3792 dem,reque
797 3737 930 3776 cum
951 3721 1303 3791 quibusdam
1328 3719 1450 3775 suis
1472 3720 1846 3787 necessariis,
1863 3736 2080 3792 cogna—

434 3818 508 3872 tis
556 3832 622 3870 ac
674 3813 1114 3869 excubitoribus
1163 3812 1365 3884 palatii
1419 3812 1770 3884 composita,
1805 3811 1974 3868 illum
2016 3813 2078 3867 in

430 3907 650 3979 palatio
674 3905 796 3960 Divi
820 3905 1130 3960 Mamantis
1155 3903 1469 3958 interfecit.

2200 1934 2340 2000 λέως
2405 1935 2637 2013 Μιχαὴλ
2678 1939 2826 2013 ἀρχὴ
2888 1937 3006 1994 λίαν
3072 1939 3208 2014 ὑγρᾶ
3273 1938 3362 1994 καὶ
3421 1935 3850 2012 ἐκδεδιῃτημένη

2201 2025 2542 2104 ὑπάρχουσα,
2601 2025 2690 2082 καὶ
2764 2024 2933 2099 μηδὲν
2993 2026 3134 2084 ἄλλο
3191 2027 3346 2103 ἔργον
3395 2021 3600 2102 ἔχουσα
3632 2027 3759 2084 ἀλλ’
3811 2030 3850 2098 ἢ

2196 2115 2420 2187 κώμους
2503 2117 2594 2170 καὶ
2696 2116 2890 2190 μέθας,
2983 2116 3074 2172 καὶ
3161 2118 3486 2188 εὐθηνοῦσαι
3573 2115 3850 2188 ἱπποδρο-

2201 2201 2326 2276 μίαν
2355 2205 2443 2259 καὶ
2473 2203 2889 2280 γελωτοποιοὺς
2925 2206 3016 2260 καὶ
3045 2206 3141 2268 τὰς
3178 2205 3355 2269 ἄλλας
3413 2207 3508 2269 τὰς
3565 2209 3847 2281 παρεξηυ-

2197 2291 2441 2366 λημένας
2498 2299 2607 2349 τῶν
2669 2294 2935 2371 πράξεων,
2989 2295 3062 2350 ὧν
3132 2296 3208 2358 ὡς
3268 2295 3318 2350 ἐν
3379 2293 3604 2368 παρόδῳ
3660 2296 3846 2369 μνείαν

2196 2381 2394 2447 ἃνωθεν
2429 2386 2456 2438 ὁ
2488 2382 2656 2460 λόγος
2689 2381 2780 2440 διὰ
2811 2384 3062 2461 βραχέων
3121 2380 3290 2454 ἔθετο,
3339 2387 3465 2448 τοὺς
3526 2385 3852 2461 βασιλικοὺς

2196 2472 2502 2545 θησαυροὺς
2559 2470 2823 2536 κιναίδοις
2868 2474 2957 2528 καὶ
3012 2469 3459 2550 σαμϐυκιστρίαις
3515 2476 3606 2530 καὶ
3666 2475 3851 2553 ὀρχη-

2196 2561 2372 2632 στρίσι
2400 2562 2491 2616 καὶ
2520 2560 2839 2618 ἀκολάστων
2901 2562 3047 2618 ὅλων
3107 2562 3316 2634 πληθύϊ
3373 2561 3646 2638 δικράνοις
3691 2563 3854 2628 ὅλοις

2193 2649 2610 2713 ἀποκενοῦντος.
2665 2651 2782 2728 Ἀφ’
2841 2649 2915 2706 ὦν
2973 2653 3041 2707 τά
3099 2653 3194 2726 μὲν
3266 2654 3555 2724 Ῥωμαίων
3635 2651 3848 2708 ἐστενοο

2195 2745 2432 2812 χωρεῖτο
2463 2741 2775 2816 πράγματα,
2826 2738 2986 2802 αὖτὸς
3053 2738 3111 2796 δὲ
3165 2742 3677 2820 στενοχωρούμενος
3741 2743 3850 2796 ὑπὸ

2189 2835 2290 2898 τῆς
2316 2826 2534 2899 ἐνδείας,
2556 2831 2645 2884 καὶ
2680 2832 2754 2902 μὴ
2802 2825 2948 2906 ἔχων
3007 2831 3037 2886 ὅ
3095 2852 3146 2886 τι
3177 2833 3268 2886 καί
3320 2829 3584 2906 δράσειεν,
3620 2829 3848 2895 ἀδίκους

2189 2917 2395 2992 πόρους
2445 2918 2718 2975 ἐπενοεῖτο
2778 2920 2854 2982 εἰς
2911 2921 3194 2995 θεραπείαν
3253 2921 3398 2996 τάχα
3473 2929 3573 2990 τῆς
3624 2922 3844 2997 χρείας,

2189 3007 2278 3061 καὶ
2313 3013 2504 3082 χεῖρας
2535 3009 2784 3072 ἀνοσίους
2813 3004 3087 3065 ἐπέϐαλλε
3124 3015 3240 3072 τοῖς
3290 3011 3430 3065 κατά
3485 3007 3654 3083 μηδὲν
3690 3010 3846 3074 ὅλως

2189 3097 2338 3169 αὐτῷ
2363 3099 2721 3172 προσήκουσι.
2755 3098 3055 3168 Κατέπαιζε
3087 3096 3144 3153 δὲ
3199 3099 3288 3153 καὶ
3347 3102 3453 3153 τῶν
3487 3099 3643 3154 θείων
3707 3102 3848 3173 μετᾶ

2119 3205 2162 3270 C
2195 3191 2405 3262 μικρῶν
2467 3187 2556 3241 καὶ
2615 3187 2861 3262 ἀσελγῶν
2925 3184 3284 3264 ἀνδρογύνων
3370 3187 3460 3242 καὶ
3547 3185 3700 3243 οὐδὲν
3771 3191 3841 3258 ἧν

2190 3276 2622 3352 ἀρῥητούργημα
2660 3277 2689 3330 ’ὁ
2718 3277 2794 3348 μὴ
2827 3275 2896 3330 δι’
2929 3277 3096 3330 αὐτοῦ
3124 3277 3214 3331 καὶ
3271 3281 3380 3332 τῶν
3411 3275 3602 3340 ἄλλως
3662 3291 3844 3355 παρα-

2182 3363 2530 3443 τρεφομένων
2561 3364 2712 3435 αὐτῷ
2743 3365 2832 3418 καὶ
2865 3361 3083 3441 ἐλέγετο
3141 3365 3230 3419 καὶ
3289 3364 3606 3442 ἐπράττετο.
3663 3367 3842 3424 Ἀπο-

2183 3455 2396 3526 τρέπειν
2457 3450 2513 3508 δέ
2568 3459 2674 3508 τῶν
2731 3454 2994 3509 τοιούτων
3073 3452 3344 3528 ἀθεμίτων
3409 3452 3586 3531 ἔργων
3640 3460 3835 3511 τοῦτον

2188 3542 2526 3621 βουλόμενος
2554 3545 2582 3598 6
2613 3544 2900 3609 Βασίλειος
2937 3543 3214 3608 πολλάκις
3263 3549 3537 3622 πειραθεὶς
3571 3547 3632 3602 οὗ
3669 3548 3835 3620 μόνον

2186 3633 2518 3707 οὖκῖσχυσε,
2555 3631 2770 3704 μᾶλλον
2804 3633 2902 3704 μὲν
2933 3631 3027 3688 οὖν
3083 3634 3172 3688 καὶ
3230 3635 3367 3706 πρὸς
3408 3634 3578 3710 ὀργήν
3640 3635 3841 3710 ἀνηρέ-

2187 3735 2322 3790 θισε,
2353 3721 2443 3777 καὶ
2477 3719 2704 3794 μελετᾷν
2756 3724 2872 3778 κατ’
2930 3723 3097 3778 αὑτοῦ
3157 3725 3317 3778 σκαιά
3368 3724 3458 3778 καὶ
3510 3722 3687 3779 ἄτοπα
3745 3727 3840 3780 ἀν-

2186 3811 2420 3882 εκίνησε,
2449 3812 2628 3872 καθὼς
2669 3810 2721 3866 ἐν
2774 3817 2891 3875 τοῖς
2946 3808 3248 3886 ἔμπροσθεν
3309 3812 3539 3886 εἴρηται.
3593 3819 3723 3875 Ταῖς
3785 3813 3841 3869 δὲ

2669 3901 2948 3976 συνεχέσιν
3051 3896 3373 3964 ἐπιϐουλαῖς
3431 3901 3522 3956 καὶ
3583 3901 3844 3974 μελέταις

2184 3901 2302 3955 κατ’
2404 3899 2568 3955 αὐτοῦ

430 3993 848 4068 ἐκδειματωθεὶς
879 3995 906 4048 6
944 3991 1227 4052 Βασίλειος
1261 3989 1450 4064 δρᾶσαί
1481 4013 1530 4045 τι
1570 3989 1783 4064 μᾶλλον
1816 3991 1923 4066 πρὸ
1951 3995 2049 4045 τοῦ
2080 3993 2267 4046 παθεῖν
2323 3991 2658 4065 ἠγωνίσατο·
2728 3992 2924 4048 οὐκοῦν
2987 3992 3078 4047 καὶ
3136 3991 3643 4068 παρααευσᾶμενος
3703 3995 3844 4067 μετᾶ

429 4105 592 4140 τινων
623 4083 838 4139 οἰκείων
867 4103 924 4137 τε
949 4083 1036 4136 καὶ
1071 4086 1347 4158 συγγενῶν
1371 4081 1461 4134 καὶ
1495 4085 1603 4135 τῶν
1631 4079 1976 4154 παρακοίτων
2006 4078 2058 4134 ἐν
2098 4085 2212 4142 τοῖς
2247 4080 2548 4156 βασιλείοις
2605 4085 2946 4156 στρατιωτῶν
3003 4082 3213 4158 ἀναιρεῖ
3257 4084 3347 4138 τὸν
3385 4081 3609 4159 βασιλέα
3643 4083 3694 4139 ἐν
3719 4090 3840 4146 τοῖς

425 4171 712 4234 παλατίοις
735 4175 832 4226 τοῦ
865 4172 1054 4244 Ἀγίου
1089 4167 1328 4244 μεγάλου
1365 4169 1639 4242 μάρτυρος
1667 4170 1986 4240 Μάμαντος.

501 4265 664 4317 Hunc
711 4263 895 4316 finem
945 4260 1212 4316 Michaeli
1264 4259 1462 4314 niollis
1509 4275 1576 4314 ac
1628 4258 1916 4314 dissoluta
1963 4259 2082 4314 vita

428 4347 654 4404 habuit.
688 4353 767 4404 Eo
799 4349 1048 4413 sublato,
1084 4349 1281 4404 statim
1311 4347 1562 4403 Basilius
1584 4349 1842 4418 primum
1874 4363 1908 4403 a
1938 4365 2082 4403 con-

427 4436 750 4506 jurationis
809 4437 1005 4502 sociis,
1035 4437 1250 4491 deinde
1296 4454 1328 4491 a
1378 4441 1584 4491 senatu
1636 4441 1694 4490 et
1736 4437 2079 4492 cohortibus

431 4525 830 4596 imperatoriis
853 4532 911 4580 et
943 4527 1104 4580 omni
1129 4526 1390 4580 exercitu
1423 4532 1598 4596 atque
1621 4525 1848 4580 urbana
1873 4527 2072 4581 multi-

429 4614 633 4668 tudine
667 4616 992 4696 imperator
1025 4619 1112 4668 est
1136 4615 1489 4670 declaratus.
1526 4616 1596 4668 Ut
1627 4615 1882 4685 primum
1908 4632 2073 4670 occe-
2109 4585 2157 4646 Β

427 4705 514 4775 pit
564 4705 905 4776 imperium,
939 4709 1146 4758 senatu
1199 4722 1264 4758 ac
1308 4703 1750 4774 magistratibus
1782 4703 2079 4759 advocatis

427 4795 702 4850 mrarium
757 4794 1133 4866 imperatoris
1183 4793 1437 4863 aperuit,
1473 4792 1652 4861 inque
1702 4809 1770 4845 eo
1811 4792 1883 4846 de
1915 4798 2080 4848 tanta

426 4884 694 4955 pecunias
727 4887 896 4956 copia
927 4883 1078 4937 nihil
1114 4881 1411 4951 reliquum
1444 4881 1668 4933 invenit
1693 4886 1909 4951 prmter
1944 4884 2076 4950 tria,

428 4981 492 5026 ut
512 4972 1453 5039 diximus,centenaria.Quaerens
1467 4975 1662 5024 autem
1685 4987 2078 5040 expensarum

425 5062 679 5127 tabulas,
711 5067 768 5116 et
799 5078 898 5116 eas
925 5077 1108 5132 penes
1151 5058 1468 5128 quemdam
1503 5074 1703 5112 senem
1737 5061 2075 5114 eunuchum

424 5152 752 5223 reperiens,
787 5151 887 5204 ubi
947 5147 1341 5220 deprehendit
1393 5163 1675 5216 quorsum
1728 5164 1794 5201 ea
1827 5150 2078 5218 pecunia

424 5247 579 5296 esset
610 5241 767 5303 data,
806 5237 1194 5310 optimatibus
1225 5253 1348 5290 rem
1381 5235 1824 5290 deliberandum
1861 5253 2078 5308 propo-

425 5332 561 5383 suit.
596 5331 702 5395 Qui
737 5347 872 5385 cum
921 5345 1043 5383 una
1089 5327 1385 5381 sententia
1416 5325 1814 5381 decrevissent
1861 5327 2076 5383 debere

428 5418 632 5470 1003
658 5434 757 5472 eos
787 5418 887 5488 qui
921 5416 1233 5486 pecuniam
1265 5413 1438 5468 malis
1472 5415 1800 5470 rationibus
1821 5417 2078 5487 accepis-

427 5509 580 5561 sent,
615 5519 742 5557 eam
777 5506 985 5559 aerario
1020 5504 1353 5561 restituere.
1387 5504 1514 5572 ipse
1547 5503 1812 5575 mitigata
1835 5511 2078 5559 senten-

421 5587 505 5642 tia
526 5587 839 5644 dimidium
890 5593 1052 5647 reddi
1073 5592 1272 5662 jussit.
1307 5592 1425 5644 Hoc
1457 5591 1632 5646 modo
1658 5598 1921 5647 trecenta
1946 5595 2074 5648 auri

424 5677 771 5729 centenaria
798 5679 1003 5731 aerario
1030 5684 1379 5747 recuperata
1411 5684 1564 5732 sunt.
1591 5681 1751 5733 Inter
1779 5682 2074 5752 recipien-

2263 4258 2364 4314 Καὶ
2397 4257 2630 4333 Μιχαὴλ
2667 4260 2762 4333 μὲν
2795 4257 2937 4315 οὕτω
2998 4259 3154 4334 βιοὺς
3212 4261 3503 4335 ἀνειμένως
3562 4263 3652 4316 καὶ
3691 4263 3837 4334 μαλ-

2191 4348 2368 4409 θακῶς
2399 4353 2645 4403 τοιοῦτον
2677 4350 2764 4404 καὶ
2822 4350 2884 4404 τὸ
2939 4347 3100 4412 τέλος
3154 4347 3390 4422 ἐδέξατο,
3451 4352 3836 4426 ἀναγορεύεται

2190 4432 2248 4490 δὲ
2281 4435 2560 4510 μόναρχος
2591 4436 2746 4502 εὐθὺς
2802 4439 2830 4492 6
2890 4437 3175 4501 Βασίλειος
3230 4442 3375 4513 παρά
3430 4461 3488 4496 τε
3540 4446 3649 4496 τῶν
3707 4463 3836 4495 συν-

2188 4530 2421 4598 ωμοτῶν
2478 4531 2715 4601 πρῶτον,
2770 4529 2886 4583 εἶτα
2940 4529 3030 4582 καὶ
3087 4537 3185 4598 τῆς
3246 4528 3564 4606 συγκλήτου
3623 4532 3836 4604 βουλῆς

2187 4613 2276 4667 καὶ
2305 4618 2415 4669 τῶν
2448 4613 2748 4688 βασιλικῶν
2781 4617 3074 4690 ταγμάτων
3107 4618 3197 4671 καὶ
3255 4619 3454 4680 παντὸς
3511 4623 3610 4674 τοῦ
3669 4640 3836 4694 στρα-

2185 4703 2455 4775 τεύματος
2491 4703 2582 4758 καὶ
2639 4711 2737 4772 τῆς
2789 4705 3036 4776 πληθύος
3095 4713 3195 4775 τῆς
3250 4709 3337 4780 [Ρ.
3397 4709 3522 4780 568]
3581 4708 3837 4776 ἀπα-ἧς,

2187 4793 2340 4865 Ἀμα
2370 4789 2426 4847 δὲ
2479 4797 2560 4864 τῷ
2614 4793 2902 4866 παρελθεῖν
2953 4793 3040 4849 ἐπὶ
3099 4797 3201 4866 τήν
3259 4801 3367 4851 τῶν
3421 4793 3567 4852 ὅλων
3627 4799 3838 4872 ἀρχὴν,

2186 4879 2702 4955 προσκαλεσάμενος
2731 4881 2920 4937 αὐτίκα
2973 4885 3071 4952 τήν
3119 4884 3400 4959 γερουσίαν
3454 4885 3544 4939 καὶ
3599 4885 3731 4948 τοὺς
3785 4889 3838 4943 ἐν

2186 4971 2458 5042 ἀξιώμασι
2490 4971 2855 5048 προῦχοντας,
2914 4973 3005 5026 τὸν
3065 4973 3350 5047 βασιλικὸν
3407 4973 3602 5046 ἡνέῳξε
3633 4977 3840 5046 θησαυ-

2187 5059 2302 5132 ρὸν,
2335 5059 2421 5112 καὶ
2473 5056 2624 5113 οὐδὲν
2683 5057 2863 5134 ἕτερον
2922 5059 2982 5116 ἐκ
3029 5061 3291 5116 τοσούτου
3345 5067 3453 5117 τῶν
3521 5066 3838 5137 χρημάτων

2185 5145 2434 5216 πλήθους
2487 5146 2677 5222 εὑρέθη
2747 5147 2797 5201 εἷ·
2852 5150 2951 5220 μή,
3011 5149 3086 5210 ὡς
3149 5148 3239 5204 καὶ
3305 5148 3534 5220 πρόσθεν
3593 5151 3838 5226 εἴρηται,

2183 5234 2308 5308 τρία
2337 5235 2476 5307 μόνα
2506 5237 2848 5312 κεντηνάρια.
2901 5239 3149 5308 Ζητήσας
3209 5239 3302 5292 οὗν
3337 5241 3364 5292 6
3417 5239 3674 5313 βασιλεὺς
3733 5246 3836 5312 τήν

2183 5329 2283 5392 τῆς
2317 5321 2506 5393 ἐξόδου
2537 5324 2886 5404 ἀπογραφὴν,
2917 5327 3006 5380 καὶ
3065 5326 3268 5395 ταύτην
3311 5328 3486 5402 εὑρὼν
3548 5332 3696 5399 παρά
3727 5353 3837 5386 τινι

2185 5410 2402 5485 γέροντι
2461 5410 2730 5488 εὔνούχῳ,
2787 5415 2877 5470 καὶ
2940 5415 3123 5486 μαθὼν
3179 5416 3286 5484 ὅπη
3349 5421 3516 5472 ταῦτα
3554 5416 3837 5496 ἐχώρησε,

2191 5500 2401 5575 βουλήν
2431 5505 2555 5578 περὶ
2583 5504 2782 5560 τούτου
2842 5505 3108 5580 προῦθετο
3159 5512 3276 5570 τοῖς
3330 5505 3594 5581 ἀρίστοις.
3631 5515 3837 5589 Ψήφου

2185 5587 2242 5643 δὲ
2272 5591 2419 5663 παρά
2448 5594 2662 5646 πάντων
2696 5591 2945 5663 δοθείσης
2977 5593 3214 5656 ἐκείνους
3271 5594 3398 5655 τοὺς
3454 5602 3638 5659 κακῶς
3670 5587 3837 5656 ταῧτα

2187 5674 2452 5740 Λαϐόντας
2484 5681 2828 5755 ὰντιστρέῲαι
2863 5684 2932 5738 τὰ
2957 5683 3235 5758 ληφθέντα
3263 5684 3400 5759 πρὸς
3429 5687 3491 5740 τὸ
3539 5683 3835 5765 δημόσιον,
