  <div class='ocr_page' id='page_1' title='image "/cluster/home/n/w/nwhite01/storage/ocr_20150623/121/hvd.32044073502478/550.png"; bbox 0 0 4130 6218; ppageno 0'>
   <div class='ocr_carea' id='block_1_1' title="bbox 356 278 511 340">
    <p class='ocr_par' dir='ltr' id='par_1_1' title="bbox 356 278 511 340">
     <span class='ocr_line' id='line_1_1' title="bbox 356 278 511 340; baseline 0.006 -3"><span class='ocrx_word' id='word_1_1' title='bbox 356 278 511 340; x_wconf 80' lang='grc'><strong>1089</strong></span> 
     </span>
    </p>
   </div>
   <div class='ocr_carea' id='block_1_2' title="bbox 1755 273 2460 339">
    <p class='ocr_par' dir='ltr' id='par_1_2' title="bbox 1755 273 2460 339">
     <span class='ocr_line' id='line_1_2' title="bbox 1755 273 2460 339; baseline -0.006 0"><span class='ocrx_word' id='word_1_2' title='bbox 1755 275 2072 339; x_wconf 87' lang='lat' dir='ltr'>GEORGII</span> <span class='ocrx_word' id='word_1_3' title='bbox 2117 273 2426 335; x_wconf 82' lang='lat' dir='ltr'>CEDREN</span> <span class='ocrx_word' id='word_1_4' title='bbox 2434 278 2460 335; x_wconf 97' lang='grc' dir='ltr'><strong>Ι</strong></span> 
     </span>
    </p>
   </div>
   <div class='ocr_carea' id='block_1_3' title="bbox 3610 285 3768 346">
    <p class='ocr_par' dir='ltr' id='par_1_3' title="bbox 3610 285 3768 346">
     <span class='ocr_line' id='line_1_3' title="bbox 3610 285 3768 346; baseline 0.006 -1"><span class='ocrx_word' id='word_1_5' title='bbox 3610 285 3768 346; x_wconf 80' lang='grc'><strong>1090</strong></span> 
     </span>
    </p>
   </div>
   <div class='ocr_carea' id='block_1_4' title="bbox 357 408 1988 491">
    <p class='ocr_par' dir='ltr' id='par_1_4' title="bbox 357 408 1988 491">
     <span class='ocr_line' id='line_1_4' title="bbox 357 408 1988 491; baseline -0.002 -23"><span class='ocrx_word' id='word_1_6' title='bbox 357 414 387 468; x_wconf 80' lang='grc' dir='ltr'><strong>ὁ</strong></span> <span class='ocrx_word' id='word_1_7' title='bbox 449 411 704 490; x_wconf 81' lang='grc' dir='ltr'>βασιλεὺς</span> <span class='ocrx_word' id='word_1_8' title='bbox 762 418 860 468; x_wconf 85' lang='grc' dir='ltr'>τοῦ</span> <span class='ocrx_word' id='word_1_9' title='bbox 915 410 1045 491; x_wconf 71' lang='grc' dir='ltr'>ἅγαν</span> <span class='ocrx_word' id='word_1_10' title='bbox 1103 409 1418 478; x_wconf 81' lang='grc' dir='ltr'>ὑπενδιδοὺς</span> <span class='ocrx_word' id='word_1_11' title='bbox 1471 413 1538 468; x_wconf 72' lang='grc' dir='ltr'>τὰ</span> <span class='ocrx_word' id='word_1_12' title='bbox 1574 413 1752 488; x_wconf 79' lang='grc' dir='ltr'>ἡμίση</span> <span class='ocrx_word' id='word_1_13' title='bbox 1784 408 1857 466; x_wconf 81' lang='grc' dir='ltr'>ὧν</span> <span class='ocrx_word' id='word_1_14' title='bbox 1883 408 1988 466; x_wconf 70' lang='grc' dir='ltr'>ἕκαι</span> 
     </span>
    </p>
   </div>
   <div class='ocr_carea' id='block_1_5' title="bbox 2101 408 3766 491">
    <p class='ocr_par' dir='ltr' id='par_1_5' title="bbox 2125 411 3766 491">
     <span class='ocr_line' id='line_1_5' title="bbox 2125 411 3766 491; baseline 0.005 -25"><span class='ocrx_word' id='word_1_15' title='bbox 2125 411 2288 477; x_wconf 91' lang='lat' dir='ltr'>dum,</span> <span class='ocrx_word' id='word_1_16' title='bbox 2320 411 2644 482; x_wconf 88' lang='lat' dir='ltr'>plurimum</span> <span class='ocrx_word' id='word_1_17' title='bbox 2678 414 2944 485; x_wconf 82' lang='lat' dir='ltr'>pecuniae</span> <span class='ocrx_word' id='word_1_18' title='bbox 2976 413 3038 468; x_wconf 93' lang='lat' dir='ltr'>in</span> <span class='ocrx_word' id='word_1_19' title='bbox 3070 415 3516 474; x_wconf 74' lang='lat' dir='ltr'>multitudinem</span> <span class='ocrx_word' id='word_1_20' title='bbox 3549 420 3766 491; x_wconf 85' lang='lat' dir='ltr'>divisit,</span> 
     </span>
    </p>
   </div>
   <div class='ocr_carea' id='block_1_6' title="bbox 352 497 2002 578">
    <p class='ocr_par' dir='ltr' id='par_1_6' title="bbox 352 497 2002 578">
     <span class='ocr_line' id='line_1_6' title="bbox 352 497 2002 578; baseline -0.003 -20"><span class='ocrx_word' id='word_1_21' title='bbox 352 525 480 566; x_wconf 87' lang='grc' dir='ltr'>στος</span> <span class='ocrx_word' id='word_1_22' title='bbox 513 497 703 557; x_wconf 74' lang='grc' dir='ltr'>ἔλαϐεν</span> <span class='ocrx_word' id='word_1_23' title='bbox 736 503 1086 577; x_wconf 83' lang='grc' dir='ltr'>ἀντιστρέψαι</span> <span class='ocrx_word' id='word_1_24' title='bbox 1117 503 1252 578; x_wconf 84' lang='grc' dir='ltr'>πρὸς</span> <span class='ocrx_word' id='word_1_25' title='bbox 1293 504 1355 557; x_wconf 88' lang='grc' dir='ltr'>τὸ</span> <span class='ocrx_word' id='word_1_26' title='bbox 1390 500 1675 578; x_wconf 88' lang='grc' dir='ltr'>βασιλικὸν</span> <span class='ocrx_word' id='word_1_27' title='bbox 1721 505 2002 574; x_wconf 87' lang='grc' dir='ltr'>ταμειεῖον</span> 
     </span>
    </p>
   </div>
   <div class='ocr_carea' id='block_1_7' title="bbox 350 590 2004 670">
    <p class='ocr_par' dir='ltr' id='par_1_7' title="bbox 350 590 2004 670">
     <span class='ocr_line' id='line_1_7' title="bbox 350 590 2004 670; baseline -0.002 -21"><span class='ocrx_word' id='word_1_28' title='bbox 350 590 620 658; x_wconf 69' lang='grc' dir='ltr'>ἔκέλευαε,</span> <span class='ocrx_word' id='word_1_29' title='bbox 653 591 741 647; x_wconf 83' lang='grc' dir='ltr'>καὶ</span> <span class='ocrx_word' id='word_1_30' title='bbox 775 592 948 654; x_wconf 76' lang='grc' dir='ltr'>οὕτως</span> <span class='ocrx_word' id='word_1_31' title='bbox 981 593 1087 647; x_wconf 82' lang='grc' dir='ltr'>ἀπὸ</span> <span class='ocrx_word' id='word_1_32' title='bbox 1134 593 1242 648; x_wconf 83' lang='grc' dir='ltr'>τῶν</span> <span class='ocrx_word' id='word_1_33' title='bbox 1299 593 1564 647; x_wconf 75' lang='grc' dir='ltr'>τοιούτων</span> <span class='ocrx_word' id='word_1_34' title='bbox 1615 593 1865 670; x_wconf 71' lang='grc' dir='ltr'>συνήχθη</span> <span class='ocrx_word' id='word_1_35' title='bbox 1924 590 2004 662; x_wconf 81' lang='grc' dir='ltr'>τῷ</span> 
     </span>
    </p>
   </div>
   <div class='ocr_carea' id='block_1_8' title="bbox 351 679 2004 758">
    <p class='ocr_par' dir='ltr' id='par_1_8' title="bbox 351 679 2004 758">
     <span class='ocr_line' id='line_1_8' title="bbox 351 679 2004 758; baseline -0.002 -21"><span class='ocrx_word' id='word_1_36' title='bbox 351 679 609 756; x_wconf 82' lang='grc' dir='ltr'>δημοσίῳ</span> <span class='ocrx_word' id='word_1_37' title='bbox 654 681 888 757; x_wconf 80' lang='grc' dir='ltr'>χρυσίου</span> <span class='ocrx_word' id='word_1_38' title='bbox 939 681 1262 757; x_wconf 83' lang='grc' dir='ltr'>κεντηνάρια</span> <span class='ocrx_word' id='word_1_39' title='bbox 1310 682 1616 758; x_wconf 85' lang='grc' dir='ltr'>τριακόσια.</span> <span class='ocrx_word' id='word_1_40' title='bbox 1677 682 2004 750; x_wconf 75' lang='grc' dir='ltr'>Ἐποιήσατο</span> 
     </span>
    </p>
   </div>
   <div class='ocr_carea' id='block_1_9' title="bbox 350 768 2006 846">
    <p class='ocr_par' dir='ltr' id='par_1_9' title="bbox 350 768 2006 846">
     <span class='ocr_line' id='line_1_9' title="bbox 350 768 2006 846; baseline -0.003 -19"><span class='ocrx_word' id='word_1_41' title='bbox 350 770 527 827; x_wconf 75' lang='grc' dir='ltr'>δὲκαὶ</span> <span class='ocrx_word' id='word_1_42' title='bbox 559 768 798 845; x_wconf 84' lang='grc' dir='ltr'>πρόοδον</span> <span class='ocrx_word' id='word_1_43' title='bbox 831 771 859 826; x_wconf 80' lang='grc' dir='ltr'>ὁ</span> <span class='ocrx_word' id='word_1_44' title='bbox 905 771 1165 846; x_wconf 76' lang='grc' dir='ltr'>βασιλεὺς</span> <span class='ocrx_word' id='word_1_45' title='bbox 1225 769 1496 844; x_wconf 80' lang='grc' dir='ltr'>δημοσίαν</span> <span class='ocrx_word' id='word_1_46' title='bbox 1547 771 1636 826; x_wconf 89' lang='grc' dir='ltr'>ἐπὶ</span> <span class='ocrx_word' id='word_1_47' title='bbox 1693 770 1783 825; x_wconf 86' lang='grc' dir='ltr'>τὸν</span> <span class='ocrx_word' id='word_1_48' title='bbox 1843 769 2006 843; x_wconf 84' lang='grc' dir='ltr'>μέγαν</span> 
     </span>
    </p>
   </div>
   <div class='ocr_carea' id='block_1_10' title="bbox 348 855 2007 936">
    <p class='ocr_par' dir='ltr' id='par_1_10' title="bbox 348 855 2007 936">
     <span class='ocr_line' id='line_1_10' title="bbox 348 855 2007 936; baseline -0.003 -20"><span class='ocrx_word' id='word_1_49' title='bbox 348 863 450 929; x_wconf 75' lang='grc' dir='ltr'>τῆς</span> <span class='ocrx_word' id='word_1_50' title='bbox 479 864 578 915; x_wconf 81' lang='grc' dir='ltr'>τοῦ</span> <span class='ocrx_word' id='word_1_51' title='bbox 599 864 734 914; x_wconf 77' lang='grc' dir='ltr'>Θεοῦ</span> <span class='ocrx_word' id='word_1_52' title='bbox 767 859 948 936; x_wconf 84' lang='grc' dir='ltr'>Λόγου</span> <span class='ocrx_word' id='word_1_53' title='bbox 979 859 1180 936; x_wconf 76' lang='grc' dir='ltr'>Σοφίας</span> <span class='ocrx_word' id='word_1_54' title='bbox 1209 860 1356 933; x_wconf 88' lang='grc' dir='ltr'>ναὸν,</span> <span class='ocrx_word' id='word_1_55' title='bbox 1397 861 1487 916; x_wconf 77' lang='grc' dir='ltr'>καὶ</span> <span class='ocrx_word' id='word_1_56' title='bbox 1517 860 1781 935; x_wconf 71' lang='grc' dir='ltr'>χρήματα</span> <span class='ocrx_word' id='word_1_57' title='bbox 1819 855 2007 912; x_wconf 82' lang='grc' dir='ltr'>πολλὰ</span> 
     </span>
    </p>
   </div>
   <div class='ocr_carea' id='block_1_11' title="bbox 353 946 2007 1026">
    <p class='ocr_par' dir='ltr' id='par_1_11' title="bbox 353 946 2007 1026">
     <span class='ocr_line' id='line_1_11' title="bbox 353 946 2007 1026; baseline -0.002 -22"><span class='ocrx_word' id='word_1_58' title='bbox 353 949 406 1005; x_wconf 86' lang='grc' dir='ltr'>ἐν</span> <span class='ocrx_word' id='word_1_59' title='bbox 435 951 516 1021; x_wconf 83' lang='grc' dir='ltr'>τῷ</span> <span class='ocrx_word' id='word_1_60' title='bbox 543 947 896 1026; x_wconf 72' lang='grc' dir='ltr'>ὑποστρέφειν</span> <span class='ocrx_word' id='word_1_61' title='bbox 924 953 1004 1022; x_wconf 78' lang='grc' dir='ltr'>τῷ</span> <span class='ocrx_word' id='word_1_62' title='bbox 1046 947 1250 1019; x_wconf 79' lang='grc' dir='ltr'>πλήθει</span> <span class='ocrx_word' id='word_1_63' title='bbox 1317 946 1602 1022; x_wconf 75' lang='grc' dir='ltr'>διένειμεν,</span> <span class='ocrx_word' id='word_1_64' title='bbox 1660 948 1760 1003; x_wconf 84' lang='grc' dir='ltr'>ούκ</span> <span class='ocrx_word' id='word_1_65' title='bbox 1813 946 1873 1002; x_wconf 82' lang='grc' dir='ltr'>ἐκ</span> <span class='ocrx_word' id='word_1_66' title='bbox 1900 952 2007 1002; x_wconf 79' lang='grc' dir='ltr'>τῶν</span> 
     </span>
    </p>
   </div>
   <div class='ocr_carea' id='block_1_12' title="bbox 349 1036 2004 1116">
    <p class='ocr_par' dir='ltr' id='par_1_12' title="bbox 349 1036 2004 1116">
     <span class='ocr_line' id='line_1_12' title="bbox 349 1036 2004 1116; baseline -0.002 -22"><span class='ocrx_word' id='word_1_67' title='bbox 349 1037 662 1112; x_wconf 77' lang='grc' dir='ltr'>δημοσίων,</span> <span class='ocrx_word' id='word_1_68' title='bbox 690 1036 821 1093; x_wconf 86' lang='grc' dir='ltr'>ἀλλ’</span> <span class='ocrx_word' id='word_1_69' title='bbox 846 1037 906 1094; x_wconf 85' lang='grc' dir='ltr'>ἐκ</span> <span class='ocrx_word' id='word_1_70' title='bbox 935 1042 1041 1094; x_wconf 82' lang='grc' dir='ltr'>τῶν</span> <span class='ocrx_word' id='word_1_71' title='bbox 1078 1036 1185 1109; x_wconf 81' lang='grc' dir='ltr'>ἰδίᾳ</span> <span class='ocrx_word' id='word_1_72' title='bbox 1217 1036 1580 1116; x_wconf 78' lang='grc' dir='ltr'>διαφερόντων</span> <span class='ocrx_word' id='word_1_73' title='bbox 1633 1037 1801 1109; x_wconf 80' lang='grc' dir='ltr'>αύτῷ·</span> <span class='ocrx_word' id='word_1_74' title='bbox 1835 1056 2004 1112; x_wconf 86' lang='grc' dir='ltr'>προσ-</span> 
     </span>
    </p>
   </div>
   <div class='ocr_carea' id='block_1_13' title="bbox 349 1123 2008 1202">
    <p class='ocr_par' dir='ltr' id='par_1_13' title="bbox 349 1123 2008 1202">
     <span class='ocr_line' id='line_1_13' title="bbox 349 1123 2008 1202; baseline -0.002 -20"><span class='ocrx_word' id='word_1_75' title='bbox 349 1128 562 1202; x_wconf 84' lang='grc' dir='ltr'>εγένετο</span> <span class='ocrx_word' id='word_1_76' title='bbox 594 1127 697 1202; x_wconf 71' lang='grc' dir='ltr'>γὰρ</span> <span class='ocrx_word' id='word_1_77' title='bbox 747 1125 896 1199; x_wconf 85' lang='grc' dir='ltr'>αύτῷ</span> <span class='ocrx_word' id='word_1_78' title='bbox 948 1127 1164 1196; x_wconf 78' lang='grc' dir='ltr'>πλῆθος</span> <span class='ocrx_word' id='word_1_79' title='bbox 1229 1127 1534 1202; x_wconf 80' lang='grc' dir='ltr'>χρημάτων</span> <span class='ocrx_word' id='word_1_80' title='bbox 1593 1123 2008 1201; x_wconf 77' lang='grc' dir='ltr'>ἀπροσδόκητον</span> 
     </span>
    </p>
   </div>
   <div class='ocr_carea' id='block_1_14' title="bbox 344 1215 2009 1295">
    <p class='ocr_par' dir='ltr' id='par_1_14' title="bbox 344 1215 2009 1295">
     <span class='ocr_line' id='line_1_14' title="bbox 344 1215 2009 1295; baseline -0.002 -23"><span class='ocrx_word' id='word_1_81' title='bbox 344 1217 438 1272; x_wconf 79' lang='grc' dir='ltr'>καὶ</span> <span class='ocrx_word' id='word_1_82' title='bbox 471 1217 576 1272; x_wconf 79' lang='grc' dir='ltr'>ἀπὸ</span> <span class='ocrx_word' id='word_1_83' title='bbox 624 1218 908 1290; x_wconf 78' lang='grc' dir='ltr'>θησαυρῶν</span> <span class='ocrx_word' id='word_1_84' title='bbox 968 1215 1360 1291; x_wconf 73' lang='grc' dir='ltr'>κεκρυμμένων</span> <span class='ocrx_word' id='word_1_85' title='bbox 1445 1217 1852 1295; x_wconf 80' lang='grc' dir='ltr'>ἀναφανένντων</span> <span class='ocrx_word' id='word_1_86' title='bbox 1907 1221 2009 1284; x_wconf 78' lang='grc' dir='ltr'>τῆς</span> 
     </span>
    </p>
   </div>
   <div class='ocr_carea' id='block_1_15' title="bbox 346 1303 2009 1382">
    <p class='ocr_par' dir='ltr' id='par_1_15' title="bbox 346 1303 2009 1382">
     <span class='ocr_line' id='line_1_15' title="bbox 346 1303 2009 1382; baseline -0.004 -19"><span class='ocrx_word' id='word_1_87' title='bbox 346 1313 474 1382; x_wconf 81' lang='grc' dir='ltr'>γῆς.</span> <span class='ocrx_word' id='word_1_88' title='bbox 513 1307 720 1381; x_wconf 83' lang='grc' dir='ltr'>Εύρεθη</span> <span class='ocrx_word' id='word_1_89' title='bbox 751 1303 809 1361; x_wconf 74' lang='grc' dir='ltr'>δὲ</span> <span class='ocrx_word' id='word_1_90' title='bbox 837 1305 924 1360; x_wconf 77' lang='grc' dir='ltr'>καὶ</span> <span class='ocrx_word' id='word_1_91' title='bbox 980 1306 1030 1360; x_wconf 85' lang='grc' dir='ltr'>ἐν</span> <span class='ocrx_word' id='word_1_92' title='bbox 1086 1311 1164 1378; x_wconf 81' lang='grc' dir='ltr'>τῷ</span> <span class='ocrx_word' id='word_1_93' title='bbox 1221 1305 1409 1378; x_wconf 82' lang='grc' dir='ltr'>εἰδικῷ</span> <span class='ocrx_word' id='word_1_94' title='bbox 1465 1310 1576 1380; x_wconf 84' lang='lat'>(75)</span> <span class='ocrx_word' id='word_1_95' title='bbox 1619 1305 1847 1382; x_wconf 88' lang='grc' dir='ltr'>χρυσίον</span> <span class='ocrx_word' id='word_1_96' title='bbox 1903 1305 2009 1358; x_wconf 84' lang='grc' dir='ltr'>οὐκ</span> 
     </span>
    </p>
   </div>
   <div class='ocr_carea' id='block_1_16' title="bbox 2115 500 3763 580">
    <p class='ocr_par' dir='ltr' id='par_1_16' title="bbox 2115 500 3763 580">
     <span class='ocr_line' id='line_1_16' title="bbox 2115 500 3763 580; baseline 0.006 -26"><span class='ocrx_word' id='word_1_97' title='bbox 2115 516 2235 554; x_wconf 88' lang='lat' dir='ltr'>non</span> <span class='ocrx_word' id='word_1_98' title='bbox 2267 500 2338 554; x_wconf 83' lang='lat' dir='ltr'>de</span> <span class='ocrx_word' id='word_1_99' title='bbox 2372 501 2606 571; x_wconf 91' lang='lat' dir='ltr'>publico</span> <span class='ocrx_word' id='word_1_100' title='bbox 2640 502 2741 556; x_wconf 90' lang='lat' dir='ltr'>sed</span> <span class='ocrx_word' id='word_1_101' title='bbox 2774 502 2844 557; x_wconf 88' lang='lat' dir='ltr'>de</span> <span class='ocrx_word' id='word_1_102' title='bbox 2880 519 3022 558; x_wconf 90' lang='lat' dir='ltr'>suo:</span> <span class='ocrx_word' id='word_1_103' title='bbox 3058 504 3360 574; x_wconf 89' lang='lat' dir='ltr'>insperata</span> <span class='ocrx_word' id='word_1_104' title='bbox 3386 508 3546 562; x_wconf 90' lang='lat' dir='ltr'>enim</span> <span class='ocrx_word' id='word_1_105' title='bbox 3573 509 3624 563; x_wconf 91' lang='lat' dir='ltr'>ei</span> <span class='ocrx_word' id='word_1_106' title='bbox 3657 525 3763 580; x_wconf 86' lang='lat' dir='ltr'>pe-</span> 
     </span>
    </p>
   </div>
   <div class='ocr_carea' id='block_1_17' title="bbox 2075 589 3762 662">
    <p class='ocr_par' dir='ltr' id='par_1_17' title="bbox 2075 589 3762 662">
     <span class='ocr_line' id='line_1_17' title="bbox 2075 589 3762 662; baseline 0.009 -24"><span class='ocrx_word' id='word_1_107' title='bbox 2075 629 2084 638; x_wconf 93' lang='lat'>.</span> <span class='ocrx_word' id='word_1_108' title='bbox 2114 590 2302 644; x_wconf 75' lang='lat' dir='ltr'>cunias</span> <span class='ocrx_word' id='word_1_109' title='bbox 2334 589 2505 660; x_wconf 90' lang='lat' dir='ltr'>copia</span> <span class='ocrx_word' id='word_1_110' title='bbox 2556 590 2764 662; x_wconf 78' lang='lat' dir='ltr'>obtigit</span> <span class='ocrx_word' id='word_1_111' title='bbox 2795 609 2866 646; x_wconf 89' lang='lat' dir='ltr'>ex</span> <span class='ocrx_word' id='word_1_112' title='bbox 2897 593 3146 648; x_wconf 84' lang='lat' dir='ltr'>occultis</span> <span class='ocrx_word' id='word_1_113' title='bbox 3179 595 3356 649; x_wconf 89' lang='lat' dir='ltr'>etiam</span> <span class='ocrx_word' id='word_1_114' title='bbox 3408 597 3701 652; x_wconf 74' lang='lat' dir='ltr'>thesauris</span> <span class='ocrx_word' id='word_1_115' title='bbox 3733 616 3762 652; x_wconf 93' lang='lat' dir='ltr'>e</span> 
     </span>
    </p>
   </div>
   <div class='ocr_carea' id='block_1_18' title="bbox 2115 679 3762 749">
    <p class='ocr_par' dir='ltr' id='par_1_18' title="bbox 2115 679 3762 749">
     <span class='ocr_line' id='line_1_18' title="bbox 2115 679 3762 749; baseline 0.006 -17"><span class='ocrx_word' id='word_1_116' title='bbox 2115 683 2272 734; x_wconf 90' lang='lat' dir='ltr'>terra</span> <span class='ocrx_word' id='word_1_117' title='bbox 2303 679 2762 749; x_wconf 76' lang='lat' dir='ltr'>emergentibus.</span> <span class='ocrx_word' id='word_1_118' title='bbox 2797 681 2949 745; x_wconf 85' lang='lat' dir='ltr'>Quin</span> <span class='ocrx_word' id='word_1_119' title='bbox 3000 688 3056 736; x_wconf 91' lang='lat' dir='ltr'>et</span> <span class='ocrx_word' id='word_1_120' title='bbox 3106 683 3166 736; x_wconf 92' lang='lat' dir='ltr'>in</span> <span class='ocrx_word' id='word_1_121' title='bbox 3215 685 3414 738; x_wconf 89' lang='lat' dir='ltr'>Eidico</span> <span class='ocrx_word' id='word_1_122' title='bbox 3442 687 3570 739; x_wconf 84' lang='lat' dir='ltr'>auri</span> <span class='ocrx_word' id='word_1_123' title='bbox 3605 687 3762 742; x_wconf 85' lang='lat' dir='ltr'>haud</span> 
     </span>
    </p>
   </div>
   <div class='ocr_carea' id='block_1_19' title="bbox 2113 769 3762 846">
    <p class='ocr_par' dir='ltr' id='par_1_19' title="bbox 2113 769 3762 846">
     <span class='ocr_line' id='line_1_19' title="bbox 2113 769 3762 846; baseline 0.006 -25"><span class='ocrx_word' id='word_1_124' title='bbox 2113 784 2323 838; x_wconf 90' lang='lat' dir='ltr'>parum</span> <span class='ocrx_word' id='word_1_125' title='bbox 2351 769 2654 823; x_wconf 88' lang='lat' dir='ltr'>inventum</span> <span class='ocrx_word' id='word_1_126' title='bbox 2679 770 3109 838; x_wconf 86' lang='lat' dir='ltr'>est,collectum</span> <span class='ocrx_word' id='word_1_127' title='bbox 3140 788 3173 826; x_wconf 91' lang='lat' dir='ltr'>a</span> <span class='ocrx_word' id='word_1_128' title='bbox 3197 773 3482 828; x_wconf 85' lang='lat' dir='ltr'>Michaelo</span> <span class='ocrx_word' id='word_1_129' title='bbox 3510 792 3522 827; x_wconf 94' lang='lat'>:</span> <span class='ocrx_word' id='word_1_130' title='bbox 3548 792 3762 846; x_wconf 83' lang='lat' dir='ltr'>nempe</span> 
     </span>
    </p>
   </div>
   <div class='ocr_carea' id='block_1_20' title="bbox 2115 857 3763 936">
    <p class='ocr_par' dir='ltr' id='par_1_20' title="bbox 2115 857 3763 936">
     <span class='ocr_line' id='line_1_20' title="bbox 2115 857 3763 936; baseline 0.005 -25"><span class='ocrx_word' id='word_1_131' title='bbox 2115 857 2335 912; x_wconf 87' lang='lat' dir='ltr'>nobilis</span> <span class='ocrx_word' id='word_1_132' title='bbox 2387 858 2501 912; x_wconf 85' lang='lat' dir='ltr'>ista</span> <span class='ocrx_word' id='word_1_133' title='bbox 2554 857 2848 929; x_wconf 80' lang='lat' dir='ltr'>platanus,</span> <span class='ocrx_word' id='word_1_134' title='bbox 2909 859 3022 915; x_wconf 91' lang='lat' dir='ltr'>duo</span> <span class='ocrx_word' id='word_1_135' title='bbox 3083 860 3270 915; x_wconf 85' lang='lat' dir='ltr'>solide</span> <span class='ocrx_word' id='word_1_136' title='bbox 3321 863 3486 917; x_wconf 90' lang='lat' dir='ltr'>aurei</span> <span class='ocrx_word' id='word_1_137' title='bbox 3529 882 3763 936; x_wconf 77' lang='lat' dir='ltr'>grypes,</span> 
     </span>
    </p>
   </div>
   <div class='ocr_carea' id='block_1_21' title="bbox 2116 946 3764 1016">
    <p class='ocr_par' dir='ltr' id='par_1_21' title="bbox 2116 946 3764 1016">
     <span class='ocr_line' id='line_1_21' title="bbox 2116 946 3764 1016; baseline 0.005 -15"><span class='ocrx_word' id='word_1_138' title='bbox 2116 946 2232 1002; x_wconf 92' lang='lat' dir='ltr'>duo</span> <span class='ocrx_word' id='word_1_139' title='bbox 2265 965 2337 1002; x_wconf 86' lang='lat' dir='ltr'>ex</span> <span class='ocrx_word' id='word_1_140' title='bbox 2368 965 2511 1003; x_wconf 92' lang='lat' dir='ltr'>auro</span> <span class='ocrx_word' id='word_1_141' title='bbox 2565 949 2725 1004; x_wconf 90' lang='lat' dir='ltr'>ducti</span> <span class='ocrx_word' id='word_1_142' title='bbox 2773 949 2996 1016; x_wconf 88' lang='lat' dir='ltr'>leones,</span> <span class='ocrx_word' id='word_1_143' title='bbox 3033 955 3217 1006; x_wconf 89' lang='lat' dir='ltr'>totum</span> <span class='ocrx_word' id='word_1_144' title='bbox 3262 969 3508 1008; x_wconf 89' lang='lat' dir='ltr'>aureum</span> <span class='ocrx_word' id='word_1_145' title='bbox 3541 955 3764 1010; x_wconf 88' lang='lat' dir='ltr'>instru-</span> 
     </span>
    </p>
   </div>
   <div class='ocr_carea' id='block_1_22' title="bbox 2115 1041 3764 1115">
    <p class='ocr_par' dir='ltr' id='par_1_22' title="bbox 2115 1041 3764 1115">
     <span class='ocr_line' id='line_1_22' title="bbox 2115 1041 3764 1115; baseline 0.004 -24"><span class='ocrx_word' id='word_1_146' title='bbox 2115 1041 2405 1102; x_wconf 80' lang='lat' dir='ltr'>mentum,</span> <span class='ocrx_word' id='word_1_147' title='bbox 2456 1043 2514 1092; x_wconf 89' lang='lat' dir='ltr'>et</span> <span class='ocrx_word' id='word_1_148' title='bbox 2569 1055 2706 1093; x_wconf 90' lang='lat' dir='ltr'>vasa</span> <span class='ocrx_word' id='word_1_149' title='bbox 2763 1056 2983 1094; x_wconf 72' lang='lat' dir='ltr'>mensa:</span> <span class='ocrx_word' id='word_1_150' title='bbox 3033 1057 3214 1096; x_wconf 88' lang='lat' dir='ltr'>aurea</span> <span class='ocrx_word' id='word_1_151' title='bbox 3265 1042 3442 1112; x_wconf 89' lang='lat' dir='ltr'>varia,</span> <span class='ocrx_word' id='word_1_152' title='bbox 3475 1060 3543 1097; x_wconf 90' lang='lat' dir='ltr'>ac</span> <span class='ocrx_word' id='word_1_153' title='bbox 3575 1044 3764 1115; x_wconf 89' lang='lat' dir='ltr'>impe-</span> 
     </span>
    </p>
   </div>
   <div class='ocr_carea' id='block_1_23' title="bbox 2115 1126 3760 1200">
    <p class='ocr_par' dir='ltr' id='par_1_23' title="bbox 2115 1126 3760 1200">
     <span class='ocr_line' id='line_1_23' title="bbox 2115 1126 3760 1200; baseline 0.005 -20"><span class='ocrx_word' id='word_1_154' title='bbox 2115 1126 2350 1180; x_wconf 67' lang='lat' dir='ltr'>ratoriae</span> <span class='ocrx_word' id='word_1_155' title='bbox 2411 1132 2620 1184; x_wconf 86' lang='lat' dir='ltr'>vestes.</span> <span class='ocrx_word' id='word_1_156' title='bbox 2663 1128 2885 1191; x_wconf 86' lang='lat' dir='ltr'>Quibus</span> <span class='ocrx_word' id='word_1_157' title='bbox 2937 1129 2986 1182; x_wconf 89' lang='lat' dir='ltr'>is</span> <span class='ocrx_word' id='word_1_158' title='bbox 3017 1147 3121 1200; x_wconf 90' lang='lat' dir='ltr'>pro</span> <span class='ocrx_word' id='word_1_159' title='bbox 3174 1149 3278 1185; x_wconf 86' lang='lat' dir='ltr'>sua</span> <span class='ocrx_word' id='word_1_160' title='bbox 3326 1131 3573 1188; x_wconf 88' lang='lat' dir='ltr'>libidine</span> <span class='ocrx_word' id='word_1_161' title='bbox 3626 1151 3760 1188; x_wconf 87' lang='lat' dir='ltr'>cum</span> 
     </span>
    </p>
   </div>
   <div class='ocr_carea' id='block_1_24' title="bbox 2119 1215 3759 1292">
    <p class='ocr_par' dir='ltr' id='par_1_24' title="bbox 2119 1215 3759 1292">
     <span class='ocr_line' id='line_1_24' title="bbox 2119 1215 3759 1292; baseline 0.005 -23"><span class='ocrx_word' id='word_1_162' title='bbox 2119 1220 2274 1270; x_wconf 86' lang='lat' dir='ltr'>esset</span> <span class='ocrx_word' id='word_1_163' title='bbox 2320 1215 2634 1280; x_wconf 87' lang='lat' dir='ltr'>abusurus,</span> <span class='ocrx_word' id='word_1_164' title='bbox 2671 1222 2858 1271; x_wconf 88' lang='lat' dir='ltr'>morte</span> <span class='ocrx_word' id='word_1_165' title='bbox 2907 1223 3242 1286; x_wconf 78' lang='lat' dir='ltr'>praeventus</span> <span class='ocrx_word' id='word_1_166' title='bbox 3291 1225 3380 1274; x_wconf 86' lang='lat' dir='ltr'>est</span> <span class='ocrx_word' id='word_1_167' title='bbox 3427 1221 3656 1292; x_wconf 87' lang='lat' dir='ltr'>istaque</span> <span class='ocrx_word' id='word_1_168' title='bbox 3687 1222 3759 1276; x_wconf 83' lang='lat' dir='ltr'>ad</span> 
     </span>
    </p>
   </div>
   <div class='ocr_carea' id='block_1_25' title="bbox 2119 1303 3687 1378">
    <p class='ocr_par' dir='ltr' id='par_1_25' title="bbox 2119 1303 3687 1378">
     <span class='ocr_line' id='line_1_25' title="bbox 2119 1303 3687 1378; baseline 0.005 -20"><span class='ocrx_word' id='word_1_169' title='bbox 2119 1303 2402 1359; x_wconf 88' lang='lat' dir='ltr'>Basilium</span> <span class='ocrx_word' id='word_1_170' title='bbox 2433 1304 2814 1360; x_wconf 90' lang='lat' dir='ltr'>devenerunt.</span> <span class='ocrx_word' id='word_1_171' title='bbox 2845 1305 2958 1360; x_wconf 88' lang='lat' dir='ltr'>Sed</span> <span class='ocrx_word' id='word_1_172' title='bbox 2988 1306 3114 1361; x_wconf 65' lang='lat' dir='ltr'>hanc</span> <span class='ocrx_word' id='word_1_173' title='bbox 3139 1313 3342 1378; x_wconf 87' lang='lat' dir='ltr'>postea</span> <span class='ocrx_word' id='word_1_174' title='bbox 3371 1316 3501 1365; x_wconf 88' lang='lat' dir='ltr'>acta</span> <span class='ocrx_word' id='word_1_175' title='bbox 3531 1317 3687 1366; x_wconf 91' lang='lat' dir='ltr'>sunt.</span> 
     </span>
    </p>
   </div>
   <div class='ocr_carea' id='block_1_26' title="bbox 342 1389 3756 1470">
    <p class='ocr_par' dir='ltr' id='par_1_26' title="bbox 342 1389 3756 1470">
     <span class='ocr_line' id='line_1_26' title="bbox 342 1389 3756 1470; baseline 0.001 -21"><span class='ocrx_word' id='word_1_176' title='bbox 342 1389 1318 1470; x_wconf 76' lang='grc' dir='ltr'>όλίγον,ὅπερὁπροόεϐασιλευκὼς</span> <span class='ocrx_word' id='word_1_177' title='bbox 1377 1393 1608 1469; x_wconf 76' lang='grc' dir='ltr'>Μιχαὴλ</span> <span class='ocrx_word' id='word_1_178' title='bbox 1668 1393 1932 1462; x_wconf 74' lang='grc' dir='ltr'>συνέλεξε,</span> <span class='ocrx_word' id='word_1_179' title='bbox 1990 1391 2090 1461; x_wconf 83' lang='grc' dir='ltr'>τήν</span> <span class='ocrx_word' id='word_1_180' title='bbox 2149 1389 2524 1466; x_wconf 70' lang='grc' dir='ltr'>θρυλουμένην</span> <span class='ocrx_word' id='word_1_181' title='bbox 2586 1390 2792 1463; x_wconf 84' lang='grc' dir='ltr'>ἐκείνην</span> <span class='ocrx_word' id='word_1_182' title='bbox 2855 1391 3124 1448; x_wconf 81' lang='grc' dir='ltr'>πλάτανον</span> <span class='ocrx_word' id='word_1_183' title='bbox 3170 1395 3447 1470; x_wconf 77' lang='grc' dir='ltr'>χωνεύσας</span> <span class='ocrx_word' id='word_1_184' title='bbox 3479 1397 3570 1451; x_wconf 82' lang='grc' dir='ltr'>καὶ</span> <span class='ocrx_word' id='word_1_185' title='bbox 3629 1400 3756 1460; x_wconf 76' lang='grc' dir='ltr'>τοὺς</span> 
     </span>
    </p>
   </div>
   <div class='ocr_carea' id='block_1_27' title="bbox 344 1480 3762 1563">
    <p class='ocr_par' dir='ltr' id='par_1_27' title="bbox 344 1480 3762 1563">
     <span class='ocr_line' id='line_1_27' title="bbox 344 1480 3762 1563; baseline 0.001 -24"><span class='ocrx_word' id='word_1_186' title='bbox 344 1481 441 1540; x_wconf 86' lang='grc' dir='ltr'>δύο</span> <span class='ocrx_word' id='word_1_187' title='bbox 503 1482 850 1560; x_wconf 70' lang='grc' dir='ltr'>ὁλοχρύσους</span> <span class='ocrx_word' id='word_1_188' title='bbox 907 1488 1119 1560; x_wconf 81' lang='grc' dir='ltr'>γρῦπας</span> <span class='ocrx_word' id='word_1_189' title='bbox 1176 1485 1265 1539; x_wconf 82' lang='grc' dir='ltr'>καὶ</span> <span class='ocrx_word' id='word_1_190' title='bbox 1321 1483 1450 1547; x_wconf 80' lang='grc' dir='ltr'>τοὺς</span> <span class='ocrx_word' id='word_1_191' title='bbox 1510 1481 1607 1539; x_wconf 90' lang='grc' dir='ltr'>δύο</span> <span class='ocrx_word' id='word_1_192' title='bbox 1664 1481 2046 1560; x_wconf 79' lang='grc' dir='ltr'>σφυρηλάτους</span> <span class='ocrx_word' id='word_1_193' title='bbox 2105 1480 2327 1543; x_wconf 86' lang='grc' dir='ltr'>λέοντας</span> <span class='ocrx_word' id='word_1_194' title='bbox 2386 1482 2476 1535; x_wconf 85' lang='grc' dir='ltr'>καὶ</span> <span class='ocrx_word' id='word_1_195' title='bbox 2543 1482 2605 1536; x_wconf 83' lang='grc' dir='ltr'>τὸ</span> <span class='ocrx_word' id='word_1_196' title='bbox 2665 1480 2973 1560; x_wconf 84' lang='grc' dir='ltr'>ὁλόχρυσον</span> <span class='ocrx_word' id='word_1_197' title='bbox 3031 1480 3260 1560; x_wconf 75' lang='grc' dir='ltr'>ὄργανον</span> <span class='ocrx_word' id='word_1_198' title='bbox 3305 1489 3413 1558; x_wconf 85' lang='grc'>(76)</span> <span class='ocrx_word' id='word_1_199' title='bbox 3461 1486 3551 1540; x_wconf 78' lang='grc' dir='ltr'>καὶ</span> <span class='ocrx_word' id='word_1_200' title='bbox 3605 1485 3762 1563; x_wconf 72' lang='grc' dir='ltr'>ἕτερα</span> 
     </span>
    </p>
   </div>
   <div class='ocr_carea' id='block_1_28' title="bbox 340 1568 3763 1652">
    <p class='ocr_par' dir='ltr' id='par_1_28' title="bbox 340 1568 3763 1652">
     <span class='ocr_line' id='line_1_28' title="bbox 340 1568 3763 1652; baseline 0.001 -23"><span class='ocrx_word' id='word_1_201' title='bbox 340 1579 449 1629; x_wconf 83' lang='grc' dir='ltr'>τῶν</span> <span class='ocrx_word' id='word_1_202' title='bbox 479 1571 569 1628; x_wconf 85' lang='grc' dir='ltr'>ἐπὶ</span> <span class='ocrx_word' id='word_1_203' title='bbox 599 1581 699 1644; x_wconf 77' lang='grc' dir='ltr'>τῆς</span> <span class='ocrx_word' id='word_1_204' title='bbox 725 1573 996 1648; x_wconf 78' lang='grc' dir='ltr'>τραπέζης</span> <span class='ocrx_word' id='word_1_205' title='bbox 1029 1573 1413 1652; x_wconf 81' lang='grc' dir='ltr'>χρυσωμάτων</span> <span class='ocrx_word' id='word_1_206' title='bbox 1468 1572 1597 1650; x_wconf 81' lang='grc' dir='ltr'>ἔργα</span> <span class='ocrx_word' id='word_1_207' title='bbox 1659 1571 1913 1647; x_wconf 82' lang='grc' dir='ltr'>διάφορα,</span> <span class='ocrx_word' id='word_1_208' title='bbox 1946 1571 2036 1626; x_wconf 89' lang='grc' dir='ltr'>καὶ</span> <span class='ocrx_word' id='word_1_209' title='bbox 2095 1568 2382 1646; x_wconf 80' lang='grc' dir='ltr'>βασιλικὰς</span> <span class='ocrx_word' id='word_1_210' title='bbox 2437 1571 2526 1625; x_wconf 85' lang='grc' dir='ltr'>καὶ</span> <span class='ocrx_word' id='word_1_211' title='bbox 2577 1570 2949 1648; x_wconf 76' lang='grc' dir='ltr'>Αύγουστικᾶς</span> <span class='ocrx_word' id='word_1_212' title='bbox 3003 1571 3224 1645; x_wconf 83' lang='grc' dir='ltr'>στολὰς,</span> <span class='ocrx_word' id='word_1_213' title='bbox 3284 1575 3473 1650; x_wconf 67' lang='grc' dir='ltr'>οἷσπερ</span> <span class='ocrx_word' id='word_1_214' title='bbox 3533 1574 3763 1650; x_wconf 81' lang='grc' dir='ltr'>ἔμελλεν</span> 
     </span>
    </p>
   </div>
   <div class='ocr_carea' id='block_1_29' title="bbox 344 1657 3763 1742">
    <p class='ocr_par' dir='ltr' id='par_1_29' title="bbox 344 1657 3763 1742">
     <span class='ocr_line' id='line_1_29' title="bbox 344 1657 3763 1742; baseline 0.001 -24"><span class='ocrx_word' id='word_1_215' title='bbox 344 1662 767 1742; x_wconf 78' lang='grc' dir='ltr'>ἀποχρήσασθαι</span> <span class='ocrx_word' id='word_1_216' title='bbox 800 1664 937 1739; x_wconf 89' lang='grc' dir='ltr'>πρὸς</span> <span class='ocrx_word' id='word_1_217' title='bbox 1002 1663 1071 1718; x_wconf 79' lang='grc' dir='ltr'>τὰ</span> <span class='ocrx_word' id='word_1_218' title='bbox 1126 1663 1273 1735; x_wconf 83' lang='grc' dir='ltr'>αύτῷ</span> <span class='ocrx_word' id='word_1_219' title='bbox 1302 1662 1632 1737; x_wconf 77' lang='grc' dir='ltr'>καταθύμια,</span> <span class='ocrx_word' id='word_1_220' title='bbox 1665 1663 1866 1740; x_wconf 77' lang='grc' dir='ltr'>φθάσαν</span> <span class='ocrx_word' id='word_1_221' title='bbox 1927 1659 1985 1716; x_wconf 80' lang='grc' dir='ltr'>δὲ</span> <span class='ocrx_word' id='word_1_222' title='bbox 2037 1659 2102 1714; x_wconf 90' lang='grc' dir='ltr'>τὸ</span> <span class='ocrx_word' id='word_1_223' title='bbox 2152 1659 2337 1732; x_wconf 80' lang='grc' dir='ltr'>χρεὼν</span> <span class='ocrx_word' id='word_1_224' title='bbox 2371 1658 2445 1722; x_wconf 75' lang='grc' dir='ltr'>εἷς</span> <span class='ocrx_word' id='word_1_225' title='bbox 2470 1659 2753 1715; x_wconf 75' lang='grc' dir='ltr'>Βασίλειον</span> <span class='ocrx_word' id='word_1_226' title='bbox 2786 1665 2952 1716; x_wconf 79' lang='grc' dir='ltr'>ταῦτα</span> <span class='ocrx_word' id='word_1_227' title='bbox 2980 1657 3326 1734; x_wconf 75' lang='grc' dir='ltr'>διεϐιϐάσθη.</span> <span class='ocrx_word' id='word_1_228' title='bbox 3359 1663 3539 1720; x_wconf 84' lang='grc' dir='ltr'>Ἀλλὰ</span> <span class='ocrx_word' id='word_1_229' title='bbox 3592 1669 3763 1722; x_wconf 80' lang='grc' dir='ltr'>ταῦτα</span> 
     </span>
    </p>
   </div>
   <div class='ocr_carea' id='block_1_30' title="bbox 345 1751 711 1826">
    <p class='ocr_par' dir='ltr' id='par_1_30' title="bbox 345 1751 711 1826">
     <span class='ocr_line' id='line_1_30' title="bbox 345 1751 711 1826; baseline 0.005 -20"><span class='ocrx_word' id='word_1_230' title='bbox 345 1751 442 1825; x_wconf 71' lang='grc' dir='ltr'>μὲν</span> <span class='ocrx_word' id='word_1_231' title='bbox 470 1751 711 1826; x_wconf 78' lang='grc' dir='ltr'>ὓστερον.</span> 
     </span>
    </p>
   </div>
   <div class='ocr_carea' id='block_1_31' title="bbox 411 1836 1988 1920">
    <p class='ocr_par' dir='ltr' id='par_1_31' title="bbox 411 1836 1988 1916">
     <span class='ocr_line' id='line_1_31' title="bbox 411 1836 1988 1916; baseline -0.001 -19"><span class='ocrx_word' id='word_1_232' title='bbox 411 1843 564 1916; x_wconf 76' lang='grc' dir='ltr'>’Ἄρτι</span> <span class='ocrx_word' id='word_1_233' title='bbox 621 1838 678 1894; x_wconf 77' lang='grc' dir='ltr'>δὲ</span> <span class='ocrx_word' id='word_1_234' title='bbox 731 1843 830 1909; x_wconf 74' lang='grc' dir='ltr'>τῆς</span> <span class='ocrx_word' id='word_1_235' title='bbox 889 1840 1067 1916; x_wconf 80' lang='grc' dir='ltr'>ἀρχῆς</span> <span class='ocrx_word' id='word_1_236' title='bbox 1121 1836 1312 1902; x_wconf 76' lang='grc' dir='ltr'>ἐπιϐὰς</span> <span class='ocrx_word' id='word_1_237' title='bbox 1361 1841 1388 1894; x_wconf 86' lang='grc' dir='ltr'>ὁ</span> <span class='ocrx_word' id='word_1_238' title='bbox 1447 1839 1734 1904; x_wconf 89' lang='grc' dir='ltr'>Βασίλειος</span> <span class='ocrx_word' id='word_1_239' title='bbox 1777 1843 1988 1916; x_wconf 69' lang='grc' dir='ltr'>πρῶτον</span> 
     </span>
    </p>
   </div>
   <div class='ocr_carea' id='block_1_32' title="bbox 2101 1836 3758 1920">
    <p class='ocr_par' dir='ltr' id='par_1_32' title="bbox 2173 1841 3758 1920">
     <span class='ocr_line' id='line_1_32' title="bbox 2173 1841 3758 1920; baseline 0.003 -25"><span class='ocrx_word' id='word_1_240' title='bbox 2173 1842 2464 1896; x_wconf 61' lang='lat' dir='ltr'>Caeterum</span> <span class='ocrx_word' id='word_1_241' title='bbox 2495 1841 2745 1896; x_wconf 84' lang='lat' dir='ltr'>Basilius</span> <span class='ocrx_word' id='word_1_242' title='bbox 2795 1842 3089 1914; x_wconf 90' lang='lat' dir='ltr'>principio</span> <span class='ocrx_word' id='word_1_243' title='bbox 3140 1843 3230 1898; x_wconf 91' lang='lat' dir='ltr'>sui</span> <span class='ocrx_word' id='word_1_244' title='bbox 3276 1842 3534 1915; x_wconf 91' lang='lat' dir='ltr'>imperii,</span> <span class='ocrx_word' id='word_1_245' title='bbox 3569 1847 3758 1920; x_wconf 87' lang='lat' dir='ltr'>magi-</span> 
     </span>
    </p>
   </div>
   <div class='ocr_carea' id='block_1_33' title="bbox 342 1925 1995 2005">
    <p class='ocr_par' dir='ltr' id='par_1_33' title="bbox 342 1925 1995 2005">
     <span class='ocr_line' id='line_1_33' title="bbox 342 1925 1995 2005; baseline 0.001 -22"><span class='ocrx_word' id='word_1_246' title='bbox 342 1929 439 2003; x_wconf 74' lang='grc' dir='ltr'>μὲν</span> <span class='ocrx_word' id='word_1_247' title='bbox 491 1927 581 1984; x_wconf 79' lang='grc' dir='ltr'>ἐπὶ</span> <span class='ocrx_word' id='word_1_248' title='bbox 643 1928 735 1992; x_wconf 79' lang='grc' dir='ltr'>τὰς</span> <span class='ocrx_word' id='word_1_249' title='bbox 793 1928 966 2004; x_wconf 80' lang='grc' dir='ltr'>ἀρχὰς</span> <span class='ocrx_word' id='word_1_250' title='bbox 1007 1925 1389 2000; x_wconf 77' lang='grc' dir='ltr'>άδωροτάτους</span> <span class='ocrx_word' id='word_1_251' title='bbox 1450 1928 1780 2005; x_wconf 72' lang='grc' dir='ltr'>λεγομένους</span> <span class='ocrx_word' id='word_1_252' title='bbox 1825 1929 1995 2004; x_wconf 76' lang='grc' dir='ltr'>προύο</span> 
     </span>
    </p>
   </div>
   <div class='ocr_carea' id='block_1_34' title="bbox 339 2012 1998 2092">
    <p class='ocr_par' dir='ltr' id='par_1_34' title="bbox 339 2012 1998 2092">
     <span class='ocr_line' id='line_1_34' title="bbox 339 2012 1998 2092; baseline -0.001 -20"><span class='ocrx_word' id='word_1_253' title='bbox 339 2012 581 2072; x_wconf 74' lang='grc' dir='ltr'>ϐάλλετο</span> <span class='ocrx_word' id='word_1_254' title='bbox 613 2017 704 2072; x_wconf 81' lang='grc' dir='ltr'>καὶ</span> <span class='ocrx_word' id='word_1_255' title='bbox 741 2015 1223 2092; x_wconf 82' lang='grc' dir='ltr'>μαρτυρουμένους</span> <span class='ocrx_word' id='word_1_256' title='bbox 1254 2018 1350 2078; x_wconf 85' lang='grc' dir='ltr'>τὰς</span> <span class='ocrx_word' id='word_1_257' title='bbox 1392 2013 1532 2077; x_wconf 74' lang='grc' dir='ltr'>ἰδίας</span> <span class='ocrx_word' id='word_1_258' title='bbox 1589 2023 1778 2092; x_wconf 81' lang='grc' dir='ltr'>χεῖρας</span> <span class='ocrx_word' id='word_1_259' title='bbox 1830 2019 1998 2071; x_wconf 86' lang='grc' dir='ltr'>καθα-</span> 
     </span>
    </p>
   </div>
   <div class='ocr_carea' id='block_1_35' title="bbox 339 2096 1995 2182">
    <p class='ocr_par' dir='ltr' id='par_1_35' title="bbox 339 2096 1995 2182">
     <span class='ocr_line' id='line_1_35' title="bbox 339 2096 1995 2182; baseline -0.001 -23"><span class='ocrx_word' id='word_1_260' title='bbox 339 2106 436 2180; x_wconf 77' lang='grc' dir='ltr'>ράς</span> <span class='ocrx_word' id='word_1_261' title='bbox 471 2105 731 2160; x_wconf 85' lang='grc' dir='ltr'>παντοίου</span> <span class='ocrx_word' id='word_1_262' title='bbox 763 2102 1143 2182; x_wconf 76' lang='grc' dir='ltr'>διαφυλάττειν</span> <span class='ocrx_word' id='word_1_263' title='bbox 1206 2103 1525 2178; x_wconf 79' lang='grc' dir='ltr'>λήμματος,</span> <span class='ocrx_word' id='word_1_264' title='bbox 1567 2096 1674 2170; x_wconf 34' lang='grc' dir='ltr'>ἐἶθ’</span> <span class='ocrx_word' id='word_1_265' title='bbox 1703 2106 1877 2167; x_wconf 79' lang='grc' dir='ltr'>οὕτως</span> <span class='ocrx_word' id='word_1_266' title='bbox 1909 2102 1995 2159; x_wconf 89' lang='grc' dir='ltr'>δι-</span> 
     </span>
    </p>
   </div>
   <div class='ocr_carea' id='block_1_36' title="bbox 331 2191 1994 2270">
    <p class='ocr_par' dir='ltr' id='par_1_36' title="bbox 331 2191 1994 2270">
     <span class='ocr_line' id='line_1_36' title="bbox 331 2191 1994 2270; baseline -0.001 -22"><span class='ocrx_word' id='word_1_267' title='bbox 331 2194 633 2264; x_wconf 88' lang='grc' dir='ltr'>καιοσύνης</span> <span class='ocrx_word' id='word_1_268' title='bbox 677 2191 1026 2267; x_wconf 80' lang='grc' dir='ltr'>ἐπεμελεῖτο,</span> <span class='ocrx_word' id='word_1_269' title='bbox 1074 2195 1162 2249; x_wconf 84' lang='grc' dir='ltr'>καὶ</span> <span class='ocrx_word' id='word_1_270' title='bbox 1224 2193 1508 2270; x_wconf 73' lang='grc' dir='ltr'>ἰσονομίαν</span> <span class='ocrx_word' id='word_1_271' title='bbox 1543 2193 1994 2268; x_wconf 80' lang='grc' dir='ltr'>ἐμπολιτεύεσθαι</span> 
     </span>
    </p>
   </div>
   <div class='ocr_carea' id='block_1_37' title="bbox 332 2281 1994 2359">
    <p class='ocr_par' dir='ltr' id='par_1_37' title="bbox 332 2281 1994 2359">
     <span class='ocr_line' id='line_1_37' title="bbox 332 2281 1994 2359; baseline 0 -21"><span class='ocrx_word' id='word_1_272' title='bbox 332 2289 455 2345; x_wconf 80' lang='grc' dir='ltr'>τοῖς</span> <span class='ocrx_word' id='word_1_273' title='bbox 487 2283 820 2359; x_wconf 82' lang='grc' dir='ltr'>ἀρχομένοις</span> <span class='ocrx_word' id='word_1_274' title='bbox 873 2283 964 2338; x_wconf 86' lang='grc' dir='ltr'>καὶ</span> <span class='ocrx_word' id='word_1_275' title='bbox 1023 2283 1085 2338; x_wconf 89' lang='grc' dir='ltr'>τὸ</span> <span class='ocrx_word' id='word_1_276' title='bbox 1149 2285 1225 2356; x_wconf 85' lang='grc' dir='ltr'>μή</span> <span class='ocrx_word' id='word_1_277' title='bbox 1285 2281 1837 2348; x_wconf 87' lang='grc' dir='ltr'>καταδυναστεύεσθαι</span> <span class='ocrx_word' id='word_1_278' title='bbox 1891 2284 1994 2338; x_wconf 84' lang='grc' dir='ltr'>ὑπὸ</span> 
     </span>
    </p>
   </div>
   <div class='ocr_carea' id='block_1_38' title="bbox 336 2371 1991 2448">
    <p class='ocr_par' dir='ltr' id='par_1_38' title="bbox 336 2371 1991 2448">
     <span class='ocr_line' id='line_1_38' title="bbox 336 2371 1991 2448; baseline 0.002 -22"><span class='ocrx_word' id='word_1_279' title='bbox 336 2377 446 2426; x_wconf 79' lang='grc' dir='ltr'>τῶν</span> <span class='ocrx_word' id='word_1_280' title='bbox 511 2372 791 2428; x_wconf 87' lang='grc' dir='ltr'>πλουσίων</span> <span class='ocrx_word' id='word_1_281' title='bbox 847 2371 978 2436; x_wconf 75' lang='grc' dir='ltr'>τοὺς</span> <span class='ocrx_word' id='word_1_282' title='bbox 1061 2373 1412 2448; x_wconf 85' lang='grc' dir='ltr'>πενεστέρους</span> <span class='ocrx_word' id='word_1_283' title='bbox 1495 2371 1991 2448; x_wconf 80' lang='grc' dir='ltr'>ἐπραγματεύσατο.</span> 
     </span>
    </p>
   </div>
   <div class='ocr_carea' id='block_1_39' title="bbox 339 2459 1992 2537">
    <p class='ocr_par' dir='ltr' id='par_1_39' title="bbox 339 2459 1992 2537">
     <span class='ocr_line' id='line_1_39' title="bbox 339 2459 1992 2537; baseline 0 -23"><span class='ocrx_word' id='word_1_284' title='bbox 339 2461 631 2517; x_wconf 72' lang='grc' dir='ltr'>Πανταχοῦ</span> <span class='ocrx_word' id='word_1_285' title='bbox 679 2459 737 2516; x_wconf 74' lang='grc' dir='ltr'>δὲ</span> <span class='ocrx_word' id='word_1_286' title='bbox 798 2459 1138 2537; x_wconf 68' lang='grc' dir='ltr'>διατάγματα</span> <span class='ocrx_word' id='word_1_287' title='bbox 1195 2461 1413 2531; x_wconf 79' lang='grc' dir='ltr'>ἐξετίθει</span> <span class='ocrx_word' id='word_1_288' title='bbox 1462 2460 1652 2517; x_wconf 83' lang='grc' dir='ltr'>τέλεον</span> <span class='ocrx_word' id='word_1_289' title='bbox 1711 2461 1992 2536; x_wconf 82' lang='grc' dir='ltr'>ἐξαρθῆναι</span> 
     </span>
    </p>
   </div>
   <div class='ocr_carea' id='block_1_40' title="bbox 334 2546 1994 2626">
    <p class='ocr_par' dir='ltr' id='par_1_40' title="bbox 334 2546 1994 2626">
     <span class='ocr_line' id='line_1_40' title="bbox 334 2546 1994 2626; baseline -0.002 -19"><span class='ocrx_word' id='word_1_290' title='bbox 334 2553 438 2620; x_wconf 83' lang='grc' dir='ltr'>τήν</span> <span class='ocrx_word' id='word_1_291' title='bbox 471 2548 683 2605; x_wconf 83' lang='grc' dir='ltr'>ἀδικίαν</span> <span class='ocrx_word' id='word_1_292' title='bbox 718 2550 992 2626; x_wconf 86' lang='grc' dir='ltr'>ὁρίζοντα.</span> <span class='ocrx_word' id='word_1_293' title='bbox 1027 2550 1290 2612; x_wconf 85' lang='grc' dir='ltr'>Δικαστάς</span> <span class='ocrx_word' id='word_1_294' title='bbox 1325 2571 1385 2606; x_wconf 88' lang='grc' dir='ltr'>τε</span> <span class='ocrx_word' id='word_1_295' title='bbox 1437 2546 1606 2622; x_wconf 78' lang='grc' dir='ltr'>ἔταξε,</span> <span class='ocrx_word' id='word_1_296' title='bbox 1663 2550 1994 2624; x_wconf 80' lang='grc' dir='ltr'>σιτηρεσίοις</span> 
     </span>
    </p>
   </div>
   <div class='ocr_carea' id='block_1_41' title="bbox 334 2637 1989 2720">
    <p class='ocr_par' dir='ltr' id='par_1_41' title="bbox 334 2637 1989 2720">
     <span class='ocr_line' id='line_1_41' title="bbox 334 2637 1989 2720; baseline -0.001 -25"><span class='ocrx_word' id='word_1_297' title='bbox 334 2640 427 2695; x_wconf 80' lang='grc' dir='ltr'>καὶ</span> <span class='ocrx_word' id='word_1_298' title='bbox 460 2637 812 2720; x_wconf 70' lang='grc' dir='ltr'>φιλοτιμίαις</span> <span class='ocrx_word' id='word_1_299' title='bbox 845 2637 1212 2702; x_wconf 83' lang='grc' dir='ltr'>παντοδαπαῖς</span> <span class='ocrx_word' id='word_1_300' title='bbox 1266 2637 1461 2700; x_wconf 71' lang='grc' dir='ltr'>αὖτοὺς</span> <span class='ocrx_word' id='word_1_301' title='bbox 1518 2637 1846 2716; x_wconf 87' lang='grc' dir='ltr'>μεγαλύνας,</span> <span class='ocrx_word' id='word_1_302' title='bbox 1903 2639 1989 2694; x_wconf 88' lang='grc' dir='ltr'>καὶ</span> 
     </span>
    </p>
   </div>
   <div class='ocr_carea' id='block_1_42' title="bbox 336 2727 1992 2804">
    <p class='ocr_par' dir='ltr' id='par_1_42' title="bbox 336 2727 1992 2804">
     <span class='ocr_line' id='line_1_42' title="bbox 336 2727 1992 2804; baseline -0.001 -20"><span class='ocrx_word' id='word_1_303' title='bbox 336 2732 499 2803; x_wconf 83' lang='grc' dir='ltr'>τάξας</span> <span class='ocrx_word' id='word_1_304' title='bbox 559 2727 906 2804; x_wconf 86' lang='grc' dir='ltr'>διημερεύειν</span> <span class='ocrx_word' id='word_1_305' title='bbox 965 2731 1056 2784; x_wconf 86' lang='grc' dir='ltr'>καὶ</span> <span class='ocrx_word' id='word_1_306' title='bbox 1111 2731 1207 2791; x_wconf 72' lang='grc' dir='ltr'>τὰς</span> <span class='ocrx_word' id='word_1_307' title='bbox 1288 2728 1534 2801; x_wconf 80' lang='grc' dir='ltr'>διενέξεις</span> <span class='ocrx_word' id='word_1_308' title='bbox 1592 2727 1828 2784; x_wconf 86' lang='grc' dir='ltr'>διαλύειν</span> <span class='ocrx_word' id='word_1_309' title='bbox 1885 2734 1992 2784; x_wconf 83' lang='grc' dir='ltr'>τῶν</span> 
     </span>
    </p>
   </div>
   <div class='ocr_carea' id='block_1_43' title="bbox 337 2816 1993 2896">
    <p class='ocr_par' dir='ltr' id='par_1_43' title="bbox 337 2816 1993 2896">
     <span class='ocr_line' id='line_1_43' title="bbox 337 2816 1993 2896; baseline -0.001 -22"><span class='ocrx_word' id='word_1_310' title='bbox 337 2818 824 2894; x_wconf 78' lang='grc' dir='ltr'>φιλονεικούντων,</span> <span class='ocrx_word' id='word_1_311' title='bbox 858 2818 1062 2880; x_wconf 89' lang='grc' dir='ltr'>τόπους</span> <span class='ocrx_word' id='word_1_312' title='bbox 1091 2819 1354 2896; x_wconf 80' lang='grc' dir='ltr'>ἀφορίσας</span> <span class='ocrx_word' id='word_1_313' title='bbox 1405 2819 1590 2881; x_wconf 74' lang='grc' dir='ltr'>αὐτοῖς</span> <span class='ocrx_word' id='word_1_314' title='bbox 1629 2816 1993 2890; x_wconf 82' lang='grc' dir='ltr'>ἐπιτηδείους,</span> 
     </span>
    </p>
   </div>
   <div class='ocr_carea' id='block_1_44' title="bbox 335 2904 1996 2984">
    <p class='ocr_par' dir='ltr' id='par_1_44' title="bbox 335 2904 1996 2984">
     <span class='ocr_line' id='line_1_44' title="bbox 335 2904 1996 2984; baseline 0.001 -23"><span class='ocrx_word' id='word_1_315' title='bbox 335 2909 436 2978; x_wconf 74' lang='grc' dir='ltr'>τήν</span> <span class='ocrx_word' id='word_1_316' title='bbox 479 2927 538 2962; x_wconf 90' lang='grc' dir='ltr'>τε</span> <span class='ocrx_word' id='word_1_317' title='bbox 567 2907 894 2984; x_wconf 78' lang='grc' dir='ltr'>Μαγναύραν</span> <span class='ocrx_word' id='word_1_318' title='bbox 943 2907 1031 2962; x_wconf 78' lang='grc' dir='ltr'>καὶ</span> <span class='ocrx_word' id='word_1_319' title='bbox 1089 2907 1180 2962; x_wconf 86' lang='grc' dir='ltr'>τὸν</span> <span class='ocrx_word' id='word_1_320' title='bbox 1237 2906 1576 2981; x_wconf 87' lang='grc' dir='ltr'>καλούμενον</span> <span class='ocrx_word' id='word_1_321' title='bbox 1631 2904 1996 2982; x_wconf 80' lang='grc' dir='ltr'>Ἱππόδρομον</span> 
     </span>
    </p>
   </div>
   <div class='ocr_carea' id='block_1_45' title="bbox 337 2994 1992 3073">
    <p class='ocr_par' dir='ltr' id='par_1_45' title="bbox 337 2994 1992 3073">
     <span class='ocr_line' id='line_1_45' title="bbox 337 2994 1992 3073; baseline 0.001 -23"><span class='ocrx_word' id='word_1_322' title='bbox 337 2995 432 3050; x_wconf 85' lang='grc' dir='ltr'>καὶ</span> <span class='ocrx_word' id='word_1_323' title='bbox 462 2997 564 3065; x_wconf 77' lang='grc' dir='ltr'>τὴν</span> <span class='ocrx_word' id='word_1_324' title='bbox 614 2994 918 3072; x_wconf 83' lang='grc' dir='ltr'>λεγομένην</span> <span class='ocrx_word' id='word_1_325' title='bbox 978 2997 1226 3066; x_wconf 82' lang='grc' dir='ltr'>Χαλκῆν,</span> <span class='ocrx_word' id='word_1_326' title='bbox 1284 2996 1474 3072; x_wconf 77' lang='grc' dir='ltr'>χρόνῳ</span> <span class='ocrx_word' id='word_1_327' title='bbox 1531 2999 1846 3073; x_wconf 78' lang='grc' dir='ltr'>μογήσασαν</span> <span class='ocrx_word' id='word_1_328' title='bbox 1903 2997 1992 3052; x_wconf 85' lang='grc' dir='ltr'>καὶ</span> 
     </span>
    </p>
   </div>
   <div class='ocr_carea' id='block_1_46' title="bbox 338 3083 1996 3150">
    <p class='ocr_par' dir='ltr' id='par_1_46' title="bbox 338 3083 1996 3150">
     <span class='ocr_line' id='line_1_46' title="bbox 338 3083 1996 3150; baseline -0.001 -10"><span class='ocrx_word' id='word_1_329' title='bbox 338 3084 464 3140; x_wconf 83' lang='grc' dir='ltr'>ὅσον</span> <span class='ocrx_word' id='word_1_330' title='bbox 527 3083 744 3140; x_wconf 82' lang='grc' dir='ltr'>οὐδέπω</span> <span class='ocrx_word' id='word_1_331' title='bbox 802 3091 982 3140; x_wconf 79' lang='grc' dir='ltr'>πεσεῖν</span> <span class='ocrx_word' id='word_1_332' title='bbox 1026 3084 1442 3142; x_wconf 84' lang='grc' dir='ltr'>κινδυνεύουσαν</span> <span class='ocrx_word' id='word_1_333' title='bbox 1499 3085 1850 3150; x_wconf 80' lang='grc' dir='ltr'>ἐπισκευάσας</span> <span class='ocrx_word' id='word_1_334' title='bbox 1908 3087 1996 3141; x_wconf 82' lang='grc' dir='ltr'>καὶ</span> 
     </span>
    </p>
   </div>
   <div class='ocr_carea' id='block_1_47' title="bbox 332 3173 1986 3252">
    <p class='ocr_par' dir='ltr' id='par_1_47' title="bbox 332 3173 1986 3252">
     <span class='ocr_line' id='line_1_47' title="bbox 332 3173 1986 3252; baseline 0.001 -23"><span class='ocrx_word' id='word_1_335' title='bbox 332 3177 753 3251; x_wconf 76' lang='grc' dir='ltr'>καινουργήσας.</span> <span class='ocrx_word' id='word_1_336' title='bbox 797 3176 986 3245; x_wconf 79' lang='grc' dir='ltr'>Ἔταξε</span> <span class='ocrx_word' id='word_1_337' title='bbox 1043 3173 1101 3230; x_wconf 78' lang='grc' dir='ltr'>δὲ</span> <span class='ocrx_word' id='word_1_338' title='bbox 1154 3177 1243 3230; x_wconf 88' lang='grc' dir='ltr'>καὶ</span> <span class='ocrx_word' id='word_1_339' title='bbox 1299 3177 1508 3252; x_wconf 75' lang='grc' dir='ltr'>τροφὴν</span> <span class='ocrx_word' id='word_1_340' title='bbox 1566 3181 1683 3239; x_wconf 86' lang='grc' dir='ltr'>τοῖς</span> <span class='ocrx_word' id='word_1_341' title='bbox 1740 3174 1986 3232; x_wconf 85' lang='grc' dir='ltr'>πενεστέ-</span> 
     </span>
    </p>
   </div>
   <div class='ocr_carea' id='block_1_48' title="bbox 336 3260 1986 3340">
    <p class='ocr_par' dir='ltr' id='par_1_48' title="bbox 336 3260 1986 3340">
     <span class='ocr_line' id='line_1_48' title="bbox 336 3260 1986 3340; baseline 0.001 -22"><span class='ocrx_word' id='word_1_342' title='bbox 336 3284 451 3339; x_wconf 87' lang='grc' dir='ltr'>ροις</span> <span class='ocrx_word' id='word_1_343' title='bbox 476 3267 584 3318; x_wconf 82' lang='grc' dir='ltr'>τῶν</span> <span class='ocrx_word' id='word_1_344' title='bbox 637 3264 734 3327; x_wconf 84' lang='grc' dir='ltr'>τὰς</span> <span class='ocrx_word' id='word_1_345' title='bbox 793 3260 944 3325; x_wconf 85' lang='grc' dir='ltr'>δίκας</span> <span class='ocrx_word' id='word_1_346' title='bbox 1003 3262 1272 3340; x_wconf 88' lang='grc' dir='ltr'>ἐχόντων,</span> <span class='ocrx_word' id='word_1_347' title='bbox 1331 3266 1426 3320; x_wconf 84' lang='grc' dir='ltr'>ἳνα</span> <span class='ocrx_word' id='word_1_348' title='bbox 1482 3267 1558 3338; x_wconf 84' lang='grc' dir='ltr'>μή</span> <span class='ocrx_word' id='word_1_349' title='bbox 1619 3266 1722 3320; x_wconf 87' lang='grc' dir='ltr'>ὑπὸ</span> <span class='ocrx_word' id='word_1_350' title='bbox 1779 3263 1986 3327; x_wconf 79' lang='grc' dir='ltr'>ἐνδείας</span> 
     </span>
    </p>
   </div>
   <div class='ocr_carea' id='block_1_49' title="bbox 332 3349 1990 3430">
    <p class='ocr_par' dir='ltr' id='par_1_49' title="bbox 332 3349 1990 3430">
     <span class='ocr_line' id='line_1_49' title="bbox 332 3349 1990 3430; baseline 0.001 -24"><span class='ocrx_word' id='word_1_351' title='bbox 332 3354 650 3425; x_wconf 86' lang='grc' dir='ltr'>πιεζόμενοι</span> <span class='ocrx_word' id='word_1_352' title='bbox 699 3358 817 3415; x_wconf 90' lang='grc' dir='ltr'>ταῖς</span> <span class='ocrx_word' id='word_1_353' title='bbox 886 3349 1064 3417; x_wconf 85' lang='grc' dir='ltr'>δίκαις</span> <span class='ocrx_word' id='word_1_354' title='bbox 1117 3354 1528 3430; x_wconf 84' lang='grc' dir='ltr'>ἀπαγορεύοιεν.</span> <span class='ocrx_word' id='word_1_355' title='bbox 1590 3352 1874 3412; x_wconf 85' lang='grc' dir='ltr'>Ἐπεδίδου</span> <span class='ocrx_word' id='word_1_356' title='bbox 1933 3351 1990 3409; x_wconf 76' lang='grc' dir='ltr'>δὲ</span> 
     </span>
    </p>
   </div>
   <div class='ocr_carea' id='block_1_50' title="bbox 331 3439 1986 3518">
    <p class='ocr_par' dir='ltr' id='par_1_50' title="bbox 331 3439 1986 3518">
     <span class='ocr_line' id='line_1_50' title="bbox 331 3439 1986 3518; baseline 0.001 -24"><span class='ocrx_word' id='word_1_357' title='bbox 331 3439 422 3494; x_wconf 86' lang='grc' dir='ltr'>καὶ</span> <span class='ocrx_word' id='word_1_358' title='bbox 493 3439 679 3494; x_wconf 75' lang='grc' dir='ltr'>ἑαυτὸν</span> <span class='ocrx_word' id='word_1_359' title='bbox 732 3440 807 3501; x_wconf 85' lang='grc' dir='ltr'>εἰς</span> <span class='ocrx_word' id='word_1_360' title='bbox 861 3441 924 3494; x_wconf 85' lang='grc' dir='ltr'>τὸ</span> <span class='ocrx_word' id='word_1_361' title='bbox 988 3447 1242 3498; x_wconf 77' lang='grc' dir='ltr'>τοιοῦτον</span> <span class='ocrx_word' id='word_1_362' title='bbox 1320 3441 1503 3518; x_wconf 86' lang='grc' dir='ltr'>μέρος,</span> <span class='ocrx_word' id='word_1_363' title='bbox 1591 3441 1826 3512; x_wconf 82' lang='grc' dir='ltr'>ὁπηνίκα</span> <span class='ocrx_word' id='word_1_364' title='bbox 1877 3446 1986 3496; x_wconf 82' lang='grc' dir='ltr'>τῶν</span> 
     </span>
    </p>
   </div>
   <div class='ocr_carea' id='block_1_51' title="bbox 336 3527 1984 3609">
    <p class='ocr_par' dir='ltr' id='par_1_51' title="bbox 336 3527 1984 3609">
     <span class='ocr_line' id='line_1_51' title="bbox 336 3527 1984 3609; baseline 0.001 -27"><span class='ocrx_word' id='word_1_365' title='bbox 336 3533 629 3601; x_wconf 80' lang='grc' dir='ltr'>στρατειῶν</span> <span class='ocrx_word' id='word_1_366' title='bbox 657 3527 847 3609; x_wconf 81' lang='grc' dir='ltr'>ἔτυχεν</span> <span class='ocrx_word' id='word_1_367' title='bbox 890 3530 1032 3606; x_wconf 76' lang='grc' dir='ltr'>ἂγων</span> <span class='ocrx_word' id='word_1_368' title='bbox 1077 3534 1290 3607; x_wconf 76' lang='grc' dir='ltr'>σχολὴν</span> <span class='ocrx_word' id='word_1_369' title='bbox 1323 3531 1411 3586; x_wconf 84' lang='grc' dir='ltr'>καὶ</span> <span class='ocrx_word' id='word_1_370' title='bbox 1468 3535 1564 3585; x_wconf 81' lang='grc' dir='ltr'>τοῦ</span> <span class='ocrx_word' id='word_1_371' title='bbox 1621 3530 1984 3604; x_wconf 72' lang='grc' dir='ltr'>χρηματίζειν</span> 
     </span>
    </p>
   </div>
   <div class='ocr_carea' id='block_1_52' title="bbox 333 3616 1986 3696">
    <p class='ocr_par' dir='ltr' id='par_1_52' title="bbox 333 3616 1986 3696">
     <span class='ocr_line' id='line_1_52' title="bbox 333 3616 1986 3696; baseline 0.001 -24"><span class='ocrx_word' id='word_1_372' title='bbox 333 3622 454 3678; x_wconf 84' lang='grc' dir='ltr'>ταῖς</span> <span class='ocrx_word' id='word_1_373' title='bbox 479 3618 853 3694; x_wconf 83' lang='grc' dir='ltr'>ἁπανταχόθεν</span> <span class='ocrx_word' id='word_1_374' title='bbox 882 3616 1215 3696; x_wconf 75' lang='grc' dir='ltr'>πρεσϐείαις,</span> <span class='ocrx_word' id='word_1_375' title='bbox 1274 3619 1364 3675; x_wconf 73' lang='grc' dir='ltr'>καὶ</span> <span class='ocrx_word' id='word_1_376' title='bbox 1418 3619 1494 3681; x_wconf 87' lang='grc' dir='ltr'>εἰς</span> <span class='ocrx_word' id='word_1_377' title='bbox 1564 3619 1626 3675; x_wconf 90' lang='grc' dir='ltr'>τὸ</span> <span class='ocrx_word' id='word_1_378' title='bbox 1685 3617 1986 3695; x_wconf 87' lang='grc' dir='ltr'>λεγόμενον</span> 
     </span>
    </p>
   </div>
   <div class='ocr_carea' id='block_1_53' title="bbox 333 3706 1985 3784">
    <p class='ocr_par' dir='ltr' id='par_1_53' title="bbox 333 3706 1985 3784">
     <span class='ocr_line' id='line_1_53' title="bbox 333 3706 1985 3784; baseline 0.002 -25"><span class='ocrx_word' id='word_1_379' title='bbox 333 3706 549 3779; x_wconf 83' lang='grc' dir='ltr'>γενικὸν</span> <span class='ocrx_word' id='word_1_380' title='bbox 607 3712 722 3780; x_wconf 82' lang='grc'>(77)</span> <span class='ocrx_word' id='word_1_381' title='bbox 777 3711 980 3765; x_wconf 85' lang='grc' dir='ltr'>κατιὼν</span> <span class='ocrx_word' id='word_1_382' title='bbox 1034 3708 1162 3773; x_wconf 75' lang='grc' dir='ltr'>τοὺς</span> <span class='ocrx_word' id='word_1_383' title='bbox 1215 3709 1708 3784; x_wconf 80' lang='grc' dir='ltr'>εἰσπραττομένους</span> <span class='ocrx_word' id='word_1_384' title='bbox 1768 3707 1985 3763; x_wconf 81' lang='grc' dir='ltr'>ἐσκόπει</span> 
     </span>
    </p>
   </div>
   <div class='ocr_carea' id='block_1_54' title="bbox 2104 1930 3757 2003">
    <p class='ocr_par' dir='ltr' id='par_1_54' title="bbox 2104 1930 3757 2003">
     <span class='ocr_line' id='line_1_54' title="bbox 2104 1930 3757 2003; baseline 0.006 -21"><span class='ocrx_word' id='word_1_385' title='bbox 2104 1934 2322 1984; x_wconf 84' lang='lat' dir='ltr'>stratus</span> <span class='ocrx_word' id='word_1_386' title='bbox 2371 1930 2669 1984; x_wconf 89' lang='lat' dir='ltr'>commisit</span> <span class='ocrx_word' id='word_1_387' title='bbox 2719 1931 2790 1985; x_wconf 89' lang='lat' dir='ltr'>iis</span> <span class='ocrx_word' id='word_1_388' title='bbox 2837 1932 2936 2001; x_wconf 88' lang='lat' dir='ltr'>qui</span> <span class='ocrx_word' id='word_1_389' title='bbox 2988 1949 3022 1987; x_wconf 91' lang='lat' dir='ltr'>a</span> <span class='ocrx_word' id='word_1_390' title='bbox 3061 1932 3373 2003; x_wconf 88' lang='lat' dir='ltr'>capiundis</span> <span class='ocrx_word' id='word_1_391' title='bbox 3406 1937 3757 1992; x_wconf 86' lang='lat' dir='ltr'>muneribus</span> 
     </span>
    </p>
   </div>
   <div class='ocr_carea' id='block_1_55' title="bbox 2103 2019 3754 2093">
    <p class='ocr_par' dir='ltr' id='par_1_55' title="bbox 2103 2019 3754 2093">
     <span class='ocr_line' id='line_1_55' title="bbox 2103 2019 3754 2093; baseline 0.005 -22"><span class='ocrx_word' id='word_1_392' title='bbox 2103 2019 2562 2089; x_wconf 89' lang='lat' dir='ltr'>perhiberentur</span> <span class='ocrx_word' id='word_1_393' title='bbox 2592 2035 2768 2090; x_wconf 89' lang='lat' dir='ltr'>quam</span> <span class='ocrx_word' id='word_1_394' title='bbox 2793 2020 3052 2076; x_wconf 84' lang='lat' dir='ltr'>maxime</span> <span class='ocrx_word' id='word_1_395' title='bbox 3076 2021 3277 2090; x_wconf 88' lang='lat' dir='ltr'>alieni,</span> <span class='ocrx_word' id='word_1_396' title='bbox 3312 2028 3370 2076; x_wconf 89' lang='lat' dir='ltr'>et</span> <span class='ocrx_word' id='word_1_397' title='bbox 3391 2039 3542 2093; x_wconf 88' lang='lat' dir='ltr'>quos</span> <span class='ocrx_word' id='word_1_398' title='bbox 3563 2031 3754 2080; x_wconf 87' lang='lat' dir='ltr'>testa-</span> 
     </span>
    </p>
   </div>
   <div class='ocr_carea' id='block_1_56' title="bbox 2102 2107 3758 2180">
    <p class='ocr_par' dir='ltr' id='par_1_56' title="bbox 2102 2107 3758 2180">
     <span class='ocr_line' id='line_1_56' title="bbox 2102 2107 3758 2180; baseline 0.003 -18"><span class='ocrx_word' id='word_1_399' title='bbox 2102 2113 2228 2163; x_wconf 88' lang='lat' dir='ltr'>tum</span> <span class='ocrx_word' id='word_1_400' title='bbox 2254 2112 2412 2163; x_wconf 87' lang='lat' dir='ltr'>esset</span> <span class='ocrx_word' id='word_1_401' title='bbox 2431 2123 2646 2162; x_wconf 89' lang='lat' dir='ltr'>manus</span> <span class='ocrx_word' id='word_1_402' title='bbox 2668 2107 2864 2162; x_wconf 88' lang='lat' dir='ltr'>omnis</span> <span class='ocrx_word' id='word_1_403' title='bbox 2887 2114 3147 2180; x_wconf 67' lang='lat' dir='ltr'>capturas</span> <span class='ocrx_word' id='word_1_404' title='bbox 3169 2127 3350 2180; x_wconf 87' lang='lat' dir='ltr'>puras</span> <span class='ocrx_word' id='word_1_405' title='bbox 3372 2111 3612 2167; x_wconf 89' lang='lat' dir='ltr'>habere.</span> <span class='ocrx_word' id='word_1_406' title='bbox 3646 2115 3758 2166; x_wconf 88' lang='lat' dir='ltr'>Dc-</span> 
     </span>
    </p>
   </div>
   <div class='ocr_carea' id='block_1_57' title="bbox 2103 2196 3756 2272">
    <p class='ocr_par' dir='ltr' id='par_1_57' title="bbox 2103 2196 3756 2272">
     <span class='ocr_line' id='line_1_57' title="bbox 2103 2196 3756 2272; baseline 0.003 -21"><span class='ocrx_word' id='word_1_407' title='bbox 2103 2197 2242 2252; x_wconf 89' lang='lat' dir='ltr'>inde</span> <span class='ocrx_word' id='word_1_408' title='bbox 2273 2213 2517 2268; x_wconf 86' lang='lat' dir='ltr'>Operam</span> <span class='ocrx_word' id='word_1_409' title='bbox 2549 2196 2715 2252; x_wconf 85' lang='lat' dir='ltr'>dedit</span> <span class='ocrx_word' id='word_1_410' title='bbox 2735 2198 3052 2269; x_wconf 85' lang='lat' dir='ltr'>utjustitia</span> <span class='ocrx_word' id='word_1_411' title='bbox 3081 2199 3321 2271; x_wconf 83' lang='lat' dir='ltr'>vigeret,</span> <span class='ocrx_word' id='word_1_412' title='bbox 3357 2205 3416 2254; x_wconf 90' lang='lat' dir='ltr'>et</span> <span class='ocrx_word' id='word_1_413' title='bbox 3435 2201 3756 2272; x_wconf 84' lang='lat' dir='ltr'>aequojure</span> 
     </span>
    </p>
   </div>
   <div class='ocr_carea' id='block_1_58' title="bbox 2103 2286 3758 2364">
    <p class='ocr_par' dir='ltr' id='par_1_58' title="bbox 2103 2286 3758 2364">
     <span class='ocr_line' id='line_1_58' title="bbox 2103 2286 3758 2364; baseline 0.005 -25"><span class='ocrx_word' id='word_1_414' title='bbox 2103 2286 2260 2342; x_wconf 91' lang='lat' dir='ltr'>inter</span> <span class='ocrx_word' id='word_1_415' title='bbox 2286 2303 2347 2341; x_wconf 91' lang='lat' dir='ltr'>se</span> <span class='ocrx_word' id='word_1_416' title='bbox 2378 2287 2641 2342; x_wconf 89' lang='lat' dir='ltr'>viverent</span> <span class='ocrx_word' id='word_1_417' title='bbox 2671 2286 2913 2352; x_wconf 89' lang='lat' dir='ltr'>subditi,</span> <span class='ocrx_word' id='word_1_418' title='bbox 2949 2305 3143 2359; x_wconf 90' lang='lat' dir='ltr'>neque</span> <span class='ocrx_word' id='word_1_419' title='bbox 3175 2305 3209 2344; x_wconf 92' lang='lat' dir='ltr'>a</span> <span class='ocrx_word' id='word_1_420' title='bbox 3239 2290 3519 2345; x_wconf 86' lang='lat' dir='ltr'>divitibus</span> <span class='ocrx_word' id='word_1_421' title='bbox 3551 2292 3758 2364; x_wconf 88' lang='lat' dir='ltr'>inopes</span> 
     </span>
    </p>
   </div>
   <div class='ocr_carea' id='block_1_59' title="bbox 2103 2375 3757 2448">
    <p class='ocr_par' dir='ltr' id='par_1_59' title="bbox 2103 2375 3757 2448">
     <span class='ocr_line' id='line_1_59' title="bbox 2103 2375 3757 2448; baseline 0.002 -18"><span class='ocrx_word' id='word_1_422' title='bbox 2103 2375 2606 2446; x_wconf 88' lang='lat' dir='ltr'>opprimerentur,</span> <span class='ocrx_word' id='word_1_423' title='bbox 2639 2375 2960 2445; x_wconf 86' lang='lat' dir='ltr'>propositis</span> <span class='ocrx_word' id='word_1_424' title='bbox 3001 2377 3224 2446; x_wconf 89' lang='lat' dir='ltr'>passim</span> <span class='ocrx_word' id='word_1_425' title='bbox 3257 2378 3512 2432; x_wconf 83' lang='lat' dir='ltr'>decretis</span> <span class='ocrx_word' id='word_1_426' title='bbox 3539 2380 3757 2448; x_wconf 92' lang='lat' dir='ltr'>quibus</span> 
     </span>
    </p>
   </div>
   <div class='ocr_carea' id='block_1_60' title="bbox 2101 2463 3756 2537">
    <p class='ocr_par' dir='ltr' id='par_1_60' title="bbox 2101 2463 3756 2537">
     <span class='ocr_line' id='line_1_60' title="bbox 2101 2463 3756 2537; baseline 0.003 -20"><span class='ocrx_word' id='word_1_427' title='bbox 2101 2463 2396 2536; x_wconf 87' lang='lat' dir='ltr'>injustitia</span> <span class='ocrx_word' id='word_1_428' title='bbox 2436 2463 2964 2520; x_wconf 82' lang='lat' dir='ltr'>exterminabatur.</span> <span class='ocrx_word' id='word_1_429' title='bbox 2996 2464 3233 2520; x_wconf 87' lang='lat' dir='ltr'>Judices</span> <span class='ocrx_word' id='word_1_430' title='bbox 3265 2482 3502 2537; x_wconf 89' lang='lat' dir='ltr'>quoque</span> <span class='ocrx_word' id='word_1_431' title='bbox 3532 2469 3756 2522; x_wconf 86' lang='lat' dir='ltr'>consti—</span> 
     </span>
    </p>
   </div>
   <div class='ocr_carea' id='block_1_61' title="bbox 2104 2552 3753 2629">
    <p class='ocr_par' dir='ltr' id='par_1_61' title="bbox 2104 2552 3753 2629">
     <span class='ocr_line' id='line_1_61' title="bbox 2104 2552 3753 2629; baseline 0.004 -22"><span class='ocrx_word' id='word_1_432' title='bbox 2104 2553 2236 2620; x_wconf 90' lang='lat' dir='ltr'>tuit,</span> <span class='ocrx_word' id='word_1_433' title='bbox 2296 2552 2629 2624; x_wconf 88' lang='lat' dir='ltr'>amplisque</span> <span class='ocrx_word' id='word_1_434' title='bbox 2682 2553 2995 2623; x_wconf 89' lang='lat' dir='ltr'>stipendiis</span> <span class='ocrx_word' id='word_1_435' title='bbox 3067 2558 3126 2608; x_wconf 90' lang='lat' dir='ltr'>et</span> <span class='ocrx_word' id='word_1_436' title='bbox 3181 2554 3510 2610; x_wconf 87' lang='lat' dir='ltr'>honoribus</span> <span class='ocrx_word' id='word_1_437' title='bbox 3566 2559 3753 2629; x_wconf 85' lang='lat' dir='ltr'>auxit,</span> 
     </span>
    </p>
   </div>
   <div class='ocr_carea' id='block_1_62' title="bbox 2095 2641 3753 2718">
    <p class='ocr_par' dir='ltr' id='par_1_62' title="bbox 2095 2641 3753 2718">
     <span class='ocr_line' id='line_1_62' title="bbox 2095 2641 3753 2718; baseline 0.003 -21"><span class='ocrx_word' id='word_1_438' title='bbox 2095 2642 2298 2714; x_wconf 90' lang='lat' dir='ltr'>jussos</span> <span class='ocrx_word' id='word_1_439' title='bbox 2326 2658 2431 2712; x_wconf 90' lang='lat' dir='ltr'>per</span> <span class='ocrx_word' id='word_1_440' title='bbox 2455 2641 2613 2696; x_wconf 90' lang='lat' dir='ltr'>diem</span> <span class='ocrx_word' id='word_1_441' title='bbox 2639 2641 2845 2696; x_wconf 90' lang='lat' dir='ltr'>sedere</span> <span class='ocrx_word' id='word_1_442' title='bbox 2871 2659 2978 2713; x_wconf 91' lang='lat' dir='ltr'>pro</span> <span class='ocrx_word' id='word_1_443' title='bbox 3001 2643 3285 2698; x_wconf 87' lang='lat' dir='ltr'>tribunali</span> <span class='ocrx_word' id='word_1_444' title='bbox 3312 2649 3369 2698; x_wconf 92' lang='lat' dir='ltr'>et</span> <span class='ocrx_word' id='word_1_445' title='bbox 3391 2644 3753 2718; x_wconf 79' lang='lat' dir='ltr'>litigantium</span> 
     </span>
    </p>
   </div>
   <div class='ocr_carea' id='block_1_63' title="bbox 2103 2730 3754 2801">
    <p class='ocr_par' dir='ltr' id='par_1_63' title="bbox 2103 2730 3754 2801">
     <span class='ocr_line' id='line_1_63' title="bbox 2103 2730 3754 2801; baseline 0.002 -14"><span class='ocrx_word' id='word_1_446' title='bbox 2103 2749 2310 2788; x_wconf 85' lang='lat' dir='ltr'>causas</span> <span class='ocrx_word' id='word_1_447' title='bbox 2338 2732 2544 2786; x_wconf 77' lang='lat'><strong>1004</strong></span> <span class='ocrx_word' id='word_1_448' title='bbox 2569 2730 2921 2801; x_wconf 81' lang='lat' dir='ltr'>dijudicare.</span> <span class='ocrx_word' id='word_1_449' title='bbox 2947 2731 3035 2786; x_wconf 84' lang='lat' dir='ltr'>Ad</span> <span class='ocrx_word' id='word_1_450' title='bbox 3066 2748 3197 2788; x_wconf 89' lang='lat' dir='ltr'>eam</span> <span class='ocrx_word' id='word_1_451' title='bbox 3229 2751 3354 2789; x_wconf 90' lang='lat' dir='ltr'>rem</span> <span class='ocrx_word' id='word_1_452' title='bbox 3387 2735 3517 2790; x_wconf 91' lang='lat' dir='ltr'>loca</span> <span class='ocrx_word' id='word_1_453' title='bbox 3548 2737 3620 2791; x_wconf 90' lang='lat' dir='ltr'>iis</span> <span class='ocrx_word' id='word_1_454' title='bbox 3650 2737 3754 2791; x_wconf 88' lang='lat' dir='ltr'>de-</span> 
     </span>
    </p>
   </div>
   <div class='ocr_carea' id='block_1_64' title="bbox 2104 2821 3753 2894">
    <p class='ocr_par' dir='ltr' id='par_1_64' title="bbox 2104 2821 3753 2894">
     <span class='ocr_line' id='line_1_64' title="bbox 2104 2821 3753 2894; baseline 0.003 -18"><span class='ocrx_word' id='word_1_455' title='bbox 2104 2822 2356 2894; x_wconf 74' lang='lat' dir='ltr'>signavit</span> <span class='ocrx_word' id='word_1_456' title='bbox 2379 2821 2710 2884; x_wconf 88' lang='lat' dir='ltr'>commoda,</span> <span class='ocrx_word' id='word_1_457' title='bbox 2733 2823 3134 2892; x_wconf 78' lang='lat' dir='ltr'>Magnauram,</span> <span class='ocrx_word' id='word_1_458' title='bbox 3159 2823 3392 2880; x_wconf 89' lang='lat' dir='ltr'>Circum</span> <span class='ocrx_word' id='word_1_459' title='bbox 3418 2830 3474 2881; x_wconf 94' lang='lat' dir='ltr'>et</span> <span class='ocrx_word' id='word_1_460' title='bbox 3495 2826 3753 2881; x_wconf 88' lang='lat' dir='ltr'>Chalcen</span> 
     </span>
    </p>
   </div>
   <div class='ocr_carea' id='block_1_65' title="bbox 2102 2912 3755 2985">
    <p class='ocr_par' dir='ltr' id='par_1_65' title="bbox 2102 2912 3755 2985">
     <span class='ocr_line' id='line_1_65' title="bbox 2102 2912 3755 2985; baseline 0.002 -19"><span class='ocrx_word' id='word_1_461' title='bbox 2102 2913 2350 2980; x_wconf 65' lang='lat' dir='ltr'>(tEream</span> <span class='ocrx_word' id='word_1_462' title='bbox 2375 2912 2654 2982; x_wconf 90' lang='lat' dir='ltr'>portam),</span> <span class='ocrx_word' id='word_1_463' title='bbox 2687 2928 2866 2981; x_wconf 87' lang='lat' dir='ltr'>quam</span> <span class='ocrx_word' id='word_1_464' title='bbox 2889 2912 3176 2982; x_wconf 90' lang='lat' dir='ltr'>temporis</span> <span class='ocrx_word' id='word_1_465' title='bbox 3189 2913 3366 2985; x_wconf 89' lang='lat' dir='ltr'>culpa</span> <span class='ocrx_word' id='word_1_466' title='bbox 3387 2913 3755 2969; x_wconf 85' lang='lat' dir='ltr'>laborantem</span> 
     </span>
    </p>
   </div>
   <div class='ocr_carea' id='block_1_66' title="bbox 2102 2999 3752 3074">
    <p class='ocr_par' dir='ltr' id='par_1_66' title="bbox 2102 2999 3752 3074">
     <span class='ocr_line' id='line_1_66' title="bbox 2102 2999 3752 3074; baseline 0.002 -20"><span class='ocrx_word' id='word_1_467' title='bbox 2102 3000 2458 3069; x_wconf 88' lang='lat' dir='ltr'>ruinamque</span> <span class='ocrx_word' id='word_1_468' title='bbox 2519 3000 2846 3054; x_wconf 89' lang='lat' dir='ltr'>minantem</span> <span class='ocrx_word' id='word_1_469' title='bbox 2905 2999 2979 3054; x_wconf 90' lang='lat' dir='ltr'>ad</span> <span class='ocrx_word' id='word_1_470' title='bbox 3025 3000 3136 3054; x_wconf 91' lang='lat' dir='ltr'>hoc</span> <span class='ocrx_word' id='word_1_471' title='bbox 3183 3001 3533 3056; x_wconf 87' lang='lat' dir='ltr'>instauravit</span> <span class='ocrx_word' id='word_1_472' title='bbox 3574 3009 3752 3074; x_wconf 90' lang='lat' dir='ltr'>atque</span> 
     </span>
    </p>
   </div>
   <div class='ocr_carea' id='block_1_67' title="bbox 2101 3087 3752 3161">
    <p class='ocr_par' dir='ltr' id='par_1_67' title="bbox 2101 3087 3752 3161">
     <span class='ocr_line' id='line_1_67' title="bbox 2101 3087 3752 3161; baseline 0.001 -17"><span class='ocrx_word' id='word_1_473' title='bbox 2101 3088 2428 3144; x_wconf 87' lang='lat' dir='ltr'>adornavit.</span> <span class='ocrx_word' id='word_1_474' title='bbox 2476 3087 2773 3142; x_wconf 85' lang='lat' dir='ltr'>Alimenta</span> <span class='ocrx_word' id='word_1_475' title='bbox 2827 3087 3004 3142; x_wconf 88' lang='lat' dir='ltr'>etiam</span> <span class='ocrx_word' id='word_1_476' title='bbox 3049 3090 3506 3160; x_wconf 85' lang='lat' dir='ltr'>pauperioribus</span> <span class='ocrx_word' id='word_1_477' title='bbox 3537 3091 3752 3161; x_wconf 87' lang='lat' dir='ltr'>quibus</span> 
     </span>
    </p>
   </div>
   <div class='ocr_carea' id='block_1_68' title="bbox 2093 3175 3748 3250">
    <p class='ocr_par' dir='ltr' id='par_1_68' title="bbox 2093 3175 3748 3250">
     <span class='ocr_line' id='line_1_68' title="bbox 2093 3175 3748 3250; baseline 0.002 -19"><span class='ocrx_word' id='word_1_478' title='bbox 2093 3177 2323 3249; x_wconf 89' lang='lat' dir='ltr'>judicio</span> <span class='ocrx_word' id='word_1_479' title='bbox 2342 3181 2471 3232; x_wconf 90' lang='lat' dir='ltr'>erat</span> <span class='ocrx_word' id='word_1_480' title='bbox 2489 3175 2943 3246; x_wconf 88' lang='lat' dir='ltr'>disceptandum</span> <span class='ocrx_word' id='word_1_481' title='bbox 2976 3177 3290 3243; x_wconf 87' lang='lat' dir='ltr'>ordinavit,</span> <span class='ocrx_word' id='word_1_482' title='bbox 3323 3195 3397 3233; x_wconf 91' lang='lat' dir='ltr'>ne</span> <span class='ocrx_word' id='word_1_483' title='bbox 3429 3179 3631 3250; x_wconf 91' lang='lat' dir='ltr'>inopia</span> <span class='ocrx_word' id='word_1_484' title='bbox 3652 3198 3748 3235; x_wconf 47' lang='lat' dir='ltr'>co.</span> 
     </span>
    </p>
   </div>
   <div class='ocr_carea' id='block_1_69' title="bbox 2099 3264 3750 3336">
    <p class='ocr_par' dir='ltr' id='par_1_69' title="bbox 2099 3264 3750 3336">
     <span class='ocr_line' id='line_1_69' title="bbox 2099 3264 3750 3336; baseline 0.002 -16"><span class='ocrx_word' id='word_1_485' title='bbox 2099 3265 2215 3320; x_wconf 83' lang='lat' dir='ltr'>acti</span> <span class='ocrx_word' id='word_1_486' title='bbox 2263 3265 2602 3321; x_wconf 89' lang='lat' dir='ltr'>vadimonia</span> <span class='ocrx_word' id='word_1_487' title='bbox 2641 3264 3007 3319; x_wconf 89' lang='lat' dir='ltr'>desererent.</span> <span class='ocrx_word' id='word_1_488' title='bbox 3043 3267 3171 3336; x_wconf 86' lang='lat' dir='ltr'>Ipse</span> <span class='ocrx_word' id='word_1_489' title='bbox 3223 3267 3397 3322; x_wconf 88' lang='lat' dir='ltr'>etiam</span> <span class='ocrx_word' id='word_1_490' title='bbox 3451 3268 3542 3322; x_wconf 91' lang='lat' dir='ltr'>his</span> <span class='ocrx_word' id='word_1_491' title='bbox 3573 3268 3750 3324; x_wconf 81' lang='lat' dir='ltr'>rebus</span> 
     </span>
    </p>
   </div>
   <div class='ocr_carea' id='block_1_70' title="bbox 2101 3351 3748 3428">
    <p class='ocr_par' dir='ltr' id='par_1_70' title="bbox 2101 3351 3748 3428">
     <span class='ocr_line' id='line_1_70' title="bbox 2101 3351 3748 3428; baseline 0.002 -19"><span class='ocrx_word' id='word_1_492' title='bbox 2101 3369 2343 3425; x_wconf 86' lang='lat' dir='ltr'>operam</span> <span class='ocrx_word' id='word_1_493' title='bbox 2374 3353 2558 3417; x_wconf 91' lang='lat' dir='ltr'>dedit,</span> <span class='ocrx_word' id='word_1_494' title='bbox 2590 3352 2823 3422; x_wconf 90' lang='lat' dir='ltr'>quoties</span> <span class='ocrx_word' id='word_1_495' title='bbox 2855 3369 2888 3406; x_wconf 80' lang='grc' dir='ltr'>ει</span> <span class='ocrx_word' id='word_1_496' title='bbox 2915 3351 3074 3406; x_wconf 90' lang='lat' dir='ltr'>bello</span> <span class='ocrx_word' id='word_1_497' title='bbox 3107 3359 3165 3407; x_wconf 90' lang='lat' dir='ltr'>et</span> <span class='ocrx_word' id='word_1_498' title='bbox 3194 3355 3506 3409; x_wconf 89' lang='lat' dir='ltr'>audiendis</span> <span class='ocrx_word' id='word_1_499' title='bbox 3539 3355 3748 3428; x_wconf 79' lang='lat' dir='ltr'>legatis</span> 
     </span>
    </p>
   </div>
   <div class='ocr_carea' id='block_1_71' title="bbox 2098 3440 3749 3518">
    <p class='ocr_par' dir='ltr' id='par_1_71' title="bbox 2098 3440 3749 3518">
     <span class='ocr_line' id='line_1_71' title="bbox 2098 3440 3749 3518; baseline 0.003 -22"><span class='ocrx_word' id='word_1_500' title='bbox 2098 3447 2332 3498; x_wconf 88' lang='lat' dir='ltr'>vacaret</span> <span class='ocrx_word' id='word_1_501' title='bbox 2372 3457 2386 3508; x_wconf 90' lang='lat'><strong>;</strong></span> <span class='ocrx_word' id='word_1_502' title='bbox 2441 3448 2498 3496; x_wconf 92' lang='lat' dir='ltr'>et</span> <span class='ocrx_word' id='word_1_503' title='bbox 2544 3440 2912 3496; x_wconf 88' lang='lat' dir='ltr'>descendens</span> <span class='ocrx_word' id='word_1_504' title='bbox 2963 3442 3035 3496; x_wconf 90' lang='lat' dir='ltr'>ad</span> <span class='ocrx_word' id='word_1_505' title='bbox 3076 3443 3383 3506; x_wconf 82' lang='lat' dir='ltr'>Genicum,</span> <span class='ocrx_word' id='word_1_506' title='bbox 3417 3445 3518 3500; x_wconf 90' lang='lat' dir='ltr'>ubi</span> <span class='ocrx_word' id='word_1_507' title='bbox 3549 3445 3749 3518; x_wconf 81' lang='lat' dir='ltr'>reipu—</span> 
     </span>
    </p>
   </div>
   <div class='ocr_carea' id='block_1_72' title="bbox 2097 3529 3744 3604">
    <p class='ocr_par' dir='ltr' id='par_1_72' title="bbox 2097 3529 3744 3604">
     <span class='ocr_line' id='line_1_72' title="bbox 2097 3529 3744 3604; baseline 0.002 -18"><span class='ocrx_word' id='word_1_508' title='bbox 2097 3532 2266 3587; x_wconf 75' lang='lat' dir='ltr'>blicm</span> <span class='ocrx_word' id='word_1_509' title='bbox 2325 3531 2568 3585; x_wconf 88' lang='lat' dir='ltr'>nomine</span> <span class='ocrx_word' id='word_1_510' title='bbox 2624 3529 2934 3602; x_wconf 78' lang='lat' dir='ltr'>vectigalia</span> <span class='ocrx_word' id='word_1_511' title='bbox 2964 3536 3023 3584; x_wconf 91' lang='lat' dir='ltr'>et</span> <span class='ocrx_word' id='word_1_512' title='bbox 3078 3531 3300 3586; x_wconf 91' lang='lat' dir='ltr'>tributa</span> <span class='ocrx_word' id='word_1_513' title='bbox 3348 3533 3744 3604; x_wconf 88' lang='lat' dir='ltr'>accipiuntur,</span> 
     </span>
    </p>
   </div>
   <div class='ocr_carea' id='block_1_73' title="bbox 2095 3617 3742 3693">
    <p class='ocr_par' dir='ltr' id='par_1_73' title="bbox 2095 3617 3742 3693">
     <span class='ocr_line' id='line_1_73' title="bbox 2095 3617 3742 3693; baseline 0.002 -19"><span class='ocrx_word' id='word_1_514' title='bbox 2095 3619 2402 3692; x_wconf 83' lang='lat' dir='ltr'>prospexit</span> <span class='ocrx_word' id='word_1_515' title='bbox 2431 3634 2506 3672; x_wconf 91' lang='lat' dir='ltr'>ne</span> <span class='ocrx_word' id='word_1_516' title='bbox 2537 3617 2608 3672; x_wconf 93' lang='lat' dir='ltr'>ab</span> <span class='ocrx_word' id='word_1_517' title='bbox 2640 3618 2762 3672; x_wconf 92' lang='lat' dir='ltr'>ullo</span> <span class='ocrx_word' id='word_1_518' title='bbox 2796 3617 3123 3688; x_wconf 84' lang='lat' dir='ltr'>quidquam</span> <span class='ocrx_word' id='word_1_519' title='bbox 3147 3620 3367 3690; x_wconf 85' lang='lat' dir='ltr'>injuste</span> <span class='ocrx_word' id='word_1_520' title='bbox 3391 3623 3742 3693; x_wconf 84' lang='lat' dir='ltr'>exigeretur,</span> 
     </span>
    </p>
   </div>
   <div class='ocr_carea' id='block_1_74' title="bbox 2097 3705 3743 3779">
    <p class='ocr_par' dir='ltr' id='par_1_74' title="bbox 2097 3705 3743 3779">
     <span class='ocr_line' id='line_1_74' title="bbox 2097 3705 3743 3779; baseline 0.001 -15"><span class='ocrx_word' id='word_1_521' title='bbox 2097 3715 2155 3764; x_wconf 91' lang='lat' dir='ltr'>et</span> <span class='ocrx_word' id='word_1_522' title='bbox 2183 3707 2466 3779; x_wconf 85' lang='lat' dir='ltr'>injuriam</span> <span class='ocrx_word' id='word_1_523' title='bbox 2490 3706 2682 3778; x_wconf 90' lang='lat' dir='ltr'>passis</span> <span class='ocrx_word' id='word_1_524' title='bbox 2711 3705 3136 3777; x_wconf 89' lang='lat' dir='ltr'>opitulabatur.</span> <span class='ocrx_word' id='word_1_525' title='bbox 3166 3709 3389 3763; x_wconf 88' lang='lat' dir='ltr'>Ferunt</span> <span class='ocrx_word' id='word_1_526' title='bbox 3419 3727 3575 3779; x_wconf 89' lang='lat' dir='ltr'>eum,</span> <span class='ocrx_word' id='word_1_527' title='bbox 3609 3729 3743 3766; x_wconf 93' lang='lat' dir='ltr'>cum</span> 
     </span>
    </p>
   </div>
   <div class='ocr_carea' id='block_1_75' title="bbox 1535 3823 2546 3881">
    <p class='ocr_par' dir='ltr' id='par_1_75' title="bbox 1535 3823 2546 3881">
     <span class='ocr_line' id='line_1_75' title="bbox 1535 3823 2546 3881; baseline -0.003 -3"><span class='ocrx_word' id='word_1_528' title='bbox 1535 3825 1898 3881; x_wconf 81' lang='lat' dir='ltr'><strong>XYLANDRI</strong></span> <span class='ocrx_word' id='word_1_529' title='bbox 1937 3825 2024 3880; x_wconf 86' lang='lat' dir='ltr'><strong>ET</strong></span> <span class='ocrx_word' id='word_1_530' title='bbox 2064 3823 2282 3880; x_wconf 81' lang='lat' dir='ltr'><strong>GOARI</strong></span> <span class='ocrx_word' id='word_1_531' title='bbox 2324 3823 2546 3877; x_wconf 60' lang='lat' dir='ltr'>NOTAE.</span> 
     </span>
    </p>
   </div>
   <div class='ocr_carea' id='block_1_76' title="bbox 407 3947 1982 4024">
    <p class='ocr_par' dir='ltr' id='par_1_76' title="bbox 407 3947 1982 4024">
     <span class='ocr_line' id='line_1_76' title="bbox 407 3947 1982 4024; baseline 0.002 -21"><span class='ocrx_word' id='word_1_532' title='bbox 407 3947 517 4020; x_wconf 83' lang='grc'>(75)</span> <span class='ocrx_word' id='word_1_533' title='bbox 547 3951 764 4006; x_wconf 87' lang='lat' dir='ltr'>Locum</span> <span class='ocrx_word' id='word_1_534' title='bbox 792 3951 1023 4006; x_wconf 90' lang='lat' dir='ltr'>videtur</span> <span class='ocrx_word' id='word_1_535' title='bbox 1051 3951 1183 4024; x_wconf 77' lang='lat' dir='ltr'>haec</span> <span class='ocrx_word' id='word_1_536' title='bbox 1207 3969 1315 4006; x_wconf 85' lang='lat' dir='ltr'>vox</span> <span class='ocrx_word' id='word_1_537' title='bbox 1347 3950 1702 4024; x_wconf 76' lang='lat' dir='ltr'>significare,</span> <span class='ocrx_word' id='word_1_538' title='bbox 1733 3951 1982 4018; x_wconf 76' lang='lat' dir='ltr'>fortasse</span> 
     </span>
    </p>
   </div>
   <div class='ocr_carea' id='block_1_77' title="bbox 331 4020 1985 4094">
    <p class='ocr_par' dir='ltr' id='par_1_77' title="bbox 331 4020 1985 4094">
     <span class='ocr_line' id='line_1_77' title="bbox 331 4020 1985 4094; baseline 0.001 -20"><span class='ocrx_word' id='word_1_539' title='bbox 331 4020 393 4075; x_wconf 92' lang='lat' dir='ltr'>in</span> <span class='ocrx_word' id='word_1_540' title='bbox 427 4037 606 4094; x_wconf 82' lang='lat' dir='ltr'>quem</span> <span class='ocrx_word' id='word_1_541' title='bbox 637 4039 805 4077; x_wconf 90' lang='lat' dir='ltr'>suum</span> <span class='ocrx_word' id='word_1_542' title='bbox 829 4024 997 4094; x_wconf 82' lang='lat' dir='ltr'>quasi</span> <span class='ocrx_word' id='word_1_543' title='bbox 1020 4023 1322 4094; x_wconf 90' lang='lat' dir='ltr'>peculium</span> <span class='ocrx_word' id='word_1_544' title='bbox 1339 4020 1638 4094; x_wconf 77' lang='lat' dir='ltr'>quoddam</span> <span class='ocrx_word' id='word_1_545' title='bbox 1661 4021 1985 4093; x_wconf 85' lang='lat' dir='ltr'>imperator</span> 
     </span>
    </p>
   </div>
   <div class='ocr_carea' id='block_1_78' title="bbox 330 4090 1985 4166">
    <p class='ocr_par' dir='ltr' id='par_1_78' title="bbox 330 4090 1985 4166">
     <span class='ocr_line' id='line_1_78' title="bbox 330 4090 1985 4166; baseline 0.001 -20"><span class='ocrx_word' id='word_1_546' title='bbox 330 4090 705 4166; x_wconf 83' lang='lat' dir='ltr'>reconderet.</span> <span class='ocrx_word' id='word_1_547' title='bbox 731 4090 869 4148; x_wconf 65' lang='grc' dir='ltr'>Χηῖ</span> <span class='ocrx_word' id='word_1_548' title='bbox 895 4127 970 4166; x_wconf 39' lang='lat' dir='ltr'>—U</span> <span class='ocrx_word' id='word_1_549' title='bbox 985 4090 1144 4166; x_wconf 80' lang='lat' dir='ltr'>Legit</span> <span class='ocrx_word' id='word_1_550' title='bbox 1165 4090 1546 4165; x_wconf 76' lang='lat' dir='ltr'>Curopalates</span> <span class='ocrx_word' id='word_1_551' title='bbox 1564 4090 1985 4162; x_wconf 65' lang='grc' dir='ltr'>εἰδικῷῖδιιοιοι·</span> 
     </span>
    </p>
   </div>
   <div class='ocr_carea' id='block_1_79' title="bbox 333 4162 1980 4236">
    <p class='ocr_par' dir='ltr' id='par_1_79' title="bbox 333 4162 1980 4236">
     <span class='ocr_line' id='line_1_79' title="bbox 333 4162 1980 4236; baseline 0.001 -19"><span class='ocrx_word' id='word_1_552' title='bbox 333 4165 640 4234; x_wconf 90' lang='lat' dir='ltr'>superiore</span> <span class='ocrx_word' id='word_1_553' title='bbox 675 4182 731 4236; x_wconf 91' lang='lat' dir='ltr'>p.</span> <span class='ocrx_word' id='word_1_554' title='bbox 767 4167 870 4220; x_wconf 77' lang='grc'>544</span> <span class='ocrx_word' id='word_1_555' title='bbox 927 4162 1108 4236; x_wconf 62' lang='grc' dir='ltr'>ἰδικῖῆ.</span> <span class='ocrx_word' id='word_1_556' title='bbox 1169 4169 1252 4221; x_wconf 85' lang='lat' dir='ltr'>Ex</span> <span class='ocrx_word' id='word_1_557' title='bbox 1305 4162 1518 4236; x_wconf 82' lang='lat' dir='ltr'>quibus</span> <span class='ocrx_word' id='word_1_558' title='bbox 1577 4167 1980 4236; x_wconf 81' lang='lat' dir='ltr'>conjecturam</span> 
     </span>
    </p>
   </div>
   <div class='ocr_carea' id='block_1_80' title="bbox 330 4233 1980 4308">
    <p class='ocr_par' dir='ltr' id='par_1_80' title="bbox 330 4233 1980 4308">
     <span class='ocr_line' id='line_1_80' title="bbox 330 4233 1980 4308; baseline 0 -18"><span class='ocrx_word' id='word_1_559' title='bbox 330 4233 453 4308; x_wconf 77' lang='lat' dir='ltr'>non</span> <span class='ocrx_word' id='word_1_560' title='bbox 485 4233 692 4292; x_wconf 49' lang='lat' dir='ltr'>levem_</span> <span class='ocrx_word' id='word_1_561' title='bbox 714 4237 966 4308; x_wconf 89' lang='lat' dir='ltr'>decerpo</span> <span class='ocrx_word' id='word_1_562' title='bbox 1026 4233 1231 4308; x_wconf 58' lang='grc' dir='ltr'>εἰδικῷ,</span> <span class='ocrx_word' id='word_1_563' title='bbox 1272 4233 1730 4308; x_wconf 69' lang='grc' dir='ltr'>Γοροηεῑιάιιω’;</span> <span class='ocrx_word' id='word_1_564' title='bbox 1759 4243 1818 4290; x_wconf 91' lang='lat' dir='ltr'>et</span> <span class='ocrx_word' id='word_1_565' title='bbox 1875 4253 1980 4306; x_wconf 90' lang='lat' dir='ltr'>pro</span> 
     </span>
    </p>
   </div>
   <div class='ocr_carea' id='block_1_81' title="bbox 331 4307 1979 4382">
    <p class='ocr_par' dir='ltr' id='par_1_81' title="bbox 331 4307 1979 4382">
     <span class='ocr_line' id='line_1_81' title="bbox 331 4307 1979 4382; baseline 0 -22"><span class='ocrx_word' id='word_1_566' title='bbox 331 4307 581 4382; x_wconf 81' lang='lat' dir='ltr'>privato,</span> <span class='ocrx_word' id='word_1_567' title='bbox 609 4309 772 4382; x_wconf 85' lang='lat' dir='ltr'>regio</span> <span class='ocrx_word' id='word_1_568' title='bbox 805 4307 1003 4364; x_wconf 82' lang='lat' dir='ltr'>tamen</span> <span class='ocrx_word' id='word_1_569' title='bbox 1037 4309 1246 4364; x_wconf 83' lang='lat' dir='ltr'>aerario</span> <span class='ocrx_word' id='word_1_570' title='bbox 1288 4307 1682 4382; x_wconf 73' lang='lat' dir='ltr'>sumendum,</span> <span class='ocrx_word' id='word_1_571' title='bbox 1745 4308 1804 4360; x_wconf 91' lang='lat' dir='ltr'>in</span> <span class='ocrx_word' id='word_1_572' title='bbox 1864 4324 1979 4376; x_wconf 93' lang='lat' dir='ltr'>quo</span> 
     </span>
    </p>
   </div>
   <div class='ocr_carea' id='block_1_82' title="bbox 330 4379 1978 4450">
    <p class='ocr_par' dir='ltr' id='par_1_82' title="bbox 330 4379 1978 4450">
     <span class='ocr_line' id='line_1_82' title="bbox 330 4379 1978 4450; baseline 0.001 -19"><span class='ocrx_word' id='word_1_573' title='bbox 330 4395 453 4432; x_wconf 90' lang='lat' dir='ltr'>non</span> <span class='ocrx_word' id='word_1_574' title='bbox 487 4379 634 4434; x_wconf 92' lang='lat' dir='ltr'>adeo</span> <span class='ocrx_word' id='word_1_575' title='bbox 666 4379 934 4435; x_wconf 75' lang='lat' dir='ltr'>servatur</span> <span class='ocrx_word' id='word_1_576' title='bbox 982 4397 1160 4450; x_wconf 91' lang='lat' dir='ltr'>quam</span> <span class='ocrx_word' id='word_1_577' title='bbox 1192 4380 1428 4434; x_wconf 86' lang='lat' dir='ltr'>cuditur</span> <span class='ocrx_word' id='word_1_578' title='bbox 1459 4385 1517 4433; x_wconf 91' lang='lat' dir='ltr'>et</span> <span class='ocrx_word' id='word_1_579' title='bbox 1546 4379 1812 4450; x_wconf 86' lang='lat' dir='ltr'>signatur</span> <span class='ocrx_word' id='word_1_580' title='bbox 1843 4395 1978 4432; x_wconf 87' lang='lat' dir='ltr'>mo-</span> 
     </span>
    </p>
   </div>
   <div class='ocr_carea' id='block_1_83' title="bbox 332 4449 1980 4522">
    <p class='ocr_par' dir='ltr' id='par_1_83' title="bbox 332 4449 1980 4522">
     <span class='ocr_line' id='line_1_83' title="bbox 332 4449 1980 4522; baseline -0.001 -20"><span class='ocrx_word' id='word_1_581' title='bbox 332 4455 492 4503; x_wconf 90' lang='lat' dir='ltr'>neta.</span> <span class='ocrx_word' id='word_1_582' title='bbox 522 4450 615 4503; x_wconf 89' lang='lat' dir='ltr'>Nil</span> <span class='ocrx_word' id='word_1_583' title='bbox 645 4449 1019 4506; x_wconf 84' lang='lat' dir='ltr'>communius</span> <span class='ocrx_word' id='word_1_584' title='bbox 1050 4468 1229 4522; x_wconf 87' lang='lat' dir='ltr'>quam</span> <span class='ocrx_word' id='word_1_585' title='bbox 1261 4451 1537 4505; x_wconf 62' lang='lat' dir='ltr'>aerarium</span> <span class='ocrx_word' id='word_1_586' title='bbox 1594 4449 1890 4522; x_wconf 84' lang='lat' dir='ltr'>publicum</span> <span class='ocrx_word' id='word_1_587' title='bbox 1924 4455 1980 4502; x_wconf 87' lang='lat' dir='ltr'>et</span> 
     </span>
    </p>
   </div>
   <div class='ocr_carea' id='block_1_84' title="bbox 332 4521 1978 4594">
    <p class='ocr_par' dir='ltr' id='par_1_84' title="bbox 332 4521 1978 4594">
     <span class='ocr_line' id='line_1_84' title="bbox 332 4521 1978 4594; baseline 0.002 -23"><span class='ocrx_word' id='word_1_588' title='bbox 332 4535 670 4586; x_wconf 89' lang='lat' dir='ltr'>commune,</span> <span class='ocrx_word' id='word_1_589' title='bbox 694 4539 809 4592; x_wconf 89' lang='lat' dir='ltr'>quo</span> <span class='ocrx_word' id='word_1_590' title='bbox 839 4521 1085 4593; x_wconf 21' lang='lat' dir='ltr'>publicai</span> <span class='ocrx_word' id='word_1_591' title='bbox 1105 4521 1427 4594; x_wconf 86' lang='lat' dir='ltr'>vectigalia,</span> <span class='ocrx_word' id='word_1_592' title='bbox 1463 4525 1528 4575; x_wconf 91' lang='lat' dir='ltr'>ut</span> <span class='ocrx_word' id='word_1_593' title='bbox 1559 4521 1731 4575; x_wconf 89' lang='lat' dir='ltr'>modo</span> <span class='ocrx_word' id='word_1_594' title='bbox 1763 4536 1978 4594; x_wconf 83' lang='lat' dir='ltr'>narra-</span> 
     </span>
    </p>
   </div>
   <div class='ocr_carea' id='block_1_85' title="bbox 333 4591 1981 4665">
    <p class='ocr_par' dir='ltr' id='par_1_85' title="bbox 333 4591 1981 4665">
     <span class='ocr_line' id='line_1_85' title="bbox 333 4591 1981 4665; baseline 0.003 -24"><span class='ocrx_word' id='word_1_595' title='bbox 333 4595 501 4665; x_wconf 71' lang='lat' dir='ltr'>turus</span> <span class='ocrx_word' id='word_1_596' title='bbox 533 4596 621 4644; x_wconf 89' lang='lat' dir='ltr'>est</span> <span class='ocrx_word' id='word_1_597' title='bbox 648 4591 872 4665; x_wconf 68' lang='lat' dir='ltr'>auctor,</span> <span class='ocrx_word' id='word_1_598' title='bbox 907 4594 1220 4665; x_wconf 86' lang='lat' dir='ltr'>exiguntur</span> <span class='ocrx_word' id='word_1_599' title='bbox 1249 4591 1308 4649; x_wconf 79' lang='lat' dir='ltr'>et</span> <span class='ocrx_word' id='word_1_600' title='bbox 1337 4608 1683 4665; x_wconf 82' lang='lat' dir='ltr'>communes</span> <span class='ocrx_word' id='word_1_601' title='bbox 1713 4591 1981 4665; x_wconf 72' lang='lat' dir='ltr'>omnium</span> 
     </span>
    </p>
   </div>
   <div class='ocr_carea' id='block_1_86' title="bbox 330 4657 1980 4736">
    <p class='ocr_par' dir='ltr' id='par_1_86' title="bbox 330 4657 1980 4736">
     <span class='ocr_line' id='line_1_86' title="bbox 330 4657 1980 4736; baseline -0.001 -21"><span class='ocrx_word' id='word_1_602' title='bbox 330 4659 634 4736; x_wconf 79' lang='lat' dir='ltr'>redituum</span> <span class='ocrx_word' id='word_1_603' title='bbox 662 4657 1302 4732; x_wconf 54' lang='lat' dir='ltr'>redduntur&#39;rationes,</span> <span class='ocrx_word' id='word_1_604' title='bbox 1335 4662 1548 4736; x_wconf 82' lang='grc' dir='ltr'>γενικόν</span> <span class='ocrx_word' id='word_1_605' title='bbox 1582 4663 1795 4736; x_wconf 89' lang='lat' dir='ltr'>vocari.</span> <span class='ocrx_word' id='word_1_606' title='bbox 1831 4657 1980 4736; x_wconf 65' lang='grc' dir='ltr'>Εἰδιτ</span> 
     </span>
    </p>
   </div>
   <div class='ocr_carea' id='block_1_87' title="bbox 328 4731 1980 4807">
    <p class='ocr_par' dir='ltr' id='par_1_87' title="bbox 328 4731 1980 4807">
     <span class='ocr_line' id='line_1_87' title="bbox 328 4731 1980 4807; baseline 0.002 -23"><span class='ocrx_word' id='word_1_607' title='bbox 328 4731 427 4784; x_wconf 81' lang='grc' dir='ltr'>κόν</span> <span class='ocrx_word' id='word_1_608' title='bbox 461 4731 638 4807; x_wconf 84' lang='lat' dir='ltr'>igitur</span> <span class='ocrx_word' id='word_1_609' title='bbox 665 4737 863 4807; x_wconf 79' lang='grc' dir='ltr'>γενικῷ</span> <span class='ocrx_word' id='word_1_610' title='bbox 891 4735 1250 4804; x_wconf 87' lang='lat' dir='ltr'>respondeat</span> <span class='ocrx_word' id='word_1_611' title='bbox 1276 4731 1528 4807; x_wconf 83' lang='lat' dir='ltr'>oportet,</span> <span class='ocrx_word' id='word_1_612' title='bbox 1589 4735 1740 4788; x_wconf 89' lang='lat' dir='ltr'>sicut</span> <span class='ocrx_word' id='word_1_613' title='bbox 1764 4733 1980 4807; x_wconf 78' lang='lat' dir='ltr'>generi</span> 
     </span>
    </p>
   </div>
   <div class='ocr_carea' id='block_1_88' title="bbox 332 4803 1978 4874">
    <p class='ocr_par' dir='ltr' id='par_1_88' title="bbox 332 4803 1978 4874">
     <span class='ocr_line' id='line_1_88' title="bbox 332 4803 1978 4874; baseline 0 -16"><span class='ocrx_word' id='word_1_614' title='bbox 332 4803 560 4874; x_wconf 87' lang='lat' dir='ltr'>species</span> <span class='ocrx_word' id='word_1_615' title='bbox 587 4810 645 4859; x_wconf 90' lang='lat' dir='ltr'>et</span> <span class='ocrx_word' id='word_1_616' title='bbox 675 4803 966 4874; x_wconf 87' lang='lat' dir='ltr'>privatum</span> <span class='ocrx_word' id='word_1_617' title='bbox 994 4803 1331 4862; x_wconf 55' lang='lat' dir='ltr'>communi:</span> <span class='ocrx_word' id='word_1_618' title='bbox 1357 4811 1430 4862; x_wconf 83' lang='lat' dir='ltr'>At</span> <span class='ocrx_word' id='word_1_619' title='bbox 1455 4807 1580 4861; x_wconf 90' lang='lat' dir='ltr'>leve</span> <span class='ocrx_word' id='word_1_620' title='bbox 1617 4811 1726 4870; x_wconf 90' lang='lat' dir='ltr'>est,</span> <span class='ocrx_word' id='word_1_621' title='bbox 1759 4803 1978 4874; x_wconf 81' lang='lat' dir='ltr'>inquis,</span> 
     </span>
    </p>
   </div>
   <div class='ocr_carea' id='block_1_89' title="bbox 329 4874 1977 4944">
    <p class='ocr_par' dir='ltr' id='par_1_89' title="bbox 329 4874 1977 4944">
     <span class='ocr_line' id='line_1_89' title="bbox 329 4874 1977 4944; baseline 0.001 -16"><span class='ocrx_word' id='word_1_622' title='bbox 329 4874 710 4944; x_wconf 88' lang='lat' dir='ltr'>acumen,ubi</span> <span class='ocrx_word' id='word_1_623' title='bbox 741 4875 1061 4931; x_wconf 88' lang='lat' dir='ltr'>auctoritas</span> <span class='ocrx_word' id='word_1_624' title='bbox 1091 4878 1180 4932; x_wconf 88' lang='lat' dir='ltr'>vel</span> <span class='ocrx_word' id='word_1_625' title='bbox 1211 4895 1279 4933; x_wconf 86' lang='lat' dir='ltr'>ex</span> <span class='ocrx_word' id='word_1_626' title='bbox 1299 4879 1544 4934; x_wconf 89' lang='lat' dir='ltr'>historia</span> <span class='ocrx_word' id='word_1_627' title='bbox 1563 4878 1728 4932; x_wconf 90' lang='lat' dir='ltr'>locus</span> <span class='ocrx_word' id='word_1_628' title='bbox 1757 4874 1977 4931; x_wconf 81' lang='lat' dir='ltr'>deﬁcit.</span> 
     </span>
    </p>
   </div>
   <div class='ocr_carea' id='block_1_90' title="bbox 329 4947 1981 5021">
    <p class='ocr_par' dir='ltr' id='par_1_90' title="bbox 329 4947 1981 5021">
     <span class='ocr_line' id='line_1_90' title="bbox 329 4947 1981 5021; baseline 0.003 -23"><span class='ocrx_word' id='word_1_629' title='bbox 329 4947 655 5021; x_wconf 63' lang='lat' dir='ltr'>gtrumque</span> <span class='ocrx_word' id='word_1_630' title='bbox 688 4947 844 5003; x_wconf 91' lang='lat' dir='ltr'>dicto</span> <span class='ocrx_word' id='word_1_631' title='bbox 875 4947 1135 5021; x_wconf 79' lang='lat' dir='ltr'>facturus</span> <span class='ocrx_word' id='word_1_632' title='bbox 1157 4950 1346 5021; x_wconf 77' lang='lat' dir='ltr'>ﬁdem</span> <span class='ocrx_word' id='word_1_633' title='bbox 1377 4947 1866 5021; x_wconf 86' lang='lat' dir='ltr'>depremo._Leon</span> <span class='ocrx_word' id='word_1_634' title='bbox 1923 4953 1981 5004; x_wconf 90' lang='lat' dir='ltr'>et</span> 
     </span>
    </p>
   </div>
   <div class='ocr_carea' id='block_1_91' title="bbox 331 5017 1976 5102">
    <p class='ocr_par' dir='ltr' id='par_1_91' title="bbox 331 5017 1976 5102">
     <span class='ocr_line' id='line_1_91' title="bbox 331 5017 1976 5102; baseline 0.001 -32"><span class='ocrx_word' id='word_1_635' title='bbox 331 5017 878 5102; x_wconf 59' lang='lat' dir='ltr'>ConstantinusM</span> <span class='ocrx_word' id='word_1_636' title='bbox 911 5019 1034 5101; x_wconf 79' lang='lat' dir='ltr'>suis</span> <span class='ocrx_word' id='word_1_637' title='bbox 1047 5019 1121 5102; x_wconf 41' lang='lat' dir='ltr'>.in</span> <span class='ocrx_word' id='word_1_638' title='bbox 1150 5020 1380 5102; x_wconf 79' lang='lat' dir='ltr'>legibus</span> <span class='ocrx_word' id='word_1_639' title='bbox 1411 5017 1484 5102; x_wconf 75' lang='lat' dir='ltr'>et.</span> <span class='ocrx_word' id='word_1_640' title='bbox 1505 5021 1554 5102; x_wconf 83' lang='lat' dir='ltr'>ll</span> <span class='ocrx_word' id='word_1_641' title='bbox 1573 5019 1730 5102; x_wconf 82' lang='lat' dir='ltr'>Juris</span> <span class='ocrx_word' id='word_1_642' title='bbox 1749 5020 1976 5099; x_wconf 65' lang='lat' dir='ltr'>Graeco-</span> 
     </span>
    </p>
   </div>
   <div class='ocr_carea' id='block_1_92' title="bbox 329 5089 1975 5161">
    <p class='ocr_par' dir='ltr' id='par_1_92' title="bbox 329 5089 1975 5161">
     <span class='ocr_line' id='line_1_92' title="bbox 329 5089 1975 5161; baseline 0.002 -19"><span class='ocrx_word' id='word_1_643' title='bbox 329 5089 565 5161; x_wconf 88' lang='lat' dir='ltr'>romani</span> <span class='ocrx_word' id='word_1_644' title='bbox 599 5091 840 5145; x_wconf 87' lang='lat' dir='ltr'>insertis</span> <span class='ocrx_word' id='word_1_645' title='bbox 868 5090 1060 5146; x_wconf 61' lang='lat' dir='ltr'>ararii</span> <span class='ocrx_word' id='word_1_646' title='bbox 1083 5089 1392 5148; x_wconf 80' lang='lat' dir='ltr'>ministros</span> <span class='ocrx_word' id='word_1_647' title='bbox 1424 5090 1975 5161; x_wconf 5' lang='lat' dir='ltr'>instructuri.ppraa-</span> 
     </span>
    </p>
   </div>
   <div class='ocr_carea' id='block_1_93' title="bbox 329 5157 1973 5234">
    <p class='ocr_par' dir='ltr' id='par_1_93' title="bbox 329 5157 1973 5234">
     <span class='ocr_line' id='line_1_93' title="bbox 329 5157 1973 5234; baseline -0.001 -21"><span class='ocrx_word' id='word_1_648' title='bbox 329 5160 538 5234; x_wconf 77' lang='lat' dir='ltr'>cipuos</span> <span class='ocrx_word' id='word_1_649' title='bbox 567 5168 904 5234; x_wconf 80' lang='lat' dir='ltr'>memorant</span> <span class='ocrx_word' id='word_1_650' title='bbox 936 5161 1112 5234; x_wconf 61' lang='lat' dir='ltr'>titj,</span> <span class='ocrx_word' id='word_1_651' title='bbox 1137 5160 1609 5234; x_wconf 51' lang='lat' dir='ltr'>quaastoremgrbv</span> <span class='ocrx_word' id='word_1_652' title='bbox 1633 5157 1973 5231; x_wconf 76' lang='grc' dir='ltr'>ἐνδοξότατον</span> 
     </span>
    </p>
   </div>
   <div class='ocr_carea' id='block_1_94' title="bbox 324 5228 1975 5307">
    <p class='ocr_par' dir='ltr' id='par_1_94' title="bbox 324 5228 1975 5307">
     <span class='ocr_line' id='line_1_94' title="bbox 324 5228 1975 5307; baseline 0.004 -25"><span class='ocrx_word' id='word_1_653' title='bbox 324 5228 549 5299; x_wconf 71' lang='grc' dir='ltr'>κὸμητα</span> <span class='ocrx_word' id='word_1_654' title='bbox 576 5236 682 5307; x_wconf 72' lang='grc' dir='ltr'>τῶν</span> <span class='ocrx_word' id='word_1_655' title='bbox 716 5232 874 5307; x_wconf 84' lang='grc' dir='ltr'>θείων</span> <span class='ocrx_word' id='word_1_656' title='bbox 909 5228 1680 5307; x_wconf 56' lang='lat' dir='ltr'>sicaslw‘i,gloriosissimum</span> <span class='ocrx_word' id='word_1_657' title='bbox 1696 5228 1975 5288; x_wconf 69' lang='lat' dir='ltr'>comitem</span> 
     </span>
    </p>
   </div>
   <div class='ocr_carea' id='block_1_95' title="bbox 325 5305 1976 5379">
    <p class='ocr_par' dir='ltr' id='par_1_95' title="bbox 325 5305 1976 5379">
     <span class='ocr_line' id='line_1_95' title="bbox 325 5305 1976 5379; baseline -0.001 -23"><span class='ocrx_word' id='word_1_658' title='bbox 325 5318 628 5379; x_wconf 70' lang='lat' dir='ltr'>sacrarum</span> <span class='ocrx_word' id='word_1_659' title='bbox 662 5305 1062 5379; x_wconf 77' lang='lat' dir='ltr'>largitionum,</span> <span class='ocrx_word' id='word_1_660' title='bbox 1097 5305 1529 5379; x_wconf 34' lang='lat' dir='ltr'>qui‘logotheta</span> <span class='ocrx_word' id='word_1_661' title='bbox 1549 5311 1640 5360; x_wconf 90' lang='lat' dir='ltr'>est</span> <span class='ocrx_word' id='word_1_662' title='bbox 1691 5307 1976 5379; x_wconf 42' lang='lat' dir='ltr'>emigravi-</span> 
     </span>
    </p>
   </div>
   <div class='ocr_carea' id='block_1_96' title="bbox 322 5372 1977 5447">
    <p class='ocr_par' dir='ltr' id='par_1_96' title="bbox 322 5372 1977 5447">
     <span class='ocr_line' id='line_1_96' title="bbox 322 5372 1977 5447; baseline -0.005 -12"><span class='ocrx_word' id='word_1_663' title='bbox 322 5375 444 5434; x_wconf 70' lang='grc' dir='ltr'><strong>κοῦ.</strong></span> <span class='ocrx_word' id='word_1_664' title='bbox 470 5375 584 5447; x_wconf 57' lang='grc' dir='ltr'>⁸(Ῑιιί</span> <span class='ocrx_word' id='word_1_665' title='bbox 616 5372 776 5447; x_wconf 57' lang='grc' dir='ltr'>ΠιιξΧ-</span> <span class='ocrx_word' id='word_1_666' title='bbox 799 5372 1136 5447; x_wconf 78' lang='lat' dir='ltr'>adjungunt</span> <span class='ocrx_word' id='word_1_667' title='bbox 1191 5372 1320 5429; x_wconf 64' lang='grc' dir='ltr'>τὸν’</span> <span class='ocrx_word' id='word_1_668' title='bbox 1342 5372 1689 5447; x_wconf 81' lang='grc' dir='ltr'>ἐνδοξότατον</span> <span class='ocrx_word' id='word_1_669' title='bbox 1757 5372 1977 5446; x_wconf 83' lang='grc' dir='ltr'>κόμητα</span> 
     </span>
    </p>
   </div>
   <div class='ocr_carea' id='block_1_97' title="bbox 324 5442 1976 5520">
    <p class='ocr_par' dir='ltr' id='par_1_97' title="bbox 324 5442 1976 5520">
     <span class='ocr_line' id='line_1_97' title="bbox 324 5442 1976 5520; baseline 0.002 -23"><span class='ocrx_word' id='word_1_670' title='bbox 324 5447 434 5497; x_wconf 81' lang='grc' dir='ltr'>τῶν</span> <span class='ocrx_word' id='word_1_671' title='bbox 465 5442 618 5520; x_wconf 76' lang='grc' dir='ltr'>θείων</span> <span class='ocrx_word' id='word_1_672' title='bbox 648 5442 890 5518; x_wconf 66' lang='grc' dir='ltr'>εἰδικῶνξ</span> <span class='ocrx_word' id='word_1_673' title='bbox 913 5442 1411 5520; x_wconf 70' lang='lat' dir='ltr'>gloriosissimum</span> <span class='ocrx_word' id='word_1_674' title='bbox 1470 5442 1749 5520; x_wconf 79' lang='lat' dir='ltr'>comitem</span> <span class='ocrx_word' id='word_1_675' title='bbox 1780 5442 1976 5520; x_wconf 79' lang='lat' dir='ltr'>sacra-</span> 
     </span>
    </p>
   </div>
   <div class='ocr_carea' id='block_1_98' title="bbox 323 5517 1974 5590">
    <p class='ocr_par' dir='ltr' id='par_1_98' title="bbox 323 5517 1974 5590">
     <span class='ocr_line' id='line_1_98' title="bbox 323 5517 1974 5590; baseline 0.002 -21"><span class='ocrx_word' id='word_1_676' title='bbox 323 5533 458 5571; x_wconf 90' lang='lat' dir='ltr'>rum</span> <span class='ocrx_word' id='word_1_677' title='bbox 487 5517 873 5588; x_wconf 75' lang='lat' dir='ltr'>privatarum,</span> <span class='ocrx_word' id='word_1_678' title='bbox 900 5517 1038 5575; x_wconf 77' lang='lat' dir='ltr'>eum</span> <span class='ocrx_word' id='word_1_679' title='bbox 1073 5518 1144 5573; x_wconf 90' lang='lat' dir='ltr'>de</span> <span class='ocrx_word' id='word_1_680' title='bbox 1172 5536 1288 5590; x_wconf 91' lang='lat' dir='ltr'>quo</span> <span class='ocrx_word' id='word_1_681' title='bbox 1321 5520 1381 5574; x_wconf 91' lang='lat' dir='ltr'>in</span> <span class='ocrx_word' id='word_1_682' title='bbox 1421 5518 1696 5590; x_wconf 65' lang='lat' dir='ltr'>praesenti</span> <span class='ocrx_word' id='word_1_683' title='bbox 1727 5518 1974 5588; x_wconf 69' lang='lat' dir='ltr'>quaestio</span> 
     </span>
    </p>
   </div>
   <div class='ocr_carea' id='block_1_99' title="bbox 321 5589 1974 5659">
    <p class='ocr_par' dir='ltr' id='par_1_99' title="bbox 321 5589 1974 5659">
     <span class='ocr_line' id='line_1_99' title="bbox 321 5589 1974 5659; baseline 0.001 -16"><span class='ocrx_word' id='word_1_684' title='bbox 321 5593 610 5644; x_wconf 87' lang='lat' dir='ltr'>movetur.</span> <span class='ocrx_word' id='word_1_685' title='bbox 647 5590 877 5647; x_wconf 87' lang='lat' dir='ltr'>Solidas</span> <span class='ocrx_word' id='word_1_686' title='bbox 908 5607 978 5647; x_wconf 86' lang='lat' dir='ltr'>ex</span> <span class='ocrx_word' id='word_1_687' title='bbox 1011 5606 1156 5648; x_wconf 88' lang='lat' dir='ltr'>auro</span> <span class='ocrx_word' id='word_1_688' title='bbox 1189 5589 1518 5659; x_wconf 83' lang='lat' dir='ltr'>machinas,</span> <span class='ocrx_word' id='word_1_689' title='bbox 1550 5589 1812 5658; x_wconf 87' lang='lat' dir='ltr'>arbores,</span> <span class='ocrx_word' id='word_1_690' title='bbox 1843 5590 1974 5646; x_wconf 88' lang='lat' dir='ltr'>ani-</span> 
     </span>
    </p>
   </div>
   <div class='ocr_carea' id='block_1_100' title="bbox 2093 3945 3742 4018">
    <p class='ocr_par' dir='ltr' id='par_1_100' title="bbox 2093 3945 3742 4018">
     <span class='ocr_line' id='line_1_100' title="bbox 2093 3945 3742 4018; baseline 0 -14"><span class='ocrx_word' id='word_1_691' title='bbox 2093 3948 2292 4012; x_wconf 87' lang='lat' dir='ltr'>malia,</span> <span class='ocrx_word' id='word_1_692' title='bbox 2328 3946 2545 4002; x_wconf 86' lang='lat' dir='ltr'>variam</span> <span class='ocrx_word' id='word_1_693' title='bbox 2581 3945 3012 4018; x_wconf 85' lang='lat' dir='ltr'>supellectilem</span> <span class='ocrx_word' id='word_1_694' title='bbox 3045 3953 3346 4018; x_wconf 87' lang='lat' dir='ltr'>repererat</span> <span class='ocrx_word' id='word_1_695' title='bbox 3385 3949 3742 4004; x_wconf 88' lang='lat' dir='ltr'>reconditam</span> 
     </span>
    </p>
   </div>
   <div class='ocr_carea' id='block_1_101' title="bbox 2093 4016 3745 4088">
    <p class='ocr_par' dir='ltr' id='par_1_101' title="bbox 2093 4016 3745 4088">
     <span class='ocr_line' id='line_1_101' title="bbox 2093 4016 3745 4088; baseline 0 -13"><span class='ocrx_word' id='word_1_696' title='bbox 2093 4021 2152 4075; x_wconf 94' lang='lat' dir='ltr'>in</span> <span class='ocrx_word' id='word_1_697' title='bbox 2175 4018 2469 4074; x_wconf 87' lang='lat' dir='ltr'>thesauris</span> <span class='ocrx_word' id='word_1_698' title='bbox 2505 4016 2780 4088; x_wconf 78' lang='lat' dir='ltr'>profusus</span> <span class='ocrx_word' id='word_1_699' title='bbox 2824 4016 3068 4072; x_wconf 90' lang='lat' dir='ltr'>Michael</span> <span class='ocrx_word' id='word_1_700' title='bbox 3088 4016 3404 4088; x_wconf 51' lang='lat' dir='ltr'>{nummos</span> <span class='ocrx_word' id='word_1_701' title='bbox 3427 4037 3497 4074; x_wconf 89' lang='lat' dir='ltr'>ex</span> <span class='ocrx_word' id='word_1_702' title='bbox 3513 4038 3582 4075; x_wconf 90' lang='lat' dir='ltr'>ea</span> <span class='ocrx_word' id='word_1_703' title='bbox 3603 4038 3745 4076; x_wconf 88' lang='lat' dir='ltr'>con-</span> 
     </span>
    </p>
   </div>
   <div class='ocr_carea' id='block_1_102' title="bbox 2093 4083 3740 4162">
    <p class='ocr_par' dir='ltr' id='par_1_102' title="bbox 2093 4083 3740 4162">
     <span class='ocr_line' id='line_1_102' title="bbox 2093 4083 3740 4162; baseline -0.001 -15"><span class='ocrx_word' id='word_1_704' title='bbox 2093 4093 2342 4162; x_wconf 82' lang='lat' dir='ltr'>ﬂaturus</span> <span class='ocrx_word' id='word_1_705' title='bbox 2412 4083 2665 4162; x_wconf 40' lang='grc' dir='ltr'>χαράξαι-</span> <span class='ocrx_word' id='word_1_706' title='bbox 2697 4083 2927 4162; x_wconf 76' lang='grc' dir='ltr'>δέδωκεν</span> <span class='ocrx_word' id='word_1_707' title='bbox 2980 4093 3075 4162; x_wconf 12' lang='grc' dir='ltr'>,τῷ</span> <span class='ocrx_word' id='word_1_708' title='bbox 3145 4087 3417 4162; x_wconf 87' lang='grc' dir='ltr'>βασιλικῷ</span> <span class='ocrx_word' id='word_1_709' title='bbox 3482 4090 3740 4162; x_wconf 85' lang='grc' dir='ltr'>ταμιείῳ.</span> 
     </span>
    </p>
   </div>
   <div class='ocr_carea' id='block_1_103' title="bbox 2095 4155 3740 4234">
    <p class='ocr_par' dir='ltr' id='par_1_103' title="bbox 2095 4155 3740 4234">
     <span class='ocr_line' id='line_1_103' title="bbox 2095 4155 3740 4234; baseline 0.001 -18"><span class='ocrx_word' id='word_1_710' title='bbox 2095 4155 2510 4234; x_wconf 67' lang='grc' dir='ltr'>Παραπλησίῶς</span> <span class='ocrx_word' id='word_1_711' title='bbox 2543 4155 2600 4234; x_wconf 71' lang='grc' dir='ltr'>δὲ</span> <span class='ocrx_word' id='word_1_712' title='bbox 2649 4158 2919 4234; x_wconf 76' lang='grc' dir='ltr'>ἐποίησεν,</span> <span class='ocrx_word' id='word_1_713' title='bbox 2976 4155 3170 4234; x_wconf 73' lang='lat' dir='ltr'>inquit</span> <span class='ocrx_word' id='word_1_714' title='bbox 3225 4155 3471 4234; x_wconf 37' lang='lat' dir='ltr'>auctor“</span> <span class='ocrx_word' id='word_1_715' title='bbox 3498 4155 3566 4234; x_wconf 42' lang='lat' dir='ltr'>p.&#39;</span> <span class='ocrx_word' id='word_1_716' title='bbox 3615 4155 3740 4234; x_wconf 15' lang='lat'>3756,</span> 
     </span>
    </p>
   </div>
   <div class='ocr_carea' id='block_1_104' title="bbox 2089 4228 3740 4320">
    <p class='ocr_par' dir='ltr' id='par_1_104' title="bbox 2089 4228 3740 4320">
     <span class='ocr_line' id='line_1_104' title="bbox 2089 4228 3740 4320; baseline 0.001 -33"><span class='ocrx_word' id='word_1_717' title='bbox 2089 4228 2183 4287; x_wconf 75' lang='grc' dir='ltr'>καῖ</span> <span class='ocrx_word' id='word_1_718' title='bbox 2212 4231 2262 4285; x_wconf 86' lang='grc' dir='ltr'>ἐν</span> <span class='ocrx_word' id='word_1_719' title='bbox 2294 4228 2414 4320; x_wconf 62' lang='grc' dir='ltr'>ταῖς</span> <span class='ocrx_word' id='word_1_720' title='bbox 2433 4229 2670 4320; x_wconf 46' lang='grc' dir='ltr'>ἓτολαῖς</span> <span class='ocrx_word' id='word_1_721' title='bbox 2705 4228 3141 4320; x_wconf 48' lang='grc' dir='ltr'>ρασιλικαῖς,;ὧν</span> <span class='ocrx_word' id='word_1_722' title='bbox 3179 4232 3241 4320; x_wconf 69' lang='grc' dir='ltr'>αἱ</span> <span class='ocrx_word' id='word_1_723' title='bbox 3311 4233 3407 4320; x_wconf 60' lang='grc' dir='ltr'>μέγ</span> <span class='ocrx_word' id='word_1_724' title='bbox 3423 4228 3571 4320; x_wconf 43' lang='lat' dir='ltr'>ﬁdem</span> <span class='ocrx_word' id='word_1_725' title='bbox 3607 4228 3740 4320; x_wconf 58' lang='grc' dir='ltr'>όλόὲ</span> 
     </span>
    </p>
   </div>
   <div class='ocr_carea' id='block_1_105' title="bbox 2089 4299 3734 4392">
    <p class='ocr_par' dir='ltr' id='par_1_105' title="bbox 2089 4299 3734 4392">
     <span class='ocr_line' id='line_1_105' title="bbox 2089 4299 3734 4392; baseline 0.002 -35"><span class='ocrx_word' id='word_1_726' title='bbox 2089 4303 2397 4386; x_wconf 44' lang='grc' dir='ltr'>χρυσοι,.αἱ</span> <span class='ocrx_word' id='word_1_727' title='bbox 2429 4299 2955 4392; x_wconf 42' lang='grc' dir='ltr'>δὲ’λρυσοῦᾖοαντοι,</span> <span class='ocrx_word' id='word_1_728' title='bbox 2979 4299 3240 4392; x_wconf 25' lang='grc' dir='ltr'>*δεδωκὼς</span> <span class='ocrx_word' id='word_1_729' title='bbox 3284 4299 3362 4375; x_wconf 76' lang='grc' dir='ltr'>τῷ</span> <span class='ocrx_word' id='word_1_730' title='bbox 3394 4299 3554 4376; x_wconf 53' lang='lat' dir='ltr'>tam;</span> <span class='ocrx_word' id='word_1_731' title='bbox 3585 4306 3734 4378; x_wconf 81' lang='lat' dir='ltr'>(lego</span> 
     </span>
    </p>
   </div>
   <div class='ocr_carea' id='block_1_106' title="bbox 2089 4369 3741 4447">
    <p class='ocr_par' dir='ltr' id='par_1_106' title="bbox 2089 4369 3741 4447">
     <span class='ocr_line' id='line_1_106' title="bbox 2089 4369 3741 4447; baseline -0.002 -15"><span class='ocrx_word' id='word_1_732' title='bbox 2089 4369 2412 4432; x_wconf 46' lang='lat' dir='ltr'>o‘orrectius</span> <span class='ocrx_word' id='word_1_733' title='bbox 2461 4369 2673 4442; x_wconf 72' lang='grc' dir='ltr'>είδῖκῷ)</span> <span class='ocrx_word' id='word_1_734' title='bbox 2722 4369 2861 4447; x_wconf 67' lang='grc' dir='ltr'>ὥστε</span> <span class='ocrx_word' id='word_1_735' title='bbox 2905 4373 3218 4447; x_wconf 26' lang='grc' dir='ltr'>καὶᾳταύτας</span> <span class='ocrx_word' id='word_1_736' title='bbox 3267 4369 3554 4447; x_wconf 76' lang='grc' dir='ltr'>χωνεῦσαί.</span> <span class='ocrx_word' id='word_1_737' title='bbox 3589 4369 3741 4434; x_wconf 68' lang='lat' dir='ltr'>Cui?</span> 
     </span>
    </p>
   </div>
   <div class='ocr_carea' id='block_1_107' title="bbox 2092 4442 3739 4522">
    <p class='ocr_par' dir='ltr' id='par_1_107' title="bbox 2092 4442 3739 4522">
     <span class='ocr_line' id='line_1_107' title="bbox 2092 4442 3739 4522; baseline 0.001 -20"><span class='ocrx_word' id='word_1_738' title='bbox 2092 4448 2206 4522; x_wconf 85' lang='lat' dir='ltr'>nisi</span> <span class='ocrx_word' id='word_1_739' title='bbox 2238 4447 2310 4501; x_wconf 91' lang='lat' dir='ltr'>de</span> <span class='ocrx_word' id='word_1_740' title='bbox 2342 4462 2457 4516; x_wconf 86' lang='lat' dir='ltr'>quo</span> <span class='ocrx_word' id='word_1_741' title='bbox 2489 4463 2683 4522; x_wconf 78' lang='lat' dir='ltr'>nuper</span> <span class='ocrx_word' id='word_1_742' title='bbox 2719 4446 2966 4522; x_wconf 80' lang='lat' dir='ltr'>dixerat_</span> <span class='ocrx_word' id='word_1_743' title='bbox 2993 4442 3192 4522; x_wconf 74' lang='grc' dir='ltr'>δέδωκε</span> <span class='ocrx_word' id='word_1_744' title='bbox 3229 4442 3308 4518; x_wconf 71' lang='grc' dir='ltr'>τῷ</span> <span class='ocrx_word' id='word_1_745' title='bbox 3343 4444 3739 4522; x_wconf 70' lang='grc' dir='ltr'>βασιλικῷτα-</span> 
     </span>
    </p>
   </div>
   <div class='ocr_carea' id='block_1_108' title="bbox 2095 4515 3738 4590">
    <p class='ocr_par' dir='ltr' id='par_1_108' title="bbox 2095 4515 3738 4590">
     <span class='ocr_line' id='line_1_108' title="bbox 2095 4515 3738 4590; baseline 0.004 -20"><span class='ocrx_word' id='word_1_746' title='bbox 2095 4515 2728 4590; x_wconf 48' lang='grc' dir='ltr'>μιείῳλιῖνοοοὺὺὶιιηι</span> <span class='ocrx_word' id='word_1_747' title='bbox 2761 4515 3162 4586; x_wconf 75' lang='grc' dir='ltr'>παραπλησίως</span> <span class='ocrx_word' id='word_1_748' title='bbox 3190 4515 3432 4576; x_wconf 84' lang='lat' dir='ltr'>sensum</span> <span class='ocrx_word' id='word_1_749' title='bbox 3464 4515 3738 4576; x_wconf 86' lang='lat' dir='ltr'>eumdem</span> 
     </span>
    </p>
   </div>
   <div class='ocr_carea' id='block_1_109' title="bbox 2093 4590 3741 4662">
    <p class='ocr_par' dir='ltr' id='par_1_109' title="bbox 2093 4590 3741 4662">
     <span class='ocr_line' id='line_1_109' title="bbox 2093 4590 3741 4662; baseline -0.001 -16"><span class='ocrx_word' id='word_1_750' title='bbox 2093 4594 2512 4662; x_wconf 84' lang='lat' dir='ltr'>consequatur.</span> <span class='ocrx_word' id='word_1_751' title='bbox 2539 4590 2663 4662; x_wconf 81' lang='lat' dir='ltr'>Non</span> <span class='ocrx_word' id='word_1_752' title='bbox 2686 4590 2852 4644; x_wconf 89' lang='lat' dir='ltr'>fuere</span> <span class='ocrx_word' id='word_1_753' title='bbox 2879 4595 3076 4646; x_wconf 90' lang='lat' dir='ltr'>tamen</span> <span class='ocrx_word' id='word_1_754' title='bbox 3096 4591 3344 4662; x_wconf 83' lang='lat' dir='ltr'>signata,</span> <span class='ocrx_word' id='word_1_755' title='bbox 3371 4609 3555 4662; x_wconf 82' lang='lat' dir='ltr'>eaque</span> <span class='ocrx_word' id='word_1_756' title='bbox 3578 4595 3741 4646; x_wconf 89' lang='lat' dir='ltr'>Basi—</span> 
     </span>
    </p>
   </div>
   <div class='ocr_carea' id='block_1_110' title="bbox 2091 4659 3738 4733">
    <p class='ocr_par' dir='ltr' id='par_1_110' title="bbox 2091 4659 3738 4733">
     <span class='ocr_line' id='line_1_110' title="bbox 2091 4659 3738 4733; baseline -0.001 -17"><span class='ocrx_word' id='word_1_757' title='bbox 2091 4662 2207 4716; x_wconf 91' lang='lat' dir='ltr'>lius</span> <span class='ocrx_word' id='word_1_758' title='bbox 2228 4659 2544 4733; x_wconf 86' lang='lat' dir='ltr'>imperium</span> <span class='ocrx_word' id='word_1_759' title='bbox 2569 4660 2818 4733; x_wconf 89' lang='lat' dir='ltr'>adeptus</span> <span class='ocrx_word' id='word_1_760' title='bbox 2840 4663 3078 4733; x_wconf 71' lang='lat' dir='ltr'>reperit,</span> <span class='ocrx_word' id='word_1_761' title='bbox 3107 4661 3261 4733; x_wconf 80' lang='lat' dir='ltr'>Ubi?</span> <span class='ocrx_word' id='word_1_762' title='bbox 3290 4660 3340 4714; x_wconf 83' lang='grc' dir='ltr'>ἐν</span> <span class='ocrx_word' id='word_1_763' title='bbox 3375 4659 3554 4731; x_wconf 75' lang='grc' dir='ltr'>εἰδίξῳ</span> <span class='ocrx_word' id='word_1_764' title='bbox 3588 4663 3738 4733; x_wconf 79' lang='lat' dir='ltr'>scri-</span> 
     </span>
    </p>
   </div>
   <div class='ocr_carea' id='block_1_111' title="bbox 2091 4730 3734 4804">
    <p class='ocr_par' dir='ltr' id='par_1_111' title="bbox 2091 4730 3734 4804">
     <span class='ocr_line' id='line_1_111' title="bbox 2091 4730 3734 4804; baseline -0.001 -16"><span class='ocrx_word' id='word_1_765' title='bbox 2091 4733 2178 4804; x_wconf 89' lang='lat' dir='ltr'>bit</span> <span class='ocrx_word' id='word_1_766' title='bbox 2204 4730 2528 4804; x_wconf 65' lang='lat' dir='ltr'>Qedrenus,</span> <span class='ocrx_word' id='word_1_767' title='bbox 2553 4732 2644 4787; x_wconf 87' lang='lat' dir='ltr'>vel</span> <span class='ocrx_word' id='word_1_768' title='bbox 2669 4730 2736 4786; x_wconf 81' lang='lat' dir='ltr'>ut</span> <span class='ocrx_word' id='word_1_769' title='bbox 2766 4730 3038 4804; x_wconf 77' lang='lat' dir='ltr'>superius</span> <span class='ocrx_word' id='word_1_770' title='bbox 3063 4732 3113 4786; x_wconf 78' lang='grc' dir='ltr'>ἐν</span> <span class='ocrx_word' id='word_1_771' title='bbox 3147 4730 3324 4801; x_wconf 81' lang='grc' dir='ltr'>ίδικῷ,</span> <span class='ocrx_word' id='word_1_772' title='bbox 3357 4730 3734 4804; x_wconf 82' lang='lat' dir='ltr'>Curopalates</span> 
     </span>
    </p>
   </div>
   <div class='ocr_carea' id='block_1_112' title="bbox 2091 4799 3735 4876">
    <p class='ocr_par' dir='ltr' id='par_1_112' title="bbox 2091 4799 3735 4876">
     <span class='ocr_line' id='line_1_112' title="bbox 2091 4799 3735 4876; baseline 0 -19"><span class='ocrx_word' id='word_1_773' title='bbox 2091 4802 2141 4857; x_wconf 85' lang='grc' dir='ltr'>ἐν</span> <span class='ocrx_word' id='word_1_774' title='bbox 2175 4799 2380 4874; x_wconf 81' lang='grc' dir='ltr'>είδικῷ.</span> <span class='ocrx_word' id='word_1_775' title='bbox 2416 4804 2540 4858; x_wconf 88' lang='lat' dir='ltr'>Uno</span> <span class='ocrx_word' id='word_1_776' title='bbox 2590 4799 2855 4876; x_wconf 64' lang='lat' dir='ltr'>verbojn</span> <span class='ocrx_word' id='word_1_777' title='bbox 2885 4806 3108 4876; x_wconf 89' lang='lat' dir='ltr'>privato</span> <span class='ocrx_word' id='word_1_778' title='bbox 3141 4799 3360 4876; x_wconf 71' lang='lat' dir='ltr'>aerario</span> <span class='ocrx_word' id='word_1_779' title='bbox 3391 4803 3483 4856; x_wconf 90' lang='lat' dir='ltr'>vel</span> <span class='ocrx_word' id='word_1_780' title='bbox 3513 4799 3735 4857; x_wconf 74' lang='lat' dir='ltr'>conﬂa-</span> 
     </span>
    </p>
   </div>
   <div class='ocr_carea' id='block_1_113' title="bbox 2095 4871 3734 4946">
    <p class='ocr_par' dir='ltr' id='par_1_113' title="bbox 2095 4871 3734 4946">
     <span class='ocr_line' id='line_1_113' title="bbox 2095 4871 3734 4946; baseline -0.001 -16"><span class='ocrx_word' id='word_1_781' title='bbox 2095 4877 2267 4939; x_wconf 87' lang='lat' dir='ltr'>torio,</span> <span class='ocrx_word' id='word_1_782' title='bbox 2292 4871 2407 4946; x_wconf 85' lang='lat' dir='ltr'>quo</span> <span class='ocrx_word' id='word_1_783' title='bbox 2439 4875 2725 4946; x_wconf 91' lang='lat' dir='ltr'>principis</span> <span class='ocrx_word' id='word_1_784' title='bbox 2747 4871 2926 4942; x_wconf 69' lang='grc' dir='ltr'>εἶδος“;</span> <span class='ocrx_word' id='word_1_785' title='bbox 2952 4877 3148 4944; x_wconf 73' lang='lat' dir='ltr'>species</span> <span class='ocrx_word' id='word_1_786' title='bbox 3163 4881 3241 4946; x_wconf 85' lang='lat' dir='ltr'>_et</span> <span class='ocrx_word' id='word_1_787' title='bbox 3269 4875 3451 4946; x_wconf 55' lang='lat' dir='ltr'>vultus</span> <span class='ocrx_word' id='word_1_788' title='bbox 3479 4879 3734 4946; x_wconf 64' lang='lat' dir='ltr'>moneta:</span> 
     </span>
    </p>
   </div>
   <div class='ocr_carea' id='block_1_114' title="bbox 2091 4941 3734 5019">
    <p class='ocr_par' dir='ltr' id='par_1_114' title="bbox 2091 4941 3734 5019">
     <span class='ocr_line' id='line_1_114' title="bbox 2091 4941 3734 5019; baseline -0.004 -17"><span class='ocrx_word' id='word_1_789' title='bbox 2091 4941 2472 5019; x_wconf 61' lang='lat' dir='ltr'>imprimitur.</span> <span class='ocrx_word' id='word_1_790' title='bbox 2504 4941 2999 5019; x_wconf 54' lang='lat' dir='ltr'>[faucislonaras</span> <span class='ocrx_word' id='word_1_791' title='bbox 3025 4961 3038 4998; x_wconf 85' lang='lat'><strong>:</strong></span> <span class='ocrx_word' id='word_1_792' title='bbox 3090 4941 3324 5019; x_wconf 77' lang='grc' dir='ltr'>Δέδωκεν</span> <span class='ocrx_word' id='word_1_793' title='bbox 3353 4943 3429 5004; x_wconf 82' lang='grc' dir='ltr'>είς</span> <span class='ocrx_word' id='word_1_794' title='bbox 3467 4945 3529 4997; x_wconf 82' lang='grc' dir='ltr'>τὸ</span> <span class='ocrx_word' id='word_1_795' title='bbox 3558 4950 3734 5019; x_wconf 77' lang='grc' dir='ltr'>κοπῆ-</span> 
     </span>
    </p>
   </div>
   <div class='ocr_carea' id='block_1_115' title="bbox 2088 5012 3732 5089">
    <p class='ocr_par' dir='ltr' id='par_1_115' title="bbox 2088 5012 3732 5089">
     <span class='ocr_line' id='line_1_115' title="bbox 2088 5012 3732 5089; baseline -0.002 -17"><span class='ocrx_word' id='word_1_796' title='bbox 2088 5012 2194 5089; x_wconf 59' lang='grc' dir='ltr'>ναί</span> <span class='ocrx_word' id='word_1_797' title='bbox 2229 5017 2473 5089; x_wconf 85' lang='grc' dir='ltr'>νόμισμα</span> <span class='ocrx_word' id='word_1_798' title='bbox 2523 5013 2623 5089; x_wconf 64' lang='grc' dir='ltr'>δι’Δ</span> <span class='ocrx_word' id='word_1_799' title='bbox 2677 5014 2874 5089; x_wconf 78' lang='grc' dir='ltr'>αύτῷν,</span> <span class='ocrx_word' id='word_1_800' title='bbox 2913 5014 3116 5089; x_wconf 36' lang='grc' dir='ltr'>ῥίτιναᾼ</span> <span class='ocrx_word' id='word_1_801' title='bbox 3154 5012 3361 5089; x_wconf 75' lang='grc' dir='ltr'>ἐκείνου</span> <span class='ocrx_word' id='word_1_802' title='bbox 3438 5015 3732 5089; x_wconf 62' lang='grc' dir='ltr'>φθαρέντος</span> 
     </span>
    </p>
   </div>
   <div class='ocr_carea' id='block_1_116' title="bbox 2090 5083 3732 5160">
    <p class='ocr_par' dir='ltr' id='par_1_116' title="bbox 2090 5083 3732 5160">
     <span class='ocr_line' id='line_1_116' title="bbox 2090 5083 3732 5160; baseline -0.002 -16"><span class='ocrx_word' id='word_1_803' title='bbox 2090 5087 2194 5144; x_wconf 80' lang='grc' dir='ltr'>ἔτει</span> <span class='ocrx_word' id='word_1_804' title='bbox 2264 5083 2548 5158; x_wconf 81' lang='grc' dir='ltr'>σωζόμενα</span> <span class='ocrx_word' id='word_1_805' title='bbox 2605 5085 2632 5138; x_wconf 89' lang='grc' dir='ltr'>ὁ</span> <span class='ocrx_word' id='word_1_806' title='bbox 2696 5086 2810 5158; x_wconf 87' lang='grc' dir='ltr'>μετ’</span> <span class='ocrx_word' id='word_1_807' title='bbox 2867 5084 3027 5138; x_wconf 78' lang='grc' dir='ltr'>αὐτὸν</span> <span class='ocrx_word' id='word_1_808' title='bbox 3091 5083 3416 5160; x_wconf 87' lang='grc' dir='ltr'>βασιλεύσας</span> <span class='ocrx_word' id='word_1_809' title='bbox 3450 5083 3732 5148; x_wconf 83' lang='grc' dir='ltr'>Βασίλειος</span> 
     </span>
    </p>
   </div>
   <div class='ocr_carea' id='block_1_117' title="bbox 2089 5160 2676 5232">
    <p class='ocr_par' dir='ltr' id='par_1_117' title="bbox 2089 5160 2676 5232">
     <span class='ocr_line' id='line_1_117' title="bbox 2089 5160 2676 5232; baseline -0.01 -16"><span class='ocrx_word' id='word_1_810' title='bbox 2089 5161 2469 5232; x_wconf 73' lang='grc' dir='ltr'>ἀνεκομίσατοο</span> <span class='ocrx_word' id='word_1_811' title='bbox 2505 5160 2676 5212; x_wconf 78' lang='lat' dir='ltr'>GOAR.</span> 
     </span>
    </p>
   </div>
   <div class='ocr_carea' id='block_1_118' title="bbox 2161 5228 3736 5300">
    <p class='ocr_par' dir='ltr' id='par_1_118' title="bbox 2161 5228 3736 5300">
     <span class='ocr_line' id='line_1_118' title="bbox 2161 5228 3736 5300; baseline -0.001 -12"><span class='ocrx_word' id='word_1_812' title='bbox 2161 5228 2274 5300; x_wconf 25' lang='lat'>(76‘)</span> <span class='ocrx_word' id='word_1_813' title='bbox 2301 5233 2773 5300; x_wconf 7' lang='lat' dir='ltr'>Instrumentump</span> <span class='ocrx_word' id='word_1_814' title='bbox 2789 5228 3084 5284; x_wconf 90' lang='lat' dir='ltr'>musicum</span> <span class='ocrx_word' id='word_1_815' title='bbox 3108 5235 3269 5300; x_wconf 90' lang='lat' dir='ltr'>puto,</span> <span class='ocrx_word' id='word_1_816' title='bbox 3294 5231 3380 5284; x_wconf 79' lang='lat' dir='ltr'>ein</span> <span class='ocrx_word' id='word_1_817' title='bbox 3412 5232 3574 5299; x_wconf 78' lang='lat' dir='ltr'>Orgel</span> <span class='ocrx_word' id='word_1_818' title='bbox 3604 5232 3736 5286; x_wconf 74' lang='lat' dir='ltr'>odor</span> 
     </span>
    </p>
   </div>
   <div class='ocr_carea' id='block_1_119' title="bbox 2091 5298 3732 5375">
    <p class='ocr_par' dir='ltr' id='par_1_119' title="bbox 2091 5298 3732 5375">
     <span class='ocr_line' id='line_1_119' title="bbox 2091 5298 3732 5375; baseline -0.001 -14"><span class='ocrx_word' id='word_1_819' title='bbox 2091 5298 2440 5375; x_wconf 62' lang='lat' dir='ltr'>Instrument.</span> <span class='ocrx_word' id='word_1_820' title='bbox 2495 5301 2574 5355; x_wconf 90' lang='lat' dir='ltr'>De</span> <span class='ocrx_word' id='word_1_821' title='bbox 2635 5298 2851 5354; x_wconf 89' lang='lat' dir='ltr'>Genico</span> <span class='ocrx_word' id='word_1_822' title='bbox 2907 5298 3262 5356; x_wconf 74' lang='lat' dir='ltr'>annotatum</span> <span class='ocrx_word' id='word_1_823' title='bbox 3315 5307 3402 5356; x_wconf 89' lang='lat' dir='ltr'>est</span> <span class='ocrx_word' id='word_1_824' title='bbox 3442 5298 3732 5375; x_wconf 84' lang='lat' dir='ltr'>principio</span> 
     </span>
    </p>
   </div>
   <div class='ocr_carea' id='block_1_120' title="bbox 2087 5374 2475 5446">
    <p class='ocr_par' dir='ltr' id='par_1_120' title="bbox 2087 5374 2475 5446">
     <span class='ocr_line' id='line_1_120' title="bbox 2087 5374 2475 5446; baseline -0.015 -15"><span class='ocrx_word' id='word_1_825' title='bbox 2087 5374 2475 5446; x_wconf 47' lang='lat' dir='ltr'>operisjixp.</span> 
     </span>
    </p>
   </div>
   <div class='ocr_carea' id='block_1_121' title="bbox 2157 5441 3737 5517">
    <p class='ocr_par' dir='ltr' id='par_1_121' title="bbox 2157 5441 3737 5517">
     <span class='ocr_line' id='line_1_121' title="bbox 2157 5441 3737 5517; baseline 0.001 -20"><span class='ocrx_word' id='word_1_826' title='bbox 2157 5446 2267 5514; x_wconf 83' lang='lat'>(77)</span> <span class='ocrx_word' id='word_1_827' title='bbox 2302 5442 2380 5517; x_wconf 56' lang='lat' dir='ltr'>To</span> <span class='ocrx_word' id='word_1_828' title='bbox 2425 5441 2724 5517; x_wconf 71' lang='grc' dir='ltr'>λεγόμενον</span> <span class='ocrx_word' id='word_1_829' title='bbox 2781 5441 3012 5517; x_wconf 66' lang='grc' dir='ltr'>γενικόν,</span> <span class='ocrx_word' id='word_1_830' title='bbox 3065 5443 3228 5498; x_wconf 87' lang='lat' dir='ltr'>locus</span> <span class='ocrx_word' id='word_1_831' title='bbox 3273 5446 3333 5499; x_wconf 89' lang='lat' dir='ltr'>in</span> <span class='ocrx_word' id='word_1_832' title='bbox 3390 5463 3507 5517; x_wconf 85' lang='lat' dir='ltr'>quo</span> <span class='ocrx_word' id='word_1_833' title='bbox 3546 5446 3612 5500; x_wconf 75' lang='grc' dir='ltr'>τά</span> <span class='ocrx_word' id='word_1_834' title='bbox 3644 5443 3737 5517; x_wconf 83' lang='grc' dir='ltr'>δη-</span> 
     </span>
    </p>
   </div>
   <div class='ocr_carea' id='block_1_122' title="bbox 2089 5511 3100 5588">
    <p class='ocr_par' dir='ltr' id='par_1_122' title="bbox 2089 5511 3100 5588">
     <span class='ocr_line' id='line_1_122' title="bbox 2089 5511 3100 5588; baseline -0.001 -19"><span class='ocrx_word' id='word_1_835' title='bbox 2089 5511 2259 5588; x_wconf 81' lang='grc' dir='ltr'>μόσια</span> <span class='ocrx_word' id='word_1_836' title='bbox 2281 5513 2414 5584; x_wconf 80' lang='grc' dir='ltr'>τέλη</span> <span class='ocrx_word' id='word_1_837' title='bbox 2458 5511 2869 5586; x_wconf 77' lang='grc' dir='ltr'>εἰσπράττονται</span> <span class='ocrx_word' id='word_1_838' title='bbox 2881 5554 2892 5566; x_wconf 90' lang='grc'><strong>.</strong></span> <span class='ocrx_word' id='word_1_839' title='bbox 2927 5515 3100 5569; x_wconf 69' lang='lat' dir='ltr'>GOAR.</span> 
     </span>
    </p>
   </div>
  </div>
