4130 6218
271 343 430 408 1093

1590 339 1900 403 GEORGII
1945 334 2298 405 OEDRENI

3532 337 3685 402 1094

274 472 371 537 τὰς
426 473 712 548 φάλαγγας
759 469 898 528 κατᾶ
943 477 1051 527 τῶν
1111 468 1409 548 Βαρϐάρων
1465 471 1800 546 ἐστράτευσε,
1838 471 1925 525 καὶ

2049 475 2244 530 Prima
2292 476 2588 547 eXpeditio
2647 476 2721 530 ad
2752 474 3098 547 Tephricam
3145 473 3353 528 urbem
3412 472 3543 539 fuit,
3595 470 3690 527 cui

277 568 546 640 πρότερον
577 565 670 636 μὲν
696 569 832 620 κατά
871 571 971 632 τῆς
1033 567 1309 640 Τεφρικῆς
1370 566 1505 636 (80),
1559 566 1626 632 ἧς
1655 564 1682 617 6
1717 562 1934 634 Χρυσό-

275 677 403 732 χειρ
435 657 644 730 ἡγεῖτο,
679 653 761 709 ἐπ’
811 649 1001 728 ἀνδρίᾳ
1030 654 1118 708 καὶ
1173 655 1374 708 συνέσει
1426 651 1694 729 διαφέρειν
1757 650 1931 706 δοκῶν

275 745 368 800 καὶ
428 742 634 820 σφόδρα
690 743 757 797 τὰ
811 742 1098 814 Ῥωμαίων
1151 741 1501 818 κατατρέχων
1543 741 1632 795 καὶ
1666 739 1931 811 ληϊζόμεε

274 853 387 896 νος.
421 831 566 889 Κατὰ
613 832 809 888 τούτου
865 831 954 887 καί
1006 841 1109 902 τῆς
1164 830 1380 895 πόλεως
1425 830 1740 906 ἐσκρατεῦσε
1782 830 1809 883 6
1836 831 1935 904 βαε

276 924 482 984 σιλεύς.
518 926 630 979 Τοῦ
681 917 736 976 δὲ
799 923 872 996 μὴ
937 922 1261 984 ὑποστάντος
1315 923 1414 990 τήν
1476 919 1775 984 ἐπέλευσιν,
1804 916 1932 972 ἀλλ’

277 1011 413 1068 εἷ’σω
477 1013 679 1087 τειχών
736 1010 1050 1086 γενομένου,
1108 1009 1471 1086 καταδραμὼν
1512 1011 1612 1079 τὴν
1647 1009 1736 1063 ὑπ’
1766 1007 1930 1062 αὐτόν

278 1103 488 1157 ἅπασαν
541 1104 730 1175 χώραν
765 1101 792 1154 ὁ
837 1099 1094 1174 βασιλεὺς
1145 1101 1232 1154 καὶ
1287 1099 1644 1171 ληϊσάμενος,
1673 1096 1763 1151 καὶ
1796 1095 1933 1170 πρὸς

273 1188 426 1262 αὐτῷ
452 1194 528 1261 τῷ
561 1189 732 1244 τείχει
763 1192 862 1253 τῆς
895 1191 1171 1266 Τεφρικῆς
1219 1185 1369 1252 ἔθετο
1417 1189 1515 1256 τὴν
1549 1180 1928 1261 παρεμϐολὴν,

275 1277 369 1334 διὰ
426 1275 776 1352 προσεδρείας
847 1283 1053 1352 μακρᾶς
1123 1276 1264 1334 ὲλεῖν
1323 1278 1384 1332 τὸ
1441 1273 1618 1351 ἔρυμα
1673 1275 1880 1345 οἱηθείς
1918 1291 1930 1306 ο

271 1367 427 1424 Ἐπεὶ
481 1364 536 1420 δὲ
592 1366 883 1432 κατενόησε
940 1365 1196 1429 πάντοθεν
1249 1367 1727 1441 κατωχυρωμένον
1777 1363 1928 1430 αὐτὸ,

269 1457 366 1513 καὶ
401 1454 719 1510 ἀνέλπιστον
765 1456 832 1524 ἦν
866 1453 1144 1524 ἀλωθῆναι
1195 1453 1492 1528 πολιορκίᾳ
1540 1451 1661 1526 (ἢδη
1710 1451 1813 1527 γὰρ
1842 1451 1932 1506 καὶ

271 1557 449 1600 πάντα
477 1545 544 1598 τὰ
590 1542 642 1598 ἐν
695 1548 766 1618 τῇ
835 1545 994 1618 χώρᾳ
1044 1543 1302 1619 ἀναγκαῖα
1361 1541 1717 1615 κατεδήόοτο)
1775 1535 1934 1596 ἔλυσε

275 1634 382 1699 τήν
430 1629 782 1702 πολιορκίαν,
832 1633 896 1684 τὰ
928 1629 1302 1700 πλησιάζοντα
1339 1636 1408 1706 τῇ
1464 1635 1705 1704 Τεωρικῇ
1761 1630 1932 1708 φρού-

279 1739 374 1797 ρια
431 1719 770 1794 ἐκπορθήσας
805 1763 818 1787 ,
869 1722 966 1790 τήν

2043 563 2356 634 Crysochir
2389 569 2661 636 przeerat,
2696 566 2874 620 homo
2907 563 3158 619 laudatis
3203 561 3568 618 fortitudinis
3605 568 3695 616 at-

2045 664 2158 719 que
2189 651 2553 720 calliditatis,
2584 654 2686 723 qui
2718 667 2844 707 rem
2878 655 3201 707 Romanam
3246 650 3469 706 crebris
3509 665 3691 704 vexa-

2043 738 2144 793 bat
2173 742 2658 811 grassatlonibus.
2694 743 2749 797 Is
2781 753 2914 796 cum
2970 743 3266 796 Romanos
3305 739 3692 794 adventantes

2043 843 2160 882 non
2193 830 2562 899 subsisteret,
2606 831 2707 886 sed
2741 831 2924 886 muris
2972 830 3207 886 clausus
3237 845 3298 882 se
3331 829 3687 893 contineret,

2042 917 2295 973 Basilius
2326 933 2564 975 omnem
2597 921 2780 991 ipsius
2798 921 3083 975 ditionem
3117 917 3432 989 populatus
3453 917 3694 989 Tephri-

2043 1021 2171 1060 cam
2222 1007 2475 1078 obsedit,
2510 1009 2791 1064 diuturna
2821 1008 3128 1064 obsidione
3160 1023 3221 1062 se
3253 1023 3322 1062 ea
3359 1007 3686 1078 potiturum

2042 1095 2312 1163 apinans.
2339 1097 2450 1152 Sed
2480 1104 2545 1152 ut
2575 1111 2704 1153 eam
2733 1098 2920 1153 sensit
2949 1097 3212 1166 undique
3235 1097 3688 1163 communitam,

2043 1188 2102 1237 et
2131 1199 2266 1254 spes
2318 1185 2628 1243 obsidione
2666 1187 2935 1259 potiundi
2969 1187 3225 1254 evanuit,
3259 1187 3535 1241 omnibus
3579 1185 3691 1241 ali-

2042 1276 2261 1330 mentis
2293 1291 2424 1348 qua;
2456 1278 2514 1333 in
2549 1290 2618 1334 ea
2645 1277 2883 1334 fuerant
2911 1278 3148 1350 regione
3171 1279 3298 1348 jam
3337 1278 3687 1347 absumptis,

2043 1363 2273 1420 obsidio
2301 1365 2491 1422 soluto
2519 1369 2709 1422 vicina
2729 1368 3027 1438 Tephrices
3050 1367 3295 1422 castella
3315 1367 3365 1420 vi
3390 1382 3689 1440 expugna-

2043 1453 2375 1517 vit,1001
2443 1457 2720 1523 Abaram,
2781 1458 3049 1527 Coptum,
3119 1457 3398 1527 Spatham
3455 1456 3688 1526 aliaque

2044 1543 2234 1598 multa
2259 1561 2272 1608 ;
2295 1551 2471 1616 atque
2489 1547 2811 1602 exercitum
2843 1546 2978 1600 inde
3003 1545 3248 1600 abduxit
3269 1547 3482 1617 amplis
3505 1546 3691 1618 partis

2061 1633 2239 1702 poliis
2275 1640 2450 1705 atque
2485 1636 2739 1706 tropaeis.

1051 1715 1343 1794 Ἄϐαριν,
1399 1722 1490 1775 τὸν
1553 1721 1783 1788 Κοπτὸν,
1842 1720 1942 1787 τὴν
2001 1719 2223 1790 Σπάθην
2279 1723 2368 1776 καὶ
2428 1717 2572 1777 ἄλλα
2619 1721 2826 1778 πολλά.
2889 1723 3139 1797 Ἀγείρας
3196 1717 3252 1775 δὲ
3309 1727 3398 1776 τὸν
3463 1721 3689 1796 στρατὸν

278 1808 484 1873 ἐκεῖθεν
518 1808 742 1884 ἐπανῄει
771 1810 904 1881 μετὰ
935 1805 1206 1884 λαμπρῶν
1236 1815 1343 1864 τῶν
1373 1811 1649 1885 τροπαίων
1684 1825 1741 1864 τε
1770 1809 1860 1863 καὶ
1891 1806 2169 1885 λαφύρων.

359 1896 707 1970 Ληϊζομένης
768 1894 824 1952 δὲ
881 1905 984 1966 τῆς
1070 1900 1192 1974 περὶ
1247 1901 1348 1967 τὴν
1406 1901 1679 1977 Τεφρικήν
1741 1898 1930 1976 χώρας

2123 1902 2391 1957 Evastata
2421 1915 2550 1973 quas
2601 1908 2691 1956 est
2745 1903 2969 1957 circum
3027 1901 3373 1972 Tephricam
3433 1902 3692 1973 regione,

277 1987 497 2056 ἁπάσης
528 1985 614 2040 καὶ
671 1985 1130 2061 ἐκπορθουμὲνης,
1167 1990 1200 2056 ὴ
1231 1989 1552 2064 γειτονοῦσ1
1607 1986 1774 2060 ταύτῃ
1835 1987 1935 2040 1:6-

277 2077 370 2140 λις
425 2079 534 2130 τῶν
598 2075 1043 2150 Ἰσμαηλιτῶνῇ
1083 2077 1295 2146 Ταύροις
1332 2081 1366 2146 η
1419 2075 1721 2145 ἐπωνυμία,
1772 2077 1939 2148 ὁμαι-

277 2167 458 2241 χμίαν
504 2163 709 2240 ἔχουσα
747 2164 837 2218 καὶ
885 2165 1270 2240 κοινοπραγίαν
1321 2166 1455 2237 μετὰ
1500 2173 1599 2234 τῆς
1643 2169 1934 2242 Τειρρικῆς,

282 2250 652 2330 ὀρῥωδήσασα
709 2254 802 2308 τόν
860 2251 1125 2308 κίνδυνον.
1184 2250 1436 2328 πρέσϐεις
1491 2255 1749 2327 πέμψασα
1790 2253 1941 2328 εἷ’ρήι

277 2363 381 2414 νης
415 2344 568 2414 ἠξίου
612 2347 802 2421 τυχεῖν
871 2343 960 2398 καὶ
1018 2349 1138 2404 ταῖς
1195 2343 1540 2421 συμμαχίσιν
1607 2342 1935 2421 ἐγγραφῆναι

275 2431 587 2504 Ῥωμαίων·
643 2432 734 2485 καὶ
768 2429 837 2500 δὴ
893 2430 1053 2506 ἔτυχε
1109 2435 1206 2487 τοῦ
1261 2431 1533 2505 βασιλέως
1597 2432 1727 2503 μετὰ
1767 2447 1934 2504 προσ-

281 2522 467 2593 ηνείας
510 2519 794 2593 δεξαμένου
849 2523 948 2590 τὴν
1008 2517 1320 2596 πρεσϐείαν.
1383 2519 1696 2594 Προσεῤῥύη
1760 2519 1816 2575 δὶ
1845 2521 1932 2575 καὶ

278 2613 310 2666 6
343 2609 688 2686 Κουρτέριος,
757 2613 908 2688 γὲνοε
973 2609 1048 2664 ὢν
1109 2610 1417 2684 Ἀρμένιος,
1464 2607 1522 2671 ὅς
1578 2615 1800 2683 κατεῖχε
1837 2611 1936 2678 τὴν

283 2700 526 2754 Λόκαναν
582 2699 670 2753 καὶ
729 2701 824 2758 τὰς
873 2697 1130 2773 ἐσχατιάς
1190 2704 1296 2753 τῶν
1349 2696 1637 2772 Ῥωμαίων
1691 2701 1934 2774 συνεχῶς

282 2787 503 2862 ἐπόρθει
559 2789 648 2842 καὶ
709 2787 1117 2864 κατεστρέφετο,
1171 2787 1358 2842 ἐαυτὸν
1409 2784 1682 2862 παραδοὺς
1730 2791 1806 2856 τῷ
1841 2787 1933 2861 βα-

281 2875 543 2932 σιλεὶκαὶ
587 2879 686 2946 τὴν
729 2876 893 2933 πόλιν
946 2877 1036 2931 καὶ
1092 2878 1184 2932 τὸν
1236 2877 1524 2932 ὑπείκοντα
1580 2875 1727 2947 αὐτῷ
1784 2873 1936 2931 λαόν.

287 2969 299 2991 ,
421 2969 442 2986 ν
539 2969 550 2982 ς
695 2973 716 2982 -
852 2967 866 2984 ς
968 2969 977 2984 ,
1304 2967 1316 2984 ς
1694 2966 1704 2982 ε
1919 2967 1931 2982 ς

303 2970 448 3039 Ενῳ
507 2965 566 3022 δε
621 2989 788 3022 ταυτα
849 2987 1162 3042 επραττετο,
1225 2965 1355 3022 λαον
1409 2968 1436 3020 ὁ
1497 2963 1751 3041 βασιλευς
1803 2987 1941 3020 κατα

284 3057 620 3129 Σαμοσάτων
653 3059 742 3112 καὶ
785 3061 886 3126 τῆς
946 3056 1253 3131 λεγομένης
1305 3055 1578 3129 Ζαπὲτρας
1638 3051 1936 3110 ἆπιλὲκτων

283 3142 637 3216 πολεμιστῶν
717 3144 999 3219 ἐκπέμψας
1087 3143 1438 3219 εὐτύχησεν,
1500 3143 1549 3215 ἐξ
1610 3140 1805 3220 ἐφόδου
1873 3143 1938 3196 τὰ

2049 1991 2265 2046 Tauras
2329 1991 2516 2047 vicina
2575 1991 3014 2048 Ismaelicorum
3073 1991 3236 2055 urbs,
3297 1990 3695 2046 confmdcrata

2050 2096 2185 2134 cum
2217 2081 2523 2151 Tephrica,
2569 2082 2904 2154 periculum
2961 2086 3255 2146 metuens,
3287 2095 3493 2150 pacem
3525 2097 3559 2134 a
3592 2082 3695 2135 Ba-

2050 2169 2184 2223 silio
2216 2170 2413 2225 missis
2445 2170 2654 2242 legatis
2693 2171 3002 2241 foedusque
3031 2185 3163 2224 cum
3198 2170 3476 2224 Romanis
3503 2170 3691 2242 petiit.

2047 2253 2157 2312 Eos
2209 2260 2532 2329 imperator
2559 2261 2808 2315 comiter
2835 2267 3111 2330 acceptos
3151 2260 3264 2313 voti
3293 2259 3434 2314 fecit
3461 2275 3694 2328 compo-

2046 2351 2155 2400 tes.
2208 2347 2495 2416 Adjunxit
2524 2363 2586 2401 se
2630 2349 2971 2417 imperatori
3024 2353 3081 2401 et
3129 2347 3430 2402 Curterius
3481 2362 3694 2418 genere

2047 2436 2382 2503 Armenius,
2444 2437 2543 2506 qui
2595 2437 2884 2490 Locanam
2917 2435 3124 2489 urbem
3183 2431 3419 2489 tenebat
3450 2441 3508 2489 et
3547 2437 3695 2487 lines

2047 2526 2341 2579 Romanos
2391 2526 2576 2580 crceis
2627 2524 3068 2580 incursionibus
3099 2524 3425 2578 infestaret.
3460 2525 3510 2575 Is
3546 2528 3604 2576 et
3633 2538 3693 2576 se

2049 2618 2108 2666 et
2136 2615 2344 2669 urbem
2363 2620 2420 2670 et
2443 2615 2747 2670 subditum
2775 2614 2886 2668 sibi
2923 2613 3206 2684 p0pulum
3231 2613 3574 2683 imperatori
3597 2611 3694 2666 de-

2049 2702 2216 2756 didit.
2239 2705 2480 2759 Interim
2515 2704 2763 2759 Basilius
2787 2704 3141 2758 selectorum
3169 2701 3425 2757 militum
3448 2717 3690 2756 manum

2049 2790 2124 2844 ad
2154 2793 2457 2863 Zapetram
2492 2799 2550 2847 et
2586 2794 2892 2848 Samosata
2948 2791 3129 2845 mittit
3185 2807 3466 2862 prospero
3519 2792 3694 2862 plane

2047 2887 2300 2936 conatu:
2349 2895 2486 2936 nam
2517 2882 2556 2936 ii
2608 2894 2713 2954 per
2761 2881 3062 2953 angustias
3093 2881 3284 2951 primo
3325 2879 3489 2934 aditu
3519 2896 3694 2950 pene—

2046 2975 2272 3024 trantes
2303 2971 2510 3025 urbem
2543 2971 2613 3025 de
2646 2971 2962 3042 improviso
3011 2975 3317 3039 ceperunt,
3367 2983 3694 3041 magnaque

2046 3067 2285 3132 peracta
2337 3062 2496 3116 caede
2554 3063 2907 3116 immensam
2964 3060 3342 3115 abstulerunt
3396 3061 3692 3131 prmdam;

2046 3151 2414 3221 Romanique
2459 3152 2632 3206 multi
2685 3152 2955 3219 vinculis,
2990 3152 3050 3204 in
3083 3147 3298 3219 quibus
3328 3150 3429 3204 diu
3484 3149 3696 3220 captivi

287 3234 450 3287 συενὰ
500 3236 599 3287 τοῦ
664 3235 895 3308 στρατοῦ
965 3231 1278 3296 διελθόντος
1334 3231 1470 3306 αὐτῇ
1546 3249 1604 3285 τε
1650 3236 1719 3305 τῇ
1776 3230 1935 3286 πόλει

2049 3239 2268 3293 detenti
2299 3239 2552 3300 fuerant,
2614 3246 2736 3294 tum
2767 3239 2947 3293 soluti
2994 3245 3149 3292 sunt.
3186 3235 3351 3292 Locis
3381 3237 3698 3309 circumje-

281 3321 537 3398 ἐξαίφνης
593 3321 1026 3384 ἂπεισπεσόντος·
1086 3321 1388 3396 κατεσχέθη
1449 3339 1508 3375 τε
1560 3320 1660 3394 γὰρ
1692 3321 1727 3388 ἡ
1764 3320 1928 3380 πόλις

277 3413 358 3481 τῷ
418 3407 836 3484 ἀπροσδοκήτῳ.
893 3409 984 3465 καὶ
1043 3408 1176 3472 λαὸς
1230 3409 1512 3489 ἀπεσφάγη
1571 3407 1783 3486 πολὺς,
1844 3409 1931 3462 καὶ

281 3498 643 3574 αἰχμαλωσία
685 3499 924 3575 ελεηφθη
977 3497 1198 3572 ἄπειρος
1250 3501 1340 3553 καὶ
1401 3494 1616 3570 δέσμιοι
1665 3498 1935 3569 Ῥωμαῖοι

284 3587 528 3664 χρονίων
560 3585 774 3661 δεσμῶν
815 3587 1295 3662 ἠλευθερώθησαν.
1346 3583 1716 3660 Καταδραμὼν
1759 3583 1817 3642 δὶ
1845 3583 1936 3642 καὶ

285 3678 645 3753 πυρπολήσας
678 3679 706 3732 ὁ
735 3679 1001 3757 πεμφθεὶς
1049 3675 1181 3738 λαὸς
1211 3678 1278 3731 τὰ
1325 3675 1807 3749 συμπαρακείμενα
1837 3684 1936 3746 τῆς

284 3769 474 3842 χώρας
533 3766 622 3822 καὶ
703 3767 768 3821 τά
851 3766 1144 3838 Σαμόσατα
1224 3765 1564 3840 ἐξεπόρθησε,
1621 3765 1711 3820 καὶ
1771 3766 1938 3840 ὁμοίᾳ

2041 3328 2315 3382 centibus
2372 3329 2650 3383 incendio
2703 3327 2941 3382 vastatis
2971 3341 3038 3381 ac
3070 3327 3394 3381 Samosatis
3438 3341 3698 3396 pessum-

2046 3417 2217 3482 datis,
2277 3417 2565 3471 exercitus
2598 3416 2804 3471 eodem
2858 3417 3086 3487 impetu
3124 3417 3484 3486 Euphratem
3518 3423 3698 3470 trans-

2045 3505 2174 3570 ivit;
2234 3511 2291 3560 et
2339 3505 2683 3560 ulteriorem
2735 3504 3055 3576 populatus
3095 3505 3416 3574 regionem,
3470 3505 3695 3571 multis,

2043 3595 2249 3649 1008
2281 3595 2525 3666 captivis
2555 3591 2826 3649 abductis
2861 3601 2919 3650 et
2949 3599 3155 3665 parata
3187 3595 3446 3648 maxima
3476 3594 3700 3666 praeda,

2046 3683 2364 3739 incolumis
2424 3679 2496 3739 ad
2555 3685 2978 3754 imperatorem
3039 3683 3252 3750 reddit,
3287 3684 3387 3754 qui
3446 3691 3584 3738 tunc
3623 3682 3699 3737 ad

2048 3767 2273 3827 {lumen
2305 3776 2697 3828 Atzarnucum
2729 3778 2923 3828 castra
2955 3771 3230 3826 habebat.

289 3856 440 3933 ῥύμῃ
502 3855 827 3931 περαιωθεὶς
905 3857 998 3910 τὸν
1090 3855 1378 3934 Εὐφράτην
1459 3858 1550 3910 καὶ
1618 3861 1793 3910 πᾶσαν
1848 3857 1948 3926 τήν
2004 3858 2226 3934 περαίαν
2283 3858 2699 3935 αἰχμαλωτίσας
2757 3859 2846 3914 καὶ
2895 3856 3115 3927 πολλὴν
3176 3856 3436 3927 συλλέξας
3495 3857 3698 3932 αἰχμα-

289 3944 497 4001 λωσίαν
553 3945 646 4000 καὶ
712 3944 947 4022 λάφυρα,
1007 3944 1334 4019 ὑπέστρεψεν
1383 3945 1572 4014 ἀσινὴς
1627 3943 1763 4015 πρὸς
1811 3945 1899 3999 τὸν
1956 3946 2346 4025 αὐτοκράτορα,
2405 3951 2542 4024 πρὸς
2585 3949 2666 4021 τῷ
2724 3949 3050 4022 Ἀτζαρνοὺκ
3106 3951 3344 4019 ποταμῷ
3397 3948 3495 4014 τήν
3556 3966 3694 4020 παρ-

286 4031 539 4109 ιμϐολὴν
571 4032 793 4110 ἔχοντα.

357 4127 635 4188 Ἐντεῦθεν
687 4121 817 4198 ἄρας
845 4124 874 4178 ὁ
908 4123 1168 4199 βασιλεὺς
1226 4123 1360 4196 μετὰ
1389 4123 1591 4183 παντὸς
1647 4127 1744 4178 τοῦ
1775 4141 1935 4198 στραο

281 4219 380 4270 τοῦ
409 4217 508 4284 τὴν
538 4214 627 4268 ἰπὶ
661 4211 977 4282 Μελιτηνὴν
1000 4213 1264 4290 ἄγνουσαν
1297 4207 1512 4268 (Mense.
1548 4211 1938 4286 Προσπελάσας

285 4299 344 4357 δὲ
370 4307 449 4373 τῷ
484 4303 762 4381 Εὐφράτῃ,
794 4301 883 4355 καὶ
928 4301 1044 4375 ὥρᾳ
1101 4303 1290 4374 θέρους
1342 4297 1712 4375 πελαγίζοντα
1741 4301 1934 4355 τοῦτον

287 4392 459 4465 εὑρὼν
487 4392 576 4446 καὶ
618 4391 900 4451 παντελῶς
949 4385 1170 4459 ἄϐατον,
1221 4390 1540 4465 γεφυρώσας
1568 4390 1658 4444 τὸν
1691 4391 1942 4462 ποταμὸν

291 4479 594 4554 διεπερασε.
632 4480 735 4536 Καὶ
793 4479 980 4534 πολλὰ
1035 4486 1134 4548 τῆς
1195 4480 1384 4554 χώρας
1438 4479 1825 4552 λυμηνάμενος
1852 4479 1942 4533 καί

2048 4220 2186 4259 nam
2216 4203 2441 4268 movit;
2483 4217 2736 4272 cumque
2807 4200 2881 4255 ad
2928 4199 3286 4270 Euphratem
3335 4197 3702 4269 pervenisset

2054 4309 2214 4349 nunc
2274 4294 2424 4363 (erat
2473 4292 2632 4346 enim
2692 4292 2888 4359 aestas)
2946 4293 3319 4360 stagnantem
3353 4293 3410 4342 et
3471 4287 3696 4341 invium

2054 4384 2465 4449 omnino,eum
2493 4384 2670 4451 ponte
2697 4383 3066 4434 constratum
3088 4377 3376 4445 transivit,
3408 4391 3710 4448 magnam-

2057 4487 2170 4544 que
2213 4471 2342 4541 ejus
2400 4468 2662 4541 regionis
2713 4474 2940 4540 partem
2989 4467 3251 4533 vastavit,
3303 4472 3472 4537 capto
3531 4465 3710 4520 etiam

293 4569 820 4642 καταστρεψάμενος,
853 4567 997 4623 ἐλὼν
1031 4566 1088 4622 δὲ
1131 4553 1229 4623 καὶ
1269 4570 1331 4623 τὸ
1381 4583 1642 4647 φρούριον
1682 4567 1712 4623 ὅ
1743 4567 1937 4642 Ῥαψάι-

2057 4558 2342 4632 Rapsacio
2391 4555 2658 4611 castello.
2713 4555 2855 4610 Inde
2905 4561 3134 4626 partem
3184 4555 3478 4610 exercitus
3529 4553 3714 4608 mittit

291 4676 412 4712 κιον
443 4656 677 4730 λέγεται,
741 4658 905 4732 μέρος
938 4655 996 4712 δὶ
1025 4661 1122 4712 τοῦ
1176 4661 1407 4732 στρατοῦ
1455 4659 1525 4732 τῇ
1589 4656 1785 4732 μεταξὺ
1818 4657 1950 4729 Ἀρ·-

293 4745 445 4799 σίνου
483 4765 543 4800 τε
581 4745 670 4799 καὶ
707 4746 988 4821 Εὐφράτου
1037 4747 1196 4821 χώρᾳ
1250 4746 1530 4821 ἐκπέμψας
1581 4744 1948 4821 καταδραμεῖν

293 4833 636 4903 προσέταξεν,
690 4831 744 4886 ο⁹ί
793 4837 971 4888 πᾶσαα
1022 4836 1193 4903 αὐτὴν
1243 4834 1462 4910 ἀπτέρῳ
1518 4835 1677 4914 τάχει
1739 4832 1954 4908 διαδραι

303 4922 520 4997 μΰντες,
547 4922 610 4976 τό
639 4941 698 4976 τε
739 4919 1036 4999 λεγόμενον
1099 4924 1385 4998 Καρκίνιον
1445 4926 1535 4978 καί
1591 4923 1654 4978 τὸ
1687 4922 1952 4996 Γλασαχὼν

296 5015 384 5087 [Ρ.
417 5014 545 5085 571]
569 5011 659 5066 καὶ
707 5011 770 5066 τὸ
801 5013 984 5082 ’Ἀμαν
1013 5011 1103 5067 καί
1133 5014 1195 5067 τὸ
1228 5011 1450 5088 Μουρήξ
1483 5013 1574 5068 καὶ
1611 5013 1674 5066 τὸ
1703 5006 1954 5080 *Αϐδηλα

295 5101 452 5158 εἷλον
481 5101 572 5156 καὶ
599 5100 982 5174 ἐξεπόρθησαν,
1015 5101 1184 5164 Αὐτὸς
1233 5099 1289 5156 δὲ
1345 5105 1413 5175 τῇ
1469 5100 1752 5173 Μελιτηνῇ
1783 5119 1955 5174 προσ-

301 5187 514 5258 ϐαλών,
545 5187 874 5266 εὐανδρούσῃ
931 5191 1054 5247 τότε
1108 5192 1199 5246 καὶ
1252 5191 1462 5263 πληθύϊ
1509 5187 1808 5268 Βαρϐάρων
1859 5209 1953 5266 γε·-

295 5279 605 5354 γανωμένῃι
661 5278 778 5334 imi
841 5281 959 5341 τοῖς
1018 5279 1256 5360 τείχεσιν
1309 5279 1629 5353 ἐπλησίασε,
1691 5275 1955 5355 βαρϐαρι-

301 5369 400 5431 κὰς
479 5366 760 5440 ὑπεδὲξατο
847 5367 1129 5448 φάλαγγας
1216 5371 1352 5444 μετὰ
1428 5371 1789 5445 φρυαγγάτων
1861 5366 1951 5422 καὶ

2059 4665 2184 4720 quae
2207 4648 2364 4702 inter
2381 4645 2658 4700 Arsinem
2685 4648 2746 4699 et
2768 4645 3127 4715 Euphratem
3148 4644 3260 4699 sita
3281 4644 3672 4715 popularetur
3694 4658 3708 4708 ;

2063 4739 2164 4810 qui
2213 4753 2342 4792 eam
2391 4734 2696 4807 regionem
2751 4732 3085 4788 incredibili
3147 4733 3447 4787 celeritate
3505 4745 3711 4802 perva-

2063 4829 2180 4902 gati
2213 4825 2570 4891 Cercinium,
2594 4823 3622 4887 Glasohonem,Amanem,Murecem
3651 4825 3710 4876 et

2063 4917 2288 4975 Abdela
2337 4916 2706 4973 exciderunt.
2759 4916 2940 4970 Porro
2993 4914 3331 4969 Melitenam
3387 4913 3711 4984 ingressus,

2065 5025 2196 5080 quae
2225 5013 2364 5062 tunc
2411 5005 2803 5060 Barbarorum
2852 5003 3094 5060 fortium
3127 5004 3301 5074 copia
3347 5002 3614 5063 ﬂorebat,
3648 5008 3716 5058 ut

2064 5095 2560 5170 appropinquavit
2587 5094 2794 5162 muris,
2835 5091 3172 5147 barbaricas
3203 5092 3476 5147 cohortes
3508 5091 3713 5148 habuit

2064 5188 2289 5253 obvias,
2319 5184 2598 5239 ferociter
2628 5187 2685 5236 et
2714 5181 2944 5236 sublato
2972 5195 3109 5237 cum
3139 5181 3399 5238 clamore
3425 5181 3709 5238 inceden-

2063 5282 2173 5332 tes.
2200 5278 2342 5331 Cum
2368 5271 2585 5343 quibus
2605 5270 2887 5326 audacter
2911 5272 3416 5343 congressus,ipse
3438 5272 3500 5327 in
3521 5272 3713 5344 prima

2064 5367 2190 5422 acie
2212 5359 2799 5430 oonstitutus,hostes
2817 5359 3038 5430 repulit
3062 5377 3074 5428 ;
3099 5359 3377 5431 idemque
3408 5377 3441 5416 a
3462 5361 3712 5431 reliquis

1492 5494 1850 5552 XYLANDBI
1889 5493 1975 5550 ET
2013 5488 2229 5549 GOARI
2270 5483 2491 5543 ΝΟΤΔΕ.

371 5624 487 5704 (ὃρ)
522 5622 668 5703 Urbs
700 5622 837 5704 ligno.
857 5628 914 5678 et
944 5633 1314 5704 qugcunque
1345 5622 1407 5677 in
1437 5621 1824 5691 sequentibus
1879 5621 2009 5676 loca
2055 5617 2387 5675 memorata
2429 5615 2570 5666 sunt
2613 5608 2856 5663 Silicum
2898 5624 3102 5664 versus
3147 5609 3484 5665 Armeniam
3521 5616 3579 5666 et
3606 5615 3712 5666 Ar-

296 5693 516 5753 menia
541 5693 792 5749 minoris
823 5693 979 5750 loca:
1005 5696 1175 5750 Govs.
