4130 6218
440 314 598 375 1095

1596 307 2138 371 HISTORIARUM
2183 307 2751 374 COMPENDIUM.

3680 317 3845 379 1096

434 448 682 518 factum,
713 452 771 503 et
799 444 1037 503 Barbari
1094 444 1168 500 ad
1223 443 1430 499 urbem
1484 458 1673 516 usque
1730 443 1865 501 caesi
1906 448 2084 514 atque

2196 439 2538 518 ἀλαλαγμῶν
2605 443 2923 507 ἀπαντώσας
2980 446 3155 519 αὐτῷ,
3216 445 3299 509 οἶς
3355 452 3613 511 νεανικῶς
3645 451 3860 525 συμμί-

440 538 733 611 fugientes
764 536 899 603 acti,
932 535 1015 589 ita
1043 538 1110 589 ut
1140 533 1334 589 solum
1373 533 1533 603 quod
1579 533 1894 606 interjacet
1919 533 2088 588 cada-

442 627 675 682 veribus
704 624 883 679 fuerit
910 622 1236 694 oppletum,
1270 622 1561 694 multique
1591 623 1701 677 vivi
1734 624 1796 678 in
1837 627 2091 696 potesta-

442 721 559 770 tem
593 717 990 769 Romanorum
1020 712 1312 779 venerint,
1345 718 1402 768 et
1429 712 1643 784 reliqui
1678 712 1928 784 turpiter
1959 728 2087 768 sese

438 802 1100 860 mmnibusclauserint.
1136 803 1352 859 Statuit
1379 820 1516 876 ergo
1550 803 1802 859 Basilius
1831 820 1964 859 eam
1995 820 2088 858 ur-

434 894 571 949 bem
629 893 921 949 machinis
964 893 1245 949 adhibitis
1276 909 1637 967 oppugnare.
1685 892 1797 948 Sed
1842 908 1977 948 cum
2031 898 2091 947 et

432 982 697 1038 turribus
712 983 1005 1038 munitam
1026 998 1158 1038 eam
1175 987 1448 1038 cerneret
1474 987 1531 1037 et
1550 980 2090 1054 propugnatoribus

435 1070 762 1136 abundare,
812 1077 989 1143 atque
1028 1088 1059 1128 e
1107 1071 1369 1145 perfugis
1410 1075 1796 1145 cognosceret
1832 1070 2092 1127 maxima

435 1161 641 1217 1000
675 1176 743 1215 ea
770 1176 972 1216 rerum
1003 1160 1479 1216 necessariarum
1510 1159 1682 1232 capia
1711 1159 2088 1227 instructam,

436 1250 521 1306 ita
548 1255 617 1305 ut
660 1250 939 1305 diuturna
986 1248 1293 1304 obsidione
1334 1250 1385 1303 ei
1418 1249 1569 1304 nihil
1610 1253 1768 1305 esset
1810 1247 2082 1329 periculi,

436 1339 613 1396 motis
644 1338 852 1394 castris
882 1338 1020 1393 inde
1049 1337 1124 1393 ad
1154 1338 1611 1393 Manichaeorum
1656 1336 1944 1392 ditionem
1976 1336 2089 1390 du-

434 1432 540 1485 xit.
578 1431 657 1485 Eo
688 1430 749 1484 in
783 1429 1008 1484 itenere
1040 1430 1241 1485 omnia
1282 1444 1637 1500 quacunque
1668 1428 1782 1483 iret
1810 1426 2087 1483 incendio

440 1520 504 1575 in
535 1519 764 1575 cineres
796 1517 1043 1590 redegit,
1066 1519 1341 1590 interque
1360 1518 1486 1574 hmc
1508 1517 2088 1591 Arganthum,Cuta-

438 1609 619 1678 cium,
653 1609 1074 1680 Stephanicum
1102 1613 1160 1663 et
1187 1609 1553 1664 Arachacum
1575 1607 1842 1663 castella.
1876 1608 1975 1662 His
2003 1623 2089 1662 re-

446 1697 557 1752 bus
588 1697 771 1770 gestis
802 1695 1010 1768 Cpolin
1034 1713 1173 1753 suos
1210 1696 1468 1763 reduxit,
1491 1700 1552 1752 et
1577 1695 1800 1751 milites
1831 1710 2087 1767 quorum

2194 529 2284 600 ξας
2338 532 2428 587 καὶ
2486 536 2705 608 πρῶτος
2760 539 2860 604 τῆς
2917 533 3203 613 φάλαγγος
3273 536 3677 611 προῖστάμενος
3722 539 3861 605 τοῦς

2192 619 2666 697 ἀντιτεταγμένους
2694 621 2981 698 ἐτρέψατο,
3013 622 3197 679 εἴθ”οὶ
3240 621 3429 681 λοιποὶ
3458 627 3587 687 τοὺς
3619 625 3855 698 ἄλλους,

2194 711 2283 766 καὶ
2353 711 2518 788 μέχρι
2570 717 2667 769 τοῦ
2719 710 2923 776 ἄστεως
2981 713 3324 791 ἀναιροῦντες
3368 715 3725 786 ἑδίωκον,ὡς
3754 742 3859 775 κα-

2192 809 2570 879 ταπρωθῆναι
2626 804 2688 859 τὸ
2721 805 2916 878 μεταξὺ
2975 800 3171 883 ἔδαφος
3228 808 3317 862 καὶ
3372 807 3739 883 πληρωθῆναι
3769 831 3863 865 νε-

2194 896 2365 964 κρῶν,
2417 889 2623 947 ἁλῶναι
2682 889 2740 947 δὲ
2786 893 2878 948 καὶ
2937 899 3143 964 ζῶντας
3205 894 3309 951 οὐκ
3363 896 3609 973 ὀλίγους,
3640 899 3771 961 τοῦς
3806 897 3867 954 δὲ

2195 978 2427 1042 λοιποὺς
2465 980 2698 1057 ἀγεννῶς
2731 981 2861 1037 εἴσω
2917 988 3120 1060 τειχῶν
3169 984 3610 1059 συγκλεισθῆναι.
3662 984 3865 1045 Ἐϐουο

2196 1066 2340 1139 λήθη
2405 1070 2499 1142 μὲν
2559 1070 2650 1125 οὖν
2683 1071 2712 1126 ὁ
2765 1069 3020 1147 βασιλεὺς
3074 1071 3363 1130 ἓλεπόλεσι
3418 1075 3512 1130 καὶ
3573 1082 3863 1151 μηχαναῖς

2194 1157 2589 1232 ἀποπειρᾶσθαι
2643 1163 2740 1214 τοῦ
2807 1161 3042 1236 χωρίου·
3104 1162 3179 1223 ὡς
3229 1159 3285 1217 δὲ
3334 1163 3480 1240 ἑώρα
3532 1165 3633 1233 τήν
3684 1165 3860 1221 πόλιν

2195 1245 2458 1324 εὔπυργον
2491 1249 2583 1303 καὶ
2618 1248 2818 1320 πλήθει
2866 1255 2974 1307 τῶν
3014 1250 3123 1308 ἀπὸ
3169 1257 3268 1308 τοῦ
3315 1254 3539 1332 τείχους
3570 1254 3863 1329 ἀμυνομέ-

2196 1356 2302 1390 οων
2347 1337 2663 1412 βρίθουσαν,
2722 1336 2949 1395 ἐπύθετο
2980 1337 3037 1395 δὲ
3065 1339 3157 1396 καὶ
3188 1341 3335 1416 παρὰ
3372 1347 3479 1398 τῶν
3526 1341 3867 1418 αὐτομόλων

2196 1424 2448 1502 ἀφθονίαν
2481 1423 2630 1502 ἔχειν
2679 1425 2901 1498 πολλὴν
2930 1434 3039 1485 τῶν
3072 1428 3399 1501 ἐπιτηδείων
3446 1432 3539 1487 καὶ
3575 1435 3652 1507 μή
3686 1431 3865 1489 δεδιξ-

2192 1532 2279 1567 ναι
2330 1532 2558 1588 χρονιαν
2628 1512 2981 1590 πολιορκίαν,
3068 1515 3202 1590 ἄρας
3280 1518 3516 1584 ἐντεῦθεν
3569 1523 3639 1595 τῇ
3678 1527 3867 1578 Μανι-

2195 1600 2373 1676 χαίων
2430 1597 2781 1678 προσϐάλλει
2839 1608 2936 1681 γῇ,
2988 1606 3080 1661 καὶ
3128 1628 3301 1663 παντα
3330 1609 3397 1662 τὰ
3430 1606 3483 1663 ἒν
3511 1608 3665 1664 ποσὶν
3698 1609 3865 1665 ἐκτε-

2196 1691 2439 1764 φρώσας,
2504 1692 2569 1749 τὸ
2648 1693 2919 1770 Ἀργαοὺθ
2970 1693 3262 1770 λεγόμενον
3322 1696 3581 1774 φρούριον
3634 1698 3729 1753 καὶ
3788 1699 3865 1753 τὸ

437 1803 506 1842 eo
536 1785 693 1841 bello
715 1785 900 1841 virtus
930 1785 1216 1857 praeclara
1244 1785 1475 1854 fuisset,
1496 1785 1818 1840 honoratos
1839 1782 2085 1838 dimisit.

2199 1779 2502 1836 Κουτακίου
2532 1780 2625 1836 καὶ
2662 1783 2727 1837 τὸ
2784 1784 3062 1860 Στεφάνου
3117 1784 3208 1839 καὶ
3263 1785 3328 1840 τὸ
3355 1786 3605 1862 ’Δραρὰχ
3632 1785 3864 1860 ἐμπρή-

432 1875 551 1947 Ipsi
581 1874 656 1931 ad
685 1876 894 1931 urbem
936 1891 1230 1943 reversus,
1260 1891 1396 1930 cum
1426 1874 1488 1929 in
1520 1874 1863 1930 Thrcaciam
1902 1872 2083 1944 traje-

436 1964 637 2029 cisset,
669 1963 742 2019 ab
773 1963 1069 2019 Hebdomo
1128 1962 1365 2035 publice
1409 1979 1515 2035 per
1552 1964 1808 2017 Auream
1856 1966 2089 2032 portam

438 2053 701 2119 intravit,
756 2052 1430 2124 splendidissimumque
1487 2050 1656 2106 duxit
1695 2050 2087 2121 triumphum,

435 2140 712 2197 universo
768 2140 989 2211 populo
1047 2140 1304 2195 victoriae
1361 2138 1798 2212 gratulantibus
1850 2138 2089 2194 vocibus

438 2229 768 2300 faustisque
800 2228 1328 2285 acclamationibus
1361 2233 1761 2300 prosequente
1796 2244 1984 2299 usque
2013 2228 2090 2283 ad

440 2318 630 2374 aedem
661 2318 996 2390 Sapientiae,
1020 2334 1151 2389 quae
1180 2318 1446 2389 ejusdem
1473 2322 1564 2372 est
1590 2333 1725 2373 cum
1749 2317 1868 2373 Deo
1898 2333 2092 2373 essen-

433 2409 561 2464 tias.
596 2407 683 2463 Ibi
702 2407 851 2463 actis
880 2407 998 2462 Deo
1026 2407 1229 2480 gratis,
1262 2407 1334 2462 ab
1378 2407 1599 2479 ignatio
1628 2406 1967 2477 patriarcha
1991 2423 2088 2462 co-

438 2496 607 2553 ronis
638 2495 952 2552 redimitus
981 2495 1042 2551 in
1073 2496 1296 2567 regiam
1328 2496 1545 2563 rediit;
1573 2512 1829 2568 cumque
1860 2513 1923 2552 se
1953 2512 2093 2568 pau-

432 2587 625 2643 lulum
682 2602 817 2641 cum
847 2602 1031 2641 uxore
1064 2584 1351 2640 etliberis
1410 2585 1797 2654 oblectasset,
1852 2601 2092 2641 rursum

433 2694 495 2733 se
517 2676 591 2732 ad
612 2674 1044 2747 rempublicam
1064 2673 1515 2747 gubernandam
1546 2673 1817 2730 contulit.

2196 1889 2289 1932 σας
2337 1869 2686 1944 κατέσκαψεν.
2747 1872 2983 1929 Ἐκεῖθεν
3041 1872 3259 1949 ἀγείρας
3316 1875 3410 1929 τὸν
3465 1876 3697 1948 στρατὸν
3749 1882 3864 1945 τῆς

2198 1955 2285 2013 ἐπὶ
2314 1958 2414 2028 τήν
2444 1956 2842 2033 ,βασιλεύουσαν
2888 1957 3097 2036 εἷ’χετο.
3153 1962 3257 2019 Καὶ
3309 1963 3440 2026 τοὺς
3483 1963 3581 2037 μὲν
3612 1963 3865 2037 ἀριστεῦ-

2199 2066 2388 2108 σαντας
2415 2052 2524 2103 τῶν
2576 2053 2922 2124 στρατιωτῶν
2969 2051 3208 2124 τιμήσας
3256 2050 3544 2109 ἀπέλυσεν
3600 2053 3768 2115 αὐτὸς
3801 2052 3865 2108 δὲ

2196 2137 2296 2207 τήν
2331 2134 2591 2211 βασιλίδα
2631 2139 2922 2215 κατασχὼν
2981 2139 3070 2194 καὶ
3133 2140 3458 2216 περαιωθεὶς
3506 2141 3585 2207 εἷς
3610 2143 3858 2218 Θρᾴκην,

2199 2223 2260 2281 ἐκ
2286 2230 2384 2280 τσῦ
2418 2220 2657 2299 Ἐϐόμου
2709 2229 2809 2298 τὴν
2858 2225 3131 2302 δημοσίαν
3181 2228 3556 2303 ποιησάμενος
3588 2229 3857 2306 πρόοδον,

2200 2311 2289 2368 διὰ
2314 2319 2415 2384 τῆς
2448 2318 2668 2384 Χουσῆς
2713 2314 2921 2391 πόρτης
2975 2315 3230 2380 εἰσελθὼν
3284 2318 3375 2373 καὶ
3423 2314 3692 2393 θρίαμϐον
3724 2340 3857 2374 κατ-

2201 2402 2417 2480 αγαγὼν
2476 2402 3077 2481 μεγαλοπρεπέστατον,
3104 2404 3205 2460 τοῦ
3264 2403 3446 2481 δήμου
3502 2409 3707 2470 παντὸς
3739 2408 3866 2463 ἐπι-

2198 2491 2391 2555 νικίοις
2449 2498 2654 2571 φωναῖς
2713 2493 2803 2549 καὶ
2861 2492 3161 2574 εὐφημίαις
3212 2496 3378 2551 αὐτὸν
3453 2496 3864 2574 μεγαλυνοντος

2201 2582 2333 2658 ἄχρι
2390 2586 2488 2637 τοῦ
2546 2585 2676 2637 ναοῦ
2730 2589 2832 2652 τῆς
2899 2587 2998 2639 τοῦ
3052 2588 3186 2639 Θεοῦ
3239 2583 3600 2641 ἐνυποστάτου
3651 2586 3864 2663 Σοφίας

2202 2670 2433 2747 ἐγένετο.
2490 2672 2696 2729 Ἐκεῖσε
2727 2668 2785 2726 δὲ
2837 2671 3129 2748 γενόμενος
3183 2673 3274 2729 καὶ
3317 2678 3398 2747 τῷ
3451 2678 3568 2747 Θεῷ
3627 2673 3860 2750 εὔχαρι-

439 2765 700 2839 στηρίους
758 2759 1000 2825 ἀποδοὺς
1053 2760 1275 2835 ὕμνους,
1354 2761 1502 2836 παρὰ
1587 2760 1851 2838 ’ῐγνατίου
1898 2782 1957 2816 τε
2011 2765 2110 2817 τοῦ
2164 2762 2506 2835 πατριάρχου
2562 2761 2878 2825 ταινιωθεὶς
2932 2762 3214 2842 στεφάνοις
3273 2766 3405 2835 (8i),
3455 2760 3722 2829 ἐπανῆκεν
3782 2763 3865 2825 εἰς

429 2854 498 2910 τὰ
557 2850 808 2927 βασίλεια
845 2895 858 2922 ,

433 2962 596 3000 σεων.

504 3034 673 3088 Anno
705 3031 810 3104 qui
840 3032 1000 3088 hunc
1021 3032 1290 3104 proxime
1320 3031 1671 3087 subsecutus
1693 3035 1942 3101 est,cum
1972 3032 2086 3085 Ma-

432 3124 648 3181 nichaai
680 3125 829 3181 duce
878 3123 1270 3196 Chrysochire
1303 3135 1516 3197 magno
1547 3140 1683 3179 cum
1727 3122 1992 3179 exercitu
2022 3121 2085 3177 in

431 3216 833 3273 Romanorum
848 3212 1139 3269 ditionem
1159 3212 1619 3285 impressionem
1636 3211 1919 3267 fecissent
1936 3226 2090 3265 eam-

431 3318 545 3375 que
576 3302 1414 3375 deprmdarenturﬁmperator
1434 3300 1506 3356 de
1522 3316 1685 3356 more
1699 3304 1906 3356 contra
1926 3300 2089 3354 hunc

434 3392 617 3446 mittit
644 3391 983 3445 scholarum
1024 3389 1376 3460 principem.
1408 3390 1464 3443 Is
1491 3388 1835 3443 universum
1885 3403 2087 3442 secum

431 3479 656 3533 ducens
672 3480 1006 3532 Romanum
1029 3476 1516 3544 exercitum,cum
1533 3476 1605 3530 de
1626 3491 1863 3531 summa
1886 3491 2087 3531 rerum

431 3566 637 3638 praelia
660 3565 963 3623 decertare
989 3582 1110 3622 non
1140 3565 1387 3623 auderet
1401 3564 1757 3637 aliquandiu
1775 3564 2086 3621 intervallo

432 3657 783 3730 interposito
821 3657 1055 3713 hostem
1100 3658 1463 3729 insequitur,
1515 3662 1573 3712 et
1602 3656 1797 3712 obstat
1826 3673 1902 3713 ne
1948 3656 2087 3712 hinc

429 3748 569 3803 inde
600 3764 914 3804 excurrere
941 3765 1011 3805 ac
1028 3749 1235 3805 1010
1252 3748 1507 3820 palando
1533 3764 1641 3820 per
1668 3746 1798 3804 loca
1827 3746 2085 3820 dispergi

437 3835 701 3893 auderet.
738 3836 853 3893 Sed
881 3837 986 3892 ubi
1017 3837 1308 3894 Barbarus
1337 3837 1610 3909 quaedam
1641 3853 1844 3909 agens,
1866 3836 2086 3908 partim

430 3926 719 3998 propositi
750 3925 943 3998 impos
974 3926 1215 3981 domum
1249 3926 1444 3982 redire
1476 3925 1731 3981 intendit
1750 3942 1819 3981 ac
1848 3924 2088 3997 copiosa

430 4032 564 4072 cum
594 4015 795 4087 praeda
825 4016 941 4072 iter
964 4015 1112 4071 illud
1144 4015 1330 4084 inivit,
1364 4015 1725 4071 domesticus
1746 4014 2083 4070 scholarum

431 4103 663 4161 duobus
713 4103 984 4174 ducibus,
1034 4121 1287 4176 quorum
1336 4121 1494 4160 unus
1542 4102 1878 4159 Charsianis
1933 4103 2087 4158 alter

431 4194 803 4250 Armeniacis
833 4199 1106 4266 praeerat,
1137 4194 1408 4266 praicipit
1434 4199 1501 4249 ut
1529 4210 1663 4249 cum
1693 4193 1767 4247 iis
1798 4208 1945 4264 quas
1976 4192 2083 4247 du-

429 4282 645 4336 cebant
667 4282 1012 4339 cohortibus
1033 4282 1487 4355 Chrysocbirem
1509 4299 1699 4354 usque
1731 4281 1805 4337 ad
1841 4281 2082 4352 Bathyr-

424 4367 665 4425 rhacem
694 4387 847 4441 pone
894 4376 1242 4443 sequantur,
1295 4372 1433 4427 etsi
1481 4371 1724 4443 quidem
1753 4371 1803 4425 is
1850 4369 1987 4427 inde
2017 4369 2081 4424 in

922 2851 1116 2929 μικρόν
1196 2870 1256 2907 τε
1314 2850 1599 2922 συνησθεὶς
1670 2854 1741 2924 τῇ
1811 2848 2023 2926 γυναικῖ
2089 2849 2180 2905 καὶ
2234 2854 2352 2913 τοῖς
2404 2847 2611 2913 τέκνοις
2655 2854 2764 2906 τῶν
2818 2847 3125 2907 πολιτικῶν
3184 2851 3337 2915 αὗθις
3394 2849 3579 2928 εἴχετο
3640 2846 3860 2913 διοικήο

2266 3030 2359 3102 Τῷ
2389 3025 2438 3084 δ’
2476 3027 2684 3084 ἐπιόντι
2740 3028 2929 3105 χρόνῳ
2976 3033 3064 3085 τιῦ
3108 3033 3217 3085 τῶν
3264 3029 3583 3105 Μανιχαίων
3631 3028 3858 3106 ἐξηγου-

2202 3121 2366 3194 μὲνου
2416 3121 2793 3197 Χρυσόχειρος
2824 3120 2902 3182 εἶς
2948 3121 3049 3190 τήν
3099 3125 3208 3176 τῶν
3250 3122 3541 3194 Ῥωμαίων
3574 3117 3857 3195 ἱμϐαλόν-

2194 3228 2287 3270 τος
2322 3210 2480 3284 βαρεῖ
2508 3213 2720 3284 στρατῷ
2748 3208 2840 3264 καὶ
2885 3210 3086 3280 ταύτην
3135 3208 3488 3283 λη’ίζομὲνου,
3520 3209 3855 3267 ἀποστέλλει

2194 3299 2312 3351 κατ’
2358 3297 2524 3353 αὐτοῦ
2582 3299 2828 3368 συνήθως
2865 3298 2894 3352 ὁ
2928 3295 3185 3372 βασιλεὺς
3230 3300 3323 3354 τὸν
3375 3300 3484 3354 τῶν
3520 3297 3745 3378 σχολῶν
3778 3299 3861 3371 ἐξ-

2196 3386 2525 3461 ηγούμενον.
2557 3386 2734 3451 Οὗτος
2777 3383 2858 3457 δὲ,
2905 3385 3080 3443 πάντα
3127 3388 3222 3443 τὸν
3262 3389 3570 3461 Ῥωμαϊκὸν
3620 3390 3852 3464 στρατὸν

2195 3472 2690 3552 συμπαρειληφὼς,
2730 3473 2918 3544 ἐπειδή
2970 3472 3197 3548 σταδαίᾳ
3241 3478 3397 3552 μάχῃ
3429 3482 3610 3552 κρῖναι
3638 3477 3699 3532 τὸ
3742 3484 3855 3533 πᾶν

2197 3559 2424 3633 ἐδειλία,
2478 3564 2773 3640 παρείπετο
2828 3563 2981 3629 τὲως-
3006 3563 3156 3639 αὐτῷ
3182 3565 3290 3622 ἀπό
3342 3587 3493 3627 τινος
3544 3563 3854 3641 διαστήμαο

2193 3674 2310 3725 τος,
2368 3655 2459 3710 καὶ
2512 3654 2609 3718 τάς
2671 3655 2898 3732 μερικὰς
2948 3655 3160 3733 ἀνεῖργε
3216 3654 3592 3733 καταδρομὰς,
3652 3659 3743 3712 καὶ
3790 3659 3855 3715 οὗ

2193 3745 2495 3819 συνεχώρει
2551 3745 2689 3800 κατά
2765 3750 2868 3814 τῆς
2944 3745 3135 3820 χώρας
3221 3743 3395 3808 ἀδεῶς
3456 3743 3853 3804 διασκίδναθαι.

2193 3832 2283 3897 Ὠς
2320 3833 2413 3887 οὗν
2461 3832 2529 3888 τὰ
2579 3833 2674 3907 μὶν
2727 3829 2871 3906 δρῶν
2923 3833 2991 3888 τὰ
3041 3831 3099 3889 δὲ
3157 3834 3469 3908 ἂπρακτῶν,
3500 3835 3531 3890 ὀ
3564 3830 3853 3910 Βᾶρϐαρος

2193 3917 2302 3990 ἤδη
2336 3920 2556 3991 καὶτῆς
2601 3925 2742 3997 πρῦς
2787 3921 2856 3976 τὰ
2912 3921 3060 3978 οἲκοι
3127 3921 3391 3979 ἐπανόδου
3449 3921 3725 3997 ἐμέμνητο
3758 3926 3854 3980 καὶ

2196 4011 2331 4081 μετὰ
2384 4008 2533 4071 λείας
2597 4016 2808 4085 συχνῆς
2866 4011 3218 4086 ὑπέστρεψεν,
3280 4014 3309 4067 ὁ
3359 4010 3682 4085 δομὲστικος
3736 4019 3852 4069 τῶν

2193 4097 2415 4178 σχολῶν
2469 4096 2565 4154 δύο
2620 4103 2729 4155 τῶν
2783 4100 3101 4175 στρατηγῶν
3161 4100 3423 4178 ἀφώρισε,
3478 4100 3571 4157 τόν
3627 4122 3689 4157 τε
3740 4107 3845 4158 τοῦ

2191 4191 2503 4262 Χαρσιανοῦ
2551 4189 2661 4261 (82)
2700 4186 2791 4243 καὶ
2836 4189 2931 4244 τὸν
2968 4193 3076 4244 τῶν
3121 4191 3519 4265 Ἀρμενιακῶν,
3573 4192 3711 4264 μετᾶ
3748 4199 3852 4261 τῆς

2190 4275 2314 4351 περὶ
2363 4274 2522 4331 αὐτὸν
2578 4272 2860 4349 δυνάμεως
2932 4273 3155 4333 ἕκαστον
3224 4285 3715 4355 συμπαρομαρτεῖν
3771 4284 3853 4353 τῷ

2193 4364 2532 4439 Χρυσόχειρι
2586 4362 2721 4441 ἄχρι
2775 4370 2875 4421 τοῦ
2908 4365 3204 4442 λεγομένου
3235 4366 3637 4443 Βαθυρῥύακος,
3663 4369 3852 4424 κάκεῖ-

428 4457 723 4511 Romanos
767 4475 939 4529 agros
986 4442 1056 4516 ac
1088 4461 1238 4515 ﬁnes
1288 4442 1521 4515 emittat
1567 4459 1839 4532 militem,
1873 4457 1983 4514 sibi
2022 4456 2083 4512 id

2195 4464 2280 4518 θεν
2338 4453 2385 4509 εἰ
2444 4454 2537 4526 μὲν
2592 4452 2880 4531 ὲπαιρήσει,
2941 4456 3101 4534 φησὶ,
3158 4456 3295 4511 κατὰ
3350 4460 3456 4511 τῶν
3513 4462 3843 4531 Ῥωμαϊκῶν

425 4542 781 4615 significent,
828 4545 921 4600 sin
952 4546 1025 4601 ab
1084 4564 1154 4602 eo
1202 4550 1329 4603 loco
1383 4554 1544 4604 recta
1587 4547 1828 4603 domum
1871 4562 2078 4602 versus

426 4632 860 4704 proﬁciscatur,
895 4634 1023 4704 ipso
1072 4635 1290 4690 omisso
1320 4635 1395 4690 ad
1425 4653 1487 4691 se
1532 4641 1927 4692 revertantur.
1962 4634 2077 4691 Sub

426 4737 734 4794 vesperam
779 4738 914 4777 cum
944 4721 1019 4776 ad
1061 4722 1286 4778 dictum
1318 4723 1515 4779 locum
1560 4727 1800 4783 (nomen
1833 4729 1924 4779 est
1948 4724 2078 4780 loco

424 4811 499 4866 ab
525 4811 663 4868 altis
719 4811 973 4867 inditum
1024 4809 1454 4881 crepidinibus)
1512 4811 1750 4868 Barbari
1781 4812 1842 4867 in
1882 4812 2079 4868 radice

427 4900 647 4955 montis
702 4899 1136 4967 consedissent,
1173 4900 1332 4957 inter
1386 4899 1609 4955 milites
1654 4903 2075 4970 Romanorum,

422 4990 524 5062 qui
584 4992 926 5063 superioros
973 4990 1194 5046 montis
1247 4995 1445 5062 partes
1500 4995 1951 5062 occupaverant,
2007 4990 2080 5047 de

420 5081 653 5137 virtutis
683 5086 943 5153 prastan
957 5080 1037 5137 tia
1057 5086 1359 5138 certamen
1380 5080 1609 5151 incidit,
1635 5086 1889 5152 utroque
1920 5097 2083 5136 exer-

420 5171 539 5226 citu
572 5170 686 5226 sibi
712 5170 935 5242 primas
966 5170 1334 5226 fortitudinis
1357 5174 1689 5244 arrogante.
1711 5172 2080 5243 Augesceute

422 5259 830 5327 contentione,
862 5264 921 5315 et
950 5264 1204 5330 utroque
1236 5260 1496 5315 exercitu
1527 5259 1601 5315 ad
1634 5259 1921 5332 majorem
1944 5275 2079 5331 pro-

2187 4543 2351 4617 ὁρίων
2410 4543 2636 4618 στρατὸν
2694 4541 2839 4613 δῆλα
2899 4545 3082 4609 θέσθαι
3142 4546 3288 4619 αὖτῷ
3344 4546 3413 4602 τὰ
3450 4548 3576 4620 περὶ
3621 4547 3849 4615 τούτου,

2188 4634 2273 4707 [Ρ.
2306 4633 2432 4706 572]
2482 4631 2526 4686 εἰ
2579 4624 2637 4687 δὲ
2693 4629 2878 4688 οἴκαδε
2928 4633 3325 4711 ἀμεταστρεπτὶ
3371 4632 3659 4709 βαδίσειεν,
3693 4637 3851 4692 idm

2185 4741 2285 4783 τας
2338 4724 2528 4776 τοῦτον
2579 4721 2731 4782 αὖθις
2786 4719 3096 4787 ἐπανελθεῖν
3152 4723 3291 4795 πρὸς
3340 4722 3526 4781 αὐτόν.
3582 4725 3849 4799 Ἐσπίρας

2188 4810 2284 4866 οῦν
2337 4805 2776 4881 καταλαϐούσης,
2842 4811 2931 4867 καὶ
2984 4815 3082 4867 τοῦ
3144 4807 3479 4888 βαρϐαρικοῦ
3538 4815 3847 4889 στρτεύμα-

2187 4920 2281 4962 τος
2309 4898 2601 4975 γεγονότος
2625 4897 2762 4954 κατά
2814 4899 2911 4955 τὸν
2971 4898 3327 4975 Βαθυῤῥύακα
3384 4900 3760 4976 αῦλισαμὲνου
3790 4924 3848 4959 τε

2187 4989 2324 5045 κατὰ
2369 4988 2470 5057 τὴν
2526 4991 2626 5043 τοῦ
2680 4985 2847 5062 ὅρους
2897 4988 3192 5064 ὑπώρειαν,
3250 4994 3359 5045 τῶν
3419 4988 3479 5045 δὲ
3535 4991 3845 5067 εἰρημένων

2190 5081 2511 5154 σιρατηγῶν
2568 5075 2923 5151 καταγόντων
2978 5078 3048 5133 τὰ
3091 5077 3289 5134 τούτου
3348 5079 3729 5156 μετεωρότερα
3757 5082 3847 5138 καὶ

2186 5168 2250 5222 τὸ
2310 5164 2508 5240 μέλλεν
2564 5165 3048 5235 ἀποσκοποῦντῶν,
3103 5169 3364 5242 ἐμπίπτει
3424 5190 3508 5232 τις
3568 5167 3686 5245 ἔρις
3722 5172 3848 5245 περὶ

2189 5254 2472 5331 πρωτείων
2500 5254 2590 5311 καὶ
2620 5253 2834 5329 ἅμιλλα
2864 5261 2981 5317 τοῖς
3015 5260 3122 5312 τῶν
3157 5254 3253 5312 δύο
3301 5257 3548 5331 θεμάτων
3581 5262 3847 5333 στρατιώο

1638 5356 2006 5416 XYLANDRI
2044 5359 2127 5413 ET
2167 5357 2387 5414 GOARI
2424 5357 2648 5414 NOTAE.

498 5454 608 5521 (81)
629 5456 820 5511 Semel
842 5457 1171 5529 suscipiens
1194 5457 1600 5583 imﬁeriumet
1621 5456 1881 5513 secundo
1899 5473 2084 5527 quan-

498 5537 623 5583 »que
654 5526 1044 5583 triumphans.
1068 5545 1249 5583 coron
1332 5534 1466 5583 atur
1494 5529 1836 5583 imperator.
1870 5528 2081 5583 Primm

430 5518 623 5590 doque
654 5518 1044 5603 triumphans,
1068 5518 1466 5584 coronabatur
1494 5518 1574 5583 im
1622 5534 1836 5583 erator.
1870 5518 2081 5583 Prima

430 5596 837 5650 coronationis
888 5599 1117 5654 insigne
1172 5598 1388 5654 στέμμα
1433 5604 1524 5654 est
1551 5546 1797 5654 C%dino.
1836 5598 2081 5654 alterius

428 5593 852 5650 coronationis‘
888 5593 1117 5669 insigne
1172 5598 1388 5671 στέμμα
1433 5604 1524 5655 est
1551 5593 1797 5670 Codino,
1836 5598 2082 5656 alterius

2191 5455 2371 5537 hujus
2397 5451 2988 5537 recitatopxtaheidem
3020 5473 3069 5512 c.
3118 5474 3189 5514 v1.
3225 5460 3309 5515 Ita
3354 5459 3639 5532 Georgius
3670 5462 3841 5517 Core-

2192 5524 2316 5582 sius
2345 5527 2405 5580 in
2435 5524 2730 5597 Epistolis.
2762 5527 2935 5582 Gesn.

2264 5599 2374 5667 (8'2)
2403 5596 2787 5669 Cappadocia:
2816 5597 2952 5656 loci.
2987 5600 3164 5657 GOAR.
