4130 6218
259 432 266 436 ,
304 368 461 428 1097

1513 368 1878 429 HISTORIA
1893 366 2069 429 ΙίοΜ
2115 367 2443 428 COMPEN
2454 367 2643 428 DlUM
2656 410 2670 425 .

3555 369 3716 428 1098

305 520 448 563 ταιςο
483 502 534 555 oi
569 501 660 574 μὲν
719 499 823 575 γὰρ
888 504 986 554 τοῦ
1046 501 1354 574 Χαρσιανοῦ
1413 500 1622 561 ἑαυτοῖς
1679 498 1953 554 ἐνίσταντο

2083 499 2304 554 .abente
2315 499 2690 572 jactantiam,
2710 498 3030 569 quemdam
3053 516 3122 552 ex
3135 498 3505 554 Armeniacis
3527 499 3731 556 ferunt

300 595 418 651 τοῖς
449 598 550 658 τῆς
591 586 808 663 ἀνδρίας
860 589 1120 662 ἁρμόζειν
1169 595 1431 662 πρωτεῖα,
1466 588 1705 662 ἔμπαλιν
1748 587 1803 644 δὲ
1834 590 1952 643 ἑαυ·

300 685 417 740 τοῖς
448 677 499 732 οἰ
534 677 908 750 Ἀρμενιακοί.
941 678 1031 738 Ὡς
1065 675 1158 732 οὖν
1208 675 1297 732 ἐπὶ
1347 676 1604 732 πλεῖστον
1663 675 1866 752 ἐχώρει
1896 677 1962 731 τὰ

299 775 401 836 τῆς
469 765 804 843 φιλονεικίας
873 767 962 820 καὶ
1022 766 1158 841 πρὸς
1215 766 1278 820 τὸ
1339 765 1690 842 μεγάλαυχον
1738 766 1962 840 ἑκάτερα

302 851 494 931 ἔρρεπε
549 861 655 910 τῶν
711 855 1050 928 ταγμάτων,
1122 854 1347 909 ἐνταῦθα
1417 853 1483 924 δή
1547 853 1764 929 λέγεται
1819 875 1964 928 παρα

296 964 447 1004 τινος
498 944 762 1020 λεχθῆναι
795 948 892 998 τοῦ
925 948 1031 997 τῶν
1068 945 1445 1015 Ἀρμενιακῶν
1480 946 1853 1016 συστήματος,
1888 945 1961 1004 ὡς

302 1038 422 1090 Ἵνα
453 1035 504 1088 τί
542 1035 737 1106 μάτην,
772 1035 817 1086 ὦ
850 1038 1264 1107 συστρατιῶται,
1298 1033 1554 1107 ἀπρεπῶς
1590 1035 1966 1107 θρασυνόμεθα

301 1122 421 1196 ἐξὸν
470 1128 586 1184 τοῖς
634 1122 819 1195 ’ὲργοις
888 1116 1375 1196 ἀναμφισϐήτητον
1452 1123 1647 1196 ἀρετὴν
1698 1119 1965 1194 ἐπιδείξα-

303 1226 425 1276 σθαι
454 1233 467 1282 ;
501 1213 568 1269 Oi
626 1211 887 1284 πολέμιοι
949 1211 1052 1288 γαρ
1098 1210 1159 1264 οὐ
1205 1211 1435 1287 μακράν,
1488 1213 1578 1266 καὶ
1647 1205 1843 1283 ἔξεστιν
1878 1211 1964 1265 ἐπὶ

300 1307 412 1356 τῶν
475 1301 648 1376 ἔργων
713 1308 945 1379 φανῆναι
1001 1300 1128 1361 τοὺς
1187 1300 1443 1374 ἀριστεῖς.
1505 1302 1644 1360 Τοὺς
1673 1301 1956 1360 τοιούτους

299 1391 478 1446 τοίνυν
539 1390 739 1464 λόγους
810 1387 1246 1452 διενωτισθέντες
1281 1390 1332 1442 οἱ
1381 1388 1680 1464 στρατηγοὶ
1731 1390 1819 1443 καὶ
1864 1390 1964 1456 τὴν

300 1482 440 1553 πρὸς
473 1477 693 1553 ἀνδρίαν
729 1480 894 1552 ὁρκην
946 1479 1377 1548 κατανοήσαντες
1432 1482 1528 1532 τοῦ
1582 1478 1740 1546 λαοῦ,
1793 1498 1962 1532 κατα-

310 1569 578 1639 μαθόντες
610 1563 666 1620 δὲ
695 1567 780 1620 καὶ
814 1568 912 1634 τήν
961 1567 1065 1620 ἀπὸ
1117 1570 1216 1620 τοῦ
1265 1565 1437 1621 τόπου
1489 1568 1767 1640 βοήθειαν,
1801 1567 1882 1620 δτι
1915 1565 1965 1638 ἐξ

307 1654 639 1731 ὑπερδεξίων
689 1653 984 1728 μέλλουσιν
1031 1654 1363 1719 ἐπιτίθεσθαι
1420 1661 1538 1716 τοῖς
1593 1654 1883 1727 πολεμίοις
1917 1654 1968 1708 ἐν

303 1744 486 1818 κοίλῳ
515 1745 788 1818 κειμένοις
842 1746 1020 1816 τόπῳ,
1073 1742 1205 1818 διχῆ
1261 1741 1530 1818 διαιροῦσι
1586 1746 1685 1814 την
1717 1740 1963 1816 δύναμιν.

301 1836 404 1889 Καὶ
445 1835 631 1907 τὸμὲν
692 1830 938 1909 ἔκκριτον
1006 1833 1208 1903 ταύτης
1277 1831 1442 1912 ἄχρις
1503 1832 1795 1903 ἑξακοσίων
1852 1834 1965 1906 μετ’
2003 1871 2048 1935 Β

353 1924 364 1935 .
421 1928 445 1935 _
653 1929 678 1935 _
1031 1928 1055 1935 _
1293 1918 1321 1935 ο
1365 1921 1381 1935 η
1429 1928 1450 1935 -
1522 1921 1534 1935 .
1625 1923 1664 1935 .,.
1781 1927 1804 1935 -
1889 1927 1915 1935 ..

303 1924 487 1979 αὐτῶν
523 1943 584 1997 γε
612 1929 722 1978 τῶν
783 1928 1097 1998 στρατηγῶν
1145 1918 1477 1997 προσϐαλεῖν
1520 1921 1706 1998 ἐκρίθη
1741 1927 1818 1993 τῷ
1849 1927 1958 1978 τῶν

311 2009 604 2088 βαρϐαρων
663 2016 904 2087 στρατῶ·
960 2014 1022 2066 τὸ
1082 2009 1141 2065 δὲ
1198 2010 1393 2066 λοιπὸν
1451 2014 1540 2066 καὶ
1595 2011 1960 2085 εὐαρίθμητον

300 2109 405 2172 τῆς
439 2103 756 2174 Ῥωμαϊκῆς
791 2107 1041 2175 στρατιᾶς
1094 2100 1169 2161 εἷς
1226 2098 1453 2168 δόκησιν
1515 2098 1764 2169 πλήθους
1795 2103 1959 2154 αὑτοῦ

304 2215 413 2249 που
455 2193 804 2253 σκευάσαντες
838 2192 973 2266 πρὸς
1021 2192 1088 2246 τὰ
1121 2192 1366 2265 μετέωρα
1412 2186 1659 2261 ἔστησαν,
1711 2189 1960 2262 σύνθημα

305 2282 486 2344 δόντες
515 2283 587 2336 ’ἶν’
626 2282 751 2336 ὅταν
785 2280 934 2336 οὗτοι
967 2275 1325 2356 προσϐάλωσι
1350 2285 1468 2342 τοῖς
1498 2279 1742 2354 ἐχθροῖς,
1766 2281 1958 2334 κάκεῖ-

305 2394 392 2426 νοι
454 2373 548 2426 συν
607 2369 920 2444 ἀλαλαγμῷ
974 2370 1215 2443 μεγίστῳ
1269 2368 1357 2422 καὶ
1419 2365 1708 2444 σάλπιγξιν
1740 2368 1957 2439 ἐκπλη-

309 2461 504 2529 κτικήν
565 2461 701 2534 βοην
763 2458 1130 2535 ἀναῤῥήξωσι,
1192 2456 1646 2531 συνεπηχοῦντων
1703 2458 1794 2512 καὶ
1849 2463 1958 2512 τῶν

311 2549 503 2621 ὀρέων,
538 2547 626 2602 καὶ
682 2546 856 2609 οὕτως
887 2546 1100 2622 ἀφανῶς
1132 2544 1220 2600 διά
1274 2549 1376 2611 τῆς
1429 2545 1620 2607 νυκτὸς
1671 2551 1739 2619 τῇ
1800 2566 1958 2620 στρα-

305 2636 560 2708 τοπεδείᾳ
588 2643 694 2692 τῶν
754 2635 967 2712 ἐχθρῶν
1021 2634 1392 2704 πλησιάζωσι.
1446 2634 1547 2691 Καὶ
1580 2634 1833 2690 τοιούτου
1866 2633 1959 2690 δο-

311 2726 495 2790 θέντος
526 2727 895 2797 συνθήματος,
929 2725 1081 2779 οῧπω
1141 2728 1238 2778 τοῦ
1292 2722 1455 2792 ἡλίου
1512 2725 1608 2784 τὰς
1656 2722 1957 2798 ἀκρωρείας

310 2814 664 2889 αὐγάζοντος,
709 2817 815 2888 βοῇ
873 2809 1099 2888 στιϐαρᾷ
1156 2812 1524 2874 παιανίσαντες
1572 2813 1758 2866 καὶτὸ
1787 2820 1964 2867 Σταυ-

316 2907 406 2978 ρὸς
439 2903 705 2973 νενίκηκε,
740 2898 1150 2976 συμϐοησαντες
1181 2901 1507 2956 ἐπιτίθενται
1564 2905 1679 2962 τοῖς
1713 2900 1960 2979 ἐχθροῖς,

315 2991 862 3061 συνεπαλαλαζόντων
893 2991 1000 3046 ἀπὸ
1050 2996 1147 3046 τοῦ
1201 2987 1361 3065 ὅρους
1415 2990 1504 3045 καὶ
1562 2996 1671 3045 τῶν
1727 2989 1960 3047 λοιπῶν.

322 3081 496 3146 Εὐθὺς
528 3082 618 3136 οὖν
649 3081 700 3135 oi
731 3075 1008 3154 Βάρϐαροι
1037 3085 1114 3151 τῷ
1141 3078 1456 3151 ἀνελπίστῳ
1506 3076 1963 3153 καταπλαγέντες,

310 3171 402 3224 καὶ
431 3173 573 3241 μήτε
607 3176 867 3238 συστῆναι
903 3170 1042 3241 μήτε
1095 3168 1158 3221 τὸ
1216 3165 1366 3221 ἐπιὸν
1426 3165 1640 3235 πλῆθος
1697 3166 1822 3221 ὅσον
1854 3166 1963 3220 ἐστὶ

2072 589 2290 644 dixisse
2322 605 2333 643 :
2360 591 2652 654 Quorsum
2672 588 2903 652 attinet,
2927 587 3387 651 commilitones,
3415 593 3535 642 tam
3560 589 3729 644 inde-

2073 683 2278 734 center
2307 677 2554 732 ferocire
2575 678 2602 730 ?
2625 694 2759 731 cum
2781 677 2953 731 liceat
2969 676 3137 731 factis
3159 676 3433 730 virtutem
3456 682 3726 733 testatam

2074 765 2343 831 reddere,
2394 765 2672 820 hostibus
2716 765 2777 818 in
2809 765 3078 836 proximo
3119 765 3509 831 versantibus,
3541 783 3724 836 reque

2075 854 2204 925 ipsa
2233 854 2406 909 detur
2436 855 2843 908 demonstrare
2877 854 2976 923 qui
3010 853 3223 908 virtute
3265 854 3384 907 sint
3415 854 3614 924 primi.
3648 856 3728 908 Ea

2075 943 2251 998 verba
2293 960 2427 998 cum
2471 943 2544 998 ad
2595 959 2768 997 aures
2800 943 3017 997 ducum
3051 941 3481 1013 pervenissent,
3515 947 3572 996 et
3601 941 3724 997 ala-

2075 1033 2346 1087 critatem
2371 1033 2628 1087 militum
2652 1031 2724 1086 ad
2747 1048 3002 1102 pugnam
3025 1030 3447 1102 intelligerent,
3472 1047 3582 1085 nec
3605 1048 3728 1086 non

2075 1119 2262 1190 ipsius
2294 1120 2407 1174 loci
2439 1119 2942 1191 opportunitatem
2979 1119 3270 1172 sentirent
3301 1119 3411 1173 sibi
3444 1119 3516 1172 ad
3549 1119 3731 1173 victo-

2077 1207 2224 1262 riam
2278 1213 2644 1262 momentum
2680 1209 2878 1262 ιοιι
2938 1207 3095 1262 haud
3137 1207 3258 1260 leve
3308 1209 3540 1272 afferre,
3575 1207 3730 1278 quod

2078 1313 2107 1349 e
2141 1296 2385 1351 sublimi
2435 1297 2564 1351 loco
2615 1297 2675 1350 in
2727 1297 2924 1350 hostes
2957 1302 3126 1350 erant
3182 1295 3468 1365 impetum
3513 1296 3728 1363 daturi,

2077 1386 2178 1457 qui
2213 1386 2272 1440 in
2305 1385 2450 1440 valle
2481 1391 2674 1440 castra
2705 1384 3022 1452 habebant,
3057 1383 3378 1438 exercitum
3410 1400 3647 1438 omnem
3670 1385 3730 1437 in

2077 1475 2224 1529 duas
2255 1474 2528 1529 dividunt
2574 1479 2792 1545 partes,
2829 1474 2909 1528 ita
2958 1479 3023 1526 ut
3079 1472 3282 1527 selecti
3316 1473 3388 1527 ad
3422 1478 3734 1527 sexcentos

2077 1565 2301 1620 milites
2333 1582 2468 1619 cum
2502 1565 2645 1636 ipsis
2676 1563 3020 1618 ductoribus
3052 1563 3112 1616 in
3146 1563 3377 1617 hostem
3411 1564 3732 1630 irruerent,

2076 1653 2292 1722 reliqui
2319 1670 2568 1708 numero
2591 1670 2709 1707 non
2741 1652 2914 1707 multi
2944 1652 3006 1706 in
3039 1651 3274 1706 sublimi
3302 1653 3736 1717 starent,simu-

2077 1744 2199 1799 lata
2223 1745 2648 1811 multitudine;
2684 1745 2881 1814 itaque
2913 1759 3038 1798 rem
3083 1749 3469 1814 componunt,
3502 1748 3566 1796 ut
3596 1758 3732 1796 cum

2077 1833 2166 1887 illi
2221 1835 2453 1889 hostem
2497 1833 2894 1902 adorirentur,
2945 1833 3106 1888 illico
3156 1833 3216 1885 hi
3269 1833 3526 1886 maximo
3599 1847 3734 1886 cum

2081 1921 2292 1993 plausu
2325 1929 2383 1977 et
2414 1923 2569 1977 tubis
2609 1923 2960 1978 canentibus
2992 1921 3317 1976 terribilem
3362 1921 3607 1975 ederent
3637 1936 3737 1973 vo-

2072 2012 2504 2078 ciferationem,
2537 2012 2921 2067 reboantibus
2962 2010 3144 2065 simul
3179 2010 3497 2064 montibus.
3525 2009 3623 2062 His
3651 2009 3734 2064 ita

2070 2100 2435 2170 compositis,
2495 2100 2725 2155 occulte
2778 2117 2884 2170 per
2934 2106 3191 2166 noctem,
3255 2104 3575 2167 antequam
3643 2097 3734 2152 sol

2071 2205 2304 2243 summa
2363 2189 2654 2243 montium
2707 2187 3044 2251 illustraret,
3095 2187 3168 2240 ad
3223 2191 3416 2240 castra
3471 2185 3730 2239 hostium

2068 2277 2438 2348 perveniunt,
2474 2293 2803 2348 magnaque
2840 2293 2976 2331 voce
3007 2292 3274 2346 paeanem
3305 2278 3635 2338 cantantes,
3669 2278 3729 2327 et

2073 2373 2224 2426 Vicit
2251 2389 2397 2427 crux
2423 2373 2886 2440 conclamantes,
2929 2373 3352 2443 aggrediuntur
3380 2371 3612 2424 hostem
3647 2371 3728 2423 si-

2071 2461 2196 2516 mul
2226 2461 2477 2532 reliquis
2508 2461 2580 2516 de
2611 2466 2814 2516 monte
2846 2460 3167 2515 militarem
3187 2459 3727 2514 conclamationem

2071 2550 2408 2606 edentibus.
2450 2553 2526 2605 At
2555 2549 2795 2604 Barbari
2845 2548 3039 2604 subito
3071 2564 3134 2602 re
3168 2548 3468 2618 insperata
3500 2551 3730 2618 perter-

2068 2639 2274 2706 reri,et
2302 2656 2496 2710 neque
2530 2639 2685 2692 inter
2715 2655 2776 2693 se
2808 2639 2990 2702 coire,
3021 2654 3216 2708 neque
3240 2636 3711 2706 contemplanda!

2070 2729 2425 2784 irruentium
2473 2729 2735 2784 hostium
2782 2728 3182 2784 multitudinis
3215 2733 3448 2798 tempus
3477 2727 3722 2794 habere,

2072 2836 2265 2889 neque
2290 2820 2535 2874 omnino
2567 2820 2886 2890 quicquam
2911 2818 3168 2873 salutare
3201 2835 3268 2872 ex
3294 2822 3560 2888 tempore
3581 2834 3723 2872 con-

2076 2907 2271 2963 sulere
2319 2925 2512 2978 posse,
2547 2908 2650 2962 sed
2700 2909 2851 2978 fugin
2902 2923 2964 2962 se
3014 2907 3175 2962 dare.
3209 2908 3321 2962 Eos
3367 2907 3612 2962 Romani
3638 2906 3730 2961 in-

2074 2997 2266 3067 sequi,
2303 3002 2361 3051 et
2393 2997 2668 3052 absentes
2699 2997 2878 3052 simul
2907 2996 3167 3069 legiones
3197 3013 3520 3066 earumque
3550 2995 3730 3051 duces

2073 3102 2402 3152 accersere,
2433 3101 2686 3156 cumque
2709 3086 2802 3152 his
2833 3085 3226 3141 domesticum
3249 3084 3729 3152 scholarum,sic-

2075 3175 2161 3229 uti
2187 3175 2381 3230 fuerat
2407 3181 2788 3246 praeceptum.
2823 3179 3009 3231 Aucto
3041 3175 3392 3246 fugientium
3421 3191 3633 3245 pavore
3661 3191 3730 3230 ac

311 3255 572 3320 λαϐόντες
603 3261 789 3332 καιρόν
833 3255 985 3328 ἰδεῖν,
1023 3257 1151 3329 μήτ’
1183 3254 1323 3311 ἄλλο
1355 3277 1407 3310 τι
1441 3257 1711 3327 σωτήριον
1751 3257 1960 3317 ἑαυτοῖς

2083 3263 2361 3330 tumultu,
2396 3264 2645 3320 Romani
2697 3281 2798 3319 eos
2845 3280 3033 3335 usque
3063 3263 3138 3318 ad
3183 3263 3549 3317 tricesimum
3585 3261 3728 3316 mil-

315 3348 376 3402 ἐκ
429 3353 527 3402 τοῦ
591 3351 937 3423 παραχρῆμα
999 3345 1434 3422 βουλεύσασθαι,
1506 3345 1769 3421 ὣρμησαν
1825 3345 1962 3421 πρός

312 3439 516 3514 φυγῆν.
551 3441 671 3494 Τῶν
707 3438 796 3491 οὖν
860 3436 1170 3490 σιωκόντων
1239 3434 1532 3506 Ῥωμαίων
1589 3435 1678 3490 καὶ
1720 3436 1847 3497 τοὺς
1885 3438 1960 3508 μὴ

2073 3352 2218 3406 liare
2249 3352 2667 3422 insequuntur,
2683 3353 2941 3423 spatium
2964 3351 3375 3407 intermedium
3398 3351 3730 3408 innumeris

2075 3441 2337 3496 hostium
2366 3441 2750 3496 cadaveribus
2783 3446 3255 3496 consternentes.

319 3528 574 3590 συνόντας
631 3522 1021 3600 ἐπιϐοωμένων
1079 3525 1413 3601 στρατηγοὺς
1471 3525 1558 3579 καὶ
1617 3526 1684 3579 τά
1733 3527 1985 3602 τάγματα
2041 3529 2129 3582 καὶ
2188 3532 2280 3584 τὸν
2349 3532 2458 3583 τῶν
2516 3528 2738 3604 σχολῶν
2798 3529 3198 3606 ἀφηγούμενον,
3257 3525 3493 3601 καθάπερ
3551 3527 3735 3588 αὐτοῖς

287 3618 686 3686 -συνετέτακτο,
738 3616 825 3670 καὶ
884 3620 991 3671 τῶν
1063 3611 1369 3689 φευγόντων
1427 3614 1502 3676 εὶς
1560 3613 1786 3668 πλείονα
1830 3613 2303 3688 συνελαυνομένων
2334 3613 2503 3689 φόϐον
2563 3619 2652 3672 καὶ
2707 3620 2981 3692 ταραχὴν,
3040 3612 3238 3687 συνέϐη
3304 3616 3472 3694 μέχρι
3536 3614 3736 3688 μιλίων

321 3705 606 3780 τριάκοντα
631 3706 877 3780 γενέσθαι
906 3708 1004 3772 τήν
1039 3701 1224 3773 δίωξιν
1249 3703 1337 3758 καὶ
1366 3702 1457 3757 τόν
1491 3703 1682 3775 μεταξῦ
1715 3706 1900 3780 χῶρον
1936 3704 2178 3778 ἀπείροις
2209 3706 2654 3778 κάταστρωθῆναι
2685 3710 2914 3779 νεκροῖς.

389 3794 526 3850 Τότε
557 3791 622 3862 δὴ
652 3794 738 3847 καὶ
773 3795 801 3848 6
833 3791 1059 3860 ἀναιδὴς
1092 3793 1408 3866 Χρυσόχειρ
1458 3792 1550 3846 σὺν
1584 3790 1810 3866 ὀλίγους
1842 3791 1968 3871 φεύ-

320 3904 433 3956 γων
474 3887 582 3937 τῶν
620 3884 732 3955 μετ’
789 3882 970 3950 αὐτὸν,
1040 3881 1157 3937 ἐπεὶ
1223 3878 1585 3937 καταδιώκειν
1643 3879 1778 3954 ἔγνω
1834 3882 1975 3937 Ῥω-

327 3973 487 4044 μαῖόν
515 3993 634 4026 τινα
668 3969 959 4041 ΙΙουλάδην
999 3971 1096 4038 τήν
1131 3969 1526 4044 προσηγορίαν,
1561 3970 1622 4024 ὅν
1668 3968 1974 4044 αἶχμαλω-

319 4082 411 4115 τον
442 4056 604 4115 ἔλαϐέ
635 4081 766 4116 ποτε
810 4061 946 4115 κατά
995 4061 1093 4128 την
1124 4061 1396 4137 Τεφρικήν
1446 4059 1536 4112 καὶ
1570 4055 1657 4112 διά
1689 4059 1972 4130 ἀστεϊσμὸν

320 4151 408 4204 καὶ
443 4149 643 4225 χάριτα
708 4151 910 4220 συνήθη
976 4149 1095 4224 εἶχε
1147 4148 1236 4202 καὶ
1296 4149 1597 4222 γνώριμον,
1651 4149 1975 4222 θεασάμενος

320 4236 480 4291 αὐτὸν
511 4238 601 4292 καὶ
635 4237 922 4314 γνωρίσας,
957 4239 1042 4309 [Ρ.
1076 4238 1203 4307 573]
1235 4232 1604 4314 ἐπιστραφεὶς,
1635 4235 1704 4291 Τί
1737 4257 1844 4304 σοι,
1877 4258 1978 4313 φη-

2155 3797 2315 3849 Tunc
2342 3795 2519 3850 etiam
2551 3795 2866 3866 impudens
2898 3794 2998 3848 ille
3030 3794 3406 3866 Cbrysochir,
3431 3809 3564 3846 cum
3593 3809 3736 3862 pau-

2086 3886 2170 3940 cis
2190 3901 2432 3939 suorum
2463 3885 2716 3956 fugiens,
2750 3900 2886 3938 cum
2919 3883 3140 3938 instare
3174 3883 3286 3938 sibi
3319 3883 3544 3938 videret
3575 3882 3740 3936 Pula-

2086 3974 2218 4029 dem
2245 3973 2564 4044 quemdam
2586 3990 2615 4028 e
2636 3974 2937 4042 Romanis,
2972 3989 3147 4044 quem
3181 3973 3305 4043 ipse
3337 3970 3503 4037 olim,
3532 3971 3737 4025 1012

2085 4064 2146 4118 in
2178 4062 2334 4118 bello
2368 4063 2524 4134 apud
2555 4062 2903 4134 Tephricam
2945 4067 3182 4133 ceperat
3211 4066 3535 4129 notumque
3569 4064 3627 4114 et
3655 4058 3739 4113 fa-

2086 4152 2384 4208 miliarem
2417 4152 2725 4219 habuerat,
2749 4168 3078 4225 agnoscens
3103 4149 3406 4204 hominem
3431 4152 3489 4202 et
3510 4149 3582 4202 ad
3605 4163 3741 4202 eum

2088 4258 2428 4309 conversus,
2461 4240 2630 4306 Quid,
2665 4241 2767 4306 ait,
2790 4240 2972 4295 miser
2992 4238 3266 4302 Pulades,
3302 4236 3443 4291 mali
3468 4236 3572 4290 tibi
3607 4236 3742 4302 feci,

320 4326 427 4392 σίν,
478 4327 522 4380 ὦ
571 4326 728 4390 ἄθλιε
786 4321 1068 4394 Πουλάδη,
1138 4321 1512 4398 διεπραξάμην
1565 4325 1756 4396 κακὸν,
1789 4323 1872 4380 ὅτι
1909 4347 1970 4398 με

355 4415 381 4428 η
638 4413 723 4428 κ,
1073 4411 1966 4428 κ-....,κυη.ε..

2085 4331 2245 4403 quod
2293 4348 2388 4386 me
2421 4335 2542 4384 tam
2585 4329 2804 4384 furiose
2837 4327 3234 4400 persequeris,
3268 4325 3605 4381 interﬁcere
3637 4341 3742 4379 cu-

320 4415 464 4469 οὕτω
495 4413 852 4476 καταδιώκεις
888 4411 1177 4486 μανιωδῶς
1218 4413 1495 4486 ἐπιθυμῶν
1540 4411 1786 4483 ἀνελεῖν;
1825 4415 1886 4472 Ὀ
1921 4411 1977 4469 δὲ

325 4503 606 4575 συντόμως
650 4498 987 4559 ,ὑπολαϐὼν
1020 4545 1034 4571 ,
1120 4505 1238 4558 Τῶν
1298 4500 1611 4577 εὐεργεσιῶν
1671 4524 1766 4557 σου
1802 4547 1816 4573 ,
1869 4504 1975 4560 πά-

325 4610 469 4663 τρων
515 4595 644 4664 [.83),
702 4593 801 4659 τὴν
859 4587 1129 4665 ἀμοιϐὴν,
1162 4585 1289 4668 ἔφη,
1350 4588 1644 4646 ἀποδοῦναί
1689 4591 1824 4647 κατά
1877 4593 1979 4660 τήν

328 4683 603 4751 παροῦσαν
662 4679 869 4752 ἡμέραν
925 4680 1204 4742 πεποιθώς
1264 4679 1378 4751 είμι
1435 4679 1515 4751 τῷ
1572 4684 1707 4749 Θεῷ.
1768 4681 1829 4736 Ὀ
1887 4681 1983 4752 μὲν

328 4770 423 4824 οὖν
467 4767 664 4842 προῄει
697 4769 792 4822 οἶά
817 4789 898 4829 τις
925 4765 1298 4842 ἐμϐρόντητος
1344 4768 1432 4823 καὶ
1470 4764 1856 4843 βεϐλαμμένος
1886 4771 1980 4832 τὰς

327 4859 528 4937 φρένας
564 4900 578 4926 ,
639 4858 666 4911 6
717 4854 776 4911 δὲ
833 4855 1084 4932 ἐφείπετο
1145 4860 1260 4930 μετ’
1321 4857 1616 4930 εὐτολμίας
1675 4866 1923 4927 νεανικῆς
1967 4902 1979 4914 .

326 4935 535 5020 Τάφρῳ
589 4945 645 5001 δὲ
707 4935 896 5018 βαθείᾳ
927 4947 955 4999 ὁ
989 4943 1325 5020 διωκόμενος
1383 4947 1646 5026 ἐντυχὼν,
1703 4949 1788 5003 καὶ
1827 4948 1982 5022 ὑπερ-

328 5031 573 5104 πηδῆσαι
603 5035 808 5103 ταύτην
859 5035 951 5088 τὸν
982 5033 1154 5089 ἳππον
1217 5037 1292 5107 μη
1354 5041 1684 5114 συγχωρῶν,
1720 5035 1980 5110 βάλλεται

329 5123 557 5178 κατόπιν
591 5123 735 5198 παρὰ
773 5124 870 5179 τοῦ
911 5121 1201 5180 ΙΙουλάδου
1263 5127 1563 5203 φθάσαντος
1616 5129 1792 5179 κοντῶ
1850 5125 1985 5180 κατά

2086 4422 2257 4492 piens
2282 4419 2310 4473 ?
2337 4418 2442 4473 Cui
2474 4418 2731 4472 breviter
2756 4417 3031 4482 Pulades,
3067 4417 3206 4482 Deo,
3235 4415 3452 4485 inquit,
3485 4414 3744 4481 confido,

2087 4509 2196 4562 hac
2225 4506 2321 4561 die
2344 4522 2438 4560 me
2469 4507 2577 4563 tibi
2598 4522 2704 4578 pro
2727 4506 2842 4560 tuis
2864 4504 3092 4560 meritis
3113 4504 3365 4576 gratiam
3391 4503 3741 4558 relaturum.

2088 4594 2282 4665 Pergit
2309 4592 2520 4649 exinde
2553 4593 2909 4664 Chrysochir
2961 4592 3253 4648 attonitus
3285 4609 3354 4648 ac
3383 4609 3606 4658 vecors,
3633 4607 3747 4646 au-

2089 4691 2292 4746 dacter
2323 4691 2674 4762 insequente
2708 4691 2947 4758 Pulade,
2981 4691 3168 4746 donec
3200 4690 3275 4745 ad
3305 4689 3486 4745 altam
3527 4689 3746 4742 fossam

2090 4782 2441 4846 perventum
2475 4782 2565 4831 est
2617 4779 2756 4831 Eam
2789 4793 2922 4832 cum
2959 4775 3258 4830 transilire
3290 4787 3508 4843 equum
3558 4769 3747 4840 Chry-

2092 4865 2292 4921 sochir
2325 4883 2442 4920 non
2472 4871 2793 4937 pateretur,
2819 4870 2994 4920 conto
3027 4865 3182 4919 latus
3203 4880 3235 4916 a
3257 4859 3478 4915 Pulade
3501 4873 3750 4928 propere

2092 4954 2245 5008 ictus
2269 4954 2494 5010 doloris
2524 4955 2897 5026 impatientia
2919 4953 2992 5006 ab
3019 4968 3172 5022 equo
3195 4949 3512 5004 delabitur.
3534 4946 3752 5000 Aderat

2096 5041 2340 5112 quidam
2389 5043 2754 5098 Diaconitzes
2813 5039 3078 5094 nomine.
3115 5039 3167 5093 Is
3199 5038 3399 5092 statim
3431 5052 3466 5091 a
3496 5051 3602 5090 suo
3645 5034 3750 5089 de-

2098 5131 2304 5185 siliens
2337 5148 2487 5202 equo
2518 5129 2970 5200 Chrysochirem
3004 5126 3331 5183 curandum
3366 5124 3632 5195 suscipit,
3667 5139 3734 5179 ca

1542 5243 1902 5298 XYLANDRI
1941 5245 2027 5299 ET
2066 5246 2280 5301 GOARI
2320 5247 2538 5299 NOTAE.

408 5355 524 5426 (83)
543 5357 670 5410 Non
697 5356 1066 5427 assequebar
1089 5356 1234 5427 quid
1259 5355 1367 5411 sibi
1395 5355 1546 5410 illud
1575 5355 1796 5427 πάτρων
1829 5358 2006 5413 vellet

333 5443 412 5500 an
452 5434 728 5500 parentes
767 5429 856 5482 vel
888 5429 1173 5500 majores,
1210 5427 1506 5500 quodpvix
1555 5427 1826 5498 quadrat.
1870 5447 2004 5485 cum

339 5497 416 5552 ab
449 5497 576 5569 ipso
619 5497 1019 5570 Crhysochire
1078 5497 1290 5570 captus
1348 5497 1587 5552 dicatur
1630 5500 1896 5570 Pulades,
1930 5519 2003 5556 an

341 5575 662 5644 patronum
688 5571 1091 5644 signiﬁcaret,
1104 5569 1309 5644 itaque
1342 5585 1477 5644 eum
1504 5569 1782 5644 σαρκάζων
1807 5574 2006 5644 appel-

337 5641 507 5698 laret.
559 5641 761 5712 Itaque
817 5643 1012 5698 omisi.
1076 5643 1214 5696 Χγῐ..
1248 5673 1315 5680 —
1369 5642 1812 5712 Chrysocheiris
1846 5641 2003 5699 'olim

613 5761 876 5822 PATROL.
923 5763 1038 5819 Gn.
1084 5759 1292 5820 CXXI.

2113 5360 2375 5430 captivus
2416 5358 2668 5413 Pulades
2716 5362 2874 5430 recte
2925 5361 3096 5412 vocat
3137 5351 3759 5430 eum_1rai-rpm_va:_ha‘f

2112 5425 2368 5500 namque
2401 5446 2539 5484 voce
2573 5447 2642 5485 ex
2689 5429 2887 5484 ltalica
2925 5435 3162 5498 patrone
3193 5425 3445 5500 deducta
3492 5425 3765 5500 domino?

2115 5497 2292 5555 etiam
2337 5500 2513 5554 hodie
2573 5497 2944 5571 compellant,
2973 5499 3306 5554 Orientales
3336 5500 3568 5571 captivi.
3603 5497 3765 5571 Alias

2117 5573 2484 5659 Hfsy'chius':
2547 5567 2824 5659 Πάτρῶγες
2885 5571 2956 5659 ὀἱ
3029 5575 3238 5642 πρῶτοι
3277 5573 3382 5623 τῶν
3408 5567 3764 5642 Ἐξιωθὲντων

2115 5648 2212 5712 τῆς
2233 5641 2520 5714 Ῥωμαίων
2551 5641 2849 5702 πολιτείας.
2883 5643 3056 5698 GOAR.

3399 5763 3474 5820 35
