4126 6220
330 387 481 452 1101

1451 374 1991 443 HISTORIARUM
2037 380 2579 445 COMPENDIUM.

3587 391 3615 449 1
3630 391 3743 454 102

330 523 502 578 ταῦθα
533 521 725 595 λόχων
756 515 1036 593 ἐκράτησε.
1074 513 1215 585 Πρὸς
1245 510 1303 568 δὶ
1329 516 1427 583 τήν
1487 510 1829 568 Καλλίπολιν
1887 511 1963 566 κα

2096 518 2232 570 ante
2263 516 2589 572 exercitum
2623 515 2763 582 ivit;
2797 517 3208 588 superatisque
3232 522 3403 577 Tauri
3434 526 3745 597 angustiis,

333 607 612 667 Παδασίαν
644 604 872 677 φθάσας,
904 599 1195 666 δυσϐάτοις
1252 600 1309 657 δὲ
1357 602 1669 678 περιτυχὼν
1709 601 1800 656 καὶ
1848 600 1963 655 αποι

2096 604 2170 659 ad
2228 606 2661 662 Germaniciam
2719 606 2988 662 accessit.
3040 608 3304 678 Cumque
3352 611 3552 668 hostes
3590 615 3747 671 intra
3822 664 3825 669 .

328 702 601 776 κρήμνοις
660 695 835 766 ὁδοῖς,
892 695 1019 757 τοὺς
1077 694 1181 749 ὑπὸ
1239 698 1402 768 χεῖρα
1484 690 1982 765 παραμυθούμενος

323 791 463 862 πεζῇ
503 787 594 842 καὶ
661 784 832 861 βάδην
901 784 1063 847 αὐτὸς
1116 780 1518 857 προεπορεύετο
1574 784 1671 836 τοῦ
1728 783 1981 854 στρατοῦ.

324 873 591 954 ’Υπερϐἁς
624 875 681 932 δὲ
731 876 796 931 τὰ
853 875 1005 930 στενὰ
1062 876 1161 928 τοῦ
1219 871 1437 946 Ταύρου
1501 869 1571 944 τῇ
1629 868 1983 944 Γερμανικιία

329 962 697 1042 προσϐάλλει.
752 964 903 1021 Ἐπεὶ
962 958 1020 1018 δὲ
1074 962 1137 1017 τὸ
1192 958 1582 1031 ἀνθιστάμενον
1641 957 1779 1014 ἅπαν
1865 964 1983 1019 τοῖς

325 1057 536 1133 τείχεσι
568 1053 932 1122 συνεκλείετο,
964 1052 1054 1108 καὶ
1099 1048 1277 1113 οὐδεὶς
1337 1049 1549 1123 ἐτόλμα
1594 1043 1729 1123 πρὸς
1789 1053 1980 1128 χεῖρας

332 1146 531 1213 ἐλθεῖν,
567 1140 635 1201 τὰ
664 1145 769 1218 πρὸ
798 1150 898 1212 τῆς
954 1143 1172 1202 πόλεως
1228 1139 1410 1210 κάλλη
1467 1139 1654 1213 πείρας
1706 1138 1796 1193 καὶ
1849 1134 1979 1211 πυρὶ

333 1232 609 1309 παραδοὺς
642 1235 778 1305 πρὸς
811 1230 1045 1289 Ἀδαπαν
1102 1230 1211 1307 (86)
1264 1230 1590 1305 παρεγένετο
1635 1237 1735 1296 τήν
1789 1227 1977 1284 πόλιν.

333 1325 434 1382 Καὶ
464 1329 572 1380 τῶν
602 1323 803 1393 ταύτης
833 1320 890 1377 δὲ
944 1317 1180 1376 ἐποίκων
1243 1322 1318 1392 μὴ
1367 1316 1703 1391 τολμώντων
1757 1315 1808 1371 ἐν
1858 1321 1979 1379 τοῖς

326 1413 610 1488 ὑπαίθροις
670 1410 1099 1487 διαγωνίζεσθαι,
1189 1407 1316 1464 ἀλλ’
1396 1405 1525 1463 εἷ’σω
1583 1404 1974 1462 συνελαθέντων

322 1507 548 1577 τειχῶν,
580 1500 647 1557 τὰ
684 1498 787 1572 ἔξω
815 1504 920 1569 τῆς
977 1498 1195 1560 πόλεως
1253 1496 1589 1570 ληϊσάμενος
1635 1495 1726 1550 καὶ
1782 1495 1976 1549 ἀποτε-

322 1590 567 1668 ιρρώσας,
610 1588 1049 1662 ἐκπολιορκήσας
1082 1585 1139 1642 δὲ
1167 1587 1257 1641 καὶ
1287 1586 1349 1642 τὸ
1368 1583 1662 1660 πολίχνιον
1685 1585 1713 1638 ὁ
1746 1580 1976 1658 Γέροντα

318 1677 566 1748 ἐκάλονν,
598 1678 688 1734 καὶ
722 1677 1016 1752 διαρπάσαι
1059 1675 1204 1756 ἐφεὶς
1262 1680 1383 1737 τοῖς
1439 1674 1819 1749 στρατιώταις,
1888 1692 1970 1728 τε·

319 1769 569 1825 λευταῖον
600 1766 785 1829 αὐτοῖς
815 1763 1161 1841 προσϐάλλει
1200 1770 1317 1826 τοῖς
1347 1764 1574 1838 τείχεσι,
1621 1761 1711 1818 καὶ
1768 1778 1965 1817 παντο⁵

2096 710 2298 749 muros
2330 712 2391 751 se
2423 696 2817 762 continerent,
2853 712 3147 766 nemoque
3194 714 3435 753 manum
3475 703 3743 760 conferre

2093 782 2361 849 auderet,
2395 785 2698 841 suburbiis
2729 784 2979 856 direptis
3008 791 3187 856 atque
3216 786 3504 856 incensis,
3537 789 3611 844 ad
3641 808 3745 845 ur-

2091 872 2229 929 bem
2260 875 2525 948 Adapam
2577 877 2757 933 venit.
2790 878 3054 948 Cumque
3100 877 3196 932 hic
3244 879 3421 933 etiam
3462 880 3743 951 oppidani

2093 966 2388 1022 moenibus
2435 985 2498 1023 se
2549 973 2882 1036 tuerentur,
2935 984 3067 1040 quas
3116 973 3280 1024 extra
3324 970 3535 1026 urbem
3576 975 3745 1028 erant

2091 1054 2468 1126 depraedatus
2492 1057 2792 1123 incendit;
2818 1057 3168 1129 oppidulum
3190 1058 3283 1113 cui
3304 1074 3525 1117 nomen
3550 1062 3743 1117 Geron

2091 1146 2463 1217 expugnavit,
2526 1146 2939 1217 militibusque
2997 1146 3399 1218 diripiendum
3480 1150 3743 1205 tradidit.

2089 1234 2469 1306 Tandemque
2528 1236 2812 1291 adhibitis
2892 1236 3186 1292 machinis
3253 1252 3456 1294 muros
3523 1239 3742 1311 Adapaa

2089 1336 2400 1395 aggressus
2421 1326 2924 1398 oppugnationem
2946 1326 3211 1397 undique
3228 1343 3426 1383 acrem
3444 1328 3700 1392 instituit
3725 1346 3738 1384 :

2088 1426 2226 1468 nam
2258 1428 2500 1469 suarum
2532 1415 2837 1486 copiarum
2885 1414 3070 1470 robur
3096 1416 3159 1470 in
3209 1433 3370 1488 spem
3414 1435 3550 1474 eum
3581 1419 3739 1475 haud

2089 1503 2359 1573 exiguam
2387 1503 2551 1559 urbis
2601 1504 2903 1576 potiundae
2956 1505 3304 1561 abducebat.
3347 1508 3493 1563 Cum
3536 1514 3737 1565 autem

2086 1591 2288 1647 1015
2324 1591 2550 1647 videret
2596 1593 2868 1649 obsessos
2911 1593 3145 1649 fortiter
3192 1600 3252 1650 et
3303 1595 3596 1667 impavide
3628 1616 3732 1670 Op-

2086 1680 2509 1753 pugnationem
2541 1682 2718 1744 ferre.
2747 1683 2920 1738 factis
2950 1683 3196 1739 indutiis
3225 1701 3325 1740 eos
3354 1692 3737 1756 percontatus

2084 1774 2175 1823 est
2201 1770 2440 1825 cuinam
2472 1772 2557 1825 rei
2589 1772 2862 1841 fidentes,
2886 1773 3091 1844 patria)
3121 1773 3503 1831 imminentes
3536 1776 3734 1847 exitio,

322 1854 493 1921 δαπᾶς
552 1859 853 1936 προσέφερε
914 1857 1183 1933 μηχανὰς.
1237 1856 1329 1951 δεᾳὶ
1384 1854 1597 1951 “ep-75.4
1663 1854 1728 1921 ἦν
1772 1851 1841 1951 ’έν
1898 1855 1963 1951 ’ξῇ

2082 1863 2202 1912 tam
2234 1859 2459 1914 securis
2503 1868 2704 1916 essent
2753 1862 2989 1917 animis.
3024 1863 3351 1933 Respondit
3389 1864 3631 1935 quidam
3662 1866 3734 1921 de

317 1947 638 2023 πολιορκίᾳ,
680 1943 906 2007 ἐλπίδας
933 1943 996 2000 οὺ
1031 1945 1227 2020 μικρὰς
1258 1938 1402 2018 ἔχων
1458 1943 1698 2016 αἱρήσειν
1728 1943 1825 2008 τήν
1864 1941 1963 1995 πό-

2078 1947 2413 2003 senioribus
2463 1955 2654 2005 certos
2684 1967 2747 2006 se
2794 1967 2925 2007 esse
2956 1952 3166 2006 urbem
3216 1968 3338 2008 non
3386 1953 3459 2009 ab
3508 1954 3637 2025 ipso
3671 1955 3733 2010 in

321 2032 530 2092 λινόιᾶ
560 2033 622 2092 τὸ
679 2037 778 2105 τῆς
832 2034 956 2110 περὶ
989 2034 1150 2089 αὐτὸν
1210 2031 1489 2106 δυνάμεως
1546 2031 1730 2106 βάρος.
1778 2029 1964 2103 Εὐρώ.

321 2146 477 2187 στους
510 2123 568 2181 δὲ
594 2124 721 2185 τοὺς
748 2122 897 2179 ἔνδον
926 2123 1097 2197 εὑρὼν
1130 2122 1221 2177 καὶ
1251 2118 1422 2181 ἀδεῶς
1480 2120 1546 2174 τὰ
1593 2118 1967 2193 προσπίπτον-

317 2232 383 2269 τα
430 2212 707 2289 φέροντας,
769 2213 980 2293 ἀνοχὴν
1033 2216 1112 2284 τῷ
1174 2208 1407 2284 πολίμῳ
1460 2206 1586 2269 δοὺς
1642 2207 1966 2293 ἐπυνθάνετο

313 2305 423 2357 τῶν
456 2301 608 2357 ἔνδον
630 2301 711 2380 ἐφ’
741 2303 851 2374 ὃτῳ
875 2291 881 2293 ⁷
906 2300 1248 2368 πεποιθότες,
1313 2305 1413 2368 τῆς
1471 2291 1732 2367 πατρίδος
1790 2296 1965 2349 αὐτῶν

319 2386 426 2459 ἤδη
464 2386 781 2460 μελλούσης
812 2383 1357 2463 παραλαμϐάνεσθαι,
1412 2382 1600 2461 ὀλίγον
1647 2380 1816 2438 αι’)τοῦ
1865 2381 1964 2436 λό-

311 2498 405 2552 γον
432 2478 755 2550 ποιούμενοι
825 2478 1127 2553 φαίνονταιο
1192 2478 1328 2551 πρὸς
1385 2476 1441 2528 δν
1502 2471 1825 2546 ἀπειρίνατό
1883 2488 1966 2531 τις

316 2570 421 2623 τῶν
457 2566 785 2646 γεραιτέρων
816 2565 1199 2646 πληροφορίαν
1233 2565 1523 2639 ἐσχηγὲναι
1554 2563 1672 2620 Οὐκ
1711 2561 1817 2617 ὑπὸ
1866 2564 1963 2615 σοῦ

311 2655 750 2731 πολιορκηθῆναι
780 2656 870 2710 νῦν
900 2657 998 2725 τήν
1028 2653 1215 2724 πόλιν,
1264 2652 1391 2709 ἀλλ’
1443 2653 1524 2729 ὑφ’
1578 2650 1761 2724 ἑτερου
1817 2652 1964 2711 τινὸς

311 2746 667 2821 πεπρωμένον
696 2746 832 2801 εἶναι
888 2744 1089 2815 ταύτην
1156 2743 1432 2820 ληφθῆναι
1475 2742 1612 2797 κατὰ
1661 2739 1819 2814 γένος
1876 2757 1964 2794 σοι

314 2835 694 2909 προσήκοντος
754 2836 1192 2910 (Κωνσταντῖνος
1242 2832 1425 2903 τούτῳ
1482 2831 1546 2887 τὸ
1602 2828 1817 2901 ὄνομα),
1872 2828 1965 2883 καὶ

314 2922 402 2979 διὰ
460 2926 619 2979 τοῦτο
681 2920 755 2997 μή
811 2922 1288 2993 καταπλήττεσθαι
1347 2925 1466 2982 τοῖς
1537 2918 1960 2995 προσπίπτουσι.

312 3011 426 3072 Τοὖ
458 3009 515 3069 δὲ
539 3011 632 3069 τὸν
675 3014 792 3068 υἱὸν
849 3010 1214 3082 ἐπιδείξαντος
1272 3011 1364 3066 καὶ
1427 3008 1498 3071 ὡς
1557 3011 1965 3068 Κωνσταντῖνος

313 3098 566 3159 καλεῖται
625 3102 895 3169 εἰπόντος,
958 3102 1019 3157 ού
1076 3105 1265 3156 τοῦτον
1297 3099 1326 3153 ὁ
1378 3097 1744 3173 ἐξηγούμενος
1787 3091 1966 3171 ἔλεγεν

316 3190 446 3248 εἶναι
478 3190 571 3247 τὸν
606 3193 998 3247 Κωνσταντῖνον
1029 3192 1087 3254 ὅς
1116 3190 1293 3245 αὐτῶν
1354 3186 1547 3263 μέλλει
1588 3188 1815 3256 ποιῆσαι
1860 3181 1962 3254 τὴν

312 3279 475 3337 πόλιν
503 3278 812 3350 ἀνάστατον,
844 3279 1017 3337 ἄλλον
1048 3279 1104 3337 δὲ
1150 3298 1271 3335 τινα
1328 3257 1462 3354 μετὰ
1505 3278 1706 3354 χρόνον
1756 3273 1957 3350 συχνὸν
1999 3257 2041 3324 C

311 3370 536 3427 καὶτῶν
569 3371 856 3449 ἀπογόνων
889 3375 997 3426 τῶν
1026 3374 1158 3427 σῶν.
1218 3370 1334 3447 Ἐφ’
1383 3370 1470 3431 οἷς
1500 3368 1528 3423 ὁ
1563 3362 1819 3444 βασιλεὺς
1868 3366 1959 3439 6p-

309 3458 537 3535 γισθεὶς,
568 3458 659 3516 καὶ
711 3458 896 3538 ἔργοις
945 3458 1211 3533 ἐξελέγξαι
1270 3458 1565 3533 βουληθεὶς
1616 3450 1813 3531 ψεῦδος
1863 3458 1961 3525 τὴν

308 3550 639 3623 πρόρῥησιν,
702 3548 1098 3623 συντονῶτερον
1157 3546 1362 3616 ἥπτετο
1442 3553 1544 3614 τῆς
1608 3544 1956 3617 πολιορκίας.

303 3638 398 3699 Ὦς
433 3637 490 3692 δδ
520 3640 734 3692 πάντων
767 3637 1080 3692 πονούντων
1114 3637 1191 3709 μὴ
1223 3631 1617 3710 προϐαίνουσαν
1671 3635 1816 3707 δώρα
1859 3633 1958 3699 τὴν

316 3722 582 3794 σπουδὴν,
640 3725 920 3800 ἐπεγένετο
977 3722 1035 3779 δὲ
1090 3724 1248 3799 κρὸτς
1318 3724 1626 3796 ἀμήχανον,
1709 3719 1838 3781 τοὺς
1904 3722 1957 3775 ἐν

312 3814 561 3894 ὒπαίθρῳ
595 3814 843 3899 σφοδρῶς
894 3815 1320 3889 λυμαινόμενον,
1371 3812 1528 3869 ἔλυσε
1570 3815 1670 3884 τὴν
1724 3816 1957 3886 πολιορ-

310 3906 432 3963 κίαν
486 3910 570 3982 ξΡ.
614 3904 741 3981 575]
782 3908 867 3962 Ἐν
916 3903 971 3960 δὲ
1010 3910 1089 3976 τῷ
1138 3903 1486 3982 ὑποστρέφειν
1530 3904 1593 3958 τὸ
1647 3900 1792 3957 πολὺ
1849 3908 1957 3959 τῶν

320 3994 700 4071 αἰχμαλώτων
734 3994 823 4050 διὰ
850 3993 911 4050 τὸ
947 3992 1117 4069 βάρος
1166 3993 1304 4073 ξίφει
1350 3992 1608 4054 κελεύσας
1655 3988 1957 4070 ἀποφορτί-

315 4088 518 4156 ζεσθαι,
548 4088 649 4155 τῆς
679 4084 814 4161 πρὸς
844 4082 943 4152 τὴν
980 4081 1371 4158 βασιλεύουσαν
1400 4079 1603 4157 εἴχετο,
1637 4079 1782 4136 πολὺ
1836 4077 1954 4142 δέος

306 4178 424 4236 τοῖς
456 4170 517 4229 ἐκ
544 4177 644 4243 τῆς
699 4172 866 4249 Ἀγαρ
914 4170 1250 4227 καταλιπών.
1302 4168 1690 4246 Προσδαικήσας
1741 4168 1799 4225 at
1844 4168 1957 4224 ἐπι-

310 4264 565 4334 θήσεσθαι
592 4263 780 4325 αύτοῐς
805 4258 943 4317 κατὰ
987 4260 1055 4316 τὰ
1093 4261 1267 4329 ςτενὰ,
1309 4258 1516 4339 λόχους
1563 4257 1618 4313 ἐν
1673 4264 1797 4321 τοῖς
1833 4258 1954 4314 ἐπι-

305 4352 520 4427 καίροις
556 4346 708 4430 ἀφεὶς
764 4347 1014 4411 πολλοὺς
1068 4353 1174 4404 τῶν
1229 4344 1599 4428 ἐλλοχώντων
1653 4348 1952 4423 ἐζώγρησε.

308 4442 446 4511 Πρὸς
504 4442 639 4517 ἅπερ
699 4436 1115 4514 Ἀϐδυλομέλερ
1175 4439 1203 4494 ὁ
1258 4441 1356 4494 τοῦ
1439 4437 1610 4493 τόπου
1660 4436 1954 4512 κατάρχων

302 4526 634 4602 ἀπειρηκὼς,
696 4524 949 4607 πρέσόεις
1004 4524 1287 4602 ὶκπὲμψας
1352 4524 1533 4587 ἀδείας
1590 4528 1676 4581 καί
1734 4526 1954 4600 εἰρήνης

2070 2038 2409 2106 prmsentia,
2443 2038 2548 2093 sed
2596 2039 2668 2094 ab
2718 2039 2835 2095 alio
2886 2041 3146 2111 quodam
3194 2058 3381 2113 genus
3412 2042 3486 2098 ad
3532 2043 3729 2115 ipsum

2072 2125 2387 2189 referente,
2420 2127 2664 2181 nomine
2712 2129 3125 2196 Constantino,
3177 2136 3578 2202 expugnatum
3612 2133 3724 2187 iri:

2069 2216 2270 2286 itaque
2292 2230 2354 2271 se
2377 2229 2496 2271 non
2521 2217 2729 2272 terreri
2747 2219 2857 2273 hac
2874 2220 3605 2292 oppugnatione.Cumque
3629 2223 3728 2277 Ba-

2069 2304 2238 2359 silius
2270 2304 2458 2359 ﬂlium
2488 2304 2563 2359 iis
2597 2323 2769 2361 suum
2822 2307 3310 2374 demonstrasset,
3344 2316 3519 2380 atque
3561 2310 3721 2366 hunc

2069 2388 2523 2446 Constantinum
2554 2394 2747 2447 vocari
2772 2393 3038 2459 dixisset,
3060 2413 3181 2450 non
3206 2398 3362 2455 hunc
3390 2413 3518 2452 esse
3546 2398 3719 2453 illum

2069 2480 2522 2535 Constantinum
2553 2479 2880 2536 collocutor
2908 2483 3020 2537 iste
3062 2484 3391 2553 respondit,
3418 2485 3583 2540 urbis
3606 2486 3721 2540 hu-

2064 2566 2163 2638 jus
2185 2570 2653 2635 eversorem,sed
2675 2569 2858 2624 alium
2881 2571 3202 2640 quemdam
3223 2571 3347 2626 fore
3368 2572 3555 2628 multo
3588 2580 3722 2645 post

2068 2661 2358 2728 tempore,
2395 2672 2466 2711 ex
2497 2658 2841 2729 posteritate
2893 2659 3111 2714 Basilii.
3150 2662 3240 2716 lra
3281 2666 3613 2717 commotus
3645 2663 3719 2719 ob

2071 2745 2201 2801 haac
2232 2746 2578 2817 imperator,
2609 2746 2943 2819 falsumque
2976 2764 3103 2804 esse
3135 2750 3247 2805 hoc
3280 2750 3626 2807 vaticinium
3658 2767 3722 2808 re

2072 2836 2202 2906 ipsa
2232 2836 2550 2891 ostendere
2582 2837 2849 2907 cupiens,
2881 2838 3095 2909 majori
3117 2856 3294 2911 quam
3327 2845 3503 2896 antea
3533 2842 3583 2895 vi
3615 2857 3723 2914 0p-

2067 2928 2413 2998 pugnationi
2448 2928 2760 2984 incubuit:
2810 2929 2914 2984 sed
2945 2945 3102 2999 cum,
3149 2931 3604 3005 defatigantibus
3658 2949 3721 2990 se

2069 3016 2367 3077 omnibus.
2400 3017 2551 3073 nihil
2573 3016 2726 3073 effici
2759 3018 3003 3087 videret,
3026 3020 3323 3091 simulque
3349 3023 3483 3094 gelu
3513 3024 3719 3095 ingens

2068 3106 2343 3161 obortum
2377 3107 2484 3162 sub
2518 3107 2615 3162 dio
2666 3116 2970 3165 versantes
3000 3108 3309 3181 afﬂigeret,
3343 3111 3718 3169 obsidionem

2070 3197 2240 3252 solvit
2288 3196 2651 3269 domumque
2696 3214 2903 3256 versus
2931 3214 3071 3256 suos
3115 3201 3379 3257 abduxit.
3410 3202 3574 3258 Inter
3619 3220 3721 3259 re-

2071 3286 2417 3341 vertendum
2451 3287 2898 3344 multitudinem
2941 3290 3331 3360 captivorum,
3364 3289 3522 3362 quod
3552 3292 3719 3347 oneri

2072 3377 2380 3443 erat,ferro
2405 3378 2745 3433 obtruncari
2762 3378 2963 3450 jussit.
2987 3380 3409 3451 Itaque.levato
3432 3382 3717 3446 exercitu,

2070 3465 2184 3520 iter
2212 3466 2285 3521 ad
2315 3467 2523 3522 urbem
2575 3467 2913 3523 institutum
2956 3456 3461 3540 prosecutus'est.
3504 3486 3720 3543 magno

2068 3555 2355 3625 Agarenis
2383 3558 2608 3611 terrore
2652 3557 2911 3613 incusso.
2947 3558 3102 3622 Quos
3149 3571 3285 3614 cum
3325 3559 3576 3615 insidias
3607 3559 3720 3615 sibi

2070 3642 2130 3696 in
2163 3645 2812 3714 angustiis'structuros
2844 3647 3257 3717 praesagiisset,
3282 3650 3407 3702 suis
3432 3648 3721 3704 militibus

2072 3729 2145 3785 ad
2177 3738 2512 3801 opportuna
2561 3731 2689 3786 loca
2731 3732 3016 3799 dimissis,
3049 3733 3466 3790 insidiatorum
3500 3736 3721 3791 multos

2070 3819 2225 3873 vivos
2282 3820 2456 3890 cepit.
2491 3819 2714 3883 Quibus
2771 3819 2949 3875 rebus
3001 3819 3460 3890 Abdelomeleri,
3495 3820 3597 3893 qui
3644 3823 3719 3879 iis

2066 3906 2215 3963 locis
2268 3910 2539 3980 prmerat,
2574 3908 2809 3963 animus
2856 3908 2940 3963 ita
2986 3914 3079 3963 est
3131 3909 3352 3965 fractus
3399 3915 3467 3965 ut
3517 3910 3719 3967 missis

2066 3996 2274 4070 legatis
2326 3997 2558 4052 veniam
2606 4008 2931 4068 pacemque
2978 3998 3274 4069 petiverit.
3327 3999 3716 4071 Assensitque

2064 4088 2472 4158 imperator,et
2485 4087 2643 4141 hunc
2654 4086 2869 4142 deinde
2881 4091 3271 4159 spontaneum
3287 4090 3326 4143 1
3338 4090 3433 4143 0|
3445 4091 3494 4144 θ
3508 4095 3716 4146 contra

2066 4176 2194 4247 ejus
2218 4174 2467 4248 gentiles
2482 4176 2709 4231 socium
2722 4175 3099 4232 habuit.lnde
3113 4192 3220 4248 per
3234 4179 3509 4250 Argasum
3529 4176 3716 4249 profe-

2065 4270 2194 4320 ctus
2250 4265 2322 4320 ad
2370 4265 2699 4320 Caesaream
2755 4266 2931 4335 venit,
2979 4265 3180 4337 ibique
3239 4272 3298 4321 et
3343 4280 3415 4322 ex
3468 4267 3714 4323 Colonia

2065 4359 2124 4410 et
2136 4368 2205 4410 ex
2217 4354 2639 4425 MesOpotamia
2651 4354 2892 4409 nuntios
2902 4355 2990 4409 rei
3008 4354 3263 4410 feliciter
3274 4361 3451 4428 gestae
3462 4358 3712 4428 accepit,

2064 4443 2257 4499 allatis
2281 4438 2458 4498 simul
2491 4442 2695 4514 spoliis
2726 4458 2793 4498 ac
2823 4443 3028 4499 multis
3058 4443 3302 4515 captivis
3323 4444 3513 4501 Curtis
3538 4449 3715 4518 atque

2068 4532 2395 4600 Saracenis,
2428 4545 2577 4600 quos
2626 4542 2836 4587 omnes
2864 4530 3058 4598 gladio
3105 4530 3295 4588 occidi
3318 4534 3535 4606 jussit:
3571 4550 3712 4591 nam

301 4610 473 4670 ἐδεῖτο
527 4623 737 4694 τυχεῖν*
794 4616 856 4675 ού
915 4619 1015 4687 τήν
1075 4615 1260 4689 δέησιν
1321 4613 1609 4690 δεξάμενος
1640 4610 1668 4670 ὁ
1702 4614 1957 4691 βασιλεὺς

2072 4620 2357 4677 exercitus
2396 4620 2525 4692 jam
2573 4625 2710 4674 ante
2759 4621 2962 4692 spoliis
2993 4627 3241 4678 onustus
3281 4626 3411 4678 erat
3459 4624 3712 4694 Syriacis

304 4700 602 4780 σύμμαχον
632 4702 794 4761 αὐτὸν
828 4709 890 4763 τὸ
921 4707 1028 4763 ἀπὸ
1058 4706 1219 4763 τοῦδε
1253 4703 1383 4781 ἔσχε
1411 4700 1549 4761 κατὰ
1593 4710 1703 4759 τῶν
1748 4704 1957 4783 ὁμοφύ-

306 4791 417 4850 λων
460 4786 770 4865 ἐθελοντήν.
804 4794 1039 4851 Ἐκεῖθεν
1078 4797 1169 4852 τὸν
1219 4798 1473 4872 Ἀργαῖον
1523 4790 1772 4868 διελθὼν,
1820 4796 1958 4872 πρὸς

303 4882 622 4957 Καισάρειαν
700 4879 988 4959 γενόμενος
1062 4881 1122 4937 ἔκ
1172 4904 1229 4938 τε
1284 4882 1588 4945 ΚοΑωνείας
1633 4884 1724 4940 καί
1781 4887 1953 4940 Μεσο-

301 4975 577 5048 ποταμίας
620 4968 920 5035 ἐπινικίους
982 4972 1236 5049 ἀγγελίας
1290 4972 1525 5048 ἐδέξατο,
1582 4976 1953 5048 κομισθέντων

299 5062 451 5135 αύτῷ
480 5061 740 5140 λαφύρων
769 5061 860 5118 καὶ
890 5058 1267 5137 αἰχμαλώτων
1309 5062 1538 5119 πολλῶν
1554 5067 1813 5137 Κουρτῶν
1842 5069 1955 5139 (87)

2064 4716 2241 4782 atque
2259 4707 2662 4781 Tephricanis,
2677 4714 2737 4765 et
2752 4704 2989 4768 nolebat
3004 4712 3327 4785 imperator
3347 4711 3714 4783 captivorum

2064 4798 2335 4856 inutilem
2368 4813 2569 4855 secum
2601 4801 2835 4856 trahere
2865 4807 3183 4857 catervam.
3219 4803 3289 4857 Ut
3316 4800 3391 4857 ad
3422 4798 3711 4854 Medasum

2064 4889 2351 4962 pervenit,
2384 4889 2631 4959 praemia
2658 4890 2732 4944 iis
2762 4904 3015 4961 quorum
3031 4889 3215 4943 virtus
3246 4890 3307 4943 in
3334 4887 3487 4943 bello
3516 4887 3713 4945 fuerat

2066 4978 2283 5035 eximia
2328 4977 2563 5043 divisit;
2598 4978 3003 5047 militibusque
3051 4978 3378 5031 hiematum
3425 4974 3709 5045 dimissis,

2066 5070 2191 5141 ipse
2247 5066 2521 5138 expedito
2596 5078 2733 5120 cum
2807 5064 3090 5120 comitatu
3152 5064 3709 5137 Constantinopolin

1507 5158 1875 5221 XYLANDRI
1914 5164 2001 5222 ET
2028 5163 2243 5223 (ἓοΑΒί
2283 5162 2502 5219 NOTAE.

370 5262 485 5333 (86)
518 5260 689 5333 Apud
722 5258 1006 5333 Zonaram
1037 5263 1127 5315 est
1150 5260 1355 5333 Adam.
1382 5260 1493 5316 Sed
1523 5274 1728 5317 rursus
1748 5262 1955 5318 Noster

295 5330 750 5400 Adapam‘vocat
779 5330 840 5387 in
872 5330 1258 5388 Constantino
1293 5334 1504 5388 Leonis
1547 5335 1633 5401 F.,
1678 5333 1779 5389 ubi
1823 5348 1954 5391 eam

296 5409 698 5477 expugnatam
727 5404 982 5477 aABarda
1010 5403 1207 5477 Phpca
1234 5404 1438 5460 refert.
1470 5405 1651 5477 Paulo
1680 5412 1817 5460 ante
1848 5423 1955 5477 pro

296 5468 645 5547 Ἀναϐᾀρζης
681 5475 794 5547 legi
845 5468 1204 5547 Ἀναζάρϐης,
1262 5491 1393 5545 qua;
1447 5480 1535 5547 est
1593 5468 1956 5547 Dioscuridis

292 5542 763 5628 medici'.patria;
791 5547 933 5629 urbs
964 5542 1378 5629 Cilicim’no—ta,‘
1408 5545 1585 5629 etiam
1626 5544 1772 5603 alias
1802 5542 1958 5603 facta

294 5617 485 5686 ipsius
520 5617 582 5670 in
616 5632 680 5672 re
712 5617 895 5672 simili
927 5617 1231 5673 mentione
1262 5622 1478 5672 motus.
1514 5617 1650 5674 XvL.

365 5686 481 5759 (87)
515 5684 690 5745 Forte
723 5687 994 5746 Cretibus
1020 5705 1034 5745 :
1064 5704 1203 5745 nam
1233 5688 1459 5745 Cretam
1480 5700 1716 5759 quoque
1745 5691 1961 5760 Agere.

2064 5277 2173 5319 nos
2206 5269 2329 5333 tum
2362 5256 2624 5333 tenuisse
2671 5258 2880 5331 liquet.
2912 5258 3035 5317 Nisi
3084 5262 3133 5316 si
3194 5258 3337 5333 quid
3368 5267 3457 5318 est
3498 5259 3661 5318 aliud
3692 5273 3708 5319 :

2062 5348 2202 5390 nam
2230 5330 2423 5399 Turci,
2452 5331 2612 5406 quod
2644 5330 3063 5406 adelementa,
3091 5330 3278 5406 magis
3310 5334 3715 5406 hucgquadra-

2063 5412 2217 5465 rent.
2251 5419 2429 5484 quam
2461 5403 2618 5484 quod
2668 5403 2768 5484 ειεξ-
2790 5419 2939 5461 rem.
2962 5405 3119 5484 ngn.
3143 5403 3213 5446 -ἑ
3241 5403 3510 5484 Κουρτῷν.
3558 5408 3718 5484 Curti

2064 5491 2266 5562 versus
2292 5473 2598 5562 Coloniam
2612 5478 2691 5562 ret
2717 5476 3197 5562 Mesopotamiam
3243 5473 3469 5562 populi,
3501 5478 3717 5562 exinde

2066 5552 2236 5620 parta
2255 5542 2500 5599 victoria
2524 5542 2585 5600 in
2609 5542 3038 5673 Cappadociam
3063 5542 3513 5623 abduc—tiflonge
3539 5549 3715 5622 positi

2067 5636 2110 5693 a_
2130 5615 2539 5693 Cretensibus,
2555 5630 2703 5693 quos
2770 5616 2933 5693 icob‘
2950 5618 3161 5693 exilem
3186 5627 3244 5677 et
3266 5618 3538 5693 jejunam
3564 5620 3716 5678 allu-

2067 5636 2101 5675 a
2130 5635 2531 5677 Cretensmus.
2555 5635 2703 5688 quos
2726 5635 2822 5673 mc
2844 5635 2917 5674 on
2950 5635 3161 5675 exuem
3186 5635 3244 5677 et
3266 5635 3348 5693 λθ]

2066 5690 2296 5744 sionem
2325 5688 2799 5746 comminiscitur
2829 5687 3144 5763 Xylander.
3179 5692 3351 5750 (ξολλ.

3776 6146 4075 6200 Δ
