4130 6218
389 347 546 410 1103
1740 338 2066 402 GEORGII
2113 337 2456 398 CEDBENI
3642 349 3806 408 “04

379 490 583 556 rediit,
632 487 831 556 ibique
883 484 953 537 de
1003 497 1168 536 more
1216 478 1475 534 victoria)
1523 495 1802 534 coronam
1853 494 1888 533 a
1919 492 2025 549 pa-

2149 494 2196 528 τε
2223 473 2314 528 καὶ
2362 477 2717 549 Σαρακηνῶν,
2775 473 2868 535 οὕς
2929 475 3166 538 ἅπαντας
3195 481 3273 548 τῷ
3301 477 3437 558 ξίφει
3488 479 3809 538 ὀιπεσκευά-

389 579 651 634 triarcha
680 572 926 644 accepit,
955 576 1014 626 et
1062 569 1318 642 populus
1375 570 1428 624 ei
1463 567 1776 624 cantilenis
1833 574 2032 640 gratu-

2149 582 2293 618 σατο·
2354 563 2422 632 ἦν
2476 564 2580 639 γάρ
2648 563 3283 638 προκαταπεπλησμένον
3364 569 3426 624 τὸ
3488 572 3808 646 στράτευμα

381 669 538 724 latus
569 671 682 722 est.
2143 652 2401 732 λαφύρων
2430 652 2538 708 ἀπό
2568 673 2625 708 τε
2657 655 2856 726 Συρίας
2887 654 2978 709 καὶ
3011 657 3305 732 Τεφρικὴς,
3347 657 3437 712 καὶ
3489 657 3592 714 οὺχ
3642 656 3806 715 ἐϐο-ς.

385 754 512 811 λετο
542 751 630 808 καὶ
659 751 886 812 τούτους
917 744 1062 824 ἔχειν
1117 745 1464 823 δύσχρηστον
1532 744 2022 821 παρακολούθημα.
2078 744 2164 799 Ἐν
2222 741 2458 814 Μηδαίῳ
2515 739 2572 796 δὲ
2611 743 2924 815 γενόμενος,
2982 745 3072 799 καὶ
3119 746 3282 819 τιμὰς
3340 737 3646 820 διανείμας¹
3681 756 3806 812 τοῖς

383 843 675 917 ἀριστεῦσι,
706 839 798 895 καὶ
851 839 987 910 πρὸς
1053 835 1494 914 παραχειμασίαν
1559 835 1861 909 ἐκπέμψας,
1922 831 2080 894 αὐτὸς
2141 831 2376 900 εὔζωνος
2429 832 2564 906 πρὸς
2623 833 2724 901 τὴν
2787 831 3177 905 βασιλεύουσαν
3238 830 3453 914 ἔφθασε,
3511 837 3604 892 καὶ
3663 841 3812 894 κατὰ

379 930 443 984 τὸ
475 929 668 992 εἰωθὸς
700 925 790 982 διὰ
817 931 914 981 τοῦ
942 927 1286 1000 πατριάρχου
1317 925 1408 980 τὸν
1437 931 1536 994 τῆς
1565 925 1721 995 νίκης
1769 921 1984 991 ἐδέξατο
2037 917 2290 999 στέφανον
2339 920 2448 1000 καὶ,
2478 921 2622 995 παρά
2668 926 2768 976 τοῦ
2829 921 3074 992 πλήθους
3121 925 3216 986 τὰς
3275 925 3570 987 ἐπινικίους
3633 924 3808 1000 ᾠδάς,

450 1011 738 1083 Tephrica
783 1010 894 1065 hoc
942 1008 1116 1064 modo
1167 1007 1409 1076 abolita,
1455 1006 1837 1062 Tarsensium
1881 1006 2034 1058 vires

377 1104 592 1158 ﬂorere
622 1118 690 1157 ac
719 1099 1081 1155 invalescere
1106 1101 1435 1169 coeperunt,
1463 1111 1822 1166 rursumque
1845 1094 1918 1149 ab
1943 1093 2034 1148 his

375 1195 780 1248 Romanorum
837 1189 987 1243 ﬁnes
1034 1187 1289 1260 graviter
1336 1185 1628 1242 infestari.
1660 1185 1879 1240 Contra
1927 1184 2034 1236 hos

385 1282 653 1337 Andreas
687 1280 900 1350 Scytha
939 1292 1350 1349 saepenumero
1397 1291 1524 1330 rem
1556 1274 1789 1329 fortiter
1835 1271 2039 1344 gessit,

388 1371 733 1440 multosque
766 1384 972 1422 eorum
1005 1367 1105 1437 qui
1147 1365 1476 1437 praedatum
1525 1363 1918 1418 excurrebant
1948 1361 2042 1414 in-

388 1460 625 1516 terfecit
654 1465 754 1514 aut
784 1458 940 1530 cepit
966 1473 980 1524 ;
1014 1457 1212 1527 itaque
1263 1472 1398 1510 eum
1442 1455 1766 1526 imperator
1794 1451 2042 1524 patricia

387 1551 674 1622 dignitate
701 1549 1156 1604 cohonestatum
1179 1545 1396 1601 scholis
1420 1544 1906 1616 praefecitAtque
1929 1543 2042 1595 An-

2221 999 2364 1071 ’Ήδη
2431 997 2489 1056 δὲ
2543 1009 2642 1071 τῆς
2699 1005 2975 1076 Τεφρικῆς
3055 1003 3536 1079 ἀπομαρανθείσης
3601 997 3660 1076 ἡ⁷
3697 1011 3811 1062 τῶν

2149 1091 2425 1158 Ταρσιτῶν
2459 1089 2621 1168 ἱσχὺς
2654 1088 2874 1154 θάλλειν
2907 1091 2994 1146 καὶ
3051 1090 3367 1162 αὖξάνεσθάι
3425 1094 3657 1169 ἤρχετο,
3716 1095 3809 1149 καὶ

2149 1177 2314 1234 πάλιν
2343 1179 2448 1234 ἀπὸ
2475 1180 2683 1234 τούτων
2712 1181 2768 1234 αἱ
2799 1185 2908 1235 τῶν
2949 1181 3276 1253 Ῥωμαϊκῶν
3336 1183 3502 1257 ὁρίων
3549 1183 3808 1258 ἐσχατιαῖ

2152 1263 2337 1329 δεινῶς
2373 1265 2674 1336 ἐπιέζοντο.
2733 1271 2857 1323 Καθ’
2897 1269 2969 1323 ὧν
3018 1267 3272 1345 Ἀνδρέας
3316 1269 3520 1335 ἐκεῖνος
3551 1272 3576 1324 6
3611 1291 3813 1346 στρατ-

2151 1355 2363 1427 ηλάτης
2395 1358 2422 1411 6
2457 1356 2516 1412 ἐκ
2547 1362 2766 1422 Σκυθῶν
2815 1356 3088 1422 πολλάκις
3148 1357 3465 1433 ἠνδρίσατο,
3519 1359 3613 1414 καὶ
3662 1357 3808 1414 πολ-

2153 1445 2284 1508 λοὺς
2342 1453 2449 1501 τῶν
2511 1447 2590 1508 εἷς
2647 1448 2931 1522 προνομήν
2999 1447 3368 1524 ἐκτρεχόντων
3441 1448 3631 1524 ἀνῄρει
3714 1449 3810 1503 καὶ

2152 1535 2546 1611 αἰχμαλώτους
2578 1533 2900 1611 ἐλάμϐανεν·
2952 1541 3010 1592 δν
3043 1539 3071 1592 6
3104 1537 3363 1614 βασιλεὺς
3410 1539 3808 1613 πατρικιότητί

386 1639 560 1695 dreas
591 1642 800 1694 nactus
831 1637 1122 1708 majorem
1145 1636 1273 1706 jam
1294 1639 1670 1706 potestatem,
1693 1631 2038 1700 viribusque

2150 1647 2209 1681 τε
2238 1624 2465 1699 ἐτίμησε
2493 1626 2582 1681 καὶ
2615 1626 2691 1690 εἷς
2718 1628 2820 1695 τήν
2850 1627 3028 1703 ἀρχὴν
3091 1633 3198 1683 τῶν
3257 1627 3480 1703 σχολῶν
3531 1624 3812 1705 προϐιϐά-

387 1733 620 1797 auctus,
645 1726 796 1801 justi
827 1725 1052 1798 prmliis
1097 1724 1416 1795 aliquoties
1466 1739 1601 1778 cum
1654 1719 1944 1776 Melitenis
1975 1734 2042 1773 ac

390 1817 781 1874 Tarsensibus
823 1831 1178 1888 congressus
1225 1814 1530 1870 victoriam
1579 1811 1919 1884 reportavit.
1954 1809 2050 1863 Mi-

393 1908 472 1962 sit
499 1905 822 1978 aliquando
853 1905 1014 1960 Tarsi
1051 1920 1284 1960 ameras
1315 1903 1600 1974 superbas
1631 1901 1707 1956 ad
1749 1899 2048 1955 Andream

396 1994 651 2062 litteras,
701 1994 908 2065 plenas
953 1992 1452 2049 contumeliarum
1501 1991 1840 2062 impiarum.
1891 1991 2052 2044 Inter

395 2083 514 2138 alia
544 2083 894 2154 scripserat:
918 2082 1200 2152 Experiar
1229 2097 1304 2135 an
1335 2080 1442 2134 tibi
1465 2079 1542 2134 sit
1570 2078 2050 2134 commodaturus

396 2171 590 2226 Marias
621 2171 805 2224 Filius
837 2169 1084 2240 ejusque
1135 2171 1335 2234 Mater,
1367 2167 1470 2222 ubi
1517 2183 1682 2222 meas
1713 2167 1912 2238 copias
1943 2165 2050 2220 ad—

394 2277 599 2316 versus
633 2265 688 2316 te
724 2261 922 2315 10I7
951 2260 1231 2314 eduxere.
1265 2262 1408 2314 Eam
1439 2258 1754 2330 epistolam
1786 2257 2051 2312 Andreas

395 2347 640 2418 imagini
673 2347 936 2418 Deiparaa
963 2345 1294 2417 suspendit,
1319 2346 1402 2401 ita
1429 2345 1608 2402 fatus.
1642 2345 1815 2400 Verbi
1848 2361 1916 2400 ac
1947 2343 2050 2399 Dei

393 2436 680 2504 Genitrix,
713 2441 896 2506 tuque
925 2437 1080 2490 Deus
1111 2437 1240 2506 ejus
1271 2434 1402 2502 Fili,
1436 2434 1564 2490 vide
1595 2440 1660 2489 ut
1689 2434 2051 2489 conviciatus

394 2531 487 2581 est
515 2531 574 2582 et
603 2541 782 2596 quam
813 2523 1142 2580 insolenter
1185 2523 1495 2580 infremuit
1521 2523 1922 2595 jactabundus
1954 2522 2050 2576 ille

393 2615 684 2670 barbarus
714 2620 920 2670 contra
947 2619 1003 2668 te
1035 2618 1095 2668 et
1140 2613 1506 2684 peculiarem
1539 2618 1704 2668 tuum
1739 2611 2048 2684 pepulum.

396 2704 606 2760 Statim
635 2702 851 2758 deinde
884 2702 1208 2757 exercitum
1255 2719 1428 2756 suum
1461 2701 1534 2756 ad
1583 2703 1827 2756 Tarsum
1859 2701 2046 2756 duxit.

393 2795 659 2862 Cumque
693 2791 768 2846 ad
797 2791 994 2846 locum
1026 2791 1122 2846 cui
1151 2790 1430 2846 Podando
1462 2805 1682 2844 nomen
1735 2795 1825 2845 est
1852 2789 2049 2846 venis-

393 2886 502 2947 set,
534 2880 597 2933 in
629 2879 903 2934 adversos
927 2881 1128 2935 hostes
1160 2878 1390 2946 incidit,
1415 2894 1728 2950 pugnaque
1753 2883 2047 2946 conserta,

391 2969 694 3038 ingentem
727 2983 933 3022 eorum
993 2973 1246 3039 stragem
1309 2967 1514 3034 edidit,
1547 2967 1609 3022 in
1658 2966 1866 3037 primis
1917 2966 2044 3038 ipso

390 3058 571 3114 etiam
606 3074 808 3120 amera
860 3056 1192 3124 interfecto,
1247 3056 1570 3128 paucisque
1617 3056 1754 3128 fuga
1797 3061 2044 3111 Tarsum

391 3147 630 3219 elapsis.
663 3147 748 3202 Ibi
779 3151 906 3202 tum
939 3162 1075 3201 suos
1106 3145 1390 3206 humavit.
1423 3149 1482 3200 et
1522 3144 1905 3200 cadaveribus
1935 3145 2043 3198 ho-

392 3237 572 3293 stium
606 3237 667 3290 in
699 3252 887 3291 unum
917 3235 1212 3306 congestis
1244 3250 1517 3289 acervum
1539 3250 1820 3302 magnum
1855 3238 2046 3287 tumu-

383 3324 512 3380 lum
529 3341 598 3380 ac
620 3331 961 3379 columnam
985 3323 1258 3377 excitavit
1280 3322 1355 3377 ad
1377 3321 1632 3376 victoriae
1659 3321 2004 3376 memoriam
2026 3338 2040 3387 ;

384 3419 564 3482 atque
623 3411 698 3466 ad
755 3429 864 3466 sua
919 3427 1190 3466 reversus
1243 3410 1443 3464 multis
1502 3426 1638 3464 cum
1696 3410 1944 3480 captivis
1987 3414 2045 3464 et

384 3501 585 3571 ampla
612 3499 835 3570 praeda,
863 3499 1284 3569 imperatorem
1317 3514 1423 3568 per
1442 3497 1671 3553 litteras
1697 3497 1768 3552 de
1798 3515 1861 3552 re
1880 3503 2046 3570 gesta

385 3588 704 3645 certiorem
735 3587 1013 3642 reddidit.
1049 3586 1153 3642 Hic
1193 3603 1365 3641 suum
1414 3587 1604 3642 tenuit
1634 3604 1862 3643 morem
1893 3587 2047 3643 invi—

391 3676 526 3742 dia;
561 3675 904 3746 inventique
956 3674 1201 3746 maligni
1253 3674 1549 3744 homines,
1591 3675 1690 3746 qui
1743 3675 2042 3730 Andream

386 3765 544 3837 apud
579 3763 862 3820 Basilium
908 3763 1390 3831 criminarentur,
1423 3763 1597 3819 facile
1631 3763 1682 3818 ei
1735 3764 1918 3819 fuisse
1951 3763 2043 3818 di-

381 3860 584 3911 centes
615 3855 798 3908 Tarso
849 3853 1050 3924 potiri,
1081 3851 1198 3906 nisi
1247 3853 1320 3906 ob
1362 3851 1653 3924 ignaviam
1708 3851 2041 3908 cunctando

397 3944 770 4000 occasionem
801 3941 1178 4014 perdidisset.
1209 3943 1392 4011 Atque
1443 3942 1534 3996 his
1565 3941 1881 3997 calumniis
1911 3958 2041 3996 cre-

394 4033 501 4088 bro
534 4031 847 4088 inculcatis
877 4046 1226 4102 persuasum
1259 4035 1348 4084 est
1375 4030 1716 4101 imperatori
1751 4036 1816 4085 nt
1849 4031 2042 4102 impe-

391 4124 550 4178 rium
595 4121 910 4193 abrogaret
956 4118 1226 4174 Andreae.
1278 4121 1346 4173 In
1395 4119 1524 4190 ejus
1569 4118 1764 4174 locum
1809 4120 2043 4174 suffecit

391 4211 776 4283 Stypeiotam,
807 4209 1006 4264 statim
1055 4224 1115 4264 se
1145 4210 1388 4262 Tarsum
1437 4214 1863 4278 occupaturum
1893 4209 2041 4264 alia-

389 4316 504 4370 que
534 4299 723 4353 multa
752 4299 1028 4354 ferociter
1069 4299 1423 4369 jactantem.
1457 4298 1510 4351 Is
1561 4313 1696 4370 ergo
1740 4298 2040 4370 Stypeiota

2159 1720 2254 1784 ζει.
2291 1712 2427 1772 Τότε
2458 1713 2525 1784 δή
2561 1713 2777 1790 μᾶλλον
2807 1717 2836 1771 6
2869 1715 3124 1792 Ἀνδρέας
3183 1718 3288 1772 ἀπὸ
3351 1717 3599 1791 μείζονος
3652 1717 3811 1788 ἐξου-

2155 1804 2271 1866 σίας
2332 1826 2392 1860 τε
2447 1805 2535 1860 καὶ
2596 1802 2880 1879 δυνάμεως
2939 1805 3199 1879 ἐμφανέσι
3259 1808 3465 1882 μάχαις
3531 1805 3812 1869 πολλάκις

2154 1892 2290 1967 πρός
2322 1915 2380 1950 τε
2406 1892 2535 1956 τοὺς
2563 1894 2667 1950 ἀπὸ
2729 1893 3045 1966 Μελιτηνῆς
3103 1896 3190 1950 καὶ
3245 1894 3372 1957 τοὺς
3429 1897 3534 1950 ἀπὸ
3587 1898 3806 1968 Ταρσοῦ

2155 1984 2490 2058 παρετάξατα
2514 1983 2604 2039 καὶ
2636 1984 2904 2054 νενίκηκε.
2957 1984 3060 2042 Καί
3116 2005 3251 2041 ποτε
3315 1986 3453 2057 μετὰ
3517 1987 3808 2063 φρυάγμα-

2154 2091 2249 2133 τος
2286 2073 2582 2147 γράμματα
2611 2071 2925 2146 πέμψαντος
2956 2078 3036 2145 τῷ
3075 2071 3296 2147 Ἀνδρέᾳ
3347 2078 3444 2128 τοῦ
3493 2073 3809 2147 ἀμηρεύονο

2154 2180 2246 2222 τος
2276 2167 2375 2230 τῆς
2405 2166 2638 2238 Ταρσοῦ,
2671 2159 3027 2242 βλασφημίας
3059 2161 3322 2233 ἀνάπλεα,
3375 2160 3673 2234 δηλοῦντα,
3729 2164 3806 2223 ὡς

2154 2245 2285 2306 Ἴδω
2316 2249 2368 2305 εἶ’
2392 2272 2450 2306 σε
2478 2253 2506 2305 ὁ
2535 2258 2635 2321 τῆς
2669 2251 2874 2326 Μαρίας
2909 2251 3185 2331 ὠφελήσει
3243 2252 3367 2313 Υἱὸς
3415 2251 3506 2306 καὶ
3542 2254 3578 2320 ἡ
3611 2255 3807 2307 τοῦτον

2155 2344 2402 2411 τεκοῦσα,
2437 2341 2559 2396 ὅταν
2594 2339 2794 2410 ἐξέλθω
2851 2343 2986 2397 κατὰ
3044 2347 3140 2397 σοῦ
3191 2343 3327 2416 μετᾶ
3376 2348 3476 2410 τῆς
3529 2341 3651 2416 περῖ
3710 2341 3812 2414 ἐμὲ

2158 2426 2462 2502 δυνάμεως,
2494 2429 2557 2485 τὸ
2597 2428 2852 2506 λοίδορον
2910 2431 3258 2508 γραμμάτιον
3315 2429 3474 2492 οὗτος
3519 2427 3813 2504 δεξάμενος

2156 2523 2225 2592 τῇ
2249 2519 2415 2574 εἰκόνι
2446 2527 2546 2589 τῆς
2575 2521 2926 2594 Θεομήτορος
2959 2519 3349 2593 άπεκρέμασεν,
3378 2519 3567 2575 εἷ’πών·
3598 2517 3730 2589 Ἴδε,
3763 2521 3812 2574 ὦ

2156 2615 2342 2682 Μῆτερ
2379 2615 2478 2665 τοῦ
2509 2610 2686 2686 Λόγου
2716 2631 2773 2665 τε
2801 2613 2888 2666 καὶ
2935 2615 3093 2681 Θεοῦ,
3141 2612 3232 2666 καὶ
3278 2609 3341 2664 σὺ
3373 2611 3402 2665 6
3431 2609 3633 2681 ταύτης
3680 2611 3809 2671 Υἱός

2155 2719 2214 2754 τε
2241 2700 2331 2753 καὶ
2371 2701 2522 2770 Θεὸς,
2579 2701 2674 2755 οἶα
2729 2698 2974 2756 ὠνείδισε
3028 2701 3120 2756 καὶ
3173 2699 3470 2780 ἐφρυάξατο
3531 2699 3665 2754 κατά
3699 2705 3809 2754 σοῦ

2157 2788 2368 2843 καὶτοῦ
2400 2793 2496 2844 σοῦ
2533 2789 2850 2862 περιουσίου
2909 2794 3045 2846 Ααοῦ
3090 2791 3118 2844 6
3173 2786 3443 2865 βάρϐαρος
3496 2790 3651 2852 οὗτος
3711 2789 3807 2844 καὶ

2157 2874 2395 2946 ἀλαζών.
2430 2881 2610 2935 Ταῦτα
2651 2875 2707 2934 δέ
2764 2879 2956 2946 εἰπὼν,
3014 2877 3145 2952 ἄρας
3197 2879 3292 2941 τὰς
3342 2880 3648 2950 Ῥωμαϊκὰς
3706 2875 3806 2932 δυ-

2155 2964 2343 3038 νάμεις
2377 2965 2532 3040 ἐπῂει
2562 2967 2697 3022 κατᾶ
2723 2971 2952 3042 Ταρσοῦ.
2989 2967 3083 3024 Καὶ
3117 2964 3184 3035 δὴ
3232 2969 3370 3023 κατὰ
3422 2968 3484 3022 τὸ
3534 2963 3809 3022 Ποδανδὸν

2155 3053 2447 3129 γενόμενος
2519 3055 2675 3111 κάκεῖ
2731 3061 2847 3120 τοῖς
2900 3055 3156 3121 ἐναντίοις
3213 3058 3484 3130 συμμίξας
3547 3055 3806 3129 τρέπεται

2155 3143 2305 3222 φόνῳ
2335 3142 2536 3218 πολλῷ
2561 3146 2625 3200 τὸ
2654 3149 2761 3200 τῶν
2807 3141 3092 3222 βαρϐάρων
3120 3145 3358 3215 πλῆθος,
3406 3144 3668 3219 πρότερον
3704 3143 3804 3198 αύ-

2151 3237 2248 3286 τοῦ
2274 3234 2536 3296 πεσόντος
2566 3239 2664 3290 τοῦ
2697 3235 2905 3311 ἀμηρᾶ’
2941 3234 3128 3313 ὀλίγοι
3160 3233 3216 3290 δέ
3253 3255 3396 3297 τινες
3457 3233 3617 3310 μόγις
3662 3234 3804 3308 πρὸς

2154 3322 2366 3395 Ταρσὸν
2409 3324 2803 3392 ἀποσώζονται.
2867 3325 3050 3398 Θάψας
3101 3323 3158 3380 δὲ
3207 3323 3336 3387 τοὺς
3396 3321 3652 3394 οἷ’κείους³
3708 3322 3797 3374 καὶ

2150 3411 2278 3472 τοὺς
2309 3410 2614 3485 πολεμίους
2647 3412 2722 3474 εἷς
2751 3409 2846 3468 ἕνα
2877 3419 3078 3488 χῶρων
3135 3415 3220 3486 [Ρ.
3279 3415 3404 3484 576]
3463 3410 3794 3486 συναγαγὼν,

2152 3497 2243 3553 καὶ
2288 3499 2452 3574 μέγαν
2483 3503 2852 3575 ποιησάμενος
2880 3500 3124 3557 κολωνὸν
3154 3501 3228 3562 εἰς
3273 3497 3482 3570 στήλην
3534 3497 3622 3553 καὶ
3673 3503 3798 3557 τοῖς

2157 3588 2463 3662 μετέπειτα,
2498 3591 2633 3667 πρὸς
2664 3592 2729 3646 τὰ
2768 3591 2944 3648 οἰκεῖα
3004 3589 3296 3666 ὑπέστρεψε
3349 3590 3480 3664 μετὰ
3541 3587 3801 3668 λαφύρων

2151 3679 2240 3732 καὶ
2276 3679 2663 3754 αἰχμαλωσίας
2695 3679 2934 3750 πολλῆς.
2963 3683 3207 3757 Ἔγραψε
3263 3676 3320 3734 δέ
3375 3678 3462 3733 καὶ
3510 3683 3590 3750 τῷ
3640 3679 3797 3750 βασι-

2154 3765 2244 3823 λεῖ
2268 3766 2645 3840 δηλοπυιήσας
2675 3772 2776 3841 τὴν
2805 3771 2983 3842 νίκην.
3020 3771 3124 3828 Οἷα
3154 3767 3211 3824 δὲ
3242 3767 3392 3842 φιλεῖ
3420 3773 3598 3822 ποιεῖν
3622 3769 3650 3822 ὁ
3674 3770 3806 3841 φθό-

2150 3877 2262 3926 νος,
2296 3853 2687 3914 διαϐαλλουσιν
2721 3860 2772 3915 ol
2804 3859 3038 3936 πονηροὶ
3097 3859 3186 3913 τὸν
3239 3855 3409 3931 ἄνδρα
3446 3857 3580 3932 πρὸς
3629 3857 3802 3928 βασι-

2153 3943 2270 4017 λέα,
2301 3948 2390 4003 καὶ
2424 3945 2607 4022 ῥᾴδιόν
2643 3950 2694 4004 οἱ
2745 3953 3034 4024 κατασχεῖν
3095 3946 3349 4024 λέγοντες
3405 3947 3502 4013 τήν
3555 3944 3798 4018 Ταρσὸν,

2151 4033 2264 4090 ὁδε
2321 4034 2589 4108 μελλήσει
2647 4038 2735 4092 καὶ
2797 4037 3037 4112 ῥᾳθυμίᾳ
3093 4038 3374 4111 προήκατο
3431 4034 3524 4088 τὸν
3579 4035 3798 4110 καιρόν.

2148 4124 2256 4200 Ὑφ’
2316 4125 2390 4178 ὧν
2447 4123 2720 4188 πολλάκις
2781 4124 3092 4201 λεγομένων
3157 4124 3494 4182 ἀναπεισθεὶς
3553 4123 3580 4176 ὁ
3639 4123 3802 4197 βασι-

2151 4211 2276 4274 λεὺς
2305 4212 2570 4285 παραλύει
2600 4221 2699 4284 τῆς
2730 4213 2912 4293 ἀρχῆς
2965 4215 3055 4270 τὸν
3113 4211 3302 4290 ἃνδρα,
3347 4213 3438 4267 καὶ
3489 4211 3600 4266 ἀντ’
3656 4210 3799 4265 ἐκεί-

2145 4323 2240 4356 νου
2269 4297 2643 4376 προϐάλλεται
2674 4304 2767 4360 τὸν
2803 4303 3154 4370 Στυπειώτην
3197 4301 3518 4379 λεγόμενον,
3574 4302 3676 4369 τήν
3730 4320 3789 4355 τε

389 4389 702 4444 confestim
734 4389 1060 4444 exercitum
1091 4387 1165 4443 ad
1193 4389 1436 4442 Tarsum
1469 4387 1650 4454 ducit,
1676 4386 1839 4442 nulla
1868 4405 2038 4459 pror-

2149 4365 2354 4466 Ταρσόν
2410 4389 2608 4461 ἐξελεῖν
2693 4365 3126 4470 ὑπισχνούμενον
3212 4365 3301 4446 κοιιί
3337 4365 3347 4375 1
3387 4365 3534 4444 ἄλλα
3608 4365 3798 4443 πολλὰ

389 4493 489 4531 sus
518 4477 902 4547 imperatoria
950 4476 1296 4544 calliditate,
1345 4475 1512 4530 nullo
1561 4493 1706 4531 usus
1745 4477 2036 4546 consilio;

389 4581 644 4636 cumque
673 4566 848 4619 Tarso
875 4566 1435 4636 apprOpinquasset,
1458 4570 1652 4620 castra
1677 4581 1746 4620 eo
1776 4565 1907 4620 loco
1935 4567 2037 4636 qui

385 4653 818 4727 Chrysobolum
867 4652 1087 4708 dicitur
1137 4653 1327 4724 ponit,
1378 4671 1571 4726 neque
1627 4655 1831 4710 1018
1878 4656 2037 4710 fossa

385 4746 529 4802 satis
561 4761 630 4802 ea
658 4759 853 4815 neque
885 4742 1150 4800 excubiis
1197 4743 1496 4798 muniens.
1529 4745 1711 4815 Cujus
1742 4745 2033 4800 incuriam

381 4850 517 4890 cum
575 4835 945 4890 observasset
1023 4833 1362 4898 Tarsenses,
1421 4849 1528 4904 per
1601 4837 1840 4886 noctem
1897 4850 2033 4889 eum

378 4922 751 4992 adoriuntur,
806 4922 908 4978 tali
957 4925 1296 4978 commento
1345 4921 1461 4976 usi.
1495 4921 1620 4984 Qua
1667 4926 1908 4992 accepta
1957 4923 2031 4978 ab

379 5013 618 5070 Andrea
643 5011 809 5068 clade
834 5011 910 5067 ad
932 5011 1208 5084 exiguum
1229 5009 1452 5066 redacti
1472 5025 1789 5064 numerum
1819 5028 2030 5086 pugnae

379 5101 742 5160 sustinendae
765 5116 940 5172 pares
963 5116 1084 5156 non
1104 5103 1294 5165 erant,
1312 5097 1512 5153 multis
1530 5096 1840 5154 conductis
1862 5102 2031 5170 equis

380 5193 454 5248 ab
487 5209 697 5251 eorum
718 5190 923 5248 caudis
948 5189 1104 5245 sicca
1125 5187 1287 5244 coria
1313 5185 1704 5258 suspendunt,
1732 5187 2028 5261 simulque

381 5298 481 5336 eos
511 5283 584 5338 ad
614 5281 804 5338 varias
826 5283 1155 5336 castrorum
1186 5277 1586 5333 Romanorum
1609 5283 1806 5349 partes
1837 5278 2030 5335 dimit-

381 5371 550 5424 tunt:
586 5371 698 5442 ipsi
723 5387 758 5426 a
789 5375 950 5442 tergo
983 5383 1210 5434 eorum,
1243 5365 1402 5423 tubis
1431 5383 1500 5422 ac
1541 5367 1840 5439 tympanis
1869 5370 2028 5426 soni-

382 5459 507 5510 tum
540 5458 804 5529 edentes,
839 5458 1058 5515 strictis
1090 5473 1225 5512 cum
1273 5456 1485 5528 gladiis
1516 5454 1577 5511 ln
1609 5457 1807 5513 media
1837 5463 2030 5515 castra

378 5542 671 5602 insiliunt.
705 5549 844 5603 Orta
875 5547 1126 5618 proinde
1159 5547 1218 5602 in
1251 5547 1513 5602 exercitu
1544 5547 1809 5602 Romano
1845 5550 2025 5621 trepi-

383 5631 643 5700 datione,
691 5640 750 5688 et
803 5652 909 5705 per
966 5634 1287 5690 tumultum
1336 5636 1472 5689 viris
1531 5635 1818 5706 equisque
1849 5638 1908 5693 in
1933 5658 1994 5696 se

2143 4479 2693 4556 φρυαττόμενον.“ος
2751 4481 2944 4537 αὐτίκα
3000 4475 3334 4555 παραλαϐὼν
3379 4477 3476 4540 τὰς
3533 4473 3798 4550 δυνάμεις

2139 4569 2242 4644 ἦγε
2270 4570 2405 4624 κατὰ
2437 4573 2672 4646 Ταρσοῦ,
2725 4569 2896 4643 μηδὲν
2951 4569 3308 4646 στρατηγικὸν
3341 4565 3592 4637 ἐννοήσας
3653 4563 3798 4638 μηδέ

2140 4651 2429 4720 εὐϐουλίας
2462 4657 2701 4728 ἐπάξιον.
2734 4658 2979 4727 Πλησίον
3019 4656 3076 4714 δὲ
3105 4658 3392 4734 γενόμενος
3422 4663 3524 4725 τῆς
3570 4651 3794 4728 Ταρσοῦ

2137 4743 2416 4815 αὐλίζεται
2448 4748 2585 4802 κατά
2613 4769 2733 4802 τινα
2760 4749 2928 4803 τὸπον
2957 4749 3017 4810 ὃς
3070 4741 3499 4822 Χρυσόὸουλλον
3547 4742 3794 4820 λέγεται,

2140 4837 2280 4908 μήτε
2307 4835 2511 4912 τάφρον
2579 4836 2869 4914 ἀξιόλογον
2935 4846 3070 4910 μήτε
3116 4831 3536 4912 στρατοπεδείαν
3577 4831 3792 4911 ὀχυρὰν

2133 4925 2605 4999 προστησάμενος’
2639 4927 2734 4984 "Ov
2763 4927 3195 4996 κατανοήσαντες
3249 4925 3300 4978 οἱ
3353 4925 3584 4996 Ταρσεῖς
3641 4920 3797 4994 ἀμα-

2135 5010 2250 5076 λῶς
2311 5012 2646 5089 διακείμενον
2707 5013 3029 5080 ἐπιτίθενται
3096 5013 3276 5086 τούτῳ
3332 5011 3524 5072 νυκτὸς
3592 5031 3791 5084 στρατ-

2134 5108 2383 5179 ηγήματι
2415 5108 2760 5184 χρησάμενοι
2790 5108 3045 5179 τοιούτῳ·
3081 5102 3572 5182 Ὀλιγανδροῦντες
3596 5103 3705 5178 γὰρ
3740 5104 3792 5157 οἱ

2129 5199 2371 5250 τοιοῦτοι
2403 5195 2462 5250 ἐκ
2485 5199 2586 5261 τῆς
2615 5197 2753 5272 πρὸς
2811 5193 3070 5270 ’Δνδρέαν
3122 5192 3295 5264 ἥττης
3353 5194 3441 5248 καὶ
3503 5193 3578 5266 μὴ
3635 5191 3794 5254 ὄντες

2130 5282 2427 5360 ἀξιόμαχοι
2500 5285 2638 5360 πρὸς
2722 5285 3038 5360 παράταξιν,
3111 5282 3319 5344 ’ίπποὺς
3403 5281 3793 5356 συναγαγόντες

2130 5371 2366 5453 συχνοὺς
2394 5375 2484 5429 καὶ
2542 5374 2740 5450 βύρσας
2795 5375 2960 5450 ξηρὰς
3019 5374 3306 5448 ἐξάψαντες
3363 5373 3472 5428 ἀπὸ
3525 5376 3637 5427 τῶν
3694 5372 3789 5425 ἱπ-

2127 5463 2293 5518 πείων
2349 5463 2556 5538 οὐρῶν,
2620 5465 2707 5542 ὑφ’
2762 5462 2817 5520 ἓν
2879 5461 3211 5540 πράγγελμα
3267 5463 3404 5517 κατὰ
3452 5460 3642 5516 πολλὰ
3688 5465 3790 5516 τοῦ

2128 5552 2443 5624 Ῥωμαϊκοῦ
2508 5551 2876 5627 στρατοπέδου
2934 5555 3192 5630 ἐπαφιᾶσι
3254 5553 3418 5626 μέρη,
3451 5549 3674 5614 ὄπισθεν
3729 5547 3790 5604 δὲ

2128 5639 2284 5695 αὐτοὶ
2323 5645 2445 5702 ταῖς
2477 5639 2732 5718 σάλπιγξι
2764 5642 2853 5697 καὶ
2887 5646 3005 5704 τοῖς
3032 5644 3337 5715 τυμπάνοις
3378 5637 3792 5710 ἐπιδουπήσαν-
