4130 6218
382 331 538 394 “05

1507 334 1870 396 HISTORIA
1885 336 2061 397 RUM
2107 334 2431 398 COMPEN
2440 337 2637 400 DlUM
2650 385 2664 399 .

3632 340 3786 401 1106

367 489 454 528 τες
489 466 648 539 μέσον
682 473 778 522 τοῦ
813 469 1055 543 χάρακος
1085 473 1314 542 γυμνοῖς
1345 473 1463 532 τοῖς
1492 470 1694 543 ξίφεσιν
1746 469 1853 524 εἷσε
1910 471 2013 540 πή-

2136 472 2378 528 confuse
2411 474 2830 545 incidentibus,
2861 476 3080 532 factum
3114 480 3204 530 est
3226 481 3291 531 ut
3320 475 3557 532 Barbari
3589 477 3791 532 vince-

369 555 566 627 δησαν.
598 563 856 633 Ταραχῆς
886 559 982 612 οῦν
1014 558 1395 630 συμπεσούσης
1439 563 1520 630 τῷ
1565 563 1672 612 τῶν
1731 559 2019 632 Ῥωμαίων

373 646 764 722 στρατεύματι,
808 650 895 704 καὶ
959 646 1136 719 δειλίᾳ
1196 647 1675 723 συνταραχθέντων
1731 650 1874 721 ὁμοῦ
1929 649 2021 704 καὶ

366 742 476 791 τῶν
510 735 720 811 ἀνδρῶν
754 738 842 792 καὶ
868 743 977 794 τῶν
1003 739 1188 794 ἳππων
1217 737 1305 792 καὶ
1362 737 1636 808 ἀλλήλοις
1664 737 2020 814 περιπιπτόν-

365 847 500 893 των,
562 821 763 896 συνέϐη
821 828 948 889 τοὺς
1007 823 1325 903 Βαρϐἀρους
1381 833 1648 897 κρατῆσαι
1703 826 1796 880 καὶ
1857 825 2020 904 φόνον

371 917 595 989 ἄπειρον
636 915 1038 992 ἀπεργάσασθαι
1087 921 1195 970 τῶν
1241 914 1553 988 Ῥωμαίων,
1601 919 1708 969 τῶν
1750 914 2020 970 πλείστων

2136 569 2271 616 rent
2283 562 3164 636 immensamqueRomanorum
3181 564 3402 621 caedem
3415 573 3790 639 peragerent,

2137 649 2436 721 plerisque
2469 669 2503 706 a
2529 653 2652 708 suis
2695 653 2960 726 inglorius
2994 653 3230 709 obtritis
3261 658 3438 724 atque
3470 656 3792 710 suffocatis.

2136 740 2452 796 Tarsenses
2483 742 2594 797 hac
2624 743 2933 814 inopinata
2970 744 3138 816 potiti
3170 744 3433 812 victoria,
3471 749 3526 798 et
3557 745 3793 801 conciso

2137 830 2401 885 Romano
2429 832 2714 898 exercitu,
2739 832 3046 888 barbarica
3078 833 3548 889 conclamatione
3571 839 3628 889 et
3652 839 3797 890 stre-

2138 919 2266 991 pitu
2299 935 2565 990 paeanem
2604 921 2970 976 cecinerunt.

365 1001 647 1066 δυσκλεῶς
679 1004 1148 1078 συμπατουμένων
1176 1004 1266 1060 καὶ
1298 1003 1755 1078 συμπνιγομένων
1798 1005 1886 1078 ὑφ’
1916 1006 2140 1062 ἑαυτῶν.
2175 1006 2332 1063 Οὕτω
2365 1004 2421 1062 δὲ
2449 1005 2767 1082 παραδόξως
2824 1007 3099 1084 κραδόξως
3148 1011 3512 1087 κρατήσαντες
3560 1011 3611 1066 οἱ
3642 1014 3785 1086 Ταρ-

363 1097 475 1155 σεῖς
505 1093 596 1148 καὶ
628 1095 730 1164 τήν
759 1094 1077 1166 Ῥωμαϊκὴν
1117 1093 1274 1169 ἰσχὺν
1306 1093 1707 1167 κατακόψαντες
1743 1090 2098 1168 βαρϐαρικοῖς
2129 1094 2476 1172 ἀλαλαγμοῖς
2510 1097 2843 1166 ἐπαιάνιζον.

440 1183 536 1238 Καὶ
565 1183 632 1238 τὰ
669 1183 764 1256 μὲν
793 1183 930 1257 πρὸς
959 1182 1257 1258 ἀνίσχοντα
1307 1181 1469 1251 ἥλιον
1531 1181 1704 1244 οὕτως
1753 1185 1898 1262 εἶχε,
1953 1185 2020 1239 τὰ

365 1269 425 1326 δὲ
456 1273 591 1345 πρὸς
623 1272 850 1346 ἑσπέραν
909 1270 1086 1328 ἄπεισι
1148 1272 1317 1343 λέξων
1351 1272 1378 1326 ὁ
1414 1271 1600 1348 λόγος.
1650 1272 1755 1329 Καὶ
1810 1273 2019 1328 τούτων

363 1362 493 1437 γὰρ,
526 1362 732 1434 ὁμοίως
770 1368 887 1425 τοῖς
946 1361 1190 1431 λοιποῖς,
1251 1361 1336 1417 ἐπὶ
1400 1360 1566 1417 πλέον
1624 1360 2015 1435 ἀμεληθέντων

362 1449 451 1505 ἐπὶ
485 1457 586 1520 τῆς
640 1449 924 1526 βασιλείας
981 1456 1076 1506 τοῦ
1133 1449 1392 1526 Μιχαὴλ,
1451 1451 1539 1505 καὶ
1589 1450 1765 1520 πάσης
1823 1448 2019 1525 σχεδὸν

363 1537 468 1610 ὅση
500 1543 569 1613 τῇ
607 1537 857 1613 βασιλείᾳ
881 1540 1171 1612 Ῥωμαίων
1233 1541 1417 1610 ἀνήκει
1459 1538 1716 1606 Ἰταλίας,
1763 1540 1850 1594 καὶ
1907 1545 2013 1594 τῶν

362 1627 635 1683 πλείστων
665 1635 764 1697 τῆς
813 1627 1064 1689 Σικελίας
1125 1629 1226 1684 ὑπὸ
1282 1635 1384 1698 τῆς
1441 1634 1551 1684 τῶν
1612 1625 2011 1704 Καρχηδονίων

2202 1188 2304 1242 Hic
2331 1193 2457 1243 tum
2491 1193 2678 1243 status
2725 1207 2924 1245 rerum
2955 1191 3016 1245 in
3066 1191 3300 1246 Oriente
3329 1191 3460 1246 fuit.
3495 1193 3661 1248 Nunc
3690 1210 3786 1247 res

2128 1277 2190 1330 in
2220 1275 2540 1332 Occidente
2590 1286 2656 1332 ut
2701 1277 3039 1349 habuerint,
3074 1296 3462 1350 exponemus.
3495 1281 3641 1336 Cum
3681 1282 3788 1337 has

2131 1383 2388 1438 quoque,
2421 1367 2672 1438 perinde
2705 1383 2774 1422 ac
2824 1374 3039 1424 caetera
3067 1368 3292 1436 omnia,
3325 1369 3644 1425 Michaelus
3673 1371 3788 1425 im-

2091 1513 2096 1518 ,
2127 1462 2366 1527 perator
2394 1457 2777 1528 neglexisset,
2811 1459 3006 1513 omnis
3055 1475 3237 1530 prope
3287 1475 3419 1529 quae
3451 1459 3524 1513 ad
3571 1462 3787 1514 Roma-

2125 1561 2268 1600 num
2301 1546 2639 1616 pertinebat
2659 1548 2977 1618 imperium
2993 1547 3160 1604 Italia
3173 1551 3232 1602 et
3245 1548 3548 1619 pleraeque
3571 1547 3782 1602 Siciliae

2124 1640 2322 1707 partes
2353 1652 2387 1689 a
2411 1636 2978 1708 Carthaginensibus
3018 1636 3328 1692 debellata)
3363 1642 3419 1692 et
3452 1637 3777 1693 tributaria)

367 1714 646 1802 δυνάμεως
677 1715 1234 1789 καταπολεμηθείσης
1264 1717 1354 1772 καὶ
1388 1717 1664 1796 ὑποφόρου
1702 1722 1816 1779 τοῖς
1869 1723 2008 1794 Βαρο

2124 1722 2392 1778 Barbaris
2409 1723 2576 1778 facta;
2591 1728 2782 1780 erant.
2817 1723 3035 1778 Adhaac
3068 1724 3316 1795 Scythas,
3335 1725 3435 1796 qui
3468 1725 3528 1779 in
3559 1726 3784 1780 Panno-

364 1800 558 1880 ϐἀροις
588 1803 908 1880 γενομένης,
955 1802 1038 1860 ἔτε
1093 1803 1150 1859 δὲ
1206 1805 1297 1860 καὶ
1343 1810 1453 1860 τῶν
1512 1805 1563 1860 ἐν
1616 1805 1882 1877 ΙῙαννονίᾳ
1926 1807 2014 1861 καὶ

363 1893 652 1967 Δαλματίᾳ
708 1895 798 1950 καὶ
854 1899 962 1949 τῶν
1047 1893 1289 1950 ἐπέκεινα
1364 1896 1570 1949 τούτων
1662 1893 2018 1968 διακειμένων

358 1991 604 2053 Σκυθῶν,
636 1982 956 2062 Χρωϐάτων
988 1992 1121 2060 (88),
1156 1987 1324 2067 φημὶ,
1359 1987 1449 2042 καὶ
1508 1983 1727 2061 Σέρϐων
1776 1988 1864 2042 καὶ
1914 1989 2018 2043 Ζα-

360 2072 649 2152 χλούϐων,
682 2071 1113 2152 Τερϐουνιωτῶν
1143 2097 1201 2132 τε
1243 2077 1334 2131 καὶ
1385 2076 1704 2132 Καναλιτῶν
1753 2077 1843 2131 καὶ
1894 2083 2020 2130 Διο-

358 2165 674 2236 κλητιανῶν
730 2166 819 2221 καὶ
879 2167 1196 2238 Ῥεντανῶν,
1255 2173 1355 2236 τῆς
1412 2166 1660 2230 ἀνέκαθεν
1723 2165 2014 2239 Ῥωμαίων

355 2254 700 2330 ἐπικρατείας
749 2257 1166 2332 ἀφηνιασάντων
1225 2256 1318 2310 καὶ
1376 2255 1694 2328 αὐτονόμων
1752 2256 2017 2326 καθεστη-

356 2346 561 2414 κότων,
619 2344 965 2400 συνεπέθεντο
1023 2345 1156 2416 μετὰ
1206 2348 1304 2400 τοῦ
1389 2348 1581 2419 καιροῦ
1648 2344 1740 2399 καὶ
1800 2345 1851 2398 οἱ
1910 2345 2016 2399 ἀπὸ

362 2431 718 2513 Καρχηδόνος
763 2434 1078 2510 Ἀγαρηνοί.
1139 2434 1242 2491 Καὶ
1301 2431 1572 2510 ἄρχοντας
1633 2432 2016 2505 ἐπιστήσαντες

359 2525 452 2580 τόν
485 2545 544 2578 τε
575 2522 856 2579 Σολδανον
886 2524 976 2578 καὶ
1008 2519 1185 2578 Σάϐαν
1220 2522 1310 2579 καὶ
1349 2524 1441 2578 τὸν
1495 2523 1779 2601 Καλφοὺς,
1823 2522 2018 2596 ἐμπει-

365 2614 453 2690 ρίᾳ
485 2611 767 2686 πολεμικῇ
823 2610 1094 2689 διαφέρειν
1155 2613 1678 2686 μεμαρτυρημένους
1723 2617 1832 2666 τῶν
1879 2613 2015 2684 ὁμο-

354 2703 571 2784 φύλων,
604 2705 686 2777 [Ρ.
720 2703 848 2774 577]
880 2696 932 2772 ἔξ
962 2703 1054 2756 καὶ
1082 2701 1373 2775 τριάκοντα
1425 2699 1638 2756 πλοίων
1692 2700 2012 2774 πολεμικῶν

351 2795 492 2850 κατά
522 2791 835 2866 Δαλματίας
868 2791 1063 2847 στόλον
1107 2790 1450 2860 ἀπέστειλαν,
1506 2791 1592 2869 ὑφ’
1642 2788 1703 2845 οὗ
1753 2787 2010 2869 διάφοροι

360 2881 554 2943 πόλεις
612 2880 860 2936 ἑάλωσαν
920 2878 1252 2953 Δαλματῶν,
1312 2880 1490 2950 οἶονῆ
1548 2901 1607 2934 τε
1665 2881 2011 2953 Βούταμα,ἡ

355 2973 535 3029 Ῥὧσα
601 2969 689 3025 καὶ
747 2971 818 3025 τὰ
873 2971 1022 3024 κάτω
1081 2970 1372 3044 Δεκάταρα.
1445 2968 1898 3044 Προχωρούντων
1957 2965 2014 3023 δὲ

350 3062 489 3115 κατά
513 3063 638 3114 νοῦν
680 3063 786 3114 τῶν
850 3057 1188 3135 πραγμάτων
1246 3063 1362 3118 τοῖς
1420 3058 1769 3134 Ἀγαρηνοῖς,
1832 3055 2005 3125 ἦλθον

2122 1812 2244 1878 nia,
2274 1812 2570 1868 Dalmatia
2588 1813 3090 1884 ulterioribusque
3111 1813 3778 1887 degebantregionibus,

2123 1901 2431 1956 Chrobataa
2478 1902 2746 1973 inquam,
2777 1904 2983 1958 1019
3019 1905 3198 1971 Servi,
3230 1903 3532 1969 Zachlubi,
3565 1903 3781 1958 Terbu-

2123 1987 2323 2054 niotas,
2349 1988 2653 2056 Canalitaa,
2676 1989 3027 2045 Diocletiani
3050 1996 3227 2061 atque
3251 1991 3502 2046 Reutani
3533 1991 3786 2046 Romani

2123 2078 2381 2149 imperii,
2415 2079 2508 2134 cui
2541 2080 2870 2150 antiquitus
2920 2081 3223 2148 suberant,
3247 2082 3391 2153 jugo
3445 2099 3691 2137 excusso
3723 2082 3785 2135 in

2123 2166 2462 2223 libertatem
2495 2184 2624 2222 sese
2656 2174 3056 2224 asseruerant.
3084 2169 3240 2234 Quos
3271 2175 3444 2240 capta
3473 2170 3784 2225 occasione

2123 2256 2314 2312 adorti
2346 2256 2836 2328 Carthaginenses
2866 2257 3140 2328 Agareni,
3167 2258 3504 2330 creatisque
3535 2257 3782 2314 ducibus

2122 2345 2400 2411 Soldano,
2430 2343 2580 2399 Saba
2607 2349 2665 2398 et
2695 2344 3011 2416 Calphuso,
3047 2346 3148 2414 qui
3172 2345 3327 2399 inter
3355 2346 3606 2417 gentiles
3628 2347 3782 2417 peri—

2121 2433 2218 2487 tiaa
2249 2431 2478 2486 bellicae
2509 2432 2732 2503 primas
2763 2431 2988 2502 absque
3021 2433 3424 2488 controversia
3473 2433 3779 2500 tenebant,

2121 2521 2307 2576 classe
2338 2525 2566 2576 armata
2592 2522 2829 2576 navium
2856 2523 2923 2575 36
2956 2521 3196 2586 emissa,
3227 2521 3445 2576 multas
3478 2521 3784 2578 Dalmatia:

2119 2609 2299 2664 urbes
2322 2614 2626 2680 ceperunt,
2656 2608 2838 2680 inque
2870 2610 2963 2664 his
2987 2610 3317 2678 Butamam,
3350 2611 3564 2666 Rosam
3587 2615 3647 2665 et
3671 2611 3783 2666 De-

2124 2702 2386 2753 cataram
2443 2696 2813 2752 inferiorem.
2860 2699 2946 2752 Ita
2991 2714 3273 2769 prospere
3325 2698 3782 2754 succedentibus

2119 2786 2296 2841 rebus
2352 2786 2604 2858 Agareni
2678 2786 2998 2858 Ragusium
3077 2803 3313 2858 quoque
3389 2787 3570 2841 totius
3635 2803 3777 2859 gen-

2118 2877 2195 2931 tis
2225 2881 2402 2947 caput
2449 2876 2670 2948 agressi
2703 2875 2878 2947 longo
2930 2882 3197 2947 tempore
3221 2875 3626 2946 iobsederunt,
3657 2878 3777 2932 for-

2119 2965 2258 3019 titer
2285 2964 2495 3020 urbem
2528 2963 2989 3020 defendentibus
3011 2966 3111 3035 qui
3143 2966 3305 3020 intus
3327 2971 3516 3021 erant.
3551 2967 3618 3020 Hi
3641 2983 3778 3022 cum

2120 3056 2402 3110 aerumnis
2449 3055 2552 3109 diu
2602 3055 2870 3110 toleratis
2901 3055 3142 3110 tandem
3173 3056 3236 3110 in
3279 3061 3544 3111 extremo
3576 3061 3778 3112 essent

894 3117 901 3131 .
977 3117 1015 3135 ..
1351 3117 1357 3118 γ
1501 3117 1512 3134 .
1563 3117 1571 3130 .
1618 3117 1628 3127 .
1756 3117 1767 3125 ,
1857 3117 1866 3125 .
1921 3117 1935 3120 -

353 3153 443 3206 καὶ
481 3150 582 3204 ὑπὸ
612 3151 710 3218 τήν
745 3153 844 3204 τοῦ
873 3149 1010 3204 ὅλου
1040 3146 1225 3212 ἔθνους
1261 3145 1611 3221 μητρόπολιν
1651 3147 1687 3216 ἢ
1720 3146 2003 3202 Ῥαούσιον

2124 3145 2428 3200 constituti
2458 3143 2828 3212 discrimine,
2860 3145 3212 3200 necessitate
3257 3151 3503 3217 urgente
3550 3145 3776 3217 legatos

359 3239 600 3313 λέγεται,
631 3238 723 3293 καὶ
747 3237 949 3309 ταύτην
993 3235 1082 3292 ἐπὶ
1144 3237 1346 3316 χρόνον
1397 3234 1754 3310 ἐπολιόρκουν
1808 3234 2008 3305 πολὺν,

359 3326 609 3400 ἐκθύμως
641 3331 749 3382 τῶν
800 3321 950 3380 ἔνδον
1009 3325 1452 3401 ἀγωνιζομένων.
1499 3323 1647 3380 Ἐπεὶ
1700 3321 1758 3378 δὲ
1808 3323 2006 3400 χρόνον

359 3416 884 3489 ταλαιπωσούμενοι
917 3417 970 3471 οἱ
1000 3416 1274 3473 Ῥαούσιοι
1333 3415 1410 3480 εἷς
1459 3416 1554 3478 τὰς
1614 3414 1846 3491 ἐσχάτας
1887 3437 2010 3470 συν-

361 3505 666 3578 ηλαύνοντο
724 3505 975 3581 ἀπορίας,
1034 3504 1311 3578 πέμπουσι
1377 3499 1626 3579 πρέσϐεις
1671 3503 1724 3565 ἐς
1781 3503 2009 3579 βασιλέα

357 3596 464 3651 ὑπὸ
497 3602 596 3664 τῆς
627 3594 865 3669 ἀνάγκης
917 3592 1454 3669 στενοχωρούμενοι,
1508 3593 1776 3664 ἐπαμῦναι
1833 3613 2009 3668 παρα-

356 3683 652 3747 καλοῦντες
710 3689 826 3746 τοῖς
911 3681 1311 3739 κινδυνεύουσιν
1365 3682 1707 3757 ὑποχειρίοις
1761 3683 2006 3755 γενέσθαι

352 3779 466 3830 τῶν
497 3773 742 3848 ἀρνητῶν
772 3778 871 3829 τοῦ
912 3776 1174 3848 Χριστοῦ.
1228 3774 1417 3842 Μήπω
1465 3768 1522 3825 δὲ
1573 3774 1682 3825 τῶν
1733 3765 2008 3844 πρέσϐεων

351 3863 694 3941 ἀφικομένων
726 3861 962 3936 Μιχαὴλ
1017 3863 1112 3933 μὶν
1165 3863 1192 3915 ὁ
1245 3859 1500 3936 βασιλεὺς
1551 3861 1790 3930 θνήσκει,
1842 3879 2008 3914 κατα-

350 3947 688 4024 λαμϐάνουσι
720 3948 778 4005 δὲ
805 3951 896 4005 τὸν
930 3948 1210 4004 Βασίλειον
1246 3951 1296 4004 οἳ
1348 3943 1696 4024 πρεσϐευταί.
1751 3950 1846 4002 Ὧν
1888 3947 2008 4003 έπι-

354 4038 537 4114 μελῶς
566 4041 981 4112 ἀκροασάμενος
1011 4039 1100 4093 καὶ
1134 4036 1267 4099 ὅλος
1297 4042 1394 4092 τοῦ
1449 4035 1652 4100 πάθους
1695 4038 2006 4114 γενόμενος,

352 4129 547 4185 στόλον
580 4128 1010 4202 έξαρτυσὸἱμενος
1069 4131 1203 4182 νεῶν
1265 4127 1452 4183 ἑκατὸν
1512 4126 1602 4181 καὶ
1661 4123 1827 4201 ἄνδρα
1881 4127 2006 4180 τού-

352 4239 468 4281 τοις
528 4218 822 4288 ἐπιστήσας
885 4215 1143 4291 ἐμπειρίᾳ
1197 4215 1286 4270 καὶ
1347 4212 1548 4271 συνέσει
1605 4220 1712 4272 τῶν
1780 4213 2008 4270 πολλῶν

355 4307 681 4385 διαφέροντα
708 4309 800 4361 τὸν
849 4305 1135 4380 πατρίκιον
1197 4307 1438 4376 Νικήταν
1499 4305 1589 4360 καὶ
1647 4303 2010 4381 δρουγγάριον

359 4402 460 4451 τῶν
531 4395 804 4468 πλωῖμων
858 4398 966 4468 (89)
1026 4393 1121 4449 τὸν
1174 4393 1273 4462 τὴν
1331 4392 1641 4466 ἐπωνυμίαν
1718 4391 2005 4471 Ὠορύφαν,

2116 3234 2190 3290 ad
2221 3235 2640 3305 imperatorem
2694 3235 2958 3300 mittunt,
2993 3239 3262 3305 petentes
3311 3235 3423 3289 sibi
3453 3233 3778 3304 subveniri,

2116 3341 2191 3380 ne
2217 3324 2278 3377 in
2304 3327 2656 3394 potestatem
2679 3323 2942 3377 hostium
2964 3323 3262 3378 Christum
3280 3323 3664 3379 difﬁtentium
3686 3341 3777 3378 re-

2117 3413 2411 3485 digantur.
2444 3415 2781 3483 Antequam
2812 3411 2988 3484 legati
3018 3412 3308 3482 venirent,
3333 3413 3461 3482 jam
3501 3412 3770 3468 Michaeli

2115 3502 2279 3557 obitu
2311 3501 2628 3572 imperium
2679 3503 3010 3556 Romanum
3059 3501 3310 3557 Basilius
3359 3508 3766 3574 occupaverat.

2115 3593 2168 3646 ls
2199 3591 2421 3661 legatos
2447 3595 2669 3644 attente
2697 3589 2938 3657 audivit,
2973 3596 3251 3661 totusque
3277 3607 3485 3646 eorum
3516 3592 3765 3647 misera-

2113 3670 2274 3724 tione
2329 3670 2618 3732 concitus,
2679 3669 2931 3722 classem
2989 3671 3094 3722 100
3146 3670 3382 3724 navium
3439 3677 3767 3740 comparat,

2115 3774 2387 3829 eamque,
2420 3757 2569 3811 duce
2600 3757 2801 3812 Niceta
2830 3757 3080 3827 patricio
3107 3762 3164 3811 et
3195 3757 3512 3830 drungario
3544 3759 3628 3812 rei
3661 3774 3768 3812 na-

2114 3847 2282 3915 valis,
2315 3845 2666 3918 cognomine
2696 3845 2950 3915 Orypha,
2975 3845 3189 3916 peritia
3215 3861 3283 3900 ac
3309 3845 3626 3916 prudentia
3646 3847 3772 3900 sin-

2113 3945 2300 4018 gulari
2361 3944 2502 4009 viro,
2555 3943 2616 3996 in
2673 3941 2962 3997 Barbaros
3011 3942 3247 3998 emittit.
3298 3942 3575 4012 Agareni,
3625 3959 3772 4013 quos

2115 4036 2176 4089 in
2208 4031 2535 4089 obsidenda
2565 4030 2710 4086 urbe
2761 4046 3170 4102 perseverasse
3215 4029 3495 4099 diximus,
3528 4047 3662 4086 cum
3703 4048 3774 4086 ex

2114 4122 2434 4193 transfugis
2465 4120 2880 4192 cognovissent
2929 4120 3360 4190 Ragusinorum
3408 4119 3482 4174 ad
3513 4121 3772 4191 impera-

2115 4217 2302 4267 torem
2334 4210 2559 4283 legatos
2607 4209 2815 4265 1020
2867 4208 3063 4274 ivisse,
3116 4207 3188 4263 de
3243 4208 3387 4263 urbe
3440 4209 3555 4264 cito
3589 4225 3773 4281 expu~

2111 4301 2344 4374 gnanda
2377 4299 2765 4370 desperantes
2800 4303 2859 4352 et
2892 4296 3116 4352 auxilia
3145 4297 3469 4352 missurum
3500 4297 3552 4352 ei
3585 4299 3775 4370 impe-

2112 4395 2369 4444 ratorem
2405 4393 2761 4452 metuentes,
2787 4385 3157 4441 obsidionem
3189 4386 3446 4454 solvunt,
3479 4392 3538 4441 et
3568 4387 3642 4442 ad
3673 4388 3776 4442 [ta-

357 4485 493 4537 κατὰ
521 4490 627 4538 τῶν
686 4482 974 4556 πολεμίων
1036 4480 1324 4554 ἐκπέμπει.
1373 4483 1441 4538 Ol
1491 4477 1546 4535 δὲ
1588 4484 1656 4554 τῇ
1711 4479 2006 4554 πολιορκίᾳ

2124 4478 2213 4532 liae
2245 4493 2375 4532 eam
2423 4482 2652 4547 partem
2705 4491 2838 4544 quaa
2887 4474 3296 4546 Langobardia
3343 4475 3519 4530 hodie
3560 4475 3779 4532 dicitur

355 4573 456 4624 τοῦ
510 4571 791 4624 Ῥαουσίου
848 4570 1252 4644 προσμένοντος
1338 4569 1632 4646 Ἀγαρηνοὶ
1713 4565 1801 4622 διά
1850 4588 2009 4622 τινων

359 4657 690 4728 αὐτομόλων
727 4659 982 4729 μαθόντες
1015 4660 1116 4726 τήν
1152 4657 1288 4732 πρὸς
1319 4657 1410 4712 τὸν
1441 4656 1666 4732 βασιλέα
1686 4661 1793 4711 τῶν
1819 4658 2006 4713 Ῥαου-

359 4747 491 4801 σίων
549 4740 855 4820 πρεσϐείαν,
915 4745 1287 4819 ἀπεγνωκότες
1329 4743 1386 4801 δὲ
1441 4747 1530 4800 καὶ
1588 4749 1688 4814 τήν
1740 4745 2004 4818 σύντομον

362 4833 590 4904 ἅλωσιν,
625 4839 784 4888 τοῦτο
825 4831 882 4888 δὲ
937 4833 1026 4887 καὶ
1080 4834 1178 4901 τὴν
1237 4832 1295 4886 ἐκ
1356 4833 1626 4909 βασιλέως
1679 4830 2006 4914 φοϐηθέντες

362 4925 641 4994 ἀφίξεσθαι
679 4921 988 4995 μέλλουσαν
1022 4923 1300 4996 βοήθειαν,
1329 4920 1635 4992 λύουσιτὴν
1657 4922 2004 4998 πολιορκίαν,

365 5016 505 5071 κατὰ
559 5011 616 5068 δὲ
672 5013 772 5080 τὴν
847 5009 1105 5080 Ἰταλίαν,
1175 5010 1209 5080 ἢ
1266 5009 1358 5066 νῦν
1445 5007 1829 5089 Λαγγοὸαρδία
1887 5015 1999 5086 (90)
2059 5012 2390 5084 ὠνόμασται,

2118 4569 2481 4642 navigantes,
2515 4567 2687 4622 Barin
2719 4571 2980 4621 castrum
3008 4571 3322 4637 occupant,
3350 4566 3551 4638 ibique
3582 4569 3780 4622 consi-

2119 4658 2280 4712 dent.
2314 4657 2456 4711 Inde
2489 4655 2771 4726 paulatim
2826 4655 3098 4726 proxima
3139 4671 3389 4725 quaeque
3435 4656 3691 4727 aggressi
3725 4659 3783 4708 et

2118 4747 2309 4820 potiti,
2369 4746 2706 4801 universam
2782 4743 3272 4816 Longobardiam,
3329 4751 3387 4798 et
3457 4743 3780 4814 aliquando

2121 4835 2408 4908 quidquid
2439 4833 2514 4890 ad
2546 4834 2736 4906 ipsam
2764 4849 2954 4904 usque
2987 4835 3232 4888 Romam
3267 4833 3406 4888 olim
3432 4832 3785 4904 gloriosissi-

2119 4941 2276 4980 mam
2309 4924 2562 4978 interest
2592 4922 2876 4994 regionis,
2909 4920 3317 4976 obtinuerunt.

2482 5007 2896 5082 διαπεράσαντες
2983 5008 3046 5061 τὸ
3131 5008 3358 5081 κάστρον
3417 5016 3517 5078 τῆς
3568 5010 3784 5084 Βάρεως

1566 5111 1933 5167 XYLANDRI
1963 5112 2049 5166 ET
2079 5111 2296 5167 GOARI
2329 5109 2548 5164 ΝΟΤᾸΞ.

432 5217 543 5287 (88)
575 5217 689 5269 Eos
722 5229 852 5287 esse
885 5212 1062 5287 credo
1093 5213 1196 5287 qui
1223 5212 1492 5287 Orabam?
1521 5211 1822 5287 dicuntur,
1855 5211 2019 5268 unde

361 5283 594 5343 Oroatia
624 5302 742 5354 sive
771 5284 1066 5339 Crabatia.
1093 5283 1278 5354 Paulo
1302 5284 1454 5338 infra
1475 5283 1534 5338 hi
1559 5283 1786 5354 Scythae
1811 5299 2019 5338 omnes

360 5359 575 5415 Salvini
611 5346 908 5412 dicuntur.
962 5353 1242 5427 Ῥατύσιον
1303 5361 1392 5409 est
1450 5346 1815 5427 Hagusium,‘
1839 5356 2016 5427 etiam

363 5434 622 5486 Zonaras.
655 5430 798 5484 XYL.
834 5457 893 5467 —-—
941 5419 1263 5497 Χρωϐάτων
1323 5425 1465 5496 φημὶ
1523 5419 1613 5478 καὶ
1676 5419 1893 5497 Σέρνϐων
1947 5425 2018 5480 de

367 5500 618 5572 singulis
648 5499 807 5572 hisce
841 5498 1074 5572 populis
1105 5513 1172 5572 ac
1205 5513 1410 5572 eorum
1453 5513 1501 5572 _a
1553 5499 1854 5572 Romanis.
1907 5499 2019 5572 Deo

369 5568 620 5627 lectione
652 5568 885 5642 longam
917 5568 1229 5642 historiam
1264 5568 1411 5622 texit
1443 5569 1879 5642 Constantinus
1908 5568 2018 5621 im-

369 5649 608 5716 perator
639 5639 855 5697 toto'de
888 5639 1124 5696 Admin.
1157 5641 1308 5711 Imp.
1340 5640 1791 5695 commentario.
1844 5639 2019 5693 Goaa.

2203 5210 2319 5281 (89)
2350 5209 2468 5282 Leo
2501 5207 2560 5282 in
2585 5205 2884 5282 Naumach
2913 5204 3241 5282 :Ea‘té‘f'ﬁv
3272 5207 3538 5282 ὁμοίωσιν
3571 5211 3672 5282 τοῦ
3700 5211 3796 5282 βα-

2131 5273 2348 5335 σιλικόῦ
2383 5274 2653 5347 πλωίμου
2684 5273 2773 5328 καὶ
2819 5275 2870 5347 oi
2909 5279 3036 5347 τῶν⁸
3072 5273 3260 5347 ἄλλων
3311 5273 3563 5346 θεμάτων
3613 5273 3796 5334 πλῶϊ-

2134 5372 2234 5474 po:S
2261 5344 2558 5422 στρατηγοῖ
2619 5344 2974 5420 δρουγγάριοι
3020 5344 3310 5399 έκαλοῦντό
3349 5344 3482 5400 ποτε
3523 5352 3639 5410 τοῖς
3687 5349 3798 5406 ἄνω

2134 5441 2204 5474 νο
2240 5440 2370 5474 νοις.
2409 5423 2582 5474 GOAR.

2177 5423 2370 5481 ρόνοις.
2409 5423 2582 5476 GOAR.

2130 5445 2370 5499 χρονοις.
2409 5445 2582 5476 υυΑιι.
3157 5489 3165 5498 ¹

2136 5565 2147 5566 7
2203 5494 2314 5566 (99)
2346 5493 2573 5566 Exquo
2607 5492 2914 5544 Ravennae
2955 5495 3168 5542 morati
3203 5495 3342 5566 sunt
3383 5505 3449 5566 ac
3480 5492 3540 5548 in
3573 5494 3802 5566 Longo-

2135 5562 2756 5636 bardiaprincipatum
2779 5565 3173 5636 exercuerunt
3195 5561 3451 5636 Orientis
3476 5561 3798 5636 imperato—

2141 5653 2258 5702 res,
2283 5630 2466 5688 alium
2499 5630 2915 5704 quemcunque
2958 5630 3152 5688 locum
3207 5633 3268 5689 in
3299 5635 3466 5691 Italia
3495 5630 3606 5692 sibi
3653 5636 3792 5690 reli-
