4130 6218
420 364 573 424 1111

1815 355 1970 415 GEO
1994 351 2157 414 ΒΘΗ
2197 348 2548 415 CEDRENI

3685 356 3851 417 1112

423 495 860 570 pugnandoque
893 493 950 545 in
980 505 1242 547 summas
1287 487 1509 544 redacti
1569 488 1973 556 difﬁcultates,
1995 487 2067 542 le-

2189 487 2280 542 καὶ
2341 489 2560 566 χάρακα
2619 488 2792 558 πήξας
2851 487 3055 562 ὀχυρὸν
3114 488 3344 563 ἐνεργῶς
3398 486 3719 563 ἐπολιόρκει
3759 491 3859 552 τὰς

423 595 556 662 gato
588 587 660 641 ad
690 583 966 638 Basilium
1003 584 1405 637 Romanorum
1439 581 1858 651 imperatorem
1900 580 2082 633 misso

433 683 500 731 ut
527 676 834 730 succurrat
865 669 974 724 sibi
995 669 1285 742 ﬂagitant.
1317 669 1944 739 Assenti‘timperator;
1965 673 2081 721 sta-

421 766 650 832 timque
683 761 940 829 legatum
973 759 1351 828 remittit,qui
1375 775 1512 813 suos
1542 757 1697 812 bono
1723 757 1923 811 animo
1954 771 2082 810 esse

427 850 687 922 juberet,
747 848 1170 918 nuntiaretque
1229 863 1365 902 mox
1396 847 1676 902 adfutura
1708 846 1847 900 satis
1891 845 2083 900 valida

421 939 662 1004 auxilia,
698 955 831 1009 quas
863 938 1024 1008 ipsos
1056 936 1388 991 discrimini
1417 935 1735 1006 eriperent.
1769 937 1823 988 Is
1854 933 2080 1006 legatus

420 1030 482 1083 in
505 1028 701 1083 reditu
733 1027 806 1081 ab
837 1025 1108 1080 hostibus
1151 1029 1240 1079 est
1297 1030 1523 1096 captus.
1559 1024 1741 1094 Eique
1791 1023 2080 1078 Soldanus

429 1117 502 1172 ad
557 1133 620 1171 se
652 1115 927 1180 adducto,
979 1113 1149 1184 Optio
1211 1113 1336 1181 tibi,
1388 1113 1605 1182 inquit,
1653 1110 2078 1182 daturzdelige

417 1205 577 1277 quod
606 1210 698 1260 est
718 1204 951 1258 melius.
978 1203 1035 1256 Si
1069 1202 1263 1257 salvus
1296 1218 1426 1256 esse
1480 1202 1563 1255 vis
1613 1201 1967 1273 magnisque
2000 1200 2079 1254 af-

415 1296 511 1350 fici
533 1293 828 1360 donis,dic
859 1293 931 1346 iis
963 1292 1064 1362 qui
1087 1297 1142 1345 te
1176 1291 1484 1354 miserant,
1517 1289 1795 1345 omnibus
1827 1289 2079 1344 audien-

415 1386 594 1450 tibus,
628 1384 952 1454 denegasse
977 1383 1396 1453 imperatorem
1433 1383 1764 1436 Romanum
1801 1381 1874 1434 iis
1907 1380 2078 1434 auxi-

415 1473 517 1535 lia,
583 1474 677 1526 sin
735 1489 936 1526 verum
996 1471 1390 1532 renuntiabis,
1425 1470 1591 1524 illico
1645 1468 1886 1540 peribis.
1935 1469 2072 1523 Pro-

418 1563 604 1616 mittit
634 1562 862 1632 legatus
908 1577 968 1615 se
997 1559 1290 1614 facturum
1326 1559 1482 1630 quod
1510 1559 1778 1629 jusserat
1806 1574 2070 1622 ameras;

417 1657 476 1706 et
500 1667 633 1705 cum
665 1651 738 1705 ad
770 1649 993 1721 sagittae
1043 1650 1194 1703 ictus
1225 1649 1482 1719 spatium
1523 1647 1598 1702 ad
1629 1647 1844 1702 muenia
1875 1663 2071 1702 acces-

423 1740 657 1807 sissent,
718 1738 944 1809 primos
994 1737 1160 1792 urbis
1216 1736 1453 1808 prodire
1502 1736 1783 1807 postulat.
1842 1736 1948 1800 Qui
2008 1741 2073 1790 ut

2193 575 2406 639 πόλεις.
2443 576 2961 652 Στενοχωροόμενοι
2993 575 3050 632 δὲ
3087 579 3188 632 ὑπὸ
3231 579 3558 644 πολιορκίας
3592 581 3645 633 οἳ
3681 579 3856 634 πολῖ-

2191 687 2278 721 ται
2320 661 2798 741 διαπρεσϐεύονται
2857 667 2992 741 πρὸς
3049 667 3144 720 τὸν
3204 667 3370 743 ρἧα,
3441 669 3745 743 συγγώμην
3792 691 3851 724 τε

2190 758 2289 820 τῆς
2319 753 2632 830 ἆμαρτάδος
2691 755 2966 817 αἰτοῦντες
3006 757 3094 810 καὶ
3147 757 3466 831 συμμαχίαν
3529 762 3850 826 ζητοῦντες.

2191 844 2370 899 Ἀλλά
2405 846 2523 916 μεθ’
2571 841 2779 919 ὕϐρεως
2831 845 3267 917 ἀποπέμπονται,
3318 844 3624 920 ἐπιχαίρειν
3659 847 3850 901 εἰπόν-

2190 953 2281 993 τος
2331 937 2399 1006 τῇ
2449 932 2700 1005 ἀπωλείᾳ
2747 933 2948 988 αὐτῶν.
3002 933 3318 1008 Ἀπράκτων
3352 931 3408 988 δὲ
3439 940 3546 988 τῶν
3579 931 3855 1009 πρεσϐευ-

2189 1025 2294 1075 τῶν
2341 1020 2848 1096 έπαναστρεψάντων
2900 1019 3325 1097 διαπορούμενοι
3375 1023 3465 1076 καὶ
3514 1025 3592 1097 μὴ
3624 1019 3850 1098 ἔχοντες

2188 1109 2217 1164 ὅ
2247 1131 2296 1163 τι
2329 1111 2415 1164 καὶ
2451 1107 2722 1184 δράσειαν,
2775 1108 2964 1174 δεινῶς
3013 1109 3068 1166 δὲ
3114 1110 3428 1184 πιεζόμενοι
3472 1112 3563 1165 καὶ
3595 1119 3714 1172 ταῖς
3743 1121 3850 1181 τῆς

2188 1196 2510 1272 πολιορκίας
2543 1197 2820 1274 ἀνάγκαις,
2853 1197 3178 1254 στέλλουσιν
3233 1197 3469 1275 ἂγγελον
3507 1199 3644 1274 πρὸς
3680 1201 3850 1256 Βασί-

2189 1285 2332 1341 λειον
2378 1288 2470 1341 τὸν
2525 1287 2750 1362 βασιλέα
2803 1287 3120 1360 Ῥωμαίων,
3157 1288 3415 1362 βοήθειαν
3445 1287 3848 1361 ἐξαιτούμενοι.

2187 1373 2356 1437 Οὗτος
2390 1372 2446 1429 δὲ
2497 1377 2596 1443 τὴν
2651 1371 2937 1450 πρεσϐείαν
2999 1373 3286 1447 δεξάμενος
3343 1381 3531 1440 θᾶττον
3567 1376 3848 1449 ἐκπέμπει

2183 1467 2274 1520 τὸν
2329 1460 2682 1539 πρεσϐευτὴν,
2751 1463 2965 1540 θαρρεῖν
3033 1469 3487 1540 παρεγγυήσοντα
3555 1467 3631 1529 ὡς
3703 1469 3846 1538 μετὰ

2188 1557 2380 1628 μικρὸν
2438 1557 2547 1628 ἣξει
2604 1577 2663 1610 τε
2717 1555 2898 1616 αὐτοῖς
2955 1555 3259 1630 ἀποχρῶσα
3315 1558 3542 1631 βοήθεια
3602 1559 3688 1610 καὶ
3736 1565 3843 1625 τῆς

2183 1645 2416 1718 ἀνάγκης
2473 1643 2666 1706 αὐτοὺς
2727 1644 3001 1714 ἐξεκεῖται.
3058 1645 3422 1719 Ὑποστρέψας
3476 1643 3564 1699 οὖν
3617 1647 3644 1699 6
3702 1667 3844 1720 πρε-

2184 1730 2413 1803 σϐευτής
2481 1731 2846 1808 αἰχμάλωτος
2904 1731 3111 1808 ἐγένετο
3169 1740 3285 1796 τοῖς
3353 1733 3593 1808 ἐχθροῖς·
3651 1734 3710 1788 δν
3743 1737 3842 1789 καὶ

414 1833 630 1900 prmsto
672 1827 932 1894 fuerunt,
965 1827 1050 1881 sic
1093 1843 1191 1880 eos
1223 1825 1544 1896 compellat
1576 1843 1588 1880 :
1616 1825 1867 1879 Tametsi
1899 1824 2067 1892 mihi,

2179 1823 2666 1897 παραστησάμενος
2697 1823 2724 1875 6
2758 1821 3058 1891 Σολδάνος,
3091 1846 3119 1874 ‹‹
3154 1829 3334 1889 Δυοῖν,
3368 1821 3494 1898 ἔφη,
3539 1824 3844 1896 προκειμέ-

423 1933 456 1972 o
483 1922 701 1988 patres-
737 1921 899 1971 certa
928 1932 1087 1970 mors
1110 1914 1415 1986 impendet
1473 1913 1822 1985 gladiusque
1853 1913 1927 1968 ad
1974 1914 2070 1984 ju-

409 2008 614 2079 gulum
647 2012 756 2068 est,
791 2023 912 2060 non
943 2011 1144 2059 tamen
1175 2004 1380 2058 celabo
1399 2007 1730 2069 veritatem,
1754 2009 1812 2057 et
1839 2019 1980 2074 rogo
2007 2007 2072 2056 ut

409 2095 578 2147 uxori
613 2093 936 2162 liberisque
965 2093 1115 2146 meis
1158 2093 1408 2164 gratiam
1440 2092 1766 2146 referratis.
1789 2094 1929 2162 Ego,
1963 2089 2070 2143 do-

415 2181 584 2250 mini,
619 2197 959 2252 quanquam
992 2197 1150 2235 nunc
1180 2181 1242 2234 in
1277 2180 1553 2235 manibus
1585 2180 1844 2234 hostium
1862 2180 2066 2234 1025

414 2286 566 2336 sum,
593 2270 951 2342 legationem
995 2285 1187 2324 meam
1221 2269 1470 2335 confeci,
1505 2274 1562 2322 et
1621 2285 1757 2323 mox
1815 2267 2004 2322 aderit
2037 2284 2071 2322 a

413 2361 678 2414 Romano
709 2359 957 2413 missum
985 2358 1342 2429 imperatore
1372 2357 1892 2428 auxiliumJtaque
1917 2362 2066 2411 state

409 2447 644 2502 fortiter
667 2465 679 2501 :
705 2447 864 2501 venit
885 2447 1044 2501 enim
1068 2446 1169 2516 qui
1192 2451 1258 2501 ut
1286 2463 1405 2501 non
1437 2463 1554 2512 me,
1581 2463 1680 2500 vos
1714 2446 1924 2499 saltem
1951 2445 2066 2498 eri-

412 2537 554 2608 piet.
580 2537 712 2592 Haec
742 2535 930 2590 fatum
967 2535 1130 2590 illico
1163 2536 1424 2590 ministri
1463 2535 1702 2590 Soldani
1762 2533 1974 2606 gladiis
2007 2535 2068 2588 in

412 2627 623 2698 exigua
648 2625 836 2680 frusta
848 2625 1236 2680 disciderunt.
1261 2625 1551 2680 Soldanus
1574 2629 1768 2679 autem
1793 2628 2067 2677 metuens

411 2714 522 2768 sibi
555 2714 628 2768 ab
659 2713 1058 2785 imperatoris,
1091 2714 1373 2784 quoniam
1399 2730 1534 2768 eum
1567 2713 1890 2768 missurum
1941 2729 2068 2782 cog-

409 2809 672 2872 noverat,
706 2805 965 2858 exercitu
997 2803 1192 2858 soluta
1223 2803 1534 2857 obsidione
1576 2803 1820 2856 domum
1862 2801 2062 2856 rediit.

409 2893 626 2962 Capuaa
662 2901 718 2947 et
739 2894 1071 2947 Banevento
1105 2892 1316 2946 exinde
1351 2893 1607 2948 societas
1629 2908 1696 2946 ac
1717 2891 1908 2946 fasdus
1928 2906 2064 2945 cum

410 2983 677 3036 Romano
709 2982 1070 3052 imperatore
1101 2981 1233 3035 fuit.

2180 1931 2293 1966 νοιν
2324 1909 2470 1966 όδοῖν
2505 1907 2675 1982 ἔξεστί
2729 1932 2814 1965 σοι
2871 1913 2970 1979 τήν
3029 1910 3460 1986 ὠφελιμωτέραν
3497 1912 3736 1970 ἑλέσθαι.
3775 1913 3842 1969 ΕΞ

2184 2003 2279 2074 μὲν
2328 2001 2428 2076 γὰρ
2477 1998 2654 2064 θέλεις
2703 2001 2802 2069 τὴν
2849 1999 3042 2055 ἐαυτοῦ
3094 2001 3366 2075 σωτηρίαν
3409 1999 3628 2072 δωρεῶν
3661 2023 3846 2056 τετυ-

2179 2096 2298 2165 χεῖν
2333 2091 2421 2144 καὶ
2454 2089 2698 2168 χαρίτων
2759 2088 3011 2159 πολλῶν,
3072 2089 3312 2160 λάλησον
3361 2092 3499 2161 πρὸς
3530 2091 3661 2152 τοὺς
3693 2092 3847 2164 πέμ-

2178 2183 2381 2252 ψαδτας
2415 2179 2466 2233 ἐν
2501 2180 2746 2251 ἐπηκόῳ,
2770 2181 2844 2242 ὡς
2873 2178 3162 2249 ἀπείρηται
3190 2184 3268 2251 τῷ
3303 2178 3520 2255 βασιλεῖ
3548 2182 3845 2253 Ῥωμαίων

2178 2271 2212 2337 ἡ
2247 2268 2383 2342 πρὸς
2427 2269 2567 2340 ὑμᾶς
2626 2269 2940 2346 συμμαχία,
2975 2270 3064 2322 καὶ
3126 2270 3370 2342 σωθήσῃ·
3411 2275 3518 2323 τῶν
3554 2267 3602 2323 δ’
3634 2269 3844 2340 ἀληθι-

2179 2363 2283 2411 νῶν
2317 2356 2660 2434 ἐπαγγελιῶν
2694 2357 2944 2432 ἐχομένῳ
2991 2377 3075 2410 σοι
3121 2355 3307 2430 ἕψεται
3338 2359 3644 2433 ταχύτατος
3674 2361 3846 2413 θάνα-

2175 2466 2285 2506 τος.
2322 2470 2349 2496 ››
2400 2451 2503 2499 Τοῦ
2563 2442 2608 2499 δ’
2667 2444 3064 2520 ἀγγελιαφόρου
3125 2445 3444 2517 συνθεμένου
3484 2448 3547 2501 τὸ
3608 2445 3834 2519 Θέλημα

2176 2543 2400 2604 ποιῆσαι
2431 2539 2528 2588 τοῦ
2555 2535 2767 2610 ἀμηρᾶ,
2803 2535 2916 2589 ἐπεὶ
2949 2534 3022 2597 ὠς
3068 2535 3172 2589 ἀπὸ
3202 2537 3360 2605 τόξου
3405 2535 3578 2611 βολῆς
3611 2542 3692 2608 τῷ
3724 2540 3840 2592 τεὶ-

2178 2643 2266 2698 χει
2300 2626 2699 2698 προσήγγισαν,
2756 2623 2882 2684 τοὺς
2938 2625 3191 2698 πρώτους
3224 2625 3251 2678 6
3284 2621 3622 2699 πρεσϐευτὴς
3652 2648 3839 2700 παρα-

2175 2714 2420 2789 γενέσθαι
2475 2717 2573 2776 τῆς
2634 2711 2849 2773 πόλεως
2910 2711 3223 2786 ἐξῃτήσατο.
3297 2716 3380 2786 [Ρ.
3423 2716 3546 2786 580]
3609 2717 3706 2768 Καὶ
3769 2713 3842 2783 δὴ

2174 2799 2652 2876 παραγενομένων,
2685 2801 2947 2854 τοιούτων
2987 2801 3122 2874 πρὸς
3165 2801 3361 2865 αὐτοὺς
3388 2802 3587 2874 ἤρξατο
3622 2802 3836 2873 λόγων·

2176 2914 2202 2940 ‹‹
2239 2889 2298 2945 Εἰ
2331 2889 2420 2943 καὶ
2477 2887 2761 2962 πρόδηλός
2820 2909 2914 2960 μοι
2962 2889 3220 2965 τυγχάνει
3253 2891 3280 2943 6
3313 2891 3559 2958 Θάνατος,
3593 2890 3637 2944 ὦ
3669 2894 3840 2946 πατέ-

2175 2997 2282 3048 ρες,
2313 2977 2402 3032 καὶ
2436 2978 2496 3031 τὸ
2533 2977 2685 3050 ξίφος
2745 2977 2796 3030 ἐν
2854 2980 2922 3050 τῇ
2978 2981 3179 3053 σφαγῇ,
3221 2977 3347 3033 ἀλλ’
3378 2979 3528 3050 ὅμως
3559 2980 3661 3033 οὐκ
3692 2981 3840 3034 ἀπο-

407 3067 689 3142 κρύψομαι
718 3070 816 3138 τήν
849 3068 1132 3138 ἀλήθειαν.
1169 3067 1318 3122 Αἰτῶ
1351 3065 1406 3122 δὲ
1457 3065 1756 3122 ἀποδοῦναί
1815 3088 1908 3140 μοι
1965 3067 2063 3134 τήν
2126 3065 2286 3140 χάριν
2348 3066 2422 3127 εἰς
2453 3067 2518 3120 τὰ
2576 3063 2682 3136 ἐμά
2737 3061 2930 3138 ἔκγονα
2957 3067 3048 3120 καὶ
3075 3069 3174 3135 τήν
3206 3067 3478 3125 σόνευνον.
3515 3068 3661 3142 Ἐγὼ
3693 3070 3829 3144 γάρ,

404 3159 449 3211 ὦ
480 3157 660 3232 κύριοί
694 3179 820 3230 μου,
853 3158 898 3212 εἰ
928 3157 1017 3211 καὶ
1045 3162 1165 3220 ταῖς
1193 3163 1300 3211 τῶν
1361 3156 1644 3229 πολεμίων
1707 3158 2017 3231 κατέχῠμαι
2079 3154 2291 3228 χερσὶν,
2349 3153 2494 3208 ἀλλά
2541 3175 2600 3229 γε
2645 3157 2745 3223 τήν
2803 3150 3091 3227 πρεσϐείαν
3155 3177 3260 3228 μου
3323 3155 3703 3230 ἐξεπλήρωσα,
3739 3162 3834 3213 καὶ

407 3248 696 3320 συντόμως
726 3243 1093 3321 προσὸὶχεσθε
1121 3247 1219 3314 τὴν
1281 3245 1340 3300 ἐκ
1395 3250 1491 3300 τοῦ
1555 3244 1826 3319 βασιλέως
1880 3249 1986 3298 τῶν
2047 3243 2338 3316 Ῥωμαίων
2405 3245 2684 3317 βοήθειαν,
2742 3244 2835 3297 Διὸ
2894 3251 3055 3312 στῆτε
3107 3245 3385 3320 γενναίως·
3415 3244 3632 3320 ἔρχεται
3665 3249 3768 3320 γάρ
3802 3252 3831 3301 6

410 3335 671 3412 ῥυόμενος
704 3336 866 3407 ὑμᾶς,
899 3335 944 3388 εί
977 3340 1065 3388 καί
1097 3337 1172 3407 μή
1206 3333 1323 3404 ἐμέ.
1363 3359 1382 3383 ι
1446 3335 1616 3395 Οὗτος
1669 3335 1760 3407 μὲν
1815 3334 1906 3387 οὗν
1961 3334 2196 3386 τοσαῦτα
2245 3334 2333 3385 καὶ
2383 3336 2608 3386 τοιαῦτα
2665 3331 2830 3386 εἰπὼν
2883 3331 3080 3396 εὐθέως
3117 3333 3218 3387 ὑπὸ
3274 3339 3381 3388 τῶν
3417 3335 3695 3408 ὑπηρετῶν
3726 3341 3825 3389 τοῦ

415 3422 696 3478 Σολὸάνου
721 3430 838 3484 τοῖς
862 3422 1062 3499 ξίφεσιν
1095 3421 1169 3481 εἰς
1203 3421 1370 3494 μικρά
1425 3421 1560 3495 μέρη
1595 3423 1683 3476 καὶ
1739 3421 1902 3494 μόρια
1930 3423 2268 3494 κατετμήθη
2325 3420 2352 3473 6
2413 3418 2692 3482 Σολὸάνος
2720 3417 2900 3490 δέτὴν
2936 3420 2994 3475 ἐκ
3017 3427 3118 3476 τοῦ
3153 3422 3420 3495 βασιλέως
3455 3423 3817 3495 ἐλευσομένην

416 3513 676 3581 βοήθειαν
707 3507 1027 3584 ὀρρωδήσας
1055 3504 1214 3563 ἔλυσε
1243 3511 1342 3578 τὴν
1369 3507 1689 3584 πολιορκίαν
1723 3509 1811 3564 καὶ
1847 3507 2027 3564 οἶκαδε
2061 3509 2435 3584 ὑπεχώρησεν.
2471 3508 2541 3565 Ai
2589 3506 2643 3564 δὲ
2692 3509 2971 3586 εἰρημέναι
3001 3509 3195 3572 πόλεις
3227 3512 3288 3565 τὸ
3321 3512 3426 3566 ἀπὸ
3456 3511 3614 3566 τοῦδε
3649 3510 3824 3567 διετέ-

413 3595 570 3650 λεσαν
602 3594 755 3674 φίλαι
787 3596 877 3650 καὶ
911 3593 1199 3671 σύμμαχοι
1229 3599 1562 3652 καθεστῶσαι
1596 3599 1918 3671 Ῥωμαίοις.

483 3687 649 3742 Circa
669 3687 780 3741 hoc
804 3691 1038 3758 tempus
1053 3689 1268 3742 Esman
1292 3689 1453 3743 Tarsi
1468 3704 1721 3754 ameras,
1756 3689 2060 3760 superiore

2249 3685 2393 3742 Κατά
2419 3689 2610 3739 τοῦτον
2644 3685 2737 3740 τὸν
2787 3687 2987 3758 χρόνον
3043 3687 3132 3741 καὶ
3186 3687 3388 3759 Ἐσμάν
3423 3689 3450 3741 6
3481 3694 3578 3755 τῆς
3607 3689 3828 3762 Ταρσοῦ

405 3777 650 3832 inflatus
682 3777 946 3844 victoria,
1008 3776 1300 3832 maximas
1351 3793 1528 3832 naves
1562 3779 1823 3849 triginta,
1858 3778 2064 3848 quales

404 3867 682 3922 Saraceni
742 3867 1048 3937 cumparia
1099 3873 1330 3935 vocant,
1393 3867 1718 3934 adornavit,
1747 3869 1938 3938 iisque
1973 3885 2066 3922 ur-

402 3956 540 4011 bem
571 3957 856 4026 Euripum
891 3955 1080 4025 petiit.
1115 3955 1224 4009 Sed
1259 3955 1398 4026 quia
1427 3956 1537 4010 hoc
1566 3957 1928 4026 praeviderat
1951 3956 2061 4009 im-

401 4052 662 4118 perator,
695 4045 932 4101 Grmciaa
967 4045 1282 4116 praefectus
1313 4045 1606 4100 {Eneiates
1662 4045 1842 4117 hujus
1865 4046 2062 4116 jussu,

403 4142 692 4207 quantum
746 4134 910 4189 urbis
951 4133 1236 4205 prasidio
1296 4133 1601 4189 sufﬁceret
1649 4135 1935 4206 populum
1995 4151 2063 4188 ex

407 4227 684 4279 universa
707 4222 1628 4293 Graeciaintroduxit,murosque
1643 4223 2065 4278 convenienter

405 4313 677 4378 munivit,
723 4312 953 4367 balistis
1013 4317 1070 4365 et
1127 4328 1267 4366 saxa
1327 4311 1739 4381 torquentibus
1771 4311 2063 4366 machinis

406 4399 1106 4470 adornatis,omninoque
1148 4400 1303 4454 nihil
1335 4416 1539 4454 eorum
1563 4417 1693 4470 quae
1721 4401 1797 4454 ad
1841 4417 2060 4472 oppug-

403 4487 709 4541 nationem
725 4488 1160 4560 proﬂigandam
1186 4489 1415 4544 faciunt
1437 4489 1711 4560 neglexit.
1728 4487 1801 4543 Ut
1821 4491 2063 4544 Tarsen—

401 4577 557 4631 sium
595 4575 800 4630 classis
830 4578 1094 4648 appulit,
1120 4584 1178 4632 et
1208 4579 1396 4633 muris
1427 4579 1912 4650 appropinquans
1943 4595 2062 4633 cre-

403 4665 527 4720 bris
552 4665 804 4720 telorum
831 4666 1038 4721 πονο
1070 4666 1442 4735 conjectibus
1483 4667 1810 4738 reppellere
1841 4683 1941 4722 eos
1959 4667 2059 4737 qui

406 4772 608 4810 muros
636 4753 960 4810 tuebantur
989 4755 1269 4822 intendit,
1289 4755 1392 4822 ibi,
1427 4757 1526 4827 qui
1557 4757 1756 4826 Euripi
1816 4757 1878 4809 in
1910 4773 2058 4826 prae-

405 4844 555 4898 sidio
575 4848 766 4912 erant,
797 4843 979 4898 animi
1015 4842 1224 4898 robore
1274 4844 1532 4914 impleti,
1583 4844 1874 4898 machinis
1919 4860 2060 4898 saxa

395 4933 803 5006 jaculantibus
835 4937 894 4987 et
923 4932 1154 4986 balistis
1174 4939 1351 5002 atque
1369 4932 1622 4987 arcubus
1643 4931 2058 5002 lapidibusque

404 5038 588 5078 manu
619 5021 908 5075 mittentis
968 5021 1050 5075 ita
1079 5038 1185 5091 pro
1216 5021 1361 5075 urbe
1421 5027 1960 5090 propugnaverunt,
1992 5026 2059 5076 ut

403 5110 730 5167 identidem
747 5109 965 5163 multos
982 5109 1374 5163 Barbarorum
1391 5108 1718 5179 dejecerint
1741 5126 1753 5174 ;
1771 5115 2062 5180 ventoque

403 5199 663 5256 secundo
695 5199 870 5252 obser
889 5203 1184 5265 vato,suas
1212 5197 1485 5252 triremes
1509 5197 1570 5251 in
1600 5196 1828 5251 hostem
1853 5198 2052 5253 immi-

402 5288 982 5358 serunt,multasque
1033 5285 1292 5340 hostium
1323 5287 1710 5342 navesGraaco
1759 5287 1877 5359 igni
1908 5304 2062 5342 com-

411 5373 751 5431 busserunt.
778 5375 861 5430 0b
896 5391 1026 5445 quas
1058 5374 1256 5430 animo
1288 5381 1548 5431 aestuans
1581 5378 1819 5440 Esman,
1842 5393 2061 5449 gnarus

415 5459 651 5515 interim
685 5463 906 5516 multos
937 5463 1204 5532 pecuniae
1249 5464 1572 5534 cupiditate
1626 5471 1876 5520 mortem
1916 5483 2062 5520 con-

2175 3771 2413 3848 ὂίμηρᾶς,
2470 3777 2538 3846 τῇ
2597 3773 3027 3848 προηγησαμένῃ
3089 3773 3447 3850 ἐπαιρόμενος
3494 3777 3633 3848 νίκῃ,
3674 3779 3833 3850 τριά-

2173 3883 2336 3917 κοντα
2375 3866 2544 3916 πλοῖα
2600 3866 2708 3934 (93)
2765 3861 2987 3938 μέγιστα
3040 3862 3834 3936 ἐξαρτυσάμενος(κουμπάρια

2171 3957 2340 4006 ταῦτα
2389 3949 2575 4005 καλεῖν
2618 3949 2866 4006 εἰώθασιν
2916 3953 2966 4006 οἱ
3011 3955 3341 4026 Σαρακηνοὶ)
3370 3958 3437 4028 τῇ
3470 3951 3624 4007 πόλει
3657 3954 3836 4008 ἐπιτί-

2175 4041 2448 4094 θεταιτοῦ
2515 4039 2780 4114 Εὐρίπου.
2843 4042 3179 4116 Ηρογνόντος
3238 4039 3294 4096 δὲ
3349 4047 3508 4097 τοῦτο
3555 4047 3653 4096 τοῦ
3682 4045 3842 4118 βασι-

2179 4127 2340 4197 λέως,
2373 4130 2400 4182 ὁ
2432 4131 2736 4204 στρατηγὸς
2793 4136 2892 4199 τῆς
2945 4128 3217 4191 Ἑλλάδος
3265 4131 3316 4204 (ό
3347 4133 3634 4200 Οίνειάτης
3668 4132 3835 4196 οὗτος

2172 4221 2260 4292 ἦν)
2305 4219 2550 4276 κελεύσει
2608 4219 2870 4294 βασιλικῇ
2921 4223 3010 4276 τὸν
3064 4224 3248 4277 ἱκανὸν
3297 4223 3373 4284 εἷς
3429 4223 3679 4300 φυλακήν
3732 4233 3834 4294 τῆς

2173 4307 2389 4372 πόλεως
2439 4307 2568 4364 λαὸν
2617 4306 2722 4364 ἀπὸ
2771 4313 2948 4377 πάσης
2991 4308 3264 4374 Ἑλλάδος
3293 4311 3552 4387 ετσήγαγε
3589 4314 3834 4375 καὶτοῖς

2172 4396 2377 4471 τείχεσι
2431 4399 2530 4462 τήν
2581 4400 2968 4472 προσήκουσαν
3024 4401 3367 4474 παρασκευὴν
3401 4400 3834 4476 προσηνέγκατο,

2173 4481 2484 4559 πετροϐόλα
2507 4507 2564 4540 τε
2591 4485 2793 4562 ὄργανα
2848 4488 2938 4542 καὶ
2992 4483 3262 4558 τοξοϐόλα
3287 4492 3709 4561 τεκτηνάμενος,
3741 4494 3835 4546 καὶ

2173 4573 2333 4646 ἁπλῷ
2367 4572 2517 4647 λόγῳ
2561 4572 2729 4646 μηδὲν
2774 4579 2883 4629 τῶν
2932 4572 3236 4648 δυναμένων
3270 4573 3566 4632 ἀποσοϐεῖν
3596 4577 3834 4652 πολιορο

2169 4663 2287 4716 κίαν
2319 4663 2670 4739 ἀμυντηρίων
2705 4664 3014 4721 ἀπολιπών.
3071 4666 3219 4720 Ἐπεὶ
3277 4663 3333 4719 δέ
3380 4664 3647 4721 κατέλαϐε
3677 4671 3764 4723 καὶ
3806 4672 3834 4723 6

2169 4758 2276 4806 τῶν
2305 4752 2553 4826 Ταρσέων
2588 4752 2806 4821 στόλος,
2866 4754 2954 4807 καὶ
3013 4759 3127 4815 τοῖς
3160 4755 3395 4832 τείχεσιν
3438 4753 3546 4826 ἤδη
3581 4762 3838 4832 προσήγ-

2168 4847 2304 4915 γιζε,
2349 4841 2436 4894 καὶ
2492 4841 2664 4916 βιλῶν
2725 4842 2906 4918 ἀαέσει
2964 4847 3176 4920 συχνῶν
3233 4843 3586 4898 ἀναστέλλειν
3620 4849 3834 4921 ἠγωνί-

2173 4935 2290 4997 ζετο
2321 4928 2452 4990 τοὺς
2508 4930 2613 4983 ἀπὸ
2669 4933 2778 4983 τῶν
2833 4936 3034 5004 τειχῶν
3094 4930 3496 5004 ἀμυνομένους,
3531 4935 3708 5004 θυμοῦ
3739 4937 3834 4989 καὶ

2175 5019 2483 5092 προθυμίας
2541 5016 2776 5093 πλήρεις
2835 5019 2886 5072 οἱ
2939 5023 3035 5073 τοῦ
3094 5019 3336 5094 Εὐρίπου
3393 5021 3681 5097 γενόμενοι
3712 5031 3836 5086 τοῖς

2173 5103 2535 5182 πετροϐόλοις
2566 5112 2674 5162 τῶν
2708 5109 2950 5182 ὀργάνων
2983 5109 3071 5162 καὶ
3119 5115 3236 5170 τοῖς
3280 5111 3703 5175 καταπελτικοῖς
3740 5116 3834 5188 βέα

2175 5196 2294 5252 λεσι
2327 5199 2415 5252 καὶ
2446 5204 2565 5260 τοῖς
2594 5199 2775 5268 τόξοις
2828 5198 2918 5253 καὶ
2974 5204 3090 5260 τοῖς
3152 5199 3210 5254 ἐκ
3261 5205 3367 5255 τῶν
3409 5207 3614 5279 χειρῶν
3650 5203 3836 5268 λίθόις

2172 5287 2280 5342 ἀπὸ
2309 5292 2416 5343 τῶν
2449 5293 2649 5363 τειχῶν
2692 5289 2950 5364 γενναίως
3001 5288 3300 5361 ἠμύνοντο,
3333 5292 3420 5346 καὶ
3454 5293 3692 5367 συχνοὺς
3720 5301 3834 5349 τῶν

2175 5372 2471 5452 Βαρϐάρων
2531 5379 2650 5440 καθ’
2708 5377 2936 5448 ἑκάστην
2998 5377 3311 5447 ἀνήλισκον.
3357 5381 3839 5454 Ἐπιτηρτςσαντες

2172 5461 2230 5518 δὲ
2258 5465 2346 5518 καὶ
2397 5469 2607 5538 πνεῦμα
2659 5465 2918 5542 ἐπίφορον
2977 5464 3293 5534 ἐπαφείκασι
3337 5469 3431 5528 τὰς
3474 5471 3682 5524 ἑαυτῶν
3712 5493 3804 5547 τρι

1644 5559 2013 5616 XYLANDRI
2051 5559 2138 5616 ET
2176 5563 2389 5618 GOARI
2431 5561 2654 5618 ΝΟΤίΕ.

481 5650 590 5719 (93)
617 5653 662 5704 A
693 5651 999 5704 Saracenis
1023 5661 1227 5710 vocata
1255 5655 1592 5730 κουμπάρια,
1625 5659 1838 5727 inquit,
1872 5674 1940 5714 ac
1970 5659 2067 5713 inf:

2178 5677 2221 5714 ιε
2255 5653 2287 5711 ἃ
2319 5655 2383 5728 δὴ
2414 5657 2611 5734 γαλέας
2642 5658 3033 5734 κατονομάζειν
3066 5661 3306 5718 εἰώθασι.
3341 5666 3516 5721 GOAR.
