4126 6220
480 337 636 397 1119

1846 331 2166 394 GEORGII
2207 330 2556 391 CEDRENI

3743 336 3900 396 1120

479 471 852 526 rescivissent
885 469 1100 523 Bardas
1123 473 1181 522 et
1212 468 1486 532 Davidus,
1510 468 1689 539 hujus
1722 466 1851 534 filii,
1878 465 2124 520 Bainum

2238 460 2452 523 τούτοις
2483 461 2575 516 τὸν
2614 460 2860 537 βασιλέα,
2884 460 3032 517 ἀλλὰ
3065 464 3249 536 μαθων
3277 465 3380 533 τήν
3429 464 3602 520 αἰτίαν
3649 469 3764 536 τῆς
3810 474 3897 522 τοῦ

477 559 882 618 interﬁciunt;
917 563 1368 628 metuentesque
1399 558 1507 611 sibi
1541 557 1614 611 ab
1643 557 1792 610 irato
1825 555 2004 625 hujus
2036 553 2124 607 fa-

476 649 694 704 cinoris
725 663 904 701 causa
931 647 1621 718 imperatore,assumpto
1649 651 1815 716 patre
1838 643 2037 713 fugam
2063 643 2124 697 in

477 740 679 810 Syram
729 737 1077 791 moliuntur.
1141 739 1470 807 Imperator
1528 736 1599 790 de
1653 752 1714 789 re
1746 735 1856 789 hac
1909 733 2127 787 certior

474 828 664 883 factus
686 827 1028 897 prmfectum
1063 827 1394 882 sodalitatis
1437 841 1567 880 cum
1615 824 1970 896 quibusdam
2011 823 2124 875 mi-

473 917 678 971 litibus
713 916 912 982 mittit,
946 915 1221 970 celeriter
1250 916 1484 985 insequi
1525 921 1582 968 et
1618 911 2123 984 comprehendere

475 1022 576 1060 eos
611 1004 854 1075 jubens.
915 1006 979 1058 Hi
1035 1005 1185 1058 nihil
1231 1004 1440 1059 morali
1492 1004 1553 1057 in
1604 1001 1978 1074 Cappadocia
2023 1017 2122 1055 eos

476 1100 856 1164 assequntur,
890 1095 1090 1149 1.083
1125 1094 1185 1148 in
1235 1094 1460 1162 Syriam
1491 1097 1900 1164 prOperantes.
1945 1091 2120 1145 Cum-

475 1199 588 1253 que
623 1199 722 1237 eos
753 1199 1068 1254 progressu
1101 1182 1486 1252 prohiberent
1515 1187 1692 1252 atque
1731 1180 1769 1233 ii
1802 1180 1852 1232 vi
1884 1179 2121 1233 resiste-

474 1279 627 1340 rent,
663 1273 736 1327 ad
771 1289 981 1327 manus
1012 1279 1274 1340 ventum,
1309 1278 1367 1325 et
1401 1272 1555 1326 inter
1585 1269 1987 1325 dimicandum
2021 1268 2124 1324 ﬁlii

475 1363 686 1416 Leonis
718 1361 1080 1415 ceciderunt.
1131 1363 1239 1415 Leo
1273 1367 1479 1431 captus
1511 1365 1566 1414 et
1598 1359 1669 1414 ad
1704 1359 2124 1429 imperatorem

474 1451 794 1522 perductus
827 1455 933 1503 est.
971 1451 1047 1504 De
1090 1467 1156 1504 eo
1204 1449 1430 1521 legibus
1479 1455 1676 1504 actum
1726 1448 2124 1516 damnatoque

477 1539 626 1593 alter
646 1540 951 1594 oculorum
976 1541 1225 1594 effossus
1250 1545 1307 1592 et
1336 1539 1523 1594 altera
1553 1552 1837 1592 manuum
1860 1542 2125 1607 amputa-

473 1634 571 1682 ta:
606 1629 666 1682 in
700 1628 1108 1682 Mesembriam
1142 1629 1437 1700 relegatus
1469 1627 1548 1682 ibi
1581 1626 1915 1681 consenuit.

475 1736 656 1770 νουσιν
711 1716 909 1777 αὐτοὺς
967 1715 1018 1770 ἐν
1076 1714 1433 1785 Καππαδοκίᾳ
1485 1713 1751 1774 συντόνως
1807 1714 1906 1780 τὴν
1983 1709 2071 1766 ἐπὶ
2155 1711 2350 1786 Συρίαν
2436 1708 2776 1774 ἐλαύνοντας.

2238 552 2550 624 Ηροκοπίου
2578 558 2790 628 σφαγῆς
2845 558 2946 620 τῆς
3006 573 3065 608 τε
3116 553 3298 628 ἀρχῆς
3365 559 3553 609 τοῦτον
3612 556 3900 631 παρέλυσε

2234 640 2322 694 καὶ
2384 637 2656 714 έξόριστον
2706 640 2780 702 εἰς
2831 641 2894 695 τὸ
2967 643 3284 710 Κοτυάειον,
3342 639 3462 697 ἔνθα
3517 645 3613 712 τήν
3673 644 3896 713 οἴκησιν

2237 729 2377 804 εἶχε,
2425 728 2771 804 παρέπεμψε.
2834 733 3066 786 Βαϊάνου
3101 729 3158 786 δὲ
3204 737 3302 787 τοῦ
3331 733 3552 807 πρώτου
3578 737 3694 788 τῶν
3730 737 3899 790 ἱππο-

2234 815 2422 888 κόμων
2454 817 2570 890 (96)
2634 814 2805 872 αὐτοῦ⁹
2834 816 2921 870 καί
2956 839 3120 873 τινων
3163 817 3352 874 ἄλλων
3391 826 3502 874 τῶν
3553 819 3899 895 ἐξυπηρετη-

2236 905 2485 976 σαμένων
2539 905 2686 977 αὐτῷ
2738 908 2954 982 γραφὴν
3035 909 3413 972 καθοσιώνεως
3478 908 3896 984 ἐνστησαμένων

2233 995 2350 1048 κατ’
2419 993 2605 1061 αὐτοῦ,
2672 994 2937 1065 μαθόντες
2993 1000 3161 1051 τοῦτο
3214 995 3424 1072 Βάρδας
3479 998 3568 1052 καὶ
3624 995 3804 1054 Δαϐὶδ
3847 1002 3894 1054 0'!

2234 1080 2422 1144 παῖδες
2483 1083 2647 1137 αὐτοῦ
2677 1083 2768 1137 τὸν
2804 1084 2900 1157 μὲν
2958 1084 3186 1140 Βαῖάνον
3255 1087 3556 1161 ἀναιροῦσι,
3615 1084 3896 1164 φοϐηθὲν.

2234 1193 2322 1235 τες
2354 1171 2411 1228 δὲ
2440 1175 2538 1243 τὴν
2571 1173 2630 1228 ἐκ
2665 1173 2937 1248 βασιλέως
2970 1173 3141 1252 ὀργὴν
3176 1173 3264 1231 διὰ
3298 1177 3361 1232 τὸ
3407 1176 3709 1250 τόλμημα,
3746 1180 3897 1234 ἀνει-

2236 1260 2473 1342 ληφότες
2505 1265 2594 1318 καὶ
2651 1265 2743 1319 τὸν
2799 1269 2945 1344 σφῶν
3001 1265 3226 1340 πατέρα,
3285 1265 3549 1343 ὥρμησαν
3595 1271 3741 1340 πρὸς
3778 1276 3888 1324 Συ-

2235 1353 2354 1426 ρίαν
2405 1359 2609 1429 φυγεῖν.
2669 1355 2843 1428 Ὀπερ
2881 1355 3188 1427 πυθόμενος
3241 1357 3269 1410 6
3305 1357 3560 1431 βασιλεὺς
3600 1357 3898 1414 ἀπέστειλε

2233 1441 2324 1496 τὸν
2405 1449 2506 1510 τῆς
2576 1443 2842 1516 ἑταιρείας
2909 1441 3153 1522 ἄρχοντα
3219 1450 3331 1515 (97)
3384 1447 3518 1518 μετὰ
3576 1449 3664 1502 καὶ
3734 1469 3898 1502 τινων

2236 1535 2600 1606 στρατιωτῶν,
2661 1531 3038 1605 ἐντειλάμενος
3113 1542 3492 1611 καταταχῆσαι
3570 1537 3662 1590 καὶ
3721 1557 3896 1591 κατα-

2236 1627 2391 1695 σγεῖν
2446 1620 2662 1682 αὐτούς.
2697 1621 2767 1677 Οἳ
2807 1619 2874 1689 δὴ
2922 1623 3011 1676 καὶ
3070 1621 3485 1688 ἐπισπεύσαντες
3527 1623 3900 1699 καταλαμὸἁ-

2867 1709 3180 1774 Μέλλοντες
3248 1710 3305 1768 δὲ
3358 1712 3603 1769 κωλῦσαι
3664 1716 3898 1776 τούτους

477 1804 810 1880 προσωτέρω
878 1811 1081 1879 χωρεῖν
1163 1804 1315 1878 εὖρον
1386 1805 1808 1876 ἀνθισταμένους
1843 1847 1856 1871 ,
1911 1803 1999 1856 καὶ
2061 1799 2390 1873 συμπλοκῆς
2442 1797 2738 1875 γενομένης
2771 1800 2822 1854 οἱ
2857 1801 2952 1872 μὲν
3011 1798 3107 1856 δύο
3163 1799 3352 1865 παῖδες
3409 1802 3572 1858 αὐτοῦ
3633 1805 3895 1878 μαχόμε-

479 1915 563 1947 νοι
623 1893 932 1961 πίπτουσιν,
994 1893 1156 1956 αὐτὸς
1213 1891 1270 1947 δὲ
1330 1893 1567 1967 ζωγρίας
1621 1891 1850 1968 ληφθεὶς
1907 1890 2059 1965 ἤχθη
2122 1890 2256 1964 πρὸς
2316 1886 2543 1964 βασιλέα
2597 1887 2687 1942 καὶ
2739 1894 2855 1950 τοῖς
2911 1889 3105 1962 νόμοις
3159 1888 3400 1962 ἐξεδόθη.
3450 1892 3896 1971 Καταψηφισθεῖς

480 2001 577 2054 οὖν
611 2001 837 2071 ἐξεκόπη
887 2001 978 2054 τὸν
1031 1999 1120 2054 ἕνα
1157 2006 1268 2054 τῶν
1323 1999 1646 2078 ὀφθαλμῶν,
1708 2000 1944 2075 ἀφῃρέθη
1999 1995 2174 2052 δὲκαὶ
2228 1999 2327 2066 τὴν
2387 1997 2513 2070 μίαν
2569 2001 2678 2052 τῶν
2731 2001 2957 2073 χειρῶν,
3017 1999 3106 2052 καὶ
3162 1999 3225 2054 τὸ
3283 1998 3476 2056 λοιπὸν
3539 1999 3591 2055 ἐν
3656 2003 3892 2073 Μεσημ-

481 2085 607 2159 ϐρίᾳ
637 2089 906 2160 έξόριστος
931 2091 1131 2161 κατεγή
1144 2108 1319 2162 ρασεν,

549 2180 699 2231 Dum
742 2178 1116 2248 imperatoris
1175 2179 1355 2232 duces
1416 2194 1483 2232 ea
1543 2194 1672 2248 quae
1718 2177 2031 2232 retulimus
2062 2176 2123 2231 in
2157 2183 2202 2246 Β

479 2268 793 2326 Occidente
825 2273 1057 2340 gerunt,
1103 2268 1344 2322 interim
1379 2269 1479 2340 qui
1523 2268 1595 2323 ad
1627 2267 1939 2323 meridiem
1967 2267 2123 2322 inco-

475 2358 609 2412 lunt
637 2358 858 2412 Arabes
905 2358 1025 2412 otio
1077 2356 1341 2412 deditum
1394 2359 1816 2429 imperatorem
1846 2362 2124 2428 putantes

479 2449 746 2502 animum
807 2447 1126 2518 recipiunt,
1187 2447 1522 2518 iterumque
1575 2464 1700 2502 rem
1743 2447 1890 2502 mari
1923 2463 2125 2516 gerere

478 2542 764 2592 statuunt.
798 2538 1002 2607 Itaque
1035 2536 1321 2591 confectis
1347 2537 1504 2607 apud
1536 2536 1784 2608 .Egypti,
1812 2536 2123 2590 thnicim

476 2632 534 2681 et
565 2626 744 2698 Syriaa
800 2627 1132 2681 maritimas
1162 2627 1340 2681 urbes
1382 2627 1630 2680 navibus
1681 2625 2124 2696 expeditionem

475 2716 755 2771 adversus
787 2718 1080 2771 Romanos
1135 2721 1364 2787 parant,
1417 2715 1891 2787 exploratoribus
1925 2715 2120 2786 primo

477 2805 696 2871 missis,
719 2821 787 2857 ex
810 2803 1024 2874 quibus
1046 2809 1471 2874 cognoscerent
1505 2819 1620 2874 quo
1650 2803 1776 2856 loco
1811 2819 1902 2856 res
1934 2802 2122 2873 impe-

475 2893 688 2946 ratoris
712 2897 930 2946 essent.
965 2893 1162 2962 Neque
1186 2893 1295 2947 hoc
1320 2892 1656 2946 institutum
1681 2907 1884 2946 eorum
1915 2890 2127 2945 fefellit

479 2981 778 3046 Basilium,
808 2980 912 3035 sed
939 2981 1139 3036 omnia
1161 2998 1290 3052 qua:
1323 2982 1383 3036 in
1409 2981 1577 3052 Syria
1597 2985 1944 3052 gererentur
1960 2996 2119 3034 com-

477 3070 649 3140 perit.
676 3071 739 3123 lit
760 3069 881 3140 ipse
905 3069 1156 3125 classem
1179 3087 1455 3142 magnam
1479 3069 1797 3124 fabricatus
1820 3069 1892 3125 ad
1915 3068 2123 3124 urbem

477 3159 752 3227 detinuit,
813 3159 1028 3213 futuris
1086 3159 1370 3213 intentus.
1423 3159 1666 3213 Interim
1718 3175 1791 3213 ne
1845 3157 2125 3213 clasiiarii

479 3248 630 3302 nihil
653 3247 877 3319 agendo
892 3247 1216 3302 deteriores
1240 3247 1806 3317 ﬁerent,quando,ut
1827 3248 1913 3302 ait
1930 3253 2122 3318 poeta,

478 3337 653 3392 inane
712 3338 794 3390 nil
854 3337 990 3391 boni
1052 3337 1321 3408 producti
1368 3339 1576 3403 otium,
1637 3337 1698 3389 in
1776 3336 2122 3390 mdiﬁcando

479 3428 636 3496 quod
654 3433 792 3485 tunc
812 3443 965 3498 pone
987 3426 1428 3496 imperatoriam
1455 3426 1651 3480 aulam
1672 3424 2124 3478 substruebatur

479 3515 549 3569 de
573 3517 815 3570 nomine
836 3517 973 3570 Jesu
995 3515 1206 3570 Christi
1239 3515 1546 3585 templum,
1571 3514 1831 3584 itemque
1865 3513 2119 3568 ccelestis

478 3604 706 3659 militiae
726 3605 936 3660 ducem
965 3605 1253 3676 principis
1277 3611 1334 3658 et
1355 3605 1496 3658 Eliae
1518 3603 1807 3658 Thesbitse
1846 3602 1998 3658 fanis
2028 3602 2122 3656 ab-

481 3695 780 3750 solvendis
807 3713 1011 3752 eorum
1054 3712 1234 3767 opera
1280 3712 1424 3750 usus
1474 3699 1581 3759 est,
1634 3698 1996 3765 paratorum,
2021 3693 2121 3748 ubi

478 3787 735 3857 primum
787 3785 1088 3840 montibus
1119 3785 1326 3839 1034
1375 3799 1504 3838 sese
1553 3783 1850 3836 emitteret
1889 3783 2125 3853 Syriaca

478 3875 706 3943 classis,
742 3875 990 3928 navibus
1039 3873 1380 3928 conscensis
1421 3871 1495 3925 ad
1537 3887 1671 3925 eum
1703 3871 2122 3927 debellandum

478 3965 661 4020 avehi.
700 3966 772 4018 At
799 3964 1224 4018 Saracenorum
1253 3960 1590 4030 explorator
1617 3977 1750 4014 cum
1783 3961 1993 4031 Cpolin
2028 3978 2124 4014 ve-

477 4055 667 4108 nisset
714 4053 1033 4121 omniaque
1079 4055 1282 4119 parata
1338 4049 1678 4117 invenisset,
1725 4067 1994 4104 reversus
2051 4049 2125 4104 ad

479 4161 618 4198 suos
647 4159 778 4212 quae
809 4140 1034 4194 viderat
1067 4138 1305 4204 retulit;
1345 4138 1502 4208 iique
1531 4138 1602 4193 ab
1633 4139 1905 4194 instituto
1937 4139 2125 4193 deter-

481 4232 583 4284 riri
619 4231 988 4300 quieverunt.

481 4313 636 4381 ιδὼν,
698 4313 1001 4368 ἐπανελθὼν
1061 4314 1195 4389 πρὸς
1251 4313 1378 4376 τοὺς
1451 4315 1767 4390 πέμψαντας
1827 4315 1924 4369 ὅσα
1981 4310 2116 4367 εἶδεν

481 4423 556 4472 πη
566 4423 659 4454 σαν
669 4447 680 4458 .

551 4494 838 4548 Caeterum
873 4494 1362 4566 Carthaginenses
1404 4495 1660 4566 acceptis
1687 4493 1954 4550 cladibus
1988 4493 2123 4548 facti

478 4583 827 4648 timidiores,
849 4601 981 4639 cum
1007 4586 1188 4640 nullis
1212 4586 1578 4656 implicatum
1604 4585 1854 4656 negotiis
1878 4585 2127 4654 impera-

482 4679 666 4728 torem
729 4674 1154 4746 percepissent,
1216 4679 1548 4728 metuentes
1581 4690 1655 4727 ne
1689 4673 1883 4727 subito
1915 4672 2125 4726 classis

479 4767 745 4819 Romana
781 4763 838 4818 in
875 4764 1137 4835 ipsorum
1163 4764 1533 4817 emitteretur
1564 4761 1872 4822 ditionem.
1911 4761 2129 4815 multas

483 4871 658 4908 naves
687 4853 1108 4913 fabricati.sub
1147 4852 1379 4906 initium
1414 4851 1741 4917 veris,cum
1779 4849 1851 4904 ab
1884 4850 2132 4920 impera-

481 4949 602 4998 tore
628 4943 776 4998 nihil
802 4945 912 4998 tale
948 4943 1074 4997 ﬁeri
1107 4939 1533 5003 sentirent,rati
1567 4938 1840 4992 eumaliis
1862 4938 2131 4994 hostibus

481 5032 779 5104 impediri,
826 5032 1085 5085 Siciliam
1137 5031 1322 5085 classe
1353 5029 1706 5100 petiverunt,
1751 5027 2126 5098 obsessisque

479 5121 808 5195 Syracusis,
842 5137 972 5190 qua;
1005 5121 1227 5174 circum
1262 5125 1432 5172 erant
1463 5116 1723 5189 populati
1759 5123 1914 5171 sunt.
1944 5117 2024 5170 Ea
2053 5116 2126 5170 de

2304 2176 2397 2232 ’Ev
2428 2177 2474 2248 ᾧ
2507 2173 2563 2230 δὲ
2595 2177 2738 2231 οὕτω
2786 2178 2922 2252 κατὰ
2949 2178 3050 2246 τήν
3083 2178 3344 2253 Ἑσπέραν
3405 2175 3494 2232 διὰ
3547 2183 3660 2233 τῶν
3697 2201 3888 2255 στρατη

2235 2269 2386 2338 ηγῶν
2411 2269 2492 2337 τῷ
2550 2265 2777 2322 Βασιλεῖ
2826 2267 3245 2337 κατεπράττετο,
3316 2270 3366 2322 οἱ
3419 2267 3479 2322 ἐκ
3538 2264 3891 2343 μεσημϐρίας

2235 2348 2472 2430 Ἀραϐες
2529 2353 2822 2430 σχολάζειν
2867 2356 2962 2410 τὸν
3025 2353 3250 2430 βασιλέα
3306 2354 3622 2430 νομίσαντες
3667 2359 3889 2430 ἀνεθάρ-

2237 2465 2403 2514 σησαν
2462 2444 2551 2498 καὶ
2635 2443 2802 2499 πάλιν
2886 2448 2993 2499 τῶν
3080 2446 3214 2499 κατὰ
3309 2445 3576 2501 θάλατταν
3628 2448 3887 2502 ἅπτεσθαι

2235 2534 2573 2608 πραγμάτων
2659 2531 2976 2608 διέγνωσαν,

2234 2623 2371 2677 κστὰ
2407 2643 2464 2677 τε
2493 2623 2594 2692 τήν
2625 2621 2898 2699 Αἳγυπτον
2936 2624 3025 2679 καὶ
3073 2625 3170 2686 τὰς
3228 2622 3279 2678 ἐν
3313 2625 3543 2700 Φοινίκῃ
3577 2627 3672 2680 καὶ
3719 2625 3881 2699 Συρίᾳ

2234 2711 2537 2786 παραλίους
2629 2710 2870 2781 πολεις,
2956 2713 3092 2768 κατὰ
3173 2714 3464 2787 Ῥωμαίων
3545 2714 3879 2789 ἐκτρατεόειν

2236 2797 2566 2867 διενοοῦντο,
2648 2801 2886 2864 σκοποὺς
2969 2802 3278 2877 πέμψαντες
3361 2800 3624 2878 πρότερον
3699 2803 3784 2878 ἐφ’
3841 2804 3881 2874 ᾧ

2237 2892 2423 2962 μαθεῖν
2458 2895 2574 2952 πῶς
2606 2887 2723 2970 ἕχει
2773 2893 2838 2946 τα
2881 2890 3172 2966 βασιλέως.
3214 2891 3375 2950 Ἀλλ’
3434 2891 3550 2947 οὐδ’
3606 2893 3880 2948 ἀλαοσκο-

2233 2976 2362 3045 πίην
2417 2976 2562 3051 εἶχεν
2623 2981 2733 3049 (98)
2765 2978 2793 3030 6
2829 2976 3107 3053 βασιλεὺς,
3150 2976 3295 3034 ἄλλα
3360 2979 3536 3034 πάντα
3594 2977 3878 3056 διέγνωστο

2235 3065 2380 3138 αὐτῷ
2429 3065 2496 3120 τὰ
2555 3065 2606 3121 ἐν
2665 3067 2836 3142 Συρίᾳ
2895 3069 3240 3141 πρατοόμενα
3274 3110 3286 3124 .
3342 3070 3726 3143 Ναυπηγήσας
3793 3073 3877 3123 οὖν

2233 3155 2322 3209 καὶ
2353 3153 2514 3216 αὐτὸς
2546 3153 2774 3210 στόόλον
2806 3155 3109 3230 ἀξιόμαχον
3151 3163 3396 3232 συνεῖχεν
3447 3157 3499 3211 έν
3532 3162 3600 3232 τῇ
3637 3154 3876 3230 βασιλίδι

2231 3245 2320 3298 καὶ
2361 3245 2422 3298 τὸ
2458 3243 2664 3316 μέλλον
2693 3241 3029 3319 ἐκαραδόκει.
3073 3250 3154 3318 [Ρ.
3188 3249 3312 3319 585]
3345 3248 3460 3304 Ἵνα
3509 3244 3566 3301 δὲ
3609 3249 3688 3319 μή
3725 3247 3875 3321 ἀργὸς

2231 3331 2496 3406 ὑπάρχων
2531 3333 2558 3386 6
2592 3331 2788 3393 στόλος
2840 3331 3069 3394 ἄτακτος
3126 3334 3340 3411 γένοιτο
3397 3335 3586 3406 (τίκτει
3617 3337 3722 3410 γὰρ
3753 3335 3876 3389 κατὰ

2229 3420 2320 3475 τὸν
2351 3421 2586 3490 ποιητὴν
2620 3417 2774 3476 οὐδὲν
2807 3419 3000 3485 ἐσθλὸν
3048 3421 3223 3478 είκαια
3282 3422 3509 3498 σχολὴ),
3541 3421 3592 3477 ἐν
3624 3428 3699 3497 τῇ
3731 3425 3872 3479 ἆνοιυ

2231 3506 2449 3583 κοδομῇ
2497 3515 2595 3565 τοῦ
2651 3511 2789 3566 κατᾶ
2843 3513 2941 3578 τήν
2983 3513 3260 3586 βασίλειον
3305 3513 3478 3581 αὐλὴν
3534 3512 3872 3589 ἐγειρομένου

2231 3599 2354 3655 τότε
2383 3604 2514 3655 ναοῦ
2546 3599 2622 3662 εἷς
2653 3596 2828 3674 ὄνομα
2857 3605 2954 3657 τοῦ
3005 3609 3266 3679 Σωτηρος
3311 3607 3469 3676 ἡμῶν
3529 3603 3719 3674 Ἰησοῦ
3750 3607 3871 3676 Χρι·

2233 3693 2360 3744 στοῦ
2416 3691 2511 3744 τοῦ
2578 3695 2710 3745 Θεοῦ
2762 3692 2848 3745 καὶ
2937 3696 3042 3747 τῶν
3119 3693 3584 3771 ἀρχιστρατήγων
3639 3696 3754 3767 (99)
3789 3689 3874 3746 καὶ

2237 3778 2432 3834 Ἠλίου
2488 3783 2582 3834 τοῦ
2639 3774 2898 3834 Θεσϐίτου
2955 3777 3248 3855 διωρίσατο
3306 3782 3504 3844 αὐτοὺς
3565 3783 3872 3857 ὑπουργεῖν,

2236 3867 2492 3939 ἑτοίμους
2518 3869 2697 3928 ὄντας·
2728 3868 2780 3921 ’ἰν
2815 3865 2937 3923 ὅταν
2976 3871 3256 3945 ὑπερκύψῃ
3317 3877 3424 3926 τῶν
3475 3871 3633 3946 ὁρίων
3675 3868 3872 3945 Συρίας

2235 3959 2262 4011 6
2296 3954 2513 4026 στόλος,
2569 3955 3014 4030 έμπαρασκεῦους
3069 3958 3264 4020 αὐτοὺς
3324 3960 3698 4030 ἀποσταλῆναι
3747 3957 3874 4032 πρὸς

2233 4045 2332 4113 τήν
2393 4043 2608 4099 ἐκείνων
2699 4046 3136 4120 ἀντιπαραταξιν.
3224 4048 3325 4104 Καὶ
3387 4050 3414 4102 6
3473 4049 3566 4120 μὲν
3631 4044 3874 4122 βασιλεὺς

2234 4133 2638 4206 ᾠκονομήσατο
2691 4132 2885 4195 οὕτως·
2946 4135 2974 4188 6
3016 4131 3074 4190 δὲ
3126 4140 3234 4190 τῶν
3294 4141 3625 4210 Σαρακηνῶν
3687 4133 3877 4192 σκοπὸς

2235 4218 2558 4278 καταλαϐὼν
2618 4225 2720 4292 τήν
2783 4222 3038 4298 βασιλίδα
3095 4227 3187 4280 καὶ
3238 4227 3405 4282 πάντα
3473 4226 3707 4300 εὐτρεπῆ
3765 4244 3875 4280 κατ-

3067 2539 3209 2599 Ναῦς
3301 2535 3395 2589 οὖν
3488 2539 3882 2609 τεκτηνάμενοι

2177 4310 2525 4387 ἀπήγγειλεν.
2587 4312 2656 4370 Oi“
2709 4310 2766 4367 δὲ
2819 4316 3250 4384 καταπτηξαντες
3299 4317 3399 4385 τήν
3429 4315 3668 4390 ἡσυχίαν
3733 4311 3868 4389 ἡγὰ-

2311 4487 2686 4564 Καρχηδόνιοι
2747 4488 2804 4546 δὲ
2878 4489 3045 4546 πάλιν
3127 4489 3214 4546 διὰ
3277 4493 3374 4553 τὰς
3427 4487 3871 4566 προηγησαμένας

2235 4579 2397 4646 ἥττας
2431 4575 2666 4642 δεδιότες
2695 4581 2794 4647 τήν
2836 4581 3075 4657 ἡσυχίαν
3123 4585 3218 4634 τοῦ
3268 4579 3543 4655 βασιλέως
3598 4581 3870 4653 μαθόντες,

2236 4669 2326 4721 καὶ
2358 4669 2685 4738 πτοηθέντες
2741 4669 2817 4738 μή
2849 4688 2965 4728 πως
3002 4667 3268 4746 αἰφνίδιον
3327 4670 3638 4742 Ῥωμαϊκὸς
3692 4666 3872 4722 στόλος

2238 4758 2375 4810 κατά
2452 4763 2550 4824 τῆς
2645 4755 2822 4810 αὐτῶν
2901 4756 3179 4832 ἐκπεμπτθῇ
3238 4759 3461 4832 χώρας,
3519 4761 3645 4817 ναῦς
3703 4754 3872 4813 ἱκανὰς

2247 4844 2592 4915 ἒτεκτήναντο
2627 4890 2640 4902 .
2705 4848 2869 4919 Ἠρος
2925 4841 2971 4899 δ’
3029 4844 3434 4919 ἐπιλάμπυντος
3493 4846 3566 4908 ὡς
3623 4843 3872 4917 οὐδεμίαν

2242 4934 2468 5011 δύναμιν
2499 4959 2558 4992 εκ
2603 4937 2872 5010 βασιλέως
2919 4945 3255 5014 πεμφθεῖσαν
3306 4940 3658 5013 έμᾶνθαννον,
3693 4939 3872 4992 ὑποτο-

2237 5029 2504 5097 πήσαντες
2563 5028 2698 5102 πρὸς
2757 5025 2966 5088 ἄλλους
3037 5025 3281 5102 ἁσγολον
3338 5029 3474 5083 εἶναι
3502 5031 3594 5082 τὸν
3657 5023 3873 5102 βασιλέα

2237 5115 2652 5190 ἐκστρατεόουσι
2690 5116 2828 5170 κατὰ
2875 5113 3146 5186 Σικελίας,
3177 5117 3272 5171 καὶ
3321 5114 3387 5186 δὴ
3437 5117 3572 5191 πρὸς
3600 5116 3696 5184 τήν
3727 5111 3874 5169 πόλιν

1662 5232 2022 5288 XYLANDRI
2063 5234 2149 5286 ET
2189 5235 2399 5288 GOARI
2438 5234 2659 5289 NOTAE.

549 5343 661 5412 (96)
689 5344 796 5408 Qui
831 5341 1292 5415 πρωτοστράτωρ,
1327 5343 1398 5398 de
1422 5360 1538 5413 quo
1573 5341 1732 5415 alibi.
1769 5343 1942 5415 (301th.

549 5411 655 5479 (97)
714 5411 1013 5487 Ἐταερείας
1072 5411 1316 5487 ἄρχοντα
1359 5411 1494 5487 uno
1545 5413 1826 5487 vocabulo
1868 5411 2133 5487 ἑταιριαρ-

480 5494 586 5558 xm
632 5492 796 5539 vocat
819 5484 1119 5558 iCodinus'
1149 5484 1649 5556 con/aderammm
1689 5486 1877 5538 ducem
1909 5484 1982 5538 de
2014 5501 2129 5554 quo

474 5557 869 5626 Janrabunde
901 5559 1194 5626 superius.
1231 5559 1407 5612 Gom.

551 5621 666 5690 (98)
701 5624 763 5675 In
793 5621 1058 5694 margine
1089 5627 1521 5702 τυφλοσκοπιήν.
1557 5629 1659 5682 Est
1689 5631 1886 5680 autem
1929 5626 2132 5681 Home-

2244 5341 2432 5394 ricum
2464 5340 2631 5395 Iliad.
2665 5343 2733 5396 K.
2767 5342 2839 5396 de
2865 5341 3138 5412 Apolline
3170 5348 3227 5398 et
3256 5343 3397 5398 alibi
3430 5342 3562 5398 XYL.

2313 5413 2423 5482 (99)
2482 5413 2782 5468 Michaelis
2839 5411 3243 5469 et’Gabrielis
3293 5414 3546 5470 ccelestis
3596 5411 3873 5482 exercitus

2241 5478 2458 5609 fucum
2491 5501 2530 5611 ἓ
2557 5484 2773 5540 Graacis
2804 5485 2982 5540 simul
3015 5487 3313 5558 praecipua
3343 5485 3724 5541 veneratione
3757 5478 3868 5536 cul-

2267 5571 2457 5610 orum.
2537 5572 2664 5610 om.
