4130 6218
262 349 415 410 1121
1381 344 1923 408 HISTORIARUM

2052 347 2522 412 DMPENDIUM.
3531 359 3684 418 1122

262 485 363 548 τὰς
421 479 772 555 Συρακούσας
825 477 1200 553 προσσχόντες
1259 477 1460 548 ταύτην
1527 475 1914 553 ἐπολιόρκουν.

2052 499 2097 537 ’θ
2157 483 2485 554 imperator
2536 501 2572 540 a
2627 485 2907 556 praefecto
2967 486 3184 542 Siciliae
3216 488 3434 543 certior
3479 490 3688 561 factus,

261 572 354 628 καὶ
385 572 448 625 τὰ
480 569 629 631 ἐκτὸς
662 566 856 642 ἐδῄουν
890 575 988 636 τῆς
1041 568 1233 642 χώρας
1281 566 1371 622 καὶ
1429 564 1737 638 ἐληΐζοντο.
1800 572 1913 626 Τοῦ

263 659 322 716 δὲ
345 663 654 734 στρατηγοῦ
694 665 794 728 τῆς
854 656 1111 718 Σικελίας
1168 653 1313 725 δῆλα
1362 661 1531 731 ταῦτα
1598 659 1779 722 θέντος
1834 662 1914 730 τῷ

266 749 507 827 βασιλεῖ,
550 747 745 810 εὐθέως
794 749 829 816 ἡ
889 752 1409 821 προευτρεπισθεῖσα
1464 748 1690 816 ναυτική
1753 744 1918 802 δύνα-

272 861 364 915 μις
431 838 526 893 κάν
581 842 650 912 τῇ
707 838 878 892 κτίσει
934 841 1031 892 τοῦ
1090 841 1222 891 ναοῦ
1278 833 1715 911 προσεδρεύουσα
1782 838 1916 912 πρὸς

268 928 524 986 Σικελίαν
553 925 911 1000 ἐκπέμπεται,
946 923 1230 1001 Ἀδριανὸν
1282 925 1373 980 τὸν
1425 926 1710 1000 πατρίκιον
1753 920 1921 1004 ἔχου-

269 1039 336 1073 σα
373 1016 670 1095 ναύαρχον
713 1017 772 1078 ὃς
829 1022 928 1085 τῆς
989 1011 1274 1089 βασιλίδος
1331 1015 1558 1087 ἀπάρας,
1623 1015 1698 1088 μὴ
1761 1015 1916 1069 εὐθυ-

268 1106 460 1163 πλοῶν
491 1103 569 1174 δὲ,
603 1104 766 1179 μόλις
823 1102 1092 1174 κατῆλθεν
1145 1104 1222 1166 εἷς
1283 1102 1724 1174 Πελοπόννησον,
1785 1102 1922 1156 κατὰ

271 1194 331 1252 δὲ
375 1199 476 1265 τὴν
537 1191 917 1268 Μονεμϐασίαν
976 1193 1029 1249 έν
1068 1199 1147 1264 τῷ
1210 1192 1538 1266 καλουμένῳ
1601 1191 1785 1266 λιμένι
1824 1196 1923 1247 τοῦ

272 1287 515 1358 Ἱερακος
547 1284 922 1358 προσορμίσας
963 1281 1222 1358 ἐπίφορον
1281 1279 1644 1358 προσεδέχετο
1693 1285 1922 1354 πνεῦμα.

271 1373 398 1432 Ἑπί
429 1371 577 1428 πολὺ
609 1369 666 1427 δὲ
707 1368 1198 1450 χρονοτριϐοὖντος
1228 1372 1398 1426 αὐτοῦ
1453 1371 1591 1426 κατά
1634 1371 1725 1425 τὸν
1774 1370 1925 1444 εἰρη-

276 1463 436 1538 μένον
481 1462 698 1536 λιμένα,
756 1463 848 1516 καὶ
912 1465 986 1534 μή
1043 1461 1388 1537 βουλομένου
1437 1462 1572 1516 κατὰ
1625 1461 1721 1523 τὰς
1779 1481 1924 1530 νηνεο

278 1553 406 1627 μίας
447 1551 702 1628 εἲρεσίαις
763 1554 1004 1626 χρῆσθαι
1067 1548 1207 1623 μηδὲ
1262 1551 1398 1626 πρὸς
1456 1548 1696 1604 ἔναντίον
1754 1569 1927 1622 παρα-

281 1640 575 1717 βάλλεσθαι
621 1639 790 1714 κῦμα,
848 1645 955 1694 τῶν
1015 1641 1331 1714 Ἀγαρηνῶν
1389 1636 1751 1715 σφοδρότερον
1811 1636 1926 1692 ἐπι-

274 1731 542 1804 κειμένων
603 1735 674 1804 τῇ
732 1729 1028 1804 πολιορκίᾳ
1085 1725 1281 1800 συνέϐη
1339 1731 1437 1798 τὴν
1497 1727 1659 1784 πόλιν
1719 1725 1927 1782 ἁλῶναι

2028 589 2392 645 quamquam
2410 573 2703 630 classiarii
2727 582 2852 630 tum
2875 583 3076 632 essent
3099 577 3320 650 templo
3339 579 3688 636 aedificando

2025 664 2318 734 occupati,
2354 671 2554 719 tamen
2579 681 2680 720 eos
2704 666 2850 720 duce
2875 666 3133 721 Adriano
3156 667 3408 738 patricio
3455 670 3516 724 in
3539 671 3690 725 Sici-

2029 751 2172 806 liam
2194 752 2398 807 mittit.
2441 754 2495 806 Is
2537 770 2670 808 cum
2696 761 2922 809 rectum
2946 772 3188 810 cursum
3227 773 3347 810 non
3372 759 3684 826 tenuisset,

2033 857 2184 913 aagre
2218 841 2292 896 ad
2332 846 2570 912 portum
2605 843 2703 914 qui
2758 844 2969 899 Hierax
3001 845 3238 913 dicitur,
3271 847 3686 903 Monembasim

2031 929 2094 984 in
2123 929 2536 1002 Peloponneso
2595 932 2841 999 vicinus,
2899 949 3076 988 naves
3131 933 3433 1005 applicuit,
3486 937 3686 1007 ibique

2033 1018 2362 1075 secundum
2396 1027 2633 1076 ventum
2682 1021 3058 1092 praestolatus
3081 1027 3188 1078 est.
3241 1024 3509 1094 Dumque
3534 1030 3688 1080 tem-

2035 1125 2146 1178 pus
2179 1109 2260 1163 ibi
2297 1111 2452 1179 terit,
2487 1111 2699 1166 nolens
2760 1116 2929 1166 vento
2961 1129 3082 1166 non
3129 1113 3390 1184 spirante
3413 1115 3687 1187 navigare

2037 1202 2138 1252 aut
2167 1199 2483 1254 contrariis
2506 1216 2567 1254 se
2592 1199 2832 1255 credere
2855 1201 3155 1267 fluctibus,
3175 1203 3413 1256 interim
3434 1206 3688 1275 Agareni

2038 1287 2463 1358 Oppugnationi
2497 1288 2792 1343 instantes
2825 1289 3129 1359 Syracusis
3181 1292 3527 1361 potiuntur;
3563 1311 3687 1348 ma-

2038 1389 2269 1446 gnaque
2293 1375 2453 1430 caade
2477 1376 2700 1444 edita,1
2715 1379 2864 1435 085
2876 1384 2934 1432 et
2957 1378 3054 1449 qui
3081 1386 3429 1450 supererant
3445 1382 3690 1452 captivis

2041 1463 2332 1534 abductis,
2357 1466 2566 1522 urbem
2591 1467 2837 1522 diruunt
2858 1485 2925 1524 ac
2950 1469 3088 1523 fana
3111 1469 3238 1540 ejus
3257 1469 3531 1525 incendio
3556 1488 3691 1540 per-

2041 1553 2208 1609 dunt.
2244 1556 2330 1610 Ita
2359 1555 2502 1611 urbs
2535 1573 2622 1626 ea,
2657 1557 2945 1614 hactenus
2977 1558 3133 1613 fama
3179 1559 3452 1629 celebris,
3481 1567 3539 1616 et
3562 1577 3692 1630 qua}

2041 1643 2228 1699 multa
2250 1645 2642 1701 Barbarorum
2674 1647 3087 1719 proiligaverat
3116 1647 3511 1722 bella,exiguo
3545 1655 3696 1704 tem-

2045 1730 2206 1801 poris
2239 1733 2429 1803 spatio
2454 1732 2721 1788 funditus
2747 1735 2939 1804 periit.

275 1820 368 1875 καὶ
425 1823 532 1874 τῶν
590 1819 644 1872 ἐν
703 1820 844 1892 αὐτῇ
903 1820 1061 1894 φόνον
1119 1820 1356 1894 γενέσθαι
1421 1817 1615 1886 πολὺν,
1682 1816 1808 1877 τοὺς
1869 1813 1924 1870 δὲ
1982 1815 2213 1878 λοιποὺς
2273 1817 2815 1893 αἰχμαλωτισθῆναι,
2869 1829 3274 1898 κατασκαφῆναι
3335 1819 3391 1877 δὲ
3447 1824 3536 1876 καὶ
3596 1824 3695 1892 τὴν

277 1907 462 1978 πόλιν,
492 1907 736 1971 καὶτοὺς
767 1907 820 1962 ἐν
853 1908 994 1982 αὐτῇ
1026 1907 1444 1982 πυρποληθῆναι
1478 1907 1656 1971 θείους
1711 1906 1900 1974 ναοὺς,
1953 1900 2284 1980 περιϐόητον
2338 1909 2427 1962 καὶ
2481 1907 2739 1982 λαμπράν
2801 1909 2968 1985 μέχρι
3033 1908 3192 1965 τοῦδε
3245 1913 3543 1988 γενομένην
3604 1913 3694 1966 καὶ

277 1997 526 2059 πολλοὺς
561 1993 924 2073 βαρϐαρικοὺς
959 1997 1389 2070 ἀποσεισαμένην
1422 1995 1728 2071 πολέμους,
1790 1995 1842 2050 ἐν
1901 1994 2094 2069 ἀκαρεῖ
2151 1992 2208 2050 δὲ
2265 1996 2455 2071 χρόνῳ
2521 2002 2692 2052 πᾶσαν
2751 1993 3197 2068 ἀποϐεϐληκυΐαν
3258 2002 3357 2068 τὴν
3419 1999 3692 2056 εὔκλειαν.

349 2091 460 2146 Τοῦ
518 2085 575 2142 δὲ
631 2083 936 2161 συμϐάντος
988 2085 1238 2158 αἶ’σθησιν
1297 2081 1487 2141 ἔλαϐεν
1560 2087 1588 2141 6
1645 2083 1926 2159 Ἀδριανὸς

2107 2087 2415 2142 Excidium
2465 2089 2904 2159 Syracusanum
2927 2091 3220 2145 Adrianus
3258 2092 3369 2146 hoc
3393 2091 3569 2146 modo
3595 2107 3694 2145 co-

286 2183 478 2234 τοῦτον
512 2176 602 2232 τὸν
634 2176 858 2250 τρόπον·
893 2177 1070 2238 Τόπος
1129 2175 1239 2230 ἐστὶ
1297 2177 1433 2231 κατά
1485 2176 1584 2244 τὴν
1643 2173 1934 2233 Πελοπόν-

279 2287 447 2336 νησον
497 2262 664 2326 Ἕλος
749 2266 1309 2340 προσαγορευόμενος,
1371 2261 1460 2319 διὰ
1514 2265 1577 2319 τὸ
1646 2263 1938 2340 συνηρεφὲς

279 2363 384 2425 τῆς
444 2353 619 2409 ἰκεῖσε
673 2354 815 2425 ὕλης
871 2355 1072 2424 ταύτην
1128 2353 1317 2430 λαχὼν
1373 2356 1473 2422 τήν
1531 2352 1932 2428 προσωνυμίαν.

283 2446 376 2501 Ἑν
404 2444 587 2517 τούτῳ
619 2446 680 2500 τὸ
709 2449 812 2498 τῶν
848 2444 1132 2517 Ῥωμαίων
1180 2443 1438 2515 ηὐλίζετο
1495 2444 1769 2499 ναυτικόν.
1823 2445 1938 2512 Μιᾷ

285 2537 424 2610 γοῦν
456 2537 562 2588 τῶν
618 2539 822 2589 νυκτῶν
879 2539 989 2590 τῶν
1047 2533 1219 2588 ἐκεῖσε
1282 2531 1683 2588 κατοικούντων
1743 2529 1940 2605 δαιμό-

283 2645 392 2679 νων
427 2623 558 2696 πρὸς
588 2621 878 2693 ἀλλήλους
911 2621 1316 2699 διαλεγομένων
1349 2623 1588 2691 ἤκουσαν
1653 2622 1705 2676 οἱ
1753 2626 1938 2694 νομεῖς

287 2709 364 2770 ὠς
395 2711 541 2766 ἑάλω
570 2713 668 2779 τήν
711 2713 842 2787 χθὲς
899 2713 1109 2786 ἡμέραν
1171 2711 1490 2786 Συράκουσα
1541 2711 1632 2766 καὶ
1689 2711 1944 2766 κατέσκα-

291 2819 440 2856 πται.
478 2801 562 2872 Ἐξ
613 2800 799 2876 ἑτέρου
853 2797 910 2855 δὲ
974 2801 1110 2875 πρὸς
1162 2797 1341 2875 ἕτερον
1399 2797 1940 2873 διαπορθμευομένου

291 2892 392 2942 τοῦ
421 2887 614 2964 λόγου,
641 2884 834 2966 ἔφθασε
880 2891 971 2944 καὶ
1003 2889 1137 2964 πρὸς
1196 2887 1479 2964 Ἀδριανὸν
1547 2889 1609 2944 τὸ
1671 2886 1941 2962 διήγημα.

296 2977 382 3049 [Ρ.
415 2979 542 3052 586]
575 2979 635 3035 Ὀ
677 2975 733 3032 δὲ
789 2978 915 3041 τοὺς
974 2977 1239 3051 ποιμένας
1299 2975 1802 3050 μετακαλεσάμενος
1855 2977 1941 3031 καὶ

298 3064 842 3145 πολυπραγμονήσας
875 3067 996 3141 εὗρε
1053 3069 1119 3123 τὰ
1177 3069 1504 3123 ακουσθέντα
1554 3073 1670 3129 τοῖς
1727 3065 1944 3122 έκείνωι

297 3150 758 3230 ἐπιϐεϐαιοόμενα
789 3155 999 3232 λόγοις.
1051 3155 1354 3227 Βουληθεὶς
1413 3154 1471 3211 δὲ
1526 3157 1616 3211 καὶ
1671 3157 1948 3227 αὐτήκοος

297 3245 563 3322 γενέσθαι,
601 3246 735 3320 μετᾶ
761 3246 871 3301 τῶν
901 3243 1175 3318 ποιμένων
1224 3246 1280 3299 ἐν
1331 3249 1411 3318 τῷ
1458 3245 1614 3318 τόπῳ
1653 3245 1944 3320 γενόμενος

299 3336 391 3390 καὶ
422 3334 691 3390 διἀὖτῖυν
759 3333 1026 3408 ἐρώτησιν
1081 3338 1199 3396 τοῖς
1259 3331 1482 3408 δαίμοσι
1538 3331 1948 3410 προσαγηοχὼς

299 3427 532 3495 ἤκουσεν
573 3425 648 3486 ὡς
673 3421 782 3494 ἤδη
817 3422 963 3478 ἐάλω
997 3423 1333 3496 Συράκουσα.
1389 3420 1694 3496 ’Δδημονίᾳ
1741 3421 1800 3477 δὲ
1857 3422 1944 3477 καὶ

2043 2176 2260 2249 gnovit.
2315 2179 2500 2233 Locus
2553 2183 2644 2232 est
2700 2178 2760 2232 in
2821 2178 3254 2251 Peloponneso,
3287 2179 3359 2234 ab
3405 2180 3696 2251 opacitate

2044 2267 2226 2334 silvaa,
2255 2283 2373 2339 qua
2403 2272 2492 2323 est
2521 2268 2811 2338 consitus,
2846 2268 3023 2324 Helos
3072 2268 3421 2341 appellatus.
3455 2271 3534 2324 Eo
3566 2270 3696 2324 loco

2041 2359 2322 2411 Romanae
2385 2362 2511 2410 tum
2570 2373 2746 2411 naves
2798 2358 2856 2410 in
2917 2357 3172 2414 statione
3216 2365 3406 2414 erant.
3435 2359 3697 2424 Quadam

2044 2449 2218 2500 nocte
2254 2451 2524 2516 pastores
2549 2447 2823 2501 audivere
2856 2445 3198 2501 daamonum
3229 2447 3310 2502 ibi
3355 2446 3696 2520 degentium

2044 2550 2247 2589 vocem
2278 2533 2436 2590 inter
2497 2552 2558 2590 se
2591 2534 3062 2605 colloquentium
3124 2541 3184 2591 et
3239 2536 3430 2608 pridie
3493 2541 3697 2607 captas

2047 2623 2394 2695 excisasque
2445 2623 2762 2694 Syracusas
2807 2625 3204 2679 narrantium.
3259 2625 3314 2679 Is
3373 2641 3568 2679 sermo
3619 2625 3693 2680 ab

2047 2712 2182 2768 aliis
2204 2712 2276 2768 ad
2299 2712 2448 2768 alios
2479 2718 2826 2785 pervagatus
2850 2713 3092 2768 tandem
3141 2714 3320 2768 etiam
3371 2714 3446 2768 ad
3496 2714 3699 2768 Adria-

2047 2819 2190 2856 num
2250 2801 2506 2873 pertigit.
2560 2803 2731 2872 Isque
2791 2802 2866 2856 ad
2919 2818 2981 2856 se
3031 2803 3254 2857 vocatis
3278 2802 3614 2874 pastoribus
3642 2809 3700 2856 et

2047 2890 2402 2946 examinatis
2433 2890 2827 2961 deprehendit
2876 2908 3178 2946 rumorem
3208 2892 3283 2947 ad
3312 2909 3374 2946 se
3405 2892 3699 2963 perlatum

2046 2979 2314 3051 ipsorum
2332 2979 2527 3034 verbis
2558 2980 2922 3035 conﬁrmari.
2960 2981 3146 3051 thue
3171 2981 3293 3036 suis
3316 2982 3494 3036 etiam
3543 2982 3700 3036 auri-

2047 3068 2159 3124 bus
2189 3067 2368 3124 ﬁdem
2392 3069 2474 3123 rei
2498 3069 2796 3140 probaret,
2831 3069 3156 3140 perductus
3178 3070 3252 3125 ad
3277 3087 3415 3125 eum
3441 3070 3639 3125 locum
3671 3088 3705 3124 a

2047 3157 2837 3230 pastoribus,daemonesque
2865 3176 3072 3215 eorum
3091 3176 3270 3230 opera
3299 3166 3700 3232 percontatus,

2050 3253 2250 3319 captas
2273 3248 2399 3319 jam
2420 3265 2549 3304 esse
2581 3249 2897 3320 Syracusas
2928 3249 3168 3304 audivit.
3190 3250 3372 3314 Quam
3407 3267 3474 3304 ex
3511 3266 3578 3305 eo
3611 3249 3706 3304 in-

2050 3337 2204 3394 dicio
2227 3338 2414 3394 animi
2446 3344 2819 3394 contraxerat
2868 3340 3308 3412 aegritudinem,
3341 3358 3408 3396 eo
3440 3340 3706 3396 leniebat

2057 3445 2124 3483 ac
2147 3445 2276 3482 sese
2318 3427 2743 3483 consolabatur
2785 3430 2942 3499 quod
3001 3428 3302 3485 fallacium
3363 3430 3703 3485 daemonum

301 3487 451 3588 λύπῃ
484 3487 714 3590 ληφθεὶς
763 3487 928 3566 πάλιν
988 3487 1205 3589 ἀνέιρερε
1259 3512 1350 3566 καὶ
1405 3487 1768 3586 παρεμυθεῖτο
1826 3510 1941 3564 ἑαυ-

2058 3519 2252 3574 verbis
2275 3518 2452 3573 fidem
2483 3536 2603 3574 non
2635 3487 3035 3574 adhibendam
3094 3519 3360 3574 sentiret.
3395 3520 3559 3574 Diem
3617 3525 3711 3574 ta-

299 3603 414 3672 τὸν,
453 3604 528 3675 μή
579 3604 782 3680 χρῆναι
840 3601 1108 3656 πιστεύειν
1166 3599 1364 3673 κρίνων
1423 3599 1611 3674 λόγοις
1671 3595 1946 3670 δαιμόνων

301 3692 631 3763 ἀπατηλοῖς.
667 3693 1081 3766 Ἐσημειώσατο
1128 3689 1185 3746 δὲ
1232 3691 1367 3752 τέως
1405 3692 1505 3759 τήν
1556 3690 1785 3763 ἡμέραν.
1846 3689 1945 3746 Καὶ

309 3786 442 3857 μετὰ
475 3781 702 3854 δεκάτην
735 3784 868 3852 ἧκον
925 3780 1253 3858 αὐτάγγελοι
1299 3785 1408 3836 τῶν
1463 3776 1713 3857 φυγάδων
1749 3779 1812 3834 τὸ
1856 3799 1948 3852 γε-

303 3875 464 3949 γονὸς
504 3873 768 3948 ἀτύχημα
799 3869 1175 3947 διηγούμενοι.
1207 3871 1326 3944 Ἀφ’
1373 3870 1445 3924 ὧν
1499 3867 1950 3943 πληροφορηθεὶς

305 3960 644 4036 δ’Λδριανὸς
686 3963 841 4023 εὐθὺς
897 3959 1202 4036 ἀνεζεύγνυ,
1260 3961 1350 4014 καὶ
1397 3961 1497 4028 τήν
1553 3955 1808 4033 βασιλίδα
1858 3977 1952 4011 τα-

303 4053 449 4129 χέως
485 4051 620 4122 μετὰ
655 4055 752 4107 τοῦ
783 4049 984 4106 στόλου
1017 4045 1451 4121 καταλαμϐἀαει,
1482 4047 1572 4102 καὶ
1603 4050 1672 4120 τῇ
1729 4045 1950 4120 Μεγάλῃ

306 4138 578 4211 ἐκκλησίᾳ
604 4137 788 4209 ἱκέτης
826 4135 1182 4216 προσέφυγεν.
1242 4134 1403 4192 Ἀλλ’
1452 4131 1604 4189 οὐδὲν
1663 4133 1824 4188 αὐτὸν
1879 4132 1955 4194 εἷς

305 4226 548 4297 παντελῆ
590 4229 879 4306 ἀποφυγὴν
930 4221 1135 4296 ὤνησεν
1187 4227 1222 4290 ἡ
1263 4224 1544 4300 καταφυγή
1601 4221 1797 4278 ἐκεῖθεν
1847 4223 1952 4298 γὰρ

307 4317 669 4378 ἀποσπασθεὶς
699 4315 990 4390 ἐξωρίσθη.

379 4405 806 4464 Ἀποστέλλεται
867 4404 924 4461 δὲ
998 4405 1264 4482 Στέφανος
1325 4405 1354 4460 6
1409 4405 1507 4473 τήν
1580 4404 1956 4476 προσηγορίαν

314 4495 610 4565 Μαξέντιος
649 4498 676 4551 6
718 4493 1110 4564 Καππαδόκης,
1149 4493 1284 4568 μετά
1319 4513 1378 4548 τε
1427 4497 1650 4566 Θρᾳκῶν
1707 4491 1794 4546 καὶ
1839 4498 1957 4546 Μαι

312 4581 548 4638 κεδόνων
611 4585 698 4639 καὶ
783 4581 1162 4642 Καππαδοκῶν
1249 4581 1566 4653 ἐπιλέκτων,
1655 4582 1962 4656 στρατηγὸς

313 4666 740 4747 Λαγγοϐαρδίας.
776 4673 886 4729 Καὶ
912 4673 1110 4743 ταύτην
1168 4665 1492 4727 καταλαϐὼν
1533 4668 1624 4724 καὶ
1679 4667 1750 4724 δι’
1805 4669 1961 4724 ἀνανο

312 4757 466 4833 δρίαν
497 4762 583 4816 καὶ
634 4764 841 4842 τρυφὴν
895 4761 1065 4836 μηδὲν
1113 4759 1257 4833 ἄξιον
1319 4758 1487 4834 λόγοο
1529 4757 1961 4834 διαπραξάμενος

2059 3625 2198 3663 men
2225 3607 2296 3661 ab
2329 3608 2402 3662 iis
2435 3607 2761 3663 indicatum
2810 3608 3128 3663 annotavit.
3170 3609 3403 3664 Decimo
3429 3614 3560 3679 post
3591 3609 3708 3677 die,

2061 3696 2660 3766 quieSyracusarum
2702 3696 2878 3750 exitio
2939 3696 3075 3765 fuga
3127 3702 3455 3763 evaserant,
3513 3698 3708 3751 nuntii

2061 3783 2192 3854 ejus
2211 3782 2564 3838 calamitatis
2593 3788 2904 3837 venerunt.
2933 3783 3226 3838 Adrianus
3261 3783 3412 3837 nihil
3448 3783 3575 3854 jam
3609 3785 3713 3839 du-

2059 3872 2255 3927 bitans
2278 3888 2347 3926 ea
2369 3871 2440 3926 de
2471 3887 2534 3925 re
2567 3871 2767 3925 statim
2815 3887 2952 3925 cum
2983 3871 3166 3925 classe
3219 3870 3447 3940 Cpolim
3507 3869 3705 3940 rediit,

2063 3961 2430 4033 supplexque
2451 3960 2512 4014 in
2536 3960 2741 4014 1086
2773 3961 3042 4032 Magnum
3065 3961 3368 4030 Templum
3425 3961 3707 4031 confugit.

2063 4052 2262 4121 Neque
2295 4055 2494 4104 tamen
2520 4049 2763 4104 omnino
2787 4065 2922 4104 eum
2947 4065 3016 4104 ea
3033 4049 3384 4120 supplicatio
3415 4049 3710 4116 liberavit,

2065 4140 2168 4194 sed
2191 4137 2430 4194 avulsus
2455 4138 2676 4210 templo
2700 4138 2892 4193 solum
2917 4138 3109 4193 exsilii
3133 4154 3310 4193 causa
3332 4143 3558 4192 vertere
3583 4154 3716 4192 coa-

2065 4233 2194 4283 ctus
2225 4233 2335 4283 est.

2141 4403 2348 4456 Missus
2373 4401 2592 4456 deinde
2625 4399 2699 4455 ad
2756 4401 3202 4472 gubernandam
3261 4402 3712 4474 Longibardiam

2071 4491 2405 4562 Stephanus
2427 4495 2820 4560 cognomento
2863 4490 3188 4545 Maxentius
3214 4491 3548 4562 Cappadox,
3583 4511 3718 4548 cum

2069 4578 2298 4634 delecto
2357 4579 2670 4644 Thracum,
2725 4577 3110 4634 Macedonum
3163 4596 3230 4636 ac
3303 4581 3716 4652 Cappadocum

2071 4667 2351 4736 exercitu,
2387 4682 2520 4720 cum
2573 4666 2635 4720 in
2678 4667 3042 4737 provinciam
3069 4669 3328 4724 venisset
3357 4685 3425 4724 ac
3456 4669 3528 4722 ob
3553 4669 3721 4738 igna~

2072 4757 2223 4810 viam
2279 4761 2338 4809 et
2377 4754 2584 4809 luxum
2642 4755 2874 4811 nullum
2929 4758 3152 4812 faceret
3211 4773 3405 4827 operm
3435 4755 3717 4824 pretium,

310 4848 643 4922 περαλύεται
670 4859 772 4922 τῆς
802 4853 1003 4931 αρχῆς.
1065 4848 1486 4907 Ἀποστέλλεται
1540 4845 1597 4902 δὲ
1644 4847 1756 4902 ἀντ’
1796 4846 1941 4902 αὐτοῑ

2069 4843 2319 4916 imperio
2353 4849 2562 4899 exutus
2587 4849 2694 4899 est.
2721 4845 2860 4915 Ejus
2892 4845 3021 4900 loco
3068 4845 3431 4913 Nicephorus
3479 4842 3720 4908 missus,

312 4941 625 5020 Νικηφόρος
684 4941 712 4995 ὁ
771 4941 907 4996 κατὰ
960 4940 1052 4995 τὸν
1111 4943 1308 4994 Φωκᾶν
1395 4935 1957 5012 προσαγορευόμενος,

314 5030 447 5102 ἀνὴρ
475 5030 724 5106 γενναῖός
776 5050 835 5084 τε
890 5029 980 5084 καὶ
1039 5026 1388 5103 δραστήριος.
1453 5027 1722 5099 Ἐπήγετο
1755 5021 1811 5079 δὲ
1845 5025 1957 5097 μεθ’

312 5115 502 5174 ἑαυτοῦ
561 5117 788 5192 δύναμίν
847 5138 905 5173 τε
953 5118 1143 5185 ἱκανὴν
1196 5117 1284 5171 καί
1371 5115 1557 5190 τάγμα
1614 5112 1960 5187 Μανιχαίων,

311 5200 541 5286 ἔξαρχον
574 5203 704 5283 ἕχον
732 5208 823 5262 τὸν
872 5206 1242 5281 Χρυσόχειρον
1303 5203 1654 5273 Διακονίτζην
1697 5205 1793 5273 (1).
1857 5204 1964 5258 Κα-

311 5291 569 5350 ταλαϐὼν
603 5295 695 5349 οὗν
722 5295 814 5350 τὸν
844 5294 1014 5349 τόπον
1043 5292 1134 5348 καὶ
1181 5297 1298 5354 ταῖς
1351 5291 1486 5366 μετὰ
1533 5295 1630 5346 τοῦ
1691 5289 1960 5366 Στεφάνου

2068 4933 2416 5007 cognomine
2445 4933 2689 5000 Phocas,
2722 4933 2900 4986 homo
2931 4947 3255 5003 generosus
3305 4935 3362 4984 et
3415 4935 3720 4996 strenuus,

2070 5039 2204 5078 cum
2229 5022 2458 5077 idoneis
2479 5021 2664 5091 capiis
2687 5021 2740 5073 ei
2763 5020 3004 5074 cohorte
3027 5019 3505 5086 Manichaeorum,
3539 5034 3718 5087 quam

2069 5110 2476 5182 Chrysochiris
2510 5109 2874 5163 Diaconitzes
2901 5107 3174 5163 ducebat.
3207 5109 3260 5162 Is
3287 5107 3591 5178 provincia
3621 5123 3722 5160 oc-

2071 5206 2305 5272 cupata,
2339 5215 2476 5253 cum
2507 5196 2618 5251 sibi
2649 5195 2942 5250 exercitus
2991 5196 3270 5266 Stephani
3287 5195 3718 5266 conjunxisset.

2071 5291 2291 5346 multas
2339 5287 2412 5342 de
2463 5286 2810 5343 Sarracenis
2856 5286 3178 5358 reportavit
3209 5286 3499 5340 victorias.
3525 5286 3722 5342 Primo

1532 5436 1886 5490 XYLANDRI
1925 5434 2012 5486 ET
2051 5433 2268 5486 GOARI
2309 5429 2511 5485 ΝΟΤΑΞ

383 5569 457 5634 (1)
490 5565 676 5620 Credo
719 5566 912 5622 filium
971 5561 1382 5635 Chrysochiris
1431 5559 1632 5635 fuisse,
1685 5561 1813 5635 ejus
1863 5557 1963 5635 qui

314 5631 493 5708 supra
524 5638 860 5694 ostenditur
889 5631 1256 5693 interfectus.
1292 5631 1524 5702 Alioqui
1557 5631 1850 5688 famulum
1885 5631 1959 5686 si-

2077 5556 2318 5630 gnificat
2344 5553 2675 5630 vox,fo_r_ma
2696 5553 3071 5630 diminutiva,
3104 5571 3138 5608 a
3167 5552 3508 5623 diacono,ut
3537 5555 3719 5610 Theo-

2075 5625 2350 5700 philitzes
2379 5642 2486 5698 pro
2527 5625 2875 5696 Theophilo.
2908 5627 3044 5682 XvL.
