4130 6218
468 268 625 331 1127

1825 254 2146 317 GEORGII
2188 252 2526 316 CEDRENI

3738 273 3893 334 1128

462 405 618 459 Nova
646 400 1215 475 appellatur.Has,u_t
1243 395 1345 465 qui
1375 395 1573 452 nollet
1593 395 1860 468 publicos
1890 395 2106 452 reditus

2239 388 2605 465 καλούμενος·
2668 392 2760 455 οὓς
2820 393 2929 449 ἀπὸ
2982 397 3242 469 τοιαύτης
3297 404 3650 465 κατεσκεύασε
3697 425 3892 481 προαι-

461 492 524 547 in
582 507 722 547 usus
796 489 1054 561 privatos
1131 489 1384 553 vertere,
1446 485 1803 553 mdificavit;
1881 491 1941 540 et
2014 499 2108 538 re-

462 583 619 639 ditus
667 579 751 635 eis
800 595 870 633 ex
912 575 1293 649 agricultura;
1338 575 1763 632 emolumentis
1807 575 2118 632 constituit

461 671 727 737 idoneos,
810 666 968 723 unde
1050 665 1437 737 imperatorio
1541 666 1741 721 104!
1851 664 2114 721 convivio

462 778 568 831 pro
599 775 684 825 se,
712 763 772 811 et
800 757 875 812 iis
906 756 1007 828 qui
1042 760 1162 810 toto
1216 755 1355 810 anni
1406 754 1661 811 decursu
1702 754 2114 821 invitarentur,

462 848 825 904 sufficientes
856 853 915 902 et
937 845 1097 917 juste
1144 845 1298 917 parti
1329 850 1603 917 sumptus
1645 844 2112 917 suppeditarent.

460 936 737 994 Condidit
768 937 947 992 etiam
978 935 1265 1007 palatium
1296 934 1371 989 ad
1402 936 1641 1003 Fontes,
1673 939 1732 989 et
1763 934 1823 989 id
1855 933 2016 1004 quod
2053 934 2116 989 in

460 1027 612 1084 Eriis
642 1031 770 1083 erat
801 1025 1119 1093 decoravit,
1153 1025 1413 1079 cisterna
1443 1029 1968 1096 repurgata,quam
2000 1024 2116 1077 He-

461 1116 678 1173 raclius
727 1116 1052 1187 imperator
1100 1120 1257 1170 terra
1287 1114 1519 1186 ingesta
1567 1112 2007 1184 complanatam
2056 1113 2116 1165 in

462 1207 703 1261 hortum
733 1203 1044 1260 arboribus
1077 1203 1188 1258 hac
1208 1202 1472 1257 oleribus
1494 1201 1834 1273 plantandis
1861 1206 2118 1256 mutave-

464 1299 649 1362 rat,ut
677 1299 737 1349 et
766 1293 1083 1349 cisternam
1116 1308 1245 1346 eam
1279 1308 1410 1363 qua:
1436 1296 1528 1346 est
1555 1291 1625 1346 ad
1654 1292 2120 1363 Magnauram,et

463 1402 597 1454 qua;
628 1384 786 1439 inter
816 1382 1143 1438 triclinium
1174 1381 1612 1436 Justinianeum
1643 1396 1712 1434 ac
1744 1379 2114 1435 Lausiacum.

466 1473 700 1528 Etenim
750 1471 1069 1544 praedictus
1121 1470 1429 1525 Heraclius
1479 1470 1825 1541 imperator,
1877 1486 2009 1526 cum
2062 1470 2115 1525 ei

460 1561 795 1633 Stephanus
824 1559 1215 1631 philosophus
1246 1559 1582 1615 examinato
1616 1558 1884 1613 siderum
1921 1557 2116 1629 qualis

455 1650 652 1707 fuerat
664 1650 789 1722 ipso
808 1654 1088 1705 nascente
1108 1649 1304 1721 positu
1320 1647 1693 1719 praadixisset
1705 1663 1923 1718 aquam
1936 1647 2117 1701 inter-

2225 479 2449 568 ρέσεως.
2486 481 2579 549 Μὴ
2628 480 2972 556 βουλόμενος
3029 488 3136 561 γὰρ
3192 490 3259 543 τὰ
3317 487 3557 565 δημόσια
3594 479 3891 568 πράγματα

2225 567 2302 630 εἰς
2363 568 2571 630 οἰκείας
2647 571 3060 628 κατανακίσκειν
3118 579 3310 651 χρείας
3390 601 3515 642 τους
3603 567 3895 648 τοιούτους

2224 653 2655 749 ανιρκοδόμήσεν
2708 659 2919 729 οἴκους,
2977 664 3065 719 καὶ
3133 664 3438 740 προσόδους
3494 669 3555 725 ἐκ
3610 676 3891 749 γεωργίας

2222 743 2478 837 ἀπέταξεν
2510 747 2697 811 αὐτοῖς
2728 749 2936 818 ἱκανὰς,
2968 751 3060 827 ἀφ’
3097 755 3172 809 ὧν
3204 757 3239 825 ἡ
3277 756 3538 832 βασιλική
3586 743 3883 837 πάνδναίσίᾳ

2231 833 2399 889 αὐτοῦ
2430 856 2488 891 τε
2543 836 2638 891 καὶ
2668 842 2776 893 τῶν
2809 838 2906 895 ἀνὰ
2944 847 3046 896 πᾶν
3081 839 3202 906 ἓτος
3251 845 3342 901 ὑπ’
3387 845 3554 904 αἶ)τοῦ
3603 833 3881 926 διεκληριὲζ

2222 945 2330 978 νων
2358 922 2592 1003 ἄφθονον
2622 927 2712 981 καὶ
2745 926 2952 984 δικαίαν
3004 933 3105 1002 τήν
3143 935 3420 1011 χορηγίαν
3469 932 3705 1010 ἔμελλεν
3735 922 3884 1015 ἔχειν

2228 1011 2334 1068 ἆείο
2370 1010 2718 1088 Ἐδομήσατο
2779 1014 2836 1073 δὲ
2874 1020 2961 1075 moi
3001 1020 3069 1076 τὰ
3128 1021 3182 1076 ἐν
3240 1029 3444 1100 Πηγαῖς
3484 1006 3881 1100 παλάτιαίέηιὶ

2225 1101 2291 1155 τὰ
2346 1100 2399 1156 έν
2448 1109 2567 1166 τοῖς
2624 1105 2829 1179 Ἡρίοις
2888 1108 3331 1185 ἐκαλλωπίσατο,
3386 1114 3728 1191 ἀνακαθάρας
3784 1121 3876 1175 καὶ

2223 1192 2322 1258 τήν
2362 1190 2777 1279 ,ἀπογεωθεῖσαν
2869 1198 3200 1274 κινστέρναν,
3284 1200 3349 1272 ἢν
3433 1205 3761 1279 Ἡράκλειος
3844 1211 3872 1264 ὁ

2229 1278 2485 1373 βασιλεὺς
2524 1284 2859 1358 προσχώσας
2890 1284 3216 1360 παράδεισον
3248 1296 3426 1366 φυτῶν
3615 1294 3873 1373 λαχάνων

2227 1366 2531 1443 εἰργάσατο.
2572 1377 2737 1446 Ὀπερ
2762 1372 2988 1445 ἐποίησε
3031 1377 3124 1432 καὶ
3198 1376 3252 1433 ἐν
3309 1383 3429 1442 ταῖς
3488 1366 3873 1449 οὕσαιςήέντὸς

2222 1460 2319 1511 τοῦ
2384 1457 2678 1531 παλατίου,
2716 1466 2787 1536 τῇ
2839 1484 2899 1518 τε
2954 1466 3062 1539 πρὸ
3117 1488 3218 1537 της
3274 1471 3596 1548 Μαγναόρας
3653 1476 3744 1529 καὶ
3801 1479 3869 1549 τῇ

2228 1549 2425 1621 μεταξὺ
2458 1553 2838 1609 ἰουστινιανοῦ
2863 1559 2960 1610 τοῦ
3015 1556 3325 1631 τρικλινίου
3356 1561 3446 1614 καὶ
3502 1563 3596 1617 τοῦ
3624 1572 3869 1620 Λαυσια-

2224 1643 2323 1692 κοῦ
2357 1682 2372 1698 ,
2423 1640 2485 1698 Ὁ
2531 1641 2639 1717 γὰρ
2691 1641 2978 1718 εἰρημένος
3041 1645 3295 1719 βασιλεὸς
3351 1649 3663 1725 Ἡράκλειος
3719 1656 3873 1728 παρᾶ

458 1741 608 1797 itum
640 1739 749 1812 ipsi
781 1738 1114 1806 allaturam,
1160 1737 1451 1793 cisternas
1491 1742 1650 1792 terra
1700 1742 1978 1808 congesta
2008 1754 2106 1808 op-

2224 1727 2500 1833 Στεφανου
2551 1734 2662 1833 τοῦκ
2704 1729 3008 1812 φιλοσόφου
3052 1736 3262 1806 μαθὼν,
3296 1738 3379 1811 [Ρ.
3413 1742 3540 1812 589]
3585 1741 3685 1810 τὴν
3718 1727 3869 1818 γενε-

456 1829 739 1901 pleverat.
766 1829 971 1899 Itaque
1002 1826 1254 1883 Basilius
1284 1826 1604 1881 cisternam
1636 1826 1697 1881 in
1730 1826 1880 1880 Eriis
1912 1842 2113 1897 repur-

453 1917 628 1992 gavit,
662 1917 913 1988 locoque
946 1916 1101 1972 horti
1150 1915 1597 1987 receptaculum
1632 1931 1801 1985 aqua)
1855 1914 2108 1985 copiosas

455 2023 525 2061 ac
556 2004 869 2077 pellucida)
914 2004 1189 2060 confecit.
1223 2005 1293 2058 Et
1322 2004 1383 2058 in
1432 2003 1559 2058 foro
1590 2003 1906 2059 aediﬁcavit
1952 2007 2107 2057 tem-

458 2094 627 2167 plum
653 2093 1123 2165 pulcherrimum
1153 2092 1419 2163 Deiparae
1449 2097 1780 2159 sacrum,ut
1811 2091 1892 2147 ibi
1923 2108 2106 2163 nego-

384 2174 397 2187 ’
459 2183 705 2237 tiatores
726 2181 968 2237 domum
985 2180 1261 2253 precibus
1275 2180 1572 2237 faciundis
1584 2186 1781 2252 aptam
1799 2180 2110 2247 haberent,

457 2288 594 2328 cum
652 2287 723 2327 eo
774 2270 904 2326 loco
962 2270 1037 2326 ob
1095 2270 1531 2342 negotiationes
1572 2275 2109 2326 commorarentur.

464 2359 664 2416 Sancti
693 2360 903 2414 Phocus
932 2358 1137 2414 fanum
1172 2359 1230 2413 in
1262 2359 1441 2415 Steno
1472 2359 2111 2427 adornavit,monasta-

459 2450 737 2519 riumque
766 2446 1359 2520 redegit,constitutis
1388 2464 1494 2519 pro
1527 2447 1600 2502 iis
1632 2446 1734 2519 qui
1766 2447 1828 2501 in
1859 2462 1927 2502 eo
1968 2446 2107 2502 reli-

458 2538 683 2610 giosam
710 2540 1061 2593 exercerent
1090 2536 1269 2592 vitam
1303 2535 1741 2591 sufficientibus
1790 2533 2104 2591 reditibus.

460 2625 777 2683 Benovavit
807 2625 988 2681 etiam
1020 2640 1303 2695 magnum
1334 2623 1525 2679 sancti
1556 2621 1827 2679 Michaeli
1865 2622 1927 2676 in
1971 2622 2105 2677 Sos-

456 2716 661 2770 thenio
694 2714 1006 2787 templum,
1039 2713 1196 2786 quod
1226 2718 1405 2769 antea
1448 2712 1732 2783 temporis
1779 2714 2103 2775 corruerat,

454 2809 514 2860 et
537 2803 612 2860 ad
642 2820 773 2860 eam
807 2820 926 2875 qua
954 2802 1130 2858 hodie
1160 2802 1370 2858 visitur
1400 2800 1758 2874 elegantiam
1803 2799 2100 2872 perduxit.

2222 1838 2303 1872 σιν
2336 1817 2504 1873 αὐτοῦ
2562 1817 3223 1896 πολυπραγγονήσαντος,
3264 1826 3339 1889 ὡς
3388 1824 3438 1897 ἐξ
3489 1825 3685 1892 ὕδατος
3716 1817 3873 1887 αυτὸν

2221 1902 2305 1960 δεῖ
2330 1905 2612 1977 τελευτᾷν,
2643 1908 2738 1970 τὰς
2767 1914 2873 1964 τῶν
2924 1917 3268 1987 κινστερνῶν,
3319 1915 3394 1974 ὡς
3436 1914 3679 1991 εἴρηται,
3710 1939 3874 1993 προσ-

2221 1993 2424 2069 χώσεις
2484 1994 2793 2070 εἷργασατο.
2862 1998 2943 2056 Τὰ
2999 1997 3051 2054 ἐν
3101 2006 3218 2063 τοῖς
3263 2002 3470 2074 ’Πρίοις
3528 2006 3622 2060 οὖν
3672 2007 3867 2063 ἀποκα-

2221 2083 2387 2174 θάρας
2424 2083 2675 2174 βασίλεια
2714 2084 2792 2174 εἴς
2820 2087 2882 2141 τὸ
2924 2087 3157 2163 ἀρχαῖον
3213 2098 3409 2166 σχῆμα
3485 2093 3749 2174 ἀνήγαγε,
3782 2097 3865 2151 καὶ

2221 2171 2335 2228 ἀντὶ
2371 2170 2700 2248 παραδείσου
2758 2173 2979 2255 δοχεῖον
3038 2177 3406 2255 ἀπειργάσατο
3466 2170 3849 2264 ὕδατοςήᾶγθό-

2220 2281 2316 2316 νου
2353 2261 2467 2354 καὶΔ
2505 2261 2768 2354 διειδοῦς.
2831 2263 3118 2340 Ἐδείματο
3175 2265 3233 2325 δὲ
3289 2270 3387 2325 κάν
3443 2277 3525 2344 τῷ
3552 2276 3715 2354 φόρῳ
3738 2261 3846 2330 ναὸν

2216 2351 2714 2427 περικαλλέστατον
2772 2355 2854 2412 ἐπ’
2910 2356 3142 2431 ὀνόματι
3196 2363 3299 2426 τῆς
3360 2351 3655 2434 emam,
3705 2366 3777 2428 ὡς
3804 2367 3857 2421 ἂν

2218 2438 2398 2516 ἔχοιεν
2447 2442 2609 2500 αὐτὸν
2661 2445 2716 2500 οἱ
2761 2448 3275 2521 πραγματευόμενοι
3325 2450 3473 2506 οἶκον
3522 2462 3859 2533 προσευχῆς,

2186 2529 2385 2586 ’ὁπότε
2429 2537 2547 2594 ταῖς
2592 2534 2996 2609 πραγματείαις
3042 2531 3442 2612 ἐμϐραδύνωσι.
3493 2543 3589 2597 Καὶ
3640 2529 3860 2598 τὸντοῦ

2219 2618 2372 2693 ἁγίου
2421 2627 2592 2676 Φωκᾶ
2637 2619 2695 2678 δὲ
2722 2623 2850 2679 ναὸν
2904 2623 2956 2679 ἐν
3011 2630 3093 2699 τῷ
3146 2631 3330 2700 Στενῷ
3389 2627 3747 2694 ἐπισκευάσας
3776 2634 3859 2687 καὶ

2213 2706 2576 2774 καλλωπίσας
2624 2711 2945 2789 οἰκητήριον
3012 2719 3276 2790 μοναχῶν
3326 2717 3655 2790 ἀπετέλεσε,
3712 2722 3863 2793 τάξας

2214 2796 2521 2872 προσόδους
2575 2801 2757 2866 ἱκανὰς
2806 2801 2883 2865 είς
2922 2800 3193 2879 διάρκειαν
3239 2809 3348 2860 τῶν
3397 2806 3448 2863 ἐν
3479 2809 3629 2881 αότῷ
3672 2811 3860 2867 duos.

454 2892 653 2964 μένων.
723 2889 1031 2948 Ανεκαίνισε
1089 2886 1146 2945 δὲ
1199 2890 1290 2944 καὶ
1344 2889 1437 2945 τὸν
1500 2884 1667 2964 μέγαν
1725 2891 1827 2944 τοῦ
1881 2886 2331 2964 ἀρχιστρατήγου
2413 2888 2540 2944 ναὸν
2632 2890 2726 2945 τὸν
2814 2890 2866 2947 ἐν
2948 2898 3030 2965 τῷ
3088 2893 3378 2968 Σωσθενίῳ
3442 2894 3553 2969 ἤδη
3615 2920 3858 2975 προκατα

452 2981 704 3050 πεσόντα,
736 2980 826 3035 καὶ
858 2981 936 3045 εἱς
962 2981 1023 3035 τὸ
1054 2978 1375 3057 φαινόμενον
1405 2978 1618 3039 κάλλος
1652 2979 1940 3054 μετήγαγε.

528 3074 742 3130 Multos
758 3073 940 3131 etiam
961 3073 1301 3129 Judaaorum
1322 3088 1643 3128 munerum
1665 3071 2106 3144 pollicitationi-

2214 3155 2219 3157 »
2282 3067 2549 3157 Πολλοὺς
2604 3068 2662 3127 δὲ
2718 3072 2807 3127 καὶ
2860 3078 2969 3157 τῶν
3024 3073 3300 3132 Ἰουδαίων
3358 3074 3581 3153 δωρεῶν
3629 3077 3855 3157 ἑπαγγε-

452 3163 565 3220 bus
595 3168 773 3235 atque
823 3161 1291 3218 exhibitionibus
1321 3161 1529 3218 1042
1579 3166 1638 3216 et
1666 3160 1841 3216 donis
1871 3160 1947 3215 ad
1997 3160 2103 3216 ba-

451 3252 738 3325 ptismum
768 3252 994 3308 allexit.
1028 3251 1417 3323 Bulgarorum
1448 3256 1708 3321 gentem,
1732 3266 1863 3320 quae
1894 3266 2105 3305 recens

454 3341 851 3397 Christianam
883 3342 1169 3413 pietatem
1220 3340 1499 3412 amplexa
1543 3346 1691 3408 erat,
1740 3339 1940 3395 missis
1987 3340 2101 3410 piis

447 3429 760 3484 monachis
788 3433 848 3483 et
855 3427 1287 3498 sacerdotibus
1308 3427 1527 3482 virtute
1554 3425 1888 3498 insignibus
1910 3426 1971 3480 in
1990 3425 2103 3480 fide

451 3495 1097 3574 confirmavitﬁiossos
1128 3516 1317 3589 pactis
1341 3495 1702 3589 compositis
1721 3515 1797 3571 ad
1824 3514 2103 3572 salutaris

453 3607 736 3680 baptismi
768 3606 1261 3663 communitatem
1292 3605 1601 3678 pertraxit,
1635 3605 1826 3677 iisque
1868 3605 2105 3678 pontiﬁ-

453 3713 588 3753 cum
618 3696 953 3769 principem
983 3696 1164 3752 misit.
1186 3696 1393 3768 Operm
1422 3695 1681 3768 pretium
1712 3701 1803 3751 est
1830 3695 1942 3751 hoc
1971 3694 2101 3750 loco

454 3785 810 3841 miraculum
828 3783 1237 3855 referre,quod
1265 3801 1334 3840 eo
1358 3783 1578 3839 missus
1602 3782 1872 3854 pontifex
1895 3781 2100 3837 edidit.

453 3874 736 3946 Princeps
767 3874 895 3945 ejus
924 3873 1116 3946 gentis
1148 3890 1214 3928 ac
1244 3889 1521 3945 proceres
1551 3878 1612 3927 et
1661 3871 1974 3927 universus
2004 3886 2105 3942 po-

452 3962 627 4035 pulus
655 3962 807 4018 falsa
828 3962 1119 4032 religione
1151 3961 1345 4017 adhuc
1374 3960 1621 4029 detenti,
1646 3977 1780 4016 cum
1807 3959 2104 4015 delibera-

455 4057 590 4108 rent
616 4068 764 4108 eane
809 4051 1124 4107 retinenda
1153 4067 1228 4106 an
1276 4066 1412 4105 vero
1443 4049 1813 4106 Christiania.
1838 4047 1977 4104 fidei
2007 4064 2100 4104 ar-

451 4142 788 4199 cedendum
808 4141 1069 4210 esset,ad
1091 4158 1155 4197 se
1179 4141 1427 4197 missum
1450 4140 1793 4212 pontificem
1821 4139 1883 4195 in
1910 4138 2106 4195 conci-

458 4231 607 4286 lium
637 4231 960 4296 advocant;
994 4247 1250 4302 eumque
1284 4230 1562 4301 princeps
1580 4230 1908 4299 interrogat
1938 4226 2105 4299 quid-

454 4335 595 4375 nam
628 4319 711 4375 rei
745 4326 900 4375 esset
930 4318 1089 4391 quod
1119 4319 1500 4391 profiteretur
1531 4322 1590 4374 et
1619 4318 1778 4390 ipsos
1821 4316 2102 4372 docturus

452 4413 630 4464 esset.
662 4408 893 4463 Profert
939 4409 1252 4480 episcopus
1299 4424 1536 4465 sacrum
1586 4406 1767 4462 divini
1819 4404 2103 4479 evangelii

450 4497 698 4559 librum,
730 4502 790 4551 et
820 4496 1095 4567 quasdam
1129 4497 1418 4554 miracula
1449 4496 1694 4569 exponit
1723 4512 1758 4552 a
1786 4496 1928 4563 Deo,
1961 4494 2104 4550 dum

449 4586 501 4643 is
531 4586 593 4642 in
625 4586 889 4642 humana
918 4591 1132 4642 natura
1164 4592 1354 4642 terras
1383 4585 1529 4649 obit,
1548 4584 1728 4641 edita.
1766 4585 1849 4640 lbi
1880 4587 2099 4641 Rossus

450 4694 666 4750 negare
694 4692 757 4732 se
789 4680 890 4732 aut
919 4692 1055 4731 suos
1082 4675 1196 4747 ipsi
1214 4675 1388 4730 fidem
1420 4674 1545 4730 ullo
1566 4673 1743 4730 modo
1769 4673 2097 4741 habituros,

449 4767 565 4822 nisi
600 4766 829 4838 aliquid
860 4766 1095 4829 horum,
1126 4764 1458 4836 prasertim
1498 4768 1863 4819 servatorum
1896 4764 1959 4833 in
1990 4762 2099 4832 ﬂa-

438 4856 641 4929 granti
675 4856 914 4913 camino
938 4855 1118 4910 trium
1168 4869 1513 4925 puerorum,
1547 4852 1743 4907 simile
1790 4842 2098 4907 vidissent.

448 4945 540 5001 Ad
592 4946 720 5001 haac
768 4944 1058 5016 pontifex,
1091 4942 1281 4999 fidens
1314 4943 1504 4998 veraci
1537 4942 1667 5014 ejus
1697 4940 1960 4996 sermoni
1999 4939 2099 5011 qui

448 5034 573 5090 suis
593 5032 825 5089 dixerat
852 5032 978 5088 fore
1006 5036 1073 5087 ut
1101 5031 1393 5103 quidquid
1417 5036 1659 5103 propter
1689 5029 1885 5101 ipsum
1905 5032 2077 5100 postu

444 5123 674 5181 lassent
720 5117 1135 5194 impetrarent,
1188 5126 1245 5176 et
1294 5119 1393 5191 qui
1443 5119 1555 5192 ipsi
1604 5117 1782 5175 fidem
1834 5117 2101 5185 haberet,

450 5211 635 5282 ipsius
652 5226 890 5283 quoque
914 5225 1098 5282 opera
1127 5208 1321 5281 iisque
1348 5209 1580 5281 majora
1603 5206 2103 5276 editurum,Tam-

451 5300 583 5364 etsi,
610 5300 829 5371 inquit,
855 5300 1043 5356 Deum
1070 5301 1300 5354 tentare
1327 5298 1415 5354 fas
1445 5314 1565 5353 non
1597 5302 1706 5364 est,
1724 5301 1926 5353 tamen
1954 5295 2003 5350 si
2033 5311 2105 5350 ex

451 5386 651 5441 animo
683 5389 974 5444 statuistis
1006 5387 1080 5444 ad
1114 5389 1297 5443 Deum
1332 5404 1433 5442 vos
1468 5386 1761 5455 conferre,
1810 5383 2103 5457 postulate

452 5473 659 5528 ποια
692 5477 853 5546 quod
884 5478 1081 5545 vultis,
1113 5482 1173 5533 et
1199 5479 1249 5532 is
1281 5476 1525 5533 omnino
1551 5475 1607 5530 id
1640 5473 1945 5547 praestabit
1972 5490 2104 5546 pro-

451 5566 584 5635 pter
614 5562 794 5619 fidem
824 5572 1103 5634 vestram,
1133 5584 1477 5639 quanquam
1494 5583 1604 5623 nos
1630 5565 1865 5622 minimi
1897 5580 2102 5622 sumus

2209 3155 2358 3219 λίαις
2387 3161 2479 3214 καὶ
2532 3155 2711 3215 δόσεσι
2766 3162 2854 3216 καὶ
2898 3156 3088 3237 δώρων
3145 3164 3518 3243 ἀνταλλαγαῖς
3567 3170 3665 3223 τοῦ
3713 3155 3854 3223 θείου

2207 3245 2507 3333 κατηξίωσε
2560 3247 2953 3322 βαπτίσματος.
3015 3252 3118 3308 Καὶ
3164 3256 3228 3308 τὸ
3273 3259 3382 3309 τῶν
3432 3253 3764 3333 Βουλγάρων
3796 3253 3851 3310 δέ

2207 3332 2359 3410 γένος
2407 3335 2704 3418 ἀρτιπαγὲς
2747 3337 2806 3392 ὃν
2855 3338 2990 3413 πρὸς
3048 3335 3352 3405 θεοσέϐειαν
3402 3332 3657 3418 μοναχῶν
3708 3343 3842 3397 ἀποο

2207 3421 2379 3506 στολῇ
2413 3416 2661 3481 causa”
2690 3423 2781 3479 καὶ
2812 3426 2999 3500 ἱερέων
3049 3429 3218 3506 ᾲρετῇ
3266 3416 3687 3506 κεκοσμημένων
3718 3425 3834 3486 έϐευ

2207 3505 2412 3567 ϐαίωσε
2456 3512 2594 3587 πρὸς
2647 3514 2747 3582 τὴν
2813 3502 3344 3596 πίστιν.βζαὶντοῖς
3376 3502 3600 3584 Ῥῶςτδὲ
3638 3514 3840 3593 συμϐά-

2208 3618 2319 3662 σεις
2351 3597 2575 3674 θέμενος
2622 3598 2677 3656 ἕν
2729 3607 2946 3678 μετοχῇ
2995 3604 3239 3681 γενέσθαί
3279 3611 3377 3663 τοῦ
3429 3610 3698 3684 σωτηρίου
3746 3609 3815 3678 βα

2205 3687 2510 3761 πτίσματος
2564 3687 2763 3753 αἴτινος
2844 3694 3031 3770 γέγονε
3056 3740 3071 3763 ,
3137 3698 3477 3776 πεμφθέντος
3528 3698 3709 3758 αὐτοῖς
3752 3694 3841 3751 καὶ

2206 3776 2532 3854 ἀρχιερέως.
2584 3779 2744 3838 Ἀλλ’
2802 3783 2949 3855 ἀξιον
3006 3781 3369 3861 διηγήσασθαι
3421 3787 3594 3842 καὲτὸ
3621 3786 3835 3861 γεγονὸς

2207 3871 2388 3941 θαῦμα
2438 3869 2584 3944 παρὰ
2626 3874 2724 3956 τοῦ
2779 3871 3081 3948 ἀρχιερέως
3136 3881 3234 3933 τοῦ
3276 3878 3603 3956 πεμφθέντος
3650 3875 3835 3931 ἐκεῖσε.

2206 3958 2330 4045 ’Ϊβτι
2390 3957 2497 4033 γὰρ
2551 3963 2621 4033 τῇ
2688 3955 3092 4036 δεισιδαιμονίᾳ
3142 3955 3511 4045 κατεχόμενος
3544 3965 3703 4029 αὗτός
3727 3963 3843 4019 τεδ

2208 4042 2400 4121 ἅρχων
2466 4044 2553 4101 καὶ
2577 4046 2630 4101 οἱ
2678 4054 2990 4125 μεγιστᾶνες
3038 4053 3209 4109 αὐτοῦ
3259 4042 3351 4110 καὶ
3398 4056 3462 4112 τὸ
3517 4052 3653 4111 ἅπαν
3679 4048 3845 4121 ἔθνος,

2204 4133 2712 4208 κατασκοπούμενοι
2779 4140 2905 4214 περί
2968 4161 3029 4197 τε
3077 4145 3178 4208 τῆς
3238 4144 3434 4214 πρώην
3489 4141 3663 4199 αὒτῶν
3717 4145 3849 4219 θρη-

2207 4222 2389 4286 σκείας
2420 4223 2510 4279 καὶ
2549 4230 2650 4294 τῆς
2702 4229 2811 4282 τῶν
2863 4228 3201 4304 Χριστιανῶν
3260 4231 3516 4302 πίστεως,
3542 4231 3850 4289 είσκαλοῦσι

2205 4311 2297 4367 τὸν
2358 4309 2482 4387 ἄρτι
2539 4313 2676 4388 πρὸς
2735 4314 2935 4378 αὐτοὺς
3003 4322 3343 4395 φοιτήσαντα
3399 4321 3681 4396 ἀρχιερέα⁸
3740 4320 3849 4376 ’ὀνὸ

2207 4397 2395 4477 ἅρχων
2430 4400 2690 4477 ἐπηρώτα
2726 4425 2846 4459 τινα
2891 4405 2957 4461 τὰ
3005 4410 3131 4483 παρ’
3162 4407 3323 4464 αὐτοῦ
3370 4408 3851 4483 καταγγελλόμενα

2205 4490 2294 4545 καὶ
2329 4490 2516 4553 αὐτοῖς
2569 4487 2914 4557 διδάσκεσθαι
2972 4494 3265 4569 μέλλοντα.
3321 4494 3430 4554 Τοῖ’)
3485 4493 3543 4552 δὲ
3572 4498 3676 4566 τήν
3710 4498 3852 4572 ἱερὰν

2205 4582 2305 4633 τοῦ
2335 4579 2480 4633 θείου
2528 4577 2869 4655 Εὐαγγελίου
2899 4584 3278 4659 προτείναντος
3330 4580 3548 4662 βίϐλον,
3597 4585 3694 4641 καί
3742 4604 3853 4641 τινα

2207 4669 2453 4742 θαύματα
2517 4667 2889 4745 ἐξηγουμένου
2944 4678 3052 4729 τῶν
3094 4676 3197 4731 ὑπὸ
3256 4679 3352 4732 τοῦ
3401 4679 3535 4733 Θεοῦ
3574 4675 3627 4731 ἐν
3661 4680 3731 4750 τῇ
3772 4674 3849 4730 ἆνο

2209 4756 2451 4833 θρωπίνῃ
2522 4755 2790 4832 ἆπιδημία
2845 4768 3432 4841 τερατουργηθέντων,
3490 4791 3518 4818 ιι
3572 4767 3638 4823 Εἰ
3698 4767 3851 4840 μήτι
3939 4786 3955 4797 δ

2206 4851 2314 4902 τῶν
2364 4845 2573 4920 ὅμοίων
2617 4847 2680 4902 τὸ
2728 4847 2981 4921 πλῆθος,
3032 4848 3133 4932 ἔφη
3161 4898 3174 4922 ,
3232 4859 3342 4909 τῶν
3390 4856 3522 4916 Ῥὼς
3572 4855 3667 4909 καὶ
3700 4857 3854 4927 ἡμεῖς

2211 4935 2534 5008 θεασόμεθα,
2574 4933 2665 4990 καὶ
2700 4935 2938 5009 μάλιστα
2987 4941 3181 4997 ὁποῖον
3229 4940 3412 5017 λέγεις
3464 4941 3516 4998 ἐν
3546 4946 3612 5015 τῇ
3645 4941 3855 5015 καμίνῳ

2209 5027 2317 5078 τῶν
2348 5026 2514 5097 τριῶν
2573 5020 2782 5079 παίδων
2822 5028 3088 5103 γενέσθαι,
3139 5031 3243 5086 οὐκ
3300 5033 3363 5086 ἂν
3412 5052 3496 5086 σοι
3529 5027 3741 5108 ῥᾳδίως
3766 5050 3851 5085 πι-

2212 5113 2543 5186 στεύσωμεν.
2578 5124 2606 5163 ἱ»
2638 5113 2701 5171 Ὀ
2760 5110 2818 5169 δὲ
2844 5119 2924 5188 τῷ
2980 5116 3203 5193 ἀψευδεῖ
3249 5120 3535 5182 πιστεύσας
3576 5117 3734 5196 λόγῳ
3760 5121 3850 5174 τοῦ

2211 5201 2478 5270 εἰπόντος,
2510 5221 2595 5256 οτι
2631 5203 2728 5260 ιὋ
2756 5201 2816 5259 ἄν
2851 5202 3113 5278 αἷτήσητε
3133 5206 3186 5263 ἐν
3216 5212 3297 5281 τῷ
3327 5207 3558 5283 ὀνόματί
3591 5229 3730 5282 μου,
3756 5208 3852 5277 M-

2210 5292 2392 5366 ψεσθε,
2422 5289 2512 5345 καὶ
2541 5291 2572 5347 ὁ
2610 5293 2881 5348 πιστεύων
2939 5295 3018 5357 εὶς
3067 5295 3168 5371 ἐμὲ
3222 5297 3289 5353 τὰ
3345 5292 3477 5375 ἔργα
3513 5297 3547 5353 ἃ
3571 5296 3690 5372 ἐγὼ
3719 5299 3853 5353 non}

2210 5381 2460 5443 κάκεῖνος
2487 5382 2707 5450 ποιήσει
2746 5382 2834 5438 καὶ
2882 5383 3106 5455 μείζονα
3149 5385 3357 5442 τούτων
3406 5389 3650 5457 ποιήσει,
3688 5410 3718 5438 ››
3758 5384 3851 5461 ἔτη

2212 5468 2347 5545 πρὸς
2377 5466 2592 5531 αὐτούς·
2627 5494 2655 5522 ‹‹
2686 5470 2751 5528 Εἰ
2782 5470 2871 5527 καὶ
2906 5473 2983 5546 μή
3038 5472 3242 5545 ἓξεστίν
3297 5475 3630 5552 ἑκπειράζειν
3665 5472 3850 5548 Κύριον

2215 5558 2306 5615 τὸν
2335 5558 2483 5632 Θεὸν,
2517 5556 2674 5631 ὅμως
2721 5558 2769 5615 εί
2815 5557 2877 5616 ἑκ
2922 5564 3111 5638 ψυχῆς
3156 5560 3488 5640 διεγνώκατε
3536 5562 3851 5641 προσελθεῖν
