  <div class='ocr_page' id='page_1' title='image "/cluster/home/n/w/nwhite01/storage/ocr_20150623/121/hvd.32044073502478/572.png"; bbox 0 0 4130 6218; ppageno 0'>
   <div class='ocr_carea' id='block_1_1' title="bbox 341 380 496 443">
    <p class='ocr_par' dir='ltr' id='par_1_1' title="bbox 341 380 496 443">
     <span class='ocr_line' id='line_1_1' title="bbox 341 380 496 443; baseline 0.006 -1"><span class='ocrx_word' id='word_1_1' title='bbox 341 380 496 443; x_wconf 77' lang='lat' dir='ltr'>H33</span> 
     </span>
    </p>
   </div>
   <div class='ocr_carea' id='block_1_2' title="bbox 1433 373 2555 444">
    <p class='ocr_par' dir='ltr' id='par_1_2' title="bbox 1433 373 2555 444">
     <span class='ocr_line' id='line_1_2' title="bbox 1433 373 2555 444; baseline -0.004 0"><span class='ocrx_word' id='word_1_2' title='bbox 1433 376 1972 444; x_wconf 74' lang='lat' dir='ltr'>HISTORIARUM</span> <span class='ocrx_word' id='word_1_3' title='bbox 2015 373 2555 443; x_wconf 80' lang='lat' dir='ltr'>COMPENDIUM.</span> 
     </span>
    </p>
   </div>
   <div class='ocr_carea' id='block_1_3' title="bbox 3587 390 3745 454">
    <p class='ocr_par' dir='ltr' id='par_1_3' title="bbox 3587 390 3745 454">
     <span class='ocr_line' id='line_1_3' title="bbox 3587 390 3745 454; baseline -0.013 0"><span class='ocrx_word' id='word_1_4' title='bbox 3587 390 3745 454; x_wconf 63' lang='lat'>“3!</span> 
     </span>
    </p>
   </div>
   <div class='ocr_carea' id='block_1_4' title="bbox 339 494 1969 607">
    <p class='ocr_par' dir='ltr' id='par_1_4' title="bbox 339 494 1969 607">
     <span class='ocr_line' id='line_1_4' title="bbox 339 494 1969 607; baseline -0.001 -39"><span class='ocrx_word' id='word_1_5' title='bbox 339 509 461 569; x_wconf 84' lang='grc' dir='ltr'>λεία</span> <span class='ocrx_word' id='word_1_6' title='bbox 488 514 627 588; x_wconf 81' lang='grc' dir='ltr'>πρὸς</span> <span class='ocrx_word' id='word_1_7' title='bbox 664 515 837 594; x_wconf 75' lang='grc' dir='ltr'>ὀργήν</span> <span class='ocrx_word' id='word_1_8' title='bbox 889 515 1028 572; x_wconf 83' lang='grc' dir='ltr'>κατᾶ</span> <span class='ocrx_word' id='word_1_9' title='bbox 1050 494 1057 499; x_wconf 19' lang='grc' dir='ltr'><strong>ἱ</strong></span> <span class='ocrx_word' id='word_1_10' title='bbox 1083 519 1182 572; x_wconf 77' lang='grc' dir='ltr'>τοῦ</span> <span class='ocrx_word' id='word_1_11' title='bbox 1237 516 1359 573; x_wconf 73' lang='grc' dir='ltr'>υἱοῦ</span> <span class='ocrx_word' id='word_1_12' title='bbox 1418 512 1775 607; x_wconf 87' lang='grc' dir='ltr'>διανίσταται,</span> <span class='ocrx_word' id='word_1_13' title='bbox 1805 512 1895 607; x_wconf 73' lang='grc' dir='ltr'>καὶ</span> <span class='ocrx_word' id='word_1_14' title='bbox 1923 510 1969 569; x_wconf 70' lang='grc' dir='ltr'>’ὲι</span> 
     </span>
    </p>
   </div>
   <div class='ocr_carea' id='block_1_5' title="bbox 2081 494 3745 607">
    <p class='ocr_par' dir='ltr' id='par_1_5' title="bbox 2099 530 3745 607">
     <span class='ocr_line' id='line_1_5' title="bbox 2099 530 3745 607; baseline 0.009 -20"><span class='ocrx_word' id='word_1_15' title='bbox 2099 547 2172 589; x_wconf 83' lang='lat' dir='ltr'><strong>ex</strong></span> <span class='ocrx_word' id='word_1_16' title='bbox 2199 547 2267 587; x_wconf 93' lang='lat' dir='ltr'>eo</span> <span class='ocrx_word' id='word_1_17' title='bbox 2290 530 2523 604; x_wconf 87' lang='lat' dir='ltr'><strong>lapsum</strong></span> <span class='ocrx_word' id='word_1_18' title='bbox 2556 536 2646 589; x_wconf 89' lang='lat' dir='ltr'>est</span> <span class='ocrx_word' id='word_1_19' title='bbox 2700 534 3007 607; x_wconf 86' lang='lat' dir='ltr'><strong>temporis,</strong></span> <span class='ocrx_word' id='word_1_20' title='bbox 3040 536 3228 595; x_wconf 89' lang='lat' dir='ltr'><strong>donec</strong></span> <span class='ocrx_word' id='word_1_21' title='bbox 3248 540 3450 597; x_wconf 66' lang='grc' dir='ltr'>που</span> <span class='ocrx_word' id='word_1_22' title='bbox 3504 542 3745 601; x_wconf 77' lang='lat' dir='ltr'>tandem</span> 
     </span>
    </p>
   </div>
   <div class='ocr_carea' id='block_1_6' title="bbox 335 601 1982 683">
    <p class='ocr_par' dir='ltr' id='par_1_6' title="bbox 335 601 1982 683">
     <span class='ocr_line' id='line_1_6' title="bbox 335 601 1982 683; baseline 0 -25"><span class='ocrx_word' id='word_1_23' title='bbox 335 623 441 658; x_wconf 85' lang='grc' dir='ltr'>τινι</span> <span class='ocrx_word' id='word_1_24' title='bbox 490 608 600 660; x_wconf 83' lang='grc' dir='ltr'>τῶν</span> <span class='ocrx_word' id='word_1_25' title='bbox 661 603 958 681; x_wconf 84' lang='grc' dir='ltr'>βασιλείων</span> <span class='ocrx_word' id='word_1_26' title='bbox 1018 606 1201 671; x_wconf 63' lang='grc' dir='ltr'>οἴκων,</span> <span class='ocrx_word' id='word_1_27' title='bbox 1265 608 1350 683; x_wconf 85' lang='grc' dir='ltr'>[Ρ.</span> <span class='ocrx_word' id='word_1_28' title='bbox 1384 608 1511 680; x_wconf 76' lang='grc'>591]</span> <span class='ocrx_word' id='word_1_29' title='bbox 1541 606 1601 667; x_wconf 81' lang='grc' dir='ltr'>’ὸς</span> <span class='ocrx_word' id='word_1_30' title='bbox 1638 601 1982 682; x_wconf 71' lang='grc' dir='ltr'>μαργαρίτης</span> 
     </span>
    </p>
   </div>
   <div class='ocr_carea' id='block_1_7' title="bbox 333 694 1981 775">
    <p class='ocr_par' dir='ltr' id='par_1_7' title="bbox 333 694 1981 775">
     <span class='ocr_line' id='line_1_7' title="bbox 333 694 1981 775; baseline 0.009 -38"><span class='ocrx_word' id='word_1_31' title='bbox 333 697 808 771; x_wconf 60' lang='grc' dir='ltr'>κατονομάζεται,</span> <span class='ocrx_word' id='word_1_32' title='bbox 859 694 1169 775; x_wconf 65' lang='grc' dir='ltr'>ἔμφρουρον</span> <span class='ocrx_word' id='word_1_33' title='bbox 1217 700 1408 755; x_wconf 76' lang='grc' dir='ltr'>τοῦτον</span> <span class='ocrx_word' id='word_1_34' title='bbox 1456 696 1774 767; x_wconf 84' lang='grc' dir='ltr'>πεποίηκεν,</span> <span class='ocrx_word' id='word_1_35' title='bbox 1821 694 1981 771; x_wconf 78' lang='grc' dir='ltr'>ἀφαι-</span> 
     </span>
    </p>
   </div>
   <div class='ocr_carea' id='block_1_8' title="bbox 337 781 1977 863">
    <p class='ocr_par' dir='ltr' id='par_1_8' title="bbox 337 781 1977 863">
     <span class='ocr_line' id='line_1_8' title="bbox 337 781 1977 863; baseline -0.001 -23"><span class='ocrx_word' id='word_1_36' title='bbox 337 788 507 861; x_wconf 88' lang='grc' dir='ltr'>ρεῖται</span> <span class='ocrx_word' id='word_1_37' title='bbox 539 781 598 840; x_wconf 70' lang='grc' dir='ltr'>δὲ</span> <span class='ocrx_word' id='word_1_38' title='bbox 654 786 740 841; x_wconf 85' lang='grc' dir='ltr'>καὶ</span> <span class='ocrx_word' id='word_1_39' title='bbox 799 787 866 842; x_wconf 73' lang='grc' dir='ltr'>τὰ</span> <span class='ocrx_word' id='word_1_40' title='bbox 921 794 1024 858; x_wconf 84' lang='grc' dir='ltr'>τῆς</span> <span class='ocrx_word' id='word_1_41' title='bbox 1083 785 1364 863; x_wconf 78' lang='grc' dir='ltr'>βασιλείας</span> <span class='ocrx_word' id='word_1_42' title='bbox 1428 786 1745 862; x_wconf 84' lang='grc' dir='ltr'>παράσημα.</span> <span class='ocrx_word' id='word_1_43' title='bbox 1781 791 1977 856; x_wconf 77' lang='grc' dir='ltr'>Διηρεο</span> 
     </span>
    </p>
   </div>
   <div class='ocr_carea' id='block_1_9' title="bbox 334 872 1981 954">
    <p class='ocr_par' dir='ltr' id='par_1_9' title="bbox 334 872 1981 954">
     <span class='ocr_line' id='line_1_9' title="bbox 334 872 1981 954; baseline 0.004 -25"><span class='ocrx_word' id='word_1_44' title='bbox 334 874 511 944; x_wconf 81' lang='grc' dir='ltr'>θίζετο</span> <span class='ocrx_word' id='word_1_45' title='bbox 545 872 604 930; x_wconf 75' lang='grc' dir='ltr'>δὶ</span> <span class='ocrx_word' id='word_1_46' title='bbox 631 875 779 950; x_wconf 84' lang='grc' dir='ltr'>παρᾶ</span> <span class='ocrx_word' id='word_1_47' title='bbox 821 880 919 932; x_wconf 80' lang='grc' dir='ltr'>τοῦ</span> <span class='ocrx_word' id='word_1_48' title='bbox 952 872 1375 952; x_wconf 81' lang='grc' dir='ltr'>Σανδαϐαρηνοῦ</span> <span class='ocrx_word' id='word_1_49' title='bbox 1438 877 1530 931; x_wconf 80' lang='grc' dir='ltr'>καὶ</span> <span class='ocrx_word' id='word_1_50' title='bbox 1582 873 1712 938; x_wconf 76' lang='grc' dir='ltr'>τοὺς</span> <span class='ocrx_word' id='word_1_51' title='bbox 1739 873 1981 954; x_wconf 75' lang='grc' dir='ltr'>λύχνους</span> 
     </span>
    </p>
   </div>
   <div class='ocr_carea' id='block_1_10' title="bbox 338 959 1983 1044">
    <p class='ocr_par' dir='ltr' id='par_1_10' title="bbox 338 959 1983 1044">
     <span class='ocr_line' id='line_1_10' title="bbox 338 959 1983 1044; baseline -0.001 -25"><span class='ocrx_word' id='word_1_52' title='bbox 338 959 635 1020; x_wconf 69' lang='grc' dir='ltr'>ἀποσϐέσαι</span> <span class='ocrx_word' id='word_1_53' title='bbox 695 968 804 1020; x_wconf 81' lang='grc' dir='ltr'>τῶν</span> <span class='ocrx_word' id='word_1_54' title='bbox 860 964 1158 1044; x_wconf 74' lang='grc' dir='ltr'>ὀφθαλμῶν</span> <span class='ocrx_word' id='word_1_55' title='bbox 1212 964 1395 1024; x_wconf 74' lang='grc' dir='ltr'>αὑτοῦ.</span> <span class='ocrx_word' id='word_1_56' title='bbox 1430 962 1605 1023; x_wconf 84' lang='grc' dir='ltr'>Ἀλλά</span> <span class='ocrx_word' id='word_1_57' title='bbox 1662 968 1826 1021; x_wconf 75' lang='grc' dir='ltr'>τοῦτο</span> <span class='ocrx_word' id='word_1_58' title='bbox 1888 964 1983 1038; x_wconf 75' lang='grc' dir='ltr'>μὶν</span> 
     </span>
    </p>
   </div>
   <div class='ocr_carea' id='block_1_11' title="bbox 338 1052 1982 1131">
    <p class='ocr_par' dir='ltr' id='par_1_11' title="bbox 338 1052 1982 1131">
     <span class='ocr_line' id='line_1_11' title="bbox 338 1052 1982 1131; baseline -0.001 -22"><span class='ocrx_word' id='word_1_59' title='bbox 338 1052 591 1126; x_wconf 69' lang='grc' dir='ltr'>ἐκωλύθη</span> <span class='ocrx_word' id='word_1_60' title='bbox 625 1061 854 1125; x_wconf 87' lang='grc' dir='ltr'>ποιῆσαι</span> <span class='ocrx_word' id='word_1_61' title='bbox 907 1055 1012 1112; x_wconf 82' lang='grc' dir='ltr'>ὑπὸ</span> <span class='ocrx_word' id='word_1_62' title='bbox 1059 1060 1157 1111; x_wconf 78' lang='grc' dir='ltr'>τοῦ</span> <span class='ocrx_word' id='word_1_63' title='bbox 1202 1056 1550 1131; x_wconf 75' lang='grc' dir='ltr'>πατριάρχου</span> <span class='ocrx_word' id='word_1_64' title='bbox 1587 1053 1676 1111; x_wconf 78' lang='grc' dir='ltr'>καὶ</span> <span class='ocrx_word' id='word_1_65' title='bbox 1715 1060 1815 1124; x_wconf 81' lang='grc' dir='ltr'>τῆς</span> <span class='ocrx_word' id='word_1_66' title='bbox 1847 1074 1982 1130; x_wconf 85' lang='grc' dir='ltr'>συγ-</span> 
     </span>
    </p>
   </div>
   <div class='ocr_carea' id='block_1_12' title="bbox 338 1140 1978 1224">
    <p class='ocr_par' dir='ltr' id='par_1_12' title="bbox 338 1140 1978 1224">
     <span class='ocr_line' id='line_1_12' title="bbox 338 1140 1978 1224; baseline 0.001 -26"><span class='ocrx_word' id='word_1_67' title='bbox 338 1140 552 1214; x_wconf 75' lang='grc' dir='ltr'>κλήτου</span> <span class='ocrx_word' id='word_1_68' title='bbox 611 1142 820 1220; x_wconf 87' lang='grc' dir='ltr'>βουλῆς</span> <span class='ocrx_word' id='word_1_69' title='bbox 871 1152 971 1216; x_wconf 88' lang='grc' dir='ltr'>τῆς</span> <span class='ocrx_word' id='word_1_70' title='bbox 1029 1146 1249 1223; x_wconf 73' lang='grc' dir='ltr'>εἱρκτῆς</span> <span class='ocrx_word' id='word_1_71' title='bbox 1309 1143 1366 1201; x_wconf 77' lang='grc' dir='ltr'>δὲ</span> <span class='ocrx_word' id='word_1_72' title='bbox 1422 1144 1577 1219; x_wconf 73' lang='grc' dir='ltr'>ὅμως</span> <span class='ocrx_word' id='word_1_73' title='bbox 1629 1144 1778 1224; x_wconf 77' lang='grc' dir='ltr'>εἶχεν</span> <span class='ocrx_word' id='word_1_74' title='bbox 1807 1142 1978 1205; x_wconf 80' lang='grc' dir='ltr'>ἐντός.</span> 
     </span>
    </p>
   </div>
   <div class='ocr_carea' id='block_1_13' title="bbox 337 1228 1979 1311">
    <p class='ocr_par' dir='ltr' id='par_1_13' title="bbox 337 1228 1979 1311">
     <span class='ocr_line' id='line_1_13' title="bbox 337 1228 1979 1311; baseline -0.002 -21"><span class='ocrx_word' id='word_1_75' title='bbox 337 1231 548 1307; x_wconf 85' lang='grc' dir='ltr'>Χρόνου</span> <span class='ocrx_word' id='word_1_76' title='bbox 575 1228 634 1289; x_wconf 79' lang='grc' dir='ltr'>δὶ</span> <span class='ocrx_word' id='word_1_77' title='bbox 676 1231 1122 1309; x_wconf 80' lang='grc' dir='ltr'>παραδραμόντος</span> <span class='ocrx_word' id='word_1_78' title='bbox 1169 1238 1394 1311; x_wconf 79' lang='grc' dir='ltr'>συχνοῦ,</span> <span class='ocrx_word' id='word_1_79' title='bbox 1436 1233 1526 1289; x_wconf 79' lang='grc' dir='ltr'>καὶ</span> <span class='ocrx_word' id='word_1_80' title='bbox 1576 1232 1847 1297; x_wconf 88' lang='grc' dir='ltr'>πολλάκις</span> <span class='ocrx_word' id='word_1_81' title='bbox 1876 1238 1979 1302; x_wconf 89' lang='grc' dir='ltr'>τῆς</span> 
     </span>
    </p>
   </div>
   <div class='ocr_carea' id='block_1_14' title="bbox 338 1319 1982 1402">
    <p class='ocr_par' dir='ltr' id='par_1_14' title="bbox 338 1319 1982 1402">
     <span class='ocr_line' id='line_1_14' title="bbox 338 1319 1982 1402; baseline -0.001 -25"><span class='ocrx_word' id='word_1_82' title='bbox 338 1319 651 1398; x_wconf 73' lang='grc' dir='ltr'>συγκλήτου</span> <span class='ocrx_word' id='word_1_83' title='bbox 694 1323 1065 1400; x_wconf 78' lang='grc' dir='ltr'>βουληθιίσης</span> <span class='ocrx_word' id='word_1_84' title='bbox 1097 1319 1616 1402; x_wconf 81' lang='grc' dir='ltr'>διαπρεσϐεύσασθαι</span> <span class='ocrx_word' id='word_1_85' title='bbox 1676 1324 1796 1397; x_wconf 77' lang='grc' dir='ltr'>περὶ</span> <span class='ocrx_word' id='word_1_86' title='bbox 1845 1321 1982 1378; x_wconf 85' lang='grc' dir='ltr'>τού-</span> 
     </span>
    </p>
   </div>
   <div class='ocr_carea' id='block_1_15' title="bbox 328 1409 1981 1485">
    <p class='ocr_par' dir='ltr' id='par_1_15' title="bbox 328 1409 1981 1485">
     <span class='ocr_line' id='line_1_15' title="bbox 328 1409 1981 1485; baseline 0.001 -18"><span class='ocrx_word' id='word_1_87' title='bbox 328 1430 427 1467; x_wconf 82' lang='grc' dir='ltr'>του</span> <span class='ocrx_word' id='word_1_88' title='bbox 458 1411 549 1467; x_wconf 77' lang='grc' dir='ltr'>καὶ</span> <span class='ocrx_word' id='word_1_89' title='bbox 578 1414 699 1468; x_wconf 86' lang='grc' dir='ltr'>κατ’</span> <span class='ocrx_word' id='word_1_90' title='bbox 729 1411 910 1485; x_wconf 75' lang='grc' dir='ltr'>ἄλλην</span> <span class='ocrx_word' id='word_1_91' title='bbox 938 1415 1030 1469; x_wconf 86' lang='grc' dir='ltr'>καί</span> <span class='ocrx_word' id='word_1_92' title='bbox 1068 1413 1252 1484; x_wconf 81' lang='grc' dir='ltr'>ἄλλην</span> <span class='ocrx_word' id='word_1_93' title='bbox 1305 1413 1484 1469; x_wconf 71' lang='grc' dir='ltr'>αἰτίαν</span> <span class='ocrx_word' id='word_1_94' title='bbox 1515 1409 1705 1475; x_wconf 80' lang='grc' dir='ltr'>ἄλλως</span> <span class='ocrx_word' id='word_1_95' title='bbox 1737 1412 1826 1467; x_wconf 77' lang='grc' dir='ltr'>καὶ</span> <span class='ocrx_word' id='word_1_96' title='bbox 1876 1409 1981 1469; x_wconf 81' lang='grc' dir='ltr'>ἅλ-</span> 
     </span>
    </p>
   </div>
   <div class='ocr_carea' id='block_1_16' title="bbox 332 1498 1981 1585">
    <p class='ocr_par' dir='ltr' id='par_1_16' title="bbox 332 1498 1981 1585">
     <span class='ocr_line' id='line_1_16' title="bbox 332 1498 1981 1585; baseline 0.001 -29"><span class='ocrx_word' id='word_1_97' title='bbox 332 1498 448 1567; x_wconf 87' lang='grc' dir='ltr'>λως</span> <span class='ocrx_word' id='word_1_98' title='bbox 495 1501 857 1578; x_wconf 66' lang='grc' dir='ltr'>κωλυομένης</span> <span class='ocrx_word' id='word_1_99' title='bbox 888 1549 904 1574; x_wconf 87' lang='grc'>,</span> <span class='ocrx_word' id='word_1_100' title='bbox 957 1504 1230 1585; x_wconf 85' lang='grc' dir='ltr'>πρόφασις</span> <span class='ocrx_word' id='word_1_101' title='bbox 1284 1501 1495 1560; x_wconf 79' lang='grc' dir='ltr'>δίδοται</span> <span class='ocrx_word' id='word_1_102' title='bbox 1553 1502 1802 1579; x_wconf 76' lang='grc' dir='ltr'>εὕλογος,</span> <span class='ocrx_word' id='word_1_103' title='bbox 1836 1503 1887 1574; x_wconf 77' lang='grc' dir='ltr'>ἐξ</span> <span class='ocrx_word' id='word_1_104' title='bbox 1911 1506 1981 1573; x_wconf 66' lang='grc' dir='ltr'>ἧς</span> 
     </span>
    </p>
   </div>
   <div class='ocr_carea' id='block_1_17' title="bbox 328 1586 1976 1665">
    <p class='ocr_par' dir='ltr' id='par_1_17' title="bbox 328 1586 1976 1665">
     <span class='ocr_line' id='line_1_17' title="bbox 328 1586 1976 1665; baseline 0.003 -22"><span class='ocrx_word' id='word_1_105' title='bbox 328 1586 700 1665; x_wconf 76' lang='grc' dir='ltr'>ὡδηγήθησαν</span> <span class='ocrx_word' id='word_1_106' title='bbox 771 1591 850 1657; x_wconf 83' lang='grc' dir='ltr'>είς</span> <span class='ocrx_word' id='word_1_107' title='bbox 903 1593 966 1648; x_wconf 84' lang='grc' dir='ltr'>τὸ</span> <span class='ocrx_word' id='word_1_108' title='bbox 1023 1593 1321 1649; x_wconf 78' lang='grc' dir='ltr'>καταλῦσαι</span> <span class='ocrx_word' id='word_1_109' title='bbox 1386 1591 1453 1647; x_wconf 78' lang='grc' dir='ltr'>τὰ</span> <span class='ocrx_word' id='word_1_110' title='bbox 1514 1588 1927 1664; x_wconf 78' lang='grc' dir='ltr'>σπουδαζόμενα</span> <span class='ocrx_word' id='word_1_111' title='bbox 1963 1634 1976 1648; x_wconf 96' lang='grc'>.</span> 
     </span>
    </p>
   </div>
   <div class='ocr_carea' id='block_1_18' title="bbox 325 1678 1981 1757">
    <p class='ocr_par' dir='ltr' id='par_1_18' title="bbox 325 1678 1981 1757">
     <span class='ocr_line' id='line_1_18' title="bbox 325 1678 1981 1757; baseline 0.001 -23"><span class='ocrx_word' id='word_1_112' title='bbox 325 1682 474 1736; x_wconf 83' lang='grc' dir='ltr'>Ζῶον</span> <span class='ocrx_word' id='word_1_113' title='bbox 510 1679 580 1751; x_wconf 77' lang='grc' dir='ltr'>ἦν</span> <span class='ocrx_word' id='word_1_114' title='bbox 610 1703 663 1739; x_wconf 89' lang='grc' dir='ltr'>τι</span> <span class='ocrx_word' id='word_1_115' title='bbox 695 1683 902 1754; x_wconf 78' lang='grc' dir='ltr'>πτηνὸν</span> <span class='ocrx_word' id='word_1_116' title='bbox 943 1682 994 1739; x_wconf 74' lang='grc' dir='ltr'>ἐν</span> <span class='ocrx_word' id='word_1_117' title='bbox 1025 1678 1233 1755; x_wconf 85' lang='grc' dir='ltr'>κλωϐᾦ</span> <span class='ocrx_word' id='word_1_118' title='bbox 1260 1682 1398 1738; x_wconf 83' lang='grc' dir='ltr'>κατὰ</span> <span class='ocrx_word' id='word_1_119' title='bbox 1441 1683 1509 1737; x_wconf 72' lang='grc' dir='ltr'>τά</span> <span class='ocrx_word' id='word_1_120' title='bbox 1562 1679 1815 1757; x_wconf 83' lang='grc' dir='ltr'>βασίλεια</span> <span class='ocrx_word' id='word_1_121' title='bbox 1843 1682 1981 1737; x_wconf 79' lang='grc' dir='ltr'>αἰω-</span> 
     </span>
    </p>
   </div>
   <div class='ocr_carea' id='block_1_19' title="bbox 328 1766 1977 1848">
    <p class='ocr_par' dir='ltr' id='par_1_19' title="bbox 328 1766 1977 1848">
     <span class='ocr_line' id='line_1_19' title="bbox 328 1766 1977 1848; baseline 0.002 -26"><span class='ocrx_word' id='word_1_122' title='bbox 328 1766 595 1843; x_wconf 87' lang='grc' dir='ltr'>ρούμενον</span> <span class='ocrx_word' id='word_1_123' title='bbox 639 1771 776 1847; x_wconf 77' lang='grc' dir='ltr'>πρὸς</span> <span class='ocrx_word' id='word_1_124' title='bbox 828 1770 948 1837; x_wconf 76' lang='grc' dir='ltr'>θὲαν</span> <span class='ocrx_word' id='word_1_125' title='bbox 1011 1771 1105 1827; x_wconf 85' lang='grc' dir='ltr'>καὶ</span> <span class='ocrx_word' id='word_1_126' title='bbox 1160 1773 1351 1848; x_wconf 70' lang='grc' dir='ltr'>τέρψιν</span> <span class='ocrx_word' id='word_1_127' title='bbox 1405 1776 1515 1828; x_wconf 80' lang='grc' dir='ltr'>τῶν</span> <span class='ocrx_word' id='word_1_128' title='bbox 1568 1771 1855 1845; x_wconf 69' lang='grc' dir='ltr'>θεωμένων</span> <span class='ocrx_word' id='word_1_129' title='bbox 1886 1770 1977 1827; x_wconf 76' lang='grc' dir='ltr'>καὶ</span> 
     </span>
    </p>
   </div>
   <div class='ocr_carea' id='block_1_20' title="bbox 327 1854 1972 1936">
    <p class='ocr_par' dir='ltr' id='par_1_20' title="bbox 327 1854 1972 1936">
     <span class='ocr_line' id='line_1_20' title="bbox 327 1854 1972 1936; baseline 0.002 -26"><span class='ocrx_word' id='word_1_130' title='bbox 327 1854 638 1915; x_wconf 80' lang='grc' dir='ltr'>ἀκουόντων</span> <span class='ocrx_word' id='word_1_131' title='bbox 669 1861 954 1936; x_wconf 72' lang='grc' dir='ltr'>(ψιττακὸς</span> <span class='ocrx_word' id='word_1_132' title='bbox 1001 1860 1178 1935; x_wconf 77' lang='grc' dir='ltr'>ὄνομα</span> <span class='ocrx_word' id='word_1_133' title='bbox 1230 1865 1310 1934; x_wconf 82' lang='grc' dir='ltr'>τῷ</span> <span class='ocrx_word' id='word_1_134' title='bbox 1366 1861 1541 1935; x_wconf 82' lang='grc' dir='ltr'>ζώῳ),</span> <span class='ocrx_word' id='word_1_135' title='bbox 1595 1859 1847 1935; x_wconf 79' lang='grc' dir='ltr'>μιμηλὸν</span> <span class='ocrx_word' id='word_1_136' title='bbox 1884 1860 1972 1915; x_wconf 79' lang='grc' dir='ltr'>καὶ</span> 
     </span>
    </p>
   </div>
   <div class='ocr_carea' id='block_1_21' title="bbox 328 1943 1970 2030">
    <p class='ocr_par' dir='ltr' id='par_1_21' title="bbox 328 1943 1970 2030">
     <span class='ocr_line' id='line_1_21' title="bbox 328 1943 1970 2030; baseline 0.004 -31"><span class='ocrx_word' id='word_1_137' title='bbox 328 1943 659 2025; x_wconf 71' lang='grc' dir='ltr'>πολύφωνον</span> <span class='ocrx_word' id='word_1_138' title='bbox 708 1949 842 2028; x_wconf 75' lang='grc' dir='ltr'>ὅπερ</span> <span class='ocrx_word' id='word_1_139' title='bbox 884 1949 991 2007; x_wconf 58' lang='grc' dir='ltr'>εἴτε</span> <span class='ocrx_word' id='word_1_140' title='bbox 1046 1949 1183 2025; x_wconf 86' lang='grc' dir='ltr'>πρός</span> <span class='ocrx_word' id='word_1_141' title='bbox 1239 1972 1403 2007; x_wconf 88' lang='grc' dir='ltr'>τινων</span> <span class='ocrx_word' id='word_1_142' title='bbox 1456 1947 1712 2030; x_wconf 71' lang='grc' dir='ltr'>διδαχοὶν</span> <span class='ocrx_word' id='word_1_143' title='bbox 1745 1949 1843 2006; x_wconf 65' lang='grc' dir='ltr'>εἴτ’</span> <span class='ocrx_word' id='word_1_144' title='bbox 1871 1949 1970 2006; x_wconf 81' lang='grc' dir='ltr'>ἄλ-</span> 
     </span>
    </p>
   </div>
   <div class='ocr_carea' id='block_1_22' title="bbox 332 2030 1973 2115">
    <p class='ocr_par' dir='ltr' id='par_1_22' title="bbox 332 2030 1973 2115">
     <span class='ocr_line' id='line_1_22' title="bbox 332 2030 1973 2115; baseline -0.005 -18"><span class='ocrx_word' id='word_1_145' title='bbox 332 2030 448 2097; x_wconf 81' lang='grc' dir='ltr'>λως</span> <span class='ocrx_word' id='word_1_146' title='bbox 469 2057 588 2100; x_wconf 89' lang='grc' dir='ltr'>πως</span> <span class='ocrx_word' id='word_1_147' title='bbox 608 2037 660 2110; x_wconf 72' lang='grc' dir='ltr'>ἐξ</span> <span class='ocrx_word' id='word_1_148' title='bbox 674 2037 983 2113; x_wconf 77' lang='grc' dir='ltr'>αὐτομάτου</span> <span class='ocrx_word' id='word_1_149' title='bbox 1001 2039 1298 2110; x_wconf 80' lang='grc' dir='ltr'>πολλάκις,</span> <span class='ocrx_word' id='word_1_150' title='bbox 1321 2064 1350 2092; x_wconf 75' lang='grc' dir='ltr'>ι(</span> <span class='ocrx_word' id='word_1_151' title='bbox 1376 2038 1468 2111; x_wconf 65' lang='lat' dir='ltr'><strong>Ai,</strong></span> <span class='ocrx_word' id='word_1_152' title='bbox 1485 2038 1562 2110; x_wconf 79' lang='grc' dir='ltr'>αἲ,</span> <span class='ocrx_word' id='word_1_153' title='bbox 1585 2039 1740 2115; x_wconf 89' lang='grc' dir='ltr'>κύριε</span> <span class='ocrx_word' id='word_1_154' title='bbox 1763 2038 1918 2108; x_wconf 75' lang='grc' dir='ltr'>Δέον,</span> <span class='ocrx_word' id='word_1_155' title='bbox 1943 2063 1973 2092; x_wconf 74' lang='grc' dir='ltr'>›ι</span> 
     </span>
    </p>
   </div>
   <div class='ocr_carea' id='block_1_23' title="bbox 329 2118 1973 2208">
    <p class='ocr_par' dir='ltr' id='par_1_23' title="bbox 329 2118 1973 2208">
     <span class='ocr_line' id='line_1_23' title="bbox 329 2118 1973 2208; baseline 0.003 -31"><span class='ocrx_word' id='word_1_156' title='bbox 329 2118 641 2201; x_wconf 73' lang='grc' dir='ltr'>ἐφθὲγγετο.</span> <span class='ocrx_word' id='word_1_157' title='bbox 703 2127 960 2208; x_wconf 77' lang='grc' dir='ltr'>Εύωχίας</span> <span class='ocrx_word' id='word_1_158' title='bbox 1010 2126 1067 2185; x_wconf 71' lang='grc' dir='ltr'>δὲ</span> <span class='ocrx_word' id='word_1_159' title='bbox 1094 2148 1230 2185; x_wconf 89' lang='grc' dir='ltr'>ποτε</span> <span class='ocrx_word' id='word_1_160' title='bbox 1281 2125 1616 2201; x_wconf 68' lang='grc' dir='ltr'>τελουμένης</span> <span class='ocrx_word' id='word_1_161' title='bbox 1642 2132 1724 2201; x_wconf 81' lang='grc' dir='ltr'>τῷ</span> <span class='ocrx_word' id='word_1_162' title='bbox 1756 2126 1973 2204; x_wconf 88' lang='grc' dir='ltr'>βασιλεῖ</span> 
     </span>
    </p>
   </div>
   <div class='ocr_carea' id='block_1_24' title="bbox 323 2212 1970 2293">
    <p class='ocr_par' dir='ltr' id='par_1_24' title="bbox 323 2212 1970 2293">
     <span class='ocr_line' id='line_1_24' title="bbox 323 2212 1970 2293; baseline 0.003 -26"><span class='ocrx_word' id='word_1_163' title='bbox 323 2212 557 2269; x_wconf 82' lang='grc' dir='ltr'>καὶτῶν</span> <span class='ocrx_word' id='word_1_164' title='bbox 607 2218 837 2290; x_wconf 82' lang='grc' dir='ltr'>πρώτων</span> <span class='ocrx_word' id='word_1_165' title='bbox 895 2225 996 2286; x_wconf 83' lang='grc' dir='ltr'>τῆς</span> <span class='ocrx_word' id='word_1_166' title='bbox 1059 2217 1267 2293; x_wconf 83' lang='grc' dir='ltr'>βουλῆς</span> <span class='ocrx_word' id='word_1_167' title='bbox 1327 2217 1766 2291; x_wconf 75' lang='grc' dir='ltr'>συνεστιωμένων</span> <span class='ocrx_word' id='word_1_168' title='bbox 1799 2216 1970 2288; x_wconf 83' lang='grc' dir='ltr'>αύτῷ,</span> 
     </span>
    </p>
   </div>
   <div class='ocr_carea' id='block_1_25' title="bbox 323 2302 1973 2385">
    <p class='ocr_par' dir='ltr' id='par_1_25' title="bbox 323 2302 1973 2385">
     <span class='ocr_line' id='line_1_25' title="bbox 323 2302 1973 2385; baseline 0.004 -28"><span class='ocrx_word' id='word_1_169' title='bbox 323 2302 541 2359; x_wconf 71' lang='grc' dir='ltr'>καὶτοῦ</span> <span class='ocrx_word' id='word_1_170' title='bbox 594 2302 809 2380; x_wconf 81' lang='grc' dir='ltr'>ὄρνιθος</span> <span class='ocrx_word' id='word_1_171' title='bbox 871 2306 1146 2371; x_wconf 87' lang='grc' dir='ltr'>πολλάκις</span> <span class='ocrx_word' id='word_1_172' title='bbox 1204 2307 1574 2385; x_wconf 70' lang='grc' dir='ltr'>φθεγγομένου</span> <span class='ocrx_word' id='word_1_173' title='bbox 1628 2306 1691 2362; x_wconf 79' lang='grc' dir='ltr'>τὸ</span> <span class='ocrx_word' id='word_1_174' title='bbox 1732 2304 1973 2381; x_wconf 76' lang='grc' dir='ltr'>προῤῥη-</span> 
     </span>
    </p>
   </div>
   <div class='ocr_carea' id='block_1_26' title="bbox 325 2389 1969 2472">
    <p class='ocr_par' dir='ltr' id='par_1_26' title="bbox 325 2389 1969 2472">
     <span class='ocr_line' id='line_1_26' title="bbox 325 2389 1969 2472; baseline 0.002 -27"><span class='ocrx_word' id='word_1_175' title='bbox 325 2389 412 2454; x_wconf 78' lang='grc' dir='ltr'>θὶν</span> <span class='ocrx_word' id='word_1_176' title='bbox 444 2434 459 2461; x_wconf 90' lang='grc'>,</span> <span class='ocrx_word' id='word_1_177' title='bbox 512 2392 994 2472; x_wconf 75' lang='grc' dir='ltr'>ἐπιστυγνάσαντες</span> <span class='ocrx_word' id='word_1_178' title='bbox 1060 2398 1114 2451; x_wconf 75' lang='grc' dir='ltr'>οἱ</span> <span class='ocrx_word' id='word_1_179' title='bbox 1163 2393 1483 2468; x_wconf 69' lang='grc' dir='ltr'>δαιτυμόνες</span> <span class='ocrx_word' id='word_1_180' title='bbox 1548 2398 1647 2460; x_wconf 80' lang='grc' dir='ltr'>τῆς</span> <span class='ocrx_word' id='word_1_181' title='bbox 1729 2394 1969 2468; x_wconf 71' lang='grc' dir='ltr'>εὐωχίας</span> 
     </span>
    </p>
   </div>
   <div class='ocr_carea' id='block_1_27' title="bbox 319 2477 1973 2560">
    <p class='ocr_par' dir='ltr' id='par_1_27' title="bbox 319 2477 1973 2560">
     <span class='ocr_line' id='line_1_27' title="bbox 319 2477 1973 2560; baseline 0.005 -25"><span class='ocrx_word' id='word_1_182' title='bbox 319 2477 617 2541; x_wconf 70' lang='grc' dir='ltr'>ὶπαύσαντο</span> <span class='ocrx_word' id='word_1_183' title='bbox 647 2486 736 2542; x_wconf 81' lang='grc' dir='ltr'>καὶ</span> <span class='ocrx_word' id='word_1_184' title='bbox 797 2486 885 2542; x_wconf 77' lang='grc' dir='ltr'>ἐπὶ</span> <span class='ocrx_word' id='word_1_185' title='bbox 944 2487 1186 2549; x_wconf 83' lang='grc' dir='ltr'>συννοίας</span> <span class='ocrx_word' id='word_1_186' title='bbox 1244 2486 1526 2557; x_wconf 75' lang='grc' dir='ltr'>ἐκάθηντο·</span> <span class='ocrx_word' id='word_1_187' title='bbox 1589 2484 1777 2556; x_wconf 74' lang='grc' dir='ltr'>οἵσπερ</span> <span class='ocrx_word' id='word_1_188' title='bbox 1806 2505 1973 2560; x_wconf 79' lang='grc' dir='ltr'>προσ·</span> 
     </span>
    </p>
   </div>
   <div class='ocr_carea' id='block_1_28' title="bbox 317 2571 1968 2651">
    <p class='ocr_par' dir='ltr' id='par_1_28' title="bbox 317 2571 1968 2651">
     <span class='ocr_line' id='line_1_28' title="bbox 317 2571 1968 2651; baseline 0.012 -27"><span class='ocrx_word' id='word_1_189' title='bbox 317 2571 470 2646; x_wconf 85' lang='grc' dir='ltr'>σχὼν</span> <span class='ocrx_word' id='word_1_190' title='bbox 500 2573 530 2628; x_wconf 76' lang='grc' dir='ltr'>ὁ</span> <span class='ocrx_word' id='word_1_191' title='bbox 566 2574 826 2649; x_wconf 72' lang='grc' dir='ltr'>βασιλεὺς</span> <span class='ocrx_word' id='word_1_192' title='bbox 883 2578 984 2647; x_wconf 79' lang='grc' dir='ltr'>τήν</span> <span class='ocrx_word' id='word_1_193' title='bbox 1045 2576 1223 2633; x_wconf 74' lang='grc' dir='ltr'>αἰτίαν</span> <span class='ocrx_word' id='word_1_194' title='bbox 1263 2579 1365 2642; x_wconf 82' lang='grc' dir='ltr'>τῆς</span> <span class='ocrx_word' id='word_1_195' title='bbox 1411 2574 1634 2651; x_wconf 77' lang='grc' dir='ltr'>ἀποχῆς</span> <span class='ocrx_word' id='word_1_196' title='bbox 1682 2578 1792 2631; x_wconf 71' lang='grc' dir='ltr'>τῶν</span> <span class='ocrx_word' id='word_1_197' title='bbox 1828 2575 1968 2650; x_wconf 85' lang='grc' dir='ltr'>βρω-</span> 
     </span>
    </p>
   </div>
   <div class='ocr_carea' id='block_1_29' title="bbox 318 2660 1968 2742">
    <p class='ocr_par' dir='ltr' id='par_1_29' title="bbox 318 2660 1968 2742">
     <span class='ocr_line' id='line_1_29' title="bbox 318 2660 1968 2742; baseline 0.002 -28"><span class='ocrx_word' id='word_1_198' title='bbox 318 2660 505 2732; x_wconf 84' lang='grc' dir='ltr'>μάτων</span> <span class='ocrx_word' id='word_1_199' title='bbox 535 2662 794 2741; x_wconf 70' lang='grc' dir='ltr'>ἆπτςρετο.</span> <span class='ocrx_word' id='word_1_200' title='bbox 836 2667 904 2725; x_wconf 71' lang='grc' dir='ltr'>Οἱ</span> <span class='ocrx_word' id='word_1_201' title='bbox 953 2664 1013 2722; x_wconf 69' lang='grc' dir='ltr'>δι</span> <span class='ocrx_word' id='word_1_202' title='bbox 1064 2663 1311 2742; x_wconf 87' lang='grc' dir='ltr'>δακρύων</span> <span class='ocrx_word' id='word_1_203' title='bbox 1372 2663 1809 2735; x_wconf 76' lang='grc' dir='ltr'>ὑποπλησθέντες</span> <span class='ocrx_word' id='word_1_204' title='bbox 1838 2664 1968 2726; x_wconf 74' lang='grc' dir='ltr'>τοὺς</span> 
     </span>
    </p>
   </div>
   <div class='ocr_carea' id='block_1_30' title="bbox 321 2746 1963 2834">
    <p class='ocr_par' dir='ltr' id='par_1_30' title="bbox 321 2746 1963 2834">
     <span class='ocr_line' id='line_1_30' title="bbox 321 2746 1963 2834; baseline 0.001 -29"><span class='ocrx_word' id='word_1_205' title='bbox 321 2746 667 2825; x_wconf 77' lang='grc' dir='ltr'>ὀφθαλμοὺς,</span> <span class='ocrx_word' id='word_1_206' title='bbox 699 2780 727 2808; x_wconf 84' lang='lat'><em>«</em></span> <span class='ocrx_word' id='word_1_207' title='bbox 762 2756 916 2814; x_wconf 81' lang='grc' dir='ltr'>Τίνα.</span> <span class='ocrx_word' id='word_1_208' title='bbox 949 2753 994 2810; x_wconf 83' lang='grc' dir='ltr'>ὤ</span> <span class='ocrx_word' id='word_1_209' title='bbox 1025 2756 1280 2821; x_wconf 81' lang='grc' dir='ltr'>δέσποτα,</span> <span class='ocrx_word' id='word_1_210' title='bbox 1312 2757 1492 2823; x_wconf 82' lang='grc' dir='ltr'>εἷπον,</span> <span class='ocrx_word' id='word_1_211' title='bbox 1527 2754 1737 2830; x_wconf 80' lang='grc' dir='ltr'>βηῶσιν</span> <span class='ocrx_word' id='word_1_212' title='bbox 1768 2752 1963 2834; x_wconf 82' lang='grc' dir='ltr'>φαγού-</span> 
     </span>
    </p>
   </div>
   <div class='ocr_carea' id='block_1_31' title="bbox 325 2844 1962 2925">
    <p class='ocr_par' dir='ltr' id='par_1_31' title="bbox 325 2844 1962 2925">
     <span class='ocr_line' id='line_1_31' title="bbox 325 2844 1962 2925; baseline 0.002 -28"><span class='ocrx_word' id='word_1_213' title='bbox 325 2858 485 2917; x_wconf 76' lang='grc' dir='ltr'>μιθα,</span> <span class='ocrx_word' id='word_1_214' title='bbox 516 2845 692 2911; x_wconf 82' lang='grc' dir='ltr'>οὑτως</span> <span class='ocrx_word' id='word_1_215' title='bbox 720 2846 825 2903; x_wconf 69' lang='grc' dir='ltr'>ὑπὸ</span> <span class='ocrx_word' id='word_1_216' title='bbox 856 2853 959 2916; x_wconf 84' lang='grc' dir='ltr'>τῆς</span> <span class='ocrx_word' id='word_1_217' title='bbox 989 2848 1173 2925; x_wconf 70' lang='grc' dir='ltr'>φωνῆς</span> <span class='ocrx_word' id='word_1_218' title='bbox 1216 2849 1316 2901; x_wconf 77' lang='grc' dir='ltr'>τοῦ</span> <span class='ocrx_word' id='word_1_219' title='bbox 1344 2845 1549 2920; x_wconf 83' lang='grc' dir='ltr'>ἀλόγου</span> <span class='ocrx_word' id='word_1_220' title='bbox 1598 2844 1796 2900; x_wconf 88' lang='grc' dir='ltr'>τούτου</span> <span class='ocrx_word' id='word_1_221' title='bbox 1827 2845 1962 2900; x_wconf 81' lang='grc' dir='ltr'>ὀνει-</span> 
     </span>
    </p>
   </div>
   <div class='ocr_carea' id='block_1_32' title="bbox 321 2931 1959 3016">
    <p class='ocr_par' dir='ltr' id='par_1_32' title="bbox 321 2931 1959 3016">
     <span class='ocr_line' id='line_1_32' title="bbox 321 2931 1959 3016; baseline -0.013 -17"><span class='ocrx_word' id='word_1_222' title='bbox 321 2941 622 3016; x_wconf 85' lang='grc' dir='ltr'>διζόμενοι.</span> <span class='ocrx_word' id='word_1_223' title='bbox 675 2935 964 2997; x_wconf 79' lang='grc' dir='ltr'>δοκοῦντες</span> <span class='ocrx_word' id='word_1_224' title='bbox 1019 2938 1186 3010; x_wconf 72' lang='grc' dir='ltr'>ἡμεῖς</span> <span class='ocrx_word' id='word_1_225' title='bbox 1239 2933 1457 3011; x_wconf 85' lang='grc' dir='ltr'>λογικοί</span> <span class='ocrx_word' id='word_1_226' title='bbox 1500 2954 1558 2989; x_wconf 87' lang='grc' dir='ltr'>τε</span> <span class='ocrx_word' id='word_1_227' title='bbox 1598 2934 1691 2989; x_wconf 83' lang='grc' dir='ltr'>καὶ</span> <span class='ocrx_word' id='word_1_228' title='bbox 1737 2931 1959 3012; x_wconf 50' lang='lat' dir='ltr'><strong>gulosa-</strong></span> 
     </span>
    </p>
   </div>
   <div class='ocr_carea' id='block_1_33' title="bbox 322 3022 1961 3100">
    <p class='ocr_par' dir='ltr' id='par_1_33' title="bbox 322 3022 1961 3100">
     <span class='ocr_line' id='line_1_33' title="bbox 322 3022 1961 3100; baseline -0.006 -11"><span class='ocrx_word' id='word_1_229' title='bbox 322 3048 563 3097; x_wconf 88' lang='grc' dir='ltr'>σποτοι;</span> <span class='ocrx_word' id='word_1_230' title='bbox 609 3024 695 3085; x_wconf 83' lang='grc' dir='ltr'>ὄτι</span> <span class='ocrx_word' id='word_1_231' title='bbox 753 3026 885 3082; x_wconf 75' lang='grc' dir='ltr'>αὐτὸ</span> <span class='ocrx_word' id='word_1_232' title='bbox 919 3027 1014 3098; x_wconf 75' lang='grc' dir='ltr'>μὲν</span> <span class='ocrx_word' id='word_1_233' title='bbox 1069 3026 1134 3081; x_wconf 81' lang='grc' dir='ltr'>τὸ</span> <span class='ocrx_word' id='word_1_234' title='bbox 1184 3022 1389 3100; x_wconf 81' lang='grc' dir='ltr'>ἄλογον</span> <span class='ocrx_word' id='word_1_235' title='bbox 1451 3027 1588 3094; x_wconf 75' lang='grc' dir='ltr'>ζῶον</span> <span class='ocrx_word' id='word_1_236' title='bbox 1639 3022 1732 3079; x_wconf 84' lang='grc' dir='ltr'>τὸν</span> <span class='ocrx_word' id='word_1_237' title='bbox 1761 3023 1961 3080; x_wconf 78' lang='grc' dir='ltr'>οἰκεῖον</span> 
     </span>
    </p>
   </div>
   <div class='ocr_carea' id='block_1_34' title="bbox 2094 624 3740 704">
    <p class='ocr_par' dir='ltr' id='par_1_34' title="bbox 2094 624 3740 704">
     <span class='ocr_line' id='line_1_34' title="bbox 2094 624 3740 704; baseline 0.009 -30"><span class='ocrx_word' id='word_1_238' title='bbox 2094 624 2304 688; x_wconf 73' lang='lat' dir='ltr'><strong>senatu</strong></span> <span class='ocrx_word' id='word_1_239' title='bbox 2327 636 2737 693; x_wconf 67' lang='lat' dir='ltr'><strong>saepenumero</strong></span> <span class='ocrx_word' id='word_1_240' title='bbox 2760 640 2866 694; x_wconf 90' lang='lat' dir='ltr'>pro</span> <span class='ocrx_word' id='word_1_241' title='bbox 2890 624 3081 681; x_wconf 86' lang='lat' dir='ltr'>Leone</span> <span class='ocrx_word' id='word_1_242' title='bbox 3104 626 3471 685; x_wconf 85' lang='lat' dir='ltr'>intercedere</span> <span class='ocrx_word' id='word_1_243' title='bbox 3502 639 3740 704; x_wconf 89' lang='lat' dir='ltr'><strong>conato,</strong></span> 
     </span>
    </p>
   </div>
   <div class='ocr_carea' id='block_1_35' title="bbox 2092 708 3750 789">
    <p class='ocr_par' dir='ltr' id='par_1_35' title="bbox 2092 708 3750 789">
     <span class='ocr_line' id='line_1_35' title="bbox 2092 708 3750 789; baseline 0.009 -24"><span class='ocrx_word' id='word_1_244' title='bbox 2092 708 2347 781; x_wconf 82' lang='lat' dir='ltr'>aliisque</span> <span class='ocrx_word' id='word_1_245' title='bbox 2378 716 2554 782; x_wconf 90' lang='lat' dir='ltr'><strong>atque</strong></span> <span class='ocrx_word' id='word_1_246' title='bbox 2586 710 2723 768; x_wconf 89' lang='lat' dir='ltr'><strong>aliis</strong></span> <span class='ocrx_word' id='word_1_247' title='bbox 2782 713 2856 768; x_wconf 91' lang='lat' dir='ltr'>de</span> <span class='ocrx_word' id='word_1_248' title='bbox 2914 716 3109 770; x_wconf 84' lang='lat' dir='ltr'>causis</span> <span class='ocrx_word' id='word_1_249' title='bbox 3170 716 3475 789; x_wconf 87' lang='lat' dir='ltr'><strong>impedito,</strong></span> <span class='ocrx_word' id='word_1_250' title='bbox 3511 723 3750 780; x_wconf 79' lang='lat' dir='ltr'><strong>tandem</strong></span> 
     </span>
    </p>
   </div>
   <div class='ocr_carea' id='block_1_36' title="bbox 2091 799 3740 881">
    <p class='ocr_par' dir='ltr' id='par_1_36' title="bbox 2091 799 3740 881">
     <span class='ocr_line' id='line_1_36' title="bbox 2091 799 3740 881; baseline 0.012 -29"><span class='ocrx_word' id='word_1_251' title='bbox 2091 799 2377 871; x_wconf 80' lang='lat' dir='ltr'><strong>propositi</strong></span> <span class='ocrx_word' id='word_1_252' title='bbox 2401 801 2765 872; x_wconf 85' lang='lat' dir='ltr'><strong>exsequendi</strong></span> <span class='ocrx_word' id='word_1_253' title='bbox 2788 802 2922 858; x_wconf 88' lang='lat' dir='ltr'><strong>talis</strong></span> <span class='ocrx_word' id='word_1_254' title='bbox 2933 818 3061 860; x_wconf 87' lang='lat' dir='ltr'><strong>sese</strong></span> <span class='ocrx_word' id='word_1_255' title='bbox 3079 804 3293 861; x_wconf 80' lang='lat' dir='ltr'>obtulit</span> <span class='ocrx_word' id='word_1_256' title='bbox 3308 812 3740 881; x_wconf 80' lang='lat' dir='ltr'><strong>opportunitas.</strong></span> 
     </span>
    </p>
   </div>
   <div class='ocr_carea' id='block_1_37' title="bbox 2090 888 3741 973">
    <p class='ocr_par' dir='ltr' id='par_1_37' title="bbox 2090 888 3741 973">
     <span class='ocr_line' id='line_1_37' title="bbox 2090 888 3741 973; baseline 0.01 -31"><span class='ocrx_word' id='word_1_257' title='bbox 2090 888 2158 942; x_wconf 88' lang='lat' dir='ltr'><strong>In</strong></span> <span class='ocrx_word' id='word_1_258' title='bbox 2183 888 2401 961; x_wconf 89' lang='lat' dir='ltr'><strong>palatio</strong></span> <span class='ocrx_word' id='word_1_259' title='bbox 2426 890 2547 945; x_wconf 89' lang='lat' dir='ltr'><strong>avis</strong></span> <span class='ocrx_word' id='word_1_260' title='bbox 2577 890 2849 962; x_wconf 62' lang='lat' dir='ltr'><strong>quaedam</strong></span> <span class='ocrx_word' id='word_1_261' title='bbox 2873 892 3152 949; x_wconf 78' lang='lat' dir='ltr'>humanm</span> <span class='ocrx_word' id='word_1_262' title='bbox 3171 896 3330 951; x_wconf 86' lang='lat' dir='ltr'><strong>vocis</strong></span> <span class='ocrx_word' id='word_1_263' title='bbox 3368 897 3741 973; x_wconf 85' lang='lat' dir='ltr'><strong>aliarumque</strong></span> 
     </span>
    </p>
   </div>
   <div class='ocr_carea' id='block_1_38' title="bbox 2091 976 3741 1057">
    <p class='ocr_par' dir='ltr' id='par_1_38' title="bbox 2091 976 3741 1057">
     <span class='ocr_line' id='line_1_38' title="bbox 2091 976 3741 1057; baseline 0.009 -26"><span class='ocrx_word' id='word_1_264' title='bbox 2091 976 2308 1033; x_wconf 76' lang='lat' dir='ltr'><strong>imitati</strong></span> <span class='ocrx_word' id='word_1_265' title='bbox 2326 979 2670 1046; x_wconf 86' lang='lat' dir='ltr'><strong>ix,’nomine</strong></span> <span class='ocrx_word' id='word_1_266' title='bbox 2685 980 2993 1052; x_wconf 84' lang='lat' dir='ltr'><strong>psittacus,</strong></span> <span class='ocrx_word' id='word_1_267' title='bbox 3027 983 3086 1037; x_wconf 89' lang='lat' dir='ltr'>in</span> <span class='ocrx_word' id='word_1_268' title='bbox 3109 1000 3286 1041; x_wconf 86' lang='lat' dir='ltr'><strong>cavea</strong></span> <span class='ocrx_word' id='word_1_269' title='bbox 3316 1002 3607 1057; x_wconf 73' lang='lat' dir='ltr'><strong>suspensa</strong></span> <span class='ocrx_word' id='word_1_270' title='bbox 3635 989 3741 1045; x_wconf 79' lang='lat' dir='ltr'>de-</span> 
     </span>
    </p>
   </div>
   <div class='ocr_carea' id='block_1_39' title="bbox 2089 1062 3736 1139">
    <p class='ocr_par' dir='ltr' id='par_1_39' title="bbox 2089 1062 3736 1139">
     <span class='ocr_line' id='line_1_39' title="bbox 2089 1062 3736 1139; baseline 0.009 -23"><span class='ocrx_word' id='word_1_271' title='bbox 2089 1062 2284 1136; x_wconf 84' lang='lat' dir='ltr'><strong>gebat,</strong></span> <span class='ocrx_word' id='word_1_272' title='bbox 2318 1071 2382 1119; x_wconf 92' lang='lat' dir='ltr'>ut</span> <span class='ocrx_word' id='word_1_273' title='bbox 2438 1070 2799 1136; x_wconf 84' lang='lat' dir='ltr'><strong>spectatores</strong></span> <span class='ocrx_word' id='word_1_274' title='bbox 2838 1073 3015 1139; x_wconf 86' lang='lat' dir='ltr'><strong>atque</strong></span> <span class='ocrx_word' id='word_1_275' title='bbox 3059 1069 3361 1128; x_wconf 81' lang='lat' dir='ltr'><strong>auditores</strong></span> <span class='ocrx_word' id='word_1_276' title='bbox 3391 1072 3736 1134; x_wconf 78' lang='lat' dir='ltr'><strong>oblectaret.</strong></span> 
     </span>
    </p>
   </div>
   <div class='ocr_carea' id='block_1_40' title="bbox 2091 1152 3733 1233">
    <p class='ocr_par' dir='ltr' id='par_1_40' title="bbox 2091 1152 3733 1233">
     <span class='ocr_line' id='line_1_40' title="bbox 2091 1152 3733 1233; baseline 0.009 -26"><span class='ocrx_word' id='word_1_277' title='bbox 2091 1153 2172 1207; x_wconf 89' lang='lat' dir='ltr'><strong>Ea</strong></span> <span class='ocrx_word' id='word_1_278' title='bbox 2201 1152 2322 1208; x_wconf 89' lang='lat' dir='ltr'><strong>avis</strong></span> <span class='ocrx_word' id='word_1_279' title='bbox 2362 1153 2482 1209; x_wconf 85' lang='lat' dir='ltr'><strong>sive</strong></span> <span class='ocrx_word' id='word_1_280' title='bbox 2515 1154 2760 1212; x_wconf 77' lang='lat' dir='ltr'><strong>fortuito</strong></span> <span class='ocrx_word' id='word_1_281' title='bbox 2793 1157 2913 1213; x_wconf 89' lang='lat' dir='ltr'><strong>sive</strong></span> <span class='ocrx_word' id='word_1_282' title='bbox 2944 1158 3027 1214; x_wconf 90' lang='lat' dir='ltr'>ita</span> <span class='ocrx_word' id='word_1_283' title='bbox 3055 1174 3090 1214; x_wconf 87' lang='lat' dir='ltr'>a</span> <span class='ocrx_word' id='word_1_284' title='bbox 3119 1160 3377 1232; x_wconf 88' lang='lat' dir='ltr'><strong>quodam</strong></span> <span class='ocrx_word' id='word_1_285' title='bbox 3408 1161 3605 1233; x_wconf 89' lang='lat' dir='ltr'><strong>docta,</strong></span> <span class='ocrx_word' id='word_1_286' title='bbox 3635 1182 3733 1221; x_wconf 89' lang='lat' dir='ltr'><strong>vo-</strong></span> 
     </span>
    </p>
   </div>
   <div class='ocr_carea' id='block_1_41' title="bbox 2092 1241 3736 1319">
    <p class='ocr_par' dir='ltr' id='par_1_41' title="bbox 2092 1241 3736 1319">
     <span class='ocr_line' id='line_1_41' title="bbox 2092 1241 3736 1319; baseline 0.01 -23"><span class='ocrx_word' id='word_1_287' title='bbox 2092 1241 2325 1297; x_wconf 83' lang='lat' dir='ltr'><strong>ciferari</strong></span> <span class='ocrx_word' id='word_1_288' title='bbox 2349 1242 2581 1299; x_wconf 83' lang='lat' dir='ltr'><strong>solebat</strong></span> <span class='ocrx_word' id='word_1_289' title='bbox 2610 1261 2625 1300; x_wconf 89' lang='lat'><strong>:</strong></span> <span class='ocrx_word' id='word_1_290' title='bbox 2665 1246 2790 1300; x_wconf 86' lang='lat' dir='ltr'><strong>Heu</strong></span> <span class='ocrx_word' id='word_1_291' title='bbox 2822 1247 2958 1311; x_wconf 89' lang='lat' dir='ltr'><strong>heu,</strong></span> <span class='ocrx_word' id='word_1_292' title='bbox 2991 1247 3233 1304; x_wconf 87' lang='lat' dir='ltr'><strong>domine</strong></span> <span class='ocrx_word' id='word_1_293' title='bbox 3280 1250 3412 1307; x_wconf 90' lang='lat' dir='ltr'><strong>Leo.</strong></span> <span class='ocrx_word' id='word_1_294' title='bbox 3471 1254 3736 1319; x_wconf 90' lang='lat' dir='ltr'><strong>Quodam</strong></span> 
     </span>
    </p>
   </div>
   <div class='ocr_carea' id='block_1_42' title="bbox 2091 1333 3737 1409">
    <p class='ocr_par' dir='ltr' id='par_1_42' title="bbox 2091 1333 3737 1409">
     <span class='ocr_line' id='line_1_42' title="bbox 2091 1333 3737 1409; baseline 0.01 -25"><span class='ocrx_word' id='word_1_295' title='bbox 2091 1333 2359 1402; x_wconf 89' lang='lat' dir='ltr'><strong>tempore</strong></span> <span class='ocrx_word' id='word_1_296' title='bbox 2389 1348 2523 1388; x_wconf 90' lang='lat' dir='ltr'>cum</span> <span class='ocrx_word' id='word_1_297' title='bbox 2547 1333 2622 1388; x_wconf 87' lang='lat' dir='ltr'>ad</span> <span class='ocrx_word' id='word_1_298' title='bbox 2666 1335 2999 1391; x_wconf 83' lang='lat' dir='ltr'><strong>convivium</strong></span> <span class='ocrx_word' id='word_1_299' title='bbox 3053 1337 3379 1409; x_wconf 85' lang='lat' dir='ltr'><strong>imperator</strong></span> <span class='ocrx_word' id='word_1_300' title='bbox 3434 1348 3737 1400; x_wconf 89' lang='lat' dir='ltr'><strong>senatores</strong></span> 
     </span>
    </p>
   </div>
   <div class='ocr_carea' id='block_1_43' title="bbox 2090 1421 3735 1504">
    <p class='ocr_par' dir='ltr' id='par_1_43' title="bbox 2090 1421 3735 1504">
     <span class='ocr_line' id='line_1_43' title="bbox 2090 1421 3735 1504; baseline 0.01 -30"><span class='ocrx_word' id='word_1_301' title='bbox 2090 1421 2425 1493; x_wconf 63' lang='lat' dir='ltr'><strong>praecipuos</strong></span> <span class='ocrx_word' id='word_1_302' title='bbox 2455 1429 2994 1496; x_wconf 87' lang='lat' dir='ltr'><strong>vocasset,eamque</strong></span> <span class='ocrx_word' id='word_1_303' title='bbox 3016 1443 3218 1483; x_wconf 88' lang='lat' dir='ltr'><strong>vocem</strong></span> <span class='ocrx_word' id='word_1_304' title='bbox 3238 1430 3360 1486; x_wconf 89' lang='lat' dir='ltr'><strong>avis</strong></span> <span class='ocrx_word' id='word_1_305' title='bbox 3385 1432 3735 1504; x_wconf 77' lang='lat' dir='ltr'><strong>saepiuscule</strong></span> 
     </span>
    </p>
   </div>
   <div class='ocr_carea' id='block_1_44' title="bbox 2090 1509 3736 1591">
    <p class='ocr_par' dir='ltr' id='par_1_44' title="bbox 2090 1509 3736 1591">
     <span class='ocr_line' id='line_1_44' title="bbox 2090 1509 3736 1591; baseline 0.009 -27"><span class='ocrx_word' id='word_1_306' title='bbox 2090 1509 2602 1571; x_wconf 72' lang='lat' dir='ltr'><strong>ederet.mmstitia</strong></span> <span class='ocrx_word' id='word_1_307' title='bbox 2621 1512 2829 1569; x_wconf 88' lang='lat' dir='ltr'><strong>oborta</strong></span> <span class='ocrx_word' id='word_1_308' title='bbox 2850 1516 3107 1571; x_wconf 82' lang='lat' dir='ltr'><strong>convivae</strong></span> <span class='ocrx_word' id='word_1_309' title='bbox 3128 1517 3258 1574; x_wconf 89' lang='lat' dir='ltr'><strong>cibo</strong></span> <span class='ocrx_word' id='word_1_310' title='bbox 3276 1523 3537 1591; x_wconf 89' lang='lat' dir='ltr'><strong>potuque</strong></span> <span class='ocrx_word' id='word_1_311' title='bbox 3557 1522 3736 1579; x_wconf 87' lang='lat' dir='ltr'><strong>omis-</strong></span> 
     </span>
    </p>
   </div>
   <div class='ocr_carea' id='block_1_45' title="bbox 2091 1597 3736 1675">
    <p class='ocr_par' dir='ltr' id='par_1_45' title="bbox 2091 1597 3736 1675">
     <span class='ocr_line' id='line_1_45' title="bbox 2091 1597 3736 1675; baseline 0.009 -24"><span class='ocrx_word' id='word_1_312' title='bbox 2091 1612 2156 1651; x_wconf 93' lang='lat' dir='ltr'>so</span> <span class='ocrx_word' id='word_1_313' title='bbox 2187 1597 2571 1670; x_wconf 83' lang='lat' dir='ltr'><strong>cogitabundi</strong></span> <span class='ocrx_word' id='word_1_314' title='bbox 2602 1600 3245 1675; x_wconf 88' lang='lat' dir='ltr'><strong>assederunt.Cumque</strong></span> <span class='ocrx_word' id='word_1_315' title='bbox 3270 1604 3331 1660; x_wconf 92' lang='lat' dir='ltr'>id</span> <span class='ocrx_word' id='word_1_316' title='bbox 3355 1607 3736 1664; x_wconf 86' lang='lat' dir='ltr'><strong>animadver-</strong></span> 
     </span>
    </p>
   </div>
   <div class='ocr_carea' id='block_1_46' title="bbox 2090 1688 3736 1766">
    <p class='ocr_par' dir='ltr' id='par_1_46' title="bbox 2090 1688 3736 1766">
     <span class='ocr_line' id='line_1_46' title="bbox 2090 1688 3736 1766; baseline 0.009 -25"><span class='ocrx_word' id='word_1_317' title='bbox 2090 1692 2221 1742; x_wconf 89' lang='lat' dir='ltr'><strong>tens</strong></span> <span class='ocrx_word' id='word_1_318' title='bbox 2269 1688 2595 1759; x_wconf 69' lang='lat' dir='ltr'><strong>im1erator</strong></span> <span class='ocrx_word' id='word_1_319' title='bbox 2625 1705 2866 1747; x_wconf 86' lang='lat' dir='ltr'><strong>causam</strong></span> <span class='ocrx_word' id='word_1_320' title='bbox 2900 1692 2984 1748; x_wconf 92' lang='lat' dir='ltr'>rei</span> <span class='ocrx_word' id='word_1_321' title='bbox 3044 1695 3434 1766; x_wconf 88' lang='lat' dir='ltr'><strong>perquireret,</strong></span> <span class='ocrx_word' id='word_1_322' title='bbox 3458 1697 3500 1752; x_wconf 89' lang='lat' dir='ltr'>ii</span> <span class='ocrx_word' id='word_1_323' title='bbox 3531 1698 3736 1755; x_wconf 91' lang='lat' dir='ltr'><strong>oculos</strong></span> 
     </span>
    </p>
   </div>
   <div class='ocr_carea' id='block_1_47' title="bbox 2087 1775 3751 1857">
    <p class='ocr_par' dir='ltr' id='par_1_47' title="bbox 2087 1775 3751 1857">
     <span class='ocr_line' id='line_1_47' title="bbox 2087 1775 3751 1857; baseline 0.008 -26"><span class='ocrx_word' id='word_1_324' title='bbox 2087 1775 2367 1850; x_wconf 85' lang='lat' dir='ltr'><strong>lacrymis</strong></span> <span class='ocrx_word' id='word_1_325' title='bbox 2397 1778 2641 1850; x_wconf 86' lang='lat' dir='ltr'><strong>oppleti,</strong></span> <span class='ocrx_word' id='word_1_326' title='bbox 2673 1802 2703 1830; x_wconf 85' lang='grc'>‹‹</span> <span class='ocrx_word' id='word_1_327' title='bbox 2736 1781 3751 1857; x_wconf 84' lang='lat' dir='ltr'><strong>Qui,inquiunt,imperator,cihum-</strong></span> 
     </span>
    </p>
   </div>
   <div class='ocr_carea' id='block_1_48' title="bbox 2009 1867 3732 1959">
    <p class='ocr_par' dir='ltr' id='par_1_48' title="bbox 2009 1867 3732 1959">
     <span class='ocr_line' id='line_1_48' title="bbox 2009 1867 3732 1959; baseline 0.008 -37"><span class='ocrx_word' id='word_1_328' title='bbox 2009 1892 2053 1959; x_wconf 78' lang='grc' dir='ltr'><strong>Β</strong></span> <span class='ocrx_word' id='word_1_329' title='bbox 2086 1867 2305 1939; x_wconf 75' lang='lat' dir='ltr'><strong>capiatr</strong></span> <span class='ocrx_word' id='word_1_330' title='bbox 2322 1884 2559 1933; x_wconf 87' lang='lat' dir='ltr'><strong>us,voce</strong></span> <span class='ocrx_word' id='word_1_331' title='bbox 2591 1869 2796 1926; x_wconf 68' lang='lat' dir='ltr'><strong>bestias</strong></span> <span class='ocrx_word' id='word_1_332' title='bbox 2818 1871 2999 1944; x_wconf 86' lang='lat' dir='ltr'><strong>hujus</strong></span> <span class='ocrx_word' id='word_1_333' title='bbox 3028 1872 3323 1947; x_wconf 87' lang='lat' dir='ltr'><strong>objurgati</strong></span> <span class='ocrx_word' id='word_1_334' title='bbox 3366 1891 3477 1932; x_wconf 91' lang='lat' dir='ltr'>nos</span> <span class='ocrx_word' id='word_1_335' title='bbox 3507 1878 3607 1949; x_wconf 90' lang='lat' dir='ltr'>qui</span> <span class='ocrx_word' id='word_1_336' title='bbox 3638 1894 3732 1935; x_wconf 85' lang='lat' dir='ltr'><strong>ra-</strong></span> 
     </span>
    </p>
   </div>
   <div class='ocr_carea' id='block_1_49' title="bbox 2083 1956 3735 2031">
    <p class='ocr_par' dir='ltr' id='par_1_49' title="bbox 2083 1956 3735 2031">
     <span class='ocr_line' id='line_1_49' title="bbox 2083 1956 3735 2031; baseline 0.008 -20"><span class='ocrx_word' id='word_1_337' title='bbox 2083 1956 2270 2012; x_wconf 74' lang='lat' dir='ltr'><strong>tionis</strong></span> <span class='ocrx_word' id='word_1_338' title='bbox 2298 1965 2602 2031; x_wconf 89' lang='lat' dir='ltr'><strong>compotes</strong></span> <span class='ocrx_word' id='word_1_339' title='bbox 2633 1966 2691 2016; x_wconf 89' lang='lat' dir='ltr'>et</span> <span class='ocrx_word' id='word_1_340' title='bbox 2717 1960 3098 2018; x_wconf 88' lang='lat' dir='ltr'><strong>dominorum</strong></span> <span class='ocrx_word' id='word_1_341' title='bbox 3122 1963 3373 2020; x_wconf 86' lang='lat' dir='ltr'><strong>studiosi</strong></span> <span class='ocrx_word' id='word_1_342' title='bbox 3407 1966 3735 2025; x_wconf 82' lang='lat' dir='ltr'><strong>credimur?</strong></span> 
     </span>
    </p>
   </div>
   <div class='ocr_carea' id='block_1_50' title="bbox 2081 2045 3730 2115">
    <p class='ocr_par' dir='ltr' id='par_1_50' title="bbox 2081 2045 3730 2115">
     <span class='ocr_line' id='line_1_50' title="bbox 2081 2045 3730 2115; baseline 0.008 -14"><span class='ocrx_word' id='word_1_343' title='bbox 2081 2045 2262 2103; x_wconf 84' lang='lat' dir='ltr'><strong>Bruta</strong></span> <span class='ocrx_word' id='word_1_344' title='bbox 2282 2047 2408 2105; x_wconf 66' lang='lat' dir='ltr'><strong>haec</strong></span> <span class='ocrx_word' id='word_1_345' title='bbox 2460 2049 2582 2105; x_wconf 85' lang='lat' dir='ltr'><strong>avis</strong></span> <span class='ocrx_word' id='word_1_346' title='bbox 2642 2050 2869 2105; x_wconf 87' lang='lat' dir='ltr'><strong>domini</strong></span> <span class='ocrx_word' id='word_1_347' title='bbox 2927 2052 3017 2108; x_wconf 90' lang='lat' dir='ltr'>sui</span> <span class='ocrx_word' id='word_1_348' title='bbox 3049 2068 3269 2108; x_wconf 88' lang='lat' dir='ltr'><strong>nomen</strong></span> <span class='ocrx_word' id='word_1_349' title='bbox 3293 2054 3572 2112; x_wconf 87' lang='lat' dir='ltr'><strong>invocat:</strong></span> <span class='ocrx_word' id='word_1_350' title='bbox 3619 2075 3730 2115; x_wconf 88' lang='lat' dir='ltr'>nos</span> 
     </span>
    </p>
   </div>
   <div class='ocr_carea' id='block_1_51' title="bbox 2078 2134 3728 2205">
    <p class='ocr_par' dir='ltr' id='par_1_51' title="bbox 2078 2134 3728 2205">
     <span class='ocr_line' id='line_1_51' title="bbox 2078 2134 3728 2205; baseline 0.008 -15"><span class='ocrx_word' id='word_1_351' title='bbox 2078 2134 2242 2191; x_wconf 82' lang='lat' dir='ltr'><strong>luxui</strong></span> <span class='ocrx_word' id='word_1_352' title='bbox 2266 2136 2451 2192; x_wconf 89' lang='lat' dir='ltr'><strong>dediti</strong></span> <span class='ocrx_word' id='word_1_353' title='bbox 2486 2138 2789 2195; x_wconf 88' lang='lat' dir='ltr'><strong>insontem</strong></span> <span class='ocrx_word' id='word_1_354' title='bbox 2805 2138 3090 2196; x_wconf 83' lang='lat' dir='ltr'><strong>oblivioni</strong></span> <span class='ocrx_word' id='word_1_355' title='bbox 3113 2142 3728 2205; x_wconf 87' lang='lat' dir='ltr'><strong>mandamus.Etenim</strong></span> 
     </span>
    </p>
   </div>
   <div class='ocr_carea' id='block_1_52' title="bbox 2079 2224 3730 2303">
    <p class='ocr_par' dir='ltr' id='par_1_52' title="bbox 2079 2224 3730 2303">
     <span class='ocr_line' id='line_1_52' title="bbox 2079 2224 3730 2303; baseline 0.01 -26"><span class='ocrx_word' id='word_1_356' title='bbox 2079 2224 2128 2278; x_wconf 88' lang='lat' dir='ltr'>si</span> <span class='ocrx_word' id='word_1_357' title='bbox 2150 2225 2502 2283; x_wconf 87' lang='lat' dir='ltr'><strong>insidiarum</strong></span> <span class='ocrx_word' id='word_1_358' title='bbox 2526 2228 2676 2298; x_wconf 90' lang='lat' dir='ltr'><strong>patri</strong></span> <span class='ocrx_word' id='word_1_359' title='bbox 2696 2233 3054 2285; x_wconf 88' lang='lat' dir='ltr'><strong>structarum</strong></span> <span class='ocrx_word' id='word_1_360' title='bbox 3078 2231 3448 2288; x_wconf 83' lang='lat' dir='ltr'><strong>convincitur</strong></span> <span class='ocrx_word' id='word_1_361' title='bbox 3466 2234 3730 2303; x_wconf 88' lang='lat' dir='ltr'><strong>Leo,om-</strong></span> 
     </span>
    </p>
   </div>
   <div class='ocr_carea' id='block_1_53' title="bbox 2080 2317 3726 2396">
    <p class='ocr_par' dir='ltr' id='par_1_53' title="bbox 2080 2317 3726 2396">
     <span class='ocr_line' id='line_1_53' title="bbox 2080 2317 3726 2396; baseline 0.009 -28"><span class='ocrx_word' id='word_1_362' title='bbox 2080 2331 2189 2370; x_wconf 90' lang='lat' dir='ltr'>nes</span> <span class='ocrx_word' id='word_1_363' title='bbox 2210 2332 2320 2370; x_wconf 90' lang='lat' dir='ltr'>nos</span> <span class='ocrx_word' id='word_1_364' title='bbox 2346 2317 2567 2372; x_wconf 87' lang='lat' dir='ltr'><strong>nostris</strong></span> <span class='ocrx_word' id='word_1_365' title='bbox 2589 2334 2725 2372; x_wconf 89' lang='lat' dir='ltr'>eum</span> <span class='ocrx_word' id='word_1_366' title='bbox 2748 2319 3025 2375; x_wconf 88' lang='lat' dir='ltr'><strong>manibus</strong></span> <span class='ocrx_word' id='word_1_367' title='bbox 3051 2336 3263 2377; x_wconf 76' lang='lat' dir='ltr'><strong>necare</strong></span> <span class='ocrx_word' id='word_1_368' title='bbox 3286 2325 3474 2395; x_wconf 88' lang='lat' dir='ltr'><strong>parati</strong></span> <span class='ocrx_word' id='word_1_369' title='bbox 3498 2342 3726 2396; x_wconf 87' lang='lat' dir='ltr'><strong>sumus,</strong></span> 
     </span>
    </p>
   </div>
   <div class='ocr_carea' id='block_1_54' title="bbox 2077 2404 3747 2475">
    <p class='ocr_par' dir='ltr' id='par_1_54' title="bbox 2077 2404 3747 2475">
     <span class='ocr_line' id='line_1_54' title="bbox 2077 2404 3747 2475; baseline 0.008 -19"><span class='ocrx_word' id='word_1_370' title='bbox 2077 2418 2270 2473; x_wconf 85' lang='lat' dir='ltr'><strong>neque</strong></span> <span class='ocrx_word' id='word_1_371' title='bbox 2301 2404 2541 2475; x_wconf 80' lang='lat' dir='ltr'><strong>sanguis</strong></span> <span class='ocrx_word' id='word_1_372' title='bbox 2559 2405 2687 2474; x_wconf 82' lang='lat' dir='ltr'><strong>ejus</strong></span> <span class='ocrx_word' id='word_1_373' title='bbox 2708 2406 2878 2461; x_wconf 89' lang='lat' dir='ltr'><strong>nobis</strong></span> <span class='ocrx_word' id='word_1_374' title='bbox 2927 2409 3266 2464; x_wconf 89' lang='lat' dir='ltr'><strong>saturandis</strong></span> <span class='ocrx_word' id='word_1_375' title='bbox 3298 2410 3572 2468; x_wconf 79' lang='lat' dir='ltr'><strong>sufficiet.</strong></span> <span class='ocrx_word' id='word_1_376' title='bbox 3628 2415 3747 2469; x_wconf 88' lang='lat' dir='ltr'><strong>Sin‘</strong></span> 
     </span>
    </p>
   </div>
   <div class='ocr_carea' id='block_1_55' title="bbox 2077 2490 3725 2573">
    <p class='ocr_par' dir='ltr' id='par_1_55' title="bbox 2077 2490 3725 2573">
     <span class='ocr_line' id='line_1_55' title="bbox 2077 2490 3725 2573; baseline 0.008 -27"><span class='ocrx_word' id='word_1_377' title='bbox 2077 2490 2329 2546; x_wconf 88' lang='lat' dir='ltr'><strong>crimina</strong></span> <span class='ocrx_word' id='word_1_378' title='bbox 2351 2491 2403 2547; x_wconf 90' lang='lat' dir='ltr'>ei</span> <span class='ocrx_word' id='word_1_379' title='bbox 2426 2493 2721 2548; x_wconf 87' lang='lat' dir='ltr'><strong>intentata</strong></span> <span class='ocrx_word' id='word_1_380' title='bbox 2750 2510 2870 2550; x_wconf 90' lang='lat' dir='ltr'>non</span> <span class='ocrx_word' id='word_1_381' title='bbox 2901 2494 3376 2553; x_wconf 80' lang='lat' dir='ltr'><strong>demonstrantm</strong></span> <span class='ocrx_word' id='word_1_382' title='bbox 3395 2516 3725 2573; x_wconf 89' lang='lat' dir='ltr'><strong>,quousque</strong></span> 
     </span>
    </p>
   </div>
   <div class='ocr_carea' id='block_1_56' title="bbox 2075 2580 3724 2659">
    <p class='ocr_par' dir='ltr' id='par_1_56' title="bbox 2075 2580 3724 2659">
     <span class='ocr_line' id='line_1_56' title="bbox 2075 2580 3724 2659; baseline 0.008 -24"><span class='ocrx_word' id='word_1_383' title='bbox 2075 2580 2317 2636; x_wconf 87' lang='lat' dir='ltr'><strong>tandem</strong></span> <span class='ocrx_word' id='word_1_384' title='bbox 2349 2581 2770 2638; x_wconf 78' lang='lat' dir='ltr'><strong>calumniatrix</strong></span> <span class='ocrx_word' id='word_1_385' title='bbox 2799 2583 3002 2656; x_wconf 83' lang='lat' dir='ltr'><strong>lingua</strong></span> <span class='ocrx_word' id='word_1_386' title='bbox 3031 2600 3167 2640; x_wconf 91' lang='lat' dir='ltr'>eum</span> <span class='ocrx_word' id='word_1_387' title='bbox 3198 2587 3493 2659; x_wconf 88' lang='lat' dir='ltr'><strong>opprimet</strong></span> <span class='ocrx_word' id='word_1_388' title='bbox 3518 2589 3545 2645; x_wconf 78' lang='lat' dir='ltr'><strong>i&#39;</strong></span> <span class='ocrx_word' id='word_1_389' title='bbox 3566 2591 3724 2659; x_wconf 83' lang='lat' dir='ltr'><strong>»His,</strong></span> 
     </span>
    </p>
   </div>
   <div class='ocr_carea' id='block_1_57' title="bbox 2072 2669 3724 2744">
    <p class='ocr_par' dir='ltr' id='par_1_57' title="bbox 2072 2669 3724 2744">
     <span class='ocr_line' id='line_1_57' title="bbox 2072 2669 3724 2744; baseline 0.007 -20"><span class='ocrx_word' id='word_1_390' title='bbox 2072 2669 2269 2726; x_wconf 88' lang='lat' dir='ltr'><strong>verbis</strong></span> <span class='ocrx_word' id='word_1_391' title='bbox 2299 2670 2678 2743; x_wconf 86' lang='lat' dir='ltr'><strong>demitigatus</strong></span> <span class='ocrx_word' id='word_1_392' title='bbox 2707 2672 3034 2744; x_wconf 88' lang='lat' dir='ltr'><strong>imperator</strong></span> <span class='ocrx_word' id='word_1_393' title='bbox 3060 2674 3218 2731; x_wconf 90' lang='lat' dir='ltr'><strong>bono</strong></span> <span class='ocrx_word' id='word_1_394' title='bbox 3250 2676 3451 2733; x_wconf 86' lang='lat' dir='ltr'><strong>animo</strong></span> <span class='ocrx_word' id='word_1_395' title='bbox 3483 2694 3611 2734; x_wconf 89' lang='lat' dir='ltr'><strong>esse</strong></span> <span class='ocrx_word' id='word_1_396' title='bbox 3664 2681 3724 2736; x_wconf 91' lang='lat' dir='ltr'>in</span> 
     </span>
    </p>
   </div>
   <div class='ocr_carea' id='block_1_58' title="bbox 2073 2755 3724 2833">
    <p class='ocr_par' dir='ltr' id='par_1_58' title="bbox 2073 2755 3724 2833">
     <span class='ocr_line' id='line_1_58' title="bbox 2073 2755 3724 2833; baseline 0.007 -21"><span class='ocrx_word' id='word_1_397' title='bbox 2073 2757 2394 2829; x_wconf 72' lang='lat' dir='ltr'><strong>prmeentia</strong></span> <span class='ocrx_word' id='word_1_398' title='bbox 2424 2774 2526 2814; x_wconf 87' lang='lat' dir='ltr'>eos</span> <span class='ocrx_word' id='word_1_399' title='bbox 2542 2758 2738 2831; x_wconf 88' lang='lat' dir='ltr'><strong>jubet,</strong></span> <span class='ocrx_word' id='word_1_400' title='bbox 2772 2776 2955 2833; x_wconf 85' lang='lat' dir='ltr'><strong>seque</strong></span> <span class='ocrx_word' id='word_1_401' title='bbox 3004 2779 3129 2819; x_wconf 90' lang='lat' dir='ltr'>rem</span> <span class='ocrx_word' id='word_1_402' title='bbox 3163 2780 3321 2820; x_wconf 72' lang='lat' dir='ltr'><strong>curae</strong></span> <span class='ocrx_word' id='word_1_403' title='bbox 3378 2755 3724 2826; x_wconf 84' lang='lat' dir='ltr'><strong>habiturum</strong></span> 
     </span>
    </p>
   </div>
   <div class='ocr_carea' id='block_1_59' title="bbox 2071 2846 3723 2927">
    <p class='ocr_par' dir='ltr' id='par_1_59' title="bbox 2071 2846 3723 2927">
     <span class='ocr_line' id='line_1_59' title="bbox 2071 2846 3723 2927; baseline 0.007 -26"><span class='ocrx_word' id='word_1_404' title='bbox 2071 2846 2386 2920; x_wconf 84' lang='lat' dir='ltr'><strong>promittit.</strong></span> <span class='ocrx_word' id='word_1_405' title='bbox 2416 2847 2621 2904; x_wconf 71' lang='lat'>1048</span> <span class='ocrx_word' id='word_1_406' title='bbox 2648 2852 2731 2906; x_wconf 82' lang='lat' dir='ltr'><strong>Ac</strong></span> <span class='ocrx_word' id='word_1_407' title='bbox 2760 2865 2881 2905; x_wconf 90' lang='lat' dir='ltr'>non</span> <span class='ocrx_word' id='word_1_408' title='bbox 2912 2867 3126 2924; x_wconf 84' lang='lat' dir='ltr'><strong>magno</strong></span> <span class='ocrx_word' id='word_1_409' title='bbox 3150 2858 3283 2925; x_wconf 88' lang='lat' dir='ltr'><strong>post</strong></span> <span class='ocrx_word' id='word_1_410' title='bbox 3318 2856 3603 2927; x_wconf 87' lang='lat' dir='ltr'><strong>temporis</strong></span> <span class='ocrx_word' id='word_1_411' title='bbox 3636 2858 3723 2914; x_wconf 79' lang='lat' dir='ltr'><strong>in—</strong></span> 
     </span>
    </p>
   </div>
   <div class='ocr_carea' id='block_1_60' title="bbox 2071 2935 3723 3005">
    <p class='ocr_par' dir='ltr' id='par_1_60' title="bbox 2071 2935 3723 3005">
     <span class='ocr_line' id='line_1_60' title="bbox 2071 2935 3723 3005; baseline 0.007 -14"><span class='ocrx_word' id='word_1_412' title='bbox 2071 2935 2417 3005; x_wconf 89' lang='lat' dir='ltr'><strong>tervallo,ad</strong></span> <span class='ocrx_word' id='word_1_413' title='bbox 2450 2943 2726 2994; x_wconf 90' lang='lat' dir='ltr'><strong>naturam</strong></span> <span class='ocrx_word' id='word_1_414' title='bbox 2753 2941 3303 3003; x_wconf 80' lang='lat' dir='ltr'><strong>reversus,Leonem</strong></span> <span class='ocrx_word' id='word_1_415' title='bbox 3327 2959 3563 3002; x_wconf 86' lang='lat' dir='ltr'><strong>carcere</strong></span> <span class='ocrx_word' id='word_1_416' title='bbox 3585 2946 3723 3003; x_wconf 84' lang='lat' dir='ltr'><strong>edu-</strong></span> 
     </span>
    </p>
   </div>
   <div class='ocr_carea' id='block_1_61' title="bbox 2070 3026 3723 3108">
    <p class='ocr_par' dir='ltr' id='par_1_61' title="bbox 2070 3026 3723 3108">
     <span class='ocr_line' id='line_1_61' title="bbox 2070 3026 3723 3108; baseline 0.006 -26"><span class='ocrx_word' id='word_1_417' title='bbox 2070 3032 2233 3082; x_wconf 87' lang='lat' dir='ltr'><strong>ctum</strong></span> <span class='ocrx_word' id='word_1_418' title='bbox 2264 3026 2326 3082; x_wconf 91' lang='lat' dir='ltr'>in</span> <span class='ocrx_word' id='word_1_419' title='bbox 2356 3032 2739 3100; x_wconf 87' lang='lat' dir='ltr'><strong>conspectum</strong></span> <span class='ocrx_word' id='word_1_420' title='bbox 2770 3045 2944 3085; x_wconf 91' lang='lat' dir='ltr'><strong>suum</strong></span> <span class='ocrx_word' id='word_1_421' title='bbox 2972 3031 3252 3101; x_wconf 87' lang='lat' dir='ltr'><strong>admittit,</strong></span> <span class='ocrx_word' id='word_1_422' title='bbox 3277 3038 3502 3090; x_wconf 86' lang='lat' dir='ltr'><strong>vestem</strong></span> <span class='ocrx_word' id='word_1_423' title='bbox 3550 3035 3723 3108; x_wconf 84' lang='lat' dir='ltr'><strong>lugu-</strong></span> 
     </span>
    </p>
   </div>
   <div class='ocr_carea' id='block_1_62' title="bbox 320 3110 1969 3195">
    <p class='ocr_par' dir='ltr' id='par_1_62' title="bbox 320 3110 1960 3190">
     <span class='ocr_line' id='line_1_62' title="bbox 320 3110 1960 3190; baseline -0.006 -13"><span class='ocrx_word' id='word_1_424' title='bbox 320 3117 668 3179; x_wconf 77' lang='grc' dir='ltr'>ἀνακαλεῖται</span> <span class='ocrx_word' id='word_1_425' title='bbox 736 3113 1023 3185; x_wconf 88' lang='grc' dir='ltr'>δεσπότην,</span> <span class='ocrx_word' id='word_1_426' title='bbox 1099 3116 1264 3187; x_wconf 76' lang='grc' dir='ltr'>ἡμεῖς</span> <span class='ocrx_word' id='word_1_427' title='bbox 1321 3111 1380 3169; x_wconf 74' lang='grc' dir='ltr'>δὲ</span> <span class='ocrx_word' id='word_1_428' title='bbox 1423 3117 1732 3190; x_wconf 81' lang='grc' dir='ltr'>τρυφῶντες</span> <span class='ocrx_word' id='word_1_429' title='bbox 1780 3110 1960 3183; x_wconf 74' lang='grc' dir='ltr'>λήθην</span> 
     </span>
    </p>
   </div>
   <div class='ocr_carea' id='block_1_63' title="bbox 2081 3110 3723 3195">
    <p class='ocr_par' dir='ltr' id='par_1_63' title="bbox 2081 3116 3723 3195">
     <span class='ocr_line' id='line_1_63' title="bbox 2081 3116 3723 3195; baseline 0.007 -25"><span class='ocrx_word' id='word_1_430' title='bbox 2081 3116 2491 3188; x_wconf 61' lang='lat' dir='ltr'><strong>bremtdemit,</strong></span> <span class='ocrx_word' id='word_1_431' title='bbox 2551 3134 2737 3174; x_wconf 72' lang='lat' dir='ltr'><strong>comas</strong></span> <span class='ocrx_word' id='word_1_432' title='bbox 2795 3119 3117 3191; x_wconf 86' lang='lat' dir='ltr'><strong>superﬂua,</strong></span> <span class='ocrx_word' id='word_1_433' title='bbox 3160 3138 3292 3194; x_wconf 66' lang='lat' dir='ltr'><strong>quas</strong></span> <span class='ocrx_word' id='word_1_434' title='bbox 3342 3139 3451 3195; x_wconf 88' lang='lat' dir='ltr'>per</span> <span class='ocrx_word' id='word_1_435' title='bbox 3496 3123 3723 3182; x_wconf 88' lang='lat' dir='ltr'><strong>luctum</strong></span> 
     </span>
    </p>
   </div>
   <div class='ocr_carea' id='block_1_64' title="bbox 317 3198 1960 3282">
    <p class='ocr_par' dir='ltr' id='par_1_64' title="bbox 317 3198 1960 3282">
     <span class='ocr_line' id='line_1_64' title="bbox 317 3198 1960 3282; baseline -0.005 -16"><span class='ocrx_word' id='word_1_436' title='bbox 317 3214 416 3268; x_wconf 73' lang='grc' dir='ltr'>τοῦ</span> <span class='ocrx_word' id='word_1_437' title='bbox 477 3205 646 3282; x_wconf 77' lang='grc' dir='ltr'>μηδὶν</span> <span class='ocrx_word' id='word_1_438' title='bbox 705 3202 1066 3278; x_wconf 73' lang='grc' dir='ltr'>ἀδικήσαντος</span> <span class='ocrx_word' id='word_1_439' title='bbox 1123 3198 1396 3277; x_wconf 81' lang='grc' dir='ltr'>ἐλάϐομεν</span> <span class='ocrx_word' id='word_1_440' title='bbox 1429 3200 1713 3260; x_wconf 84' lang='grc' dir='ltr'>δεσπότου.</span> <span class='ocrx_word' id='word_1_441' title='bbox 1758 3202 1818 3260; x_wconf 74' lang='lat' dir='ltr'><strong>El</strong></span> <span class='ocrx_word' id='word_1_442' title='bbox 1861 3203 1960 3275; x_wconf 74' lang='grc' dir='ltr'>μὲν</span> 
     </span>
    </p>
   </div>
   <div class='ocr_carea' id='block_1_65' title="bbox 2077 3205 3727 3284">
    <p class='ocr_par' dir='ltr' id='par_1_65' title="bbox 2077 3205 3727 3284">
     <span class='ocr_line' id='line_1_65' title="bbox 2077 3205 3727 3284; baseline 0.005 -23"><span class='ocrx_word' id='word_1_443' title='bbox 2077 3211 2405 3275; x_wconf 86' lang='lat' dir='ltr'><strong>creverant,</strong></span> <span class='ocrx_word' id='word_1_444' title='bbox 2464 3206 2685 3263; x_wconf 83' lang='lat' dir='ltr'><strong>auferri</strong></span> <span class='ocrx_word' id='word_1_445' title='bbox 2728 3205 2923 3277; x_wconf 90' lang='lat' dir='ltr'><strong>jubet,</strong></span> <span class='ocrx_word' id='word_1_446' title='bbox 2960 3208 3429 3284; x_wconf 80' lang='lat' dir='ltr'><strong>dignitatemque</strong></span> <span class='ocrx_word' id='word_1_447' title='bbox 3478 3213 3727 3272; x_wconf 66' lang='lat' dir='ltr'><strong>Caesaris</strong></span> 
     </span>
    </p>
   </div>
   <div class='ocr_carea' id='block_1_66' title="bbox 321 3271 1969 3378">
    <p class='ocr_par' dir='ltr' id='par_1_66' title="bbox 321 3271 1963 3378">
     <span class='ocr_line' id='line_1_66' title="bbox 321 3271 1963 3378; baseline -0.004 -24"><span class='ocrx_word' id='word_1_448' title='bbox 321 3300 428 3378; x_wconf 83' lang='grc' dir='ltr'>γὰρ</span> <span class='ocrx_word' id='word_1_449' title='bbox 478 3271 681 3354; x_wconf 62' lang='grc' dir='ltr'>άδικῶν</span> <span class='ocrx_word' id='word_1_450' title='bbox 731 3271 1014 3374; x_wconf 61' lang='grc' dir='ltr'>ἐλεγχεται</span> <span class='ocrx_word' id='word_1_451' title='bbox 1061 3293 1153 3348; x_wconf 81' lang='grc' dir='ltr'>καὶ</span> <span class='ocrx_word' id='word_1_452' title='bbox 1207 3271 1344 3349; x_wconf 74' lang='grc' dir='ltr'>κατᾶ</span> <span class='ocrx_word' id='word_1_453' title='bbox 1389 3297 1488 3348; x_wconf 76' lang='grc' dir='ltr'>τοῦ</span> <span class='ocrx_word' id='word_1_454' title='bbox 1534 3292 1739 3367; x_wconf 84' lang='grc' dir='ltr'>πατρὸς</span> <span class='ocrx_word' id='word_1_455' title='bbox 1779 3271 1963 3367; x_wconf 76' lang='grc' dir='ltr'>εὐτρε·</span> 
     </span>
    </p>
   </div>
   <div class='ocr_carea' id='block_1_67' title="bbox 2081 3271 2642 3378">
    <p class='ocr_par' dir='ltr' id='par_1_67' title="bbox 2081 3271 2642 3367">
     <span class='ocr_line' id='line_1_67' title="bbox 2081 3271 2642 3367; baseline 0.004 -18"><span class='ocrx_word' id='word_1_456' title='bbox 2081 3271 2400 3367; x_wconf 84' lang='lat' dir='ltr'><strong>pristinam</strong></span> <span class='ocrx_word' id='word_1_457' title='bbox 2426 3293 2642 3351; x_wconf 90' lang='lat' dir='ltr'><strong>reddit.</strong></span> 
     </span>
    </p>
   </div>
   <div class='ocr_carea' id='block_1_68' title="bbox 317 3380 3726 3461">
    <p class='ocr_par' dir='ltr' id='par_1_68' title="bbox 317 3380 3726 3461">
     <span class='ocr_line' id='line_1_68' title="bbox 317 3380 3726 3461; baseline 0 -17"><span class='ocrx_word' id='word_1_458' title='bbox 317 3389 482 3450; x_wconf 82' lang='grc' dir='ltr'>πίσας</span> <span class='ocrx_word' id='word_1_459' title='bbox 538 3386 637 3456; x_wconf 75' lang='grc' dir='ltr'>τὴν</span> <span class='ocrx_word' id='word_1_460' title='bbox 708 3382 904 3456; x_wconf 74' lang='grc' dir='ltr'>δεξιὰν,</span> <span class='ocrx_word' id='word_1_461' title='bbox 956 3382 1271 3460; x_wconf 76' lang='grc' dir='ltr'>αὐτόχειρες</span> <span class='ocrx_word' id='word_1_462' title='bbox 1326 3384 1492 3456; x_wconf 76' lang='grc' dir='ltr'>ἡμεῖς</span> <span class='ocrx_word' id='word_1_463' title='bbox 1546 3380 1742 3437; x_wconf 87' lang='grc' dir='ltr'>τούτου</span> <span class='ocrx_word' id='word_1_464' title='bbox 1819 3381 2159 3457; x_wconf 78' lang='grc' dir='ltr'>γενησόμεθα</span> <span class='ocrx_word' id='word_1_465' title='bbox 2249 3380 2468 3449; x_wconf 79' lang='grc' dir='ltr'>πάντες,</span> <span class='ocrx_word' id='word_1_466' title='bbox 2547 3385 2647 3438; x_wconf 77' lang='grc' dir='ltr'>τοῦ</span> <span class='ocrx_word' id='word_1_467' title='bbox 2702 3382 2932 3454; x_wconf 80' lang='grc' dir='ltr'>αἳματος</span> <span class='ocrx_word' id='word_1_468' title='bbox 2984 3383 3150 3440; x_wconf 73' lang='grc' dir='ltr'>αὐτοῦ</span> <span class='ocrx_word' id='word_1_469' title='bbox 3207 3386 3285 3455; x_wconf 80' lang='grc' dir='ltr'>μή</span> <span class='ocrx_word' id='word_1_470' title='bbox 3348 3382 3726 3461; x_wconf 85' lang='grc' dir='ltr'>λαμϐάνοντες</span> 
     </span>
    </p>
   </div>
   <div class='ocr_carea' id='block_1_69' title="bbox 313 3468 3728 3553">
    <p class='ocr_par' dir='ltr' id='par_1_69' title="bbox 313 3468 3728 3553">
     <span class='ocr_line' id='line_1_69' title="bbox 313 3468 3728 3553; baseline 0.001 -23"><span class='ocrx_word' id='word_1_471' title='bbox 313 3476 501 3553; x_wconf 82' lang='grc' dir='ltr'>κόρον·</span> <span class='ocrx_word' id='word_1_472' title='bbox 539 3477 586 3532; x_wconf 73' lang='grc' dir='ltr'>εἱ</span> <span class='ocrx_word' id='word_1_473' title='bbox 617 3473 665 3530; x_wconf 89' lang='grc' dir='ltr'>δ’</span> <span class='ocrx_word' id='word_1_474' title='bbox 694 3473 778 3533; x_wconf 72' lang='grc' dir='ltr'>ἐφ’</span> <span class='ocrx_word' id='word_1_475' title='bbox 808 3474 894 3536; x_wconf 84' lang='grc' dir='ltr'>οἷς</span> <span class='ocrx_word' id='word_1_476' title='bbox 941 3470 1207 3542; x_wconf 75' lang='grc' dir='ltr'>ἐνεκλῆθη</span> <span class='ocrx_word' id='word_1_477' title='bbox 1266 3469 1543 3546; x_wconf 85' lang='grc' dir='ltr'>διαφεύγει</span> <span class='ocrx_word' id='word_1_478' title='bbox 1575 3470 1666 3527; x_wconf 72' lang='grc' dir='ltr'>τόν</span> <span class='ocrx_word' id='word_1_479' title='bbox 1703 3468 1962 3549; x_wconf 80' lang='grc' dir='ltr'>ἔλεγχον,</span> <span class='ocrx_word' id='word_1_480' title='bbox 2018 3471 2186 3546; x_wconf 78' lang='grc' dir='ltr'>μέχρι</span> <span class='ocrx_word' id='word_1_481' title='bbox 2239 3471 2387 3535; x_wconf 92' lang='grc' dir='ltr'>τίνος</span> <span class='ocrx_word' id='word_1_482' title='bbox 2444 3473 2480 3542; x_wconf 81' lang='grc' dir='ltr'>ἠ</span> <span class='ocrx_word' id='word_1_483' title='bbox 2540 3471 2862 3551; x_wconf 81' lang='grc' dir='ltr'>συκοφάντις</span> <span class='ocrx_word' id='word_1_484' title='bbox 2917 3471 3144 3550; x_wconf 82' lang='grc' dir='ltr'>γλῶσσα</span> <span class='ocrx_word' id='word_1_485' title='bbox 3201 3477 3323 3531; x_wconf 85' lang='grc' dir='ltr'>κατ’</span> <span class='ocrx_word' id='word_1_486' title='bbox 3372 3475 3535 3533; x_wconf 75' lang='grc' dir='ltr'>αὐτοῦ</span> <span class='ocrx_word' id='word_1_487' title='bbox 3565 3475 3728 3534; x_wconf 84' lang='grc' dir='ltr'>δυνα-</span> 
     </span>
    </p>
   </div>
   <div class='ocr_carea' id='block_1_70' title="bbox 319 3559 3724 3640">
    <p class='ocr_par' dir='ltr' id='par_1_70' title="bbox 319 3559 3724 3640">
     <span class='ocr_line' id='line_1_70' title="bbox 319 3559 3724 3640; baseline -0.001 -19"><span class='ocrx_word' id='word_1_488' title='bbox 319 3570 557 3640; x_wconf 60' lang='lat' dir='ltr'><strong>point;</strong></span> <span class='ocrx_word' id='word_1_489' title='bbox 602 3561 974 3640; x_wconf 73' lang='grc' dir='ltr'>»Μαλαχθεῖς</span> <span class='ocrx_word' id='word_1_490' title='bbox 1022 3562 1118 3617; x_wconf 81' lang='grc' dir='ltr'>οὗν</span> <span class='ocrx_word' id='word_1_491' title='bbox 1174 3566 1290 3624; x_wconf 88' lang='grc' dir='ltr'>τοῖς</span> <span class='ocrx_word' id='word_1_492' title='bbox 1343 3561 1619 3623; x_wconf 82' lang='grc' dir='ltr'>τοιούτοις</span> <span class='ocrx_word' id='word_1_493' title='bbox 1678 3559 1870 3634; x_wconf 83' lang='grc' dir='ltr'>λόγοις</span> <span class='ocrx_word' id='word_1_494' title='bbox 1901 3562 1930 3615; x_wconf 80' lang='grc' dir='ltr'><strong>ὁ</strong></span> <span class='ocrx_word' id='word_1_495' title='bbox 1963 3559 2223 3635; x_wconf 74' lang='grc' dir='ltr'>βασιλεὺς</span> <span class='ocrx_word' id='word_1_496' title='bbox 2275 3559 2398 3615; x_wconf 86' lang='grc' dir='ltr'>τότε</span> <span class='ocrx_word' id='word_1_497' title='bbox 2454 3561 2549 3633; x_wconf 77' lang='grc' dir='ltr'>μὶν</span> <span class='ocrx_word' id='word_1_498' title='bbox 2606 3568 2935 3631; x_wconf 83' lang='grc' dir='ltr'>καθεσθῆναι</span> <span class='ocrx_word' id='word_1_499' title='bbox 2990 3562 3206 3627; x_wconf 89' lang='grc' dir='ltr'>τούτοις</span> <span class='ocrx_word' id='word_1_500' title='bbox 3258 3565 3569 3639; x_wconf 79' lang='grc' dir='ltr'>προσέταξε,</span> <span class='ocrx_word' id='word_1_501' title='bbox 3597 3589 3724 3625; x_wconf 87' lang='grc' dir='ltr'>σκο.</span> 
     </span>
    </p>
   </div>
   <div class='ocr_carea' id='block_1_71' title="bbox 313 3645 3723 3732">
    <p class='ocr_par' dir='ltr' id='par_1_71' title="bbox 313 3645 3723 3732">
     <span class='ocr_line' id='line_1_71' title="bbox 313 3645 3723 3732; baseline 0.001 -23"><span class='ocrx_word' id='word_1_502' title='bbox 313 3662 486 3726; x_wconf 87' lang='grc' dir='ltr'>πῆσαι</span> <span class='ocrx_word' id='word_1_503' title='bbox 545 3651 588 3709; x_wconf 85' lang='grc' dir='ltr'>δ’</span> <span class='ocrx_word' id='word_1_504' title='bbox 639 3654 803 3716; x_wconf 74' lang='grc' dir='ltr'>αὐτὸς</span> <span class='ocrx_word' id='word_1_505' title='bbox 856 3652 980 3728; x_wconf 74' lang='grc' dir='ltr'>περὶ</span> <span class='ocrx_word' id='word_1_506' title='bbox 1037 3655 1135 3707; x_wconf 73' lang='grc' dir='ltr'>τοῦ</span> <span class='ocrx_word' id='word_1_507' title='bbox 1181 3652 1500 3727; x_wconf 82' lang='grc' dir='ltr'>πράγματος</span> <span class='ocrx_word' id='word_1_508' title='bbox 1558 3647 1948 3725; x_wconf 69' lang='grc' dir='ltr'>ἐπηγγείλατο·</span> <span class='ocrx_word' id='word_1_509' title='bbox 2017 3650 2135 3721; x_wconf 86' lang='grc' dir='ltr'>μετ’</span> <span class='ocrx_word' id='word_1_510' title='bbox 2195 3647 2258 3702; x_wconf 84' lang='grc' dir='ltr'>ού</span> <span class='ocrx_word' id='word_1_511' title='bbox 2321 3646 2472 3703; x_wconf 78' lang='grc' dir='ltr'>πολὺ</span> <span class='ocrx_word' id='word_1_512' title='bbox 2523 3645 2581 3703; x_wconf 69' lang='grc' dir='ltr'>δὲ</span> <span class='ocrx_word' id='word_1_513' title='bbox 2634 3648 2770 3721; x_wconf 78' lang='grc' dir='ltr'>πρὸς</span> <span class='ocrx_word' id='word_1_514' title='bbox 2816 3650 2917 3717; x_wconf 81' lang='grc' dir='ltr'>τήν</span> <span class='ocrx_word' id='word_1_515' title='bbox 2967 3651 3125 3727; x_wconf 85' lang='grc' dir='ltr'>φύσιν</span> <span class='ocrx_word' id='word_1_516' title='bbox 3178 3650 3489 3710; x_wconf 81' lang='grc' dir='ltr'>ἐπανελθὼν</span> <span class='ocrx_word' id='word_1_517' title='bbox 3547 3654 3723 3732; x_wconf 75' lang='grc' dir='ltr'>ἐξάγει</span> 
     </span>
    </p>
   </div>
   <div class='ocr_carea' id='block_1_72' title="bbox 310 3731 3720 3823">
    <p class='ocr_par' dir='ltr' id='par_1_72' title="bbox 310 3731 3720 3823">
     <span class='ocr_line' id='line_1_72' title="bbox 310 3731 3720 3823; baseline 0 -22"><span class='ocrx_word' id='word_1_518' title='bbox 310 3766 371 3802; x_wconf 87' lang='grc' dir='ltr'>τε</span> <span class='ocrx_word' id='word_1_519' title='bbox 400 3749 640 3823; x_wconf 71' lang='grc' dir='ltr'>φρουρᾶς</span> <span class='ocrx_word' id='word_1_520' title='bbox 669 3744 760 3800; x_wconf 83' lang='grc' dir='ltr'>καὶ</span> <span class='ocrx_word' id='word_1_521' title='bbox 818 3742 896 3807; x_wconf 68' lang='grc' dir='ltr'>εἷς</span> <span class='ocrx_word' id='word_1_522' title='bbox 949 3738 1074 3818; x_wconf 81' lang='grc' dir='ltr'>ὄψιν</span> <span class='ocrx_word' id='word_1_523' title='bbox 1133 3740 1251 3819; x_wconf 74' lang='grc' dir='ltr'>ἄγει</span> <span class='ocrx_word' id='word_1_524' title='bbox 1306 3742 1399 3797; x_wconf 84' lang='grc' dir='ltr'>τὸν</span> <span class='ocrx_word' id='word_1_525' title='bbox 1459 3741 1599 3812; x_wconf 70' lang='grc' dir='ltr'>υἱὸν,</span> <span class='ocrx_word' id='word_1_526' title='bbox 1655 3739 1748 3795; x_wconf 85' lang='grc' dir='ltr'>καὶ</span> <span class='ocrx_word' id='word_1_527' title='bbox 1803 3739 1903 3809; x_wconf 81' lang='grc' dir='ltr'>τήν</span> <span class='ocrx_word' id='word_1_528' title='bbox 1958 3736 2223 3809; x_wconf 68' lang='grc' dir='ltr'>πένθιμον</span> <span class='ocrx_word' id='word_1_529' title='bbox 2277 3731 2496 3810; x_wconf 82' lang='grc' dir='ltr'>ἀμείϐει</span> <span class='ocrx_word' id='word_1_530' title='bbox 2554 3736 2783 3823; x_wconf 76' lang='grc' dir='ltr'>στολὴν,</span> <span class='ocrx_word' id='word_1_531' title='bbox 2840 3740 2929 3793; x_wconf 81' lang='grc' dir='ltr'>καὶ</span> <span class='ocrx_word' id='word_1_532' title='bbox 2984 3740 3048 3795; x_wconf 84' lang='grc' dir='ltr'>τὸ</span> <span class='ocrx_word' id='word_1_533' title='bbox 3103 3742 3354 3816; x_wconf 84' lang='grc' dir='ltr'>περιττὸν</span> <span class='ocrx_word' id='word_1_534' title='bbox 3404 3746 3504 3808; x_wconf 81' lang='grc' dir='ltr'>τῆς</span> <span class='ocrx_word' id='word_1_535' title='bbox 3556 3742 3609 3800; x_wconf 79' lang='grc' dir='ltr'>ἐν</span> <span class='ocrx_word' id='word_1_536' title='bbox 3652 3731 3720 3820; x_wconf 78' lang='grc' dir='ltr'>τῇ</span> 
     </span>
    </p>
   </div>
   <div class='ocr_carea' id='block_1_73' title="bbox 311 3810 2905 3912">
    <p class='ocr_par' dir='ltr' id='par_1_73' title="bbox 311 3810 2905 3912">
     <span class='ocr_line' id='line_1_73' title="bbox 311 3810 2905 3912; baseline -0.003 -21"><span class='ocrx_word' id='word_1_537' title='bbox 311 3810 461 3911; x_wconf 61' lang='grc' dir='ltr'>λύτέῄ</span> <span class='ocrx_word' id='word_1_538' title='bbox 494 3810 788 3912; x_wconf 79' lang='grc' dir='ltr'>τραφείσης</span> <span class='ocrx_word' id='word_1_539' title='bbox 817 3810 1006 3907; x_wconf 31' lang='grc' dir='ltr'>κόμης*</span> <span class='ocrx_word' id='word_1_540' title='bbox 1025 3810 1318 3907; x_wconf 69' lang='grc' dir='ltr'>περιαιρεῖ,</span> <span class='ocrx_word' id='word_1_541' title='bbox 1354 3829 1445 3885; x_wconf 85' lang='grc' dir='ltr'>καὶ</span> <span class='ocrx_word' id='word_1_542' title='bbox 1469 3810 1865 3905; x_wconf 12' lang='grc' dir='ltr'>τὴνήπροτὲραν</span> <span class='ocrx_word' id='word_1_543' title='bbox 1904 3834 2008 3898; x_wconf 86' lang='grc' dir='ltr'>τῆς</span> <span class='ocrx_word' id='word_1_544' title='bbox 2039 3823 2324 3903; x_wconf 84' lang='grc' dir='ltr'>βασιλείας</span> <span class='ocrx_word' id='word_1_545' title='bbox 2352 3825 2522 3900; x_wconf 74' lang='grc' dir='ltr'>τιμὴν</span> <span class='ocrx_word' id='word_1_546' title='bbox 2551 3822 2905 3883; x_wconf 82' lang='grc' dir='ltr'>ἀποδίδωσιν.</span> 
     </span>
    </p>
   </div>
   <div class='ocr_carea' id='block_1_74' title="bbox 380 3917 1964 3996">
    <p class='ocr_par' dir='ltr' id='par_1_74' title="bbox 380 3917 1964 3996">
     <span class='ocr_line' id='line_1_74' title="bbox 380 3917 1964 3996; baseline -0.006 -14"><span class='ocrx_word' id='word_1_547' title='bbox 380 3925 461 3982; x_wconf 80' lang='grc' dir='ltr'>Οὐ</span> <span class='ocrx_word' id='word_1_548' title='bbox 493 3922 640 3980; x_wconf 74' lang='grc' dir='ltr'>πολὺ</span> <span class='ocrx_word' id='word_1_549' title='bbox 687 3922 752 3979; x_wconf 86' lang='grc' dir='ltr'>τὸ</span> <span class='ocrx_word' id='word_1_550' title='bbox 780 3920 835 3978; x_wconf 73' lang='grc' dir='ltr'>ἐν</span> <span class='ocrx_word' id='word_1_551' title='bbox 871 3921 1041 3995; x_wconf 67' lang='grc' dir='ltr'>μέσῳ.</span> <span class='ocrx_word' id='word_1_552' title='bbox 1100 3921 1190 3976; x_wconf 81' lang='grc' dir='ltr'>καὶ</span> <span class='ocrx_word' id='word_1_553' title='bbox 1240 3918 1519 3996; x_wconf 77' lang='grc' dir='ltr'>διαῤῥοίας</span> <span class='ocrx_word' id='word_1_554' title='bbox 1547 3920 1694 3993; x_wconf 86' lang='grc' dir='ltr'>νόσῳ</span> <span class='ocrx_word' id='word_1_555' title='bbox 1740 3917 1964 3975; x_wconf 74' lang='grc' dir='ltr'>ἁλίσκε-</span> 
     </span>
    </p>
   </div>
   <div class='ocr_carea' id='block_1_75' title="bbox 308 4005 1963 4086">
    <p class='ocr_par' dir='ltr' id='par_1_75' title="bbox 308 4005 1963 4086">
     <span class='ocr_line' id='line_1_75' title="bbox 308 4005 1963 4086; baseline -0.003 -18"><span class='ocrx_word' id='word_1_556' title='bbox 308 4034 424 4083; x_wconf 89' lang='grc' dir='ltr'>ται,</span> <span class='ocrx_word' id='word_1_557' title='bbox 455 4010 715 4067; x_wconf 77' lang='grc' dir='ltr'>καὶκατὰ</span> <span class='ocrx_word' id='word_1_558' title='bbox 765 4010 993 4086; x_wconf 77' lang='grc' dir='ltr'>μικκρὸν</span> <span class='ocrx_word' id='word_1_559' title='bbox 1035 4012 1107 4083; x_wconf 79' lang='grc' dir='ltr'>τῇ</span> <span class='ocrx_word' id='word_1_560' title='bbox 1151 4007 1377 4083; x_wconf 77' lang='grc' dir='ltr'>τοιαύτῃ</span> <span class='ocrx_word' id='word_1_561' title='bbox 1422 4005 1674 4079; x_wconf 85' lang='grc' dir='ltr'>τηκεδόνι</span> <span class='ocrx_word' id='word_1_562' title='bbox 1723 4027 1963 4081; x_wconf 85' lang='grc' dir='ltr'>κατεμα-</span> 
     </span>
    </p>
   </div>
   <div class='ocr_carea' id='block_1_76' title="bbox 313 4094 1960 4178">
    <p class='ocr_par' dir='ltr' id='par_1_76' title="bbox 313 4094 1960 4178">
     <span class='ocr_line' id='line_1_76' title="bbox 313 4094 1960 4178; baseline -0.004 -21"><span class='ocrx_word' id='word_1_563' title='bbox 313 4102 547 4177; x_wconf 85' lang='grc' dir='ltr'>ραίνετο.</span> <span class='ocrx_word' id='word_1_564' title='bbox 578 4099 788 4162; x_wconf 76' lang='grc' dir='ltr'>Διαθεῖς</span> <span class='ocrx_word' id='word_1_565' title='bbox 837 4096 883 4153; x_wconf 86' lang='grc' dir='ltr'>δ’</span> <span class='ocrx_word' id='word_1_566' title='bbox 940 4099 1015 4157; x_wconf 84' lang='grc' dir='ltr'>ὡς</span> <span class='ocrx_word' id='word_1_567' title='bbox 1066 4095 1242 4153; x_wconf 76' lang='grc' dir='ltr'>ἐδόκει</span> <span class='ocrx_word' id='word_1_568' title='bbox 1286 4097 1354 4153; x_wconf 72' lang='grc' dir='ltr'>τὰ</span> <span class='ocrx_word' id='word_1_569' title='bbox 1402 4104 1504 4167; x_wconf 88' lang='grc' dir='ltr'>τῆς</span> <span class='ocrx_word' id='word_1_570' title='bbox 1538 4094 1838 4178; x_wconf 73' lang='grc' dir='ltr'>βασιλείας,</span> <span class='ocrx_word' id='word_1_571' title='bbox 1868 4095 1960 4151; x_wconf 76' lang='grc' dir='ltr'>καὶ</span> 
     </span>
    </p>
   </div>
   <div class='ocr_carea' id='block_1_77' title="bbox 311 4183 1960 4265">
    <p class='ocr_par' dir='ltr' id='par_1_77' title="bbox 311 4183 1960 4265">
     <span class='ocr_line' id='line_1_77' title="bbox 311 4183 1960 4265; baseline -0.005 -18"><span class='ocrx_word' id='word_1_572' title='bbox 311 4190 409 4247; x_wconf 81' lang='grc' dir='ltr'>τὸν</span> <span class='ocrx_word' id='word_1_573' title='bbox 441 4188 790 4265; x_wconf 82' lang='grc' dir='ltr'>κληρονόμον</span> <span class='ocrx_word' id='word_1_574' title='bbox 813 4188 902 4243; x_wconf 87' lang='grc' dir='ltr'>καὶ</span> <span class='ocrx_word' id='word_1_575' title='bbox 935 4183 1198 4263; x_wconf 84' lang='grc' dir='ltr'>διάδοχον</span> <span class='ocrx_word' id='word_1_576' title='bbox 1244 4207 1519 4264; x_wconf 88' lang='grc' dir='ltr'>γνωριμον</span> <span class='ocrx_word' id='word_1_577' title='bbox 1569 4186 1960 4259; x_wconf 76' lang='grc' dir='ltr'>ποιησάμενος,</span> 
     </span>
    </p>
   </div>
   <div class='ocr_carea' id='block_1_78' title="bbox 311 4270 1962 4355">
    <p class='ocr_par' dir='ltr' id='par_1_78' title="bbox 311 4270 1962 4355">
     <span class='ocr_line' id='line_1_78' title="bbox 311 4270 1962 4355; baseline -0.004 -20"><span class='ocrx_word' id='word_1_578' title='bbox 311 4279 405 4336; x_wconf 83' lang='grc' dir='ltr'>τὸν</span> <span class='ocrx_word' id='word_1_579' title='bbox 446 4278 561 4355; x_wconf 84' lang='grc' dir='ltr'>βίον</span> <span class='ocrx_word' id='word_1_580' title='bbox 613 4275 867 4346; x_wconf 68' lang='grc' dir='ltr'>ἀπέλιπε,</span> <span class='ocrx_word' id='word_1_581' title='bbox 925 4270 1366 4348; x_wconf 85' lang='grc' dir='ltr'>συμϐασιλεύσας</span> <span class='ocrx_word' id='word_1_582' title='bbox 1414 4276 1510 4348; x_wconf 70' lang='grc' dir='ltr'>μὲν</span> <span class='ocrx_word' id='word_1_583' title='bbox 1540 4278 1621 4347; x_wconf 78' lang='grc' dir='ltr'>τῷ</span> <span class='ocrx_word' id='word_1_584' title='bbox 1658 4273 1766 4349; x_wconf 79' lang='grc' dir='ltr'>πρὸ</span> <span class='ocrx_word' id='word_1_585' title='bbox 1796 4271 1962 4329; x_wconf 66' lang='grc' dir='ltr'>αὐτοῦ</span> 
     </span>
    </p>
   </div>
   <div class='ocr_carea' id='block_1_79' title="bbox 311 4361 1963 4449">
    <p class='ocr_par' dir='ltr' id='par_1_79' title="bbox 311 4361 1963 4449">
     <span class='ocr_line' id='line_1_79' title="bbox 311 4361 1963 4449; baseline -0.004 -25"><span class='ocrx_word' id='word_1_586' title='bbox 311 4368 553 4449; x_wconf 79' lang='grc' dir='ltr'>Μιχαὴλ</span> <span class='ocrx_word' id='word_1_587' title='bbox 585 4367 787 4445; x_wconf 85' lang='grc' dir='ltr'>χρόνον</span> <span class='ocrx_word' id='word_1_588' title='bbox 836 4362 955 4435; x_wconf 71' lang='grc' dir='ltr'>ἳνα,</span> <span class='ocrx_word' id='word_1_589' title='bbox 1003 4363 1218 4439; x_wconf 66' lang='grc' dir='ltr'>ὶτὲρους</span> <span class='ocrx_word' id='word_1_590' title='bbox 1264 4361 1323 4420; x_wconf 77' lang='grc' dir='ltr'>δὶ</span> <span class='ocrx_word' id='word_1_591' title='bbox 1370 4363 1518 4420; x_wconf 72' lang='grc' dir='ltr'>ἰννέα</span> <span class='ocrx_word' id='word_1_592' title='bbox 1545 4364 1637 4420; x_wconf 81' lang='grc' dir='ltr'>καὶ</span> <span class='ocrx_word' id='word_1_593' title='bbox 1669 4362 1797 4420; x_wconf 68' lang='grc' dir='ltr'>δέκα</span> <span class='ocrx_word' id='word_1_594' title='bbox 1826 4361 1963 4443; x_wconf 89' lang='grc' dir='ltr'>χρό-</span> 
     </span>
    </p>
   </div>
   <div class='ocr_carea' id='block_1_80' title="bbox 308 4451 1964 4533">
    <p class='ocr_par' dir='ltr' id='par_1_80' title="bbox 308 4451 1964 4533">
     <span class='ocr_line' id='line_1_80' title="bbox 308 4451 1964 4533; baseline -0.003 -20"><span class='ocrx_word' id='word_1_595' title='bbox 308 4477 438 4518; x_wconf 84' lang='grc' dir='ltr'>νους</span> <span class='ocrx_word' id='word_1_596' title='bbox 467 4458 593 4533; x_wconf 72' lang='grc' dir='ltr'>περὶ</span> <span class='ocrx_word' id='word_1_597' title='bbox 622 4458 723 4528; x_wconf 77' lang='grc' dir='ltr'>τήν</span> <span class='ocrx_word' id='word_1_598' title='bbox 762 4457 1137 4532; x_wconf 76' lang='grc' dir='ltr'>αὐτοκράτορα</span> <span class='ocrx_word' id='word_1_599' title='bbox 1181 4462 1283 4525; x_wconf 82' lang='grc' dir='ltr'>τῆς</span> <span class='ocrx_word' id='word_1_600' title='bbox 1333 4454 1615 4531; x_wconf 87' lang='grc' dir='ltr'>βασιλείας</span> <span class='ocrx_word' id='word_1_601' title='bbox 1664 4451 1964 4531; x_wconf 75' lang='grc' dir='ltr'>διαπρέψας</span> 
     </span>
    </p>
   </div>
   <div class='ocr_carea' id='block_1_81' title="bbox 312 4542 1965 4625">
    <p class='ocr_par' dir='ltr' id='par_1_81' title="bbox 312 4542 1965 4625">
     <span class='ocr_line' id='line_1_81' title="bbox 312 4542 1965 4625; baseline -0.001 -25"><span class='ocrx_word' id='word_1_602' title='bbox 312 4544 519 4625; x_wconf 74' lang='grc' dir='ltr'>ἀρχήν.</span> <span class='ocrx_word' id='word_1_603' title='bbox 573 4544 892 4624; x_wconf 76' lang='grc' dir='ltr'>Διαδέχεται</span> <span class='ocrx_word' id='word_1_604' title='bbox 940 4544 997 4602; x_wconf 78' lang='grc' dir='ltr'>δὶ</span> <span class='ocrx_word' id='word_1_605' title='bbox 1023 4546 1127 4615; x_wconf 77' lang='grc' dir='ltr'>τὴν</span> <span class='ocrx_word' id='word_1_606' title='bbox 1175 4542 1316 4616; x_wconf 69' lang='grc' dir='ltr'>ὃλην</span> <span class='ocrx_word' id='word_1_607' title='bbox 1358 4550 1461 4614; x_wconf 89' lang='grc' dir='ltr'>τῆς</span> <span class='ocrx_word' id='word_1_608' title='bbox 1508 4543 1751 4618; x_wconf 69' lang='grc' dir='ltr'>ἔξουσίας</span> <span class='ocrx_word' id='word_1_609' title='bbox 1782 4543 1965 4623; x_wconf 73' lang='grc' dir='ltr'>ἀρχὴν</span> 
     </span>
    </p>
   </div>
   <div class='ocr_carea' id='block_1_82' title="bbox 322 4632 1837 4711">
    <p class='ocr_par' dir='ltr' id='par_1_82' title="bbox 322 4632 1837 4711">
     <span class='ocr_line' id='line_1_82' title="bbox 322 4632 1837 4711; baseline 0 -20"><span class='ocrx_word' id='word_1_610' title='bbox 322 4632 477 4691; x_wconf 66' lang='grc' dir='ltr'>Λέων</span> <span class='ocrx_word' id='word_1_611' title='bbox 509 4634 540 4690; x_wconf 81' lang='grc' dir='ltr'><strong>ὁ</strong></span> <span class='ocrx_word' id='word_1_612' title='bbox 569 4636 689 4700; x_wconf 86' lang='grc' dir='ltr'>καθ’</span> <span class='ocrx_word' id='word_1_613' title='bbox 719 4634 938 4707; x_wconf 85' lang='grc' dir='ltr'>ἠλικίαν</span> <span class='ocrx_word' id='word_1_614' title='bbox 966 4639 1185 4711; x_wconf 82' lang='grc' dir='ltr'>πρῶτος</span> <span class='ocrx_word' id='word_1_615' title='bbox 1208 4637 1316 4692; x_wconf 83' lang='grc' dir='ltr'>τῶν</span> <span class='ocrx_word' id='word_1_616' title='bbox 1345 4633 1644 4709; x_wconf 85' lang='grc' dir='ltr'>περιόντων</span> <span class='ocrx_word' id='word_1_617' title='bbox 1686 4634 1837 4691; x_wconf 75' lang='grc' dir='ltr'>υἱῶν.</span> 
     </span>
    </p>
   </div>
   <div class='ocr_carea' id='block_1_83' title="bbox 2146 3915 3718 3993">
    <p class='ocr_par' dir='ltr' id='par_1_83' title="bbox 2146 3915 3718 3993">
     <span class='ocr_line' id='line_1_83' title="bbox 2146 3915 3718 3993; baseline 0.006 -20"><span class='ocrx_word' id='word_1_618' title='bbox 2146 3917 2312 3975; x_wconf 83' lang='lat' dir='ltr'><strong>Haud</strong></span> <span class='ocrx_word' id='word_1_619' title='bbox 2342 3915 2531 3973; x_wconf 92' lang='lat' dir='ltr'><strong>multo</strong></span> <span class='ocrx_word' id='word_1_620' title='bbox 2571 3922 2705 3990; x_wconf 89' lang='lat' dir='ltr'><strong>post</strong></span> <span class='ocrx_word' id='word_1_621' title='bbox 2735 3917 2987 3974; x_wconf 87' lang='lat' dir='ltr'><strong>Basilius</strong></span> <span class='ocrx_word' id='word_1_622' title='bbox 3014 3919 3076 3975; x_wconf 89' lang='lat' dir='ltr'>in</span> <span class='ocrx_word' id='word_1_623' title='bbox 3104 3919 3217 3976; x_wconf 91' lang='lat' dir='ltr'><strong>alvi</strong></span> <span class='ocrx_word' id='word_1_624' title='bbox 3240 3921 3592 3993; x_wconf 79' lang='lat' dir='ltr'><strong>proﬂuvium</strong></span> <span class='ocrx_word' id='word_1_625' title='bbox 3627 3926 3718 3983; x_wconf 86' lang='lat' dir='ltr'>in-</span> 
     </span>
    </p>
   </div>
   <div class='ocr_carea' id='block_1_84' title="bbox 2073 4007 3722 4082">
    <p class='ocr_par' dir='ltr' id='par_1_84' title="bbox 2073 4007 3722 4082">
     <span class='ocr_line' id='line_1_84' title="bbox 2073 4007 3722 4082; baseline 0.007 -19"><span class='ocrx_word' id='word_1_626' title='bbox 2073 4007 2254 4077; x_wconf 88' lang='lat' dir='ltr'><strong>cidit;</strong></span> <span class='ocrx_word' id='word_1_627' title='bbox 2289 4023 2478 4079; x_wconf 90' lang='lat' dir='ltr'><strong>eoque</strong></span> <span class='ocrx_word' id='word_1_628' title='bbox 2509 4007 2716 4064; x_wconf 88' lang='lat' dir='ltr'><strong>morbo</strong></span> <span class='ocrx_word' id='word_1_629' title='bbox 2758 4008 3045 4082; x_wconf 87' lang='lat' dir='ltr'><strong>paulatim</strong></span> <span class='ocrx_word' id='word_1_630' title='bbox 3104 4011 3549 4081; x_wconf 71' lang='lat' dir='ltr'><strong>contabescens,</strong></span> <span class='ocrx_word' id='word_1_631' title='bbox 3584 4031 3722 4074; x_wconf 88' lang='lat' dir='ltr'>cum</span> 
     </span>
    </p>
   </div>
   <div class='ocr_carea' id='block_1_85' title="bbox 2073 4097 3724 4170">
    <p class='ocr_par' dir='ltr' id='par_1_85' title="bbox 2073 4097 3724 4170">
     <span class='ocr_line' id='line_1_85' title="bbox 2073 4097 3724 4170; baseline 0.005 -18"><span class='ocrx_word' id='word_1_632' title='bbox 2073 4115 2171 4153; x_wconf 89' lang='lat' dir='ltr'>res</span> <span class='ocrx_word' id='word_1_633' title='bbox 2200 4097 2439 4170; x_wconf 89' lang='lat' dir='ltr'><strong>imperii</strong></span> <span class='ocrx_word' id='word_1_634' title='bbox 2472 4114 2577 4170; x_wconf 90' lang='lat' dir='ltr'>pro</span> <span class='ocrx_word' id='word_1_635' title='bbox 2629 4113 2737 4153; x_wconf 92' lang='lat' dir='ltr'>suo</span> <span class='ocrx_word' id='word_1_636' title='bbox 2796 4098 3044 4155; x_wconf 87' lang='lat' dir='ltr'><strong>arbitrio</strong></span> <span class='ocrx_word' id='word_1_637' title='bbox 3088 4100 3495 4158; x_wconf 65' lang='lat' dir='ltr'><strong>constituisset</strong></span> <span class='ocrx_word' id='word_1_638' title='bbox 3533 4104 3724 4160; x_wconf 70' lang='lat' dir='ltr'><strong>haere-</strong></span> 
     </span>
    </p>
   </div>
   <div class='ocr_carea' id='block_1_86' title="bbox 2075 4187 3723 4261">
    <p class='ocr_par' dir='ltr' id='par_1_86' title="bbox 2075 4187 3723 4261">
     <span class='ocr_line' id='line_1_86' title="bbox 2075 4187 3723 4261; baseline 0.004 -17"><span class='ocrx_word' id='word_1_639' title='bbox 2075 4187 2331 4259; x_wconf 87' lang='lat' dir='ltr'><strong>demque</strong></span> <span class='ocrx_word' id='word_1_640' title='bbox 2363 4192 2422 4242; x_wconf 91' lang='lat' dir='ltr'>et</span> <span class='ocrx_word' id='word_1_641' title='bbox 2464 4203 2869 4243; x_wconf 88' lang='lat' dir='ltr'><strong>successorem</strong></span> <span class='ocrx_word' id='word_1_642' title='bbox 2912 4206 3085 4245; x_wconf 89' lang='lat' dir='ltr'><strong>suum</strong></span> <span class='ocrx_word' id='word_1_643' title='bbox 3127 4190 3509 4261; x_wconf 88' lang='lat' dir='ltr'><strong>declarasset,</strong></span> <span class='ocrx_word' id='word_1_644' title='bbox 3561 4194 3723 4251; x_wconf 90' lang='lat' dir='ltr'><strong>diem</strong></span> 
     </span>
    </p>
   </div>
   <div class='ocr_carea' id='block_1_87' title="bbox 2073 4276 3726 4351">
    <p class='ocr_par' dir='ltr' id='par_1_87' title="bbox 2073 4276 3726 4351">
     <span class='ocr_line' id='line_1_87' title="bbox 2073 4276 3726 4351; baseline 0.004 -19"><span class='ocrx_word' id='word_1_645' title='bbox 2073 4276 2239 4333; x_wconf 86' lang='lat' dir='ltr'><strong>obiit.</strong></span> <span class='ocrx_word' id='word_1_646' title='bbox 2267 4276 2582 4348; x_wconf 87' lang='lat' dir='ltr'><strong>Imperavit</strong></span> <span class='ocrx_word' id='word_1_647' title='bbox 2601 4293 2735 4333; x_wconf 91' lang='lat' dir='ltr'>cum</span> <span class='ocrx_word' id='word_1_648' title='bbox 2759 4276 3043 4334; x_wconf 88' lang='lat' dir='ltr'><strong>Michaelo</strong></span> <span class='ocrx_word' id='word_1_649' title='bbox 3066 4296 3291 4335; x_wconf 89' lang='lat' dir='ltr'><strong>annum</strong></span> <span class='ocrx_word' id='word_1_650' title='bbox 3320 4297 3532 4351; x_wconf 87' lang='lat' dir='ltr'><strong>unum,</strong></span> <span class='ocrx_word' id='word_1_651' title='bbox 3565 4282 3726 4339; x_wconf 89' lang='lat' dir='ltr'><strong>solus</strong></span> 
     </span>
    </p>
   </div>
   <div class='ocr_carea' id='block_1_88' title="bbox 2073 4365 3721 4447">
    <p class='ocr_par' dir='ltr' id='par_1_88' title="bbox 2073 4365 3721 4447">
     <span class='ocr_line' id='line_1_88' title="bbox 2073 4365 3721 4447; baseline 0.004 -26"><span class='ocrx_word' id='word_1_652' title='bbox 2073 4365 2548 4438; x_wconf 86' lang='lat' dir='ltr'><strong>unumdeviginti</strong></span> <span class='ocrx_word' id='word_1_653' title='bbox 2581 4380 2771 4420; x_wconf 88' lang='lat' dir='ltr'><strong>annos</strong></span> <span class='ocrx_word' id='word_1_654' title='bbox 2828 4366 3148 4439; x_wconf 87' lang='lat' dir='ltr'><strong>imperium</strong></span> <span class='ocrx_word' id='word_1_655' title='bbox 3207 4369 3488 4441; x_wconf 75' lang='lat' dir='ltr'><strong>prarclare</strong></span> <span class='ocrx_word' id='word_1_656' title='bbox 3519 4373 3721 4447; x_wconf 81' lang='lat' dir='ltr'><strong>gessit.</strong></span> 
     </span>
    </p>
   </div>
   <div class='ocr_carea' id='block_1_89' title="bbox 2075 4453 3727 4530">
    <p class='ocr_par' dir='ltr' id='par_1_89' title="bbox 2075 4453 3727 4530">
     <span class='ocr_line' id='line_1_89' title="bbox 2075 4453 3727 4530; baseline 0.005 -19"><span class='ocrx_word' id='word_1_657' title='bbox 2075 4454 2371 4511; x_wconf 88' lang='lat' dir='ltr'><strong>Successit</strong></span> <span class='ocrx_word' id='word_1_658' title='bbox 2425 4454 2481 4509; x_wconf 91' lang='lat' dir='ltr'>ei</span> <span class='ocrx_word' id='word_1_659' title='bbox 2512 4454 2648 4522; x_wconf 89' lang='lat' dir='ltr'><strong>Leo,</strong></span> <span class='ocrx_word' id='word_1_660' title='bbox 2679 4453 2939 4512; x_wconf 78' lang='lat' dir='ltr'><strong>ﬁliorum</strong></span> <span class='ocrx_word' id='word_1_661' title='bbox 2998 4458 3385 4530; x_wconf 87' lang='lat' dir='ltr'><strong>superstitum</strong></span> <span class='ocrx_word' id='word_1_662' title='bbox 3432 4463 3727 4520; x_wconf 76' lang='lat' dir='ltr'><strong>maximus</strong></span> 
     </span>
    </p>
   </div>
   <div class='ocr_carea' id='block_1_90' title="bbox 2074 4548 2240 4599">
    <p class='ocr_par' dir='ltr' id='par_1_90' title="bbox 2074 4548 2240 4599">
     <span class='ocr_line' id='line_1_90' title="bbox 2074 4548 2240 4599; baseline 0 0"><span class='ocrx_word' id='word_1_663' title='bbox 2074 4548 2240 4599; x_wconf 87' lang='lat' dir='ltr'><strong>natu.</strong></span> 
     </span>
    </p>
   </div>
   <div class='ocr_carea' id='block_1_91' title="bbox 385 4712 1969 4800">
    <p class='ocr_par' dir='ltr' id='par_1_91' title="bbox 385 4721 1968 4800">
     <span class='ocr_line' id='line_1_91' title="bbox 385 4721 1968 4800; baseline -0.003 -18"><span class='ocrx_word' id='word_1_664' title='bbox 385 4724 473 4798; x_wconf 85' lang='lat' dir='ltr'>[P.</span> <span class='ocrx_word' id='word_1_665' title='bbox 504 4724 632 4798; x_wconf 83' lang='lat'>593]</span> <span class='ocrx_word' id='word_1_666' title='bbox 688 4725 836 4781; x_wconf 73' lang='grc' dir='ltr'>Δίων</span> <span class='ocrx_word' id='word_1_667' title='bbox 865 4723 921 4781; x_wconf 71' lang='grc' dir='ltr'>δὲ</span> <span class='ocrx_word' id='word_1_668' title='bbox 950 4730 1057 4782; x_wconf 79' lang='grc' dir='ltr'>τῶν</span> <span class='ocrx_word' id='word_1_669' title='bbox 1088 4724 1234 4783; x_wconf 77' lang='grc' dir='ltr'>ὅλων</span> <span class='ocrx_word' id='word_1_670' title='bbox 1264 4725 1553 4800; x_wconf 81' lang='grc' dir='ltr'>γενόμενος</span> <span class='ocrx_word' id='word_1_671' title='bbox 1609 4721 1820 4799; x_wconf 82' lang='grc' dir='ltr'>κύριος⁹</span> <span class='ocrx_word' id='word_1_672' title='bbox 1862 4725 1968 4778; x_wconf 80' lang='grc' dir='ltr'>τῶν</span> 
     </span>
    </p>
   </div>
   <div class='ocr_carea' id='block_1_92' title="bbox 2081 4712 3727 4800">
    <p class='ocr_par' dir='ltr' id='par_1_92' title="bbox 2154 4722 3727 4799">
     <span class='ocr_line' id='line_1_92' title="bbox 2154 4722 3727 4799; baseline 0.008 -21"><span class='ocrx_word' id='word_1_673' title='bbox 2154 4722 2265 4778; x_wconf 87' lang='lat' dir='ltr'><strong>Leo</strong></span> <span class='ocrx_word' id='word_1_674' title='bbox 2292 4737 2529 4779; x_wconf 88' lang='lat' dir='ltr'><strong>summa</strong></span> <span class='ocrx_word' id='word_1_675' title='bbox 2564 4739 2768 4780; x_wconf 89' lang='lat' dir='ltr'><strong>rerum</strong></span> <span class='ocrx_word' id='word_1_676' title='bbox 2807 4723 2883 4781; x_wconf 89' lang='lat' dir='ltr'>ad</span> <span class='ocrx_word' id='word_1_677' title='bbox 2940 4743 3003 4782; x_wconf 90' lang='lat' dir='ltr'>se</span> <span class='ocrx_word' id='word_1_678' title='bbox 3035 4726 3329 4799; x_wconf 89' lang='lat' dir='ltr'><strong>devoluta,</strong></span> <span class='ocrx_word' id='word_1_679' title='bbox 3390 4730 3561 4786; x_wconf 88' lang='lat' dir='ltr'><strong>initio</strong></span> <span class='ocrx_word' id='word_1_680' title='bbox 3610 4746 3727 4789; x_wconf 74' lang='lat' dir='ltr'><strong>caa-</strong></span> 
     </span>
    </p>
   </div>
   <div class='ocr_carea' id='block_1_93' title="bbox 314 4808 1959 4888">
    <p class='ocr_par' dir='ltr' id='par_1_93' title="bbox 314 4808 1959 4888">
     <span class='ocr_line' id='line_1_93' title="bbox 314 4808 1959 4888; baseline -0.001 -19"><span class='ocrx_word' id='word_1_681' title='bbox 314 4808 506 4869; x_wconf 79' lang='grc' dir='ltr'>ἄλλων</span> <span class='ocrx_word' id='word_1_682' title='bbox 536 4815 646 4868; x_wconf 80' lang='grc' dir='ltr'>τῶν</span> <span class='ocrx_word' id='word_1_683' title='bbox 708 4808 1181 4887; x_wconf 66' lang='grc' dir='ltr'>συμϐαλλομένων</span> <span class='ocrx_word' id='word_1_684' title='bbox 1215 4818 1297 4888; x_wconf 76' lang='grc' dir='ltr'>τῷ</span> <span class='ocrx_word' id='word_1_685' title='bbox 1341 4811 1709 4885; x_wconf 84' lang='grc' dir='ltr'>πολιτεύματι</span> <span class='ocrx_word' id='word_1_686' title='bbox 1737 4810 1896 4887; x_wconf 83' lang='grc' dir='ltr'>ὀλίγα</span> <span class='ocrx_word' id='word_1_687' title='bbox 1922 4811 1959 4881; x_wconf 76' lang='grc' dir='ltr'><strong>ἢ</strong></span> 
     </span>
    </p>
   </div>
   <div class='ocr_carea' id='block_1_94' title="bbox 313 4899 1962 4980">
    <p class='ocr_par' dir='ltr' id='par_1_94' title="bbox 313 4899 1962 4980">
     <span class='ocr_line' id='line_1_94' title="bbox 313 4899 1962 4980; baseline -0.001 -22"><span class='ocrx_word' id='word_1_688' title='bbox 313 4902 379 4958; x_wconf 82' lang='grc' dir='ltr'>τὸ</span> <span class='ocrx_word' id='word_1_689' title='bbox 411 4902 663 4977; x_wconf 67' lang='grc' dir='ltr'>παράπαν</span> <span class='ocrx_word' id='word_1_690' title='bbox 707 4903 785 4976; x_wconf 72' lang='grc' dir='ltr'>μὴ</span> <span class='ocrx_word' id='word_1_691' title='bbox 843 4903 1153 4980; x_wconf 82' lang='grc' dir='ltr'>φροντίσας,</span> <span class='ocrx_word' id='word_1_692' title='bbox 1206 4906 1291 4976; x_wconf 76' lang='grc' dir='ltr'>τῷ</span> <span class='ocrx_word' id='word_1_693' title='bbox 1344 4907 1505 4978; x_wconf 76' lang='grc' dir='ltr'>θυμῷ</span> <span class='ocrx_word' id='word_1_694' title='bbox 1560 4899 1618 4959; x_wconf 73' lang='grc' dir='ltr'>δὲ</span> <span class='ocrx_word' id='word_1_695' title='bbox 1675 4900 1962 4977; x_wconf 74' lang='grc' dir='ltr'>σφαδάζων</span> 
     </span>
    </p>
   </div>
   <div class='ocr_carea' id='block_1_95' title="bbox 314 4987 1961 5067">
    <p class='ocr_par' dir='ltr' id='par_1_95' title="bbox 314 4987 1961 5067">
     <span class='ocr_line' id='line_1_95' title="bbox 314 4987 1961 5067; baseline -0.001 -20"><span class='ocrx_word' id='word_1_696' title='bbox 314 4990 408 5047; x_wconf 79' lang='grc' dir='ltr'>καὶ</span> <span class='ocrx_word' id='word_1_697' title='bbox 435 4992 537 5060; x_wconf 70' lang='grc' dir='ltr'>τὴν</span> <span class='ocrx_word' id='word_1_698' title='bbox 568 4992 715 5067; x_wconf 81' lang='grc' dir='ltr'>παρᾶ</span> <span class='ocrx_word' id='word_1_699' title='bbox 762 4994 860 5049; x_wconf 74' lang='grc' dir='ltr'>τοῦ</span> <span class='ocrx_word' id='word_1_700' title='bbox 920 4987 1339 5064; x_wconf 77' lang='grc' dir='ltr'>Σανδαϐαρηνοῦ</span> <span class='ocrx_word' id='word_1_701' title='bbox 1394 4993 1511 5048; x_wconf 84' lang='grc' dir='ltr'>κατ’</span> <span class='ocrx_word' id='word_1_702' title='bbox 1545 4993 1716 5048; x_wconf 74' lang='grc' dir='ltr'>αὐτοῦ</span> <span class='ocrx_word' id='word_1_703' title='bbox 1773 4995 1961 5046; x_wconf 79' lang='grc' dir='ltr'>συστᾶ-</span> 
     </span>
    </p>
   </div>
   <div class='ocr_carea' id='block_1_96' title="bbox 316 5074 1963 5157">
    <p class='ocr_par' dir='ltr' id='par_1_96' title="bbox 316 5074 1963 5157">
     <span class='ocr_line' id='line_1_96' title="bbox 316 5074 1963 5157; baseline 0 -21"><span class='ocrx_word' id='word_1_704' title='bbox 316 5100 412 5136; x_wconf 88' lang='grc' dir='ltr'>σαν</span> <span class='ocrx_word' id='word_1_705' title='bbox 480 5079 777 5153; x_wconf 72' lang='grc' dir='ltr'>σκευωρίαν</span> <span class='ocrx_word' id='word_1_706' title='bbox 861 5075 1088 5137; x_wconf 80' lang='grc' dir='ltr'>ἔναυλον</span> <span class='ocrx_word' id='word_1_707' title='bbox 1169 5074 1339 5157; x_wconf 82' lang='grc' dir='ltr'>ἔχων,</span> <span class='ocrx_word' id='word_1_708' title='bbox 1400 5080 1557 5147; x_wconf 76' lang='grc' dir='ltr'>εὐθὺς</span> <span class='ocrx_word' id='word_1_709' title='bbox 1614 5078 1963 5151; x_wconf 80' lang='grc' dir='ltr'>διαναστῆναι</span> 
     </span>
    </p>
   </div>
   <div class='ocr_carea' id='block_1_97' title="bbox 318 5165 1965 5246">
    <p class='ocr_par' dir='ltr' id='par_1_97' title="bbox 318 5165 1965 5246">
     <span class='ocr_line' id='line_1_97' title="bbox 318 5165 1965 5246; baseline 0 -21"><span class='ocrx_word' id='word_1_710' title='bbox 318 5165 495 5242; x_wconf 78' lang='grc' dir='ltr'>ἔκρινε</span> <span class='ocrx_word' id='word_1_711' title='bbox 548 5169 688 5245; x_wconf 81' lang='grc' dir='ltr'>πρὸς</span> <span class='ocrx_word' id='word_1_712' title='bbox 737 5166 1041 5241; x_wconf 72' lang='grc' dir='ltr'>ἰκδίκησιν,</span> <span class='ocrx_word' id='word_1_713' title='bbox 1097 5170 1683 5246; x_wconf 87' lang='grc' dir='ltr'>προκαταστησάμενος</span> <span class='ocrx_word' id='word_1_714' title='bbox 1741 5168 1965 5245; x_wconf 75' lang='grc' dir='ltr'>εὐλογο-</span> 
     </span>
    </p>
   </div>
   <div class='ocr_carea' id='block_1_98' title="bbox 316 5253 1968 5336">
    <p class='ocr_par' dir='ltr' id='par_1_98' title="bbox 316 5253 1968 5336">
     <span class='ocr_line' id='line_1_98' title="bbox 316 5253 1968 5336; baseline 0.001 -23"><span class='ocrx_word' id='word_1_715' title='bbox 316 5262 503 5334; x_wconf 81' lang='grc' dir='ltr'>φανεῖς</span> <span class='ocrx_word' id='word_1_716' title='bbox 556 5257 735 5321; x_wconf 71' lang='grc' dir='ltr'>αἰτίας</span> <span class='ocrx_word' id='word_1_717' title='bbox 762 5301 778 5329; x_wconf 95' lang='grc'>,</span> <span class='ocrx_word' id='word_1_718' title='bbox 841 5258 917 5321; x_wconf 89' lang='grc' dir='ltr'>ὡς</span> <span class='ocrx_word' id='word_1_719' title='bbox 974 5256 1035 5314; x_wconf 76' lang='grc' dir='ltr'>ἂν</span> <span class='ocrx_word' id='word_1_720' title='bbox 1093 5253 1263 5329; x_wconf 82' lang='grc' dir='ltr'>δόξειε</span> <span class='ocrx_word' id='word_1_721' title='bbox 1322 5259 1392 5314; x_wconf 73' lang='grc' dir='ltr'>τὰ</span> <span class='ocrx_word' id='word_1_722' title='bbox 1444 5259 1791 5336; x_wconf 88' lang='grc' dir='ltr'>πραττόμενα</span> <span class='ocrx_word' id='word_1_723' title='bbox 1849 5261 1968 5334; x_wconf 78' lang='grc' dir='ltr'>μετ’</span> 
     </span>
    </p>
   </div>
   <div class='ocr_carea' id='block_1_99' title="bbox 323 5343 1966 5426">
    <p class='ocr_par' dir='ltr' id='par_1_99' title="bbox 323 5343 1966 5426">
     <span class='ocr_line' id='line_1_99' title="bbox 323 5343 1966 5426; baseline 0.001 -23"><span class='ocrx_word' id='word_1_724' title='bbox 323 5343 554 5421; x_wconf 74' lang='grc' dir='ltr'>εὒλόγου</span> <span class='ocrx_word' id='word_1_725' title='bbox 606 5347 930 5421; x_wconf 81' lang='grc' dir='ltr'>πράττεσθαι</span> <span class='ocrx_word' id='word_1_726' title='bbox 978 5345 1235 5426; x_wconf 77' lang='grc' dir='ltr'>ἀφορμῆς</span> <span class='ocrx_word' id='word_1_727' title='bbox 1269 5390 1285 5417; x_wconf 89' lang='grc'>,</span> <span class='ocrx_word' id='word_1_728' title='bbox 1339 5347 1430 5403; x_wconf 83' lang='grc' dir='ltr'>καὶ</span> <span class='ocrx_word' id='word_1_729' title='bbox 1499 5349 1567 5404; x_wconf 69' lang='grc' dir='ltr'>τὰ</span> <span class='ocrx_word' id='word_1_730' title='bbox 1621 5345 1859 5423; x_wconf 72' lang='grc' dir='ltr'>ἰμπόδια</span> <span class='ocrx_word' id='word_1_731' title='bbox 1906 5346 1966 5403; x_wconf 68' lang='grc' dir='ltr'>ἑκ</span> 
     </span>
    </p>
   </div>
   <div class='ocr_carea' id='block_1_100' title="bbox 315 5433 1961 5515">
    <p class='ocr_par' dir='ltr' id='par_1_100' title="bbox 315 5433 1961 5515">
     <span class='ocr_line' id='line_1_100' title="bbox 315 5433 1961 5515; baseline 0.001 -23"><span class='ocrx_word' id='word_1_732' title='bbox 315 5433 483 5513; x_wconf 65' lang='grc' dir='ltr'>μέσου</span> <span class='ocrx_word' id='word_1_733' title='bbox 513 5439 806 5514; x_wconf 85' lang='grc' dir='ltr'>περιελὼν.</span> <span class='ocrx_word' id='word_1_734' title='bbox 848 5435 1028 5500; x_wconf 79' lang='grc' dir='ltr'>Εἰδὼς</span> <span class='ocrx_word' id='word_1_735' title='bbox 1076 5437 1178 5515; x_wconf 72' lang='grc' dir='ltr'>γάρ</span> <span class='ocrx_word' id='word_1_736' title='bbox 1227 5438 1301 5501; x_wconf 87' lang='grc' dir='ltr'>ὡς</span> <span class='ocrx_word' id='word_1_737' title='bbox 1340 5439 1441 5494; x_wconf 84' lang='grc' dir='ltr'>ούκ</span> <span class='ocrx_word' id='word_1_738' title='bbox 1484 5437 1547 5496; x_wconf 78' lang='grc' dir='ltr'>ἄν</span> <span class='ocrx_word' id='word_1_739' title='bbox 1595 5461 1647 5497; x_wconf 87' lang='grc' dir='ltr'>τι</span> <span class='ocrx_word' id='word_1_740' title='bbox 1709 5437 1961 5509; x_wconf 83' lang='grc' dir='ltr'>δυνηθείη</span> 
     </span>
    </p>
   </div>
   <div class='ocr_carea' id='block_1_101' title="bbox 313 5522 1963 5606">
    <p class='ocr_par' dir='ltr' id='par_1_101' title="bbox 313 5522 1963 5606">
     <span class='ocr_line' id='line_1_101' title="bbox 313 5522 1963 5606; baseline 0.001 -25"><span class='ocrx_word' id='word_1_741' title='bbox 313 5522 523 5606; x_wconf 82' lang='grc' dir='ltr'>φαῦλον</span> <span class='ocrx_word' id='word_1_742' title='bbox 571 5524 866 5598; x_wconf 73' lang='grc' dir='ltr'>ἑνείξασθαι</span> <span class='ocrx_word' id='word_1_743' title='bbox 920 5525 1059 5582; x_wconf 83' lang='grc' dir='ltr'>κατᾶ</span> <span class='ocrx_word' id='word_1_744' title='bbox 1106 5529 1204 5581; x_wconf 80' lang='grc' dir='ltr'>τοῦ</span> <span class='ocrx_word' id='word_1_745' title='bbox 1262 5522 1704 5603; x_wconf 78' lang='grc' dir='ltr'>Σανδαϐαρηνοῦ,</span> <span class='ocrx_word' id='word_1_746' title='bbox 1745 5527 1963 5585; x_wconf 77' lang='grc' dir='ltr'>Φωτίου</span> 
     </span>
    </p>
   </div>
   <div class='ocr_carea' id='block_1_102' title="bbox 307 5613 1964 5695">
    <p class='ocr_par' dir='ltr' id='par_1_102' title="bbox 307 5613 1964 5695">
     <span class='ocr_line' id='line_1_102' title="bbox 307 5613 1964 5695; baseline 0 -22"><span class='ocrx_word' id='word_1_747' title='bbox 307 5614 403 5673; x_wconf 83' lang='grc' dir='ltr'>τὸν</span> <span class='ocrx_word' id='word_1_748' title='bbox 459 5614 862 5695; x_wconf 82' lang='grc' dir='ltr'>πατριαρχικὸν</span> <span class='ocrx_word' id='word_1_749' title='bbox 920 5613 1198 5680; x_wconf 79' lang='grc' dir='ltr'>ίθύνοντος</span> <span class='ocrx_word' id='word_1_750' title='bbox 1267 5616 1482 5694; x_wconf 88' lang='grc' dir='ltr'>θρόνον.</span> <span class='ocrx_word' id='word_1_751' title='bbox 1537 5619 1964 5695; x_wconf 79' lang='grc' dir='ltr'>(Προστήσεσθαι</span> 
     </span>
    </p>
   </div>
   <div class='ocr_carea' id='block_1_103' title="bbox 2069 4811 3722 4889">
    <p class='ocr_par' dir='ltr' id='par_1_103' title="bbox 2069 4811 3722 4889">
     <span class='ocr_line' id='line_1_103' title="bbox 2069 4811 3722 4889; baseline 0.005 -22"><span class='ocrx_word' id='word_1_752' title='bbox 2069 4816 2333 4868; x_wconf 79' lang='lat' dir='ltr'><strong>terarum</strong></span> <span class='ocrx_word' id='word_1_753' title='bbox 2364 4828 2496 4885; x_wconf 81' lang='lat' dir='ltr'><strong>quae</strong></span> <span class='ocrx_word' id='word_1_754' title='bbox 2526 4811 2601 4869; x_wconf 88' lang='lat' dir='ltr'>ad</span> <span class='ocrx_word' id='word_1_755' title='bbox 2645 4830 2773 4870; x_wconf 90' lang='lat' dir='ltr'>rem</span> <span class='ocrx_word' id='word_1_756' title='bbox 2827 4815 3127 4888; x_wconf 83' lang='lat' dir='ltr'><strong>publicam</strong></span> <span class='ocrx_word' id='word_1_757' title='bbox 3186 4818 3568 4889; x_wconf 86' lang='lat' dir='ltr'><strong>pertinebant</strong></span> <span class='ocrx_word' id='word_1_758' title='bbox 3618 4824 3722 4877; x_wconf 89' lang='lat' dir='ltr'>aut</span> 
     </span>
    </p>
   </div>
   <div class='ocr_carea' id='block_1_104' title="bbox 2076 4898 3737 4976">
    <p class='ocr_par' dir='ltr' id='par_1_104' title="bbox 2076 4898 3737 4976">
     <span class='ocr_line' id='line_1_104' title="bbox 2076 4898 3737 4976; baseline 0.005 -23"><span class='ocrx_word' id='word_1_759' title='bbox 2076 4898 2345 4970; x_wconf 80' lang='lat' dir='ltr'><strong>exiguam</strong></span> <span class='ocrx_word' id='word_1_760' title='bbox 2379 4902 2481 4955; x_wconf 88' lang='lat' dir='ltr'>aut</span> <span class='ocrx_word' id='word_1_761' title='bbox 2532 4898 2760 4956; x_wconf 88' lang='lat' dir='ltr'><strong>nullam</strong></span> <span class='ocrx_word' id='word_1_762' title='bbox 2817 4917 3022 4957; x_wconf 87' lang='lat' dir='ltr'><strong>curam</strong></span> <span class='ocrx_word' id='word_1_763' title='bbox 3072 4903 3274 4974; x_wconf 84' lang='lat' dir='ltr'><strong>gessit,</strong></span> <span class='ocrx_word' id='word_1_764' title='bbox 3334 4903 3437 4959; x_wconf 90' lang='lat' dir='ltr'>sed</span> <span class='ocrx_word' id='word_1_765' title='bbox 3482 4920 3604 4976; x_wconf 67' lang='lat' dir='ltr'><strong>pra:</strong></span> <span class='ocrx_word' id='word_1_766' title='bbox 3638 4905 3737 4963; x_wconf 90' lang='lat' dir='ltr'><strong>ira&#39;</strong></span> 
     </span>
    </p>
   </div>
   <div class='ocr_carea' id='block_1_105' title="bbox 2076 4987 3724 5060">
    <p class='ocr_par' dir='ltr' id='par_1_105' title="bbox 2076 4987 3724 5060">
     <span class='ocr_line' id='line_1_105' title="bbox 2076 4987 3724 5060; baseline 0.003 -16"><span class='ocrx_word' id='word_1_767' title='bbox 2076 4987 2446 5044; x_wconf 89' lang='lat' dir='ltr'><strong>tumultuans</strong></span> <span class='ocrx_word' id='word_1_768' title='bbox 2478 4987 2844 5060; x_wconf 89' lang='lat' dir='ltr'><strong>insidiasque</strong></span> <span class='ocrx_word' id='word_1_769' title='bbox 2875 4989 2938 5045; x_wconf 88' lang='lat' dir='ltr'>in</span> <span class='ocrx_word' id='word_1_770' title='bbox 2968 5004 3030 5045; x_wconf 88' lang='lat' dir='ltr'>se</span> <span class='ocrx_word' id='word_1_771' title='bbox 3060 4989 3464 5049; x_wconf 86' lang='lat' dir='ltr'><strong>Sandabareni</strong></span> <span class='ocrx_word' id='word_1_772' title='bbox 3498 4993 3724 5050; x_wconf 90' lang='lat' dir='ltr'><strong>recenti</strong></span> 
     </span>
    </p>
   </div>
   <div class='ocr_carea' id='block_1_106' title="bbox 2077 5076 3720 5156">
    <p class='ocr_par' dir='ltr' id='par_1_106' title="bbox 2077 5076 3720 5156">
     <span class='ocr_line' id='line_1_106' title="bbox 2077 5076 3720 5156; baseline 0.004 -23"><span class='ocrx_word' id='word_1_773' title='bbox 2077 5077 2367 5135; x_wconf 88' lang='lat' dir='ltr'><strong>memoria</strong></span> <span class='ocrx_word' id='word_1_774' title='bbox 2396 5076 2595 5134; x_wconf 87' lang='lat' dir='ltr'><strong>animo</strong></span> <span class='ocrx_word' id='word_1_775' title='bbox 2635 5077 2955 5134; x_wconf 81' lang='lat' dir='ltr'><strong>observans</strong></span> <span class='ocrx_word' id='word_1_776' title='bbox 3013 5079 3215 5135; x_wconf 86' lang='lat' dir='ltr'><strong>statim</strong></span> <span class='ocrx_word' id='word_1_777' title='bbox 3266 5079 3339 5137; x_wconf 89' lang='lat' dir='ltr'>ad</span> <span class='ocrx_word' id='word_1_778' title='bbox 3398 5082 3720 5156; x_wconf 82' lang='lat' dir='ltr'><strong>exigendas</strong></span> 
     </span>
    </p>
   </div>
   <div class='ocr_carea' id='block_1_107' title="bbox 2075 5166 3724 5243">
    <p class='ocr_par' dir='ltr' id='par_1_107' title="bbox 2075 5166 3724 5243">
     <span class='ocr_line' id='line_1_107' title="bbox 2075 5166 3724 5243; baseline 0.004 -20"><span class='ocrx_word' id='word_1_779' title='bbox 2075 5166 2147 5224; x_wconf 91' lang='lat' dir='ltr'>de</span> <span class='ocrx_word' id='word_1_780' title='bbox 2179 5183 2249 5223; x_wconf 95' lang='lat' dir='ltr'>eo</span> <span class='ocrx_word' id='word_1_781' title='bbox 2279 5183 2486 5239; x_wconf 75' lang='lat' dir='ltr'><strong>pmnas</strong></span> <span class='ocrx_word' id='word_1_782' title='bbox 2506 5182 2569 5221; x_wconf 90' lang='lat' dir='ltr'>se</span> <span class='ocrx_word' id='word_1_783' title='bbox 2627 5166 2905 5235; x_wconf 84' lang='lat' dir='ltr'><strong>accinxit,</strong></span> <span class='ocrx_word' id='word_1_784' title='bbox 2935 5183 3141 5224; x_wconf 86' lang='lat' dir='ltr'><strong>causas</strong></span> <span class='ocrx_word' id='word_1_785' title='bbox 3188 5168 3251 5226; x_wconf 90' lang='lat' dir='ltr'>in</span> <span class='ocrx_word' id='word_1_786' title='bbox 3308 5171 3568 5243; x_wconf 86' lang='lat' dir='ltr'><strong>speciem</strong></span> <span class='ocrx_word' id='word_1_787' title='bbox 3616 5172 3724 5229; x_wconf 83' lang='lat' dir='ltr'>ho-</span> 
     </span>
    </p>
   </div>
   <div class='ocr_carea' id='block_1_108' title="bbox 2074 5253 3718 5333">
    <p class='ocr_par' dir='ltr' id='par_1_108' title="bbox 2074 5253 3718 5333">
     <span class='ocr_line' id='line_1_108' title="bbox 2074 5253 3718 5333; baseline 0.004 -21"><span class='ocrx_word' id='word_1_788' title='bbox 2074 5264 2273 5314; x_wconf 88' lang='lat' dir='ltr'><strong>nestas</strong></span> <span class='ocrx_word' id='word_1_789' title='bbox 2303 5271 2372 5310; x_wconf 87' lang='lat' dir='ltr'>ac</span> <span class='ocrx_word' id='word_1_790' title='bbox 2394 5253 2735 5324; x_wconf 88' lang='lat' dir='ltr'><strong>probabiles</strong></span> <span class='ocrx_word' id='word_1_791' title='bbox 2750 5261 3102 5326; x_wconf 67' lang='lat' dir='ltr'><strong>prmtexens,</strong></span> <span class='ocrx_word' id='word_1_792' title='bbox 3134 5264 3202 5315; x_wconf 91' lang='lat' dir='ltr'>ut</span> <span class='ocrx_word' id='word_1_793' title='bbox 3228 5276 3361 5330; x_wconf 77' lang='lat' dir='ltr'><strong>quae</strong></span> <span class='ocrx_word' id='word_1_794' title='bbox 3390 5259 3718 5333; x_wconf 85' lang='lat' dir='ltr'><strong>agebantur</strong></span> 
     </span>
    </p>
   </div>
   <div class='ocr_carea' id='block_1_109' title="bbox 2074 5343 3727 5422">
    <p class='ocr_par' dir='ltr' id='par_1_109' title="bbox 2074 5343 3727 5422">
     <span class='ocr_line' id='line_1_109' title="bbox 2074 5343 3727 5422; baseline 0.003 -20"><span class='ocrx_word' id='word_1_795' title='bbox 2074 5346 2275 5402; x_wconf 90' lang='lat' dir='ltr'><strong>omnia</strong></span> <span class='ocrx_word' id='word_1_796' title='bbox 2301 5343 2529 5399; x_wconf 91' lang='lat' dir='ltr'><strong>ratione</strong></span> <span class='ocrx_word' id='word_1_797' title='bbox 2559 5349 2723 5400; x_wconf 86' lang='lat' dir='ltr'><strong>recta</strong></span> <span class='ocrx_word' id='word_1_798' title='bbox 2762 5344 2892 5399; x_wconf 83' lang='lat' dir='ltr'><strong>fieri</strong></span> <span class='ocrx_word' id='word_1_799' title='bbox 2950 5352 3322 5418; x_wconf 89' lang='lat' dir='ltr'><strong>putarentur,</strong></span> <span class='ocrx_word' id='word_1_800' title='bbox 3355 5354 3415 5404; x_wconf 93' lang='lat' dir='ltr'>et</span> <span class='ocrx_word' id='word_1_801' title='bbox 3471 5348 3727 5422; x_wconf 87' lang='lat' dir='ltr'><strong>impedi-</strong></span> 
     </span>
    </p>
   </div>
   <div class='ocr_carea' id='block_1_110' title="bbox 2075 5430 3728 5499">
    <p class='ocr_par' dir='ltr' id='par_1_110' title="bbox 2075 5430 3728 5499">
     <span class='ocr_line' id='line_1_110' title="bbox 2075 5430 3728 5499; baseline 0.004 -8"><span class='ocrx_word' id='word_1_802' title='bbox 2075 5440 2277 5492; x_wconf 89' lang='lat' dir='ltr'><strong>menta</strong></span> <span class='ocrx_word' id='word_1_803' title='bbox 2307 5430 2620 5487; x_wconf 88' lang='lat' dir='ltr'><strong>amoliens.</strong></span> <span class='ocrx_word' id='word_1_804' title='bbox 2654 5434 2854 5490; x_wconf 89' lang='lat' dir='ltr'><strong>Primo</strong></span> <span class='ocrx_word' id='word_1_805' title='bbox 2888 5436 3156 5491; x_wconf 90' lang='lat' dir='ltr'><strong>omnium</strong></span> <span class='ocrx_word' id='word_1_806' title='bbox 3201 5436 3274 5493; x_wconf 93' lang='lat' dir='ltr'>de</span> <span class='ocrx_word' id='word_1_807' title='bbox 3324 5438 3728 5499; x_wconf 90' lang='lat' dir='ltr'><strong>submovendo</strong></span> 
     </span>
    </p>
   </div>
   <div class='ocr_carea' id='block_1_111' title="bbox 2075 5520 3727 5601">
    <p class='ocr_par' dir='ltr' id='par_1_111' title="bbox 2075 5520 3727 5601">
     <span class='ocr_line' id='line_1_111' title="bbox 2075 5520 3727 5601; baseline 0.006 -23"><span class='ocrx_word' id='word_1_808' title='bbox 2075 5520 2286 5578; x_wconf 83' lang='lat' dir='ltr'><strong>Photio</strong></span> <span class='ocrx_word' id='word_1_809' title='bbox 2316 5520 2655 5593; x_wconf 86' lang='lat' dir='ltr'><strong>patriarcha</strong></span> <span class='ocrx_word' id='word_1_810' title='bbox 2697 5524 3039 5595; x_wconf 87' lang='lat' dir='ltr'><strong>cogitatum,</strong></span> <span class='ocrx_word' id='word_1_811' title='bbox 3082 5525 3242 5596; x_wconf 88' lang='lat' dir='ltr'><strong>quod</strong></span> <span class='ocrx_word' id='word_1_812' title='bbox 3271 5525 3384 5584; x_wconf 90' lang='lat' dir='ltr'>hoc</span> <span class='ocrx_word' id='word_1_813' title='bbox 3412 5529 3727 5601; x_wconf 79' lang='lat' dir='ltr'><strong>pontiﬁca-</strong></span> 
     </span>
    </p>
   </div>
   <div class='ocr_carea' id='block_1_112' title="bbox 2084 5609 3729 5677">
    <p class='ocr_par' dir='ltr' id='par_1_112' title="bbox 2084 5609 3729 5677">
     <span class='ocr_line' id='line_1_112' title="bbox 2084 5609 3729 5677; baseline 0.002 -7"><span class='ocrx_word' id='word_1_814' title='bbox 2084 5616 2211 5670; x_wconf 84' lang='lat' dir='ltr'>tum</span> <span class='ocrx_word' id='word_1_815' title='bbox 2242 5627 2415 5670; x_wconf 85' lang='lat' dir='ltr'><strong>suum</strong></span> <span class='ocrx_word' id='word_1_816' title='bbox 2436 5609 2743 5669; x_wconf 88' lang='lat' dir='ltr'><strong>obtinente</strong></span> <span class='ocrx_word' id='word_1_817' title='bbox 2763 5612 3013 5670; x_wconf 85' lang='lat' dir='ltr'><strong>sentiret</strong></span> <span class='ocrx_word' id='word_1_818' title='bbox 3032 5613 3449 5675; x_wconf 88' lang='lat' dir='ltr'><strong>Sandabareno</strong></span> <span class='ocrx_word' id='word_1_819' title='bbox 3480 5634 3544 5675; x_wconf 88' lang='lat' dir='ltr'>se</span> <span class='ocrx_word' id='word_1_820' title='bbox 3571 5619 3729 5677; x_wconf 87' lang='lat' dir='ltr'><strong>male</strong></span> 
     </span>
    </p>
   </div>
   <div class='ocr_carea' id='block_1_113' title="bbox 318 5696 1969 5786">
    <p class='ocr_par' dir='ltr' id='par_1_113' title="bbox 318 5696 1966 5786">
     <span class='ocr_line' id='line_1_113' title="bbox 318 5696 1966 5786; baseline 0.001 -22"><span class='ocrx_word' id='word_1_821' title='bbox 318 5700 429 5786; x_wconf 57' lang='lat' dir='ltr'><strong>73p</strong></span> <span class='ocrx_word' id='word_1_822' title='bbox 462 5703 631 5765; x_wconf 62' lang='lat' dir='ltr'><strong>eum</strong></span> <span class='ocrx_word' id='word_1_823' title='bbox 656 5702 1037 5784; x_wconf 64' lang='grc' dir='ltr'>γενναιότὶρον</span> <span class='ocrx_word' id='word_1_824' title='bbox 1062 5696 1154 5762; x_wconf 74' lang='grc' dir='ltr'>καὶ</span> <span class='ocrx_word' id='word_1_825' title='bbox 1220 5702 1612 5785; x_wconf 69' lang='grc' dir='ltr'>ἂντιληψὶσθαι</span> <span class='ocrx_word' id='word_1_826' title='bbox 1664 5706 1966 5766; x_wconf 72' lang='grc' dir='ltr'>ὖπϊτόπασε</span> 
     </span>
    </p>
   </div>
   <div class='ocr_carea' id='block_1_114' title="bbox 2081 5696 3728 5786">
    <p class='ocr_par' dir='ltr' id='par_1_114' title="bbox 2099 5701 3728 5778">
     <span class='ocr_line' id='line_1_114' title="bbox 2099 5701 3728 5778; baseline 0.004 -18"><span class='ocrx_word' id='word_1_827' title='bbox 2099 5701 2295 5760; x_wconf 76' lang='lat' dir='ltr'><strong>facere</strong></span> <span class='ocrx_word' id='word_1_828' title='bbox 2322 5712 2443 5760; x_wconf 80' lang='lat' dir='ltr'>non</span> <span class='ocrx_word' id='word_1_829' title='bbox 2472 5712 2855 5778; x_wconf 71' lang='lat' dir='ltr'><strong>posse,quem</strong></span> <span class='ocrx_word' id='word_1_830' title='bbox 2883 5715 2918 5760; x_wconf 76' lang='grc' dir='ltr'>ε</span> <span class='ocrx_word' id='word_1_831' title='bbox 2946 5702 3157 5762; x_wconf 81' lang='lat' dir='ltr'><strong>Photio</strong></span> <span class='ocrx_word' id='word_1_832' title='bbox 3177 5706 3728 5773; x_wconf 63' lang='lat' dir='ltr'><strong>aoﬁterﬁ‘efe&#39;nsum</strong></span> 
     </span>
    </p>
   </div>
  </div>
