4126 6220
401 330 555 397 11ιό

1759 324 2081 391 GEORGII
2122 324 2469 392 GEDRENI

3659 341 3821 405 HM

392 471 510 523 est.
536 464 705 522 Turci
737 463 980 520 victoria
1023 463 1192 535 potiti
1233 464 1306 520 ab
1358 463 1718 536 imperatore
1749 467 1959 537 petunt
1986 466 2053 518 ut

2189 462 2222 518 εὶ
2251 460 2466 539 περὶτό
2505 464 2810 539 στράτευμα
2862 468 2926 524 τὸ
2980 469 3108 546 περῖ
3145 473 3236 528 τὸν
3292 478 3488 530 Φωκᾶν
3546 481 3648 532 τοῦ
3708 485 3818 534 Συ-

402 555 685 626 Bulgaros
739 571 774 610 a
828 570 890 609 se
949 558 1151 624 captos
1206 557 1381 609 emat.
1430 554 1655 610 Annuit
1708 554 2053 625 imperator,

405 645 614 701 1056
670 643 945 713 civesque
1019 658 1158 698 suos
1230 648 1496 714 emptum
1570 644 1771 700 mittit.
1827 642 2064 697 Simeon

408 735 629 790 fractus
687 748 793 803 per
849 731 1233 811 drung‘arium
1293 733 1670 789 Eustathium
1727 746 1933 804 pacem
1990 729 2065 785 ab

409 824 769 895 imperatore
791 822 958 894 petit.
987 824 1043 878 Is
1065 839 1197 879 eam
1221 823 1555 880 concedens
1584 824 1834 879 Leonem
1858 837 2067 888 cogno-

410 912 571 969 mine
603 912 1148 981 Chrmrosphactam
1179 914 1525 982 (occisorem
1553 912 1715 985 porci
1748 911 1807 966 id
1839 910 2070 979 signifi-

412 1004 527 1074 cat)
557 1001 634 1057 ad
679 1001 1050 1058 conditiones
1092 1002 1257 1073 pacis
1301 1002 1525 1059 dandas
1573 1000 2067 1073 accipiendasque

411 1092 616 1160 mittit,
644 1092 905 1148 Phocam
938 1092 1276 1148 scholarum
1307 1092 1701 1148 domesticum
1731 1097 1789 1147 et
1818 1090 2070 1161 drunga-

411 1182 566 1238 rium
598 1196 731 1237 cum
763 1180 952 1251 copiis
989 1180 1231 1235 domum
1262 1179 1456 1236 redire
1499 1180 1674 1251 jubet
1726 1178 1964 1234 Simeon
1995 1174 2070 1231 ad

413 1289 478 1330 se
507 1270 842 1327 venientem
889 1270 1387 1343 Cboerosphacten
1429 1287 1503 1326 ne
1535 1270 1797 1341 alloquio
1828 1266 2069 1340 quidem

412 1362 688 1434 dignatus
719 1361 779 1415 in
827 1376 1126 1417 carcerem
1175 1360 1437 1433 conjicit.
1492 1360 1632 1416 lnde
1681 1374 1892 1431 magno
1935 1374 2070 1413 cum

414 1451 675 1507 exercitu
732 1450 794 1504 in
850 1451 1070 1506 Turcos
1128 1451 1283 1506 facta
1342 1449 1741 1523 expeditione,
1800 1464 1935 1504 cum
1996 1446 2070 1501 ob

413 1537 672 1594 subitam
721 1538 1204 1611 insperatamque
1255 1555 1381 1594 rem
1430 1538 1649 1594 auxilia
1700 1538 1784 1592 eis
1836 1536 2071 1592 mittere

415 1627 741 1699 imperator
770 1644 889 1683 non
924 1634 1143 1699 posset,
1170 1627 1232 1682 in
1262 1627 1458 1700 fugam
1494 1643 1593 1682 eos
1623 1625 1810 1699 pellit,
1844 1640 2076 1680 eorum-

417 1732 534 1788 que
571 1715 877 1789 regionem
910 1733 1147 1772 omnem
1182 1715 1579 1788 depraedatur.
1612 1722 1756 1771 Eam
1787 1713 1861 1769 ob
1890 1713 2072 1767 victo-

2171 553 2333 624 μεὼν,
2362 554 2415 608 οἱ
2456 558 2686 629 Τοῦρκοι
2740 561 3136 631 περαιωθέντες
3188 562 3283 617 τὸν
3341 566 3591 639 ποταμὸν
3641 574 3821 624 πᾶσαν

2165 642 2265 709 τὴν
2300 640 2643 721 Βουλγαρίαν
2700 643 3011 716 ἐληίσαντο.
3064 652 3231 727 Ὅπερ
3287 651 3364 715 ὡς
3422 655 3676 730 ἠγγέλθη
3737 662 3820 730 τῷ

2166 732 2419 804 Συμεὼν,
2448 734 2539 790 τὸν
2574 739 2771 790 Φωκᾶν
2801 738 2953 816 ἀφεὶς
3004 742 3140 796 κατὰ
3187 746 3297 797 τῶν
3354 742 3613 815 Τούσκων
3657 744 3825 823 ἐτρά-

2167 838 2319 878 πετο.
2352 820 2687 899 Γλιχόμενοι
2717 823 2775 880 δὲ
2830 827 2919 882 καὶ
2977 829 3131 885 αὐτοί
3189 830 3579 904 συμπλακῆναι
3637 820 3825 893 Βουλ-

2169 910 2382 998 γάροις,
2411 912 2796 986 περαιωθέντες
2862 918 2955 971 τὸν
2999 919 3211 994 Ἴστρον
3264 922 3482 985 τούτοις
3529 919 3823 998 προσϐαλ-

2172 996 2328 1054 λουσι
2357 1000 2447 1056 καὶ
2484 1006 2675 1058 νικῶσι
2725 1004 2861 1060 κατᾶ
2916 1006 3137 1082 κράτος,
3206 1006 3372 1081 μὸλις
3426 1015 3525 1067 τοῦ
3573 996 3821 1086 Συμεὼν

2170 1087 2224 1144 ὲν
2280 1088 2605 1166 Δοροστόλῳ
2656 1091 2941 1165 σωθέντος,
3000 1095 3032 1152 6'
3084 1096 3175 1153 καὶ
3265 1099 3462 1156 Δτνίστα
3541 1101 3818 1161 καλεῖται.

2172 1180 2258 1252 [Ρ.
2292 1181 2417 1253 597]
2458 1181 2795 1252 Νικήσαντες
2852 1185 2947 1239 οὗν
3015 1186 3068 1241 οἱ
3123 1189 3359 1265 Τοῦρκοι
3411 1188 3688 1266 ᾐτήσαντο
3726 1196 3824 1250 τὸν

2178 1266 2406 1345 βασιλέα
2431 1268 2559 1332 τοὺς
2590 1273 3017 1349 κατασχεθέντας
3055 1274 3144 1332 ὕπ’
3192 1275 3369 1333 αὐτῶν
3421 1278 3826 1357 αἰχμαλώτους

2175 1357 2510 1414 ώνίσασθαν
2565 1362 2704 1435 πρὸς
2761 1362 2791 1416 6'
2836 1363 2925 1418 καὶ
2982 1366 3305 1430 κατανεύσας
3391 1367 3517 1432 τοὺς
3587 1369 3827 1436 πολίτας

2174 1445 2542 1523 ἐξαπέστειλεν
2598 1451 2674 1512 εἰς
2751 1452 2852 1522 τήν
2906 1452 3116 1509 τούτων
3184 1454 3465 1530 έξώνησιν,
3534 1462 3832 1535 Θραυσθεὶς

2176 1535 2270 1592 οὖν
2303 1537 2333 1592 6
2366 1538 2591 1610 Συμεὼν
2642 1536 2731 1595 διὰ
2782 1544 2882 1597 τοῦ
2937 1538 3300 1621 δρουγγαρίου
3357 1547 3664 1605 Εὖσταθίου
3730 1552 3828 1607 τὸν

2180 1621 2409 1699 βασιλέα
2442 1623 2644 1681 ίκέτευε
2689 1628 2813 1702 περὶ
2867 1630 2966 1699 τῆς
3010 1629 3256 1703 εἰρήνης’
3306 1633 3442 1708 πρὸς
3496 1635 3562 1706 ἤν
3611 1637 3825 1713 ὑπεῖξεν

2178 1714 2207 1768 6
2241 1713 2521 1788 βασιλιὺς,
2560 1716 2651 1803 καὶ
2707 1716 2799 1771 τὸν
2859 1720 3277 1798 Χοιροσφάκτην
3341 1722 3547 1781 Λέοντα
3601 1722 3692 1782 ἐπὶ
3749 1733 3834 1803 τῷ

417 1806 569 1863 riam
598 1806 892 1863 ferociens
922 1807 997 1862 ad
1036 1807 1459 1879 imperatorem
1515 1804 1739 1869 scribit,
1773 1819 1836 1860 se
1870 1818 2073 1874 pacem

2189 1803 2513 1873 ποιήσασθαι
2570 1802 2912 1874 ἐξαπέστειλε
2964 1810 3062 1873 τας
3119 1809 3373 1882 σπονδὰς,
3435 1813 3527 1869 καὶ
3584 1815 3614 1870 6
3672 1802 3839 1891 δομέο

418 1912 545 1953 non
584 1896 880 1952 facturum
925 1897 1039 1950 nisi
1088 1897 1343 1968 receptis
1392 1895 1634 1967 captivis
1682 1893 1965 1965 Bulgaris.
2012 1891 2076 1947 Id

2189 1911 2370 1982 στικσς
2410 1897 2533 1982 τῶν
2590 1893 2815 1969 σχολῶν
2874 1898 2902 1952 6
2965 1903 3164 1963 Φωκᾶς
3236 1902 3325 1956 καὶ
3385 1903 3414 1958 6
3470 1898 3835 1982 δρουγγάριος

420 2003 654 2060 quoque
684 1987 1035 2042 admittente
1065 1987 1445 2058 imperatore,
1480 1985 1640 2042 venit
1668 2001 1800 2040 cum
1838 1984 2079 2039 Chaero-

421 2075 668 2147 sphacta
696 2076 1034 2131 Theodorus
1061 2075 1306 2145 quidam
1333 2075 1627 2131 Simeonis
1658 2072 1990 2141 familiaris,
2019 2077 2079 2128 et
2116 2083 2119 2086 ‘

421 2164 683 2235 captivos
714 2179 920 2218 omnes
950 2163 1228 2218 dimissos
1260 2163 1502 2218 domum
1536 2161 1794 2217 abducit.

2191 1981 2523 2057 ὑποστρέψαι
2562 1983 2696 2054 μετὰ
2722 1988 2821 2039 τοῦ
2860 1991 2998 2042 Ααοῦ
3048 1986 3443 2061 ἐκελεύσθησαν
3507 1993 3570 2051 Ὀ
3619 1991 3676 2049 δὲ
3715 1981 3836 2052 Συ-

2188 2069 2334 2141 μεὼν
2401 2068 2708 2135 ἀπελθόντα
2770 2075 2909 2148 πρὸς
2994 2076 3157 2133 αὐτὸν
3235 2079 3328 2134 τὸν
3411 2081 3831 2161 Χοιροσςράκτην

2185 2156 2386 2214 Λέοντα
2416 2157 2467 2213 έν
2512 2159 2701 2235 εἱρκτῇ
2749 2163 2999 2239 κατέσχε,
3054 2163 3197 2238 μηδὶ
3243 2166 3416 2244 λόγου
3458 2156 3834 2242 αυτὸν-ἀξιώ-

426 2269 542 2313 σας.
612 2249 1036 2324 Ἐκστρατεύσας
1092 2247 1150 2305 δὲ
1215 2251 1372 2325 βαρεῖ
1421 2253 1633 2324 στρατῷ
1689 2248 1826 2304 κατὰ
1877 2252 1983 2304 τῶν
2042 2246 2327 2323 Τουρκων,
2388 2249 2465 2322 μή
2525 2247 2844 2321 δυνηθέντος
2908 2257 3006 2309 τοῦ
3065 2255 3339 2331 βασιλέως
3403 2255 3496 2315 διὰ
3561 2260 3622 2316 τό
3696 2261 3825 2339 αἰφ-

418 2336 590 2396 νίδιόν
644 2358 703 2393 τε
760 2338 850 2394 καὶ
943 2336 1360 2413 ἀπροσδόκηο.›ν
1446 2340 1698 2415 βοήθειαν
1752 2339 1934 2400 αὐτοῖς
1987 2344 2309 2419 παρασχεῖν,
2361 2339 2560 2401 αὐτούς
2624 2361 2685 2397 τε
2749 2341 3008 2418 ἐτρέψατο
3091 2346 3182 2401 καὶ
3254 2347 3356 2417 τὴν
3414 2350 3604 2425 χώραν
3658 2336 3834 2408 πᾶσαν

418 2424 740 2502 κατέδραμε.
793 2432 1034 2503 Γαυριῶν
1095 2424 1142 2482 δ’
1202 2428 1290 2483 ἐπὶ
1345 2432 1414 2502 τῇ
1477 2427 1601 2503 νίκῃ
1655 2429 1746 2485 καὶ
1804 2427 2206 2508 φρυαττόμενος
2266 2426 2469 2507 ἔγραψε
2523 2430 2659 2503 πρὸς
2715 2431 2808 2487 τὸν
2864 2431 3093 2507 βασιλέα
3151 2437 3228 2509 μή
3282 2424 3546 2513 πρότερον
3603 2447 3835 2510 ποιῆσαι

421 2518 645 2592 εἰρήνην
704 2517 830 2591 πρὶν
891 2517 952 2572 ἄν
1008 2517 1390 2590 ἀπολήψεσθαι
1449 2520 1578 2582 τοὺς
1632 2518 2028 2594 αἰχμαλώτους
2085 2516 2454 2593 Βουλγαρους.

2536 2518 2811 2577 Ἐπένευσε
2889 2520 2948 2578 δὲ
3019 2525 3156 2599 πρὸς
3240 2531 3399 2583 τοῦτο
3458 2529 3486 2583 6
3551 2527 3835 2604 βασιλεῦς.

419 2609 618 2674 ’Ἦλθεν
646 2609 740 2664 οὗν
775 2608 910 2682 μετὰ
937 2613 1034 2663 τοῦ
1065 2609 1478 2688 Χοιροσφέκτου
1509 2606 1789 2684 Θεόδωρός
1818 2628 1904 2669 τις
1934 2607 2133 2670 οἰκεῖος
2163 2606 2238 2662 ὥν
2270 2613 2349 2680 τῷ
2380 2611 2628 2684 Συμεὼν,
2660 2612 2748 2666 καὶ
2780 2614 3105 2692 παρειλήφει
3142 2615 3365 2680 πάντας.

495 2701 664 2757 Circa
694 2701 803 2756 hoc
836 2706 1068 2772 tempus
1101 2702 1491 2772 Nicephorum
1519 2702 1772 2757 Phocam
1808 2699 2086 2755 domesti-

427 2806 584 2856 cum,
611 2790 957 2861 imperatori
985 2807 1319 2861 percarum,
1342 2791 1583 2846 Zautzas
1603 2806 1886 2863 generum
1911 2805 2083 2845 suum

429 2882 624 2937 facere
665 2880 927 2958 studuit;
978 2886 1035 2935 et
1065 2885 1461 2945 recusantem,
1495 2880 1655 2951 quod
1687 2885 1981 2936 metueret
2008 2896 2083 2935 ne

431 2987 501 3027 eo
560 2971 713 3027 facto
771 2971 1147 3042 imperatoris
1205 2971 1675 3044 indignationem
1732 2970 2082 3039 incurreret,

2269 2700 2511 2775 ’,Εξὸχως
2537 2698 2595 2756 δὶ
2622 2702 2713 2758 τὸν
2757 2700 3080 2778 δομέστικον
3126 2707 3444 2788 Νικηφόρον
3495 2710 3587 2765 τὸν
3638 2715 3840 2767 Φωκᾶν

2197 2787 2301 2843 ὑπὸ
2358 2793 2456 2844 τοῦ
2534 2790 2803 2866 βασιλέως
2877 2793 3241 2871 ἀγαπώμενον
3314 2798 3343 2851 ὁ
3421 2796 3843 2875 βασιλεοπάτωρ

2195 2882 2467 2949 Ζαουτζᾶς
2548 2876 2798 2957 γαμϐρὸν
2854 2881 3153 2955 ἐσπούδαζε
3208 2887 3456 2951 ποιῆσαι.
3514 2887 3841 2947 Ἀπαναινο-

2199 2969 2357 3041 μένου
2417 2966 2475 3024 δὶ
2533 2972 2668 3045 πρὸς
2721 2976 2885 3028 τοῦτο
2941 2973 3033 3029 καὶ
3091 2974 3257 3050 ὀργῆν
3326 2977 3721 3042 ὑποπτεύοντος
3780 2979 3845 3036 ἐκ

425 3060 612 3117 iratus
671 3060 921 3117 conficto
977 3060 1228 3116 crimine
1287 3077 1393 3117 sua
1449 3061 1753 3118 functione
1810 3060 2079 3127 detrusit,

2199 3058 2487 3148 βασιλέως,
2547 3061 2820 3133 θυμωθεῖς
2907 3063 2936 3118 6
3027 3065 3297 3135 Ζαουτζᾶς
3344 3067 3435 3123 καὶ
3493 3066 3665 3123 αἰτίαν
3720 3071 3843 3126 κατ’

412 3151 602 3223 eique
660 3150 894 3208 suffecit
948 3152 1263 3207 Catacalon
1338 3151 1643 3208 Abidelam
1710 3150 2075 3223 magistrum.

423 3241 790 3313 Nicephorus
841 3257 977 3297 cum
1028 3258 1150 3296 non
1200 3240 1301 3296 diu
1350 3240 1411 3296 in
1463 3241 1581 3296 otio
1632 3241 1896 3301 vixisset,
1948 3255 2082 3295 mox

419 3331 855 3387 Thracensibus
920 3330 1110 3385 I051
1176 3330 1520 3402 praeficitur.
1582 3328 1869 3385 Omnibus
1932 3344 2081 3399 quos

420 3420 603 3491 gessit
676 3420 1119 3491 magistratibus
1197 3418 1482 3488 prmclara
1541 3417 1728 3473 edidit
1794 3416 2079 3481 facinora,

423 3507 730 3576 multaque
776 3508 849 3561 de
905 3506 1191 3577 Agarenis
1241 3506 1448 3562 statuit
1504 3512 1565 3563 et
1618 3506 1752 3562 aliis
1806 3506 2082 3579 gentibus

422 3601 686 3668 trapaaa;
722 3602 783 3651 et
805 3595 1252 3669 provectissima
1280 3602 1450 3653 aetate
1483 3603 1754 3654 mortuus
1793 3604 1903 3667 est,
1934 3596 2080 3654 duo-

426 3685 537 3742 bus
567 3685 792 3743 relictis
823 3685 983 3753 filiis,
1018 3686 1206 3743 Barda
1238 3692 1296 3743 et
1324 3688 1537 3744 Leone.

497 3871 787 3926 Caeterum
818 3867 1142 3942 imperator
1168 3868 1527 3932 Simeonem,
1551 3868 1709 3939 quod
1730 3868 1781 3924 is
1811 3867 2084 3941 paciﬁca-

424 3962 648 4017 tionem
662 3961 1220 4030 abnueret,prorsus
1234 3957 1646 4014 debellandum
1657 3958 2085 4029 delendumque

2193 3144 2358 3204 αἱ)τοῦ
2407 3147 2581 3225 ῥίψας
2636 3150 2906 3223 παρέλυσε
2954 3156 3146 3208 τοῦτον
3199 3161 3299 3223 τῆς
3365 3155 3567 3232 ἀρχῆς,
3628 3153 3843 3234 προϐα-

2189 3235 2421 3309 λόμενος
2452 3238 2563 3293 ἀντ’
2607 3238 2773 3294 αὐτοῦ
2823 3240 3153 3298 Κατακαλὼν
3208 3245 3507 3320 μᾶγιστρον
3554 3252 3648 3303 τον
3691 3241 3844 3304 Ἀεί-

2189 3321 2386 3393 ὃηλαν.
2416 3326 2531 3382 Ἐπ’
2561 3324 2753 3402 ὀλίγον
2785 3325 2843 3383 δὲ
2873 3328 3155 3405 σχολάσας
3209 3334 3236 3386 ὁ
3287 3333 3601 3408 Νικηφόρος
3641 3354 3844 3409 στρατ-

2188 3414 2321 3485 ηγὸς
2376 3418 2484 3469 τῶν
2539 3415 2860 3489 Θρᾳκησίων
2933 3414 3327 3496 προϐάλλεται.
3415 3422 3724 3497 Ἀριστείας
3779 3420 3841 3480 δὶ

2187 3500 2405 3566 πολλὰς
2434 3503 2486 3559 ἐν
2513 3504 2710 3568 πάσαις
2755 3513 2876 3573 ταῖς
2923 3508 3088 3565 αὐτοῦ
3131 3510 3329 3586 ἀρχαῖς
3380 3508 3837 3587 διαπραξάμενος,

2186 3591 2494 3650 καὶπολλὰ
2546 3595 2682 3652 κατά
2735 3601 2844 3652 τῶν
2906 3600 3219 3675 Ἀγαρηνῶν
3277 3601 3366 3656 καὶ
3424 3598 3613 3657 ἄλλων
3669 3600 3836 3659 έονῶι

2190 3684 2392 3754 στήσας
2420 3684 2675 3759 τρόπαια,
2734 3685 2960 3759 τελευτᾷ
3015 3688 3108 3743 τὸν
3171 3688 3290 3766 βίον
3347 3689 3399 3745 έν
3454 3692 3598 3767 γήρᾳ
3654 3692 3835 3766 βαθεῖ,

2191 3770 2288 3828 δύο
2318 3771 2519 3835 παῖδας
2548 3772 2865 3831 καταλιπὼν
2902 3773 3110 3853 Βάρδαν
3142 3778 3231 3834 καὶ
3272 3778 3491 3837 Λέοντα.

2260 3864 2319 3917 Ὀ
2348 3860 2405 3919 δὲ
2439 3861 2715 3938 βασιλεὺς,
2777 3866 2853 3938 μὴ
2916 3865 3245 3937 θελήσαντος
3298 3873 3396 3926 τοῦ
3454 3864 3670 3943 Συμεὼν
3726 3868 3826 3935 τοὶς

2190 3949 2422 4014 σπονδὰς
2478 3949 2855 4029 ἐκπληρῶσαι,
2914 3954 3051 4032 ἔγνω
3102 3955 3210 4013 δεῖν
3294 3959 3456 4017 αὐτὸν
3528 3957 3833 4016 καταπολε-

425 4056 612 4121 ratus,
647 4049 901 4105 evocatis
923 4047 1313 4103 orientalibus
1345 4047 1702 4103 exercitibus
1728 4064 1795 4103 ac
1825 4047 2079 4103 cohorti-

2193 4048 2363 4112 μῆσθι
2420 4041 2509 4097 καὶ
2565 4041 2762 4117 τελείῳ
2815 4044 3108 4122 ἀφανισμῷ
3155 4046 3513 4124 παραδοῦναι.
3588 4048 3835 4126 Διορισᾶ-

429 4140 560 4208 bus,
593 4138 895 4196 adornatis
943 4138 1120 4192 etiam
1153 4136 1622 4193 occidentalibus
1652 4136 1890 4209 aliaque
1926 4136 2079 4193 haud

2194 4150 2355 4215 μενος
2382 4128 2560 4186 τοίνυν
2596 4131 2770 4186 πάντα
2824 4135 3194 4209 περαιωθῆναι
3251 4136 3318 4192 τὰ
3372 4142 3473 4207 τῆς
3531 4136 3838 4208 Ἀνατολῆς

428 4230 639 4301 exigua
667 4226 1051 4284 multitudine
1083 4241 1182 4280 eos
1205 4232 1409 4281 contra
1431 4226 1711 4299 Bulgaros
1734 4227 1918 4283 mittit
1937 4226 2079 4282 duce

2189 4220 2436 4297 τάγματά
2488 4243 2548 4278 τε
2602 4223 2692 4278 καὶ
2749 4226 2976 4299 θέματα,
3043 4228 3452 4304 παρασκευάσας
3508 4225 3568 4286 δὶ
3621 4230 3713 4286 καὶ
3765 4231 3836 4286 τα

428 4318 780 4375 Catacalone
804 4323 862 4372 et
882 4318 1096 4372 comite
1115 4315 1251 4371 huic
1269 4315 1468 4370 addito
1486 4316 1815 4372 Theodosio
1836 4315 2085 4389 patricio

427 4407 897 4479 protovestiario.
933 4406 1000 4460 Hi
1033 4404 1293 4460 Simeoni
1325 4405 1555 4462 obviam
1586 4406 1849 4479 profecto
1883 4423 2084 4463 occur-

2190 4315 2387 4369 Δυτικα
2415 4311 2506 4367 καὶ
2535 4310 2708 4369 ἄλλον
2757 4312 2858 4371 οὒκ
2913 4315 3099 4393 ὀλίγον
3160 4316 3317 4388 λαὸν,
3377 4316 3643 4393 ἐκπέμπει
3701 4319 3838 4376 κατὰ

2191 4405 2288 4457 τοῦ
2319 4399 2568 4474 Συμεὼν,
2609 4396 2837 4480 ἔξαρχον
2884 4404 3070 4469 αὐτοῖς
3118 4403 3410 4479 ἐπιστήσας
3453 4408 3545 4465 καὶ
3596 4408 3839 4484 ἡγεμόνα

429 4468 572 4552 runt
600 4496 754 4567 apud
804 4496 1308 4567 Bulgarophytum
1353 4468 1635 4567 iplantam
1671 4495 2079 4568 Bulgaricam),

2190 4492 2281 4547 τὸν
2317 4487 2637 4567 δομέστικον
2666 4497 2775 4549 τῶν
2809 4494 3033 4574 σχολῶν
3067 4493 3425 4569 Κατακαλὼν,
3467 4497 3839 4573 συνεπόμενον

432 4591 491 4642 et
520 4600 716 4659 pugna
745 4585 1063 4640 commissa
1091 4584 1411 4641 vincuntur
1430 4602 1643 4659 magna
1670 4602 1916 4642 suorum
1946 4601 2082 4641 cum

431 4676 622 4743 clade,
655 4675 784 4747 ipso
834 4676 1012 4731 etiam
1060 4677 1507 4747 protovestiario
1564 4677 1815 4750 turpiter
1843 4676 2083 4733 amisso.

429 4765 656 4826 Deinde
687 4781 822 4822 cum
870 4765 1195 4837 imperator
1240 4782 1361 4822 una
1411 4782 1546 4823 cum
1591 4768 1704 4823 Zoa
1752 4765 1814 4822 in
1863 4764 2085 4838 praedio

428 4864 631 4932 ageret
658 4856 815 4929 quod
843 4856 1113 4913 Damiani
1163 4862 1424 4922 vocatur,
1457 4863 1515 4913 et
1557 4857 1911 4914 domesticus
1951 4856 2087 4927 qui-

431 4946 681 5004 busdam
712 4945 847 5002 aliis
899 4946 1385 5019 conspirantibus
1432 4946 1485 5003 ei
1529 4946 1777 5002 insidias
1809 4949 2087 5004 strueret.

431 5038 541 5094 Zoe
573 5049 882 5093 murmura
920 5038 1367 5108 conjuratorum
1417 5035 1724 5092 inaudivit.
1759 5034 2085 5105 Statimque

432 5128 547 5185 Leo
600 5126 889 5181 excitatus
947 5141 1270 5180 conscenso
1322 5124 1556 5197 navigio
1605 5140 1641 5180 a
1696 5122 1979 5178 Fontibus
2025 5122 2085 5177 in

433 5217 720 5292 palatium
782 5215 1034 5285 traiecit.
1092 5216 1174 5269 Ac
1229 5216 1518 5270 Joannem
1576 5214 1818 5285 quidem
1872 5211 2088 5284 vigilia)

434 5307 842 5379 drungarium,
872 5304 1031 5378 quod
1062 5303 1134 5359 ab
1184 5319 1253 5359 eo
1287 5304 1671 5377 indiligenter
1706 5308 1862 5359 esset
1890 5307 2088 5359 custo-

435 5392 617 5460 ditus,
696 5396 823 5452 loco
892 5394 1119 5451 movit:
1197 5394 1466 5449 Zautzam
1535 5410 1670 5450 vero
1740 5389 2089 5466 aliquandiu

436 5489 738 5539 aversatus
798 5490 906 5551 est,
968 5485 1156 5540 donec
1210 5500 1312 5539 eos
1370 5482 1574 5541 1058
1636 5484 1748 5539 Leo
1812 5482 2095 5555 magister

440 5573 789 5645 cognomine
844 5573 1204 5643 Theodaces,
1249 5573 1486 5645 utrique
1544 5572 1793 5646 amicus,
1843 5573 1905 5629 in
1959 5587 2093 5646 gra-

438 5664 587 5723 tiam
610 5660 898 5734 reposuit.

2192 4577 2388 4660 ἔχοντα
2417 4580 2507 4636 καὶ
2546 4582 2636 4638 τὸν
2704 4583 2990 4657 πατρίκιου
3053 4582 3340 4643 Θεοδόσιον
3395 4586 3487 4643 καὶ
3544 4581 3842 4665 πρωτοόε-

2195 4671 2455 4747 στιάριον.
2519 4671 2839 4749 Ἐρχομένῳ
2893 4672 3075 4729 τοίνυν
3128 4679 3207 4748 τῷ
3261 4674 3488 4751 Συμεὼν
3548 4680 3846 4732 συναντῶσι

2193 4761 2328 4816 κατά
2356 4760 2419 4817 τό
2478 4761 2958 4839 Βουλγαρόφυγον,
3009 4762 3103 4819 καὶ
3168 4763 3421 4840 πολέμου
3474 4763 3844 4840 ςκρυτηθέντος

2196 4848 2480 4924 τρέπονται
2551 4850 2844 4924 Ῥωμαῖοι,
2922 4850 3013 4907 καὶ
3092 4850 3268 4909 πολὺς
3341 4851 3556 4929 ἆγένετο
3614 4851 3845 4932 φθόρος,

2196 4938 2449 4996 ἀπώλετο
2499 4935 2557 4995 δὶ
2609 4940 2700 4995 καὶ
2756 4938 2917 5004 αὐτὸς
2950 4941 2980 4996 6
3016 4938 3537 5019 πρωτοϐεστιάριος,
3598 4941 3847 5018 α’σχρῶς

2195 5034 2293 5086 τοῦ
2347 5026 2674 5103 δομεστίκου
2716 5030 2833 5103 μετ’
2876 5027 3081 5107 ὀλίγων
3139 5036 3299 5088 τινῶν
3349 5030 3401 5088 ἐν
3457 5036 3537 5106 τῷ
3595 5028 3846 5108 Βουλγα-

2200 5120 2423 5197 ροφῦγῳ
2452 5118 2862 5194 περισωθέντος.
2906 5118 3270 5186 ’Δπελθόντος
3315 5118 3373 5178 ὀὶ
3423 5126 3521 5178 του
3571 5119 3846 5200 βασιλέως

2197 5208 2249 5265 ἐν
2277 5215 2394 5269 τοῖς
2427 5208 2749 5283 λεγομένοις
2795 5208 2990 5285 ἀγροῖς
3034 5213 3132 5266 τοῦ
3178 5216 3453 5285 Δαμιανοῦ
3505 5211 3639 5285 μετὰ
3683 5217 3848 5283 Ζωῆς

2197 5305 2298 5369 τῆς
2327 5303 2424 5354 τοῦ
2455 5299 2712 5369 Ζαουτξᾶ,
2743 5300 2833 5354 καὶ
2902 5295 3055 5372 δόξαν
3113 5297 3261 5372 αὖτῷ
3322 5304 3502 5375 μεῖναι
3555 5298 3687 5372 iui,
3726 5299 3854 5356 ὀπι-

2198 5384 2408 5459 ϐουλήν
2486 5390 2879 5459 συνεστήσαντο
2961 5390 3079 5445 κατ’
3132 5392 3318 5467 ,αὐτοῦ
3377 5392 3408 5448 6
3456 5395 3555 5448 τοῦ
3608 5396 3859 5462 Ζαουτζί

2199 5478 2315 5541 υἱὸς
2349 5477 2518 5547 Λέων,
2552 5479 2925 5560 Χριστοφόρος
2957 5479 2986 5535 6
3014 5478 3288 5550 Τζαντζης
3328 5481 3419 5536 καί
3467 5501 3610 5545 τινες
3662 5478 3856 5539 ἁλλοι.

2196 5574 2311 5639 Τῆς
2339 5564 2398 5623 δὲ
2445 5572 2601 5639 Ζωῆς
2648 5569 2743 5629 τὸν
2794 5561 3032 5645 θόρυϐον
3079 5566 3457 5641 ἑνωτισθείσης
3507 5569 3536 5627 6
3595 5568 3862 5649 βασιλεὺς

2199 5655 2484 5730 διυπνίσθη
2544 5658 2630 5735 [Ρ.
2700 5659 2827 5735 598]
2882 5657 2975 5715 καί
3026 5656 3186 5725 εὐθὺς
3237 5658 3292 5716 ἐν
3346 5657 3532 5738 πλοίῳ
3588 5658 3854 5726 εἰσελθὼν
