4130 6218
311 341 490 404 (1149

1472 333 2021 404 HISTORIAHUM
2055 333 2624 410 WIUU.

3589 339 3747 406 Ηω

333 478 430 532 τοῦ
460 467 714 548 ἔμόωνος
746 467 933 547 ῥάϐδῳ
989 467 1194 547 παχείᾳ
1222 472 1312 526 καὶ
1344 470 1544 547 ἰσχυρᾷ
1573 468 1790 530 ’ἔπαισεν
1824 470 1983 529 αὐτὸν

2097 491 2287 550 eoque
2353 475 2473 532 ictu
2545 473 2980 547 imputatum
3055 476 3351 534 necasset.
3411 470 3524 528 nisi
3596 470 3754 528 inter

335 563 471 620 κατά
524 561 786 636 κεφαλῆς.
857 561 954 618 Καὶ
1011 559 1336 624 ἐθανάτωσεν
1385 558 1445 615 ἂν
1505 564 1764 638 παρευθυ,
1807 561 1851 618 εἷ
1907 563 1982 633 μὴ

334 657 397 709 τὸ
427 651 594 724 ἄκρον
650 659 748 722 τῆς
807 646 1012 727 ῥάϐδου
1066 655 1146 724 τῷ
1203 650 1536 724 α’·ωρημένῳ
1592 651 1785 728 λύχνῳ
1814 671 1987 723 προσ-

334 741 628 817 κεκρουκὸς
703 747 802 809 τῆς
889 739 1070 814 βιαίας
1158 740 1352 815 μικρὸν
1439 741 1699 815 ἀνεσχέθη
1759 745 1929 819 φορᾶς
1970 783 1984 804 ,

337 829 575 904 Α’ίματος
607 827 664 885 δὲ
695 827 933 906 σφοδροῦ
991 833 1051 885 ἐκ
1091 837 1192 897 τῆς
1222 833 1323 885 τοῦ
1357 827 1628 904 βασιλέως
1659 827 1986 904 καταρρέον-

331 943 425 984 τος
483 920 727 999 κεφαλῆς
788 921 1002 996 ταραχή
1054 940 1111 975 τε
1165 919 1256 974 καὶ
1331 920 1475 998 φυγὴ
1535 927 1644 975 τῶν
1695 919 1983 995 ἀρχόντων

329 1011 593 1088 ἐγένετο.
645 1006 1003 1079 Ἀλέξανδρος
1063 1008 1121 1064 δὲ
1175 1009 1202 1063 ὁ
1257 1013 1357 1063 τοῦ
1418 1005 1686 1083 βασιλέως
1748 1006 1982 1080 ἀδελφὸς

327 1099 482 1154 νόσον
521 1098 872 1172 σκηψάμενος
905 1097 971 1152 οὐ
1019 1103 1199 1172 παρῆν
1244 1096 1296 1150 ἐν
1343 1098 1412 1170 τῇ
1445 1093 1665 1168 εἶ’σόδῳ,
1696 1096 1785 1150 καὶ
1819 1093 1984 1150 δέδω-

328 1209 420 1244 γεν
455 1188 714 1243 ὑπόνοιαν
757 1191 874 1249 τοῖς
906 1183 1142 1245 πολλοῖς
1201 1187 1300 1254 τὴν
1359 1184 1618 1255 τοιαύτην
1678 1181 1981 1254 ἔπιϐουλῆν

330 1273 492 1335 αὑτὸς
552 1271 823 1348 συρράψαι
856 1313 871 1328 .
929 1272 991 1329 Ὀ
1031 1267 1088 1326 δὲ
1137 1270 1228 1326 τὸν
1285 1270 1512 1345 βασιλέα
1559 1269 1771 1340 πλήξας
1819 1289 1982 1324 κατα·

325 1364 540 1440 σχεθεὶς
610 1362 700 1417 καὶ
759 1361 974 1424 πολλάς
1025 1361 1323 1434 ὑπομείνας
1377 1361 1669 1436 βασάνους,
1719 1359 1831 1416 ἐπεὶ
1870 1383 1982 1432 μη-

329 1450 450 1508 δένα
534 1450 925 1526 καθωμολόγει
1004 1449 1313 1520 συνίστορα,
1397 1455 1591 1525 χεῖρας
1665 1449 1757 1504 καὶ
1814 1447 1984 1512 πόδας

329 1542 623 1618 ἐκτμηθεὶς
681 1541 734 1597 ἐν
789 1546 857 1615 τῇ
916 1545 1014 1596 τοῦ
1087 1541 1318 1598 ἱππικοῦ
1402 1539 1602 1611 ἐκαύθη
1661 1537 1983 1619 Σφενδονῃ.

329 1632 640 1708 Ἐσχόλασε
725 1629 771 1686 δ’
835 1625 1019 1687 ἔκτοτε
1073 1633 1165 1686 καὶ
1225 1633 1260 1700 ἡ
1329 1630 1552 1701 τοιαύτη
1607 1629 1931 1706 προέλευσις
1966 1673 1983 1698 ,

331 1719 428 1777 κᾶν
459 1723 487 1777 6
518 1722 834 1800 σοφώτατος
868 1721 1114 1796 μοναχὸς
1165 1720 1408 1790 Μάρκος,
1461 1719 1752 1795 οῗκονόμος
1783 1719 1856 1776 ὢν
1885 1728 1984 1790 τῆς

333 1811 595 1882 τοιαύτης
659 1817 850 1884 μονῆς,
906 1812 934 1865 6
978 1812 1040 1865 τὸ
1067 1807 1400 1882 τετραῴδιον
1454 1813 1566 1883 (26)
1611 1814 1708 1866 τοῦ
1740 1810 1982 1885 μεγάλου

334 1895 612 1956 σαϐϐάτου
669 1898 1074 1973 ἀναπληρώσας
1127 1903 1225 1954 τοῦ
1281 1904 1450 1975 κυροῦ
1511 1905 1741 1974 Κοσμά,
1796 1897 1986 1955 πολλὰ

335 1985 636 2058 κατεδεήθη
695 1992 792 2043 τοῦ
842 1987 1133 2063 βασιλέως.
1193 1986 1405 2045 Τούτου
1460 1988 1564 2065 γὰρ
1605 1985 1866 2061 δεομένου
1896 1988 1985 2043 καὶ

333 2081 432 2134 τοῦ
493 2075 764 2152 βασιλέως
843 2076 1275 2150 ἀπαναινομένου
1309 2121 1323 2148 ,
1384 2077 1546 2156 φησὶν
1597 2077 1625 2132 ὸ
1687 2077 1932 2152 μοναχός
1969 2119 1983 2132 .

335 2191 365 2219 ‹‹
399 2168 493 2234 Μὴ
539 2165 760 2241 όργθζου
824 2163 965 2240 μῆδὶ
1025 2165 1341 2242 χαλέπαινε,
1378 2168 1461 2239 [Ρ.
1496 2168 1622 2240 600]
1659 2170 1702 2220 ὦ
1737 2165 1981 2241 βασιλεῦ·

331 2253 827 2330 προγεγραμμένον
873 2256 977 2331 γὰρ
1034 2256 1102 2324 ἦν
1161 2262 1349 2320 παθεῖν
1409 2276 1466 2310 σε
1522 2255 1670 2328 παρά
1717 2259 1815 2310 τοῦ
1846 2275 1986 2328 προ-

333 2347 508 2423 φήτου
542 2340 728 2415 Δαϐἰδ,
763 2343 1069 2418 εἰρηκότος,
1098 2348 1237 2400 *Οσα
1289 2343 1688 2418 ἐπονηρεῦσατο
1720 2346 1748 2400 6
1781 2342 1980 2419 ἐχθρὸς

334 2431 386 2487 ἒν
446 2436 526 2503 τῷ
591 2431 728 2504 ἁγίῳ
781 2451 898 2500 σου,
952 2431 1041 2486 καὶ
1110 2431 1547 2506 ἐνεκαυχήσάντο
1588 2432 1640 2487 οἱ
1702 2434 1982 2506 μισοῦντές

335 2543 393 2578 σε
424 2521 476 2576 έν
513 2521 661 2595 μέσῳ
691 2527 791 2588 τῆς
831 2521 1023 2594 ἑορτῆς
1070 2522 1204 2576 σουί
1238 2526 1326 2576 Δεῖ
1356 2520 1448 2575 οὗν
1482 2542 1560 2590 σε,
1593 2519 1845 2592 δέσποτα,
1876 2521 1983 2578 ἀπὸ

330 2613 432 2667 τοῦ
460 2617 550 2667 νῦν
584 2611 667 2666 ἐπ’
696 2610 844 2667 ἄλλα
870 2607 996 2666 δέκα
1029 2604 1123 2682 ἔτη
1164 2617 1460 2686 κατασχεῖν
1492 2613 1590 2682 τὴν
1625 2610 1920 2686 βασιλείαν.
1955 2635 1981 2663 η

331 2704 403 2760 ’Ὀ
435 2699 502 2770 δὴ
535 2701 625 2757 καὶ
667 2703 902 2776 γέγονεν’
964 2699 1192 2756 ἀπέθανε
1251 2700 1356 2775 γὰρ
1403 2701 1539 2773 μετᾶ
1591 2699 1718 2756 δέκα
1746 2701 1981 2776 χρόνους

328 2793 447 2847 κατ’
486 2791 654 2859 αὐτὴν
681 2792 782 2859 τήν
810 2789 1019 2863 ἡμέραν
1051 2787 1102 2844 ἐν
1131 2787 1167 2863 ᾖ
1198 2789 1288 2843 καὶ
1319 2788 1560 2866 ἐπλήγη.

403 2879 653 2957 Ηγάγετο
696 2879 784 2933 καὶ
847 2878 1110 2950 τετάρτην
1169 2884 1399 2952 γυναῖκα
1458 2878 1606 2934 Λέων
1640 2881 1668 2935 6
1703 2879 1979 2956 βασιλεὺς,

331 2970 484 3038 Ζιυὴν
514 2970 613 3036 τήν
676 2961 1128 3040 Καρϐωνοψῖναν,
1179 2967 1302 3036 ἥτις
1357 2961 1486 3022 ἐϐίω
1517 2968 1720 3043 χρόνον
1778 2970 1978 3044 συχνὸν

337 3056 452 3129 μετ’
502 3055 667 3110 αὑτοῦ
716 3055 952 3133 ἀστεφής
1007 3058 1140 3126 (27).
1200 3058 1317 3110 Τῶν
1374 3051 1430 3109 δὲ
1490 3053 1808 3130 βουλγάρων
1862 3061 1980 3118 ταῖς

330 3142 550 3218 ἐφόδοις
600 3145 907 3217 Ῥωμαίους
960 3139 1374 3220 ἐπιτριϐόντων,
1425 3146 1475 3200 οἱ
1530 3144 1581 3216 ἐξ
1644 3147 1817 3222 Ἀγαρ
1875 3167 1970 3219 μα-

2095 565 2438 622 feriendum
2488 565 2641 621 fuste
2689 565 2750 619 in
2784 577 3136 634 suspensum
3179 562 3436 632 impacto
3467 560 3756 617 candela-

2099 655 2300 717 brum,
2331 655 2671 710 violentiam
2705 655 2855 709 ictus
2886 652 3164 708 nonnihil
3186 652 3534 706 remisisset.
3565 651 3756 707 Pluri-

2094 762 2260 800 mum
2294 745 2535 817 quidem
2567 743 2876 816 sanguinis
2905 759 2974 797 ex
3007 742 3248 797 vulnere
3268 741 3498 798 effluxit
3521 757 3534 808 ;
3561 741 3750 796 inter-

2095 851 2210 907 que
2239 851 2517 906 proceres
2549 833 2973 890 tumultuatum
3007 837 3065 888 et
3095 833 3230 904 fuga
3259 833 3412 886 facta
3443 835 3550 885 est.
3574 830 3654 885 Ab
3680 847 3745 886 ea

2093 941 2314 997 pompa
2346 925 2550 980 I00!
2591 931 2716 980 tum
2751 923 2943 979 abfuit
2980 921 3330 988 Alexander,
3375 921 3749 992 imperatoris

2093 1014 2298 1080 frater,
2357 1015 2667 1071 adversam
2733 1013 3133 1069 valetudinem
3196 1018 3491 1067 causatus.
3559 1011 3748 1075 Quare

2095 1105 2254 1176 apud
2311 1105 2534 1160 multos
2592 1103 2851 1176 suspicio
2902 1119 2963 1158 se
3014 1102 3335 1156 insinuant
3381 1101 3574 1171 ipsum
3623 1115 3752 1155 esse

2092 1195 2448 1251 insidiarum
2472 1201 2799 1250 auctorem.
2821 1192 2932 1249 Sed
2957 1208 3305 1265 pereusssor
3324 1191 3753 1262 deprehensus,

2092 1282 2428 1356 multosque
2487 1299 2806 1355 perpessus
2881 1282 3202 1342 cruciatus.
3254 1296 3387 1336 cum
3447 1280 3749 1335 neminem

2093 1373 2373 1428 facinoris
2404 1373 2708 1428 conscium
2753 1373 3058 1435 fateretur,
3106 1369 3426 1441 amputatis
3476 1367 3749 1424 manibus

2093 1475 2152 1524 et
2184 1469 2432 1540 pedibus
2454 1469 2513 1524 in
2531 1468 2734 1525 Funda
2751 1469 2901 1523 Circi
2933 1473 3230 1525 crematus
3253 1471 3342 1520 est
3393 1467 3474 1520 Ex
3507 1482 3574 1520 eo
3598 1469 3745 1522 tem-

2092 1576 2232 1632 pore
2267 1576 2484 1632 pompa
2524 1561 2638 1615 ista
2687 1559 2953 1615 cessavit
2990 1560 3060 1614 Et
3105 1556 3342 1629 quidem
3385 1555 3748 1627 sapientissi-

2093 1665 2224 1704 mus
2250 1649 2579 1705 monachus
2614 1648 2868 1704 Marcus.
2898 1649 3029 1719 ejus
3062 1645 3406 1704 monasterii
3438 1645 3747 1716 dispensa-

2092 1748 2206 1800 tor.
2241 1743 2341 1814 qui
2376 1742 2736 1798 tetraodium
2759 1741 2954 1814 magni
2991 1738 3219 1796 sabbati
3251 1737 3750 1810 complevit,quod

2092 1831 2273 1888 habet
2303 1833 2437 1904 Cyri
2457 1834 2705 1898 Cosmm,
2736 1831 2940 1887 multis
2963 1831 3382 1901 imperatorem
3403 1826 3753 1898 deprecatus

2091 1929 2197 1977 est.
2232 1923 2300 1977 Et
2345 1939 2413 1978 eo
2456 1928 2779 1978 renuente:
2826 1944 2853 1972 ‹‹
2898 1919 3054 1984 Noli,
3084 1917 3297 1989 inquit,
3333 1916 3443 1972 hoc
3487 1916 3752 1986 iniquius

2090 2010 2244 2067 ferre
2270 2019 2373 2068 aut
2412 2011 2610 2076 irasci,
2643 2028 2676 2067 ο
2709 2011 3054 2082 imperator.
3085 2009 3231 2063 Nam
3271 2013 3466 2062 vastes
3498 2004 3750 2060 Davidus

2091 2100 2200 2156 hoc
2231 2101 2337 2156 tibi
2388 2102 2616 2158 adversi
2663 2106 3016 2156 eventurum
3057 2095 3348 2169 praedixit,
3381 2095 3492 2150 hoc
3538 2109 3745 2149 versu:

2090 2191 2308 2254 Quanta
2358 2189 2692 2261 melignatus
2740 2195 2818 2245 est
2877 2189 3140 2243 inimicus
3199 2187 3257 2240 in
3310 2189 3499 2239 sam-to
3549 2189 3662 2246 tuo,
3698 2187 3750 2236 et

2091 2281 2325 2358 gloriati
2371 2287 2496 2335 sunt
2541 2282 2639 2351 qui
2694 2279 2932 2334 oderunt
2980 2283 3030 2332 te
3075 2277 3134 2330 in
3176 2275 3356 2330 medio
3385 2269 3753 2329 solemnitatis

2091 2383 2202 2430 tuve
2250 2371 2345 2427 “‘1
2396 2371 2600 2441 Itaque
2659 2373 2892 2440 oportet
2948 2365 3160 2420 exinde
3222 2369 3276 2418 te
3339 2363 3489 2418 alios
3548 2361 3753 2416 decem

2097 2479 2284 2521 annos
2311 2462 2632 2532 imperare.
2667 2481 2696 2508 ››
2727 2459 2844 2513 Hoc
2877 2453 3150 2511 monachi
3177 2449 3524 2507 vaticinium
3556 2449 3746 2503 exitus

2087 2570 2290 2610 verum
2349 2549 2650 2606 ostendit:
2702 2547 2908 2604 decem
2961 2545 3120 2600 enim
3153 2547 3288 2615 post
3317 2542 3512 2608 annis,
3546 2537 3744 2594 eadem

2087 2660 2206 2718 qua
2237 2644 2388 2699 ictus
2419 2641 2614 2697 fuerat
2653 2637 2771 2704 die,
2804 2651 2976 2693 suum
3009 2633 3158 2690 obiit
3192 2632 3373 2688 diem.

2157 2891 2436 2956 Quartam
2468 2885 2683 2943 deinde
2725 2898 2972 2941 uxorem
3013 2880 3182 2937 duxit
3231 2878 3364 2944 Leo,
3397 2877 3565 2932 Zoem
3601 2875 3737 2930 Car-

2084 2979 2500 3051 bonnpsinam,
2535 2993 2666 3047 quas
2713 2991 2818 3046 per
2849 2971 3100 3028 multum
3158 2967 3444 3039 temporis
3493 2982 3628 3021 cum
3669 2979 3738 3018 eo

2083 3070 2230 3125 vixit
2297 3075 2618 3138 antequam
2675 3069 3078 3120 coronaretur.
3113 3060 3256 3115 Cum
3324 3073 3456 3112 vero
3508 3047 3739 3124 Bulgari

2089 3156 2530 3214 incursionibus
2558 3171 2682 3211 rem
2730 3153 3056 3208 Romanam
3109 3151 3454 3205 attererent.
3488 3142 3741 3215 Agareni

327 3234 507 3298 θέντες
564 3238 724 3288 τοῦτο
758 3233 954 3288 στόλον
1017 3233 1397 3308 ἐξαρτύσαντες
1451 3235 1588 3291 κατά
1634 3239 1742 3290 τῶν
1802 3255 1982 3311 παρα-

2097 3265 2163 3302 ea
2191 3245 2500 3302 occasione
2533 3248 2811 3316 percepta
2837 3240 3080 3297 classem
3115 3237 3503 3293 adornarunt.
3526 3239 3585 3288 et
3606 3247 3745 3287 con-

323 3321 458 3380 λίων
525 3329 623 3391 τῆς
681 3320 860 3398 ἀρχῆς
939 3321 1228 3395 Ῥωμαίων
1288 3321 1706 3397 ἐκπέμπουσιν,
1755 3323 1978 3395 ἐπιστήο

325 3432 509 3474 σαντες
565 3415 646 3484 τῷ
702 3410 890 3484 στόλῳ
945 3410 1222 3491 ναύαρχον
1278 3413 1482 3468 Λέοντα
1526 3413 1618 3468 τὸν
1693 3410 1979 3480 ’Δτταλέα,

331 3504 432 3571 τήν
482 3503 820 3572 Χριστιανῶν
877 3499 1278 3573 ἐξομοσάμενον
1334 3501 1538 3568 πίστιν,
1594 3501 1690 3556 κάν
1750 3508 1817 3577 τῇ
1847 3505 1982 3576 Τρι-

332 3587 496 3644 πόλει
527 3592 638 3658 (28)
698 3590 990 3658 οἰκήσαντα
1038 3589 1134 3658 κάξ
1165 3589 1332 3658 αὐτῆς
1367 3587 1635 3667 εἴληφότα
1670 3591 1769 3658 τήν
1801 3610 1981 3664 προσ-

333 3678 559 3753 ηγορίαν
616 3680 854 3754 Ἕφθασε
902 3673 959 3732 δὲ
1013 3676 1103 3732 τὸν
1167 3675 1395 3752 βασιλέα
1437 3679 1472 3748 ἡ
1522 3677 1644 3752 περὶ
1693 3681 1794 3732 τοῦ
1851 3681 1982 3754 Τρι-

335 3767 572 3825 πολίτου
630 3765 860 3841 ἀγγελία
916 3767 1052 3821 κατᾶ
1101 3767 1164 3821 τὸ
1222 3763 1485 3842 ἐμπόριον
1541 3770 1640 3821 τοῦ
1699 3767 1981 3835 Βοαιτίου,

333 3857 505 3914 ἐκεῖσε
577 3857 870 3933 γενόμενον
956 3854 1045 3911 ἐπί
1101 3859 1181 3928 τῷ
1240 3857 1575 3911 ἀνακαινίσαι
1650 3856 1752 3924 τήν
1811 3857 1980 3930 μονήν

332 3949 711 4028 Χριστοφόρου
771 3943 1276 4023 πρωτοϐεστιαρίου
1350 3947 1536 4006 αὐτοῦ.
1599 3949 1986 4024 Προσετίθεσαν

338 4041 384 4098 δ’
427 4043 476 4098 oi
527 4039 912 4115 ἀγγελιαφόροι
964 4042 1039 4106 ὡς
1092 4043 1211 4097 κατ’
1265 4040 1435 4110 αὐτῆς
1491 4039 1607 4117 ἔχει
1663 4043 1764 4110 τήν
1803 4043 1981 4117 ὁρμὴν

341 4139 442 4202 τῆς
497 4128 818 4206 βασιλίδος,
881 4128 1089 4204 Πέμπει
1149 4132 1239 4186 οὖν
1297 4131 1326 4186 6
1378 4129 1633 4206 βασιλεὺς
1694 4131 1984 4188 Εὐστάοιον

339 4222 433 4278 τὸν
491 4223 785 4290 τηνικαῦτα
818 4217 1175 4296 δρουγγάριον
1207 4225 1314 4275 τῶν
1373 4219 1645 4292 πλωΐμων
1705 4219 1839 4292 μετὰ
1887 4219 1983 4276 τοῦ

317 4308 560 4372 στόλου.
621 4309 680 4370 ὃς
733 4311 807 4381 μή
853 4305 1099 4379 δυνηθεῗς
1139 4308 1515 4380 ἀντιτάξασθαι
1566 4313 1646 4379 τῷ
1677 4308 1984 4386 Τριπολίτῃ

339 4399 648 4476 ὑπεστράφη
708 4399 862 4460 κενός
897 4443 910 4457 ,
980 4397 1278 4472 Ἐπόμενος
1345 4395 1402 4454 δί
1457 4397 1636 4472 τούτῳ
1697 4399 1724 4454 6
1783 4405 1981 4474 Τριπο-

339 4490 498 4558 λίτης
531 4487 778 4558 εἷσῆλοεν
813 4488 890 4552 εἷς
948 4486 1016 4543 τά
1063 4488 1220 4542 στενά
1273 4491 1370 4542 τοῦ
1423 4486 1861 4558 Ἑλλησπόντου,
1893 4491 1984 4546 καὶ

2095 3341 2186 3391 tra
2227 3334 2585 3391 maritimam
2617 3335 3016 3388 Romanorum
3051 3327 3340 3383 ditionem
3393 3323 3741 3388 emiserunt,

2093 3425 2242 3480 duce
2275 3413 2468 3480 Leone
2516 3421 2770 3486 Attaleo,
2820 3419 2920 3490 qui
2972 3415 3367 3472 Christianam
3415 3414 3745 3483 ejuraverat

2092 3513 2466 3586 religionem,
2499 3511 2704 3566 1082
2739 3513 2797 3564 et
2827 3506 2966 3579 quia
2994 3503 3213 3576 Tripoli
3249 3501 3572 3561 habitabat,
3607 3499 3744 3554 inde

2092 3601 2406 3673 Tripolites
2424 3598 2856 3671 appellebatur.
2875 3595 3014 3666 Ejus
3047 3591 3440 3665 expeditionis
3471 3589 3746 3644 nuntium

2097 3694 2326 3744 mature
2344 3688 2574 3758 accepit
2597 3687 2938 3757 imperator.
2961 3683 3060 3755 qui
3089 3690 3210 3737 tum
3240 3679 3395 3753 apud
3413 3677 3746 3750 emporium

2099 3778 2303 3836 Bomtii
2335 3783 2485 3841 erat,
2517 3776 2847 3832 dedicando
2879 3772 3288 3846 ChristOphori
3314 3768 3747 3844 protovestiarii

2098 3875 2460 3934 monasterio
2507 3875 2792 3931 intentus.
2831 3875 2900 3929 Et
2929 3871 3258 3928 abdebatur
3287 3870 3398 3926 hoc
3429 3885 3463 3924 a
3501 3867 3748 3934 nuntiis,

2098 3983 2132 4023 a
2161 3965 2443 4038 Tripolita
2473 3965 2663 4036 ipsam
2695 3964 2816 4035 peti
2845 3963 3074 4035 Cpolin.
3118 3961 3349 4015 Emittit
3381 3975 3516 4031 ergo
3547 3959 3752 4011 Eusta-

2101 4055 2316 4121 thium,
2349 4053 2738 4125 druugarium
2795 4053 2879 4107 rei
2925 4051 3172 4118 navalis,
3205 4065 3340 4106 cum
3387 4048 3573 4104 classe
3641 4044 3750 4111 Qui

2097 4160 2312 4216 pugna)
2357 4159 2495 4198 cum
2539 4141 2821 4214 Tripolita
2869 4138 3286 4196 commitendm
3337 4138 3530 4208 impar
3573 4151 3635 4189 re
3667 4135 3752 4188 in-

2097 4232 2252 4289 fecta
2297 4231 2495 4288 rediit.
2545 4233 2812 4301 Eumque
2864 4230 3166 4284 insecutus
3215 4226 3500 4297 Tripolita
3549 4224 3749 4279 fauces

2101 4321 2469 4394 Hellesponti
2528 4319 2768 4375 intravit
2816 4324 2873 4373 et
2916 4332 3105 4387 usque
3159 4315 3234 4370 ad
3283 4315 3520 4369 Parium
3567 4311 3745 4366 venit.

2101 4412 2286 4482 Hujus
2307 4411 2393 4466 rei
2426 4408 2715 4465 indicium
2749 4403 3089 4478 imperatori
3122 4419 3432 4458 mmrorem
3468 4401 3748 4472 pertuba-

2102 4501 2447 4570 tionemque
2479 4498 2662 4554 animi
2710 4511 2942 4569 gravem
2991 4492 3208 4548 attulit.
3242 4493 3444 4560 Itaque
3491 4489 3746 4544 Himerio

344 4579 636 4652 ωέχριτοῦ
667 4577 869 4651 Παρίου
924 4571 1246 4634 κατέλαϐεν.
1305 4577 1476 4650 Ὅπερ
1525 4581 1604 4650 τῷ
1641 4576 1858 4652 βασιλεῖ
1888 4579 1983 4655 ἀγ.

2097 4589 2557 4645 secretariorum
2599 4584 2884 4658 primario
2925 4583 3178 4638 classem
3222 4581 3503 4636 adversus
3534 4579 3746 4649 Tripo-

338 4676 528 4752 γελθὶν
588 4674 664 4737 εἰς
725 4675 964 4752 μεγάλην
1025 4670 1276 4731 ἐνέϐαλεν
1328 4676 1558 4750 ἀθυμίαν
1598 4677 1688 4731 καὶ
1713 4679 1987 4753 ταραχὴν,

343 4764 569 4843 ⁸]μερίῳ
613 4768 745 4840 γοῦν
800 4769 879 4837 τῷ
924 4771 1409 4841 πρωτοασθκρῆτις
1468 4767 1566 4836 την
1617 4767 1872 4838 ναυτικὴν
1903 4764 1990 4843 ἐγ-

414 4891 460 4929 “
491 4891 649 4948 Psal.
681 4907 878 4959 Lxxm,
912 4890 963 4947 1.

2100 4679 2246 4734 liten
2279 4676 2612 4735 ducendam
2656 4673 2994 4731 committit.
3025 4672 3078 4728 Is
3108 4667 3378 4742 Abydum
3427 4672 3744 4741 praeterve-

2099 4775 2252 4838 ctus,
2283 4770 2474 4842 Aing
2505 4766 2656 4824 mari
2690 4780 2956 4829 emenso,
2993 4761 3067 4819 ad
3100 4759 3436 4816 Strobelum
3467 4752 3749 4827 appellit;

1554 4990 1914 5049 XYLANDBI
1960 4991 2048 5047 ET
2085 4990 2300 5048 GOARI
2338 4991 2560 5048 ΝΟΤΑΞ.

419 5120 530 5188 (26)
563 5113 941 5189 Tetraodium
987 5113 1216 5169 videtur
1249 5115 1500 5186 hymnus
1529 5121 1784 5189 quatuor
1813 5116 1992 5189 parti-

347 5187 459 5246 bus
489 5207 593 5245 seu
625 5187 989 5259 carminibus
1019 5193 1298 5259 constans
1328 5187 1667 5244 fuissefSed
1701 5187 1842 5259 quid
1866 5188 1990 5243 ilud

351 5263 481 5332 Cyri
504 5263 725 5316 Cosme:
762 5260 857 5324 sit,
890 5258 1146 5332 viderint
1166 5258 1296 5332 _a_l?i.
1337 5259 1552 5314 Psalmi
1588 5258 1762 5316 verba
1785 5276 1855 5314 ex
1877 5261 1993 5316 usi-

349 5329 470 5388 tata
521 5331 792 5386 versione
845 5329 1113 5403 apposui.
1165 5330 1300 5383 XYL.
1337 5361 1400 5370 -
1431 5332 1694 5403 Hymnus
1738 5339 1993 5402 quatuor

347 5403 476 5460 odis
503 5409 782 5457 constans
805 5401 1048 5473 sabbato
1087 5417 1298 5473 magno
1327 5401 1652 5459 cantandus
1676 5405 1735 5458 in
1757 5401 1990 5459 Triodio

342 5475 496 5530 libro
516 5479 689 5528 toturn
713 5472 1462 5546 Quadragesimmgot'ticium
1486 5477 1993 5546 continente,qua-

347 5547 422 5602 lis
482 5546 557 5618 sit
612 5542 996 5618 agnoscitur.”
1026 5542 1205 5618 Κυροῷ
1239 5544 1584 5618 diminutive
1615 5563 1720 5618 pro
1779 5542 1988 5618 κυρίουο

347 5633 454 5673 vox
485 5614 713 5691 integra
744 5614 1116 5691 clarioribus,
1140 5614 1490 5691 diminutiva
1511 5614 1671 5691 κυρός
1704 5614 1994 5691 inferiori-

346 5691 483 5762 bus,
511 5686 968 5760 xﬁp'humilibus
999 5686 1360 5747 conceditur.
1393 5686 1634 5748 Cosmas
1663 5689 1762 5747 hic
1798 5691 1990 5749 Maiu-

2101 5117 2322 5173 mensis
2371 5116 2486 5172 fuit
2532 5115 2866 5186 episcopus,
2919 5109 3262 5168 Damasceni
3316 5112 3644 5186 prmceptor
3691 5112 3751 5162 et

2099 5189 2362 5262 plurium
2397 5183 2700 5262 sacrorum
2731 5183 3089 5262 hymnorum
3122 5189 3328 5262 auctor
3368 5183 3567 5262 βακε.

2173 5261 2286 5331 (27)
2317 5259 2616 5331 Secundas
2641 5250 2856 5331 leviore
2883 5257 3232 5328 paenitentia
3263 5250 3749 5331 multant,tertias

2102 5325 2279 5387 etiam
2317 5330 2566 5402 graviori
2600 5325 2946 5400 subjiciunt,
2985 5337 3226 5402 quartas
3257 5325 3500 5402 omnino
3543 5339 3745 5402 repro:

2100 5403 2246 5458 baut
2276 5393 2349 5458 οε
2379 5402 2667 5457 damnant
2697 5393 2943 5470 nuptias
2970 5393 3174 5455 G'ra’ci.
3223 5405 3357 5453 tam
3397 5397 3470 5470 ob
3517 5393 3640 5470 rem
3673 5393 3746 5450 ad

2101 5469 2824 5546 coronamAAugustarum
2875 5489 3036 5526 more
3087 5469 3526 5546 suscipiendam
3571 5469 3745 5523 Zoem

2103 5545 2256 5600 hanc
2285 5541 2785 5616 Carbonépsinam
2839 5559 3147 5614 nunquam
3190 5541 3422 5597 admitti
3453 5555 3629 5614 passa
3658 5545 3749 5594 est

2103 5617 2420 5673 Orientalis
2450 5617 2728 5672 Ecclesia.
2763 5617 2938 5672 Goan.

2174 5690 2284 5762 (28)
2313 5688 2512 5764 Syria.
2541 5689 2716 5748 Goaa.

4122 5645 4123 5672 ι

4121 5707 4123 5734 t

4122 5811 4123 5826 i

4122 5829 4123 5850 i

4121 5853 4123 5898 ἒ
