4126 6220
439 329 611 393 ’1151

1817 324 2131 392 GEORGII
2174 327 2515 394 CEDRENI

3713 336 3862 399 ΠΜ

451 462 590 518 inde
607 461 679 518 ad
703 461 965 518 Imbrum
993 459 1270 532 applicat.
1297 461 1366 516 Ac
1399 459 1781 517 Samothraca
1803 466 2080 533 superata

2217 461 2466 537 χειρίσας
2499 461 2724 540 δύναμιν
2782 465 2917 522 κατὰ
2953 471 3052 524 τοῦ
3117 465 3456 544 τριπολίτου
3512 467 3852 542 ἀπέστειλεν,

455 553 656 608 hostes
687 552 855 607 Thasi
880 568 1014 607 cum
1045 551 1493 606 sentiretnaves
1517 551 1863 621 in‘fstatione
1886 552 2108 608 habere

459 642 841 698 multitudine
865 653 911 696 el
944 640 1246 697 alacritate
1271 642 1392 698 suis
1415 641 1872 713 ,superiores,ne
1904 658 2110 713 appro-

455 732 746 802 pinquare
791 730 1034 802 quidem
1088 730 1159 784 lis
1191 745 1368 786 ausus
1401 738 1507 786 est.
1554 730 1866 802 Tripolites
1908 743 2108 787 autem

457 827 610 875 retro
635 837 874 876 aversus
898 820 1377 877 Thessalonicam
1392 827 1710 892 expugnat,
1735 819 2107 892 deprehenso

454 909 517 964 in
549 927 618 966 ea
649 911 828 965 etiam
875 910 1064 966 Leone
1113 910 1412 982 praefecto,
1446 910 1536 966 cui
1578 910 1966 966 Chatzilacins
1999 928 2105 967 co-

453 1006 840 1073 gnomentum
869 1018 880 1067 ;
915 1000 1289 1071 multumque
1322 999 1403 1054 ibi
1436 1000 1742 1068 sanguinis
1762 1001 1923 1064 facit,
1956 1000 2108 1055 mul-

454 1095 665 1161 tosque
689 1093 948 1161 captivos
979 1089 1238 1145 abducit.
1275 1090 1446 1144 Forte
1475 1089 1716 1160 quidam
1750 1089 1821 1144 de
1859 1090 2101 1146 cubicu-

453 1178 639 1248 lariis,
673 1181 917 1236 nomine
949 1179 1413 1253 llhodophyllus,
1447 1179 1798 1234 necessaria:
1819 1181 1904 1234 rei
1929 1197 2106 1236 causa

456 1267 518 1322 in
564 1267 826 1324 Siciliam
865 1269 1078 1324 missus
1114 1286 1247 1325 cum
1284 1271 1384 1323 100
1415 1269 1542 1323 auri
1574 1268 1761 1331 libris,
1797 1269 1859 1323 in
1890 1269 2102 1324 itinere

457 1358 665 1413 morbo
727 1363 1034 1430 correptus
1106 1357 1579 1414 Thessalonicam
1643 1374 1705 1413 se
1772 1359 2104 1413 contulerat

454 1447 660 1502 1003
693 1447 937 1503 curandi
970 1448 1235 1519 corporis
1264 1464 1459 1503 causa.
1508 1449 1650 1502 Eum
1695 1446 1978 1518 Tripolita
2021 1445 2100 1501 ibi

458 1541 582 1591 tum
623 1544 882 1608 captum,
916 1537 1046 1609 ejus
1091 1537 1218 1593 auri
1251 1554 1429 1593 causa
1458 1535 1561 1592 diu
1591 1541 1836 1602 tortum,
1869 1553 2002 1591 cum
2036 1552 2098 1591 se

457 1626 781 1698 quidquam
813 1627 1030 1684 habere
1057 1632 1425 1699 pernegaret,
1459 1627 1706 1682 necavit.
1739 1628 1810 1681 Et
1838 1643 1971 1681 vero
2003 1642 2101 1682 an-

451 1733 585 1773 rum
619 1717 679 1772 in
710 1718 923 1773 itinere
955 1717 1398 1789 Rhodophyllus
1427 1718 1770 1788 reliquerat,
1803 1717 1982 1787 idque
2015 1717 2099 1772 Si-

2214 551 2273 614 ’ὀς
2303 547 2537 610 Ἀϐυδον
2569 551 2800 610 διελθὼν
2817 557 2903 612 καὶ
2935 558 2998 612 τὸ
3032 557 3256 634 Αἴγαῖον
3287 561 3526 635 πέλαγος
3560 554 3866 634 Στροϐτζλῳ

2213 643 2597 718 προσορμίζει,
2631 645 2748 700 εἶτα
2805 647 3050 717 καταίρει
3107 650 3244 718 πρός
3296 645 3541 723 Ἴμϐρον.
3575 651 3860 722 Σαμοθρᾲο

2212 749 2312 798 κην
2345 726 2402 785 δὲ
2431 727 2622 795 διαϐὰς
2651 731 2918 791 κατέλαϐε
2945 737 3075 798 τοὺς
3107 734 3410 810 πολεμίους
3459 737 3867 813 ναυλοχοῦντας

2211 817 2264 872 ἐν
2294 819 2468 892 Θάσῳ.
2502 822 2656 891 Ηλήν
2712 821 2918 894 πλήθει
2974 847 3034 882 τε
3063 828 3153 882 καὶ
3183 829 3465 900 προθυμίᾳ
3499 827 3867 903 ὑπερέχοντας

2211 907 2406 971 αὐτοὺς
2439 908 2570 966 ἱδὼν
2601 908 2726 968 οὐδὲ
2782 911 3085 982 πλησιάσαι
3140 915 3360 979 τούτοις
3414 916 3780 989 τετόλμηκεν.
3812 918 3866 970 ’0

2211 993 2270 1052 δὲ
2324 999 2669 1072 Τριπολίτης
2764 1001 3174 1077 ὀπισθόρμητος
3261 1007 3501 1081 γεγονὼς
3583 1005 3867 1062 καὶκατὰ

2211 1087 2610 1162 Θεσσαλονίκην
2665 1093 2955 1166 γενόμενος
3001 1095 3206 1167 ταύτην
3258 1093 3644 1172 ἐπολιόρκησε,
3699 1117 3864 1152 κατα-

2210 1177 2494 1252 σχεθέντος
2549 1179 2639 1236 καὶ
2698 1180 2928 1246 Λέοντος
2985 1187 3083 1239 τοῦ
3141 1189 3450 1262 στρατηγοῦ
3499 1184 3554 1240 ἐν
3602 1185 3775 1258 αὐτῇ,
3816 1185 3859 1257 ᾧ

2209 1264 2572 1337 Χατζιλόκιος
2628 1272 2690 1325 τὸ
2737 1269 3050 1344 ἐπώνυμον.
3113 1270 3356 1348 Ἐγένετο
3413 1271 3472 1329 δὶ
3503 1272 3660 1349 χύσις
3687 1275 3858 1346 αἱμά-

2205 1375 2313 1441 των
2343 1355 2532 1426 πολλη
2558 1360 2645 1414 καὶ
2683 1360 3063 1436 αἰχμαλωσία.
3094 1360 3469 1441 Ῥοδόφυλλος
3503 1361 3561 1418 δὲ
3605 1383 3688 1424 τις
3725 1383 3857 1418 uou-

2205 1438 2567 1520 ϐικουλάριος
2623 1469 2760 1504 κατα
2816 1470 2934 1505 τινα
2979 1451 3170 1526 χρείαν
3232 1438 3285 1506 ἐν
3323 1450 3546 1523 Σικελίᾳ
3584 1451 3851 1528 πεμφθείς

2206 1534 2342 1607 μετὰ
2400 1535 2632 1610 χρυσίου
2701 1544 2902 1614 Λιτρῶν
2965 1540 3174 1607 ἑκατὸν,
3231 1541 3378 1614 νόσῳ
3440 1541 3750 1615 περιπεσὼν
3803 1541 3855 1596 ἦν

2204 1624 2567 1701 Θεσσαλονίκῃ
2647 1626 2894 1696 εἰσῆλθεν
2937 1627 3018 1709 ἐφ’
3075 1630 3121 1703 ᾧ
3180 1628 3471 1702 ἐπιμελίας
3523 1630 3847 1701 ἀξιωθῆναι.

2203 1714 2400 1790 Ὀνπερ
2456 1717 2748 1797 κατασχὼν
2814 1719 2842 1774 6
2895 1719 3236 1794 Τριπολίτης
3303 1720 3394 1775 καὶ
3446 1717 3635 1776 πολλὰ
3685 1721 3856 1794 βασα·

452 1824 630 1864 meon
661 1810 1015 1864 secretarius
1046 1824 1114 1865 ea
1145 1809 1443 1864 transiens
1489 1808 1826 1864 sustulerat.
1872 1807 1973 1862 Hic
2001 1806 2088 1861 Si-

2201 1801 2350 1865 νίσας
2379 1802 2468 1860 δια
2504 1805 2566 1860 τὸ
2615 1805 2842 1880 χρυσίον
2875 1806 3161 1865 ἀπέκτεινε
3212 1805 3383 1881 μηδὶν
3442 1807 3590 1884 ἔχειν
3629 1809 3863 1885 iet-Lupi-

453 1913 628 1954 meon
659 1899 1002 1969 Tripolitam
1047 1898 1211 1954 urbis
1241 1899 1606 1954 eversionem
1637 1900 1837 1954 animo
1870 1899 2095 1966 agitan-

452 1990 571 2042 tem
605 1987 870 2043 hortatns
901 1993 989 2044 est
1028 1993 1091 2043 ut
1135 1988 1359 2044 excidio
1409 1989 1732 2044 abstineret
1770 2004 1958 2059 eoque
1988 2003 2098 2043 no-

451 2077 612 2131 mine
643 2094 854 2132 aurum
904 2078 1053 2133 illud
1097 2078 1429 2148 acciperet;
1477 2095 1543 2132 ac
1589 2077 1897 2148 persuasit.
1930 2075 2094 2140 Quod

451 2163 743 2220 Simeonis
787 2167 1008 2221 factum
1057 2167 1138 2221 ita
1185 2173 1416 2238 gratum
1460 2167 1572 2220 fuit
1619 2164 1984 2236 imperatori,
2031 2169 2096 2219 ut

451 2267 584 2307 eum
619 2253 850 2324 patricii
895 2271 963 2309 ac
1002 2255 1306 2310 secretarii
1338 2255 1605 2326 primarii
1641 2254 1924 2327 dignitate
1961 2253 2092 2310 ideo

448 2350 866 2398 remuneratus
897 2343 991 2398 sit.
1019 2344 1335 2413 Himerius,
1367 2344 1600 2416 cognito
1624 2360 1658 2400 a
1677 2343 2094 2399 Thessalonica

446 2431 802 2488 Sarracenos
850 2433 1188 2502 recessisse,
1239 2433 1630 2505 insequendis
1677 2434 1751 2488 iis
1799 2448 1861 2489 se
1901 2437 2088 2506 parat.

447 2521 664 2577 Verum
695 2523 750 2578 hi
794 2522 867 2578 ad
916 2524 1148 2578 Cretam
1179 2523 1506 2596 appellunt,
1539 2521 1873 2594 praedasque
1926 2530 2091 2594 parte

447 2613 827 2670 Cretensibus
859 2613 994 2670 data
1013 2614 1344 2670 incolumes
1374 2615 1615 2670 domum
1637 2613 1909 2679 redeunt,
1939 2613 2090 2668 otio.

447 2717 579 2757 sum
612 2703 813 2758 Lemni
846 2704 1256 2775 relinquentes
1289 2703 1635 2762 Himerium.

2209 1892 2457 1967 ζόμενονο
2511 1900 2675 1952 τοῦτο
2733 1898 2838 1974 γὰρ
2895 1895 3059 1978 ἔτυχε
3121 1897 3442 1954 καταλιπὼν
3496 1898 3550 1953 ἐν
3611 1902 3680 1973 τῇ
3723 1895 3858 1971 ὁδῷ,

2205 1983 2336 2058 ὅπερ
2389 1985 2616 2058 Συμεὼν
2666 1987 2968 2062 ἆσηκρῆτις
3014 1987 3372 2064 διερχόμενος
3418 1987 3687 2046 ἀνείλετο.
3756 1988 3858 2046 Καὶ

2202 2077 2299 2128 τοῦ
2329 2073 2668 2146 Τριπολίτου
2713 2074 3078 2151 βουληθέντος
3138 2077 3501 2153 καταστρέψαι
3533 2080 3633 2146 τήν
3664 2078 3855 2147 πόλιν,

2204 2163 2492 2235 ὁΣυμεὼν
2553 2159 2740 2220 λαϐεῖν
2792 2166 2953 2221 αὐτὸν
3016 2167 3243 2241 χρυσίον
3299 2166 3538 2239 ἐμήνυσε
3601 2166 3689 2222 καὶ
3749 2171 3855 2233 τῆς

2200 2259 2578 2330 καταστροφῆς
2636 2254 3018 2330 ἀποσχέσθαι.
3068 2258 3152 2328 [Ρ.
3187 2257 3316 2330 601]
3365 2258 3434 2314 ’Ὀ
3493 2255 3578 2312 καί
3631 2255 3851 2332 γέγονα,

2199 2341 2290 2397 καὶ
2349 2336 2535 2398 λαϐὼν
2590 2342 2656 2399 τὸ
2712 2345 2943 2423 χρυσίον
2977 2345 3005 2400 6
3054 2343 3401 2417 Τριπολίτης
3456 2344 3844 2415 ὑπενόσττρεν.

2201 2428 2632 2505 Ἀποδεξάμενος
2660 2430 2718 2488 δὲ
2771 2437 2863 2490 τὸν
2919 2439 3130 2508 Συρεῶν
3183 2439 3281 2491 τοῦ
3336 2431 3502 2510 ἔργου
3533 2433 3856 2510 ὀβασιλεὺς

2199 2522 2484 2596 πατρίκιον
2541 2521 2630 2577 καὶ
2710 2527 3202 2599 πρωτοασηκρῆτιν
3283 2527 3475 2580 τοῦτον
3529 2523 3800 2598 τετίμηκε
3842 2567 3856 2582 .

2201 2610 2510 2685 Πυθόμενος
2567 2609 2626 2667 δὶ
2676 2614 2776 2681 τήν
2834 2617 2942 2667 τῶν
3003 2611 3335 2687 Σαρακηνῶν
3412 2613 3769 2692 ἀποστροφὴν
3827 2615 3856 2670 6

2195 2699 2472 2776 ναύαρχος
2497 2699 2734 2776 Ἱμέριος
2780 2701 2918 2777 πρὸς
2974 2703 3073 2771 τήν
3134 2703 3251 2758 κατ’
3304 2702 3482 2758 αὐτῶν
3515 2699 3854 2759 διανίσταται

447 2783 654 2860 δίωξιν.
685 2791 747 2845 Θὶ
779 2789 835 2846 δὲ
855 2795 922 2865 τῇ
983 2793 1170 2867 Κρήτῃ
1225 2793 1610 2867 προσίσχουσι,
1662 2791 1752 2847 καὶ
1813 2790 2118 2866 ἀπόμοιραν
2175 2787 2354 2855 δόντες
2408 2796 2525 2854 τοῖς
2597 2793 2766 2866 Κρησῖ
2804 2796 2904 2856 τῆς
2962 2789 3110 2855 λείας
3141 2786 3402 2855 ἀϐλαϐεῖς
3434 2789 3620 2848 οἷ’καδε
3657 2792 3858 2848 ἀπενό-

443 2901 662 2951 στησαν,
696 2881 966 2957 ἄπρακτον
1000 2881 1051 2937 ὲν
1085 2886 1288 2956 Λήμνῳ
1321 2881 1710 2944 καταλιπόντες
1736 2882 1828 2937 τὸν
1857 2883 2115 2952 Ἱμὲριον.

513 2972 848 3028 Secundum
868 2975 989 3029 hzec
1013 2974 1335 3045 imperator
1360 2974 1507 3030 duos
1529 2973 1882 3030 fortissimos
1906 2972 2084 3028 duces

440 3063 497 3118 in
534 3063 830 3119 Orientem
855 3054 1090 3132 emittit,
1118 3065 1488 3120 Eustathinm
1513 3065 1712 3136 stirpis
1737 3070 2084 3137 Argyrorum

440 3158 495 3209 et
528 3153 933 3210 Andronicum
965 3171 1179 3228 genere
1215 3155 1455 3210 Ducam.
1493 3154 1558 3208 lli
1594 3155 1808 3211 multas
1839 3154 1912 3207 de
1942 3157 2087 3226 Aga-

438 3246 600 3300 renis
630 3254 1010 3318 reportarunt
1039 3247 1332 3302 victorias.
1369 3252 1655 3303 Caeterum
1689 3247 1994 3304 Samonas.
2029 3246 2078 3300 is

2264 2969 2321 3024 '0
2387 2967 2444 3026 δέ
2504 2970 2760 3048 βασιλεὺς
2840 2971 2979 3048 πρὸς
3043 2972 3146 3041 τὴν
3197 2968 3272 3029 ἔω
3332 2969 3427 3028 δύο
3483 2975 3852 3048 γενναιοτᾶτω

2193 3059 2459 3133 ἐκπέμπει
2516 3061 2828 3137 στρατηγὼ,
2884 3059 3184 3119 Εὗστοὶϐίον
3241 3083 3299 3118 τε
3351 3066 3449 3118 τοῦ
3489 3063 3676 3139 γένους
3736 3068 3846 3119 τῶν

2195 3151 2474 3227 Ἀργυρῶν
2531 3148 2895 3226 καταδόμενον
2946 3151 3035 3207 καὶ
3089 3149 3426 3226 Ἀνδρόνικον
3487 3155 3579 3209 τόν
3635 3151 3696 3209 ἐς
3742 3159 3848 3208 τοῦ

2195 3241 2415 3310 Δουκὸς,
2449 3241 2647 3305 οἳτινες
2683 3238 2870 3296 πολλὰ
2928 3242 3164 3313 τρόπαια
3211 3240 3504 3313 ἐστήσαντο
3560 3243 3697 3298 κατὰ
3728 3248 3840 3298 τῶν

434 3352 612 3408 quem
631 3338 877 3393 insidias
897 3337 1238 3408 imperatori
1271 3337 1564 3392 detexisse
1587 3335 1918 3400 docuimus,
1943 3352 2076 3390 cum

2199 3333 2518 3405 Ἀγαρηνῶν.
2560 3333 2827 3400 Σαμῶνᾶς
2882 3328 2940 3384 δὶ
2997 3331 3025 3385 6
3081 3332 3181 3402 τήν
3238 3325 3571 3386 ἐπιϐουλήν-’ν
3609 3353 3836 3406 καταμη

437 3433 594 3480 esset
623 3427 779 3496 apud
801 3427 956 3482 hunc
988 3428 1048 3481 in
1074 3443 1306 3482 summo
1328 3430 1575 3492 honore,
1602 3426 1890 3480 simulans
1925 3441 1986 3480 se
2009 3424 2082 3479 ad

437 3515 866 3568 monasterium
900 3530 1068 3568 suum
1102 3516 1282 3569 exire.
1310 3514 1722 3587 profugitcum
1756 3514 2009 3586 pecunia
2027 3518 2085 3567 et

441 3599 595 3673 quis,
629 3617 697 3657 ac
733 3601 1153 3674 dispositorum
1178 3621 1283 3676 per
1305 3604 1568 3668 singulas
1591 3603 1874 3659 stationes
1893 3603 2082 3676 publi-

439 3707 643 3746 corum
677 3708 966 3764 equorum
1017 3710 1224 3749 nervos
1269 3694 1493 3750 incidit.
1533 3694 1641 3749 Leo
1692 3693 1872 3765 igitur
1902 3694 2086 3750 mittit

439 3781 1409 3853 quienminseqnantur.Basi1ium
1435 3784 1693 3840 sodalitii
1717 3785 2081 3856 praefectum,

437 3873 788 3943 cegnomine
821 3873 1289 3944 Camaterum(id
1320 3881 1408 3930 est
1423 3873 1876 3929 laboriosum‘let
1902 3876 2081 3929 Geor-

436 3959 597 4032 gium
633 3961 836 4016 I064
884 3962 1202 4018 Crenitam.
1233 3961 1546 4018 Samonam
1588 3965 1716 4033 jam
1751 3961 1938 4034 Halyn
1969 3961 2080 4016 flu-

434 4050 592 4106 vium
613 4056 1020 4108 transeuntem
1043 4053 1406 4124 Nicephorus
1423 4052 1698 4108 Caminas
1729 4052 2083 4125 drungarius

435 4139 847 4213 deprehendit,
882 4157 949 4199 ac
1001 4143 1205 4198 multis
1249 4149 1611 4214 precantem.
1662 4141 1852 4198 multa
1904 4143 2082 4196 etiam

431 4231 587 4287 dona
601 4238 666 4286 ut
682 4232 1531 4305 dimittereturpromittentem
1547 4232 2084 4288 detinet.Samonas

435 4336 570 4375 cum
598 4321 942 4377 missionem
974 4339 1094 4379 non
1125 4322 1489 4394 impetraret,
1523 4321 1839 4395 praatendit
1875 4338 1937 4377 se
1968 4320 2082 4377 voti

433 4425 611 4464 causa
640 4411 713 4465 ad
761 4411 1142 4468 Sirachanam
1187 4428 1423 4468 crucem
1453 4412 1769 4485 proficisci.
1804 4411 1914 4468 Sed
1946 4427 2082 4467 eum

435 4497 857 4556 Constantinus
907 4501 1223 4557 Andronici
1263 4503 1437 4558 Ducas
1470 4502 1627 4559 illius
1659 4500 2083 4574 superveniens

436 4603 638 4644 secum
680 4588 889 4661 Cpolin
940 4589 1200 4648 abducit.
1255 4591 1368 4647 Leo
1407 4593 1726 4649 Samonam
1769 4592 1831 4647 in
1881 4589 2082 4647 Bardaa

433 4674 678 4731 Caesaris
705 4675 881 4732 domo
899 4675 960 4731 in
985 4676 1251 4733 custodio
1273 4680 1764 4751 asservarijubet.
1785 4681 2077 4737 Constan-

433 4766 580 4832 tino,
622 4781 690 4822 ex
731 4781 848 4838 quo
887 4765 1171 4821 didicerat
1217 4772 1386 4823 extra
1432 4767 1896 4824 controversiam
1946 4782 2076 4822 esse

430 4855 588 4926 quod
620 4857 906 4912 Samonas
936 4857 997 4912 in
1028 4855 1364 4911 Melitenam
1399 4857 1736 4928 tranfngere
1779 4857 2073 4912 intendis-

426 4949 536 5010 set,
569 4945 813 5001 mandat
843 4946 925 5001 uti
959 4946 1070 5001 hoc
1107 4944 1167 5001 in
1203 4951 1414 5000 senatu
1453 4943 1807 5011 dissimulet,
1842 4952 1900 5001 et
1939 4961 2075 5002 eum

426 5033 727 5090 Siracham
758 5035 873 5090 voti
907 5035 1396 5107 causa‘proﬁcisci
1432 5035 1686 5091 voluisse
1707 5035 1864 5091 dicat
1893 5051 1906 5088 :
1934 5051 2075 5090 nam

421 5126 652 5180 veniam
671 5127 798 5181 Sam
808 5139 982 5181 onam
996 5126 1280 5196 consequi
1300 5125 1846 5182 volebat.Postridie
1864 5129 2075 5179 senatu

424 5216 706 5272 advocato
742 5215 1197 5271 Constantinum
1231 5216 1292 5270 in
1329 5215 1588 5272 medium
1620 5215 1881 5284 adducit,
1905 5215 2076 5286 jura-

420 5309 665 5376 tumque
689 5321 796 5378 per
827 5306 1013 5362 Deum
1037 5312 1096 5361 et
1115 5305 1489 5377 imperatoris
1517 5305 1693 5362 vitam
1728 5305 2072 5376 interrogat.

2193 3418 2348 3480 νύσας
2409 3422 2483 3490 νῷ
2570 3417 2832 3494 βασιλεῖ,
2915 3417 3282 3498 διαφερίντως
3351 3421 3665 3493 τιμώςιενες
3754 3427 3834 3496 τῷ

2201 3505 2424 3583 βτιλεῖ.
2505 3507 2738 3578 ἐξελθεῖν
2812 3507 2865 3564 ἐν
2919 3513 2988 3584 τῇ
3060 3511 3229 3567 αὐτοῦ
3317 3513 3459 3586 μονῇ
3505 3513 3824 3591 προᾳασισὶ

2196 3617 2358 3671 μενος
2386 3601 2534 3676 φυγῇ
2583 3596 2858 3673 ἐχρήσατο
2909 3600 3022 3671 ἅμα
3062 3602 3313 3674 χοήμασι
3343 3601 3436 3655 καὶ
3489 3600 3577 3656 καὶ
3624 3601 3819 3664 ἵπποις

2192 3687 2318 3748 τοὺς
2375 3684 2428 3741 ἐν
2494 3685 2702 3760 ἑκάστῳ
2760 3692 2986 3761 σταθμῷ
3071 3685 3372 3762 δημοσίους
3463 3689 3666 3751 ἳππους
3740 3691 3834 3764 ἀγ-

2193 3779 2517 3832 κυλοκοπῶν
2573 3780 2680 3849 (29ι
2727 3821 2742 3836 .
2798 3776 3153 3834 Ἀποστὲλλει
3233 3779 3329 3832 οὖν
3361 3823 3376 3848 ,
3462 3780 3490 3835 6
3580 3779 3831 3854 βασιλεὺς

2191 3861 2517 3935 καταδιῶεαι
2629 3864 2788 3921 αὐτὸν
2897 3863 3183 3922 Βασιλειον
3277 3866 3650 3941 ὲταιρειᾶρχην
3733 3866 3822 3919 τὸν

2197 3955 2535 4028 Καματηρὸν
2621 3954 2708 4010 καὶ
2805 3954 2896 4010 τὸν
2985 3953 3255 4029 Κρηνίτην
3336 3957 3621 4033 Γεώργιον.
3685 3949 3823 4021 Ἤδη

2195 4039 2252 4098 δὶ
2305 4044 2398 4097 τὸν
2455 4039 2622 4098 Ἅλυν
2677 4039 3020 4119 διαπερῶντα
3080 4044 3172 4098 τὸν
3231 4049 3502 4116 Σιμωνᾶν
3567 4037 3827 4098 κατίλαϐι

2195 4131 2506 4211 Νικηφόρος
2565 4130 2920 4208 δρουγγὰριος
3003 4133 3031 4188 6
3100 4134 3371 4207 Καμινᾶς,
3426 4134 3516 4188 καὶ
3574 4136 3830 4208 κατέσχεν

2195 4221 2496 4278 ίκετεῦοντα
2541 4220 2728 4278 πολλᾶ
2779 4223 2867 4277 καὶ
2917 4223 3356 4298 ὕπισχνούμενον
3416 4219 3630 4282 δώσειν.
3693 4221 3838 4281 Ἐπιῖ

2195 4309 2253 4368 δὲ
2309 4311 2407 4367 οὐκ
2454 4305 2682 4383 ἔπειθεν,
2746 4310 2823 4374 εἰς
2880 4312 2974 4367 τὸν
3030 4311 3082 4367 ἐν
3135 4317 3216 4387 τῷ
3278 4317 3482 4390 Σιρακᾷ
3523 4312 3839 4390 καταφεύγει

2195 4402 2422 4477 σταυρὸν
2491 4401 2662 4478 εὐχῆς
2721 4401 2885 4477 χάριν
2957 4400 3280 4473 ἆληλνθὲναι
3340 4400 3838 4482 προφασισάίμενος.

2192 4487 2404 4554 Ἐλθὼν
2484 4490 2578 4546 οὗν
2635 4494 3039 4555 Κωνσταντῖνος
3098 4492 3127 4547 6
3183 4495 3282 4547 τοῦ
3338 4489 3698 4566 Ἀνδρονίκου
3745 4493 3840 4546 τοῦ

2193 4579 2397 4644 Δουκὸς
2424 4579 2543 4645 υἱὸς
2572 4581 2662 4635 καὶ
2715 4584 2909 4636 τοῦτον
2937 4575 3226 4635 ἀναλαϐὼν
3287 4577 3341 4636 ιν
3396 4581 3465 4653 σῇ
3523 4579 3710 4649 πόλει,
3740 4579 3840 4636 ὁπ-

2192 4667 2465 4746 ἐστρεψεν.
2500 4667 2866 4727 Εἶσελθόντων
2918 4668 2974 4725 δὲ
3013 4667 3065 4724 ἐν
3122 4673 3192 4744 τῇ
3247 4669 3840 4740 Κωνσταντινουπόλει,

2111 4735 2156 4798 D
2184 4735 2409 4835 cav'aiv
2441 4757 2497 4815 iv
2528 4759 2596 4834 τῇ
2642 4763 2738 4815 τοῦ
2769 4760 3040 4834 Καίσαρος
3071 4735 3189 4815 τοῦ-γ
3228 4757 3406 4836 Βάρδα
3459 4759 3605 4832 οἰκίᾳ
3632 4735 3840 4835 φυλατέ

2185 4853 2363 4906 τεσθαι
2421 4847 2741 4924 προσέταξεν
2798 4848 2826 4902 6
2887 4848 3163 4923 βασιλεὺς,
3226 4849 3612 4922 Κωνσταντίνῳ
3670 4845 3731 4904 δὲ
3759 4849 3841 4921 τῷ

2186 4939 2348 4996 Δουκὶ
2383 4985 2400 5011 ,
2453 4938 2670 5012 ἐπείπερ
2730 4936 3169 5017 ἐπληροφορήθη
3233 4939 3306 5003 ὡς
3364 4945 3483 5003 ταῖς
3547 4937 3835 5010 ἀληθείαις

2184 5029 2536 5108 προσφεύγειν
2564 5029 2630 5099 ἦν
2688 5026 2739 5084 ἐν
2801 5029 3082 5104 Μελιτηνῇ
3116 5031 3144 5086 6
3178 5035 3466 5103 Σάμωνᾶς,
3496 5031 3836 5108 παρήγγειλε

2188 5121 2264 5192 μὴ
2296 5125 2455 5176 τοῦτο
2484 5117 2718 5174 ἐνώπιον
2753 5125 2856 5189 τῆς
2891 5118 3200 5193 συγκλήτου
3249 5119 3441 5184 είπεῖν,
3473 5119 3605 5176 ἀλλ’
3643 5121 3726 5176 δτι
3757 5123 3838 5192 τῷ

2183 5213 2398 5285 Σιραχᾷ
2424 5207 2584 5284 χάριν
2641 5207 2813 5284 εὐχῆς
2872 5207 3057 5284 ἀπῄει’
3119 5202 3383 5266 ἐϐούλετο
3433 5210 3536 5285 γὰρ
3587 5210 3836 5286 συγγνώ-

2187 5320 2297 5372 μης
2339 5301 2530 5353 τοῦτον
2571 5302 2777 5374 τυχεῖν.
2829 5297 3034 5355 Ἕωθεν
3083 5296 3141 5355 Si
3193 5299 3700 5375 προσκαλεσάμενος
3731 5300 3832 5369 τὴν

1653 5405 1966 5460 XYLADRI
2007 5403 2092 5458 ET
2130 5399 2346 5455 GOARI
2383 5398 2607 5454 ΝΟΤᾹΞ.

511 5501 604 5576 29)
641 5502 860 5576 Nempe
889 5510 956 5561 ut
987 5504 1076 5560 sui
1122 5503 1476 5576 insequendi
1511 5509 1689 5575 atque
1720 5521 1791 5560 ex
1823 5503 1956 5569 fuga
1989 5520 2083 5560 re-

421 5571 1198 5650 trahendicommoditatem
1223 5571 1608 5650 imperatoris
1625 5577 1910 5650 ministris
1933 5594 2074 5648 prai-

419 5644 662 5722 riperet.
695 5644 833 5722 Χγτ..
867 5675 934 5686 -—
966 5649 1144 5722 Magis
1172 5644 1398 5722 arridet
1427 5649 1594 5705 uncis
1619 5648 1710 5704 vel
1732 5648 1907 5704 ferris
1933 5644 2075 5704 acu-

416 5708 498 5770 tii
524 5708 710 5786 ped»
738 5715 801 5768 ot
824 5708 1088 5785 ungula;
1099 5719 1434 5790 portat-use
1453 5736 1634 5792 quam
1653 5735 1867 5782 nervos
1897 5736 2074 5795 equo-

2190 5513 2322 5570 rum
2361 5497 2695 5570 ,Samonam
2731 5495 3124 5570 praecidisse;
3173 5499 3371 5570 fugam
3431 5499 3588 5559 enim
3643 5499 3829 5559 latere

2183 5569 2478 5698 Enpiebat,
2510 5576 2569 5627 et
2591 5587 2694 5628 vox
2717 5567 3081 5646 ἀγκυλοκοπῶ
3111 5589 3146 5629 a
3176 5567 3461 5633 scissione
3491 5580 3579 5632 est
3609 5575 3824 5633 aliena.

2229 5657 2361 5700 om.
