4130 6218
427 309 581 400 ιιεε

428 579 622 628 suum,
652 559 807 631 quod
829 573 1004 628 prope
1029 555 1231 611 fanum
1259 556 1672 627 Apostolorum
1705 558 2074 626 condiderat,

431 653 846 723 imperatorem
875 645 1160 707 invitavit,
1182 651 1247 700 ut
1271 645 1626 701 dedicationi
1662 647 1790 718 ejus
1823 654 1880 703 et
1899 663 2076 718 pran-

431 742 526 797 dio
558 742 888 794 interesset.
914 737 997 791 lbi
1027 737 1221 791 subito
1241 737 1562 791 vehemens
1586 737 1815 793 Africus
1839 743 2077 792 exortus

426 831 612 885 multa
657 827 959 884 concussit
1005 825 1256 892 mdilicia
1313 827 1705 898 hominesque
1764 827 2072 889 exterruit.

421 921 569 977 adeo
601 924 666 973 ut
692 933 908 972 omnes
936 915 1212 972 domibus
1245 915 1468 971 relictis
1499 915 1606 970 sub
1653 915 1815 970 dium
1863 917 2073 988 profu-

419 1011 630 1085 gerint.
672 1007 865 1062 Imber
893 1012 1094 1062 autem
1115 1006 1359 1061 obortus
1391 1021 1520 1060 eam
1554 1005 1877 1076 procellam
1909 1006 2072 1060 seda-

416 1105 518 1160 vit.
565 1105 787 1159 Rursus
843 1100 1060 1155 classe.
1088 1101 1491 1169 Agarenorum
1536 1101 1743 1152 contra
1772 1097 2068 1152 Romanos

419 1197 711 1267 provecta.
747 1206 868 1244 sum
911 1189 1085 1244 classi
1129 1188 1453 1258 imperator
1499 1185 1829 1242 Himerium
1875 1185 2066 1240 dromi

416 1282 776 1355 logothetam
810 1277 1078 1351 prmﬁcit,
1121 1276 1295 1346 eique
1341 1275 1614 1347 adjungit
1665 1273 2066 1330 Andronicum

419 1375 660 1428 Ducam.
695 1370 798 1424 Hic
831 1368 1137 1433 Samonas,
1169 1366 1268 1436 qui
1319 1364 1477 1436 quod
1505 1381 1537 1418 a
1565 1363 1947 1418 Constantino
1993 1379 2065 1418 ex

415 1463 571 1537 fuga,
603 1465 670 1516 ut
699 1457 1177 1520 monstravimus,
1211 1460 1502 1509 retractus
1531 1454 1744 1519 fuerat,
1779 1453 2061 1522 implaca-

414 1553 534 1608 bile
567 1551 626 1605 in
657 1550 848 1605 Ducas
878 1547 1079 1602 odium
1103 1545 1363 1616 gerebat,
1389 1543 1708 1614 quemdam
1740 1540 2061 1597 Andronici

415 1639 799 1696 familiarium
834 1637 1139 1704 subornat,
1172 1634 1345 1705 eique
1379 1631 1698 1704 persuadet
1725 1637 1789 1685 ut
1831 1630 2060 1686 occulte

415 1729 824 1789 Andronicum
859 1743 961 1798 per
1010 1725 1238 1779 litteras
1288 1727 1526 1777 moneat
1574 1738 1647 1776 ne
1695 1720 1891 1776 navim
1918 1736 2063 1775 con-

335 1879 338 1883 ,
416 1819 698 1877 scendat:
743 1833 884 1872 nam
917 1816 1358 1886 imperatorem,
1390 1828 1424 1866 a
1453 1812 1708 1866 Samona
1747 1825 1815 1864 eo
1862 1815 2055 1880 petra-
2091 1853 2138 1919 Β

455 1917 462 1919 ι
606 1908 667 1919 -.ι
810 1907 820 1917 ο
888 1906 898 1916 ο
983 1905 993 1915 ι
1337 1918 1342 1919 ,
1381 1901 1418 1919 1ο
1457 1917 1564 1919 μ-η
1601 1900 1776 1919 I-A___-
1811 1897 2030 1919 J-JZ_--

414 1907 863 1971 ctum.Himerio
886 1905 1071 1976 ipsius
1088 1901 1422 1958 excazcandi
1441 1900 1784 1956 mandatum
1804 1897 2060 1966 dedisse,

413 2007 473 2055 et
501 1997 877 2054 Andronicus
910 1993 1123 2048 litteris
1162 1992 1232 2046 iis
1264 1989 1522 2061 acceptis
1556 1989 1750 2044 noluit
1785 2003 1918 2042 cum
1967 1988 2061 2041 Hi-

413 2087 600 2143 merio
633 2087 690 2139 in
716 2083 940 2138 bellum
966 2082 1067 2135 ire.
1097 2080 1390 2135 Himerius
1413 2080 1611 2148 itaque
1635 2076 1797 2131 solus
1819 2081 2058 2130 coactus

413 2182 502 2232 est
549 2179 715 2229 sexta
763 2169 1033 2226 Octobris
1071 2167 1164 2222 die
1215 2183 1350 2222 cum
1399 2165 1670 2220 hostibus
1717 2163 2058 2235 conﬂigere,

414 2278 636 2333 eosque
666 2258 879 2314 devicit
910 2263 968 2312 et
997 2255 1310 2312 interfecit.
1341 2255 1462 2319 Quo
1485 2253 1740 2326 cognito.
1775 2251 2062 2307 Androni-

411 2370 516 2410 cus
547 2350 880 2422 desperatis
914 2347 1036 2401 suis
1076 2345 1253 2400 rebus
1285 2360 1351 2398 ac
1382 2342 1730 2404 convasatis.
1764 2357 1899 2397 cum
1943 2357 2058 2396 ne-

407 2440 688 2498 cessariis
721 2456 785 2494 ac
816 2437 1000 2493 servis
1030 2434 1153 2490 suis
1184 2432 1494 2489 castellum
1520 2431 1819 2504 quoddam
1852 2431 2054 2486 ιοοτ

411 2529 719 2602 occupavit
748 2543 928 2599 supra
949 2524 1214 2580 Iconium
1247 2523 1448 2579 situm.
1481 2521 1757 2576 Cabalam
1792 2520 2054 2585 nomine,

407 2627 467 2676 et
506 2619 580 2675 ad
625 2617 1017 2674 defectionem
1047 2613 1350 2684 spectavit.
1387 2613 1459 2665 At
1502 2611 1789 2666 Samonas
1819 2615 2056 2679 arrepta

403 2708 713 2766 occasione
747 2721 866 2761 non
892 2703 1067 2759 desiit
1094 2702 1513 2774 imperatorem
1537 2699 1732 2754 verbis
1755 2698 2054 2753 concitare

401 2806 582 2870 atque
615 2797 890 2853 irritare:
939 2810 1000 2848 se
1050 2791 1275 2847 dudum
1332 2789 1594 2844 sensisse
1645 2787 2056 2844 Andronicum

403 2887 796 2945 defectionem
847 2882 1161 2956 parturire,
1195 2885 1253 2935 et
1282 2894 1410 2934 esse
1441 2878 1570 2949 ejus
1617 2876 1853 2931 conatui
1898 2883 2058 2930 ante-

403 2975 784 3034 vertendum:
810 2974 1229 3044 imperatorem
1253 2966 1588 3024 cunctando
1612 2966 1896 3036 optimam
1921 2965 2052 3037 ejus

407 3067 491 3124 rei
524 3063 895 3120 occasionem
941 3060 1257 3124 aimisisse,
1289 3062 1465 3127 atque
1492 3055 1574 3109 ita
1612 3054 1843 3109 hostem
1877 3070 1906 3108 e
1937 3071 2054 3109 ma-

403 3157 578 3214 nibus
610 3152 883 3209 evasisse.
917 3150 1028 3205 Sed
1076 3148 1162 3202 vel
1199 3148 1282 3201 sic
1313 3144 1538 3216 aliquid
1583 3143 1940 3210 conandum,
1976 3159 2050 3198 ne

1780 331 2097 397 GEORGII
2139 332 2476 399 CEDllENI

494 471 666 530 Iunio
699 484 902 525 mense
935 466 1359 522 Constantinus
1382 464 1520 521 Afer
1546 465 1606 521 in
1637 465 2068 524 monasterium
2103 470 2154 535 Α

3684 337 3831 403 11158

2255 463 2468 540 Ἰουνίῳ
2529 466 2585 526 δὶ
2668 468 2800 542 μηνὶ
2866 467 3219 545 προσεκλήθη
3277 468 3426 526 Λέων
3481 471 3510 527 6
3579 467 3840 546 βασιλεὺς·

2179 560 2324 632 παρά
2383 558 2783 616 Κωνσταντίνου
2827 557 2923 614 τοῖ’)
2983 556 3147 622 Λιϐὸς
3206 559 3285 621 εἰς
3341 561 3440 627 τήν
3500 581 3828 637 καινουργη.

2179 650 2354 704 θεῖσαν
2387 652 2511 726 παρ’
2542 650 2707 704 αὐτοῦ
2747 650 2922 721 μονήν
2962 643 3139 725 ἔγγιον
3184 654 3292 704 τῶν
3325 650 3526 725 Ἀγίων
3556 652 3826 707 Ἀποστό-

2179 735 2314 798 λων,
2352 736 2432 816 ἐφ’
2485 737 2531 810 ᾦ
2587 739 2656 792 τά
2711 735 2949 812 ἐγκαίνια
2998 736 3302 794 ἐπιτελέσαι
3361 737 3450 792 καὶ
3511 738 3824 809 ἀριστῆσαι.

2177 826 2457 902 ἘΞ-αἴφνης
2515 825 2604 882 οὖν
2674 820 2920 881 ἔπνευσεν
2978 828 3174 899 ἄνεμος
3241 825 3343 901 λὶψ
3416 825 3654 906 σφοδρὸς
3737 828 3823 883 καὶ

2179 915 2469 971 συνέσεισεν
2526 912 2822 987 οἰκοδομάς
2881 913 3118 984 πολλάς,
3171 916 3261 970 καὶ
3323 916 3642 990 συνετάραξε
3699 917 3821 980 τοὺς

2178 1005 2494 1081 ἀνθρώπους
2552 1004 2639 1060 καὶ
2695 999 3048 1084 ἐξεφόϐησεν,
3111 1005 3187 1068 ὼς
3243 1005 3444 1068 πάντας
3495 1007 3714 1084 φεύγειν
3767 1007 3825 1063 ἐκ

2171 1099 2282 1149 τῶν
2317 1093 2509 1150 οῗκιῶν
2542 1094 2615 1156 εἷς
2643 1093 2709 1150 τά
2739 1094 2992 1168 ὕπαιθρα.
3052 1089 3300 1173 Ὄμϐρος
3329 1092 3376 1149 δ’
3433 1095 3821 1170 ἐπιγενόμενος

2173 1178 2364 1254 ἔστησε
2425 1185 2524 1252 τὴν
2591 1182 2850 1254 τοιαύτην
2924 1180 3213 1258 καταιγίδα
3249 1227 3262 1240 .
3327 1185 3540 1240 Στόλου
3599 1182 3661 1241 δὲ
3711 1190 3819 1241 τῶν

2175 1273 2491 1348 Ἀγαρηνῶν
2545 1273 2680 1329 κατὰ
2739 1272 3028 1346 Ῥωμαίων
3087 1272 3413 1344 ἐξελθόντος,
3474 1276 3502 1330 6
3555 1275 3815 1350 βασιλεὺς

2170 1362 2404 1435 Ἱμέριον
2451 1363 2543 1418 τὸν
2603 1359 2898 1437 λογοθέτην
2953 1367 3050 1417 τοῦ
3105 1360 3314 1439 δρόμου
3372 1363 3688 1440 ἀρχηγέτην
3718 1369 3813 1419 τοῦ

2168 1455 2482 1523 Ῥωμαῖκοῦ
2538 1452 2834 1522 κατέστησε
2893 1451 3110 1508 στόλου.
3200 1453 3547 1532 Προσετὲχθη
3612 1451 3672 1510 δὲ
3729 1456 3820 1510 καὶ

2172 1536 2513 1613 Ἀνδρόνικος
2541 1540 2569 1594 6
2601 1539 2731 1609 Δοὺε
2773 1537 3132 1603 συνεισελθεῖν
3187 1539 3334 1612 αὐτῷ
3390 1541 3482 1595 καὶ
3537 1541 3814 1616 ἀγωνίσαο

2170 1630 2291 1682 σθαι
2347 1629 2482 1684 κατὰ
2536 1632 2644 1684 τῶν
2701 1629 3041 1703 ’Λγαρηνῶη
3098 1629 3155 1682 ’0
3216 1625 3270 1685 δί
3303 1635 3566 1703 Σαμωνὶς
3589 1634 3672 1696 τῷ
3701 1635 3810 1685 τῶν

2169 1723 2386 1773 Δουκῶν
2416 1718 2556 1793 γένει
2595 1715 3010 1780 ἀκατάλλακτος
3059 1716 3134 1772 ὢν
3185 1717 3384 1794 ἐχθρὸς
3428 1716 3517 1774 διά
3543 1720 3641 1788 τὴν
3672 1720 3820 1793 παρά

2166 1812 2262 1862 τοῦ
2340 1807 2738 1862 Κωνσταντίνου
2814 1808 3162 1882 κατάσχεσιν,
3250 1808 3465 1870 ὑποθείς
3545 1829 3652 1864 τινι
3708 1814 3816 1864 τῶν

2171 1899 2184 1920 ,
2274 1894 2298 1914 κ
2410 1896 2422 1916 1
2632 1893 2667 1914 n
2823 1891 2846 1911 υ
3711 1899 3724 1914 .
3769 1897 3784 1911 .

2190 1908 2525 1970 Λνορονικαυ
2585 1917 2761 1973 φιΑων
2820 1916 3000 1952 επεισε
3053 1896 3253 1970 γράψαι
3313 1894 3590 1972 λαθραίως
3655 1919 3735 1969 μτ,
3767 1919 3818 1953 εν

2164 1992 2281 2047 τοῖς
2340 1987 2558 2048 πλοίοις
2636 1984 2924 2055 εἰσελθεῖν,
2981 1990 3080 2040 τοῦ
3146 1985 3387 2060 Ἱμερίου
3446 1985 3818 2063 παράγγελμα

2163 2070 2385 2152 ἔχοντος
2420 2072 2480 2129 ἐκ
2517 2072 2785 2150 βασιλέως
2819 2069 3068 2148 ὑποϐολῇ
3101 2078 3198 2129 τοῦ
3250 2081 3490 2147 Σαμωνᾶ
3531 2073 3811 2152 ἐκτυφλῶ-

2165 2183 2252 2216 στι
2308 2162 2463 2218 αὐνόν
2499 2208 2512 2221 .
2568 2169 2654 2226 Ὠς
2713 2161 2801 2217 οὖν
2854 2159 3068 2233 ἐδέξατο
3128 2163 3363 2238 γράμμα
3398 2207 3412 2233 ,
3489 2164 3592 2220 οὐκ
3648 2139 3806 2233 {Oak

2163 2256 2241 2324 τῷ
2287 2252 2506 2326 Ὶμερίῳ
2564 2250 2939 2314 συνεισελθεῖν.
3003 2253 3095 2308 Διὸ
3144 2253 3235 2306 καὶ
3287 2254 3450 2325 μόνος
3491 2256 3801 2329 ἠναγκάσθη

2162 2342 2299 2397 κατὰ
2329 2343 2428 2412 τήν
2480 2350 2523 2408 ς’
2577 2346 2674 2397 τοῦ
2733 2335 3070 2414 Ὀκτωϐρίου
3129 2341 3301 2413 μηνὸς
3353 2338 3661 2415 συμϐαλεῖν
3694 2347 3809 2404 τοῖς

2163 2429 2405 2506 ἐχθροῖς.
2467 2430 2568 2488 Καὶ
2626 2425 2924 2504 συμϐαλὼν
2981 2427 3240 2504 ἐτρέψατο
3297 2430 3434 2486 κατᾶ
3488 2430 3693 2506 κράτος
3725 2431 3811 2486 καὶ

2161 2521 2405 2597 ἠφάνισε.
2457 2521 2540 2594 [Ρ.
2600 2521 2726 2592 603]
2779 2522 2953 2576 Τοῦτο
3013 2520 3198 2592 μαθὼν
3256 2519 3284 2575 ὀ
3317 2518 3671 2596 Ἀνδρόνικος
3728 2524 3812 2575 καί

2159 2616 2276 2674 τοῖς
2334 2610 2488 2672 ὅλοις
2520 2609 2855 2684 ἀπεγνωκὼς
2914 2610 3381 2678 συσκευασάμενος
3443 2608 3562 2682 ἅμα
3621 2631 3815 2686 συγγε-

2156 2700 2264 2755 νέσι
2296 2699 2385 2754 καὶ
2417 2696 2639 2760 δούλοις
2669 2699 2840 2754 αὐτοῦ
2873 2695 3124 2762 ἀπελθὼν
3156 2696 3386 2774 κατέσχε
3440 2720 3495 2753 τι
3546 2700 3812 2775 φρούριον

2158 2791 2360 2846 ἂνωοεδ
2408 2794 2505 2846 τοῦ
2554 2789 2786 2847 Ἰκονίου
2819 2786 3184 2861 διακειμενον,
3233 2791 3262 2844 ὃ
3296 2785 3552 2845 Καόάλαν
3587 2790 3804 2861 ὠνόμα-

2161 2886 2271 2950 ζον,
2325 2881 2414 2935 καὶ
2472 2878 2548 2941 είς
2607 2879 2938 2934 ἀποστασίαν
2995 2873 3239 2952 ἔϐλεψιν.
3302 2878 3413 2934 Οὐκ
3466 2878 3602 2934 ἀνίει
3673 2877 3721 2934 δ’
3778 2880 3806 2934 6

2156 2975 2419 3041 Σαμωνᾶς
2475 2967 2731 3043 ἀφορμῆς
2792 2965 2958 3041 δραξά
2980 2989 3124 3032 ιενος
3198 2968 3288 3022 καὶ
3343 2969 3652 3042 παροξύνων
3712 2969 3804 3022 καὶ

2153 3059 2530 3133 συνταράσσων
2559 3059 2650 3114 τὸν
2686 3058 2932 3134 βασιλέα,
2965 3059 3058 3114 καὶ
3093 3057 3297 3136 λέγων,
3331 3057 3406 3120 ὡς
3456 3059 3596 3134 Ἐγὼ
3629 3057 3798 3114 πάλαὶ

2153 3151 2562 3220 κατανενοήκειν
2611 3149 2698 3203 νὸν
2787 3145 3120 3216 ἄνθεωπιιν,
3181 3147 3272 3203 καὶ
3343 3147 3417 3210 ὡς
3467 3147 3792 3204 ἀποστασίαν

404 3208 572 3319 quod
593 3208 664 3299 ab
695 3259 766 3297 eo
786 3240 1104 3310 accipiatur
1129 3208 1433 3291 damnum:
1469 3234 1588 3288 Hoc
1610 3234 1778 3304 quasi
1803 3208 2046 3288 stimulo

2165 3236 2338 3294 ὡδίνει
2369 3239 2456 3293 καὶ
2509 3238 2584 3300 ὼς
2613 3239 2726 3313 λρή
2763 3232 3198 3311 προκαναλαόεῖν
3251 3238 3347 3299 τάς
3403 3237 3577 3309 ὁρμάς
3618 3236 3797 3292 αὐτοῦ.

398 3337 681 3394 incitatus
714 3333 824 3386 Leo
867 3328 1173 3383 lberitzam
1205 3326 1520 3396 Gregoram
1572 3321 1909 3376 scholarum
1941 3321 2047 3376 do-

397 3424 711 3482 mesticum
732 3427 790 3474 et
808 3415 1128 3473 Andronici
1150 3414 1387 3468 affinem
1407 3427 1538 3467 cum
1561 3409 1750 3465 valido
1785 3409 2046 3464 exercitu

399 3518 605 3568 contra
640 3506 1044 3563 Andronicum
1091 3501 1326 3558 emittit.
1377 3499 1753 3555 Andronicus
1801 3497 1900 3552 ubi
1933 3499 2044 3552 hoc

401 3600 658 3665 rescivit,
702 3603 762 3652 et
817 3594 1122 3651 Nicolaum
1171 3591 1592 3663 patriarcham.
1632 3605 1748 3660 quo
1789 3588 2046 3644 maxime

401 3698 530 3750 erat
556 3691 760 3756 frctus,
794 3685 1047 3741 ecclesia
1084 3683 1338 3754 cjectum
1372 3697 1524 3743 esse,
1575 3678 1793 3734 Gabala
1840 3679 2049 3734 relicta

400 3782 474 3840 ad
505 3783 802 3846 Agarenos
835 3792 966 3832 cum
1002 3772 1280 3829 omnibus
1313 3771 1435 3824 suis
1463 3768 1755 3840 profugit;
1791 3784 2046 3839 eumque

396 3885 778 3929 amermunes
809 3865 1139 3922 honorifice
1164 3861 1482 3917 admodum
1517 3860 1762 3931 accepit.
1794 3861 2048 3930 Impera-

395 3971 487 4020 tor
517 3978 692 4035 porro
741 3964 1026 4030 reputans
1075 3958 1363 4025 quantum
1412 3951 1524 4005 isto
1571 3950 1790 4005 amisso
1834 3948 2047 4005 ducem

397 4053 698 4111 amisisset
727 4054 786 4105 et
818 4047 1047 4119 qualem
1073 4050 1230 4099 esset
1260 4041 1572 4096 habiturus
1603 4039 2046 4108 hostem,animi

400 4141 745 4215 angebatur.
780 4144 837 4192 et
858 4132 1155 4207 quomodo
1187 4147 1324 4188 eum
1353 4129 1664 4184 reduceret
1693 4127 1766 4183 ad
1797 4144 1936 4183 suos
1957 4144 2050 4183 co-

397 4233 644 4308 gitabat.
685 4228 1034 4286 Scribuntur
1085 4221 1323 4278 tandem
1370 4219 1580 4274 litterae
1630 4217 2046 4289 imperatoriae,

400 4307 618 4396 quibus
666 4316 999 4374 Andronico
1031 4318 1089 4369 et
1118 4312 1476 4366 otfensarum
1517 4307 1785 4364 omnium
1830 4307 2047 4363 oblivio

405 4417 463 4466 et
494 4409 717 4464 reditus
763 4405 1003 4461 domum
1037 4408 1096 4457 et
1124 4400 1377 4474 pristina
1425 4396 1681 4469 dignitas
1729 4401 1906 4467 atque
1929 4396 2050 4451 for-

403 4505 564 4556 tuna)
589 4503 644 4552 et
678 4496 995 4550 innumera
1042 4491 1198 4546 dona
1245 4505 1314 4544 ac
1361 4484 1652 4542 beneficia
1695 4485 2044 4540 offeruntur.

2158 3328 2308 3384 Ἐπεὶ
2356 3325 2414 3382 δέ
2469 3330 2538 3399 τῇ
2592 3330 2660 3400 σῇ
2714 3325 3003 3398 μελλήσει,
3037 3327 3084 3380 ὦ
3118 3325 3366 3400 βασιλεῦ,
3420 3331 3664 3399 παρεῖται
3693 3324 3790 3395 μὲν

2159 3417 2189 3472 6
2246 3413 2558 3485 ἐπιτήδειος
2640 3417 2729 3470 καὶ
2816 3415 3010 3490 ῥᾷστος
3101 3415 3191 3468 καὶ
3267 3415 3437 3491 ᾤχετο
3493 3412 3552 3468 ἐκ
3607 3414 3778 3484 μέσων

2160 3508 2320 3579 ἡμῶν
2351 3510 2459 3561 τῶν
2485 3510 2685 3580 χειρῶν
2721 3505 2748 3559 6
2777 3503 3046 3578 πολέμιος
3072 3505 3165 3559 τὸν
3221 3501 3467 3577 δεύτερον
3493 3501 3586 3557 κᾶν
3617 3500 3780 3557 πλοῦν

2159 3596 2441 3668 ποιητέον,
2477 3599 2552 3671 μή
2594 3596 2682 3652 καὶ
2744 3597 2884 3669 λάθῃ
2943 3591 3142 3669 δράσας
3200 3615 3252 3649 τι
3285 3592 3496 3666 μᾶλλον
3527 3593 3562 3662 ἢ
3593 3592 3792 3655 παθών.

2159 3687 2389 3752 Τούτοις
2444 3692 2562 3751 τοῖς
2608 3685 2799 3763 λόγοις
2859 3683 3042 3760 ὥσπερ
3097 3684 3207 3740 τινὶ
3262 3681 3536 3755 πλήκτρῳ
3565 3680 3735 3756 νυγείς
3767 3680 3794 3734 6

2165 3776 2419 3852 βασιλεὺς
2472 3777 2567 3832 τὸν
2623 3770 2934 3848 ’ίόηρίτζην
2993 3777 3300 3847 Γρηγορᾶν,
3335 3769 3660 3843 δομέστικον
3692 3773 3792 3826 τῶν

2161 3865 2384 3942 σχολῶν
2416 3864 2505 3920 καὶ
2539 3861 2805 3934 κηδεστὴν
2855 3859 3208 3938 Ἀνδρονίκου
3261 3860 3624 3936 τυγχάνοντα,
3671 3857 3797 3929 μετὰ

2161 3951 2443 4025 δυνάμεως
2473 3949 2666 4025 ἀνδρᾶς
2715 3949 3042 4006 ἀποστέλλει
3073 3951 3189 4005 κατ’
3227 3944 3600 4022 ’Λνδρο-οίκου.
3635 3947 3798 4019 Ὅπερ

2165 4041 2348 4115 μαθὼν
2403 4039 2624 4107 ἐκεῖνος,
2670 4039 2761 4094 καὶ
2810 4039 2886 4104 ὡς
2924 4041 2952 4094 6
2990 4038 3342 4114 πατριάρχης
3401 4033 3678 4096 Νικόλαος
3711 4078 3725 4102 ,
3755 4035 3800 4106 ᾧ

2160 4132 2226 4186 τὰ
2257 4129 2444 4186 πολλὰ
2491 4128 2725 4205 ἐθάῤῥει,
2758 4123 3025 4198 ἐξεϐλήθη
3083 4130 3186 4192 τῆς
3243 4125 3541 4194 ἐκκλησίας
3580 4123 3803 4181 καταλι·

2162 4219 2279 4276 πῶν
2328 4221 2428 4289 τὴν
2495 4214 2746 4275 Καῦάλαν
2814 4216 3032 4272 πανοικὶ
3111 4218 3418 4292 προσέφυγε
3473 4220 3590 4276 τοῖς
3649 4215 3807 4289 ’Δγα-

2164 4313 2373 4386 ρῃνοῖς·
2424 4308 2483 4364 ὅν
2533 4309 2561 4364 6
2615 4307 3012 4382 ἀμερμουμνῆς
3057 4304 3293 4378 ἓντίμως
3346 4304 3434 4358 καὶ
3471 4299 3808 4379 μεγαλοπρε-

2163 4403 2279 4459 πῶς
2339 4393 2573 4470 ἐδέξατο.
2627 4394 3120 4468 Ἀναλογισάμενος
3175 4390 3226 4448 δ’
3281 4394 3308 4448 6
3362 4389 3620 4468 βασιλεὺς
3684 4391 3800 4444 οἷον

2163 4485 2415 4543 ἀπώλεσε
2469 4485 2772 4561 στρατηγὸν
2800 4483 2892 4539 καὶ
2932 4483 3051 4538 οἷον
3079 4480 3214 4553 ἕξειν
3246 4480 3521 4555 πολέμιον
3555 4475 3808 4555 ἔμελλεν,

400 4594 495 4648 Eas
526 4602 698 4644 cereo
742 4582 984 4638 inclusa:
1033 4580 1355 4634 Sarraceno
1388 4576 1646 4644 cuidam,
1679 4590 1710 4628 e
1750 4573 2048 4645 pra-toria-

2165 4575 2413 4653 ἤσχαλλε
2471 4574 2562 4630 καὶ
2611 4571 2894 4648 ἐδυσφόρει
2942 4573 3032 4628 καὶ
3077 4571 3283 4646 τρόπον
3342 4569 3522 4640 ἐζήτει
3591 4574 3712 4630 πῶς
3753 4569 3810 4623 ἄν

401 4681 494 4739 nis
526 4675 770 4749 captivis
802 4671 871 4729 ad
907 4686 1205 4726 summum
1240 4669 1498 4723 favorem
1519 4664 1824 4736 producto,
1857 4663 1918 4719 in
1952 4663 2049 4734 Sy.

399 4771 549 4827 riam
573 4763 912 4824 Andronico
943 4757 1303 4833 perfereedze
1325 4755 1660 4810 traduntur.
1696 4751 1900 4810 1008
1928 4753 2052 4808 Dis-

400 4859 708 4916 cedentem
755 4855 1145 4910 Sarracenum
1178 4847 1465 4902 Samonas
1498 4842 1747 4898 seorsim
1792 4840 2051 4914 compel-

399 4949 551 5011 laus,
577 4970 605 4998 «
631 4945 777 5007 Scis,
809 4943 911 5010 ait,
945 4939 1086 5012 quid
1119 4934 1362 5010 portes?
1385 4957 1412 4983 υ
1436 4949 1630 4988 ceram
1653 4931 2048 4986 innuens.Ne-

397 5037 580 5112 genti,
615 5057 644 5086 (ι
676 5036 842 5100 Cera,
876 5029 1090 5100 inquit.
1123 5041 1300 5097 quam
1340 5028 1554 5096 gestas,
1587 5020 1770 5092 Syrias
1803 5026 1893 5075 est
1923 5020 2048 5074 exi-

399 5110 542 5184 tium
572 5145 585 5195 ;
620 5132 679 5182 et
707 5131 792 5187 tu.
827 5121 873 5178 si
907 5135 1023 5193 qua
1055 5117 1161 5172 tibi
1202 5115 1399 5188 gentis
1427 5119 1487 5168 et
1537 5110 1806 5168 eamdem
1854 5116 2050 5164 tecum

397 5217 746 5289 religionem
791 5210 1113 5267 colentium
1147 5211 1240 5260 est
1279 5220 1442 5274 cura,
1477 5218 1606 5258 eam
1638 5199 1809 5255 veziri
1835 5199 1897 5254 in
1930 5215 2050 5254 ma-

399 5322 510 5360 nus
544 5306 706 5361 trade
754 5325 780 5353 »ι
813 5300 1268 5358 Promittentem
1303 5295 1382 5350 ita
1402 5293 1695 5349 facturum
1721 5290 1894 5347 donis
1924 5307 2053 5364 pre-

401 5394 572 5451 tiosis
605 5393 915 5468 magniﬁce
965 5396 1056 5447 est
1106 5385 1452 5445 demeritas.
1504 5385 1652 5453 Ergo
1683 5383 2050 5440 Carracenus

2159 4666 2317 4723 αὐτὸν
2377 4670 2497 4727 τοῖς
2547 4663 2850 4737 Ῥωμαίοις
2907 4661 3362 4731 ἐπανασώσηται.
3421 4656 3668 4735 Ἐγένετο
3722 4658 3814 4714 οὖν

2156 4755 2389 4829 γράμμα
2449 4750 2732 4828 βασιλικὸν
2781 4749 2954 4806 πᾶσάν
3000 4768 3059 4804 τε
3085 4747 3393 4822 ἀμνηστίαν
3439 4747 3586 4818 αὐτῷ
3631 4750 3814 4800 κακῶν

2159 4842 2549 4918 χαριζόμενον,
2597 4840 2696 4907 τήν
2749 4835 2936 4893 δίκαδέ
2983 4857 3043 4893 τε
3100 4836 3432 4911 ἐπιστροφὴν
3491 4831 3808 4908 ἐπιτρέπον,

2157 4930 2246 4986 καὶ
2303 4933 2403 5002 τήν
2455 4929 2720 5005 προτέραν
2769 4926 3066 5002 εὐημερίαν
3111 4924 3654 5001 καθυπισχνούμενον
3716 4923 3812 4979 καὶ

2163 5020 2355 5095 μυρίας
2388 5017 2558 5080 ἄλλας
2615 5013 2820 5092 δωρεάς
2875 5015 2964 5071 καὶ
3025 5013 3346 5092 εὐεργεσίας·
3409 5014 3540 5088 ὅπερ
3594 5010 3814 5082 ἐλίξαν-

2157 5131 2246 5173 τες
2302 5113 2460 5184 κηρῷ
2519 5103 2766 5179 λαμπάδι
2824 5105 3174 5180 προσεοικότι
3255 5100 3466 5159 διδοῦσί
3535 5123 3644 5158 τινι
3697 5107 3810 5159 τῶν

2161 5203 2496 5274 Σαρακηνῶν
2529 5196 2636 5252 ἀπὸ
2683 5201 2782 5252 τοῦ
2832 5192 3173 5269 πραιτωρίου
3222 5197 3336 5267 (34)
3368 5187 3691 5262 ἐκϐληθέντι
3723 5193 3818 5248 καὶ

2163 5285 2597 5362 μεγαλοπρεπῶς
2648 5281 3100 5365 φιλοφρονηθέντι
3134 5326 3147 5352 ,
3199 5281 3596 5356 ἐπισκήψαντες
3646 5280 3820 5338 ἀπελ·

2161 5379 2271 5434 θεῖν
2303 5375 2354 5431 ἐν
2418 5375 2588 5450 Συρίᾳ
2653 5373 2744 5430 καὶ
2802 5370 3102 5452 ἐγχειρίσαι
3154 5373 3316 5428 τοῦτο
3346 5374 3424 5443 τῷ
3453 5367 3821 5445 Ἀνδρονίκῳ.

1569 5499 1932 5557 XYLANDRI
1971 5501 2057 5559 ET
2098 5498 2312 5556 GUARI
2352 5496 2574 5552 ΝΟΤΕ.

468 5599 739 5758 Wo
767 5599 855 5659 rei
897 5599 962 5657 in
1017 5599 1356 5656 carceribus
1406 5606 1516 5650 nec

673 5686 930 5760 .mws
963 5683 1142 5748 cum
1213 5718 1310 5748 --.
1353 5739 1396 5750 ..

704 5614 739 5656 ο
767 5597 855 5659 ι’σί
897 5596 962 5657 in
1017 5593 1356 5656 carceribus
1406 5606 1516 5650 nec
1571 5603 1692 5647 non
1742 5587 2019 5648 Saraceni
2050 5587 2130 5648 ob
2157 5585 2474 5666 profanam
2532 5584 2882 5662 religionem
2939 5581 3381 5667 detinebantur,
3435 5581 3503 5636 ut
3553 5577 3811 5652 jamjam
