  <div class='ocr_page' id='page_1' title='image "/cluster/home/n/w/nwhite01/storage/ocr_20150623/121/hvd.32044073502478/584.png"; bbox 0 0 4130 6218; ppageno 0'>
   <div class='ocr_carea' id='block_1_1' title="bbox 312 351 472 420">
    <p class='ocr_par' dir='ltr' id='par_1_1' title="bbox 312 351 472 420">
     <span class='ocr_line' id='line_1_1' title="bbox 312 351 472 420; baseline -0.038 0"><span class='ocrx_word' id='word_1_1' title='bbox 312 351 472 420; x_wconf 71' lang='grc'>115⁸1</span> 
     </span>
    </p>
   </div>
   <div class='ocr_carea' id='block_1_2' title="bbox 1408 333 2557 410">
    <p class='ocr_par' dir='ltr' id='par_1_2' title="bbox 1408 333 2557 410">
     <span class='ocr_line' id='line_1_2' title="bbox 1408 333 2557 410; baseline -0.008 0"><span class='ocrx_word' id='word_1_2' title='bbox 1408 339 1968 410; x_wconf 74' lang='lat' dir='ltr'>HISTORIARUM</span> <span class='ocrx_word' id='word_1_3' title='bbox 2011 333 2557 404; x_wconf 78' lang='lat' dir='ltr'>COMPENDIUM.</span> 
     </span>
    </p>
   </div>
   <div class='ocr_carea' id='block_1_3' title="bbox 3563 352 3726 417">
    <p class='ocr_par' dir='ltr' id='par_1_3' title="bbox 3563 352 3726 417">
     <span class='ocr_line' id='line_1_3' title="bbox 3563 352 3726 417; baseline 0.025 -3"><span class='ocrx_word' id='word_1_4' title='bbox 3563 352 3726 417; x_wconf 72' lang='grc'>1158</span> 
     </span>
    </p>
   </div>
   <div class='ocr_carea' id='block_1_4' title="bbox 319 469 1966 561">
    <p class='ocr_par' dir='ltr' id='par_1_4' title="bbox 319 469 1963 561">
     <span class='ocr_line' id='line_1_4' title="bbox 319 469 1963 561; baseline -0.011 -17"><span class='ocrx_word' id='word_1_5' title='bbox 319 485 658 550; x_wconf 72' lang='grc' dir='ltr'>Ἀπελθόντα</span> <span class='ocrx_word' id='word_1_6' title='bbox 683 486 811 561; x_wconf 85' lang='grc' dir='ltr'>γοῦν</span> <span class='ocrx_word' id='word_1_7' title='bbox 839 479 1278 556; x_wconf 67' lang='grc' dir='ltr'>τὸνΣαρακηνὸν</span> <span class='ocrx_word' id='word_1_8' title='bbox 1330 470 1785 550; x_wconf 76' lang='grc' dir='ltr'>προσλαϐόμενος</span> <span class='ocrx_word' id='word_1_9' title='bbox 1846 469 1963 544; x_wconf 76' lang='grc' dir='ltr'>ῒδίᾳ</span> 
     </span>
    </p>
   </div>
   <div class='ocr_carea' id='block_1_5' title="bbox 2082 469 3723 561">
    <p class='ocr_par' dir='ltr' id='par_1_5' title="bbox 2082 473 3723 556">
     <span class='ocr_line' id='line_1_5' title="bbox 2082 473 3723 556; baseline 0.009 -26"><span class='ocrx_word' id='word_1_10' title='bbox 2082 473 2344 531; x_wconf 86' lang='lat' dir='ltr'><strong>confecto</strong></span> <span class='ocrx_word' id='word_1_11' title='bbox 2377 474 2590 531; x_wconf 84' lang='lat' dir='ltr'>itinere</span> <span class='ocrx_word' id='word_1_12' title='bbox 2619 475 2806 532; x_wconf 79' lang='lat' dir='ltr'><strong>veziro</strong></span> <span class='ocrx_word' id='word_1_13' title='bbox 2837 493 3074 535; x_wconf 80' lang='lat' dir='ltr'>cereum</span> <span class='ocrx_word' id='word_1_14' title='bbox 3117 480 3336 548; x_wconf 81' lang='lat' dir='ltr'>tradit;</span> <span class='ocrx_word' id='word_1_15' title='bbox 3368 482 3534 556; x_wconf 88' lang='lat' dir='ltr'>isque</span> <span class='ocrx_word' id='word_1_16' title='bbox 3587 503 3723 544; x_wconf 79' lang='lat' dir='ltr'><strong>cera</strong></span> 
     </span>
    </p>
   </div>
   <div class='ocr_carea' id='block_1_6' title="bbox 323 563 1974 648">
    <p class='ocr_par' dir='ltr' id='par_1_6' title="bbox 323 563 1974 648">
     <span class='ocr_line' id='line_1_6' title="bbox 323 563 1974 648; baseline -0.01 -15"><span class='ocrx_word' id='word_1_17' title='bbox 323 579 351 635; x_wconf 88' lang='lat'>6</span> <span class='ocrx_word' id='word_1_18' title='bbox 384 579 671 648; x_wconf 81' lang='grc' dir='ltr'>Σαμωνᾶς,</span> <span class='ocrx_word' id='word_1_19' title='bbox 704 599 732 626; x_wconf 86' lang='grc'><em>‹‹</em></span> <span class='ocrx_word' id='word_1_20' title='bbox 765 569 938 632; x_wconf 78' lang='grc' dir='ltr'>Οἶδας</span> <span class='ocrx_word' id='word_1_21' title='bbox 972 573 1000 626; x_wconf 83' lang='grc' dir='ltr'>δ</span> <span class='ocrx_word' id='word_1_22' title='bbox 1030 573 1321 646; x_wconf 84' lang='grc' dir='ltr'>κατέχεις;</span> <span class='ocrx_word' id='word_1_23' title='bbox 1356 593 1382 621; x_wconf 79' lang='grc'>·›</span> <span class='ocrx_word' id='word_1_24' title='bbox 1414 567 1626 642; x_wconf 78' lang='grc' dir='ltr'>ἠρώτα,</span> <span class='ocrx_word' id='word_1_25' title='bbox 1658 567 1749 622; x_wconf 80' lang='grc' dir='ltr'>τὸν</span> <span class='ocrx_word' id='word_1_26' title='bbox 1804 563 1974 636; x_wconf 67' lang='grc' dir='ltr'>κηρὸν</span> 
     </span>
    </p>
   </div>
   <div class='ocr_carea' id='block_1_7' title="bbox 321 652 1969 739">
    <p class='ocr_par' dir='ltr' id='par_1_7' title="bbox 321 652 1969 739">
     <span class='ocr_line' id='line_1_7' title="bbox 321 652 1969 739; baseline -0.009 -19"><span class='ocrx_word' id='word_1_27' title='bbox 321 666 689 737; x_wconf 79' lang='grc' dir='ltr'>αἰν;ξάμενος.</span> <span class='ocrx_word' id='word_1_28' title='bbox 721 663 962 738; x_wconf 71' lang='grc' dir='ltr'>Ἀγνοεῖν</span> <span class='ocrx_word' id='word_1_29' title='bbox 994 659 1038 715; x_wconf 84' lang='grc' dir='ltr'>δ’</span> <span class='ocrx_word' id='word_1_30' title='bbox 1071 661 1273 716; x_wconf 73' lang='grc' dir='ltr'>ἐκείνου</span> <span class='ocrx_word' id='word_1_31' title='bbox 1303 661 1592 739; x_wconf 75' lang='grc' dir='ltr'>φήσαντος.</span> <span class='ocrx_word' id='word_1_32' title='bbox 1628 681 1654 706; x_wconf 80' lang='grc' dir='ltr'>α</span> <span class='ocrx_word' id='word_1_33' title='bbox 1685 657 1746 712; x_wconf 87' lang='grc'>’0</span> <span class='ocrx_word' id='word_1_34' title='bbox 1794 652 1969 716; x_wconf 84' lang='grc' dir='ltr'>δοθείς</span> 
     </span>
    </p>
   </div>
   <div class='ocr_carea' id='block_1_8' title="bbox 320 743 1970 828">
    <p class='ocr_par' dir='ltr' id='par_1_8' title="bbox 320 743 1970 828">
     <span class='ocr_line' id='line_1_8' title="bbox 320 743 1970 828; baseline -0.009 -17"><span class='ocrx_word' id='word_1_35' title='bbox 320 777 404 811; x_wconf 82' lang='grc' dir='ltr'>σοι</span> <span class='ocrx_word' id='word_1_36' title='bbox 461 755 654 828; x_wconf 80' lang='grc' dir='ltr'>κηρὸς,</span> <span class='ocrx_word' id='word_1_37' title='bbox 720 754 766 807; x_wconf 85' lang='grc' dir='ltr'>ὦ</span> <span class='ocrx_word' id='word_1_38' title='bbox 832 749 1014 824; x_wconf 67' lang='grc' dir='ltr'>φίλος,</span> <span class='ocrx_word' id='word_1_39' title='bbox 1081 749 1208 827; x_wconf 73' lang='grc' dir='ltr'>ἔφη,</span> <span class='ocrx_word' id='word_1_40' title='bbox 1265 751 1364 815; x_wconf 69' lang='grc' dir='ltr'>τῆς</span> <span class='ocrx_word' id='word_1_41' title='bbox 1441 744 1637 820; x_wconf 84' lang='grc' dir='ltr'>Συρίας</span> <span class='ocrx_word' id='word_1_42' title='bbox 1732 743 1872 799; x_wconf 79' lang='grc' dir='ltr'>ἐστὶν</span> <span class='ocrx_word' id='word_1_43' title='bbox 1936 745 1970 812; x_wconf 78' lang='grc' dir='ltr'>ἡ</span> 
     </span>
    </p>
   </div>
   <div class='ocr_carea' id='block_1_9' title="bbox 322 833 1972 913">
    <p class='ocr_par' dir='ltr' id='par_1_9' title="bbox 322 833 1972 913">
     <span class='ocr_line' id='line_1_9' title="bbox 322 833 1972 913; baseline -0.009 -14"><span class='ocrx_word' id='word_1_44' title='bbox 322 841 590 899; x_wconf 77' lang='grc' dir='ltr'>ἀπώλεια·</span> <span class='ocrx_word' id='word_1_45' title='bbox 624 841 714 896; x_wconf 76' lang='grc' dir='ltr'>καὶ</span> <span class='ocrx_word' id='word_1_46' title='bbox 755 838 808 895; x_wconf 76' lang='grc' dir='ltr'>εἷ’</span> <span class='ocrx_word' id='word_1_47' title='bbox 869 860 921 894; x_wconf 88' lang='grc' dir='ltr'>τι</span> <span class='ocrx_word' id='word_1_48' title='bbox 974 836 1117 913; x_wconf 82' lang='grc' dir='ltr'>κήδῃ</span> <span class='ocrx_word' id='word_1_49' title='bbox 1177 842 1274 893; x_wconf 83' lang='grc' dir='ltr'>τοῦ</span> <span class='ocrx_word' id='word_1_50' title='bbox 1331 834 1518 897; x_wconf 71' lang='grc' dir='ltr'>ἔθνους</span> <span class='ocrx_word' id='word_1_51' title='bbox 1571 838 1674 889; x_wconf 85' lang='grc' dir='ltr'>τοῦ</span> <span class='ocrx_word' id='word_1_52' title='bbox 1731 837 1828 888; x_wconf 85' lang='grc' dir='ltr'>σοῦ</span> <span class='ocrx_word' id='word_1_53' title='bbox 1883 833 1972 888; x_wconf 81' lang='grc' dir='ltr'>καὶ</span> 
     </span>
    </p>
   </div>
   <div class='ocr_carea' id='block_1_10' title="bbox 321 923 1972 1005">
    <p class='ocr_par' dir='ltr' id='par_1_10' title="bbox 321 923 1972 1005">
     <span class='ocr_line' id='line_1_10' title="bbox 321 923 1972 1005; baseline -0.01 -17"><span class='ocrx_word' id='word_1_54' title='bbox 321 939 431 988; x_wconf 79' lang='grc' dir='ltr'>τῶν</span> <span class='ocrx_word' id='word_1_55' title='bbox 465 930 806 1005; x_wconf 81' lang='grc' dir='ltr'>ὁμοπίστων,</span> <span class='ocrx_word' id='word_1_56' title='bbox 855 929 1013 1004; x_wconf 77' lang='grc' dir='ltr'>χερσὶ</span> <span class='ocrx_word' id='word_1_57' title='bbox 1069 929 1302 983; x_wconf 67' lang='grc' dir='ltr'>κατάθου</span> <span class='ocrx_word' id='word_1_58' title='bbox 1357 930 1520 981; x_wconf 86' lang='grc' dir='ltr'>τοῦτο</span> <span class='ocrx_word' id='word_1_59' title='bbox 1576 929 1673 980; x_wconf 83' lang='grc' dir='ltr'>τοῦ</span> <span class='ocrx_word' id='word_1_60' title='bbox 1713 923 1909 994; x_wconf 79' lang='grc' dir='ltr'>οὐζήρ.</span> <span class='ocrx_word' id='word_1_61' title='bbox 1943 943 1972 972; x_wconf 81' lang='grc'><strong>››</strong></span> 
     </span>
    </p>
   </div>
   <div class='ocr_carea' id='block_1_11' title="bbox 321 1011 1972 1088">
    <p class='ocr_par' dir='ltr' id='par_1_11' title="bbox 321 1011 1972 1088">
     <span class='ocr_line' id='line_1_11' title="bbox 321 1011 1972 1088; baseline -0.008 -10"><span class='ocrx_word' id='word_1_62' title='bbox 321 1023 482 1078; x_wconf 75' lang='grc' dir='ltr'>Ὥστε</span> <span class='ocrx_word' id='word_1_63' title='bbox 513 1019 571 1076; x_wconf 77' lang='grc' dir='ltr'>δὲ</span> <span class='ocrx_word' id='word_1_64' title='bbox 609 1017 929 1088; x_wconf 77' lang='grc' dir='ltr'>δακονῆσαι</span> <span class='ocrx_word' id='word_1_65' title='bbox 986 1023 1102 1073; x_wconf 81' lang='grc' dir='ltr'>τοῖς</span> <span class='ocrx_word' id='word_1_66' title='bbox 1160 1017 1246 1072; x_wconf 83' lang='grc' dir='ltr'>ὑπ’</span> <span class='ocrx_word' id='word_1_67' title='bbox 1301 1014 1468 1070; x_wconf 72' lang='grc' dir='ltr'>αὐτοῦ</span> <span class='ocrx_word' id='word_1_68' title='bbox 1523 1011 1972 1086; x_wconf 83' lang='grc' dir='ltr'>παραγγελθεῖσι,</span> 
     </span>
    </p>
   </div>
   <div class='ocr_carea' id='block_1_12' title="bbox 317 1100 2822 1186">
    <p class='ocr_par' dir='ltr' id='par_1_12' title="bbox 317 1100 2822 1186">
     <span class='ocr_line' id='line_1_12' title="bbox 317 1100 2822 1186; baseline 0.009 -46"><span class='ocrx_word' id='word_1_69' title='bbox 317 1113 409 1170; x_wconf 56' lang='grc' dir='ltr'>καὶ</span> <span class='ocrx_word' id='word_1_70' title='bbox 469 1110 670 1186; x_wconf 49' lang='grc' dir='ltr'>δώροις</span> <span class='ocrx_word' id='word_1_71' title='bbox 729 1109 890 1164; x_wconf 62' lang='grc' dir='ltr'>αὐτὸν</span> <span class='ocrx_word' id='word_1_72' title='bbox 945 1107 1220 1184; x_wconf 58' lang='grc' dir='ltr'>γεγίσςμκς</span> <span class='ocrx_word' id='word_1_73' title='bbox 1290 1101 1610 1164; x_wconf 77' lang='grc' dir='ltr'>πολυτελῶς</span> <span class='ocrx_word' id='word_1_74' title='bbox 1687 1100 2182 1177; x_wconf 66' lang='grc' dir='ltr'>ἐφιλοφρονήσατο.</span> <span class='ocrx_word' id='word_1_75' title='bbox 2267 1103 2545 1159; x_wconf 83' lang='grc' dir='ltr'>Ἀπελθὼν</span> <span class='ocrx_word' id='word_1_76' title='bbox 2627 1107 2722 1160; x_wconf 81' lang='grc' dir='ltr'>οὗν</span> <span class='ocrx_word' id='word_1_77' title='bbox 2793 1108 2822 1162; x_wconf 96' lang='lat'>6</span> 
     </span>
    </p>
   </div>
   <div class='ocr_carea' id='block_1_13' title="bbox 2083 566 3725 646">
    <p class='ocr_par' dir='ltr' id='par_1_13' title="bbox 2083 566 3725 646">
     <span class='ocr_line' id='line_1_13' title="bbox 2083 566 3725 646; baseline 0.011 -27"><span class='ocrx_word' id='word_1_78' title='bbox 2083 573 2312 622; x_wconf 89' lang='lat' dir='ltr'><strong>remota</strong></span> <span class='ocrx_word' id='word_1_79' title='bbox 2341 566 2569 622; x_wconf 87' lang='lat' dir='ltr'><strong>litteras</strong></span> <span class='ocrx_word' id='word_1_80' title='bbox 2603 569 2872 625; x_wconf 79' lang='lat' dir='ltr'><strong>inventas</strong></span> <span class='ocrx_word' id='word_1_81' title='bbox 2905 570 3064 642; x_wconf 79' lang='lat' dir='ltr'><strong>legit,</strong></span> <span class='ocrx_word' id='word_1_82' title='bbox 3093 577 3150 626; x_wconf 86' lang='lat' dir='ltr'>et</span> <span class='ocrx_word' id='word_1_83' title='bbox 3177 585 3454 646; x_wconf 89' lang='lat' dir='ltr'><strong>percepta</strong></span> <span class='ocrx_word' id='word_1_84' title='bbox 3486 586 3725 636; x_wconf 81' lang='lat' dir='ltr'><strong>senten-</strong></span> 
     </span>
    </p>
   </div>
   <div class='ocr_carea' id='block_1_14' title="bbox 2083 656 3729 735">
    <p class='ocr_par' dir='ltr' id='par_1_14' title="bbox 2083 656 3729 735">
     <span class='ocr_line' id='line_1_14' title="bbox 2083 656 3729 735; baseline 0.01 -26"><span class='ocrx_word' id='word_1_85' title='bbox 2083 656 2163 710; x_wconf 98' lang='lat' dir='ltr'>tia</span> <span class='ocrx_word' id='word_1_86' title='bbox 2193 673 2318 711; x_wconf 66' lang='lat' dir='ltr'>rem</span> <span class='ocrx_word' id='word_1_87' title='bbox 2351 674 2779 713; x_wconf 74' lang='lat' dir='ltr'><strong>amermumnae</strong></span> <span class='ocrx_word' id='word_1_88' title='bbox 2812 660 3122 730; x_wconf 72' lang='lat' dir='ltr'><strong>significat.</strong></span> <span class='ocrx_word' id='word_1_89' title='bbox 3160 664 3467 735; x_wconf 85' lang='lat' dir='ltr'>Extemplo</span> <span class='ocrx_word' id='word_1_90' title='bbox 3498 669 3729 725; x_wconf 85' lang='lat' dir='ltr'><strong>Andro-</strong></span> 
     </span>
    </p>
   </div>
   <div class='ocr_carea' id='block_1_15' title="bbox 2081 745 3729 824">
    <p class='ocr_par' dir='ltr' id='par_1_15' title="bbox 2081 745 3729 824">
     <span class='ocr_line' id='line_1_15' title="bbox 2081 745 3729 824; baseline 0.009 -24"><span class='ocrx_word' id='word_1_91' title='bbox 2081 745 2255 800; x_wconf 86' lang='lat' dir='ltr'><strong>nicus</strong></span> <span class='ocrx_word' id='word_1_92' title='bbox 2285 763 2416 800; x_wconf 90' lang='lat' dir='ltr'>cum</span> <span class='ocrx_word' id='word_1_93' title='bbox 2454 749 2576 803; x_wconf 84' lang='lat' dir='ltr'>suis</span> <span class='ocrx_word' id='word_1_94' title='bbox 2617 749 2676 803; x_wconf 92' lang='lat' dir='ltr'>in</span> <span class='ocrx_word' id='word_1_95' title='bbox 2729 765 3026 805; x_wconf 72' lang='lat' dir='ltr'><strong>carcerem</strong></span> <span class='ocrx_word' id='word_1_96' title='bbox 3081 752 3416 824; x_wconf 88' lang='lat' dir='ltr'><strong>conjicitur,</strong></span> <span class='ocrx_word' id='word_1_97' title='bbox 3469 757 3567 812; x_wconf 91' lang='lat' dir='ltr'>ubi</span> <span class='ocrx_word' id='word_1_98' title='bbox 3629 760 3729 814; x_wconf 91' lang='lat' dir='ltr'>diu</span> 
     </span>
    </p>
   </div>
   <div class='ocr_carea' id='block_1_16' title="bbox 2083 836 3727 917">
    <p class='ocr_par' dir='ltr' id='par_1_16' title="bbox 2083 836 3727 917">
     <span class='ocr_line' id='line_1_16' title="bbox 2083 836 3727 917; baseline 0.009 -28"><span class='ocrx_word' id='word_1_99' title='bbox 2083 851 2327 906; x_wconf 82' lang='lat' dir='ltr'><strong>magnas</strong></span> <span class='ocrx_word' id='word_1_100' title='bbox 2359 836 2759 892; x_wconf 85' lang='lat' dir='ltr'><strong>toleraverunt</strong></span> <span class='ocrx_word' id='word_1_101' title='bbox 2809 841 3130 906; x_wconf 79' lang='lat' dir='ltr'>miserias;</span> <span class='ocrx_word' id='word_1_102' title='bbox 3181 859 3432 912; x_wconf 88' lang='lat' dir='ltr'><strong>quarum</strong></span> <span class='ocrx_word' id='word_1_103' title='bbox 3485 847 3727 917; x_wconf 86' lang='lat' dir='ltr'><strong>quidam</strong></span> 
     </span>
    </p>
   </div>
   <div class='ocr_carea' id='block_1_17' title="bbox 2083 925 3731 1002">
    <p class='ocr_par' dir='ltr' id='par_1_17' title="bbox 2083 925 3731 1002">
     <span class='ocr_line' id='line_1_17' title="bbox 2083 925 3731 1002; baseline 0.008 -23"><span class='ocrx_word' id='word_1_104' title='bbox 2083 925 2464 996; x_wconf 89' lang='lat' dir='ltr'><strong>impatientes</strong></span> <span class='ocrx_word' id='word_1_105' title='bbox 2495 927 2669 982; x_wconf 86' lang='lat' dir='ltr'><strong>fidem</strong></span> <span class='ocrx_word' id='word_1_106' title='bbox 2699 929 3092 985; x_wconf 84' lang='lat' dir='ltr'><strong>Christianam</strong></span> <span class='ocrx_word' id='word_1_107' title='bbox 3142 931 3580 1002; x_wconf 78' lang='lat' dir='ltr'><strong>abjuraverunt.</strong></span> <span class='ocrx_word' id='word_1_108' title='bbox 3610 941 3731 993; x_wconf 83' lang='lat' dir='ltr'>An-</span> 
     </span>
    </p>
   </div>
   <div class='ocr_carea' id='block_1_18' title="bbox 2083 1014 2950 1090">
    <p class='ocr_par' dir='ltr' id='par_1_18' title="bbox 2083 1014 2950 1090">
     <span class='ocr_line' id='line_1_18' title="bbox 2083 1014 2950 1090; baseline 0.009 -23"><span class='ocrx_word' id='word_1_109' title='bbox 2083 1014 2365 1070; x_wconf 86' lang='lat' dir='ltr'><strong>dronicus</strong></span> <span class='ocrx_word' id='word_1_110' title='bbox 2397 1016 2456 1070; x_wconf 90' lang='lat' dir='ltr'>in</span> <span class='ocrx_word' id='word_1_111' title='bbox 2489 1033 2723 1072; x_wconf 83' lang='lat' dir='ltr'>carcere</span> <span class='ocrx_word' id='word_1_112' title='bbox 2757 1020 2950 1090; x_wconf 88' lang='lat' dir='ltr'><strong>periit.</strong></span> 
     </span>
    </p>
   </div>
   <div class='ocr_carea' id='block_1_19' title="bbox 2913 1109 3728 1189">
    <p class='ocr_par' dir='ltr' id='par_1_19' title="bbox 2913 1109 3728 1189">
     <span class='ocr_line' id='line_1_19' title="bbox 2913 1109 3728 1189; baseline 0.013 -28"><span class='ocrx_word' id='word_1_113' title='bbox 2913 1111 3230 1183; x_wconf 73' lang='grc' dir='ltr'>Σαρακηνὸς</span> <span class='ocrx_word' id='word_1_114' title='bbox 3304 1109 3599 1188; x_wconf 71' lang='grc' dir='ltr'>ἐνεχείρισε</span> <span class='ocrx_word' id='word_1_115' title='bbox 3649 1122 3728 1189; x_wconf 83' lang='grc' dir='ltr'>τῷ</span> 
     </span>
    </p>
   </div>
   <div class='ocr_carea' id='block_1_20' title="bbox 322 1191 3729 1277">
    <p class='ocr_par' dir='ltr' id='par_1_20' title="bbox 322 1191 3729 1277">
     <span class='ocr_line' id='line_1_20' title="bbox 322 1191 3729 1277; baseline 0.008 -42"><span class='ocrx_word' id='word_1_116' title='bbox 322 1204 494 1277; x_wconf 59' lang='grc' dir='ltr'>οὐζῆρ</span> <span class='ocrx_word' id='word_1_117' title='bbox 551 1203 644 1257; x_wconf 70' lang='grc' dir='ltr'>τὸν</span> <span class='ocrx_word' id='word_1_118' title='bbox 698 1199 889 1276; x_wconf 52' lang='grc' dir='ltr'>κηρόν</span> <span class='ocrx_word' id='word_1_119' title='bbox 947 1195 1004 1253; x_wconf 81' lang='grc' dir='ltr'>ὅν</span> <span class='ocrx_word' id='word_1_120' title='bbox 1057 1197 1300 1253; x_wconf 76' lang='grc' dir='ltr'>καθελὼν</span> <span class='ocrx_word' id='word_1_121' title='bbox 1360 1195 1560 1257; x_wconf 78' lang='grc' dir='ltr'>ἐκεῖνος</span> <span class='ocrx_word' id='word_1_122' title='bbox 1627 1192 1716 1249; x_wconf 75' lang='grc' dir='ltr'>καί</span> <span class='ocrx_word' id='word_1_123' title='bbox 1771 1193 1833 1248; x_wconf 86' lang='grc' dir='ltr'>τὸ</span> <span class='ocrx_word' id='word_1_124' title='bbox 1889 1191 2239 1270; x_wconf 87' lang='grc' dir='ltr'>γραμμάτιον</span> <span class='ocrx_word' id='word_1_125' title='bbox 2297 1192 2487 1268; x_wconf 72' lang='grc' dir='ltr'>εὖρὼν,</span> <span class='ocrx_word' id='word_1_126' title='bbox 2535 1197 2622 1250; x_wconf 72' lang='grc' dir='ltr'>καὶ</span> <span class='ocrx_word' id='word_1_127' title='bbox 2682 1197 2774 1252; x_wconf 76' lang='grc' dir='ltr'>τὸν</span> <span class='ocrx_word' id='word_1_128' title='bbox 2829 1198 2880 1254; x_wconf 82' lang='grc' dir='ltr'>ἐν</span> <span class='ocrx_word' id='word_1_129' title='bbox 2933 1198 3111 1272; x_wconf 81' lang='grc' dir='ltr'>τούτῳ</span> <span class='ocrx_word' id='word_1_130' title='bbox 3167 1201 3415 1273; x_wconf 86' lang='grc' dir='ltr'>κείμετον</span> <span class='ocrx_word' id='word_1_131' title='bbox 3473 1204 3729 1277; x_wconf 78' lang='grc' dir='ltr'>ἀναλεξά-</span> 
     </span>
    </p>
   </div>
   <div class='ocr_carea' id='block_1_21' title="bbox 325 1247 3730 1372">
    <p class='ocr_par' dir='ltr' id='par_1_21' title="bbox 325 1247 3730 1372">
     <span class='ocr_line' id='line_1_21' title="bbox 325 1247 3729 1277; baseline 0.006 -23"><span class='ocrx_word' id='word_1_132' title='bbox 325 1247 385 1259; x_wconf 80' lang='grc'>....</span> <span class='ocrx_word' id='word_1_133' title='bbox 431 1247 440 1253; x_wconf 91' lang='grc'><em>.</em></span> <span class='ocrx_word' id='word_1_134' title='bbox 563 1247 639 1257; x_wconf 70' lang='grc' dir='ltr'>η-</span> <span class='ocrx_word' id='word_1_135' title='bbox 699 1247 751 1255; x_wconf 68' lang='grc' dir='ltr'>τ..</span> <span class='ocrx_word' id='word_1_136' title='bbox 816 1247 863 1254; x_wconf 62' lang='grc' dir='ltr'>ν-</span> <span class='ocrx_word' id='word_1_137' title='bbox 951 1247 997 1253; x_wconf 82' lang='grc'>--</span> <span class='ocrx_word' id='word_1_138' title='bbox 1059 1247 1291 1253; x_wconf 18' lang='lat' dir='ltr'>man-we</span> <span class='ocrx_word' id='word_1_139' title='bbox 1364 1247 1558 1257; x_wconf 52' lang='grc' dir='ltr'>--ηηνν</span> <span class='ocrx_word' id='word_1_140' title='bbox 1788 1247 1824 1248; x_wconf 55' lang='grc' dir='ltr'>η</span> <span class='ocrx_word' id='word_1_141' title='bbox 1903 1247 1945 1270; x_wconf 53' lang='grc' dir='ltr'>..ν</span> <span class='ocrx_word' id='word_1_142' title='bbox 2003 1247 2060 1266; x_wconf 61' lang='grc'>1⁷1</span> <span class='ocrx_word' id='word_1_143' title='bbox 2306 1247 2429 1268; x_wconf 59' lang='lat' dir='ltr'>&#39;r&quot;</span> <span class='ocrx_word' id='word_1_144' title='bbox 2473 1247 2487 1266; x_wconf 82' lang='grc'><strong><em>1</em></strong></span> <span class='ocrx_word' id='word_1_145' title='bbox 2695 1247 2766 1252; x_wconf 82' lang='grc'><strong><em>---</em></strong></span> <span class='ocrx_word' id='word_1_146' title='bbox 2830 1247 2873 1254; x_wconf 67' lang='grc' dir='ltr'>ν-</span> <span class='ocrx_word' id='word_1_147' title='bbox 2944 1247 3108 1272; x_wconf 67' lang='lat'><strong>&quot;&quot;1-</strong></span> <span class='ocrx_word' id='word_1_148' title='bbox 3169 1247 3410 1273; x_wconf 79' lang='lat' dir='ltr'>&quot;&quot;l&quot;&quot;&#39;“&quot;</span> <span class='ocrx_word' id='word_1_149' title='bbox 3473 1247 3729 1277; x_wconf 55' lang='grc' dir='ltr'>*η’-ες*-</span> 
     </span>
     <span class='ocr_line' id='line_1_22' title="bbox 325 1247 3730 1372; baseline -0.001 -24"><span class='ocrx_word' id='word_1_150' title='bbox 325 1247 493 1366; x_wconf 57' lang='grc' dir='ltr'>μιῖόζ</span> <span class='ocrx_word' id='word_1_151' title='bbox 552 1294 702 1358; x_wconf 83' lang='grc' dir='ltr'>νοῦν,</span> <span class='ocrx_word' id='word_1_152' title='bbox 757 1247 1070 1365; x_wconf 52' lang='grc' dir='ltr'>άπήγγειλε</span> <span class='ocrx_word' id='word_1_153' title='bbox 1125 1291 1205 1359; x_wconf 78' lang='grc' dir='ltr'>τῷ</span> <span class='ocrx_word' id='word_1_154' title='bbox 1262 1285 1650 1360; x_wconf 77' lang='grc' dir='ltr'>ἀμερμουμνῇ.</span> <span class='ocrx_word' id='word_1_155' title='bbox 1713 1283 1810 1338; x_wconf 76' lang='grc' dir='ltr'>Καὶ</span> <span class='ocrx_word' id='word_1_156' title='bbox 1870 1282 2026 1346; x_wconf 74' lang='grc' dir='ltr'>εὐθὺς</span> <span class='ocrx_word' id='word_1_157' title='bbox 2083 1279 2428 1356; x_wconf 75' lang='grc' dir='ltr'>Ἀνδρόνικον</span> <span class='ocrx_word' id='word_1_158' title='bbox 2484 1285 2574 1340; x_wconf 85' lang='grc' dir='ltr'>καὶ</span> <span class='ocrx_word' id='word_1_159' title='bbox 2630 1286 2762 1348; x_wconf 81' lang='grc' dir='ltr'>τοὺς</span> <span class='ocrx_word' id='word_1_160' title='bbox 2839 1287 2931 1342; x_wconf 76' lang='grc' dir='ltr'>σὺν</span> <span class='ocrx_word' id='word_1_161' title='bbox 3011 1289 3162 1362; x_wconf 75' lang='grc' dir='ltr'>αὐτῷ</span> <span class='ocrx_word' id='word_1_162' title='bbox 3231 1293 3294 1347; x_wconf 88' lang='grc' dir='ltr'>τὸ</span> <span class='ocrx_word' id='word_1_163' title='bbox 3354 1290 3730 1372; x_wconf 66' lang='grc' dir='ltr'>δεσμωτήριον</span> 
     </span>
    </p>
   </div>
   <div class='ocr_carea' id='block_1_22' title="bbox 323 1371 3731 1466">
    <p class='ocr_par' dir='ltr' id='par_1_22' title="bbox 323 1371 3731 1466">
     <span class='ocr_line' id='line_1_23' title="bbox 323 1371 3731 1466; baseline 0.001 -28"><span class='ocrx_word' id='word_1_164' title='bbox 323 1378 638 1439; x_wconf 67' lang='grc' dir='ltr'>ὑπεδέχετο.</span> <span class='ocrx_word' id='word_1_165' title='bbox 673 1377 794 1434; x_wconf 82' lang='grc' dir='ltr'>Ἐπὶ</span> <span class='ocrx_word' id='word_1_166' title='bbox 845 1376 993 1433; x_wconf 69' lang='grc' dir='ltr'>πολὺ</span> <span class='ocrx_word' id='word_1_167' title='bbox 1032 1374 1125 1431; x_wconf 81' lang='grc' dir='ltr'>οῦν</span> <span class='ocrx_word' id='word_1_168' title='bbox 1174 1373 1638 1450; x_wconf 70' lang='grc' dir='ltr'>κακουχούμενοι,</span> <span class='ocrx_word' id='word_1_169' title='bbox 1689 1371 1778 1428; x_wconf 77' lang='grc' dir='ltr'>καὶ</span> <span class='ocrx_word' id='word_1_170' title='bbox 1840 1374 1917 1444; x_wconf 82' lang='grc' dir='ltr'>μή</span> <span class='ocrx_word' id='word_1_171' title='bbox 1977 1371 2228 1450; x_wconf 71' lang='grc' dir='ltr'>φέροντες</span> <span class='ocrx_word' id='word_1_172' title='bbox 2281 1372 2348 1427; x_wconf 78' lang='grc' dir='ltr'>τὰ</span> <span class='ocrx_word' id='word_1_173' title='bbox 2407 1372 2465 1428; x_wconf 74' lang='grc' dir='ltr'>ἐκ</span> <span class='ocrx_word' id='word_1_174' title='bbox 2533 1375 2634 1444; x_wconf 77' lang='grc' dir='ltr'>τῆς</span> <span class='ocrx_word' id='word_1_175' title='bbox 2693 1375 2941 1453; x_wconf 77' lang='grc' dir='ltr'>φυλακῆς</span> <span class='ocrx_word' id='word_1_176' title='bbox 2999 1375 3248 1455; x_wconf 74' lang='grc' dir='ltr'>λυπηρά,</span> <span class='ocrx_word' id='word_1_177' title='bbox 3306 1382 3731 1466; x_wconf 69' lang='grc' dir='ltr'>ἠναγκάσθηφάν</span> 
     </span>
    </p>
   </div>
   <div class='ocr_carea' id='block_1_23' title="bbox 1760 1461 1785 1479">
    <p class='ocr_par' dir='ltr' id='par_1_23' title="bbox 1760 1461 1785 1479">
     <span class='ocr_line' id='line_1_24' title="bbox 1760 1461 1785 1479; baseline 0 -5"><span class='ocrx_word' id='word_1_178' title='bbox 1760 1461 1785 1479; x_wconf 67' lang='grc' dir='ltr'>ν-</span> 
     </span>
    </p>
   </div>
   <div class='ocr_carea' id='block_1_24' title="bbox 318 1457 3067 1540">
    <p class='ocr_par' dir='ltr' id='par_1_24' title="bbox 318 1457 3067 1540">
     <span class='ocr_line' id='line_1_25' title="bbox 318 1457 3067 1540; baseline 0.003 -24"><span class='ocrx_word' id='word_1_179' title='bbox 318 1491 462 1533; x_wconf 77' lang='grc' dir='ltr'>τινες</span> <span class='ocrx_word' id='word_1_180' title='bbox 492 1471 592 1540; x_wconf 73' lang='grc' dir='ltr'>τὴν</span> <span class='ocrx_word' id='word_1_181' title='bbox 623 1467 827 1524; x_wconf 79' lang='grc' dir='ltr'>οἰκείαν</span> <span class='ocrx_word' id='word_1_182' title='bbox 859 1465 1217 1540; x_wconf 72' lang='grc' dir='ltr'>ἐξομόσασθαι</span> <span class='ocrx_word' id='word_1_183' title='bbox 1258 1464 1461 1521; x_wconf 85' lang='grc' dir='ltr'>πίστιν.</span> <span class='ocrx_word' id='word_1_184' title='bbox 1500 1464 1560 1521; x_wconf 90' lang='grc' dir='ltr'>Ὁ</span> <span class='ocrx_word' id='word_1_185' title='bbox 1595 1463 1690 1536; x_wconf 74' lang='grc' dir='ltr'>μὶν</span> <span class='ocrx_word' id='word_1_186' title='bbox 1725 1461 1814 1516; x_wconf 80' lang='grc' dir='ltr'>οὗν</span> <span class='ocrx_word' id='word_1_187' title='bbox 1849 1457 2191 1535; x_wconf 81' lang='grc' dir='ltr'>Ἀνδρόνικος</span> <span class='ocrx_word' id='word_1_188' title='bbox 2219 1461 2364 1517; x_wconf 76' lang='grc' dir='ltr'>οὕτω</span> <span class='ocrx_word' id='word_1_189' title='bbox 2385 1465 2474 1517; x_wconf 79' lang='grc' dir='ltr'>καί</span> <span class='ocrx_word' id='word_1_190' title='bbox 2504 1465 2598 1519; x_wconf 81' lang='grc' dir='ltr'>τὸν</span> <span class='ocrx_word' id='word_1_191' title='bbox 2631 1466 2758 1540; x_wconf 84' lang='grc' dir='ltr'>βίον</span> <span class='ocrx_word' id='word_1_192' title='bbox 2787 1467 3067 1523; x_wconf 78' lang='grc' dir='ltr'>κατέλυσε.</span> 
     </span>
    </p>
   </div>
   <div class='ocr_carea' id='block_1_25' title="bbox 393 1552 1969 1627">
    <p class='ocr_par' dir='ltr' id='par_1_25' title="bbox 393 1552 1969 1627">
     <span class='ocr_line' id='line_1_26' title="bbox 393 1552 1969 1627; baseline -0.007 -12"><span class='ocrx_word' id='word_1_193' title='bbox 393 1561 799 1618; x_wconf 81' lang='grc' dir='ltr'>Κωνσταντῖνος</span> <span class='ocrx_word' id='word_1_194' title='bbox 842 1552 901 1612; x_wconf 65' lang='grc' dir='ltr'>δὲ</span> <span class='ocrx_word' id='word_1_195' title='bbox 956 1557 984 1611; x_wconf 89' lang='lat'>6</span> <span class='ocrx_word' id='word_1_196' title='bbox 1040 1554 1238 1610; x_wconf 72' lang='grc' dir='ltr'>τούτου</span> <span class='ocrx_word' id='word_1_197' title='bbox 1297 1552 1414 1614; x_wconf 82' lang='grc' dir='ltr'>υἱὸς</span> <span class='ocrx_word' id='word_1_198' title='bbox 1476 1552 1585 1627; x_wconf 86' lang='grc' dir='ltr'>πρὸ</span> <span class='ocrx_word' id='word_1_199' title='bbox 1638 1555 1736 1607; x_wconf 84' lang='grc' dir='ltr'>τοῦ</span> <span class='ocrx_word' id='word_1_200' title='bbox 1794 1555 1969 1614; x_wconf 82' lang='grc' dir='ltr'>θανεῖν</span> 
     </span>
    </p>
   </div>
   <div class='ocr_carea' id='block_1_26' title="bbox 321 1640 1970 1717">
    <p class='ocr_par' dir='ltr' id='par_1_26' title="bbox 321 1640 1970 1717">
     <span class='ocr_line' id='line_1_27' title="bbox 321 1640 1970 1717; baseline -0.006 -13"><span class='ocrx_word' id='word_1_201' title='bbox 321 1646 551 1717; x_wconf 72' lang='grc' dir='ltr'>έκεῖνον,</span> <span class='ocrx_word' id='word_1_202' title='bbox 638 1643 843 1716; x_wconf 75' lang='grc' dir='ltr'>εἰδήσει</span> <span class='ocrx_word' id='word_1_203' title='bbox 908 1643 999 1699; x_wconf 86' lang='grc' dir='ltr'>καί</span> <span class='ocrx_word' id='word_1_204' title='bbox 1053 1647 1151 1698; x_wconf 88' lang='grc' dir='ltr'>τοῦ</span> <span class='ocrx_word' id='word_1_205' title='bbox 1221 1642 1445 1717; x_wconf 81' lang='grc' dir='ltr'>πατρὸς,</span> <span class='ocrx_word' id='word_1_206' title='bbox 1507 1640 1970 1711; x_wconf 81' lang='grc' dir='ltr'>συσκευασάμενος</span> 
     </span>
    </p>
   </div>
   <div class='ocr_carea' id='block_1_27' title="bbox 329 1728 1973 1811">
    <p class='ocr_par' dir='ltr' id='par_1_27' title="bbox 329 1728 1973 1811">
     <span class='ocr_line' id='line_1_28' title="bbox 329 1728 1973 1811; baseline -0.007 -19"><span class='ocrx_word' id='word_1_207' title='bbox 329 1737 464 1811; x_wconf 84' lang='grc' dir='ltr'>μετᾶ</span> <span class='ocrx_word' id='word_1_208' title='bbox 493 1737 584 1791; x_wconf 90' lang='grc' dir='ltr'>καί</span> <span class='ocrx_word' id='word_1_209' title='bbox 611 1740 774 1790; x_wconf 82' lang='grc' dir='ltr'>τινῶν</span> <span class='ocrx_word' id='word_1_210' title='bbox 833 1732 1020 1788; x_wconf 75' lang='grc' dir='ltr'>ἄλλων</span> <span class='ocrx_word' id='word_1_211' title='bbox 1078 1737 1186 1786; x_wconf 80' lang='grc' dir='ltr'>τῶν</span> <span class='ocrx_word' id='word_1_212' title='bbox 1245 1730 1370 1806; x_wconf 82' lang='grc' dir='ltr'>περὶ</span> <span class='ocrx_word' id='word_1_213' title='bbox 1427 1729 1588 1785; x_wconf 78' lang='grc' dir='ltr'>αὐτὸν</span> <span class='ocrx_word' id='word_1_214' title='bbox 1646 1728 1973 1806; x_wconf 73' lang='grc' dir='ltr'>(ἐτύγχανον</span> 
     </span>
    </p>
   </div>
   <div class='ocr_carea' id='block_1_28' title="bbox 326 1815 1972 1906">
    <p class='ocr_par' dir='ltr' id='par_1_28' title="bbox 326 1815 1972 1906">
     <span class='ocr_line' id='line_1_29' title="bbox 326 1815 1972 1906; baseline -0.004 -26"><span class='ocrx_word' id='word_1_215' title='bbox 326 1828 432 1906; x_wconf 75' lang='grc' dir='ltr'>γάρ</span> <span class='ocrx_word' id='word_1_216' title='bbox 465 1824 654 1900; x_wconf 85' lang='grc' dir='ltr'>συχνοῖ</span> <span class='ocrx_word' id='word_1_217' title='bbox 682 1824 797 1896; x_wconf 90' lang='grc' dir='ltr'>μετ’</span> <span class='ocrx_word' id='word_1_218' title='bbox 844 1821 1008 1877; x_wconf 71' lang='grc' dir='ltr'>αὐτοῦ</span> <span class='ocrx_word' id='word_1_219' title='bbox 1057 1819 1133 1876; x_wconf 82' lang='grc' dir='ltr'>ἔτι</span> <span class='ocrx_word' id='word_1_220' title='bbox 1185 1819 1237 1875; x_wconf 86' lang='grc' dir='ltr'>έν</span> <span class='ocrx_word' id='word_1_221' title='bbox 1295 1824 1364 1895; x_wconf 80' lang='grc' dir='ltr'>τῇ</span> <span class='ocrx_word' id='word_1_222' title='bbox 1423 1824 1633 1900; x_wconf 75' lang='grc' dir='ltr'>φρουρᾷ</span> <span class='ocrx_word' id='word_1_223' title='bbox 1688 1815 1972 1895; x_wconf 74' lang='grc' dir='ltr'>ἐγκαθειρ-</span> 
     </span>
    </p>
   </div>
   <div class='ocr_carea' id='block_1_29' title="bbox 324 1906 1970 1990">
    <p class='ocr_par' dir='ltr' id='par_1_29' title="bbox 324 1906 1970 1990">
     <span class='ocr_line' id='line_1_30' title="bbox 324 1906 1970 1990; baseline -0.006 -21"><span class='ocrx_word' id='word_1_224' title='bbox 324 1915 518 1990; x_wconf 75' lang='grc' dir='ltr'>γμένοι</span> <span class='ocrx_word' id='word_1_225' title='bbox 551 1916 634 1988; x_wconf 84' lang='grc' dir='ltr'>[Ρ.</span> <span class='ocrx_word' id='word_1_226' title='bbox 671 1913 794 1985; x_wconf 66' lang='grc'>604]</span> <span class='ocrx_word' id='word_1_227' title='bbox 847 1907 937 1966; x_wconf 74' lang='grc' dir='ltr'>διά</span> <span class='ocrx_word' id='word_1_228' title='bbox 963 1909 1026 1965; x_wconf 81' lang='grc' dir='ltr'>τό</span> <span class='ocrx_word' id='word_1_229' title='bbox 1084 1911 1158 1980; x_wconf 80' lang='grc' dir='ltr'>μή</span> <span class='ocrx_word' id='word_1_230' title='bbox 1216 1907 1442 1976; x_wconf 79' lang='grc' dir='ltr'>θελῆσαι</span> <span class='ocrx_word' id='word_1_231' title='bbox 1496 1909 1560 1962; x_wconf 82' lang='grc' dir='ltr'>τὸ</span> <span class='ocrx_word' id='word_1_232' title='bbox 1609 1906 1808 1963; x_wconf 76' lang='grc' dir='ltr'>οἰκεῖον</span> <span class='ocrx_word' id='word_1_233' title='bbox 1868 1907 1970 1961; x_wconf 84' lang='grc' dir='ltr'>ἆπ-</span> 
     </span>
    </p>
   </div>
   <div class='ocr_carea' id='block_1_30' title="bbox 328 1993 1975 2076">
    <p class='ocr_par' dir='ltr' id='par_1_30' title="bbox 328 1993 1975 2076">
     <span class='ocr_line' id='line_1_31' title="bbox 328 1993 1975 2076; baseline -0.007 -16"><span class='ocrx_word' id='word_1_234' title='bbox 328 2005 547 2076; x_wconf 84' lang='grc' dir='ltr'>ώμοτον</span> <span class='ocrx_word' id='word_1_235' title='bbox 586 2001 766 2057; x_wconf 82' lang='grc' dir='ltr'>θέσθαι</span> <span class='ocrx_word' id='word_1_236' title='bbox 817 1995 999 2072; x_wconf 75' lang='grc' dir='ltr'>σέϐας)</span> <span class='ocrx_word' id='word_1_237' title='bbox 1053 1999 1121 2054; x_wconf 65' lang='grc' dir='ltr'>τά</span> <span class='ocrx_word' id='word_1_238' title='bbox 1177 1995 1352 2072; x_wconf 76' lang='grc' dir='ltr'>δεσμά</span> <span class='ocrx_word' id='word_1_239' title='bbox 1416 1993 1796 2071; x_wconf 78' lang='grc' dir='ltr'>διαῤῥήξαντες</span> <span class='ocrx_word' id='word_1_240' title='bbox 1837 1994 1975 2070; x_wconf 78' lang='grc' dir='ltr'>ἐξέρ-</span> 
     </span>
    </p>
   </div>
   <div class='ocr_carea' id='block_1_31' title="bbox 320 2095 1970 2180">
    <p class='ocr_par' dir='ltr' id='par_1_31' title="bbox 320 2095 1970 2180">
     <span class='ocr_line' id='line_1_32' title="bbox 320 2095 1970 2180; baseline -0.007 -21"><span class='ocrx_word' id='word_1_241' title='bbox 320 2123 516 2180; x_wconf 85' lang='grc' dir='ltr'>χονται</span> <span class='ocrx_word' id='word_1_242' title='bbox 545 2109 647 2170; x_wconf 83' lang='grc' dir='ltr'>τῆς</span> <span class='ocrx_word' id='word_1_243' title='bbox 685 2099 954 2177; x_wconf 78' lang='grc' dir='ltr'>φυλακῆς,</span> <span class='ocrx_word' id='word_1_244' title='bbox 1003 2098 1089 2154; x_wconf 79' lang='grc' dir='ltr'>καὶ</span> <span class='ocrx_word' id='word_1_245' title='bbox 1134 2095 1397 2169; x_wconf 77' lang='grc' dir='ltr'>καλωδίῳ</span> <span class='ocrx_word' id='word_1_246' title='bbox 1454 2095 1674 2157; x_wconf 72' lang='grc' dir='ltr'>ἑαυτοὺς</span> <span class='ocrx_word' id='word_1_247' title='bbox 1726 2096 1970 2167; x_wconf 76' lang='grc' dir='ltr'>καθιμή-</span> 
     </span>
    </p>
   </div>
   <div class='ocr_carea' id='block_1_32' title="bbox 324 2181 1971 2260">
    <p class='ocr_par' dir='ltr' id='par_1_32' title="bbox 324 2181 1971 2260">
     <span class='ocr_line' id='line_1_33' title="bbox 324 2181 1971 2260; baseline -0.007 -12"><span class='ocrx_word' id='word_1_248' title='bbox 324 2213 510 2253; x_wconf 89' lang='grc' dir='ltr'>σαντες</span> <span class='ocrx_word' id='word_1_249' title='bbox 541 2189 722 2246; x_wconf 61' lang='grc' dir='ltr'>ἵππων</span> <span class='ocrx_word' id='word_1_250' title='bbox 771 2209 831 2244; x_wconf 82' lang='grc' dir='ltr'>τε</span> <span class='ocrx_word' id='word_1_251' title='bbox 890 2188 1290 2260; x_wconf 68' lang='grc' dir='ltr'>εὐπορήσαντες</span> <span class='ocrx_word' id='word_1_252' title='bbox 1331 2181 1745 2256; x_wconf 67' lang='grc' dir='ltr'>ἀπεδίδρασκον.</span> <span class='ocrx_word' id='word_1_253' title='bbox 1792 2191 1971 2258; x_wconf 87' lang='grc' dir='ltr'>Στρα-</span> 
     </span>
    </p>
   </div>
   <div class='ocr_carea' id='block_1_33' title="bbox 319 2273 1970 2357">
    <p class='ocr_par' dir='ltr' id='par_1_33' title="bbox 319 2273 1970 2357">
     <span class='ocr_line' id='line_1_34' title="bbox 319 2273 1970 2357; baseline -0.006 -20"><span class='ocrx_word' id='word_1_254' title='bbox 319 2285 534 2338; x_wconf 82' lang='grc' dir='ltr'>τιωτῶν</span> <span class='ocrx_word' id='word_1_255' title='bbox 568 2277 625 2334; x_wconf 74' lang='grc' dir='ltr'>δὲ</span> <span class='ocrx_word' id='word_1_256' title='bbox 655 2279 1003 2357; x_wconf 69' lang='grc' dir='ltr'>πεμφθέντων</span> <span class='ocrx_word' id='word_1_257' title='bbox 1063 2273 1138 2336; x_wconf 73' lang='grc' dir='ltr'>εἷς</span> <span class='ocrx_word' id='word_1_258' title='bbox 1193 2277 1292 2341; x_wconf 75' lang='grc' dir='ltr'>τήν</span> <span class='ocrx_word' id='word_1_259' title='bbox 1347 2273 1674 2354; x_wconf 69' lang='grc' dir='ltr'>κατάσχεσιν</span> <span class='ocrx_word' id='word_1_260' title='bbox 1737 2273 1970 2344; x_wconf 70' lang='grc' dir='ltr'>τούτων,</span> 
     </span>
    </p>
   </div>
   <div class='ocr_carea' id='block_1_34' title="bbox 321 2359 1972 2446">
    <p class='ocr_par' dir='ltr' id='par_1_34' title="bbox 321 2359 1972 2446">
     <span class='ocr_line' id='line_1_35' title="bbox 321 2359 1972 2446; baseline -0.007 -21"><span class='ocrx_word' id='word_1_261' title='bbox 321 2374 415 2425; x_wconf 85' lang='grc' dir='ltr'>νῦν</span> <span class='ocrx_word' id='word_1_262' title='bbox 470 2368 563 2442; x_wconf 74' lang='grc' dir='ltr'>μὶν</span> <span class='ocrx_word' id='word_1_263' title='bbox 625 2364 1051 2446; x_wconf 70' lang='grc' dir='ltr'>ὑποστρέφοντες</span> <span class='ocrx_word' id='word_1_264' title='bbox 1135 2362 1224 2418; x_wconf 83' lang='grc' dir='ltr'>καὶ</span> <span class='ocrx_word' id='word_1_265' title='bbox 1307 2360 1699 2434; x_wconf 79' lang='grc' dir='ltr'>πολεμοῦντες.</span> <span class='ocrx_word' id='word_1_266' title='bbox 1783 2360 1872 2415; x_wconf 72' lang='grc' dir='ltr'>νῦν</span> <span class='ocrx_word' id='word_1_267' title='bbox 1915 2359 1972 2415; x_wconf 60' lang='grc' dir='ltr'>δὲ</span> 
     </span>
    </p>
   </div>
   <div class='ocr_carea' id='block_1_35' title="bbox 327 2447 1970 2536">
    <p class='ocr_par' dir='ltr' id='par_1_35' title="bbox 327 2447 1970 2536">
     <span class='ocr_line' id='line_1_36' title="bbox 327 2447 1970 2536; baseline -0.007 -22"><span class='ocrx_word' id='word_1_268' title='bbox 327 2458 554 2536; x_wconf 75' lang='grc' dir='ltr'>χρυσίον</span> <span class='ocrx_word' id='word_1_269' title='bbox 589 2457 924 2534; x_wconf 80' lang='grc' dir='ltr'>ῥιπτοῦντες,</span> <span class='ocrx_word' id='word_1_270' title='bbox 973 2453 1404 2522; x_wconf 77' lang='grc' dir='ltr'>ἀπεσκευάζοντο</span> <span class='ocrx_word' id='word_1_271' title='bbox 1457 2452 1588 2514; x_wconf 81' lang='grc' dir='ltr'>τοὺς</span> <span class='ocrx_word' id='word_1_272' title='bbox 1648 2447 1970 2516; x_wconf 81' lang='grc' dir='ltr'>διώκοντας,</span> 
     </span>
    </p>
   </div>
   <div class='ocr_carea' id='block_1_36' title="bbox 321 2537 1966 2620">
    <p class='ocr_par' dir='ltr' id='par_1_36' title="bbox 321 2537 1966 2620">
     <span class='ocr_line' id='line_1_37' title="bbox 321 2537 1966 2620; baseline -0.004 -18"><span class='ocrx_word' id='word_1_273' title='bbox 321 2545 620 2607; x_wconf 74' lang='grc' dir='ltr'>καὶοῧτως</span> <span class='ocrx_word' id='word_1_274' title='bbox 671 2543 894 2620; x_wconf 50' lang='grc' dir='ltr'>ἴσχυσαν</span> <span class='ocrx_word' id='word_1_275' title='bbox 954 2537 1210 2612; x_wconf 78' lang='grc' dir='ltr'>ἐπιϐῆναι</span> <span class='ocrx_word' id='word_1_276' title='bbox 1268 2545 1372 2595; x_wconf 81' lang='grc' dir='ltr'>τῶν</span> <span class='ocrx_word' id='word_1_277' title='bbox 1432 2540 1594 2615; x_wconf 69' lang='grc' dir='ltr'>ὁρῗων</span> <span class='ocrx_word' id='word_1_278' title='bbox 1653 2539 1966 2612; x_wconf 86' lang='grc' dir='ltr'>Ῥωμαίων.</span> 
     </span>
    </p>
   </div>
   <div class='ocr_carea' id='block_1_37' title="bbox 322 2629 1972 2712">
    <p class='ocr_par' dir='ltr' id='par_1_37' title="bbox 322 2629 1972 2712">
     <span class='ocr_line' id='line_1_38' title="bbox 322 2629 1972 2712; baseline -0.006 -20"><span class='ocrx_word' id='word_1_279' title='bbox 322 2635 478 2712; x_wconf 74' lang='grc' dir='ltr'>Ταχὺ</span> <span class='ocrx_word' id='word_1_280' title='bbox 524 2636 618 2708; x_wconf 75' lang='grc' dir='ltr'>μὶν</span> <span class='ocrx_word' id='word_1_281' title='bbox 678 2632 769 2690; x_wconf 76' lang='grc' dir='ltr'>οὖν</span> <span class='ocrx_word' id='word_1_282' title='bbox 835 2635 864 2689; x_wconf 89' lang='lat'>6</span> <span class='ocrx_word' id='word_1_283' title='bbox 921 2629 1176 2707; x_wconf 69' lang='grc' dir='ltr'>βασιλεὺς</span> <span class='ocrx_word' id='word_1_284' title='bbox 1228 2629 1321 2685; x_wconf 81' lang='grc' dir='ltr'>τὸν</span> <span class='ocrx_word' id='word_1_285' title='bbox 1383 2633 1780 2686; x_wconf 76' lang='grc' dir='ltr'>Κωνσταντῖνον</span> <span class='ocrx_word' id='word_1_286' title='bbox 1841 2648 1972 2701; x_wconf 81' lang='grc' dir='ltr'>μετ-</span> 
     </span>
    </p>
   </div>
   <div class='ocr_carea' id='block_1_38' title="bbox 320 2715 1969 2800">
    <p class='ocr_par' dir='ltr' id='par_1_38' title="bbox 320 2715 1969 2800">
     <span class='ocr_line' id='line_1_39' title="bbox 320 2715 1969 2800; baseline -0.007 -17"><span class='ocrx_word' id='word_1_287' title='bbox 320 2728 628 2800; x_wconf 75' lang='grc' dir='ltr'>επέμψατο,</span> <span class='ocrx_word' id='word_1_288' title='bbox 657 2723 749 2778; x_wconf 79' lang='grc' dir='ltr'>καὶ</span> <span class='ocrx_word' id='word_1_289' title='bbox 781 2722 856 2784; x_wconf 86' lang='grc' dir='ltr'>ὡς</span> <span class='ocrx_word' id='word_1_290' title='bbox 901 2720 1062 2777; x_wconf 77' lang='grc' dir='ltr'>αὐτὸν</span> <span class='ocrx_word' id='word_1_291' title='bbox 1106 2719 1318 2796; x_wconf 81' lang='grc' dir='ltr'>ἀγαγὼν</span> <span class='ocrx_word' id='word_1_292' title='bbox 1371 2715 1575 2792; x_wconf 81' lang='grc' dir='ltr'>δώροις</span> <span class='ocrx_word' id='word_1_293' title='bbox 1622 2718 1783 2774; x_wconf 81' lang='grc' dir='ltr'>αὐτὸν</span> <span class='ocrx_word' id='word_1_294' title='bbox 1833 2738 1969 2773; x_wconf 83' lang='grc' dir='ltr'>παν-</span> 
     </span>
    </p>
   </div>
   <div class='ocr_carea' id='block_1_39' title="bbox 326 2805 1969 2885">
    <p class='ocr_par' dir='ltr' id='par_1_39' title="bbox 326 2805 1969 2885">
     <span class='ocr_line' id='line_1_40' title="bbox 326 2805 1969 2885; baseline -0.006 -14"><span class='ocrx_word' id='word_1_295' title='bbox 326 2815 499 2875; x_wconf 83' lang='grc' dir='ltr'>τοίοις</span> <span class='ocrx_word' id='word_1_296' title='bbox 531 2813 619 2869; x_wconf 68' lang='grc' dir='ltr'>καὶ</span> <span class='ocrx_word' id='word_1_297' title='bbox 651 2812 778 2872; x_wconf 80' lang='grc' dir='ltr'>τοὺς</span> <span class='ocrx_word' id='word_1_298' title='bbox 810 2810 933 2885; x_wconf 83' lang='grc' dir='ltr'>περὶ</span> <span class='ocrx_word' id='word_1_299' title='bbox 975 2809 1134 2865; x_wconf 78' lang='grc' dir='ltr'>αὑτὸν</span> <span class='ocrx_word' id='word_1_300' title='bbox 1180 2805 1678 2882; x_wconf 69' lang='grc' dir='ltr'>ἐφιλοφρονήσατο.</span> <span class='ocrx_word' id='word_1_301' title='bbox 1733 2806 1969 2882; x_wconf 77' lang='grc' dir='ltr'>Πληρω-</span> 
     </span>
    </p>
   </div>
   <div class='ocr_carea' id='block_1_40' title="bbox 321 2894 1972 2974">
    <p class='ocr_par' dir='ltr' id='par_1_40' title="bbox 321 2894 1972 2974">
     <span class='ocr_line' id='line_1_41' title="bbox 321 2894 1972 2974; baseline -0.006 -14"><span class='ocrx_word' id='word_1_302' title='bbox 321 2906 511 2972; x_wconf 73' lang='grc' dir='ltr'>θείσης</span> <span class='ocrx_word' id='word_1_303' title='bbox 545 2899 601 2957; x_wconf 67' lang='grc' dir='ltr'>δὲ</span> <span class='ocrx_word' id='word_1_304' title='bbox 630 2909 731 2971; x_wconf 75' lang='grc' dir='ltr'>τῆς</span> <span class='ocrx_word' id='word_1_305' title='bbox 762 2899 1029 2974; x_wconf 80' lang='grc' dir='ltr'>ἐντυχίας.</span> <span class='ocrx_word' id='word_1_306' title='bbox 1065 2898 1117 2953; x_wconf 82' lang='grc' dir='ltr'>έν</span> <span class='ocrx_word' id='word_1_307' title='bbox 1143 2903 1224 2969; x_wconf 83' lang='grc' dir='ltr'>τῷ</span> <span class='ocrx_word' id='word_1_308' title='bbox 1274 2894 1499 2969; x_wconf 88' lang='grc' dir='ltr'>μέλλειν</span> <span class='ocrx_word' id='word_1_309' title='bbox 1537 2896 1644 2951; x_wconf 85' lang='grc' dir='ltr'>ἀπὸ</span> <span class='ocrx_word' id='word_1_310' title='bbox 1690 2899 1786 2951; x_wconf 80' lang='grc' dir='ltr'>τοῦ</span> <span class='ocrx_word' id='word_1_311' title='bbox 1839 2915 1972 2970; x_wconf 87' lang='grc' dir='ltr'>χρυ-</span> 
     </span>
    </p>
   </div>
   <div class='ocr_carea' id='block_1_41' title="bbox 326 2983 1968 3068">
    <p class='ocr_par' dir='ltr' id='par_1_41' title="bbox 326 2983 1968 3068">
     <span class='ocr_line' id='line_1_42' title="bbox 326 2983 1968 3068; baseline -0.006 -20"><span class='ocrx_word' id='word_1_312' title='bbox 326 2991 677 3068; x_wconf 76' lang='grc' dir='ltr'>σοτρικλίνου</span> <span class='ocrx_word' id='word_1_313' title='bbox 735 2988 923 3063; x_wconf 68' lang='grc' dir='ltr'>ἐξιέναι</span> <span class='ocrx_word' id='word_1_314' title='bbox 983 2988 1075 3044; x_wconf 85' lang='grc' dir='ltr'>τὸν</span> <span class='ocrx_word' id='word_1_315' title='bbox 1157 2990 1557 3041; x_wconf 69' lang='grc' dir='ltr'>Κωνσταντίιον</span> <span class='ocrx_word' id='word_1_316' title='bbox 1621 2983 1814 3056; x_wconf 71' lang='grc' dir='ltr'>(ἐκεῖσε</span> <span class='ocrx_word' id='word_1_317' title='bbox 1868 2986 1968 3061; x_wconf 79' lang='grc' dir='ltr'>γάρ</span> 
     </span>
    </p>
   </div>
   <div class='ocr_carea' id='block_1_42' title="bbox 317 3072 1970 3151">
    <p class='ocr_par' dir='ltr' id='par_1_42' title="bbox 317 3072 1970 3151">
     <span class='ocr_line' id='line_1_43' title="bbox 317 3072 1970 3151; baseline -0.007 -13"><span class='ocrx_word' id='word_1_318' title='bbox 317 3079 622 3151; x_wconf 62' lang='grc' dir='ltr'>ἔποιήσατο</span> <span class='ocrx_word' id='word_1_319' title='bbox 654 3081 756 3149; x_wconf 73' lang='grc' dir='ltr'>τήν</span> <span class='ocrx_word' id='word_1_320' title='bbox 815 3077 980 3133; x_wconf 81' lang='grc' dir='ltr'>αὐτοῦ</span> <span class='ocrx_word' id='word_1_321' title='bbox 1030 3073 1205 3151; x_wconf 68' lang='grc' dir='ltr'>δοχὴν</span> <span class='ocrx_word' id='word_1_322' title='bbox 1236 3076 1264 3130; x_wconf 95' lang='lat'>6</span> <span class='ocrx_word' id='word_1_323' title='bbox 1301 3072 1579 3149; x_wconf 74' lang='grc' dir='ltr'>βασιλεὺς)</span> <span class='ocrx_word' id='word_1_324' title='bbox 1639 3073 1970 3149; x_wconf 71' lang='grc' dir='ltr'>ὑποστρέψαι</span> 
     </span>
    </p>
   </div>
   <div class='ocr_carea' id='block_1_43' title="bbox 317 3161 1972 3238">
    <p class='ocr_par' dir='ltr' id='par_1_43' title="bbox 317 3161 1972 3238">
     <span class='ocr_line' id='line_1_44' title="bbox 317 3161 1972 3238; baseline -0.006 -11"><span class='ocrx_word' id='word_1_325' title='bbox 317 3169 580 3233; x_wconf 67' lang='grc' dir='ltr'>κελεῦσας</span> <span class='ocrx_word' id='word_1_326' title='bbox 637 3169 819 3236; x_wconf 82' lang='grc' dir='ltr'>αὐτὸν,</span> <span class='ocrx_word' id='word_1_327' title='bbox 877 3163 1178 3228; x_wconf 75' lang='grc' dir='ltr'>ένατενίσας</span> <span class='ocrx_word' id='word_1_328' title='bbox 1231 3163 1368 3236; x_wconf 85' lang='grc' dir='ltr'>πρὸς</span> <span class='ocrx_word' id='word_1_329' title='bbox 1432 3165 1529 3226; x_wconf 72' lang='grc' dir='ltr'>τὰς</span> <span class='ocrx_word' id='word_1_330' title='bbox 1590 3161 1972 3238; x_wconf 77' lang='grc' dir='ltr'>έστηλωμένας</span> 
     </span>
    </p>
   </div>
   <div class='ocr_carea' id='block_1_44' title="bbox 314 3224 2044 3329">
    <p class='ocr_par' dir='ltr' id='par_1_44' title="bbox 314 3224 2044 3329">
     <span class='ocr_line' id='line_1_45' title="bbox 314 3224 2044 3329; baseline -0.002 -17"><span class='ocrx_word' id='word_1_331' title='bbox 314 3260 520 3316; x_wconf 76' lang='grc' dir='ltr'>ἄνωθεν</span> <span class='ocrx_word' id='word_1_332' title='bbox 550 3264 650 3326; x_wconf 78' lang='grc' dir='ltr'>τῆς</span> <span class='ocrx_word' id='word_1_333' title='bbox 687 3255 866 3327; x_wconf 73' lang='grc' dir='ltr'>π·5λης</span> <span class='ocrx_word' id='word_1_334' title='bbox 898 3254 1110 3316; x_wconf 81' lang='grc' dir='ltr'>εἰκόνας</span> <span class='ocrx_word' id='word_1_335' title='bbox 1141 3258 1236 3309; x_wconf 86' lang='grc' dir='ltr'>τοῦ</span> <span class='ocrx_word' id='word_1_336' title='bbox 1268 3253 1502 3329; x_wconf 76' lang='grc' dir='ltr'>Χριστοῦ</span> <span class='ocrx_word' id='word_1_337' title='bbox 1549 3255 1637 3308; x_wconf 84' lang='grc' dir='ltr'>καὶ</span> <span class='ocrx_word' id='word_1_338' title='bbox 1688 3259 1789 3322; x_wconf 85' lang='grc' dir='ltr'>τῆς</span> <span class='ocrx_word' id='word_1_339' title='bbox 1837 3260 1970 3308; x_wconf 81' lang='grc' dir='ltr'>Θεο-</span> <span class='ocrx_word' id='word_1_340' title='bbox 2002 3224 2044 3291; x_wconf 75' lang='lat' dir='ltr'><strong>C</strong></span> 
     </span>
    </p>
   </div>
   <div class='ocr_carea' id='block_1_45' title="bbox 317 3341 1965 3423">
    <p class='ocr_par' dir='ltr' id='par_1_45' title="bbox 317 3341 1965 3423">
     <span class='ocr_line' id='line_1_46' title="bbox 317 3341 1965 3423; baseline -0.004 -20"><span class='ocrx_word' id='word_1_341' title='bbox 317 3350 564 3423; x_wconf 82' lang='grc' dir='ltr'>μήτορος</span> <span class='ocrx_word' id='word_1_342' title='bbox 622 3348 650 3401; x_wconf 97' lang='lat'>6</span> <span class='ocrx_word' id='word_1_343' title='bbox 707 3344 982 3422; x_wconf 80' lang='grc' dir='ltr'>βασιλεὺς,</span> <span class='ocrx_word' id='word_1_344' title='bbox 1041 3341 1170 3399; x_wconf 78' lang='grc' dir='ltr'>τάδε</span> <span class='ocrx_word' id='word_1_345' title='bbox 1221 3344 1358 3414; x_wconf 86' lang='grc' dir='ltr'>πρὸς</span> <span class='ocrx_word' id='word_1_346' title='bbox 1408 3342 1498 3398; x_wconf 87' lang='grc' dir='ltr'>τὸν</span> <span class='ocrx_word' id='word_1_347' title='bbox 1561 3345 1965 3400; x_wconf 85' lang='grc' dir='ltr'>Κωνσταντῖνον</span> 
     </span>
    </p>
   </div>
   <div class='ocr_carea' id='block_1_46' title="bbox 306 3431 1962 3512">
    <p class='ocr_par' dir='ltr' id='par_1_46' title="bbox 306 3431 1962 3512">
     <span class='ocr_line' id='line_1_47' title="bbox 306 3431 1962 3512; baseline -0.004 -19"><span class='ocrx_word' id='word_1_348' title='bbox 306 3437 543 3512; x_wconf 74' lang='grc' dir='ltr'>εἰρήκειο</span> <span class='ocrx_word' id='word_1_349' title='bbox 579 3459 606 3488; x_wconf 76' lang='grc' dir='ltr'>ιι</span> <span class='ocrx_word' id='word_1_350' title='bbox 641 3437 732 3505; x_wconf 79' lang='grc' dir='ltr'>Μή</span> <span class='ocrx_word' id='word_1_351' title='bbox 769 3455 826 3490; x_wconf 84' lang='grc' dir='ltr'>σε</span> <span class='ocrx_word' id='word_1_352' title='bbox 855 3431 1138 3492; x_wconf 84' lang='grc' dir='ltr'>πλανάτω.</span> <span class='ocrx_word' id='word_1_353' title='bbox 1171 3433 1216 3486; x_wconf 83' lang='grc' dir='ltr'>ὧ</span> <span class='ocrx_word' id='word_1_354' title='bbox 1252 3434 1636 3499; x_wconf 78' lang='grc' dir='ltr'>Κσυνσταντῖνε,</span> <span class='ocrx_word' id='word_1_355' title='bbox 1674 3431 1737 3487; x_wconf 75' lang='grc' dir='ltr'>τὸ</span> <span class='ocrx_word' id='word_1_356' title='bbox 1768 3431 1962 3504; x_wconf 80' lang='grc' dir='ltr'>ὄνομα,</span> 
     </span>
    </p>
   </div>
   <div class='ocr_carea' id='block_1_47' title="bbox 303 3519 1969 3600">
    <p class='ocr_par' dir='ltr' id='par_1_47' title="bbox 303 3519 1969 3600">
     <span class='ocr_line' id='line_1_48' title="bbox 303 3519 1969 3600; baseline -0.004 -20"><span class='ocrx_word' id='word_1_357' title='bbox 303 3525 451 3600; x_wconf 66' lang='grc' dir='ltr'>μηδὲ</span> <span class='ocrx_word' id='word_1_358' title='bbox 479 3522 570 3580; x_wconf 74' lang='grc' dir='ltr'>διά</span> <span class='ocrx_word' id='word_1_359' title='bbox 597 3527 760 3580; x_wconf 78' lang='grc' dir='ltr'>τοῦτο</span> <span class='ocrx_word' id='word_1_360' title='bbox 793 3521 912 3578; x_wconf 68' lang='grc' dir='ltr'>οἳου</span> <span class='ocrx_word' id='word_1_361' title='bbox 967 3519 1250 3593; x_wconf 74' lang='grc' dir='ltr'>κατάρξειν</span> <span class='ocrx_word' id='word_1_362' title='bbox 1295 3519 1612 3590; x_wconf 85' lang='grc' dir='ltr'>Ῥωμαίων⁶</span> <span class='ocrx_word' id='word_1_363' title='bbox 1647 3521 1682 3588; x_wconf 75' lang='grc' dir='ltr'>ἡ</span> <span class='ocrx_word' id='word_1_364' title='bbox 1719 3519 1969 3595; x_wconf 86' lang='grc' dir='ltr'>βασιλεία</span> 
     </span>
    </p>
   </div>
   <div class='ocr_carea' id='block_1_48' title="bbox 311 3607 1966 3690">
    <p class='ocr_par' dir='ltr' id='par_1_48' title="bbox 311 3607 1966 3690">
     <span class='ocr_line' id='line_1_49' title="bbox 311 3607 1966 3690; baseline -0.004 -22"><span class='ocrx_word' id='word_1_365' title='bbox 311 3615 420 3690; x_wconf 74' lang='grc' dir='ltr'>γάρ</span> <span class='ocrx_word' id='word_1_366' title='bbox 450 3618 530 3684; x_wconf 77' lang='grc' dir='ltr'>τῷ</span> <span class='ocrx_word' id='word_1_367' title='bbox 560 3613 676 3684; x_wconf 78' lang='grc' dir='ltr'>ἐμῷ</span> <span class='ocrx_word' id='word_1_368' title='bbox 713 3613 815 3684; x_wconf 75' lang='grc' dir='ltr'>οἱῷ</span> <span class='ocrx_word' id='word_1_369' title='bbox 868 3609 1257 3682; x_wconf 78' lang='grc' dir='ltr'>Κιυνσταντίνῳ</span> <span class='ocrx_word' id='word_1_370' title='bbox 1309 3607 1368 3662; x_wconf 78' lang='grc' dir='ltr'>ἐκ</span> <span class='ocrx_word' id='word_1_371' title='bbox 1417 3611 1551 3662; x_wconf 88' lang='grc' dir='ltr'>Θεοῦ</span> <span class='ocrx_word' id='word_1_372' title='bbox 1598 3609 1966 3679; x_wconf 81' lang='grc' dir='ltr'>τεταμίευται,</span> 
     </span>
    </p>
   </div>
   <div class='ocr_carea' id='block_1_49' title="bbox 316 3694 1964 3775">
    <p class='ocr_par' dir='ltr' id='par_1_49' title="bbox 316 3694 1964 3775">
     <span class='ocr_line' id='line_1_50' title="bbox 316 3694 1964 3775; baseline -0.005 -18"><span class='ocrx_word' id='word_1_373' title='bbox 316 3702 412 3758; x_wconf 83' lang='grc' dir='ltr'>καὶ</span> <span class='ocrx_word' id='word_1_374' title='bbox 443 3702 605 3756; x_wconf 85' lang='grc' dir='ltr'>τοῦτό</span> <span class='ocrx_word' id='word_1_375' title='bbox 643 3721 736 3775; x_wconf 89' lang='grc' dir='ltr'>μοι</span> <span class='ocrx_word' id='word_1_376' title='bbox 786 3697 958 3769; x_wconf 80' lang='grc' dir='ltr'>δῆλον</span> <span class='ocrx_word' id='word_1_377' title='bbox 1019 3700 1236 3774; x_wconf 80' lang='grc' dir='ltr'>γέγονεν</span> <span class='ocrx_word' id='word_1_378' title='bbox 1295 3695 1356 3750; x_wconf 79' lang='grc' dir='ltr'>ἐκ</span> <span class='ocrx_word' id='word_1_379' title='bbox 1398 3694 1751 3770; x_wconf 70' lang='grc' dir='ltr'>προρρήσεων</span> <span class='ocrx_word' id='word_1_380' title='bbox 1808 3695 1964 3750; x_wconf 88' lang='grc' dir='ltr'>θείων</span> 
     </span>
    </p>
   </div>
   <div class='ocr_carea' id='block_1_50' title="bbox 306 3780 1966 3862">
    <p class='ocr_par' dir='ltr' id='par_1_50' title="bbox 306 3780 1966 3862">
     <span class='ocr_line' id='line_1_51' title="bbox 306 3780 1966 3862; baseline -0.005 -15"><span class='ocrx_word' id='word_1_381' title='bbox 306 3787 522 3862; x_wconf 74' lang='grc' dir='ltr'>ἀνδρῶν</span> <span class='ocrx_word' id='word_1_382' title='bbox 572 3789 662 3844; x_wconf 82' lang='grc' dir='ltr'>καὶ</span> <span class='ocrx_word' id='word_1_383' title='bbox 712 3791 949 3862; x_wconf 78' lang='grc' dir='ltr'>προορᾷν</span> <span class='ocrx_word' id='word_1_384' title='bbox 990 3786 1057 3842; x_wconf 76' lang='grc' dir='ltr'>τά</span> <span class='ocrx_word' id='word_1_385' title='bbox 1116 3783 1398 3860; x_wconf 65' lang='grc' dir='ltr'>μέλλοντα</span> <span class='ocrx_word' id='word_1_386' title='bbox 1457 3780 1546 3837; x_wconf 72' lang='grc' dir='ltr'>διὰ</span> <span class='ocrx_word' id='word_1_387' title='bbox 1595 3783 1966 3854; x_wconf 82' lang='grc' dir='ltr'>καθαρότητος</span> 
     </span>
    </p>
   </div>
   <div class='ocr_carea' id='block_1_51' title="bbox 313 3868 1964 3951">
    <p class='ocr_par' dir='ltr' id='par_1_51' title="bbox 313 3868 1964 3951">
     <span class='ocr_line' id='line_1_52' title="bbox 313 3868 1964 3951; baseline -0.006 -15"><span class='ocrx_word' id='word_1_388' title='bbox 313 3879 698 3951; x_wconf 59' lang='grc' dir='ltr'>κτησαμένων.</span> <span class='ocrx_word' id='word_1_389' title='bbox 758 3878 1000 3949; x_wconf 76' lang='grc' dir='ltr'>Ἐμμενε</span> <span class='ocrx_word' id='word_1_390' title='bbox 1053 3878 1182 3950; x_wconf 89' lang='grc' dir='ltr'>γοῦν</span> <span class='ocrx_word' id='word_1_391' title='bbox 1239 3877 1309 3946; x_wconf 78' lang='grc' dir='ltr'>τῇ</span> <span class='ocrx_word' id='word_1_392' title='bbox 1384 3868 1600 3946; x_wconf 76' lang='grc' dir='ltr'>δοθείσῃ</span> <span class='ocrx_word' id='word_1_393' title='bbox 1656 3892 1739 3927; x_wconf 92' lang='grc' dir='ltr'>σοι</span> <span class='ocrx_word' id='word_1_394' title='bbox 1798 3875 1964 3947; x_wconf 61' lang='grc' dir='ltr'>τάξει,</span> 
     </span>
    </p>
   </div>
   <div class='ocr_carea' id='block_1_52' title="bbox 305 3957 1958 4046">
    <p class='ocr_par' dir='ltr' id='par_1_52' title="bbox 305 3957 1958 4046">
     <span class='ocr_line' id='line_1_53' title="bbox 305 3957 1958 4046; baseline -0.004 -21"><span class='ocrx_word' id='word_1_395' title='bbox 305 3970 513 4042; x_wconf 80' lang='grc' dir='ltr'>καὶμὴ</span> <span class='ocrx_word' id='word_1_396' title='bbox 548 3969 820 4046; x_wconf 74' lang='grc' dir='ltr'>φαντάζου</span> <span class='ocrx_word' id='word_1_397' title='bbox 849 3969 916 4020; x_wconf 81' lang='grc' dir='ltr'>τά</span> <span class='ocrx_word' id='word_1_398' title='bbox 956 3965 1088 4040; x_wconf 73' lang='grc' dir='ltr'>ὑπὲρ</span> <span class='ocrx_word' id='word_1_399' title='bbox 1143 3963 1388 4018; x_wconf 88' lang='grc' dir='ltr'>σεαυτόν.</span> <span class='ocrx_word' id='word_1_400' title='bbox 1443 3962 1514 4018; x_wconf 83' lang='grc' dir='ltr'><strong><em>’Ἠ</em></strong></span> <span class='ocrx_word' id='word_1_401' title='bbox 1567 3963 1674 4034; x_wconf 73' lang='grc' dir='ltr'>μὴν</span> <span class='ocrx_word' id='word_1_402' title='bbox 1724 3957 1834 4027; x_wconf 65' lang='grc' dir='ltr'>ἴσθι</span> <span class='ocrx_word' id='word_1_403' title='bbox 1883 3964 1958 4024; x_wconf 84' lang='grc' dir='ltr'>ὡς</span> 
     </span>
    </p>
   </div>
   <div class='ocr_carea' id='block_1_53' title="bbox 302 4049 1965 4137">
    <p class='ocr_par' dir='ltr' id='par_1_53' title="bbox 302 4049 1965 4137">
     <span class='ocr_line' id='line_1_54' title="bbox 302 4049 1965 4137; baseline -0.005 -21"><span class='ocrx_word' id='word_1_404' title='bbox 302 4062 744 4129; x_wconf 62' lang='grc' dir='ltr'>τυδαννήσοντος</span> <span class='ocrx_word' id='word_1_405' title='bbox 775 4061 809 4125; x_wconf 75' lang='grc' dir='ltr'>ἡ</span> <span class='ocrx_word' id='word_1_406' title='bbox 841 4055 1050 4137; x_wconf 74' lang='grc' dir='ltr'>κεφαλή</span> <span class='ocrx_word' id='word_1_407' title='bbox 1089 4075 1206 4123; x_wconf 90' lang='grc' dir='ltr'>σου,</span> <span class='ocrx_word' id='word_1_408' title='bbox 1239 4053 1493 4127; x_wconf 85' lang='grc' dir='ltr'>σώματος</span> <span class='ocrx_word' id='word_1_409' title='bbox 1517 4050 1666 4127; x_wconf 76' lang='grc' dir='ltr'>ἄτερ,</span> <span class='ocrx_word' id='word_1_410' title='bbox 1693 4049 1781 4107; x_wconf 79' lang='grc' dir='ltr'>διὰ</span> <span class='ocrx_word' id='word_1_411' title='bbox 1800 4051 1965 4123; x_wconf 77' lang='grc' dir='ltr'>τῆσδε</span> 
     </span>
    </p>
   </div>
   <div class='ocr_carea' id='block_1_54' title="bbox 306 4141 1960 4220">
    <p class='ocr_par' dir='ltr' id='par_1_54' title="bbox 306 4141 1960 4220">
     <span class='ocr_line' id='line_1_55' title="bbox 306 4141 1960 4220; baseline -0.006 -12"><span class='ocrx_word' id='word_1_412' title='bbox 306 4157 415 4218; x_wconf 80' lang='grc' dir='ltr'>τῆς</span> <span class='ocrx_word' id='word_1_413' title='bbox 446 4147 628 4218; x_wconf 67' lang='grc' dir='ltr'>πύλης</span> <span class='ocrx_word' id='word_1_414' title='bbox 657 4144 1039 4204; x_wconf 68' lang='grc' dir='ltr'>εἷσελεῦσεται.</span> <span class='ocrx_word' id='word_1_415' title='bbox 1079 4168 1108 4196; x_wconf 85' lang='grc'><strong>››</strong></span> <span class='ocrx_word' id='word_1_416' title='bbox 1165 4144 1232 4202; x_wconf 77' lang='grc' dir='ltr'>Ὀ</span> <span class='ocrx_word' id='word_1_417' title='bbox 1285 4142 1372 4198; x_wconf 86' lang='grc' dir='ltr'>καὶ</span> <span class='ocrx_word' id='word_1_418' title='bbox 1437 4141 1657 4220; x_wconf 82' lang='grc' dir='ltr'>γέγονεν</span> <span class='ocrx_word' id='word_1_419' title='bbox 1719 4142 1960 4219; x_wconf 77' lang='grc' dir='ltr'>ὕστερον·</span> 
     </span>
    </p>
   </div>
   <div class='ocr_carea' id='block_1_55' title="bbox 2157 1553 3736 1632">
    <p class='ocr_par' dir='ltr' id='par_1_55' title="bbox 2157 1553 3736 1632">
     <span class='ocr_line' id='line_1_56' title="bbox 2157 1553 3736 1632; baseline 0.011 -26"><span class='ocrx_word' id='word_1_420' title='bbox 2157 1553 2341 1608; x_wconf 85' lang='lat' dir='ltr'><strong>Filius</strong></span> <span class='ocrx_word' id='word_1_421' title='bbox 2369 1561 2568 1610; x_wconf 86' lang='lat' dir='ltr'><strong>autem</strong></span> <span class='ocrx_word' id='word_1_422' title='bbox 2601 1557 2778 1628; x_wconf 85' lang='lat' dir='ltr'>hujus</span> <span class='ocrx_word' id='word_1_423' title='bbox 2809 1559 3252 1632; x_wconf 79' lang='lat' dir='ltr'><strong>Constantinus,</strong></span> <span class='ocrx_word' id='word_1_424' title='bbox 3284 1561 3410 1619; x_wconf 91' lang='lat' dir='ltr'><strong>vivo</strong></span> <span class='ocrx_word' id='word_1_425' title='bbox 3454 1565 3646 1622; x_wconf 89' lang='lat' dir='ltr'><strong>adhuc</strong></span> <span class='ocrx_word' id='word_1_426' title='bbox 3676 1573 3736 1625; x_wconf 88' lang='lat' dir='ltr'>et</span> 
     </span>
    </p>
   </div>
   <div class='ocr_carea' id='block_1_56' title="bbox 2085 1643 3734 1728">
    <p class='ocr_par' dir='ltr' id='par_1_56' title="bbox 2085 1643 3734 1728">
     <span class='ocr_line' id='line_1_57' title="bbox 2085 1643 3734 1728; baseline 0.012 -34"><span class='ocrx_word' id='word_1_427' title='bbox 2085 1643 2321 1697; x_wconf 88' lang='lat' dir='ltr'><strong>conscio</strong></span> <span class='ocrx_word' id='word_1_428' title='bbox 2350 1649 2536 1715; x_wconf 84' lang='lat' dir='ltr'><strong>patre,</strong></span> <span class='ocrx_word' id='word_1_429' title='bbox 2568 1661 2633 1699; x_wconf 87' lang='lat' dir='ltr'><strong>re</strong></span> <span class='ocrx_word' id='word_1_430' title='bbox 2685 1662 2820 1702; x_wconf 90' lang='lat' dir='ltr'>cum</span> <span class='ocrx_word' id='word_1_431' title='bbox 2881 1649 3237 1719; x_wconf 87' lang='lat' dir='ltr'><strong>quibusdam</strong></span> <span class='ocrx_word' id='word_1_432' title='bbox 3301 1652 3432 1708; x_wconf 89' lang='lat' dir='ltr'><strong>aliis</strong></span> <span class='ocrx_word' id='word_1_433' title='bbox 3489 1659 3734 1728; x_wconf 86' lang='lat' dir='ltr'><strong>captivis</strong></span> 
     </span>
    </p>
   </div>
   <div class='ocr_carea' id='block_1_57' title="bbox 2086 1731 3731 1813">
    <p class='ocr_par' dir='ltr' id='par_1_57' title="bbox 2086 1731 3731 1813">
     <span class='ocr_line' id='line_1_58' title="bbox 2086 1731 3731 1813; baseline 0.011 -29"><span class='ocrx_word' id='word_1_434' title='bbox 2086 1731 2447 1803; x_wconf 83' lang='lat' dir='ltr'><strong>(complures</strong></span> <span class='ocrx_word' id='word_1_435' title='bbox 2487 1734 2645 1789; x_wconf 89' lang='lat' dir='ltr'><strong>enim</strong></span> <span class='ocrx_word' id='word_1_436' title='bbox 2695 1735 2757 1790; x_wconf 91' lang='lat' dir='ltr'>in</span> <span class='ocrx_word' id='word_1_437' title='bbox 2808 1753 3042 1794; x_wconf 83' lang='lat' dir='ltr'><strong>carcere</strong></span> <span class='ocrx_word' id='word_1_438' title='bbox 3092 1757 3212 1796; x_wconf 88' lang='lat' dir='ltr'>una</span> <span class='ocrx_word' id='word_1_439' title='bbox 3267 1741 3481 1798; x_wconf 87' lang='lat' dir='ltr'><strong>inclusi</strong></span> <span class='ocrx_word' id='word_1_440' title='bbox 3543 1752 3731 1813; x_wconf 84' lang='lat' dir='ltr'><strong>erant,</strong></span> 
     </span>
    </p>
   </div>
   <div class='ocr_carea' id='block_1_58' title="bbox 2087 1820 3734 1906">
    <p class='ocr_par' dir='ltr' id='par_1_58' title="bbox 2087 1820 3734 1906">
     <span class='ocr_line' id='line_1_59' title="bbox 2087 1820 3734 1906; baseline 0.012 -33"><span class='ocrx_word' id='word_1_441' title='bbox 2087 1820 2242 1890; x_wconf 91' lang='lat' dir='ltr'><strong>quod</strong></span> <span class='ocrx_word' id='word_1_442' title='bbox 2265 1821 2608 1894; x_wconf 82' lang='lat' dir='ltr'><strong>religionem</strong></span> <span class='ocrx_word' id='word_1_443' title='bbox 2625 1841 2822 1881; x_wconf 87' lang='lat' dir='ltr'><strong>veram</strong></span> <span class='ocrx_word' id='word_1_444' title='bbox 2839 1827 3089 1898; x_wconf 88' lang='lat' dir='ltr'><strong>prodere</strong></span> <span class='ocrx_word' id='word_1_445' title='bbox 3110 1830 3360 1902; x_wconf 83' lang='lat' dir='ltr'><strong>nollent)</strong></span> <span class='ocrx_word' id='word_1_446' title='bbox 3383 1837 3734 1906; x_wconf 87' lang='lat' dir='ltr'><strong>composita,</strong></span> 
     </span>
    </p>
   </div>
   <div class='ocr_carea' id='block_1_59' title="bbox 2087 1910 3736 1997">
    <p class='ocr_par' dir='ltr' id='par_1_59' title="bbox 2087 1910 3736 1997">
     <span class='ocr_line' id='line_1_60' title="bbox 2087 1910 3736 1997; baseline 0.01 -34"><span class='ocrx_word' id='word_1_447' title='bbox 2087 1910 2276 1980; x_wconf 88' lang='lat' dir='ltr'><strong>ruptis</strong></span> <span class='ocrx_word' id='word_1_448' title='bbox 2302 1910 2552 1966; x_wconf 90' lang='lat' dir='ltr'><strong>vinculis</strong></span> <span class='ocrx_word' id='word_1_449' title='bbox 2583 1929 2689 1984; x_wconf 91' lang='lat' dir='ltr'>per</span> <span class='ocrx_word' id='word_1_450' title='bbox 2729 1914 2931 1970; x_wconf 85' lang='lat' dir='ltr'><strong>funem</strong></span> <span class='ocrx_word' id='word_1_451' title='bbox 2983 1933 3051 1972; x_wconf 86' lang='lat' dir='ltr'>cx</span> <span class='ocrx_word' id='word_1_452' title='bbox 3097 1935 3332 1975; x_wconf 85' lang='lat' dir='ltr'><strong>carcere</strong></span> <span class='ocrx_word' id='word_1_453' title='bbox 3389 1922 3615 1995; x_wconf 83' lang='lat' dir='ltr'><strong>delapsi</strong></span> <span class='ocrx_word' id='word_1_454' title='bbox 3677 1943 3736 1997; x_wconf 59' lang='lat' dir='ltr'>et</span> 
     </span>
    </p>
   </div>
   <div class='ocr_carea' id='block_1_60' title="bbox 2087 2001 3732 2080">
    <p class='ocr_par' dir='ltr' id='par_1_60' title="bbox 2087 2001 3732 2080">
     <span class='ocr_line' id='line_1_61' title="bbox 2087 2001 3732 2080; baseline 0.01 -28"><span class='ocrx_word' id='word_1_455' title='bbox 2087 2014 2272 2068; x_wconf 87' lang='lat' dir='ltr'><strong>equos</strong></span> <span class='ocrx_word' id='word_1_456' title='bbox 2303 2001 2458 2054; x_wconf 90' lang='lat' dir='ltr'><strong>nacti</strong></span> <span class='ocrx_word' id='word_1_457' title='bbox 2493 2003 2898 2074; x_wconf 82' lang='lat' dir='ltr'><strong>profugerunt.</strong></span> <span class='ocrx_word' id='word_1_458' title='bbox 2932 2005 3262 2078; x_wconf 81' lang='lat' dir='ltr'><strong>Militesque</strong></span> <span class='ocrx_word' id='word_1_459' title='bbox 3295 2011 3393 2080; x_wconf 90' lang='lat' dir='ltr'><strong>qui</strong></span> <span class='ocrx_word' id='word_1_460' title='bbox 3429 2028 3529 2066; x_wconf 91' lang='lat' dir='ltr'>eos</span> <span class='ocrx_word' id='word_1_461' title='bbox 3571 2030 3732 2068; x_wconf 88' lang='lat' dir='ltr'><strong>com-</strong></span> 
     </span>
    </p>
   </div>
   <div class='ocr_carea' id='block_1_61' title="bbox 2086 2087 3726 2163">
    <p class='ocr_par' dir='ltr' id='par_1_61' title="bbox 2086 2087 3726 2163">
     <span class='ocr_line' id='line_1_62' title="bbox 2086 2087 3726 2163; baseline 0.012 -24"><span class='ocrx_word' id='word_1_462' title='bbox 2086 2087 2445 2158; x_wconf 86' lang='lat' dir='ltr'><strong>prehensum</strong></span> <span class='ocrx_word' id='word_1_463' title='bbox 2478 2089 2643 2145; x_wconf 89' lang='lat' dir='ltr'><strong>missi</strong></span> <span class='ocrx_word' id='word_1_464' title='bbox 2676 2091 3165 2163; x_wconf 84' lang='lat' dir='ltr'><strong>insequebantur,</strong></span> <span class='ocrx_word' id='word_1_465' title='bbox 3191 2113 3348 2154; x_wconf 89' lang='lat' dir='ltr'><strong>nunc</strong></span> <span class='ocrx_word' id='word_1_466' title='bbox 3371 2100 3726 2159; x_wconf 89' lang='lat' dir='ltr'><strong>obvertendo</strong></span> 
     </span>
    </p>
   </div>
   <div class='ocr_carea' id='block_1_62' title="bbox 2087 2177 3729 2262">
    <p class='ocr_par' dir='ltr' id='par_1_62' title="bbox 2087 2177 3729 2262">
     <span class='ocr_line' id='line_1_63' title="bbox 2087 2177 3729 2262; baseline 0.011 -32"><span class='ocrx_word' id='word_1_467' title='bbox 2087 2193 2149 2231; x_wconf 89' lang='lat' dir='ltr'>se</span> <span class='ocrx_word' id='word_1_468' title='bbox 2181 2184 2239 2232; x_wconf 90' lang='lat' dir='ltr'><strong>et</strong></span> <span class='ocrx_word' id='word_1_469' title='bbox 2271 2177 2628 2246; x_wconf 88' lang='lat' dir='ltr'><strong>dimicando,</strong></span> <span class='ocrx_word' id='word_1_470' title='bbox 2662 2199 2818 2238; x_wconf 90' lang='lat' dir='ltr'><strong>nunc</strong></span> <span class='ocrx_word' id='word_1_471' title='bbox 2848 2199 3058 2239; x_wconf 88' lang='lat' dir='ltr'><strong>aurum</strong></span> <span class='ocrx_word' id='word_1_472' title='bbox 3086 2186 3146 2241; x_wconf 91' lang='lat' dir='ltr'>in</span> <span class='ocrx_word' id='word_1_473' title='bbox 3178 2204 3292 2258; x_wconf 94' lang='lat' dir='ltr'>quo</span> <span class='ocrx_word' id='word_1_474' title='bbox 3324 2191 3656 2262; x_wconf 84' lang='lat' dir='ltr'><strong>colligendo</strong></span> <span class='ocrx_word' id='word_1_475' title='bbox 3690 2194 3729 2248; x_wconf 92' lang='lat' dir='ltr'>ii</span> 
     </span>
    </p>
   </div>
   <div class='ocr_carea' id='block_1_63' title="bbox 2085 2270 3733 2343">
    <p class='ocr_par' dir='ltr' id='par_1_63' title="bbox 2085 2270 3733 2343">
     <span class='ocr_line' id='line_1_64' title="bbox 2085 2270 3733 2343; baseline 0.011 -24"><span class='ocrx_word' id='word_1_476' title='bbox 2085 2273 2519 2337; x_wconf 86' lang='lat' dir='ltr'><strong>occuparentur</strong></span> <span class='ocrx_word' id='word_1_477' title='bbox 2548 2270 2918 2340; x_wconf 86' lang='lat' dir='ltr'><strong>projiciendo</strong></span> <span class='ocrx_word' id='word_1_478' title='bbox 2950 2275 3196 2343; x_wconf 88' lang='lat' dir='ltr'><strong>amoliti,</strong></span> <span class='ocrx_word' id='word_1_479' title='bbox 3229 2277 3302 2332; x_wconf 90' lang='lat' dir='ltr'>ad</span> <span class='ocrx_word' id='word_1_480' title='bbox 3335 2279 3484 2334; x_wconf 86' lang='lat' dir='ltr'><strong>fines</strong></span> <span class='ocrx_word' id='word_1_481' title='bbox 3516 2283 3733 2338; x_wconf 78' lang='lat' dir='ltr'><strong>Roma-</strong></span> 
     </span>
    </p>
   </div>
   <div class='ocr_carea' id='block_1_64' title="bbox 2087 2361 3730 2436">
    <p class='ocr_par' dir='ltr' id='par_1_64' title="bbox 2087 2361 3730 2436">
     <span class='ocr_line' id='line_1_65' title="bbox 2087 2361 3730 2436; baseline 0.01 -28"><span class='ocrx_word' id='word_1_482' title='bbox 2087 2370 2300 2408; x_wconf 88' lang='lat' dir='ltr'><strong>norum</strong></span> <span class='ocrx_word' id='word_1_483' title='bbox 2332 2364 2665 2412; x_wconf 88' lang='lat' dir='ltr'><strong>evaserunt.</strong></span> <span class='ocrx_word' id='word_1_484' title='bbox 2700 2361 3028 2429; x_wconf 83' lang='lat' dir='ltr'><strong>Imperator</strong></span> <span class='ocrx_word' id='word_1_485' title='bbox 3056 2364 3506 2422; x_wconf 85' lang='lat' dir='ltr'><strong>Constantinum</strong></span> <span class='ocrx_word' id='word_1_486' title='bbox 3543 2377 3600 2423; x_wconf 88' lang='lat' dir='ltr'>et</span> <span class='ocrx_word' id='word_1_487' title='bbox 3630 2373 3730 2436; x_wconf 92' lang='lat' dir='ltr'><strong>qui</strong></span> 
     </span>
    </p>
   </div>
   <div class='ocr_carea' id='block_1_65' title="bbox 2086 2443 3732 2528">
    <p class='ocr_par' dir='ltr' id='par_1_65' title="bbox 2086 2443 3732 2528">
     <span class='ocr_line' id='line_1_66' title="bbox 2086 2443 3732 2528; baseline 0.012 -33"><span class='ocrx_word' id='word_1_488' title='bbox 2086 2443 2290 2496; x_wconf 59' lang='lat'><strong>1000</strong></span> <span class='ocrx_word' id='word_1_489' title='bbox 2323 2459 2456 2498; x_wconf 89' lang='lat' dir='ltr'>cum</span> <span class='ocrx_word' id='word_1_490' title='bbox 2489 2445 2618 2515; x_wconf 90' lang='lat' dir='ltr'><strong>ipso</strong></span> <span class='ocrx_word' id='word_1_491' title='bbox 2643 2454 2812 2501; x_wconf 89' lang='lat' dir='ltr'><strong>erant</strong></span> <span class='ocrx_word' id='word_1_492' title='bbox 2843 2450 3038 2504; x_wconf 88' lang='lat' dir='ltr'><strong>statim</strong></span> <span class='ocrx_word' id='word_1_493' title='bbox 3064 2452 3136 2505; x_wconf 89' lang='lat' dir='ltr'>ad</span> <span class='ocrx_word' id='word_1_494' title='bbox 3169 2469 3230 2508; x_wconf 86' lang='lat' dir='ltr'>se</span> <span class='ocrx_word' id='word_1_495' title='bbox 3255 2462 3422 2510; x_wconf 86' lang='lat' dir='ltr'><strong>vocat</strong></span> <span class='ocrx_word' id='word_1_496' title='bbox 3443 2457 3732 2528; x_wconf 88' lang='lat' dir='ltr'><strong>donisque</strong></span> 
     </span>
    </p>
   </div>
   <div class='ocr_carea' id='block_1_66' title="bbox 2084 2529 3729 2611">
    <p class='ocr_par' dir='ltr' id='par_1_66' title="bbox 2084 2529 3729 2611">
     <span class='ocr_line' id='line_1_67' title="bbox 2084 2529 3729 2611; baseline 0.012 -28"><span class='ocrx_word' id='word_1_497' title='bbox 2084 2529 2261 2585; x_wconf 89' lang='lat' dir='ltr'><strong>variis</strong></span> <span class='ocrx_word' id='word_1_498' title='bbox 2291 2532 2522 2598; x_wconf 80' lang='lat' dir='ltr'><strong>afﬁcit;</strong></span> <span class='ocrx_word' id='word_1_499' title='bbox 2571 2540 2631 2588; x_wconf 88' lang='lat' dir='ltr'>et</span> <span class='ocrx_word' id='word_1_500' title='bbox 2659 2549 2693 2589; x_wconf 88' lang='lat' dir='ltr'>a</span> <span class='ocrx_word' id='word_1_501' title='bbox 2723 2536 2914 2606; x_wconf 89' lang='lat' dir='ltr'><strong>primo</strong></span> <span class='ocrx_word' id='word_1_502' title='bbox 2968 2555 3310 2611; x_wconf 81' lang='lat' dir='ltr'><strong>congressu,</strong></span> <span class='ocrx_word' id='word_1_503' title='bbox 3361 2561 3495 2599; x_wconf 91' lang='lat' dir='ltr'>cum</span> <span class='ocrx_word' id='word_1_504' title='bbox 3549 2562 3729 2602; x_wconf 85' lang='lat' dir='ltr'><strong>aureo</strong></span> 
     </span>
    </p>
   </div>
   <div class='ocr_carea' id='block_1_67' title="bbox 2086 2619 3730 2702">
    <p class='ocr_par' dir='ltr' id='par_1_67' title="bbox 2086 2619 3730 2702">
     <span class='ocr_line' id='line_1_68' title="bbox 2086 2619 3730 2702; baseline 0.012 -30"><span class='ocrx_word' id='word_1_505' title='bbox 2086 2619 2347 2675; x_wconf 88' lang='lat' dir='ltr'><strong>triclinio</strong></span> <span class='ocrx_word' id='word_1_506' title='bbox 2408 2628 2562 2676; x_wconf 89' lang='lat' dir='ltr'><strong>esset</strong></span> <span class='ocrx_word' id='word_1_507' title='bbox 2599 2623 2864 2680; x_wconf 80' lang='lat' dir='ltr'><strong>exiturus</strong></span> <span class='ocrx_word' id='word_1_508' title='bbox 2925 2627 3354 2686; x_wconf 84' lang='lat' dir='ltr'><strong>Constantinus</strong></span> <span class='ocrx_word' id='word_1_509' title='bbox 3411 2633 3511 2702; x_wconf 90' lang='lat' dir='ltr'><strong>(ibi</strong></span> <span class='ocrx_word' id='word_1_510' title='bbox 3572 2636 3730 2691; x_wconf 86' lang='lat' dir='ltr'><strong>enim</strong></span> 
     </span>
    </p>
   </div>
   <div class='ocr_carea' id='block_1_68' title="bbox 2087 2722 3732 2804">
    <p class='ocr_par' dir='ltr' id='par_1_68' title="bbox 2087 2722 3732 2804">
     <span class='ocr_line' id='line_1_69' title="bbox 2087 2722 3732 2804; baseline 0.012 -34"><span class='ocrx_word' id='word_1_511' title='bbox 2087 2733 2219 2772; x_wconf 89' lang='lat' dir='ltr'>eum</span> <span class='ocrx_word' id='word_1_512' title='bbox 2253 2726 2566 2789; x_wconf 82' lang='lat' dir='ltr'><strong>exceperat</strong></span> <span class='ocrx_word' id='word_1_513' title='bbox 2595 2722 2858 2777; x_wconf 84' lang='lat' dir='ltr'><strong>convivio</strong></span> <span class='ocrx_word' id='word_1_514' title='bbox 2880 2724 3036 2792; x_wconf 42' lang='lat' dir='ltr'><strong>Leo},</strong></span> <span class='ocrx_word' id='word_1_515' title='bbox 3069 2735 3302 2784; x_wconf 81' lang='lat' dir='ltr'><strong>revocat</strong></span> <span class='ocrx_word' id='word_1_516' title='bbox 3323 2746 3455 2786; x_wconf 86' lang='lat' dir='ltr'>eum</span> <span class='ocrx_word' id='word_1_517' title='bbox 3483 2732 3732 2804; x_wconf 33' lang='lat' dir='ltr'><strong>imperas</strong></span> 
     </span>
    </p>
   </div>
   <div class='ocr_carea' id='block_1_69' title="bbox 2084 2812 3729 2897">
    <p class='ocr_par' dir='ltr' id='par_1_69' title="bbox 2084 2812 3729 2897">
     <span class='ocr_line' id='line_1_70' title="bbox 2084 2812 3729 2897; baseline 0.012 -34"><span class='ocrx_word' id='word_1_518' title='bbox 2084 2812 2216 2873; x_wconf 83' lang='lat' dir='ltr'><strong>tor;</strong></span> <span class='ocrx_word' id='word_1_519' title='bbox 2249 2817 2426 2882; x_wconf 88' lang='lat' dir='ltr'><strong>atque</strong></span> <span class='ocrx_word' id='word_1_520' title='bbox 2459 2813 2647 2868; x_wconf 90' lang='lat' dir='ltr'><strong>oculis</strong></span> <span class='ocrx_word' id='word_1_521' title='bbox 2680 2814 2739 2868; x_wconf 90' lang='lat' dir='ltr'>in</span> <span class='ocrx_word' id='word_1_522' title='bbox 2775 2815 3063 2888; x_wconf 82' lang='lat' dir='ltr'><strong>imagines</strong></span> <span class='ocrx_word' id='word_1_523' title='bbox 3095 2819 3308 2875; x_wconf 85' lang='lat' dir='ltr'><strong>Christi</strong></span> <span class='ocrx_word' id='word_1_524' title='bbox 3343 2830 3401 2878; x_wconf 90' lang='lat' dir='ltr'>et</span> <span class='ocrx_word' id='word_1_525' title='bbox 3443 2825 3729 2897; x_wconf 74' lang='lat' dir='ltr'><strong>Deiparaa,</strong></span> 
     </span>
    </p>
   </div>
   <div class='ocr_carea' id='block_1_70' title="bbox 2085 2905 3722 2974">
    <p class='ocr_par' dir='ltr' id='par_1_70' title="bbox 2085 2905 3722 2974">
     <span class='ocr_line' id='line_1_71' title="bbox 2085 2905 3722 2974; baseline 0.013 -21"><span class='ocrx_word' id='word_1_526' title='bbox 2085 2915 2216 2971; x_wconf 67' lang='lat' dir='ltr'><strong>quas</strong></span> <span class='ocrx_word' id='word_1_527' title='bbox 2240 2917 2495 2973; x_wconf 89' lang='lat' dir='ltr'><strong>superne</strong></span> <span class='ocrx_word' id='word_1_528' title='bbox 2521 2910 2690 2960; x_wconf 85' lang='lat' dir='ltr'><strong>erant</strong></span> <span class='ocrx_word' id='word_1_529' title='bbox 2719 2905 3042 2972; x_wconf 77' lang='lat' dir='ltr'><strong>collocatm,</strong></span> <span class='ocrx_word' id='word_1_530' title='bbox 3077 2909 3308 2974; x_wconf 81' lang='lat' dir='ltr'><strong>deﬁxis,</strong></span> <span class='ocrx_word' id='word_1_531' title='bbox 3344 2914 3427 2969; x_wconf 91' lang='lat' dir='ltr'>sic</span> <span class='ocrx_word' id='word_1_532' title='bbox 3475 2917 3722 2974; x_wconf 74' lang='lat' dir='ltr'><strong>affatur:</strong></span> 
     </span>
    </p>
   </div>
   <div class='ocr_carea' id='block_1_71' title="bbox 2089 2992 3728 3076">
    <p class='ocr_par' dir='ltr' id='par_1_71' title="bbox 2089 2992 3728 3076">
     <span class='ocr_line' id='line_1_72' title="bbox 2089 2992 3728 3076; baseline 0.013 -34"><span class='ocrx_word' id='word_1_533' title='bbox 2089 3013 2110 3042; x_wconf 75' lang='grc' dir='ltr'>α</span> <span class='ocrx_word' id='word_1_534' title='bbox 2149 2992 2556 3060; x_wconf 86' lang='lat' dir='ltr'><strong>Constantine,</strong></span> <span class='ocrx_word' id='word_1_535' title='bbox 2588 2996 2717 3050; x_wconf 82' lang='lat' dir='ltr'><strong>vide</strong></span> <span class='ocrx_word' id='word_1_536' title='bbox 2749 3013 2822 3051; x_wconf 91' lang='lat' dir='ltr'>ne</span> <span class='ocrx_word' id='word_1_537' title='bbox 2857 2997 3120 3070; x_wconf 89' lang='lat' dir='ltr'><strong>imponat</strong></span> <span class='ocrx_word' id='word_1_538' title='bbox 3142 3001 3247 3056; x_wconf 88' lang='lat' dir='ltr'><strong>tibi</strong></span> <span class='ocrx_word' id='word_1_539' title='bbox 3280 3019 3496 3060; x_wconf 89' lang='lat' dir='ltr'><strong>nomen</strong></span> <span class='ocrx_word' id='word_1_540' title='bbox 3525 3013 3686 3063; x_wconf 84' lang='lat' dir='ltr'><strong>tuum</strong></span> <span class='ocrx_word' id='word_1_541' title='bbox 3715 3025 3728 3076; x_wconf 85' lang='lat'><strong>;</strong></span> 
     </span>
    </p>
   </div>
   <div class='ocr_carea' id='block_1_72' title="bbox 2085 3083 3732 3167">
    <p class='ocr_par' dir='ltr' id='par_1_72' title="bbox 2085 3083 3732 3167">
     <span class='ocr_line' id='line_1_73' title="bbox 2085 3083 3732 3167; baseline 0.011 -32"><span class='ocrx_word' id='word_1_542' title='bbox 2085 3097 2242 3140; x_wconf 81' lang='lat' dir='ltr'><strong>cave,</strong></span> <span class='ocrx_word' id='word_1_543' title='bbox 2279 3098 2423 3137; x_wconf 85' lang='lat' dir='ltr'><strong>neve</strong></span> <span class='ocrx_word' id='word_1_544' title='bbox 2455 3083 2528 3137; x_wconf 93' lang='lat' dir='ltr'>ob</span> <span class='ocrx_word' id='word_1_545' title='bbox 2561 3084 2619 3138; x_wconf 94' lang='lat' dir='ltr'>id</span> <span class='ocrx_word' id='word_1_546' title='bbox 2645 3086 2927 3141; x_wconf 84' lang='lat' dir='ltr'><strong>Romanis</strong></span> <span class='ocrx_word' id='word_1_547' title='bbox 2958 3092 3015 3142; x_wconf 89' lang='lat' dir='ltr'>te</span> <span class='ocrx_word' id='word_1_548' title='bbox 3050 3089 3478 3161; x_wconf 84' lang='lat' dir='ltr'><strong>imperaturum</strong></span> <span class='ocrx_word' id='word_1_549' title='bbox 3533 3098 3732 3167; x_wconf 91' lang='lat' dir='ltr'><strong>opine-</strong></span> 
     </span>
    </p>
   </div>
   <div class='ocr_carea' id='block_1_73' title="bbox 2086 3169 3726 3256">
    <p class='ocr_par' dir='ltr' id='par_1_73' title="bbox 2086 3169 3726 3256">
     <span class='ocr_line' id='line_1_74' title="bbox 2086 3169 3726 3256; baseline 0.012 -33"><span class='ocrx_word' id='word_1_550' title='bbox 2086 3169 2186 3224; x_wconf 90' lang='lat' dir='ltr'><strong>ris.</strong></span> <span class='ocrx_word' id='word_1_551' title='bbox 2222 3171 2456 3226; x_wconf 87' lang='lat' dir='ltr'><strong>Etenim</strong></span> <span class='ocrx_word' id='word_1_552' title='bbox 2501 3173 2624 3227; x_wconf 82' lang='lat' dir='ltr'><strong>filio</strong></span> <span class='ocrx_word' id='word_1_553' title='bbox 2668 3190 2800 3230; x_wconf 89' lang='lat' dir='ltr'>meo</span> <span class='ocrx_word' id='word_1_554' title='bbox 2852 3176 3240 3238; x_wconf 84' lang='lat' dir='ltr'><strong>Constantino</strong></span> <span class='ocrx_word' id='word_1_555' title='bbox 3293 3181 3352 3236; x_wconf 91' lang='lat' dir='ltr'>id</span> <span class='ocrx_word' id='word_1_556' title='bbox 3411 3183 3726 3256; x_wconf 88' lang='lat' dir='ltr'><strong>imperium</strong></span> 
     </span>
    </p>
   </div>
   <div class='ocr_carea' id='block_1_74' title="bbox 2077 3258 3722 3346">
    <p class='ocr_par' dir='ltr' id='par_1_74' title="bbox 2077 3258 3722 3346">
     <span class='ocr_line' id='line_1_75' title="bbox 2077 3258 3722 3346; baseline 0.011 -33"><span class='ocrx_word' id='word_1_557' title='bbox 2077 3258 2361 3315; x_wconf 87' lang='lat' dir='ltr'><strong>divinitus</strong></span> <span class='ocrx_word' id='word_1_558' title='bbox 2413 3268 2504 3316; x_wconf 87' lang='lat' dir='ltr'>est</span> <span class='ocrx_word' id='word_1_559' title='bbox 2533 3262 2915 3328; x_wconf 86' lang='lat' dir='ltr'><strong>destinatum,</strong></span> <span class='ocrx_word' id='word_1_560' title='bbox 2949 3267 3104 3338; x_wconf 88' lang='lat' dir='ltr'><strong>quod</strong></span> <span class='ocrx_word' id='word_1_561' title='bbox 3138 3284 3242 3341; x_wconf 80' lang='lat' dir='ltr'><strong>ego</strong></span> <span class='ocrx_word' id='word_1_562' title='bbox 3267 3274 3526 3343; x_wconf 87' lang='lat' dir='ltr'><strong>comperi</strong></span> <span class='ocrx_word' id='word_1_563' title='bbox 3579 3293 3722 3346; x_wconf 69' lang='lat' dir='ltr'><strong>prae~</strong></span> 
     </span>
    </p>
   </div>
   <div class='ocr_carea' id='block_1_75' title="bbox 2079 3351 3726 3422">
    <p class='ocr_par' dir='ltr' id='par_1_75' title="bbox 2079 3351 3726 3422">
     <span class='ocr_line' id='line_1_76' title="bbox 2079 3351 3726 3422; baseline 0.01 -16"><span class='ocrx_word' id='word_1_564' title='bbox 2079 3351 2444 3406; x_wconf 85' lang='lat' dir='ltr'><strong>dictionibus</strong></span> <span class='ocrx_word' id='word_1_565' title='bbox 2501 3353 2832 3410; x_wconf 88' lang='lat' dir='ltr'><strong>divinorum</strong></span> <span class='ocrx_word' id='word_1_566' title='bbox 2920 3357 3230 3414; x_wconf 88' lang='lat' dir='ltr'><strong>hominum</strong></span> <span class='ocrx_word' id='word_1_567' title='bbox 3300 3363 3568 3419; x_wconf 86' lang='lat' dir='ltr'><strong>castitate</strong></span> <span class='ocrx_word' id='word_1_568' title='bbox 3619 3383 3726 3422; x_wconf 90' lang='lat' dir='ltr'>sua</span> 
     </span>
    </p>
   </div>
   <div class='ocr_carea' id='block_1_76' title="bbox 2077 3439 3725 3526">
    <p class='ocr_par' dir='ltr' id='par_1_76' title="bbox 2077 3439 3725 3526">
     <span class='ocr_line' id='line_1_77' title="bbox 2077 3439 3725 3526; baseline 0.01 -31"><span class='ocrx_word' id='word_1_569' title='bbox 2077 3439 2412 3495; x_wconf 87' lang='lat' dir='ltr'><strong>futurorum</strong></span> <span class='ocrx_word' id='word_1_570' title='bbox 2444 3443 2881 3513; x_wconf 67' lang='lat' dir='ltr'><strong>prrescientiam</strong></span> <span class='ocrx_word' id='word_1_571' title='bbox 2913 3452 3222 3502; x_wconf 90' lang='lat' dir='ltr'><strong>nactorum</strong></span> <span class='ocrx_word' id='word_1_572' title='bbox 3283 3451 3494 3507; x_wconf 89' lang='lat' dir='ltr'><strong>Locum</strong></span> <span class='ocrx_word' id='word_1_573' title='bbox 3525 3453 3725 3526; x_wconf 88' lang='lat' dir='ltr'><strong>itaque</strong></span> 
     </span>
    </p>
   </div>
   <div class='ocr_carea' id='block_1_77' title="bbox 2079 3533 3726 3604">
    <p class='ocr_par' dir='ltr' id='par_1_77' title="bbox 2079 3533 3726 3604">
     <span class='ocr_line' id='line_1_78' title="bbox 2079 3533 3726 3604; baseline 0.012 -23"><span class='ocrx_word' id='word_1_574' title='bbox 2079 3533 2245 3582; x_wconf 89' lang='lat' dir='ltr'><strong>tuum</strong></span> <span class='ocrx_word' id='word_1_575' title='bbox 2287 3534 2444 3595; x_wconf 88' lang='lat' dir='ltr'><strong>tene,</strong></span> <span class='ocrx_word' id='word_1_576' title='bbox 2479 3543 2672 3602; x_wconf 91' lang='lat' dir='ltr'><strong>neque</strong></span> <span class='ocrx_word' id='word_1_577' title='bbox 2706 3537 2761 3586; x_wconf 90' lang='lat' dir='ltr'>te</span> <span class='ocrx_word' id='word_1_578' title='bbox 2794 3535 3103 3604; x_wconf 87' lang='lat' dir='ltr'><strong>superiora</strong></span> <span class='ocrx_word' id='word_1_579' title='bbox 3143 3539 3726 3600; x_wconf 83' lang='lat' dir='ltr'><strong>somniaveris.Alio-</strong></span> 
     </span>
    </p>
   </div>
   <div class='ocr_carea' id='block_1_78' title="bbox 2077 3615 3728 3704">
    <p class='ocr_par' dir='ltr' id='par_1_78' title="bbox 2077 3615 3728 3704">
     <span class='ocr_line' id='line_1_79' title="bbox 2077 3615 3728 3704; baseline 0.013 -38"><span class='ocrx_word' id='word_1_580' title='bbox 2077 3615 2176 3684; x_wconf 89' lang='lat' dir='ltr'>qui</span> <span class='ocrx_word' id='word_1_581' title='bbox 2212 3616 2359 3670; x_wconf 83' lang='lat' dir='ltr'><strong>scito</strong></span> <span class='ocrx_word' id='word_1_582' title='bbox 2393 3622 2582 3673; x_wconf 89' lang='lat' dir='ltr'><strong>tuum.</strong></span> <span class='ocrx_word' id='word_1_583' title='bbox 2617 3619 2665 3672; x_wconf 91' lang='lat' dir='ltr'>si</span> <span class='ocrx_word' id='word_1_584' title='bbox 2697 3623 3074 3690; x_wconf 89' lang='lat' dir='ltr'><strong>tyrannidem</strong></span> <span class='ocrx_word' id='word_1_585' title='bbox 3109 3626 3496 3698; x_wconf 85' lang='lat' dir='ltr'><strong>all&#39;ectaveris,</strong></span> <span class='ocrx_word' id='word_1_586' title='bbox 3551 3639 3728 3704; x_wconf 88' lang='lat' dir='ltr'><strong>caput</strong></span> 
     </span>
    </p>
   </div>
   <div class='ocr_carea' id='block_1_79' title="bbox 2080 3706 3724 3780">
    <p class='ocr_par' dir='ltr' id='par_1_79' title="bbox 2080 3706 3724 3780">
     <span class='ocr_line' id='line_1_80' title="bbox 2080 3706 3724 3780; baseline 0.011 -21"><span class='ocrx_word' id='word_1_587' title='bbox 2080 3711 2291 3760; x_wconf 89' lang='lat' dir='ltr'><strong>trunco</strong></span> <span class='ocrx_word' id='word_1_588' title='bbox 2325 3706 2529 3760; x_wconf 90' lang='lat' dir='ltr'><strong>relicto</strong></span> <span class='ocrx_word' id='word_1_589' title='bbox 2563 3723 2668 3778; x_wconf 89' lang='lat' dir='ltr'>per</span> <span class='ocrx_word' id='word_1_590' title='bbox 2696 3708 2849 3763; x_wconf 87' lang='lat' dir='ltr'><strong>hanc</strong></span> <span class='ocrx_word' id='word_1_591' title='bbox 2881 3717 3107 3780; x_wconf 89' lang='lat' dir='ltr'><strong>portam</strong></span> <span class='ocrx_word' id='word_1_592' title='bbox 3143 3715 3374 3770; x_wconf 90' lang='lat' dir='ltr'><strong>illatum</strong></span> <span class='ocrx_word' id='word_1_593' title='bbox 3407 3718 3497 3773; x_wconf 90' lang='lat' dir='ltr'><strong>iri.</strong></span> <span class='ocrx_word' id='word_1_594' title='bbox 3527 3741 3554 3768; x_wconf 85' lang='lat'><strong>»</strong></span> <span class='ocrx_word' id='word_1_595' title='bbox 3605 3723 3724 3777; x_wconf 86' lang='lat' dir='ltr'><strong>Hoc</strong></span> 
     </span>
    </p>
   </div>
   <div class='ocr_carea' id='block_1_80' title="bbox 2077 3791 3722 3865">
    <p class='ocr_par' dir='ltr' id='par_1_80' title="bbox 2077 3791 3722 3865">
     <span class='ocr_line' id='line_1_81' title="bbox 2077 3791 3722 3865; baseline 0.011 -18"><span class='ocrx_word' id='word_1_596' title='bbox 2077 3791 2317 3862; x_wconf 85' lang='lat' dir='ltr'><strong>quidem</strong></span> <span class='ocrx_word' id='word_1_597' title='bbox 2371 3800 2580 3849; x_wconf 89' lang='lat' dir='ltr'><strong>eventu</strong></span> <span class='ocrx_word' id='word_1_598' title='bbox 2635 3801 2725 3850; x_wconf 87' lang='lat' dir='ltr'>est</span> <span class='ocrx_word' id='word_1_599' title='bbox 2782 3799 3220 3855; x_wconf 77' lang='lat' dir='ltr'><strong>confirmatum.</strong></span> <span class='ocrx_word' id='word_1_600' title='bbox 3282 3805 3504 3860; x_wconf 80' lang='lat' dir='ltr'><strong>Mortuo</strong></span> <span class='ocrx_word' id='word_1_601' title='bbox 3563 3810 3722 3865; x_wconf 88' lang='lat' dir='ltr'><strong>enim</strong></span> 
     </span>
    </p>
   </div>
   <div class='ocr_carea' id='block_1_81' title="bbox 2075 3883 3719 3965">
    <p class='ocr_par' dir='ltr' id='par_1_81' title="bbox 2075 3883 3719 3965">
     <span class='ocr_line' id='line_1_82' title="bbox 2075 3883 3719 3965; baseline 0.012 -29"><span class='ocrx_word' id='word_1_602' title='bbox 2075 3883 2287 3942; x_wconf 82' lang='lat' dir='ltr'><strong>Leone.</strong></span> <span class='ocrx_word' id='word_1_603' title='bbox 2323 3883 2746 3940; x_wconf 85' lang='lat' dir='ltr'><strong>Constantinus</strong></span> <span class='ocrx_word' id='word_1_604' title='bbox 2778 3903 2912 3941; x_wconf 90' lang='lat' dir='ltr'>cum</span> <span class='ocrx_word' id='word_1_605' title='bbox 2947 3888 3256 3946; x_wconf 80' lang='lat' dir='ltr'><strong>invasisset</strong></span> <span class='ocrx_word' id='word_1_606' title='bbox 3285 3891 3624 3965; x_wconf 87' lang='lat' dir='ltr'><strong>imperium,</strong></span> <span class='ocrx_word' id='word_1_607' title='bbox 3660 3901 3719 3955; x_wconf 90' lang='lat' dir='ltr'>in</span> 
     </span>
    </p>
   </div>
   <div class='ocr_carea' id='block_1_82' title="bbox 2075 3971 3723 4053">
    <p class='ocr_par' dir='ltr' id='par_1_82' title="bbox 2075 3971 3723 4053">
     <span class='ocr_line' id='line_1_83' title="bbox 2075 3971 3723 4053; baseline 0.012 -27"><span class='ocrx_word' id='word_1_608' title='bbox 2075 3971 2274 4026; x_wconf 89' lang='lat' dir='ltr'><strong>Genici</strong></span> <span class='ocrx_word' id='word_1_609' title='bbox 2308 3978 2536 4028; x_wconf 83' lang='lat' dir='ltr'><strong>secreto</strong></span> <span class='ocrx_word' id='word_1_610' title='bbox 2568 3974 2954 4032; x_wconf 87' lang='lat' dir='ltr'><strong>obtruncatus</strong></span> <span class='ocrx_word' id='word_1_611' title='bbox 2985 3983 3095 4044; x_wconf 87' lang='lat' dir='ltr'><strong>est,</strong></span> <span class='ocrx_word' id='word_1_612' title='bbox 3155 3986 3446 4053; x_wconf 88' lang='lat' dir='ltr'><strong>caputque</strong></span> <span class='ocrx_word' id='word_1_613' title='bbox 3495 3986 3629 4041; x_wconf 87' lang='lat' dir='ltr'><strong>tabo</strong></span> <span class='ocrx_word' id='word_1_614' title='bbox 3663 3995 3723 4045; x_wconf 88' lang='lat' dir='ltr'>et</span> 
     </span>
    </p>
   </div>
   <div class='ocr_carea' id='block_1_83' title="bbox 2073 4061 3720 4146">
    <p class='ocr_par' dir='ltr' id='par_1_83' title="bbox 2073 4061 3720 4146">
     <span class='ocr_line' id='line_1_84' title="bbox 2073 4061 3720 4146; baseline 0.011 -29"><span class='ocrx_word' id='word_1_615' title='bbox 2073 4077 2282 4117; x_wconf 88' lang='lat' dir='ltr'><strong>cruore</strong></span> <span class='ocrx_word' id='word_1_616' title='bbox 2325 4061 2558 4118; x_wconf 89' lang='lat' dir='ltr'><strong>stillans</strong></span> <span class='ocrx_word' id='word_1_617' title='bbox 2587 4079 2693 4136; x_wconf 89' lang='lat' dir='ltr'>per</span> <span class='ocrx_word' id='word_1_618' title='bbox 2721 4063 2937 4121; x_wconf 86' lang='lat' dir='ltr'><strong>dictam</strong></span> <span class='ocrx_word' id='word_1_619' title='bbox 2967 4073 3196 4140; x_wconf 89' lang='lat' dir='ltr'><strong>portam</strong></span> <span class='ocrx_word' id='word_1_620' title='bbox 3231 4070 3290 4126; x_wconf 90' lang='lat' dir='ltr'>in</span> <span class='ocrx_word' id='word_1_621' title='bbox 3322 4073 3538 4146; x_wconf 83' lang='lat' dir='ltr'><strong>regiam</strong></span> <span class='ocrx_word' id='word_1_622' title='bbox 3573 4076 3720 4134; x_wconf 83' lang='lat' dir='ltr'><strong>alla-</strong></span> 
     </span>
    </p>
   </div>
   <div class='ocr_carea' id='block_1_84' title="bbox 2077 4155 2224 4205">
    <p class='ocr_par' dir='ltr' id='par_1_84' title="bbox 2077 4155 2224 4205">
     <span class='ocr_line' id='line_1_85' title="bbox 2077 4155 2224 4205; baseline 0 -1"><span class='ocrx_word' id='word_1_623' title='bbox 2077 4155 2224 4205; x_wconf 92' lang='lat' dir='ltr'><strong>tum.</strong></span> 
     </span>
    </p>
   </div>
   <div class='ocr_carea' id='block_1_85' title="bbox 319 4233 3715 4325">
    <p class='ocr_par' dir='ltr' id='par_1_85' title="bbox 319 4233 3715 4325">
     <span class='ocr_line' id='line_1_86' title="bbox 319 4233 3715 4325; baseline 0.006 -37"><span class='ocrx_word' id='word_1_624' title='bbox 319 4238 461 4311; x_wconf 76' lang='grc' dir='ltr'>μετὰ</span> <span class='ocrx_word' id='word_1_625' title='bbox 510 4238 738 4300; x_wconf 86' lang='grc' dir='ltr'>θάνατον</span> <span class='ocrx_word' id='word_1_626' title='bbox 794 4235 898 4314; x_wconf 76' lang='grc' dir='ltr'>γάρ</span> <span class='ocrx_word' id='word_1_627' title='bbox 949 4237 1048 4290; x_wconf 88' lang='grc' dir='ltr'>τοῦ</span> <span class='ocrx_word' id='word_1_628' title='bbox 1106 4234 1332 4294; x_wconf 85' lang='grc' dir='ltr'>Λέοντος</span> <span class='ocrx_word' id='word_1_629' title='bbox 1388 4233 1726 4306; x_wconf 86' lang='grc' dir='ltr'>τυραννήσας</span> <span class='ocrx_word' id='word_1_630' title='bbox 1790 4233 1819 4288; x_wconf 91' lang='lat'>6</span> <span class='ocrx_word' id='word_1_631' title='bbox 1881 4237 2286 4300; x_wconf 83' lang='grc' dir='ltr'>Κωνσταντῖνος</span> <span class='ocrx_word' id='word_1_632' title='bbox 2345 4238 2574 4312; x_wconf 70' lang='grc' dir='ltr'>ἀνῃρέθη</span> <span class='ocrx_word' id='word_1_633' title='bbox 2635 4237 2688 4295; x_wconf 74' lang='grc' dir='ltr'>ἐν</span> <span class='ocrx_word' id='word_1_634' title='bbox 2745 4245 2824 4312; x_wconf 75' lang='grc' dir='ltr'>τῷ</span> <span class='ocrx_word' id='word_1_635' title='bbox 2871 4246 2973 4298; x_wconf 74' lang='grc' dir='ltr'>’τοῦ</span> <span class='ocrx_word' id='word_1_636' title='bbox 3029 4243 3246 4318; x_wconf 80' lang='grc' dir='ltr'>γενικοῦ</span> <span class='ocrx_word' id='word_1_637' title='bbox 3314 4246 3567 4325; x_wconf 84' lang='grc' dir='ltr'>σεκρέτῳ,</span> <span class='ocrx_word' id='word_1_638' title='bbox 3627 4254 3715 4310; x_wconf 81' lang='grc' dir='ltr'>καὶ</span> 
     </span>
    </p>
   </div>
   <div class='ocr_carea' id='block_1_86' title="bbox 313 4321 3234 4409">
    <p class='ocr_par' dir='ltr' id='par_1_86' title="bbox 313 4321 3234 4409">
     <span class='ocr_line' id='line_1_87' title="bbox 313 4321 3234 4409; baseline 0.004 -29"><span class='ocrx_word' id='word_1_639' title='bbox 313 4325 410 4386; x_wconf 78' lang='grc' dir='ltr'>διὰ</span> <span class='ocrx_word' id='word_1_640' title='bbox 439 4330 536 4396; x_wconf 73' lang='grc' dir='ltr'>τῆς</span> <span class='ocrx_word' id='word_1_641' title='bbox 568 4327 826 4402; x_wconf 74' lang='grc' dir='ltr'>ῥηθείσης</span> <span class='ocrx_word' id='word_1_642' title='bbox 855 4324 1036 4393; x_wconf 78' lang='grc' dir='ltr'>πύλης</span> <span class='ocrx_word' id='word_1_643' title='bbox 1059 4323 1246 4399; x_wconf 75' lang='grc' dir='ltr'>λύθρῳ</span> <span class='ocrx_word' id='word_1_644' title='bbox 1277 4321 1366 4378; x_wconf 76' lang='grc' dir='ltr'>καὶ</span> <span class='ocrx_word' id='word_1_645' title='bbox 1395 4321 1591 4396; x_wconf 83' lang='grc' dir='ltr'>αἳματι</span> <span class='ocrx_word' id='word_1_646' title='bbox 1619 4324 1922 4396; x_wconf 82' lang='grc' dir='ltr'>σταζομὶνη</span> <span class='ocrx_word' id='word_1_647' title='bbox 1963 4329 1998 4398; x_wconf 79' lang='grc' dir='ltr'><strong>ἡ</strong></span> <span class='ocrx_word' id='word_1_648' title='bbox 2028 4329 2224 4384; x_wconf 76' lang='grc' dir='ltr'>τούτου</span> <span class='ocrx_word' id='word_1_649' title='bbox 2252 4327 2463 4409; x_wconf 70' lang='grc' dir='ltr'>κεφαλή</span> <span class='ocrx_word' id='word_1_650' title='bbox 2495 4329 2727 4406; x_wconf 74' lang='grc' dir='ltr'>εἰσήχθη</span> <span class='ocrx_word' id='word_1_651' title='bbox 2761 4332 2838 4395; x_wconf 77' lang='grc' dir='ltr'>εἷς</span> <span class='ocrx_word' id='word_1_652' title='bbox 2867 4333 2932 4388; x_wconf 73' lang='grc' dir='ltr'>τὶ</span> <span class='ocrx_word' id='word_1_653' title='bbox 2965 4334 3234 4409; x_wconf 88' lang='grc' dir='ltr'>βασίλεια.</span> 
     </span>
    </p>
   </div>
   <div class='ocr_carea' id='block_1_87' title="bbox 381 4456 1959 4539">
    <p class='ocr_par' dir='ltr' id='par_1_87' title="bbox 381 4456 1959 4539">
     <span class='ocr_line' id='line_1_88' title="bbox 381 4456 1959 4539; baseline -0.002 -20"><span class='ocrx_word' id='word_1_654' title='bbox 381 4464 444 4523; x_wconf 80' lang='grc' dir='ltr'>Ὀ</span> <span class='ocrx_word' id='word_1_655' title='bbox 475 4458 532 4518; x_wconf 69' lang='grc' dir='ltr'>δὲ</span> <span class='ocrx_word' id='word_1_656' title='bbox 561 4461 818 4539; x_wconf 73' lang='grc' dir='ltr'>βασιλεὺς</span> <span class='ocrx_word' id='word_1_657' title='bbox 870 4458 961 4517; x_wconf 81' lang='grc' dir='ltr'>διά</span> <span class='ocrx_word' id='word_1_658' title='bbox 1005 4481 1125 4515; x_wconf 87' lang='grc' dir='ltr'>τινα</span> <span class='ocrx_word' id='word_1_659' title='bbox 1182 4458 1437 4514; x_wconf 78' lang='grc' dir='ltr'>ὑπόνοιαν</span> <span class='ocrx_word' id='word_1_660' title='bbox 1497 4456 1794 4514; x_wconf 79' lang='grc' dir='ltr'>Εὐπάθιον</span> <span class='ocrx_word' id='word_1_661' title='bbox 1858 4461 1959 4534; x_wconf 79' lang='grc' dir='ltr'>μάο</span> 
     </span>
    </p>
   </div>
   <div class='ocr_carea' id='block_1_88' title="bbox 308 4547 1958 4630">
    <p class='ocr_par' dir='ltr' id='par_1_88' title="bbox 308 4547 1958 4630">
     <span class='ocr_line' id='line_1_89' title="bbox 308 4547 1958 4630; baseline 0 -27"><span class='ocrx_word' id='word_1_662' title='bbox 308 4571 534 4630; x_wconf 76' lang='grc' dir='ltr'>γιστρον</span> <span class='ocrx_word' id='word_1_663' title='bbox 601 4552 692 4606; x_wconf 77' lang='grc' dir='ltr'>τὸν</span> <span class='ocrx_word' id='word_1_664' title='bbox 755 4553 1057 4625; x_wconf 78' lang='grc' dir='ltr'>Ἀργυροῦν</span> <span class='ocrx_word' id='word_1_665' title='bbox 1115 4548 1429 4619; x_wconf 84' lang='grc' dir='ltr'>μετεκίνησε</span> <span class='ocrx_word' id='word_1_666' title='bbox 1473 4554 1574 4613; x_wconf 76' lang='grc' dir='ltr'>τῆς</span> <span class='ocrx_word' id='word_1_667' title='bbox 1626 4547 1809 4623; x_wconf 75' lang='grc' dir='ltr'>ἀρχῆς</span> <span class='ocrx_word' id='word_1_668' title='bbox 1869 4549 1958 4620; x_wconf 79' lang='grc' dir='ltr'>(ἦν</span> 
     </span>
    </p>
   </div>
   <div class='ocr_carea' id='block_1_89' title="bbox 306 4634 1959 4717">
    <p class='ocr_par' dir='ltr' id='par_1_89' title="bbox 306 4634 1959 4717">
     <span class='ocr_line' id='line_1_90' title="bbox 306 4634 1959 4717; baseline -0.001 -23"><span class='ocrx_word' id='word_1_669' title='bbox 306 4641 416 4717; x_wconf 77' lang='grc' dir='ltr'>γὰρ</span> <span class='ocrx_word' id='word_1_670' title='bbox 453 4635 813 4714; x_wconf 80' lang='grc' dir='ltr'>δρουργάριος</span> <span class='ocrx_word' id='word_1_671' title='bbox 850 4645 949 4708; x_wconf 82' lang='grc' dir='ltr'>τῆς</span> <span class='ocrx_word' id='word_1_672' title='bbox 1015 4634 1250 4713; x_wconf 85' lang='grc' dir='ltr'>βίγλας),</span> <span class='ocrx_word' id='word_1_673' title='bbox 1305 4635 1362 4698; x_wconf 74' lang='grc' dir='ltr'>ὃς</span> <span class='ocrx_word' id='word_1_674' title='bbox 1402 4635 1490 4690; x_wconf 81' lang='grc' dir='ltr'>καὶ</span> <span class='ocrx_word' id='word_1_675' title='bbox 1539 4635 1714 4692; x_wconf 84' lang='grc' dir='ltr'>ἀπιὼν</span> <span class='ocrx_word' id='word_1_676' title='bbox 1771 4635 1959 4693; x_wconf 82' lang='grc' dir='ltr'>ο”καδε</span> 
     </span>
    </p>
   </div>
   <div class='ocr_carea' id='block_1_90' title="bbox 303 4722 1951 4806">
    <p class='ocr_par' dir='ltr' id='par_1_90' title="bbox 303 4722 1951 4806">
     <span class='ocr_line' id='line_1_91' title="bbox 303 4722 1951 4806; baseline -0.002 -22"><span class='ocrx_word' id='word_1_677' title='bbox 303 4728 582 4806; x_wconf 79' lang='grc' dir='ltr'>φαρμάκῳ</span> <span class='ocrx_word' id='word_1_678' title='bbox 637 4727 1019 4803; x_wconf 78' lang='grc' dir='ltr'>κατεργασθεὶς</span> <span class='ocrx_word' id='word_1_679' title='bbox 1102 4725 1440 4796; x_wconf 76' lang='grc' dir='ltr'>ἐτελε·5τησε,</span> <span class='ocrx_word' id='word_1_680' title='bbox 1527 4722 1701 4780; x_wconf 73' lang='grc' dir='ltr'>πολὺν</span> <span class='ocrx_word' id='word_1_681' title='bbox 1786 4725 1951 4780; x_wconf 84' lang='grc' dir='ltr'>πόθον</span> 
     </span>
    </p>
   </div>
   <div class='ocr_carea' id='block_1_91' title="bbox 309 4810 1958 4893">
    <p class='ocr_par' dir='ltr' id='par_1_91' title="bbox 309 4810 1958 4893">
     <span class='ocr_line' id='line_1_92' title="bbox 309 4810 1958 4893; baseline -0.004 -18"><span class='ocrx_word' id='word_1_682' title='bbox 309 4817 476 4875; x_wconf 78' lang='grc' dir='ltr'>αὐτοῦ</span> <span class='ocrx_word' id='word_1_683' title='bbox 532 4821 612 4890; x_wconf 82' lang='grc' dir='ltr'>τῷ</span> <span class='ocrx_word' id='word_1_684' title='bbox 653 4839 712 4874; x_wconf 84' lang='grc' dir='ltr'>τε</span> <span class='ocrx_word' id='word_1_685' title='bbox 776 4821 990 4893; x_wconf 77' lang='grc' dir='ltr'>στρατῷ</span> <span class='ocrx_word' id='word_1_686' title='bbox 1070 4815 1158 4870; x_wconf 79' lang='grc' dir='ltr'>καὶ</span> <span class='ocrx_word' id='word_1_687' title='bbox 1214 4819 1294 4886; x_wconf 83' lang='grc' dir='ltr'>τῷ</span> <span class='ocrx_word' id='word_1_688' title='bbox 1361 4810 1544 4887; x_wconf 86' lang='grc' dir='ltr'>στόλῳ</span> <span class='ocrx_word' id='word_1_689' title='bbox 1621 4812 1958 4884; x_wconf 87' lang='grc' dir='ltr'>καταλιπὼν,</span> 
     </span>
    </p>
   </div>
   <div class='ocr_carea' id='block_1_92' title="bbox 315 4902 1960 4982">
    <p class='ocr_par' dir='ltr' id='par_1_92' title="bbox 315 4902 1960 4982">
     <span class='ocr_line' id='line_1_93' title="bbox 315 4902 1960 4982; baseline -0.004 -18"><span class='ocrx_word' id='word_1_690' title='bbox 315 4909 692 4981; x_wconf 77' lang='grc' dir='ltr'>μεμνημένοις</span> <span class='ocrx_word' id='word_1_691' title='bbox 755 4911 865 4962; x_wconf 82' lang='grc' dir='ltr'>τῶν</span> <span class='ocrx_word' id='word_1_692' title='bbox 947 4902 1450 4981; x_wconf 81' lang='grc' dir='ltr'>ἀνδραγαθημάτων</span> <span class='ocrx_word' id='word_1_693' title='bbox 1505 4902 1690 4960; x_wconf 73' lang='grc' dir='ltr'>αὐτοῦ.</span> <span class='ocrx_word' id='word_1_694' title='bbox 1758 4905 1960 4982; x_wconf 70' lang='grc' dir='ltr'>Ἐτάφη</span> 
     </span>
    </p>
   </div>
   <div class='ocr_carea' id='block_1_93' title="bbox 309 4991 1964 5068">
    <p class='ocr_par' dir='ltr' id='par_1_93' title="bbox 309 4991 1964 5068">
     <span class='ocr_line' id='line_1_94' title="bbox 309 4991 1964 5068; baseline -0.001 -17"><span class='ocrx_word' id='word_1_695' title='bbox 309 4993 367 5052; x_wconf 72' lang='grc' dir='ltr'>δέ</span> <span class='ocrx_word' id='word_1_696' title='bbox 390 5000 530 5053; x_wconf 81' lang='grc' dir='ltr'>κατά</span> <span class='ocrx_word' id='word_1_697' title='bbox 557 4998 620 5052; x_wconf 85' lang='grc' dir='ltr'>τὸ</span> <span class='ocrx_word' id='word_1_698' title='bbox 652 4994 955 5068; x_wconf 72' lang='grc' dir='ltr'>Χαρσιανὸν</span> <span class='ocrx_word' id='word_1_699' title='bbox 987 4993 1036 5050; x_wconf 76' lang='grc' dir='ltr'>ἐν</span> <span class='ocrx_word' id='word_1_700' title='bbox 1074 4998 1143 5068; x_wconf 84' lang='grc' dir='ltr'>τῇ</span> <span class='ocrx_word' id='word_1_701' title='bbox 1187 4998 1330 5068; x_wconf 77' lang='grc' dir='ltr'>μονῇ</span> <span class='ocrx_word' id='word_1_702' title='bbox 1358 5000 1458 5062; x_wconf 76' lang='grc' dir='ltr'>τῆς</span> <span class='ocrx_word' id='word_1_703' title='bbox 1502 4991 1686 5066; x_wconf 86' lang='grc' dir='ltr'>Ἀγίας</span> <span class='ocrx_word' id='word_1_704' title='bbox 1739 4993 1964 5065; x_wconf 73' lang='grc' dir='ltr'>Ἐλεζά-</span> 
     </span>
    </p>
   </div>
   <div class='ocr_carea' id='block_1_94' title="bbox 323 5079 1960 5158">
    <p class='ocr_par' dir='ltr' id='par_1_94' title="bbox 323 5079 1960 5158">
     <span class='ocr_line' id='line_1_95' title="bbox 323 5079 1960 5158; baseline 0 -19"><span class='ocrx_word' id='word_1_705' title='bbox 323 5079 438 5152; x_wconf 76' lang='grc' dir='ltr'>ϐετ,</span> <span class='ocrx_word' id='word_1_706' title='bbox 472 5084 539 5155; x_wconf 75' lang='grc' dir='ltr'>ἤν</span> <span class='ocrx_word' id='word_1_707' title='bbox 603 5084 748 5140; x_wconf 70' lang='grc' dir='ltr'>Λέων</span> <span class='ocrx_word' id='word_1_708' title='bbox 801 5085 831 5140; x_wconf 89' lang='lat'>6</span> <span class='ocrx_word' id='word_1_709' title='bbox 891 5084 1108 5144; x_wconf 80' lang='grc' dir='ltr'>πάππος</span> <span class='ocrx_word' id='word_1_710' title='bbox 1189 5081 1353 5137; x_wconf 79' lang='grc' dir='ltr'>αὐτοῦ</span> <span class='ocrx_word' id='word_1_711' title='bbox 1406 5081 1843 5158; x_wconf 72' lang='grc' dir='ltr'>ἑκαινοῦργησεν,</span> <span class='ocrx_word' id='word_1_712' title='bbox 1903 5083 1960 5147; x_wconf 78' lang='grc' dir='ltr'>ὅς</span> 
     </span>
    </p>
   </div>
   <div class='ocr_carea' id='block_1_95' title="bbox 301 5171 1960 5251">
    <p class='ocr_par' dir='ltr' id='par_1_95' title="bbox 301 5171 1960 5251">
     <span class='ocr_line' id='line_1_96' title="bbox 301 5171 1960 5251; baseline 0.001 -21"><span class='ocrx_word' id='word_1_713' title='bbox 301 5174 392 5230; x_wconf 71' lang='grc' dir='ltr'>καί</span> <span class='ocrx_word' id='word_1_714' title='bbox 425 5175 486 5230; x_wconf 84' lang='grc' dir='ltr'>τὸ</span> <span class='ocrx_word' id='word_1_715' title='bbox 516 5181 622 5232; x_wconf 80' lang='grc' dir='ltr'>τῶν</span> <span class='ocrx_word' id='word_1_716' title='bbox 675 5177 959 5251; x_wconf 61' lang='grc' dir='ltr'>’ἀργυρῶν</span> <span class='ocrx_word' id='word_1_717' title='bbox 1017 5174 1257 5238; x_wconf 79' lang='grc' dir='ltr'>ἐπίθετον</span> <span class='ocrx_word' id='word_1_718' title='bbox 1307 5171 1662 5247; x_wconf 70' lang='grc' dir='ltr'>ἐκληρώσατο</span> <span class='ocrx_word' id='word_1_719' title='bbox 1719 5180 1960 5250; x_wconf 76' lang='grc' dir='ltr'>πρῶτος,</span> 
     </span>
    </p>
   </div>
   <div class='ocr_carea' id='block_1_96' title="bbox 315 5259 1962 5342">
    <p class='ocr_par' dir='ltr' id='par_1_96' title="bbox 315 5259 1962 5342">
     <span class='ocr_line' id='line_1_97' title="bbox 315 5259 1962 5342; baseline 0.002 -25"><span class='ocrx_word' id='word_1_720' title='bbox 315 5259 424 5318; x_wconf 58' lang='grc' dir='ltr'>εἴτε</span> <span class='ocrx_word' id='word_1_721' title='bbox 465 5261 553 5319; x_wconf 79' lang='grc' dir='ltr'>διά</span> <span class='ocrx_word' id='word_1_722' title='bbox 610 5265 955 5342; x_wconf 75' lang='grc' dir='ltr'>καθαρότητα</span> <span class='ocrx_word' id='word_1_723' title='bbox 996 5264 1142 5340; x_wconf 83' lang='grc' dir='ltr'>βίου,</span> <span class='ocrx_word' id='word_1_724' title='bbox 1207 5261 1313 5318; x_wconf 62' lang='grc' dir='ltr'>εἷ’τε</span> <span class='ocrx_word' id='word_1_725' title='bbox 1369 5261 1459 5317; x_wconf 87' lang='grc' dir='ltr'>καὶ</span> <span class='ocrx_word' id='word_1_726' title='bbox 1520 5261 1588 5318; x_wconf 86' lang='grc' dir='ltr'>δι’</span> <span class='ocrx_word' id='word_1_727' title='bbox 1647 5261 1962 5339; x_wconf 78' lang='grc' dir='ltr'>εὐπρέπειαν</span> 
     </span>
    </p>
   </div>
   <div class='ocr_carea' id='block_1_97' title="bbox 311 5349 1962 5429">
    <p class='ocr_par' dir='ltr' id='par_1_97' title="bbox 311 5349 1962 5429">
     <span class='ocr_line' id='line_1_98' title="bbox 311 5349 1962 5429; baseline 0.004 -27"><span class='ocrx_word' id='word_1_728' title='bbox 311 5349 392 5404; x_wconf 84' lang='grc' dir='ltr'>σώ</span> <span class='ocrx_word' id='word_1_729' title='bbox 423 5372 589 5421; x_wconf 79' lang='grc' dir='ltr'>ε.ατος,</span> <span class='ocrx_word' id='word_1_730' title='bbox 625 5351 732 5409; x_wconf 74' lang='grc' dir='ltr'>εἶ’τε</span> <span class='ocrx_word' id='word_1_731' title='bbox 789 5353 880 5408; x_wconf 78' lang='grc' dir='ltr'>καὶ</span> <span class='ocrx_word' id='word_1_732' title='bbox 939 5349 1029 5408; x_wconf 62' lang='grc' dir='ltr'>διά</span> <span class='ocrx_word' id='word_1_733' title='bbox 1082 5371 1200 5407; x_wconf 87' lang='grc' dir='ltr'>τινα</span> <span class='ocrx_word' id='word_1_734' title='bbox 1237 5349 1438 5426; x_wconf 80' lang='grc' dir='ltr'>τρόπον</span> <span class='ocrx_word' id='word_1_735' title='bbox 1485 5355 1587 5418; x_wconf 84' lang='grc' dir='ltr'>τῆς</span> <span class='ocrx_word' id='word_1_736' title='bbox 1639 5349 1804 5406; x_wconf 78' lang='grc' dir='ltr'>αὐτοῦ</span> <span class='ocrx_word' id='word_1_737' title='bbox 1851 5375 1962 5429; x_wconf 89' lang='grc' dir='ltr'>γεν-</span> 
     </span>
    </p>
   </div>
   <div class='ocr_carea' id='block_1_98' title="bbox 317 5437 1960 5519">
    <p class='ocr_par' dir='ltr' id='par_1_98' title="bbox 317 5437 1960 5519">
     <span class='ocr_line' id='line_1_99' title="bbox 317 5437 1960 5519; baseline 0.003 -28"><span class='ocrx_word' id='word_1_738' title='bbox 317 5439 632 5510; x_wconf 73' lang='grc' dir='ltr'>ναιότητος·</span> <span class='ocrx_word' id='word_1_739' title='bbox 691 5447 948 5497; x_wconf 86' lang='grc' dir='ltr'>τοσοῦτον</span> <span class='ocrx_word' id='word_1_740' title='bbox 1018 5442 1120 5519; x_wconf 80' lang='grc' dir='ltr'>γάρ</span> <span class='ocrx_word' id='word_1_741' title='bbox 1179 5445 1372 5513; x_wconf 74' lang='grc' dir='ltr'>περιῆν</span> <span class='ocrx_word' id='word_1_742' title='bbox 1448 5438 1476 5493; x_wconf 89' lang='lat'>6</span> <span class='ocrx_word' id='word_1_743' title='bbox 1515 5437 1652 5515; x_wconf 72' lang='grc' dir='ltr'>ἀν’ἒρ</span> <span class='ocrx_word' id='word_1_744' title='bbox 1706 5445 1813 5496; x_wconf 74' lang='grc' dir='ltr'>τῶν</span> <span class='ocrx_word' id='word_1_745' title='bbox 1873 5441 1960 5500; x_wconf 68' lang='grc' dir='ltr'>επὶ</span> 
     </span>
    </p>
   </div>
   <div class='ocr_carea' id='block_1_99' title="bbox 300 5526 1961 5610">
    <p class='ocr_par' dir='ltr' id='par_1_99' title="bbox 300 5526 1961 5610">
     <span class='ocr_line' id='line_1_100' title="bbox 300 5526 1961 5610; baseline -0.001 -22"><span class='ocrx_word' id='word_1_746' title='bbox 300 5534 414 5588; x_wconf 66' lang='grc' dir='ltr'>τοό</span> <span class='ocrx_word' id='word_1_747' title='bbox 448 5531 678 5608; x_wconf 72' lang='grc' dir='ltr'>Μιχαὴλ</span> <span class='ocrx_word' id='word_1_748' title='bbox 720 5529 1019 5610; x_wconf 70' lang='grc' dir='ltr'>γενομένων</span> <span class='ocrx_word' id='word_1_749' title='bbox 1071 5529 1372 5606; x_wconf 81' lang='grc' dir='ltr'>ἀνθρώπων</span> <span class='ocrx_word' id='word_1_750' title='bbox 1421 5526 1555 5584; x_wconf 85' lang='grc' dir='ltr'>ὥστε</span> <span class='ocrx_word' id='word_1_751' title='bbox 1608 5529 1775 5608; x_wconf 87' lang='grc' dir='ltr'>μόνος</span> <span class='ocrx_word' id='word_1_752' title='bbox 1828 5532 1961 5605; x_wconf 86' lang='grc' dir='ltr'>μετᾶ</span> 
     </span>
    </p>
   </div>
   <div class='ocr_carea' id='block_1_100' title="bbox 293 5615 1960 5699">
    <p class='ocr_par' dir='ltr' id='par_1_100' title="bbox 293 5615 1960 5699">
     <span class='ocr_line' id='line_1_101' title="bbox 293 5615 1960 5699; baseline 0.002 -25"><span class='ocrx_word' id='word_1_753' title='bbox 293 5621 416 5677; x_wconf 70' lang='grc' dir='ltr'>τῶν</span> <span class='ocrx_word' id='word_1_754' title='bbox 450 5620 732 5695; x_wconf 76' lang='grc' dir='ltr'>οἰκογενῶν</span> <span class='ocrx_word' id='word_1_755' title='bbox 787 5621 1182 5699; x_wconf 77' lang='grc' dir='ltr'>συνεῤῥήγνυτο</span> <span class='ocrx_word' id='word_1_756' title='bbox 1226 5624 1345 5682; x_wconf 85' lang='grc' dir='ltr'>τοῖς</span> <span class='ocrx_word' id='word_1_757' title='bbox 1401 5615 1460 5673; x_wconf 79' lang='grc' dir='ltr'>ἐκ</span> <span class='ocrx_word' id='word_1_758' title='bbox 1512 5620 1790 5697; x_wconf 70' lang='grc' dir='ltr'>Τεφρικῆς</span> <span class='ocrx_word' id='word_1_759' title='bbox 1839 5627 1960 5681; x_wconf 73' lang='grc' dir='ltr'>Μα-</span> 
     </span>
    </p>
   </div>
   <div class='ocr_carea' id='block_1_101' title="bbox 2143 4467 3718 4552">
    <p class='ocr_par' dir='ltr' id='par_1_101' title="bbox 2143 4467 3718 4552">
     <span class='ocr_line' id='line_1_102' title="bbox 2143 4467 3718 4552; baseline 0.013 -32"><span class='ocrx_word' id='word_1_760' title='bbox 2143 4467 2435 4522; x_wconf 75' lang='lat' dir='ltr'><strong>Prwterea</strong></span> <span class='ocrx_word' id='word_1_761' title='bbox 2449 4467 2558 4523; x_wconf 83' lang='lat' dir='ltr'>Leo</span> <span class='ocrx_word' id='word_1_762' title='bbox 2582 4470 2955 4529; x_wconf 87' lang='lat' dir='ltr'><strong>Eustathium</strong></span> <span class='ocrx_word' id='word_1_763' title='bbox 2969 4474 3314 4546; x_wconf 84' lang='lat' dir='ltr'><strong>magistrum</strong></span> <span class='ocrx_word' id='word_1_764' title='bbox 3331 4476 3718 4552; x_wconf 83' lang='lat' dir='ltr'><strong>drungarium</strong></span> 
     </span>
    </p>
   </div>
   <div class='ocr_carea' id='block_1_102' title="bbox 2069 4554 3720 4643">
    <p class='ocr_par' dir='ltr' id='par_1_102' title="bbox 2069 4554 3720 4643">
     <span class='ocr_line' id='line_1_103' title="bbox 2069 4554 3720 4643; baseline 0.013 -36"><span class='ocrx_word' id='word_1_765' title='bbox 2069 4554 2280 4626; x_wconf 59' lang='lat' dir='ltr'><strong>vigilias</strong></span> <span class='ocrx_word' id='word_1_766' title='bbox 2315 4572 2558 4612; x_wconf 87' lang='lat' dir='ltr'><strong>munere</strong></span> <span class='ocrx_word' id='word_1_767' title='bbox 2591 4575 2696 4614; x_wconf 90' lang='lat' dir='ltr'>suo</span> <span class='ocrx_word' id='word_1_768' title='bbox 2728 4562 2949 4614; x_wconf 90' lang='lat' dir='ltr'><strong>amovit</strong></span> <span class='ocrx_word' id='word_1_769' title='bbox 2974 4562 3047 4617; x_wconf 93' lang='lat' dir='ltr'>ob</span> <span class='ocrx_word' id='word_1_770' title='bbox 3079 4564 3398 4634; x_wconf 88' lang='lat' dir='ltr'><strong>quamdam</strong></span> <span class='ocrx_word' id='word_1_771' title='bbox 3429 4571 3720 4643; x_wconf 88' lang='lat' dir='ltr'><strong>suspicio-</strong></span> 
     </span>
    </p>
   </div>
   <div class='ocr_carea' id='block_1_103' title="bbox 2072 4643 3712 4730">
    <p class='ocr_par' dir='ltr' id='par_1_103' title="bbox 2072 4643 3712 4730">
     <span class='ocr_line' id='line_1_104' title="bbox 2072 4643 3712 4730; baseline 0.01 -32"><span class='ocrx_word' id='word_1_772' title='bbox 2072 4659 2209 4699; x_wconf 88' lang='lat' dir='ltr'>nem</span> <span class='ocrx_word' id='word_1_773' title='bbox 2240 4660 2252 4708; x_wconf 92' lang='lat'><strong>;</strong></span> <span class='ocrx_word' id='word_1_774' title='bbox 2287 4643 2456 4716; x_wconf 86' lang='lat' dir='ltr'><strong>isque</strong></span> <span class='ocrx_word' id='word_1_775' title='bbox 2489 4645 2730 4702; x_wconf 90' lang='lat' dir='ltr'><strong>domum</strong></span> <span class='ocrx_word' id='word_1_776' title='bbox 2763 4665 2929 4706; x_wconf 88' lang='lat' dir='ltr'><strong>suam</strong></span> <span class='ocrx_word' id='word_1_777' title='bbox 2951 4651 3249 4723; x_wconf 79' lang='lat' dir='ltr'><strong>digressus</strong></span> <span class='ocrx_word' id='word_1_778' title='bbox 3273 4672 3494 4714; x_wconf 88' lang='lat' dir='ltr'><strong>veneno</strong></span> <span class='ocrx_word' id='word_1_779' title='bbox 3516 4660 3712 4730; x_wconf 88' lang='lat' dir='ltr'><strong>periit,</strong></span> 
     </span>
    </p>
   </div>
   <div class='ocr_carea' id='block_1_104' title="bbox 2075 4733 3712 4816">
    <p class='ocr_par' dir='ltr' id='par_1_104' title="bbox 2075 4733 3712 4816">
     <span class='ocr_line' id='line_1_105' title="bbox 2075 4733 3712 4816; baseline 0.01 -28"><span class='ocrx_word' id='word_1_780' title='bbox 2075 4749 2288 4805; x_wconf 79' lang='lat' dir='ltr'><strong>magno</strong></span> <span class='ocrx_word' id='word_1_781' title='bbox 2321 4733 2410 4788; x_wconf 92' lang='lat' dir='ltr'>sui</span> <span class='ocrx_word' id='word_1_782' title='bbox 2445 4733 2740 4792; x_wconf 88' lang='lat' dir='ltr'><strong>desiderio</strong></span> <span class='ocrx_word' id='word_1_783' title='bbox 2801 4741 3083 4797; x_wconf 81' lang='lat' dir='ltr'><strong>exercitui</strong></span> <span class='ocrx_word' id='word_1_784' title='bbox 3143 4743 3435 4816; x_wconf 85' lang='lat' dir='ltr'><strong>classique</strong></span> <span class='ocrx_word' id='word_1_785' title='bbox 3482 4748 3712 4816; x_wconf 88' lang='lat' dir='ltr'><strong>relicto,</strong></span> 
     </span>
    </p>
   </div>
   <div class='ocr_carea' id='block_1_105' title="bbox 2075 4821 3712 4894">
    <p class='ocr_par' dir='ltr' id='par_1_105' title="bbox 2075 4821 3712 4894">
     <span class='ocr_line' id='line_1_106' title="bbox 2075 4821 3712 4894; baseline 0.011 -20"><span class='ocrx_word' id='word_1_786' title='bbox 2075 4821 2360 4893; x_wconf 65' lang='lat' dir='ltr'><strong>praeclara</strong></span> <span class='ocrx_word' id='word_1_787' title='bbox 2392 4823 2518 4894; x_wconf 85' lang='lat' dir='ltr'><strong>ejus</strong></span> <span class='ocrx_word' id='word_1_788' title='bbox 2551 4823 2814 4882; x_wconf 85' lang='lat' dir='ltr'><strong>facinora</strong></span> <span class='ocrx_word' id='word_1_789' title='bbox 2843 4831 3131 4887; x_wconf 89' lang='lat' dir='ltr'><strong>memoria</strong></span> <span class='ocrx_word' id='word_1_790' title='bbox 3159 4833 3578 4892; x_wconf 82' lang='lat' dir='ltr'><strong>recalentibus.</strong></span> <span class='ocrx_word' id='word_1_791' title='bbox 3613 4837 3712 4892; x_wconf 87' lang='lat' dir='ltr'>Se-</span> 
     </span>
    </p>
   </div>
   <div class='ocr_carea' id='block_1_106' title="bbox 2075 4911 3714 4985">
    <p class='ocr_par' dir='ltr' id='par_1_106' title="bbox 2075 4911 3714 4985">
     <span class='ocr_line' id='line_1_107' title="bbox 2075 4911 3714 4985; baseline 0.012 -22"><span class='ocrx_word' id='word_1_792' title='bbox 2075 4911 2275 4982; x_wconf 87' lang='lat' dir='ltr'><strong>pultus</strong></span> <span class='ocrx_word' id='word_1_793' title='bbox 2334 4917 2423 4966; x_wconf 87' lang='lat' dir='ltr'><strong>est.</strong></span> <span class='ocrx_word' id='word_1_794' title='bbox 2475 4913 2632 4985; x_wconf 90' lang='lat' dir='ltr'><strong>apud</strong></span> <span class='ocrx_word' id='word_1_795' title='bbox 2690 4917 3078 4974; x_wconf 87' lang='lat' dir='ltr'><strong>Charsianum</strong></span> <span class='ocrx_word' id='word_1_796' title='bbox 3136 4920 3198 4974; x_wconf 90' lang='lat' dir='ltr'>in</span> <span class='ocrx_word' id='word_1_797' title='bbox 3257 4925 3618 4981; x_wconf 89' lang='lat' dir='ltr'><strong>monasterio</strong></span> <span class='ocrx_word' id='word_1_798' title='bbox 3659 4925 3714 4982; x_wconf 92' lang='lat' dir='ltr'>S.</span> 
     </span>
    </p>
   </div>
   <div class='ocr_carea' id='block_1_107' title="bbox 2074 4999 3713 5078">
    <p class='ocr_par' dir='ltr' id='par_1_107' title="bbox 2074 4999 3713 5078">
     <span class='ocr_line' id='line_1_108' title="bbox 2074 4999 3713 5078; baseline 0.011 -24"><span class='ocrx_word' id='word_1_799' title='bbox 2074 4999 2406 5060; x_wconf 75' lang='lat' dir='ltr'><strong>Elisahetas.</strong></span> <span class='ocrx_word' id='word_1_800' title='bbox 2441 5002 2599 5073; x_wconf 80' lang='lat' dir='ltr'><strong>quod</strong></span> <span class='ocrx_word' id='word_1_801' title='bbox 2628 5019 2844 5060; x_wconf 88' lang='lat' dir='ltr'><strong>novum</strong></span> <span class='ocrx_word' id='word_1_802' title='bbox 2873 5023 3012 5062; x_wconf 83' lang='lat' dir='ltr'><strong>avus</strong></span> <span class='ocrx_word' id='word_1_803' title='bbox 3051 5007 3181 5078; x_wconf 86' lang='lat' dir='ltr'><strong>ejus</strong></span> <span class='ocrx_word' id='word_1_804' title='bbox 3204 5009 3314 5064; x_wconf 86' lang='lat' dir='ltr'>Leo</span> <span class='ocrx_word' id='word_1_805' title='bbox 3346 5011 3713 5072; x_wconf 86' lang='lat' dir='ltr'><strong>condiderat.</strong></span> 
     </span>
    </p>
   </div>
   <div class='ocr_carea' id='block_1_108' title="bbox 2074 5089 3718 5176">
    <p class='ocr_par' dir='ltr' id='par_1_108' title="bbox 2074 5089 3718 5176">
     <span class='ocr_line' id='line_1_109' title="bbox 2074 5089 3718 5176; baseline 0.011 -33"><span class='ocrx_word' id='word_1_806' title='bbox 2074 5089 2176 5145; x_wconf 87' lang='lat' dir='ltr'><strong>llic</strong></span> <span class='ocrx_word' id='word_1_807' title='bbox 2212 5090 2416 5144; x_wconf 80' lang='lat' dir='ltr'>I070</span> <span class='ocrx_word' id='word_1_808' title='bbox 2450 5091 2559 5146; x_wconf 89' lang='lat' dir='ltr'><strong>Leo</strong></span> <span class='ocrx_word' id='word_1_809' title='bbox 2593 5093 2816 5162; x_wconf 88' lang='lat' dir='ltr'><strong>primus</strong></span> <span class='ocrx_word' id='word_1_810' title='bbox 2846 5095 3224 5165; x_wconf 73' lang='lat' dir='ltr'><strong>Argyrorum,</strong></span> <span class='ocrx_word' id='word_1_811' title='bbox 3267 5098 3322 5153; x_wconf 93' lang='lat' dir='ltr'>id</span> <span class='ocrx_word' id='word_1_812' title='bbox 3364 5107 3474 5167; x_wconf 91' lang='lat' dir='ltr'><strong>est,</strong></span> <span class='ocrx_word' id='word_1_813' title='bbox 3505 5120 3718 5176; x_wconf 80' lang='lat' dir='ltr'><strong>argen-</strong></span> 
     </span>
    </p>
   </div>
   <div class='ocr_carea' id='block_1_109' title="bbox 2071 5181 3711 5249">
    <p class='ocr_par' dir='ltr' id='par_1_109' title="bbox 2071 5181 3711 5249">
     <span class='ocr_line' id='line_1_110' title="bbox 2071 5181 3711 5249; baseline 0.01 -15"><span class='ocrx_word' id='word_1_814' title='bbox 2071 5183 2324 5244; x_wconf 86' lang='lat' dir='ltr'><strong>teorum,</strong></span> <span class='ocrx_word' id='word_1_815' title='bbox 2367 5195 2692 5248; x_wconf 72' lang='lat' dir='ltr'><strong>cognomen</strong></span> <span class='ocrx_word' id='word_1_816' title='bbox 2740 5181 2980 5238; x_wconf 67' lang='lat' dir='ltr'><strong>familias</strong></span> <span class='ocrx_word' id='word_1_817' title='bbox 3033 5202 3152 5241; x_wconf 66' lang='lat' dir='ltr'><strong>sua:</strong></span> <span class='ocrx_word' id='word_1_818' title='bbox 3197 5187 3400 5245; x_wconf 85' lang='lat' dir='ltr'><strong>intulit</strong></span> <span class='ocrx_word' id='word_1_819' title='bbox 3472 5191 3589 5246; x_wconf 89' lang='lat' dir='ltr'><strong>sive</strong></span> <span class='ocrx_word' id='word_1_820' title='bbox 3637 5195 3711 5249; x_wconf 91' lang='lat' dir='ltr'>ob</span> 
     </span>
    </p>
   </div>
   <div class='ocr_carea' id='block_1_110' title="bbox 2070 5265 3712 5347">
    <p class='ocr_par' dir='ltr' id='par_1_110' title="bbox 2070 5265 3712 5347">
     <span class='ocr_line' id='line_1_111' title="bbox 2070 5265 3712 5347; baseline 0.012 -27"><span class='ocrx_word' id='word_1_821' title='bbox 2070 5268 2202 5323; x_wconf 64' lang='lat' dir='ltr'><strong>vitae</strong></span> <span class='ocrx_word' id='word_1_822' title='bbox 2238 5265 2572 5336; x_wconf 88' lang='lat' dir='ltr'><strong>puritatem.</strong></span> <span class='ocrx_word' id='word_1_823' title='bbox 2609 5268 2727 5324; x_wconf 83' lang='lat' dir='ltr'><strong>sive</strong></span> <span class='ocrx_word' id='word_1_824' title='bbox 2758 5270 2832 5324; x_wconf 93' lang='lat' dir='ltr'>ob</span> <span class='ocrx_word' id='word_1_825' title='bbox 2864 5272 3138 5330; x_wconf 90' lang='lat' dir='ltr'><strong>decorem</strong></span> <span class='ocrx_word' id='word_1_826' title='bbox 3171 5279 3456 5347; x_wconf 85' lang='lat' dir='ltr'><strong>corporis,</strong></span> <span class='ocrx_word' id='word_1_827' title='bbox 3497 5281 3617 5336; x_wconf 85' lang='lat' dir='ltr'><strong>sive</strong></span> <span class='ocrx_word' id='word_1_828' title='bbox 3639 5283 3712 5338; x_wconf 92' lang='lat' dir='ltr'>ob</span> 
     </span>
    </p>
   </div>
   <div class='ocr_carea' id='block_1_111' title="bbox 2072 5355 3712 5442">
    <p class='ocr_par' dir='ltr' id='par_1_111' title="bbox 2072 5355 3712 5442">
     <span class='ocr_line' id='line_1_112' title="bbox 2072 5355 3712 5442; baseline 0.012 -31"><span class='ocrx_word' id='word_1_829' title='bbox 2072 5357 2361 5411; x_wconf 82' lang='lat' dir='ltr'><strong>illustrem</strong></span> <span class='ocrx_word' id='word_1_830' title='bbox 2395 5355 2826 5426; x_wconf 78' lang='lat' dir='ltr'><strong>fortitudinem,</strong></span> <span class='ocrx_word' id='word_1_831' title='bbox 2861 5379 2977 5434; x_wconf 86' lang='lat' dir='ltr'>qua</span> <span class='ocrx_word' id='word_1_832' title='bbox 3033 5364 3083 5418; x_wconf 90' lang='lat' dir='ltr'>is</span> <span class='ocrx_word' id='word_1_833' title='bbox 3115 5367 3373 5436; x_wconf 70' lang='lat' dir='ltr'><strong>mquales</strong></span> <span class='ocrx_word' id='word_1_834' title='bbox 3404 5385 3540 5425; x_wconf 86' lang='lat' dir='ltr'><strong>suos</strong></span> <span class='ocrx_word' id='word_1_835' title='bbox 3574 5372 3712 5442; x_wconf 81' lang='lat' dir='ltr'><strong>(cla-</strong></span> 
     </span>
    </p>
   </div>
   <div class='ocr_carea' id='block_1_112' title="bbox 2071 5447 3715 5531">
    <p class='ocr_par' dir='ltr' id='par_1_112' title="bbox 2071 5447 3715 5531">
     <span class='ocr_line' id='line_1_113' title="bbox 2071 5447 3715 5531; baseline 0.015 -33"><span class='ocrx_word' id='word_1_836' title='bbox 2071 5447 2192 5502; x_wconf 88' lang='lat' dir='ltr'><strong>ruit</strong></span> <span class='ocrx_word' id='word_1_837' title='bbox 2219 5451 2417 5500; x_wconf 87' lang='lat' dir='ltr'><strong>autem</strong></span> <span class='ocrx_word' id='word_1_838' title='bbox 2450 5447 2732 5506; x_wconf 83' lang='lat' dir='ltr'><strong>Michaelo</strong></span> <span class='ocrx_word' id='word_1_839' title='bbox 2766 5451 3118 5524; x_wconf 78' lang='lat' dir='ltr'><strong>imperante)</strong></span> <span class='ocrx_word' id='word_1_840' title='bbox 3148 5457 3295 5512; x_wconf 81' lang='lat' dir='ltr'><strong>adeo</strong></span> <span class='ocrx_word' id='word_1_841' title='bbox 3329 5463 3622 5531; x_wconf 84' lang='lat' dir='ltr'><strong>superavit</strong></span> <span class='ocrx_word' id='word_1_842' title='bbox 3650 5472 3715 5523; x_wconf 86' lang='lat' dir='ltr'>ut</span> 
     </span>
    </p>
   </div>
   <div class='ocr_carea' id='block_1_113' title="bbox 2071 5535 3715 5620">
    <p class='ocr_par' dir='ltr' id='par_1_113' title="bbox 2071 5535 3715 5620">
     <span class='ocr_line' id='line_1_114' title="bbox 2071 5535 3715 5620; baseline 0.012 -28"><span class='ocrx_word' id='word_1_843' title='bbox 2071 5535 2229 5601; x_wconf 88' lang='lat' dir='ltr'><strong>solus</strong></span> <span class='ocrx_word' id='word_1_844' title='bbox 2261 5551 2396 5591; x_wconf 89' lang='lat' dir='ltr'>cum</span> <span class='ocrx_word' id='word_1_845' title='bbox 2428 5538 2622 5595; x_wconf 85' lang='lat' dir='ltr'><strong>vernis</strong></span> <span class='ocrx_word' id='word_1_846' title='bbox 2652 5539 2776 5596; x_wconf 90' lang='lat' dir='ltr'><strong>suis</strong></span> <span class='ocrx_word' id='word_1_847' title='bbox 2811 5543 3162 5602; x_wconf 74' lang='lat' dir='ltr'><strong>Manichaeos</strong></span> <span class='ocrx_word' id='word_1_848' title='bbox 3202 5548 3626 5620; x_wconf 83' lang='lat' dir='ltr'><strong>Tephricenses</strong></span> <span class='ocrx_word' id='word_1_849' title='bbox 3655 5561 3715 5612; x_wconf 81' lang='lat' dir='ltr'>et</span> 
     </span>
    </p>
   </div>
   <div class='ocr_carea' id='block_1_114' title="bbox 2074 5623 3710 5716">
    <p class='ocr_par' dir='ltr' id='par_1_114' title="bbox 2074 5623 3710 5716">
     <span class='ocr_line' id='line_1_115' title="bbox 2074 5623 3710 5716; baseline 0.01 -34"><span class='ocrx_word' id='word_1_850' title='bbox 2074 5623 2434 5682; x_wconf 73' lang='lat' dir='ltr'><strong>Melitenaaos</strong></span> <span class='ocrx_word' id='word_1_851' title='bbox 2492 5629 2793 5702; x_wconf 68' lang='lat' dir='ltr'><strong>Agarenos</strong></span> <span class='ocrx_word' id='word_1_852' title='bbox 2856 5631 3100 5692; x_wconf 77' lang='lat' dir='ltr'><strong>odortus</strong></span> <span class='ocrx_word' id='word_1_853' title='bbox 3173 5635 3234 5696; x_wconf 88' lang='lat' dir='ltr'>in</span> <span class='ocrx_word' id='word_1_854' title='bbox 3291 5637 3489 5716; x_wconf 72' lang='lat' dir='ltr'><strong>fugam</strong></span> <span class='ocrx_word' id='word_1_855' title='bbox 3538 5642 3710 5700; x_wconf 77' lang='lat' dir='ltr'><strong>facile</strong></span> 
     </span>
    </p>
   </div>
  </div>
