4130 6218
324 395 475 454 H6!

1482 397 2028 458 HlS'l‘OllIARU.\l
2077 397 2630 458 COMPENDIUM.

3591 396 3768 456 1162..

315 527 482 597 τόπῳ
502 529 670 582 τοῦτο
727 523 1065 601 ἐρριμμένον
1113 525 1354 596 ῗδόντος,
1424 529 1728 609 εἰληφότος
1780 549 1840 584 τε
1894 529 1987 583 καὶ

2107 530 2509 597 raveris,nihil
2530 528 2745 585 deinde
2767 528 2910 584 mali
2933 528 3038 583 tibi
3063 527 3351 583 eveniet.»
3384 525 3473 580 Ab
3502 527 3756 598 imperaé

318 613 664 688 ἀναγνόντος,
706 613 897 684 πολλὴ
951 617 1216 690 κατέσχεν
1271 616 1480 691 ἀπορία
1543 621 1672 680 τοὺς
1726 637 1984 692 συμπαρ-

319 701 500 772 όντας,
588 699 938 772 διστάζοντος
1025 704 1254 760 ἑκάστου
1312 705 1404 760 καὶ
1491 707 1818 781 ἀγνοοῦντος
1888 707 1982 761 τὸν

324 788 574 866 ῥίψαντα·
607 793 847 866 Κατὲσχε
886 789 946 847 δὲ
973 793 1062 846 καὶ
1119 795 1210 848 τὸν
1251 793 1484 868 βασιλέα
1535 795 1739 868 ἀθυμία
1769 795 1984 866 πολλή,

321 880 538 934 καὶτὸν
571 881 914 948 πεποιηκότα
941 880 1144 952 ἐζήτει.
1181 884 1378 959 Γέγονε
1435 881 1494 939 δὲ
1549 885 1686 939 κατά
1739 885 1834 939 τὸν
1895 884 1988 940 αὖ·-

321 967 417 1022 τὸν
448 969 645 1042 χρόνον
677 969 768 1024 καὶ
808 963 1057 1044 ἔκλειψις
1098 969 1335 1043 σελήνης
1374 974 1634 1049 μεγίστη,
1695 971 1765 1028 δι’
1822 975 1890 1043 ἤν
1955 974 1986 1028 ὁ

325 1056 580 1133 βασιλεὺς
633 1059 728 1114 τὸν
793 1059 1212 1132 μητροπολίτην
1276 1059 1528 1116 Συνάδων
1586 1061 1984 1134 μετεκαλέσατο

322 1145 722 1215 Πανταλέοντα,
753 1151 853 1212 τῆς
902 1148 1310 1223 ἀστρονομικῆς
1364 1149 1612 1212 παιδείας
1670 1151 1725 1206 ἐν
1790 1153 1984 1224 μνήσει

320 1235 658 1310 τυγχάνοντα
691 1239 777 1309 ίΡ.
820 1239 971 1310 606],
1013 1237 1075 1291 τὸ
1120 1245 1222 1308 τῆς
1279 1238 1581 1314 ἐκλείψεως
1635 1240 1987 1312 ἀποτέλεσμα

327 1330 516 1396 μαθεῖν
599 1324 996 1399 ὀριγνώμενος.
1055 1327 1153 1383 ‘Ov
1236 1326 1629 1402 εἰσερχόμενον
1696 1329 1836 1404 πρὸς
1889 1329 1985 1384 τὸν

328 1409 560 1487 βασιλέα
591 1419 620 1468 ὸ
670 1419 938 1485 Σαμωνᾶς
1005 1411 1120 1486 ἰδίᾳ
1172 1412 1511 1490 παραλαϐὼν
1564 1418 1851 1490 ἠρώτησεν
1909 1417 1985 1480 εἷς

323 1501 445 1556 τίνα
472 1503 571 1570 τήν
603 1502 842 1557 κάκωσιν
873 1501 1107 1572 ἔσεσθαι,
1163 1513 1254 1558 καί
1317 1503 1475 1561 τόνδε
1532 1507 1694 1584 φάναι
1752 1508 1836 1561 ὅτι
1895 1507 1988 1570 Εἷς

322 1590 402 1644 σέ·
457 1593 559 1656 την
627 1592 689 1666 ιγ’
756 1589 814 1646 δὲ
868 1595 968 1646 τοῦ
1026 1593 1257 1649 Ἰουνίου
1330 1591 1690 1668 διερχόμενος
1773 1595 1984 1671 ἡμέραν

323 1677 476 1734 οὐδὲν
508 1673 692 1735 ἔκτοτε
724 1681 886 1756 πείσῃ
937 1682 1126 1739 κακόν.
1185 1683 1515 1756 Ἐρωτηθεὶς
1577 1682 1637 1740 δὲ
1692 1685 1782 1740 καὶ
1841 1687 1988 1760 παρά

321 1771 421 1822 τοῦ
456 1767 725 1842 βασιλέως
756 1771 880 1839 περὶ
911 1769 1107 1826 τούτου
1146 1770 1296 1826 εἶπεν
1345 1771 1430 1827 ὅτι
1489 1771 1566 1834 εδς
1611 1774 1674 1828 τὸ
1736 1770 1986 1850 δεύτερον

2095 626 2220 676 tore
2251 621 2322 675 de
2355 622 2565 677 eadem
2595 637 2660 675 re
2692 621 3114 691 interrogatus,
3147 619 3432 688 proximis
3453 617 3525 671 ab
3559 617 3754 690 impe—

2092 715 2290 764 ratore
2319 726 2589 780 persona:
2620 708 2963 763 denuntiari
3008 706 3233 762 malum
3260 706 3424 760 dixit.
3461 707 3648 777 quue
3676 707 3758 763 de

2091 797 2273 853 fratre
2299 815 2404 852 suo
2447 797 2782 854 Alexandro
2826 797 3056 868 accepit
3079 797 3190 851 Leo
3221 813 3234 850 :
3268 794 3373 850 sed
3406 795 3538 865 quis
3571 796 3754 850 fuerit

2093 888 2499 958 pradictionis
2529 888 2742 952 exitus,
2802 902 2944 940 mox
3000 885 3289 940 dicemus.
3336 883 3570 938 Etenim
3613 884 3750 952 Leo,

2094 993 2230 1032 cum
2262 993 2398 1031 eum
2433 975 2754 1031 Michaelus
2782 975 3036 1029 Tziritho
3089 973 3341 1028 seorsim
3397 988 3758 1044 congressus

2093 1065 2426 1120 monuisset
2454 1064 2638 1118 libelli
2665 1063 2906 1119 infamis
2923 1068 3227 1118 auctorem
3249 1077 3378 1116 esse
3412 1063 3752 1130 Samonam,

2094 1154 2294 1210 statim
2319 1154 2562 1208 domum
2595 1170 2763 1208 suam
2795 1152 3095 1224 deportari
3131 1152 3446 1207 Samonam
3470 1156 3529 1205 et
3551 1165 3760 1206 mona-

2093 1242 2188 1297 chi
2220 1243 2284 1296 in
2316 1259 2542 1298 morem
2575 1239 3146 1314 radijussit,deinde
3171 1241 3233 1294 in
3253 1239 3756 1310 Euthymiipatri—

2093 1332 2289 1386 archm
2316 1332 2747 1386 monasterium
2778 1329 3280 1400 deduci,indeque
3311 1328 3591 1384 conviciis
3613 1345 3756 1400 pro-

2095 1421 2344 1476 scissum
2397 1420 2461 1475 in
2519 1421 3003 1475 Martinaciorum
3065 1419 3394 1473 transferri.
3427 1419 3508 1472 Ea
3550 1417 3754 1473 omnia

2094 1515 2224 1564 acta
2253 1516 2390 1564 ante
2421 1509 2577 1564 diem
2609 1526 2644 1564 a
2671 1508 3032 1564 Pantaleone
3064 1507 3438 1580 designatum
3468 1508 3768 1562 Constam.

2095 1599 2284 1653 tinum
2314 1598 2444 1654 loco
2499 1598 2770 1653 Samonaa
2819 1597 3101 1652 intimum
3161 1595 3594 1651 cubicularium
3640 1595 3755 1649 Leo

2093 1688 2255 1756 fecit,
2282 1689 2489 1743 1073
2523 1687 2698 1758 eique
2731 1685 3161 1742 monasterium
3197 1685 3257 1739 in
3309 1685 3538 1739 Nossiis
3561 1683 3755 1738 ardifi-
3849 1683 3854 1688 ’

2093 1779 2264 1846 cavit,
2298 1777 2370 1832 de
2413 1777 2657 1831 nomine
2717 1776 3042 1832 Servatoris
3100 1773 3350 1840 dictum,
3381 1772 3562 1843 idque
3616 1787 3755 1828 cum

325 1857 625 1930 πρόσωπον
657 1860 690 1926 ἡ
750 1857 989 1920 κάκωσις
1050 1857 1362 1934 ἐπισκήψει.
1422 1861 1762 1918 ’Υπώπτευεν
1809 1863 1903 1917 οὗν
1953 1864 1982 1919 ὁ

330 1946 360 1963 ι.
463 1944 483 1963 ς
530 1948 542 1962 ι
633 1945 658 1963 ει
701 1947 714 1963 ,
997 1949 1010 1963 .
1259 1950 1286 1963 ν
1446 1952 1458 1963 .
1553 1951 1566 1963 .
1717 1956 1740 1963 -
1824 1951 1878 1963 .-
1911 1951 1930 1963 .

2099 1866 2409 1938 Euthymio
2455 1865 2794 1936 patriarcha
2850 1863 3165 1919 dedicavit.
3229 1862 3566 1918 Secundum
3627 1863 3756 1916 hac

330 1944 590 2022 βασιλεὺς
630 1945 878 2022 δεύτερον
905 1949 1200 2022 πρόσωπον
1234 1950 1370 2004 εἶναι
1406 1952 1500 2006 τὸν
1553 1951 1744 2006 ἑαυτοῦ
1813 1951 1980 2008 ἀδελ-

332 2035 434 2113 se»
481 2034 854 2110 Ἀλέξανδρον.
914 2038 1016 2092 Καὶ
1068 2037 1136 2092 τὰ
1183 2039 1280 2112 μὲν
1346 2046 1448 2110 τῆς
1511 2041 1872 2117 προρρήσεως
1922 2042 1991 2112 ἢν

328 2121 490 2199 ἔσχεν
524 2121 1052 2200 ἀπόϐασιν,προϊὼν
1115 2129 1143 2182 ὁ
1202 2126 1371 2204 λόγος
1426 2127 1691 2198 δηλώσειο
1751 2130 1993 2206 Μιχαὴλ

333 2211 393 2268 δὲ
421 2217 520 2267 τοῦ
551 2213 886 2288 Τζιρίοωνος
916 2217 1036 2272 κατ’
1069 2214 1208 2271 ίδίαν
1245 2223 1327 2289 τῷ
1386 2218 1608 2293 βασιλεῖ
1657 2220 1994 2293 προσελθόν-

325 2320 421 2363 τος
451 2302 542 2355 καί
574 2303 1064 2375 καταμηνύσαντος
1095 2305 1172 2367 ὡς
1223 2307 1252 2359 ὁ
1312 2312 1582 2379 Σαμωνᾶς
1631 2306 1715 2378 εἴη
1765 2308 1830 2364 to‘
1869 2330 1996 2364 πιτ-

331 2387 520 2445 τάκιον
575 2392 690 2464 (37)
737 2392 1080 2462 πεποιηκὼς,
1148 2395 1388 2463 παρευθὺ
1439 2391 1860 2464 καταϐιϐάζεται
1917 2395 1997 2457 εἷς

2091 1954 2346 2028 Agareni
2378 1957 2484 2009 300
2505 1971 2682 2009 naves
2713 1951 3278 2018 emittunt,ducihus
3301 1951 3588 2006 Damiano
3618 1950 3756 2021 Tyri

2099 2061 2301 2101 amera
2331 2049 2387 2098 et
2421 2045 2613 2099 Leone
2650 2043 2954 2114 Tripolita.
2989 2041 3092 2096 His
3149 2039 3307 2112 apud
3366 2040 3625 2104 Samum,
3660 2039 3756 2094 cui

2101 2141 2228 2190 tum
2253 2137 2559 2190 Romanus
2590 2135 2930 2204 Lacapenus
2959 2136 3234 2204 praeerat,
3268 2131 3527 2186 occurrit
3555 2130 3759 2185 Hime-

2100 2224 2226 2278 rius
2257 2223 2467 2278 classis
2497 2224 2777 2277 Bomanaa
2808 2221 3126 2292 praefectus
3151 2241 3166 2287 ;
3188 2219 3498 2289 victusque
3555 2218 3630 2273 ab
3662 2218 3758 2288 iis,

2103 2311 2390 2382 dissipata
2447 2310 2635 2365 classe
2668 2326 2796 2377 sua,
2853 2325 3006 2380 εδει-ε
3065 2309 3192 2379 ipse
3234 2307 3575 2379 Mitylenam
3622 2307 3764 2378 fuga

2105 2398 2310 2454 evasit.

330 2478 427 2535 τὸν
461 2479 614 2533 οἶκον
648 2479 819 2534 αὑτοῦ
847 2479 938 2535 καὶ
970 2481 1316 2556 ἀποκείρεται
1353 2483 1618 2558 μοναχὸς,
1676 2487 1793 2539 εἶτα
1845 2483 1898 2538 ἐν
1952 2488 2023 2560 τῇ
2084 2488 2226 2559 μονῇ
2290 2487 2388 2540 τοῦ
2443 2483 2790 2559 πατριάρχου
2848 2481 3129 2554 Εύθυμίου
3159 2482 3448 2557 ἀπάγεται,
3507 2481 3758 2536 κάκεῖθεν

331 2563 770 2642 διαλοιδορηθεὶς
802 2569 879 2631 εἰς
907 2569 1007 2638 τὴν
1035 2574 1137 2625 τοῦ
1167 2572 1535 2646 Μαρτινακίου
1598 2573 1959 2647 μετατίθεται.
2014 2579 2194 2630 Ταῦτα
2232 2571 2290 2628 δὲ
2351 2573 2600 2649 ἐπράχθη
2664 2575 2836 2646 μήπω
2889 2579 2989 2641 τῆς
3049 2570 3364 2645 ὡρισμένης
3418 2571 3752 2644 προθεσμίας

326 2657 476 2732 παρά
558 2663 657 2713 τοῦ
744 2659 1166 2734 μητροπολίτου
1237 2659 1674 2738 διαδραμούσης.
1745 2663 2006 2736 Ἐποίησε
2089 2663 2148 2720 δὲ
2211 2663 2326 2721 ἀντ’
2385 2665 2551 2720 αύτοῦ
2603 2664 2698 2720 τὸν
2757 2665 3170 2720 Κωνσταντῖνον
3226 2661 3752 2738 παρακοιμώμενον.

327 2748 549 2806 Ἕκτισε
601 2745 660 2804 δὲ
711 2749 864 2822 αύτῷ
921 2751 1009 2806 καὶ
1071 2755 1436 2830 μοναστήριον
1495 2754 1546 2809 ἐν
1603 2760 1723 2817 ταῖς
1765 2757 2047 2826 Νοσσιαῖς,
2107 2755 2190 2811 ἐπ’
2249 2756 2479 2828 ὀνόματι
2525 2759 2624 2810 τοῦ
2680 2761 2958 2830 Ζωτῆρος,
3020 2752 3052 2809 ὅ
3106 2755 3198 2809 καὶ
3255 2751 3581 2808 ἐνεκαίνισεν
3639 2751 3758 2824 ἅμα

329 2839 595 2912 Εὖθυμίῳ
645 2841 725 2912 τῷ
783 2841 1120 2917 πατριάρχςι.
1184 2844 1506 2917 Ἀγαρηνῶν
1561 2843 1620 2900 δὲ
1676 2844 2003 2919 ἐξελθόντων
2059 2846 2197 2919 μετά
2255 2845 2467 2900 πλοίων
2517 2846 2866 2920 τριακοσίων,
2911 2844 2986 2898 ὧν
3055 2846 3246 2919 ἡγεῖτο
3304 2842 3572 2916 Δαμιανός
3615 2863 3672 2898 τε
3731 2843 3764 2896 ὃ

329 2931 430 2995 τῆς
459 2929 888 3004 Τυρουάμηρᾶς
920 2931 1008 2986 καὶ
1055 2933 1204 2987 Λέων
1238 2933 1267 2987 ὀ
1325 2932 1692 3007 Τριπολίτης,
1752 2935 1991 3010 Ἱμέριος
2049 2935 2079 2990 ό
2138 2933 2438 3010 λογοθέτης
2502 2935 2776 3010 ναύαρχος
2833 2929 2909 2988 ὥν
2965 2938 3074 2989 τῶν
3133 2932 3418 3006 Ῥωμαίων
3472 2933 3611 2987 κατά
3665 2930 3757 2987 τὸν

325 3016 666 3093 Ὀκτώῧριον
733 3028 876 3092 μῆνα
932 3024 1234 3094 συνήντησε
1286 3025 1507 3090 τούτοις
1564 3026 1640 3088 είς
1695 3026 1903 3098 Σάμον,
1960 3028 2028 3096 ἧς
2086 3025 2408 3102 ἐστρατήγει
2464 3026 2747 3099 Ῥωμανὸς
2809 3025 2838 3080 ὀ
2905 3023 3256 3093 Λακαπηνός.
3343 3024 3442 3078 Καὶ
3499 3021 3756 3095 συμπλα-

325 3111 441 3173 κετς
467 3117 582 3172 τοῖς
614 3113 732 3184 μετ’
757 3112 923 3168 αὐτοῦ
961 3115 1198 3184 ἡττήθη,
1246 3120 1336 3170 καί
1388 3121 1495 3171 τῶν
1555 3118 1643 3172 ὑπ’
1698 3118 1859 3173 αὑτὸν
1917 3123 2052 3174 νεῶν
2111 3115 2616 3189 διασκεδασθεισῶν,
2682 3116 2846 3189 μόλις
2896 3117 3058 3178 αὐτὸς
3118 3113 3353 3186 διεσώθη
3436 3113 3514 3176 εἲς
3569 3118 3744 3168 Μιτυ-

333 3198 537 3272 λήνην.

406 3288 682 3361 Κοιλιακῷ
737 3287 796 3346 δὲ
849 3293 1120 3365 νοσήματι
1178 3292 1408 3368 ληφθεὶς
1465 3295 1495 3349 ὁ
1561 3295 1844 3370 βασιλεὺς,
1900 3299 1992 3352 καὶ
2026 3300 2069 3367 C

329 3376 420 3434 ἐπὶ
497 3379 694 3454 χρόνον
751 3383 832 3450 τῷ
891 3379 1126 3454 τοιούτῳ
1197 3383 1356 3437 πάθει
1443 3385 1830 3457 κατεργασθεὶς
1897 3385 1987 3440 καὶ

329 3466 407 3530 εἰς
476 3467 712 3541 ἐσχάτην
773 3464 1076 3541 ἀδυναμίαν
1127 3468 1444 3539 ἐληλακὼς,
1503 3471 1665 3542 μόλις
1735 3470 1985 3544 ἠδυνήθη

329 3553 384 3609 ἐν
423 3559 504 3625 τῷ
560 3562 662 3624 τῆς
718 3553 1034 3632 ἐγκρατείας
1091 3563 1268 3632 καιρῷ
1321 3561 1422 3626 τήν
1482 3562 1691 3628 συνήθη
1752 3563 1986 3630 ποιήσα-

330 3645 452 3698 σθαι
532 3641 876 3720 δημηγορίαν
959 3649 1095 3716 (38).
1175 3649 1654 3721 Συνηθροισμένης
1704 3650 1811 3724 γάρ
1888 3656 1989 3718 τῆς

329 3733 642 3806 συγκλήτου
723 3734 988 3789 τοιούτων
1048 3735 1252 3810 ἤρξατο
1335 3738 1472 3808 πρὸς
1534 3737 1730 3802 αὐτοὺς
1784 3739 1984 3812 λόγων·

329 3845 357 3875 ι(
389 3823 467 3880 Τὸ
528 3829 624 3895 μὲν
674 3822 804 3896 ἐμὸν
874 3824 1121 3898 σαρκίον,
1181 3826 1227 3878 ὧ
1293 3823 1470 3905 φίλοι,
1527 3827 1676 3900 νόσῳ
1708 3827 1987 3900 ἐκτρυχω-

326 3913 374 3967 θλ
471 3911 486 3932 ν
542 3912 632 3942 ιον
910 3913 925 3934 ο
1071 3913 1094 3936 α.
1177 3913 1189 3931 ι
1434 3915 1444 3936 r
1771 3916 1785 3935 ι
1892 3915 1903 3934 ι

361 3931 414 3966 εν
462 3933 779 3986 απιρρευσε,
836 3933 928 3968 και
985 3915 1022 3984 ἡ
1075 3934 1236 3993 ισχυς
1295 3914 1640 3983 ἐπιλελοιπε,
1698 3938 1788 3971 και
1844 3936 1990 3996 τάχα

329 3998 512 4054 οὐκέτι
549 4001 667 4073 μεθ’
719 4001 870 4074 ὑμῶν
934 4001 1194 4076 βιοτεύῳ,
1251 4003 1378 4059 οὐδὲ
1431 4002 1829 4080 καταλήψομαι
1885 4008 1987 4075 τήν

327 4093 430 4144 τοῦ
462 4091 737 4145 Δεσπότου
785 4091 1022 4164 Χριστοῦ
1080 4092 1418 4150 ’Δνάστασιν.
1459 4094 1599 4150 Μίαν
1656 4094 1840 4149 τοίνυν
1898 4095 1989 4150 καὶ

326 4177 642 4232 τελευταίαν
690 4178 830 4250 ὑμᾶς
858 4178 997 4234 αίτῶ
1044 4178 1210 4251 τήνδε
1265 4183 1366 4250 τήν
1426 4183 1609 4258 χάριν,
1651 4184 1991 4256 ἀπομνημο-

327 4266 515 4319 νεῦσαι
551 4264 622 4334 ἤν
663 4265 816 4321 εἶχον
878 4269 1016 4340 πρὸς
1076 4269 1218 4342 ὑμᾶς
1273 4274 1528 4346 χοηστήν
1580 4269 1840 4338 διάθεσιν,
1899 4273 1989 4328 καὶ

328 4353 447 4408 ἀντὶ
497 4353 697 4423 ταύτης
782 4355 994 4410 εὕνοιαν
1055 4361 1126 4430 τῇ
1210 4359 1320 4434 ἐμῇ
1380 4361 1600 4435 συζύγῳ
1655 4359 1986 4437 διατηρῆσαι

325 4440 416 4495 καὶ
442 4445 521 4512 τῷ
548 4443 670 4514 υἱῷ.
705 4467 734 4492 ιι
793 4443 897 4500 Καὶ
953 4445 988 4513 ἡ
1049 4446 1144 4517 μὲν
1200 4451 1300 4502 τοῦ
1346 4449 1619 4522 βασιλέως
1670 4447 1988 4526 δημηγορία

325 4531 581 4599 τοιαύτη,
613 4533 649 4600 ἡ
706 4529 764 4587 δὶ
819 4531 1133 4610 σύγκλητος
1193 4536 1370 4610 βουλὴ
1433 4537 1702 4614 ὑπέσχετο
1762 4537 1990 4616 δακρυρ-

329 4617 532 4694 ῤοῦσα
577 4619 668 4673 καὶ
723 4623 840 4692 μετ’
898 4621 1233 4700 ὀλοφυρμῶν
1295 4623 1444 4700 λύπῃ
1509 4626 1606 4698 μὲν
1665 4629 1986 4702 συνέχεσθαι

2169 3300 2501 3370 Imperator
2529 3301 2752 3363 autem,
2779 3294 3022 3352 coeliaco
3053 3293 3262 3350 morbo
3293 3297 3624 3364 correptus,
3657 3308 3764 3347 eo-

2096 3404 2212 3457 que
2233 3386 2582 3458 aliquandiu
2613 3384 2918 3440 confectus
2950 3389 3008 3437 et
3039 3384 3101 3437 in
3155 3397 3449 3438 summam
3481 3381 3760 3436 redactus

2096 3475 2589 3536 invaletudinem,
2621 3474 2718 3528 vix
2751 3474 2944 3544 potuit
2971 3472 3306 3527 orationem
3354 3469 3574 3542 jejunii
3613 3475 3759 3524 tem-

2094 3583 2239 3636 pore
2271 3582 2376 3636 pro
2407 3581 2572 3619 more
2605 3563 3061 3632 habere.ltaque
3092 3561 3375 3617 advocato
3393 3567 3518 3614 tum
3547 3561 3764 3614 senatu

2097 3655 2182 3706 sic
2213 3653 2440 3706 inﬁt:«
2469 3655 2614 3706 Caro
2665 3667 2818 3711 mea.
2875 3649 3076 3716 amici,
3138 3649 3348 3704 morbo
3405 3652 3760 3716 consumpta

2095 3740 2357 3795 difﬂuxit
2376 3741 2647 3809 viresque
2678 3738 3126 3793 defeceruntac
3158 3736 3429 3791 fortassis
3449 3735 3758 3789 vobiscum

2095 3830 2352 3902 amplius
2381 3846 2502 3885 non
2534 3829 2741 3890 vivam.
2773 3843 2968 3897 neque
2998 3826 3074 3880 ad
3129 3825 3348 3880 festum
3390 3823 3759 3878 Resurretio—

2093 3921 2190 3975 nis
2219 3919 2437 3974 Christi
2499 3918 2654 3972 diem
2696 3918 2876 3972 vitam
2924 3915 3269 3987 perducam.
3330 3915 3492 3968 Hanc
3549 3913 3754 3983 itaque

2095 4026 2276 4066 unam
2307 4025 2377 4064 ac
2399 4015 2761 4079 postremam
2799 4022 2834 4060 a
2862 4003 3029 4059 vobis
3057 4003 3312 4076 gratiam
3344 4001 3580 4073 postulo
3605 4000 3750 4054 mihi

2095 4098 2222 4154 dari
2249 4114 2264 4152 :
2295 4095 2712 4152 Recordamini
2731 4109 2912 4164 quam
2942 4107 3036 4147 me
3065 4091 3231 4146 vobis
3261 4089 3589 4161 benignum
3611 4103 3759 4159 prm-

2095 4187 2348 4252 buerim,
2399 4192 2576 4256 atque
2609 4183 2742 4239 ideo
2772 4199 3015 4237 uxorem
3048 4181 3371 4251 filiumque
3403 4178 3572 4233 vobis
3601 4191 3769 4234 com-

2096 4277 2442 4333 mendatum
2473 4274 2771 4329 habetote.
2809 4292 2839 4322 »
2900 4271 3151 4326 Senatus
3208 4285 3344 4325 cum
3407 4267 3553 4323 ﬂetu
3583 4273 3763 4337 atque

2097 4365 2319 4436 ejulatu
2351 4361 2614 4418 ostendit
2661 4377 2723 4416 se
2773 4359 3015 4430 jactura
3065 4357 3245 4427 hujus
3302 4354 3534 4410 domini
3584 4358 3763 4425 atque

2096 4452 2478 4526 imperatoris
2508 4448 2919 4505 incredibilem
2953 4445 3260 4518 percipere
3292 4444 3592 4511 dolorem;
3645 4444 3766 4498 Au-

2096 4548 2280 4610 gustas
2311 4547 2511 4596 autem
2546 4544 2604 4593 et
2634 4538 2758 4592 ﬁlio
2787 4535 3136 4607 imperatori
3166 4535 3377 4589 1074
3419 4533 3502 4588 ita
3523 4549 3585 4588 se
3617 4531 3764 4588 ﬁde-

2095 4632 2181 4687 les
2209 4632 2335 4686 fore
2368 4635 2435 4684 ut
2460 4628 2549 4683 vel
2603 4627 2824 4681 millies
2855 4642 2962 4697 pro
2993 4641 3063 4678 eo
3114 4623 3254 4689 sint,
3285 4624 3368 4678 ita
3395 4622 3576 4676 rebus
3605 4636 3758 4690 pos-

328 4678 746 4782 ἀπαραμυθήτῷ
800 4678 1520 4790 τοιούτοιυὶστερισκομένή
1573 4678 1840 4772 Sec-1:610:
1894 4718 1988 4774 καὶ

2099 4678 2181 4687 -ν-
2210 4678 2333 4686 --η
2373 4678 2434 4684 —-
2471 4678 2549 4683 ~——
3125 4678 3130 4679 κ
3243 4678 3253 4689 ,
3606 4678 3622 4690 ,

2099 4719 2392 4786 centibus,
2435 4723 2686 4771 mortem
2735 4713 3058 4786 oiipetituri
3095 4731 3110 4779 ;
3157 4714 3359 4782 itaque
3401 4711 3768 4779 imperatore

330 4794 623 4869 βασιλέως,
675 4795 882 4853 εὔνοιαν
943 4798 1002 4855 δὲ
1060 4798 1413 4878 διατηρήσειν
1460 4804 1538 4868 εἷς
1595 4827 1655 4861 τε
1712 4807 1814 4874 τήν
1901 4803 1990 4860 δέ·

327 4889 554 4939 σποιναν
589 4885 680 4940 καὶ
704 4888 796 4941 τὸν
824 4889 1094 4963 ἡμέτερον
1157 4890 1430 4962 δεσπότην
1457 4894 1552 4950 καὶ
1613 4893 1842 4970 βασιλέα
1898 4895 1992 4952 καὶ

331 4974 424 5028 σὸν
479 4973 618 5043 υἱὸν,
677 4971 838 5043 ὥστε,
926 4977 973 5031 εἰ
1057 4975 1258 5049 δεήσει,
1353 4984 1611 5054 μυριάκις
1689 4981 1996 5054 ἔμπροσθεν

330 5061 506 5117 αὐτῶν
565 5063 871 5120 ἀποθανεῖν.
928 5069 1102 5120 Ταῦτα
1160 5067 1390 5126 εἰποῦσα
1445 5074 1482 5140 ἡ
1543 5071 1857 5150 σύγκλητος
1903 5073 1997 5128 καὶ

327 5150 642 5207 τελευταῖον
689 5151 975 5226 ἀσπασμὸν
1063 5152 1344 5212 ἀποδοῦσα
1397 5158 1477 5232 τῷ
1531 5161 1752 5235 βασιλεῖ
1817 5159 1999 5232 ἀπηλ·

344 5237 516 5316 λάγη.
552 5241 630 5299 Ού
691 5243 799 5316 μήν
843 5263 904 5318 γε
948 5244 1035 5298 καὶ
1100 5243 1255 5308 εὐθὺς
1315 5247 1344 5300 ὁ
1402 5249 1658 5315 βασιλεὺς
1719 5249 2004 5322 ἐτελεύτη-

331 5349 442 5403 σεν,
500 5330 648 5387 ἀλλά
717 5328 990 5388 διετέλεσε
1041 5333 1480 5409 νοσηλευόμενος
1529 5341 1620 5394 καὶ
1675 5340 2000 5418 σφακελιζό-

2101 4817 2435 4865 extremum
2489 4805 2858 4862 consalutato
2891 4804 3319 4859 discesserunt.
3375 4799 3489 4852 Leo
3549 4801 3752 4852 tamen

2099 4900 2302 4964 vitam,
2337 4896 2542 4952 morbo
2561 4896 2806 4951 interim
2831 4895 3046 4948 misere
3069 4889 3666 4958 conﬂictatus,usque
3685 4884 3762 4941 ad

2107 4993 2165 5044 H
2193 4989 2324 5043 Maii
2355 4988 2515 5044 diem
2569 4984 2865 5058 produxit.
2907 4981 3160 5037 Moriens
3218 4977 3536 5049 imperium
3590 4975 3768 5030 fratri

2106 5093 2212 5131 suo
2240 5076 2572 5130 Alexandro
2599 5071 2860 5141 reliquit.
2900 5071 3086 5134 Quem
3142 5072 3510 5138 postremum
3566 5062 3642 5118 ad
3699 5078 3763 5119 se

2109 5164 2444 5218 venientem
2477 5160 2681 5215 videns
2697 5162 2883 5215 lertur
2905 5155 3127 5212 dixisse
3147 5171 3202 5209 :«
3223 5155 3310 5209 En
3328 5151 3522 5208 malus
3541 5155 3768 5221 tempo-

2110 5253 2193 5309 ris
2222 5252 2508 5309 articulus
2553 5255 2686 5322 post
2735 5247 3020 5302 tredecim
3077 5259 3334 5300 menses.
3391 5260 3423 5294 ››
3481 5239 3765 5294 Eumdem

2115 5341 2319 5396 multis
2350 5341 2621 5395 hortatus
2651 5343 2741 5392 est
2765 5342 2832 5391 ut
2881 5333 3335 5390 Constantinum
3383 5329 3637 5385 educare
3693 5340 3762 5383 ac

1537 5440 1906 5497 XYLANDRI
1943 5441 2031 5496 ET
2071 5441 2290 5496 GOARI
2329 5439 2554 5494 NOTIE.

367 5599 380 5612 ,
403 5528 518 5600 (37)
551 5531 774 5600 Charta,
794 5532 1077 5612 schedula,
1097 5535 1355 5591 maxime
1385 5552 1459 5591 ex
1491 5535 1647 5608 pelle
1678 5539 1992 5596 chartacea

332 5606 454 5655 sive
486 5617 864 5673 pergameno.
895 5606 1073 5660 Gosa.

405 5673 520 5744 (38)
551 5675 737 5738 Quam
771 5676 831 5732 L.
873 5677 1057 5732 Verus
1087 5678 1248 5751 apud
1269 5678 1692 5746 Herodianum,
1721 5683 1991 5741 Julianus

612 5793 883 5855 PATROL.
929 5797 1140 5859 CXXI.
1189 5800 1302 5860 Gn.

2101 5537 2256 5610 apud
2309 5536 2736 5610 Marcellinum,
2793 5527 3282 5610 TiberiusJapud
3351 5527 3758 5610 Simocattam,

2101 5600 2262 5681 apud
2289 5609 2438 5664 alios
2463 5608 2564 5681 alii
2596 5600 2990 5678 imperatores
3010 5600 3178 5658 letho
3203 5600 3458 5672 proximi
3483 5600 3761 5672 leguntur

2102 5681 2404 5737 habuisse.
2435 5681 2613 5736 Goxa.

3391 5787 3467 5846 37
