4088 6344
264 325 334 388 ιι
1247 327 1336 384 DE
1370 324 2039 386 PREDESTINATIONE
2081 328 2211 384 DEI.
2252 359 2322 372 --
2360 329 2494 386 LIB;
2527 331 2568 387 l.
3209 302 3215 307 ’
3470 331 3540 398 tt

265 516 3515 541 Μ

1333 657 1866 758 PBEFATIO
1941 658 2476 762 AUCTORIS.

332 999 572 1056 Domino
609 997 846 1070 glorioso
880 1009 1046 1072 atque
1089 998 1590 1071 prmeellentissimo
1615 997 1849 1068 principi
1875 991 2176 1066 Ajungere
2201 993 2419 1066 dignata
2439 1002 2546 1061 est,
2576 1003 2636 1049 ut
2675 995 2741 1051 de
2776 1010 2951 1066 nuper
2984 1006 3172 1052 exorta
3213 1001 3533 1068 quaestione,

261 1093 483 1151 CnoLo
508 1093 858 1152 Rnnanaus.

329 1185 470 1242 Cum
513 1188 686 1242 virtus
728 1197 784 1243 et
825 1188 1092 1258 sapientia
1124 1189 1327 1260 regiam
1358 1186 1699 1256 maiestatem
1733 1186 1854 1242 illu-

259 1285 462 1342 strent,
512 1278 691 1333 virtus
739 1278 992 1334 videlicet
1021 1294 1128 1349 qua
1170 1279 1516 1336 adversarios
1561 1288 1850 1350 expugnet,

258 1371 528 1440 sapientia
576 1385 682 1442 qua
740 1372 1050 1442 reipublicae
1109 1387 1308 1444 corpus
1361 1388 1524 1428 omne
1573 1373 1848 1443 disponat,

259 1462 718 1530 magniﬁcentiam
750 1473 986 1519 vestram
1035 1465 1150 1520 haec
1198 1467 1303 1520 duo
1349 1465 1549 1520 clarius
1579 1463 1848 1530 attollunt,

256 1556 402 1624 quod
456 1555 695 1610 caelestis
739 1557 1018 1628 sapientiae
1056 1566 1262 1614 secreta
1293 1557 1607 1628 perquiritis
1647 1565 1703 1612 et
1728 1557 1854 1612 reli-

256 1643 439 1714 gionis
465 1633 656 1700 amore
677 1645 939 1718 ﬂagratis.
975 1647 1100 1703 Haec
1125 1649 1269 1703 enim
1299 1665 1394 1704 vos
1417 1649 1690 1718 prioribus
1712 1664 1854 1703 com-

254 1744 457 1806 parant
495 1737 854 1808 principibus,
897 1739 988 1808 qui
1017 1740 1280 1794 virtutum
1324 1731 1564 1810 potentia
1611 1740 1851 1794 hostium

256 1825 392 1881 colla
440 1829 795 1897 subegerunt,
828 1841 882 1883 et
923 1829 1204 1900 sapientia:
1232 1831 1438 1899 fulgore
1478 1838 1532 1885 et
1576 1831 1853 1902 religionis

258 1914 470 1970 honore
492 1918 654 1971 amici
680 1918 774 1972 Dei
807 1917 934 1973 facti
964 1928 1091 1973 sunt
1117 1933 1134 1973 :
1164 1920 1334 1974 David
1359 1920 1588 1975 dicimus
1613 1929 1668 1975 et
1695 1919 1850 1975 Salo-

255 2020 500 2072 monem,
529 2008 842 2075 Ezecbiam,
883 2018 939 2066 et
963 2009 1186 2077 Josiam,
1219 2011 1417 2082 quibus
1445 2011 1584 2066 sicut
1609 2011 1709 2066 fuit
1739 2021 1850 2067 stu-

254 2096 404 2150 dium
449 2098 595 2153 circa
625 2099 820 2155 divinae
866 2101 1146 2172 sapientite
1187 2103 1444 2174 mysteria
1477 2102 1730 2168 detineri,
1775 2102 1850 2158 ita

255 2202 446 2244 eorum
479 2189 622 2244 fama
651 2199 708 2246 et
739 2192 1060 2248 immortalis
1081 2195 1287 2260 existit,
1319 2204 1373 2250 et
1397 2194 1681 2264 stipendiis
1699 2202 1851 2250 aeter-

254 2295 338 2334 na:
386 2280 740 2339 beatitudinis
766 2293 957 2339 ornata
984 2283 1234 2356 refulget.
1276 2285 1516 2353 Quorum
1547 2286 1849 2344 imitatores

1952 1087 2048 1143 sed
2072 1079 2199 1143 olim
2215 1085 2328 1154 jam
2351 1102 2381 1140 a
2401 1087 2604 1141 sanctis
2624 1086 2878 1143 Patribus
2907 1088 3286 1158 determinata,
3309 1092 3536 1152 collecta

1947 1195 2020 1235 ex
2047 1187 2356 1234 sanctorum
2383 1179 2537 1235 libris
2562 1179 2793 1256 capitula
2825 1179 2977 1234 vobis
3005 1180 3314 1250 dirigerem,
3343 1187 3541 1254 quibus

1951 1273 2186 1342 qualiter
2213 1273 2278 1328 de
2300 1288 2364 1328 ea
2399 1274 2667 1329 sentirent
2705 1274 3044 1330 manifestius
3087 1277 3240 1332 vobis
3279 1278 3537 1335 eluceret.

1953 1361 2087 1418 Cum
2133 1365 2277 1418 enim
2327 1365 2579 1419 universa
2626 1373 2786 1420 caute
2822 1364 3124 1435 disquiritis
3158 1375 3212 1421 et
3253 1367 3541 1439 diligenter

1954 1455 2259 1524 disponitis,
2290 1463 2400 1510 tum
2429 1470 2642 1525 quoque
2665 1456 2718 1510 in
2743 1456 2847 1510 hac
2867 1456 3194 1526 quaestione,
3227 1459 3381 1528 cujus
3413 1475 3538 1528 pro-

1953 1545 2196 1604 funditas
2244 1548 2444 1604 multos
2491 1549 2724 1619 caligare
2771 1547 2942 1614 facit,
2991 1549 3232 1621 studiose
3274 1551 3432 1606 valde
3481 1560 3537 1608 et

1943 1640 2198 1697 modeste
2245 1642 2514 1706 inceditis,
2566 1650 2627 1696 ut
2670 1649 2982 1697 sanctorum
3031 1642 3326 1700 sententias
3367 1658 3432 1699 ex
3473 1660 3537 1700 ea

1953 1743 2359 1800 cognoscentes,
2389 1734 2515 1804 quid
2539 1743 2722 1804 postea
2748 1734 3089 1803 prudentiam
3119 1744 3356 1790 vestram
3381 1752 3543 1806 agerc

1951 1831 2200 1890 oporteat
2225 1822 2554 1878 deliberetis.
2579 1823 2691 1894 Ego
2712 1831 2912 1887 autem,
2943 1824 3166 1892 cupiens
3202 1840 3394 1894 parcre
3414 1843 3533 1881 ma-

1952 1914 2248 1984 gnitudinis
2276 1923 2474 1970 vestra:
2495 1915 2741 1984 imperio,
2761 1915 3016 1986 colligere
3042 1918 3225 1971 studui
3255 1933 3319 1972 ex
3348 1920 3542 1973 catho-

1952 2003 2180 2060 licorum
2212 2007 2493 2062 doctorum
2535 2008 2840 2072 sententiis,
2878 2022 3000 2077 qum
3024 2024 3122 2078 pro
3150 2009 3417 2066 brevitate
3457 2010 3541 2068 sui

1951 2098 2403 2168 occupationibus
2440 2101 2638 2156 vestris
2677 2117 2784 2156 non
2835 2102 2970 2158 ﬁant
3015 2118 3294 2171 onerosa,
3341 2113 3395 2161 et
3442 2120 3543 2177 pro

1938 2192 2343 2245 sententiarum
2379 2191 2712 2261 plenitudine
2754 2194 2830 2248 rei
2859 2195 3145 2249 veritatem
3181 2210 3288 2251 non
3315 2197 3545 2252 abscon-

1953 2280 2103 2336 dant.
2132 2281 2198 2336 Et
2220 2282 2345 2350 quia
2372 2283 2531 2352 hujus
2557 2283 2892 2352 quiestiouis,
2922 2284 2976 2339 id
2996 2293 3080 2340 est
3106 2285 3171 2341 de
3196 2288 3544 2355 praedestina-

252 2371 466 2438 οπεοιὶ,
504 2375 806 2431 admirabili
837 2378 1124 2446 prudentia
1163 2377 1472 2448 reipublicae
1503 2387 1699 2435 vestrae
1740 2388 1851 2435 sta-
1878 2370 1928 2432 B
1957 2371 2103 2426 tione
2123 2412 2136 2437 ,
2182 2371 2506 2443 profundum
2529 2373 2685 2429 valde
2711 2376 3030 2446 myswriutn
3053 2386 3157 2441 est,
3187 2379 3352 2433 statui
3382 2381 3535 2449 prius

253 2472 368 2519 tum
401 2467 713 2537 disponitis,
745 2477 799 2522 et
823 2470 1027 2539 potenti
1058 2470 1257 2526 virtute
1282 2471 1519 2526 hostium
1559 2472 1703 2526 vires
1727 2474 1849 2528 sub-

251 2558 403 2630 igitis
420 2575 434 2624 ;
451 2567 510 2613 et
533 2559 788 2615 ineﬂ'abili
819 2561 1094 2632 religionis
1117 2576 1299 2617 amore
1320 2563 1623 2618 caelestium
1639 2565 1847 2633 sapien—

254 2651 384 2704 tiam
431 2654 768 2707 secretorum
813 2653 1134 2723 disquiritis,
1177 2663 1231 2710 et
1273 2656 1724 2725 quemadmodum
1755 2673 1846 2712 ca-

252 2741 472 2798 tholica
524 2744 648 2800 ﬁdei
697 2755 870 2802 status
919 2745 1242 2802 inviolabilis
1291 2757 1644 2817 perseveret,
1697 2751 1845 2805 omni

249 2835 529 2907 vigilantia
559 2837 878 2894 elaboratis.
915 2838 1027 2894 Hoc
1050 2850 1230 2895 autem
1255 2841 1493 2895 studium
1515 2850 1569 2896 et
1595 2843 1711 2897 hrec
1730 2843 1842 2896 vir-

251 2938 426 2985 tutum
455 2931 691 3004 insignia
732 2947 839 2988 non
881 2941 1139 3003 tanquam
1169 2934 1454 3004 peregrina
1495 2942 1550 2987 et
1598 2933 1844 2988 laborum

252 3023 445 3078 studiis
468 3033 781 3094 comparata
810 3025 965 3080 vobis
993 3025 1207 3091 adsunt,
1233 3025 1326 3080 sed
1348 3024 1514 3080 veluti
1544 3025 1840 3080 naturalia:

251 3112 522 3183 siquidem
555 3114 804 3186 gloriosa:
843 3115 1121 3172 memoriae
1150 3116 1375 3188 Augusti
1415 3125 1567 3188 pater
1595 3125 1649 3171 et
1687 3132 1840 3184 avus,

251 3214 304 3259 et
328 3207 592 3263 virtutum
618 3210 804 3275 armis,
833 3218 889 3264 et
916 3209 1195 3281 sapientiae
1223 3210 1437 3274 decore,
1473 3217 1528 3265 et
1565 3209 1843 3280 religionis

251 3296 588 3353 sublimitate
630 3299 765 3354 adeo
799 3297 1150 3366 effulserunt,
1189 3307 1249 3354 ut
1291 3299 1553 3354 virtutum
1597 3299 1843 3371 magniﬁ-

251 3386 428 3440 centia
460 3395 516 3442 et
547 3389 757 3457 priores
785 3397 910 3444 ante
954 3405 1013 3444 se
1049 3405 1208 3459 reges
1248 3389 1699 3460 incomparabiles
1738 3390 1841 3446 sibi

251 3486 641 3544 monstrarent,
679 3464 738 3535 et
762 3481 996 3552 posteris
1030 3481 1351 3536 imitationis
1392 3481 1636 3553 exempla
1680 3480 1841 3535 relin-

253 3578 526 3636 querent;
560 3586 588 3625 a
621 3572 816 3641 quibus
838 3581 895 3626 ut
923 3572 1187 3644 originem
1217 3573 1498 3644 sanguinis
1523 3573 1740 3639 ducitis,
1767 3575 1842 3630 ita

252 3659 536 3730 utriusque
564 3662 810 3732 parentis
845 3672 899 3719 et
925 3664 1182 3719 virtutem
1219 3671 1272 3720 ct
1314 3664 1626 3736 religionem
1668 3665 1842 3737 possi-

1953 2463 2020 2517 de
2047 2463 2224 2517 divina
2266 2464 2618 2532 dispositione
2647 2474 2956 2520 sanctorum
2987 2465 3208 2521 Patrum
3254 2467 3534 2538 proferens

1941 2553 2262 2608 testimonia
2289 2554 2500 2619 dicere,
2523 2554 2718 2610 deinde
2746 2555 2812 2610 ad
2837 2557 3326 2625 praedestinationis
3351 2574 3542 2613 narra-

1951 2641 2153 2697 tionem
2197 2644 2382 2699 venire
2419 2662 2432 2698 :
2487 2655 2546 2699 ut
2587 2661 2711 2700 cum
2753 2647 3039 2715 probatum
3080 2648 3246 2704 fuerit
3289 2650 3543 2708 universa

1949 2750 2071 2806 qua:
2097 2745 2358 2807 geruntur
2381 2737 2433 2790 in
2459 2738 2659 2792 mundo
2688 2738 2884 2793 divinae
2911 2740 3332 2809 dispensationis
3359 2759 3540 2801 secre-

1950 2827 2022 2882 tis
2049 2829 2343 2892 moderari,
2372 2827 2582 2882 facilior
2600 2829 2967 2900 intelligentia:
2987 2833 3071 2887 via
3099 2843 3290 2904 pareat
3313 2836 3381 2890 ad
3401 2851 3541 2905 prm-

1950 2918 2327 2974 destinationis
2370 2919 2884 2975 manifestationem.
2938 2922 2995 2977 lu
3042 2938 3150 2994 quo
3192 2939 3359 2996 opere
3401 2928 3544 2982 sicut

1949 3008 2338 3080 magnitudinis
2359 3019 2555 3064 vestrae
2573 3008 2872 3078 jussionem
2901 3013 3124 3083 exsequi
3160 3015 3428 3084 cupimus,
3449 3015 3536 3072 ita

1940 3105 2292 3160 'clementiam
2334 3118 2624 3160 exoramus
2664 3113 2725 3160 ut
2767 3121 2955 3160 eorum
2993 3122 3114 3176 quae
3153 3107 3451 3164 dixerimus
3484 3117 3542 3165 et

1947 3196 2206 3266 probator
2228 3195 2348 3251 sitis
2371 3204 2425 3249 et
2442 3193 2609 3263 judex
2629 3211 2643 3248 :
2667 3204 2722 3250 et
2742 3195 2786 3250 si
2809 3195 2938 3266 quid
2960 3197 3096 3252 bene
3115 3197 3320 3252 dictum
3342 3197 3507 3255 fuerit
3522 3237 3543 3268 ,

1947 3298 2127 3343 vestra
2173 3287 2440 3342 sententia
2491 3285 2875 3354 confirmetur;
2930 3288 2976 3343 si
3023 3288 3152 3358 quid
3202 3304 3331 3344 vero
3377 3289 3540 3348 alita

1944 3381 2100 3436 vobis
2125 3381 2299 3436 visum
2340 3378 2532 3445 fuerit,
2582 3395 2680 3450 per
2720 3396 2813 3435 vos
2844 3382 3232 3452 redarguatur,
3274 3384 3538 3452 nobisque

1945 3473 2297 3528 correctionis
2317 3482 2513 3528 vestrae
2537 3473 2804 3528 sententia
2847 3483 3068 3545 propter
3098 3474 3317 3545 pietatis
3344 3486 3540 3532 vestra

1945 3564 2285 3620 clementiam
2348 3579 2454 3619 non
2508 3565 2904 3631 abscondatur,
2967 3581 3068 3621 nec
3125 3567 3192 3621 ad
3245 3568 3536 3624 multorum

1946 3665 2296 3724 conspectum
2338 3655 2548 3719 veniat,
2589 3656 2691 3710 nisi
2742 3658 3006 3727 sapientia
3053 3667 3233 3712 vestra
3278 3674 3531 3730 compro-

251 3749 408 3806 detis.
443 3726 550 3807 Sed
565 3726 619 3808 'si
647 3755 808 3812 altius
831 3756 1076 3812 volumus
1095 3755 1395 3813 nobilitatis
1415 3726 1618 3813 vestrae
1646 3726 1840 3829 proge-

1949 3747 2160 3801 baverit
2193 3753 2338 3800 recte
2371 3746 2510 3800 dicta
2549 3760 2671 3800 esse
2699 3726 2820 3816 quae
2851 3747 3255 3816 protulerimus.
3300 3749 3364 3804 Et
3391 3726 3537 3821 quod

253 3843 396 3898 niem
442 3845 730 3915 speculari,
779 3847 1024 3904 videmus
1068 3847 1294 3920 originis
1332 3857 1528 3905 vestra:
1557 3857 1841 3904 steuunata

252 3936 529 3993 saecularis
559 3941 810 4011 potentia:
835 3941 1059 4014 gloriam
1089 3958 1305 4016 semper
1329 3943 1606 4015 religionis
1637 3943 1844 4000 honore

253 4028 560 4085 det-orasse.
594 4030 748 4088 Unde
776 4042 992 4090 constat
1015 4050 1112 4090 vos
1135 4051 1240 4090 non
1281 4035 1453 4090 solqu
1482 4036 1645 4106 regali
1671 4037 1844 4107 digni-

252 4128 361 4176 tate
390 4121 758 4193 insignitatem
792 4125 1016 4190 habere,
1059 4127 1152 4182 sed
1184 4135 1238 4181 et
1268 4135 1470 4182 sancta:
1505 4127 1687 4198 stirpis
1717 4141 1843 4196 pro-

249 4214 445 4286 pagine
492 4215 766 4288 religionis
805 4218 1040 4273 studium
1076 4220 1370 4288 possidere.
1427 4218 1590 4288 Cujus
1627 4235 1840 4291 quoque

249 4302 534 4382 religiduis
580 4321 767 4364 arnore
801 4307 1091 4366 humilitati
1135 4319 1336 4368 nostra:
1377 4311 1630 4382 majestas
1659 4321 1839 4368 vestra

1950 3836 2065 3890 haec
2117 3835 2391 3905 postulare
2436 3838 2813 3906 praesumimus
2839 3879 2855 3902 ,
2899 3853 3006 3892 non
3057 3841 3359 3895 temerariae
3392 3856 3532 3911 pra-

1948 3927 2241 3998 sumptioni
2272 3928 2492 3998 deputet
2521 3929 2832 3999 magnitudo
2863 3939 3040 3984 vestra
3062 3969 3077 3995 ,
3114 3931 3209 3985 sed
3239 3931 3528 3988 humilitati

1947 4028 2003 4074 et
2045 4020 2418 4086 verecundiae,
2460 4037 2580 4091 quae
2620 4036 2724 4076 non
2761 4020 2934 4077 solum
2977 4037 3078 4092 pro
3111 4023 3312 4079 erratis
3338 4023 3533 4080 timent

1946 4112 2164 4182 publice
2185 4112 2403 4178 discuti,
2427 4127 2614 4168 verum
2643 4114 2808 4170 etiam
2834 4114 2888 4169 in
2920 4112 3057 4170 bene
3085 4114 3247 4170 dictis
3273 4122 3529 4171 verenti!

1947 4204 2231 4274 publicari.

251 4475 3530 4510 “mm

1483 4618 1790 4697 LIBER
1861 4617 2281 4698 PRIMUS.

1429 4797 1516 4850 DE
1577 4797 1806 4854 DIVINA
1855 4798 2320 4853 DlSPOSITiONE.

323 5049 434 5109 Sed
459 5049 572 5130 jam
602 5052 671 5107 ad
699 5051 1039 5123 propositum
1067 5051 1367 5110 veniamus.
1401 5051 1570 5109 Nemo
1601 5054 1847 5124 quisquis

248 5146 393 5202 bene
418 5145 593 5201 credit
621 5147 673 5200 in
704 5146 897 5215 Deum,
937 5150 1144 5206 dubitat
1170 5153 1455 5223 praesentia
1481 5153 1625 5209 illius
1650 5153 1845 5208 coelum
1887 5219 1896 5224 ς

250 5246 567 5308 terramque
593 5238 878 5306 contineri,
909 5241 1274 5314 mundumque
1301 5246 1635 5314 providentia
1667 5245 1847 5300 divina

1951 5057 2094 5112 nuda
2125 5063 2252 5110 sunt
2280 5062 2335 5110 et
2357 5063 2542 5127 aperta
2563 5055 2737 5112 oculis
2765 5057 2881 5128 ejus
2911 5075 2926 5114 :
2959 5065 3013 5113 et
3034 5057 3125 5129 qui
3149 5059 3331 5116 omnia
3361 5062 3535 5130 novit,

1951 5150 2185 5220 disponit
2210 5149 2462 5204 universa
2500 5147 2686 5219 (Hebr.
2712 5148 2808 5218 Iv).
2845 5169 2864 5201 ι
2899 5147 3046 5206 Unde
3077 5149 3217 5206 liber
3241 5149 3534 5221 Sapientia:

1950 5243 2224 5314 loquitur:
2262 5261 2279 5293 ι
2317 5241 2373 5297 In
2402 5257 2565 5296 manu
2587 5241 2731 5296 enim
2761 5240 2902 5297 illius
2929 5251 2984 5297 et
3014 5258 3134 5309 nos,
3170 5252 3227 5299 et
3254 5259 3535 5300 sermones

253 5330 404 5401 regi;
433 5339 491 5384 et
513 5331 654 5386 sicut
691 5331 823 5387 nihil
854 5332 984 5388 latet
1010 5334 1329 5404 sapieztiam
1361 5334 1497 5404 ejus,
1539 5337 1611 5390 ita
1657 5337 1842 5407 dispo-
1871 5369 1926 5430 D
1949 5336 2146 5401 nostri,
2196 5344 2249 5389 et
2293 5334 2470 5390 omnis
2517 5333 2804 5405 sapientia,
2847 5345 2901 5391 et
2929 5351 3152 5406 operum
3194 5336 3443 5401 scientia,
3479 5346 3537 5408 et

252 5423 382 5478 sitio
411 5423 554 5479 illius
584 5425 834 5480 universa
865 5428 1182 5484 moderatur
1209 5439 1263 5484 et
1303 5430 1457 5500 regit.
1509 5428 1661 5484 Sicut
1699 5431 1842 5486 enim

254 5514 400 5576 nulla
427 5527 510 5570 est
537 5526 784 5573 creatura
814 5519 1025 5576 occulta
1066 5519 1119 5575 in
1152 5532 1441 5592 conspectu
1472 5521 1614 5576 illius
1634 5563 1647 5586 ,
1690 5523 1761 5577 ita
1791 5505 1848 5594 et

255 5606 505 5662 actiones
530 5608 806 5665 hominum
832 5622 886 5667 et
915 5613 1267 5684 cogitationes
1289 5614 1457 5680 novit,
1483 5615 1627 5686 quia.
1655 5631 1846 5682 secun-

256 5701 390 5755 dum
442 5699 737 5773 Scriptura:
792 5705 987 5761 divinae
1040 5708 1468 5763 auctoritatem:
1521 5727 1538 5759 ι
1570 5707 1720 5762 Nulla
1765 5717 1850 5763 est

255 5802 515 5849 creatura
564 5795 852 5853 invisibilis
899 5798 951 5853 in
987 5808 1279 5870 conspectu
1306 5799 1481 5866 illius;
1527 5800 1621 5854 sed
1666 5801 1846 5854 omnia

1950 5429 2229 5499 disciplina
2258 5445 2271 5483 :
2316 5428 2429 5498 ipse
2468 5427 2612 5482 enim
2646 5427 2792 5482 dedit
2823 5428 2951 5483 mihi
2987 5427 3228 5482 omnium
3259 5445 3380 5499 quae
3408 5439 3538 5506 sunt

1917 5524 2227 5592 scientiam
2255 5537 2437 5576 veram
2459 5562 2472 5585 ,
2517 5531 2572 5574 ut
2605 5522 2770 5576 sciam
2811 5521 3219 5592 dispositionem
3250 5521 3401 5576 orbis
3429 5529 3536 5592 ter-

1953 5631 2166 5680 rarum,
2217 5623 2272 5668 et
2313 5613 2565 5668 virtutem
2609 5613 3038 5677 elementorum;
3075 5613 3285 5666 initium
3317 5620 3371 5667 et
3404 5623 3534 5682 conv

1953 5707 2367 5763 summationcm
2394 5716 2447 5762 et
2479 5706 2822 5761 medietatem
2848 5715 3148 5774 temporum
3169 5744 3183 5768 ,
3208 5701 3537 5757 vicissitudi-

1953 5816 2081 5855 num
2112 5799 2558 5870 permutatioues,
2593 5806 2649 5852 et
2675 5795 3170 5852 consummatioues
3209 5804 3536 5865 temporum,
