4088 6344
536 318 610 375 IS
1568 312 1928 373 RATRAMNI
1965 311 2407 373 CORBEIENSIS
2444 313 2748 374 MONACHI
3729 318 3799 375 ιη

538 446 755 490 morum
797 431 1153 496 mutationes,
1196 437 1250 487 et
1279 428 1572 485 divisiones
1611 437 1951 501 temporum:
1992 426 2119 482 anni
2144 427 2200 488 Α
2223 427 2513 485 stinatione
2542 436 2597 485 et
2617 427 2817 486 electos
2842 427 3076 499 disponit
3097 427 3165 485 ad
3188 443 3437 502 regnum,
3458 439 3515 487 et
3529 432 3799 503 reprobos

541 541 736 583 cursus
772 534 828 581 et
857 525 1133 581 stellarum
1166 524 1567 595 dispositiones,
1607 524 1717 578 vim
1741 530 2028 577 ventorum
2064 528 2122 577 et

470 668 473 681 ρ
539 619 897 687 cogitationes
926 617 1227 680 hominum,
1259 614 1615 669 differentiam
1644 614 1899 670 arborum
1931 622 1987 669 et
2010 613 2120 667 vir-

542 719 686 763 tutes
725 710 1001 773 radicum;
1036 715 1091 763 et
1118 721 1453 776 quaecunque
1491 714 1618 761 sunt
1642 707 1901 761 absconsa
1930 712 1987 760 et
2014 704 2119 759 im-

539 802 766 873 przevisa
814 801 973 856 didici
1023 818 1035 853 :
1087 799 1327 854 omnium
1377 798 1521 853 enim
1571 798 1765 853 artifex
1804 796 1989 851 docuit
2035 808 2123 850 me

540 893 805 964 sapientia
838 890 991 963 (Sap.
1028 891 1148 961 vn).
1187 909 1205 943 ι
1241 888 1369 944 Ha-c
1396 889 1500 944 dici
1528 903 1636 943 non
1664 889 1731 943 de
1760 888 1940 957 aliquo
1970 902 2120 942 mor-

540 986 635 1041 tali
685 984 1029 1039 manifestum
1061 991 1175 1048 est,
1222 982 1322 1037 nisi
1368 982 1434 1037 de
1474 980 1590 1036 solo
1618 981 1915 1037 mediatore
1944 980 2040 1036 Dei
2067 989 2125 1036 et

540 1077 842 1141 hominum,
890 1076 981 1147 qui
1026 1092 1093 1131 ex
1140 1090 1206 1131 eo
1237 1075 1380 1146 quod
1420 1074 1596 1128 virtus
1633 1082 1687 1129 et
1728 1072 1991 1144 sapientia
2024 1060 2122 1128 Dei

539 1168 720 1223 Patris
748 1174 851 1230 est,
875 1182 943 1221 ex
968 1181 1035 1222 eo
1065 1176 1244 1221 autem
1275 1165 1417 1236 quod
1449 1166 1611 1220 homo
1639 1163 1815 1219 factus
1839 1172 1946 1229 est,
1971 1179 2123 1219 acce-

539 1257 1016 1330 pituuiversorum
1068 1256 1353 1312 scientiam
1393 1266 1449 1311 et
1494 1252 1944 1327 intelligentiam;
1995 1255 2123 1324 quia

538 1349 838 1405 secundum
865 1347 1142 1419 Evangelii
1177 1346 1628 1417 protestationem
1655 1346 1838 1415 plenus
1874 1345 2044 1415 gratia
2074 1352 2123 1399 et

538 1439 754 1493 veritate
777 1439 1100 1503 consistens,
1132 1437 1273 1493 sicut
1293 1453 1359 1493 ex
1383 1452 1448 1492 eo
1467 1437 1611 1507 quod
1640 1435 1799 1491 homo
1818 1434 1994 1490 factus
2017 1443 2122 1502 est,

539 1543 769 1597 corpore
812 1527 1253 1597 circumscriptus
1276 1526 1408 1591 fuit,
1437 1527 1514 1581 ita
1541 1541 1608 1581 ex
1637 1540 1703 1581 eo
1725 1525 1867 1595 quod
1899 1524 2122 1579 Verbum

540 1632 663 1671 caro
700 1616 899 1686 factum
925 1627 1020 1681 est,
1052 1616 1234 1671 omnia
1256 1629 1594 1685 quaecunque
1623 1623 1748 1669 sunt
1770 1614 2034 1669 absconsa
2067 1620 2125 1668 et

540 1706 847 1777 impraevisa
873 1707 1045 1770 novit,
1075 1714 1131 1761 et
1158 1704 1340 1761 omnia
1365 1703 1648 1776 prospicit,
1685 1710 1741 1758 et
1763 1702 1908 1773 capit
1931 1716 2122 1757 omnes

2220 522 2288 574 ad
2318 535 2529 590 ptenas.

2290 609 2366 665 De
2394 625 2499 680 qua
2526 610 2879 681 dispositione
2906 610 3001 667 Dei
3028 612 3088 666 B.
3121 611 3455 683 Augustinus
3482 614 3537 669 in
3562 614 3701 671 libro
3726 616 3799 673 de

2218 698 2389 755 libero
2408 700 2646 757 Arbitrio
2670 700 2907 772 loquitur
2929 700 3069 773 (cap.
3095 701 3212 773 20),
3248 703 3628 762 demonstrans
3654 708 3797 777 quod

2220 788 2597 845 universorum
2621 791 2955 858 voluntates,
2998 808 3106 847 non
3153 792 3327 848 solum
3364 794 3565 863 bonas,
3606 798 3702 853 sed
3745 806 3803 853 et

2220 878 2411 946 malas,
2441 896 2764 952 quocunque
2804 882 3033 939 voluerit
3058 882 3302 950 inclinat,
3332 893 3389 941 et
3423 887 3541 956 ejus
3573 888 3805 959 disposi-

2221 971 2353 1026 tioni
2378 973 2650 1039 serviunt,
2690 974 2764 1030 ita
2790 974 3019 1030 dlwns:
3050 973 3332 1047 Scriptura
3361 978 3575 1047 divina,
3607 981 3653 1036 si
3683 980 3806 1036 dili-

2221 1071 2412 1133 genter
2450 1062 2793 1134 inspiciatur,
2830 1067 3069 1123 ostendit
3097 1082 3205 1123 non
3243 1068 3386 1125 solas
3419 1070 3590 1127 bonas
3628 1073 3807 1129 homi-

2221 1170 2351 1210 num
2377 1155 2704 1223 voluntates,
2746 1173 2883 1229 quas
2924 1160 3039 1229 ipse
3083 1159 3216 1217 facit
3262 1178 3326 1217 ex
3358 1158 3539 1231 malis,
3589 1174 3644 1221 et
3680 1181 3709 1221 a
3747 1182 3809 1224 se

2221 1244 2396 1302 factas
2434 1247 2605 1302 bonas
2645 1249 2714 1303 ad
2759 1260 2913 1306 actus
2940 1252 3110 1308 bonos
3138 1260 3194 1308 et
3230 1255 3300 1310 ad
3335 1264 3596 1312 aeternam
3623 1258 3811 1327 dirigit

2222 1335 2387 1390 vitam
2414 1377 2430 1402 ,
2485 1352 2673 1393 verum
2717 1340 2881 1395 etiam
2928 1341 3048 1398 illas
3084 1358 3206 1413 quae
3254 1354 3575 1401 conservant
3624 1349 3807 1405 saeculi

2222 1436 2551 1495 creaturam,
2579 1431 2653 1485 ita
2681 1446 2802 1488 esse
2836 1432 2893 1488 in
2922 1433 3017 1490 Dei
3047 1443 3336 1505 potestate,
3363 1445 3423 1493 ut
3450 1453 3545 1495 eas
3576 1455 3685 1511 quo
3713 1457 3811 1495 vo-

2221 1517 2407 1586 luerit,
2430 1522 2647 1589 quando
2680 1522 2929 1590 voluerit,
2958 1523 3124 1581 faciat
3149 1525 3421 1593 inclinari,
3449 1528 3533 1584 vel
3556 1529 3623 1584 ad
3651 1529 3811 1585 bene-

2222 1608 2341 1665 ficia
2362 1611 2690 1681 quibusdam
2721 1615 3048 1683 praestanda,
3072 1615 3156 1670 vel
3179 1617 3247 1671 ad
3273 1599 3461 1686 pénas
3488 1618 3811 1688 quibusdam

2223 1700 2566 1771 ingerendas,
2600 1702 2739 1759 sicut
2775 1704 2891 1774 ipse
2923 1704 3166 1776 judicat,
3193 1707 3564 1765 occultissimo
3591 1710 3811 1780 quidem

540 1796 765 1868 spiritus
787 1795 1170 1867 intelligibiles,
1191 1805 1248 1851 et
1268 1794 1770 1852 sicutnovitomnia
1791 1808 1913 1849 cum
1936 1792 2120 1859 Patre,
2149 1778 2445 1859 Bjudicio,
2486 1793 2580 1849 sed
2622 1794 2739 1849 sine
2783 1795 2892 1850 ulla
2938 1796 3273 1854 dubitatione
3302 1778 3625 1867 justissimo:
3677 1802 3809 1856 Nam

539 1886 615 1942 ita
648 1886 885 1957 disponit
931 1887 1183 1942 universa
1214 1902 1338 1943 cum
1368 1887 1480 1942 illo.
1533 1887 1612 1942 De
1657 1885 1774 1956 ipsa
1813 1892 1996 1941 autem
2036 1900 2125 1941 sa-

537 1977 741 2047 pientia
780 1978 1174 2048 subsequenter
1220 1979 1273 2033 in
1312 1980 1501 2035 eodem
1556 1978 1695 2034 libro
1739 1978 2000 2035 scribitur
2047 1978 2125 2034 ita

534 2069 913 2142 prosequendo
938 2088 950 2123 :
986 2089 1003 2122 ι
1040 2070 1272 2141 Attingit
1297 2081 1476 2126 autem
1509 2070 1707 2141 ubique
1730 2079 1948 2140 propter
1972 2085 2123 2126 suam

540 2161 862 2216 munditiam
904 2159 1125 2231 (Ibid);
1164 2180 1184 2214 ι
1216 2160 1383 2216 item:
1420 2180 1439 2213 ι
1470 2160 1702 2233 Attingit
1738 2175 1770 2215 a
1811 2159 1918 2214 fine
1952 2176 2125 2231 usque

539 2253 607 2307 ad
655 2253 818 2308 tinem
864 2250 1099 2317 fortiter,
1133 2261 1191 2307 et
1220 2250 1460 2323 disponit
1493 2250 1675 2306 omnia
1709 2250 1946 2305 suaviter
1970 2247 2119 2320 (Sap.

532 2345 676 2417 vm).
713 2364 732 2397 ι
772 2345 875 2413 Qui
913 2360 1043 2417 ergo
1080 2345 1262 2400 omnia
1305 2344 1477 2409 novit,
1526 2352 1583 2399 et
1621 2343 1801 2399 omnia
1828 2342 2119 2408 concludit,

536 2436 785 2491 continet
828 2445 990 2507 atque
1036 2434 1307 2507 disponit,
1358 2434 1631 2505 praeterita
1660 2474 1676 2499 ,
1724 2432 2010 2503 praesentia
2068 2438 2124 2486 et

536 2528 717 2583 futura
748 2541 1090 2598 nequaquam
1113 2543 1236 2583 eum
1262 2527 1454 2591 latent,
1494 2526 1634 2581 sicut
1664 2534 1721 2581 et
1748 2525 1996 2594 superius
2022 2524 2119 2591 ait,

531 2622 662 2694 quia
711 2622 921 2677 dederit
964 2620 1213 2686 homini,
1262 2629 1322 2674 ut
1355 2627 1708 2690 cognosceret
1749 2636 1768 2669 ι
1807 2618 2018 2673 initium
2066 2624 2123 2672 et

533 2711 878 2769 medietatem
933 2719 990 2767 et
1040 2710 1568 2767 consummationem
1620 2718 1946 2780 temporum.
1991 2728 2009 2761 ι
2062 2706 2121 2763 Si

431 2832 439 2840 -
533 2804 679 2859 enim
702 2805 805 2859 hoc
838 2804 997 2858 homo
1017 2818 1087 2857 ex
1100 2803 1241 2857 dono
1260 2801 1358 2856 Dei
1377 2800 1697 2871 promeruit,
1724 2808 1927 2869 quanto
1952 2799 2122 2871 magis

534 2895 650 2956 ille,
679 2896 772 2964 qui
815 2895 932 2949 haec
970 2894 1159 2948 tribuit
1197 2891 1474 2963 cognoscit
1506 2910 1519 2945 :
1550 2906 1679 2960 ergo
1716 2891 1841 2960 quia
1878 2890 2029 2945 novit
2068 2897 2122 2945 et

533 2987 829 3059 praeterita,
859 2995 912 3040 et
933 2984 1242 3055 praesentia,
1266 2992 1321 3038 et
1351 2982 1554 3047 futura,
1581 2983 1857 3051 dispensat
1887 2981 1975 3035 illa
2032 2988 2116 3035 at-

535 3090 643 3148 que
671 3074 939 3145 disponit;
959 3082 1014 3128 et
1041 3074 1134 3143 qui
1160 3072 1309 3128 novit
1332 3091 1350 3123 ι
1376 3071 1731 3141 cogitationes
1758 3070 2058 3136 hominum,
2094 3088 2113 3122 ι

2226 1883 2530 1941 invenimus
2559 1886 2737 1957 aliqua
2770 1897 2993 1959 peccata
3026 1890 3190 1946 etiam
3218 1906 3407 1961 pmnas
3436 1907 3557 1949 esse
3583 1894 3811 1949 aliorum

2223 1983 2591 2046 peccatorum,
2630 1977 2772 2034 sicut
2801 1998 2820 2031 ‹
2850 1988 2977 2036 sunt
3000 1995 3131 2036 vasa
3153 1981 3270 2047 ine,
3304 2001 3323 2034 ι
3360 1998 3482 2052 qua:
3505 1983 3639 2039 dicit
3668 1984 3815 2055 Apo-

2224 2066 2416 2131 stolus,
2447 2085 2466 2117 ι
2499 2066 2741 2137 perfecta
2773 2070 2827 2125 in
2867 2071 3226 2140 perditionem
3268 2071 3451 2142 (Rom.
3488 2090 3545 2129 ιι
3568 2114 3584 2140 ,
3620 2074 3748 2145 22);
3787 2094 3806 2127 ι

2224 2156 2367 2213 sicut
2392 2164 2477 2213 est
2496 2156 2769 2214 induratio
2795 2158 3120 2228 Pharaonis,
3148 2160 3304 2231 cujus
3330 2172 3387 2218 et
3414 2179 3579 2220 causa
3606 2164 3812 2221 dicitur

2231 2267 2251 2301 ι
2283 2249 2351 2304 ad
2377 2249 2768 2305 ostendendam
2817 2252 2873 2306 in
2916 2252 3009 2307 illo
3036 2252 3293 2309 virtutem
3330 2253 3429 2310 Dei
3466 2254 3665 2325 (Exod.
3705 2271 3810 2323 vu,

2224 2338 2310 2411 5);
2345 2360 2363 2393 ι
2399 2341 2539 2397 sicut
2568 2349 2652 2399 est
2682 2342 2806 2414 fuga
2842 2343 3209 2401 lsraelitarum
3247 2361 3280 2400 a
3316 2344 3455 2402 facie
3483 2345 3720 2403 hostium
3745 2346 3815 2404 de

2225 2432 2442 2489 civitate
2476 2432 2573 2489 Hai
2603 2433 2739 2506 (los.
2790 2451 2899 2502 vn,
2926 2437 2990 2502 4,
3021 2437 3077 2510 5)
3110 2455 3123 2492 :
3153 2438 3207 2494 in
3238 2438 3421 2495 animo
3447 2441 3593 2496 enim
3636 2439 3814 2499 factus

2224 2533 2308 2581 est
2336 2525 2498 2581 timor
2524 2535 2583 2580 ut
2612 2526 2891 2598 fugerent;
2922 2538 2977 2585 et
2998 2529 3102 2585 hoc
3129 2530 3332 2586 factum
3366 2538 3452 2586 est
3480 2540 3540 2586 ut
3565 2532 3813 2589 vindica-

2224 2626 2375 2672 retur
2418 2626 2699 2687 peceatum
2749 2634 2815 2674 eo
2851 2619 3011 2675 modo
3055 2635 3161 2690 quo
3202 2620 3582 2677 vindicandum
3613 2622 3810 2679 fuerat.

2226 2706 2377 2763 Unde
2403 2707 2539 2762 dixit
2559 2706 2818 2763 Dominus
2844 2708 2911 2762 ad
2938 2707 3125 2764 Iesum
3152 2707 3299 2766 Nave
3326 2728 3339 2764 :
3371 2729 3390 2763 ι
3420 2709 3538 2767 Non
3561 2720 3816 2782 poterunt

2227 2794 2321 2849 filii
2351 2796 2515 2851 Israel
2543 2794 2836 2851 subsistere
2856 2805 2981 2853 ante
3006 2797 3199 2854 faciem
3226 2798 3568 2855 inimicorum
3592 2816 3813 2858 suorum

2230 2886 2417 2957 (lbid.,
2472 2886 2624 2959 12).»
2660 2888 2799 2956 Quid
2827 2897 2911 2945 est
2961 2908 2980 2941 ί
3030 2906 3139 2946 non
3157 2898 3413 2961 poterunt
3437 2891 3808 2949 subsistere?»

2227 2980 2406 3049 Quare
2448 2996 2553 3035 non
2582 2981 2947 3037 subsistebant
2971 2996 3069 3053 per
3096 2982 3327 3039 liberum
3355 2984 3674 3052 arbitrium,
3716 2985 3813 3041 sed

2224 3086 2324 3141 per
2352 3072 2601 3127 timorem
2646 3072 2860 3129 turbata
2884 3073 3159 3130 voluntate
3198 3074 3509 3145 fugiebant,
3542 3077 3648 3132 nisi
3687 3077 3814 3147 quia

530 3167 649 3237 ipse
683 3165 869 3235 utique
900 3163 1137 3233 disponit
1181 3177 1275 3217 eas
1314 3176 1421 3216 non
1462 3160 1635 3216 solum
1674 3161 1878 3223 bonas,
1929 3174 2115 3215 verum
2143 3158 2190 3223 C
2220 3162 2363 3221 Deus
2386 3164 2696 3219 dominatur
2723 3172 2780 3221 et
2814 3164 3184 3222 voluntatibus
3230 3166 3542 3233 hominum,
3582 3177 3638 3224 et
3676 3182 3813 3239 quos

530 3258 697 3315 etiam
743 3266 797 3311 et
836 3255 1026 3311 malas.
1058 3253 1320 3321 Quamvis
1356 3252 1501 3309 enim
1550 3267 1730 3323 prava:
1770 3252 2122 3323 cogitationes

533 3350 814 3406 hominum
847 3364 952 3404 non
977 3348 1085 3402 sint
1114 3362 1145 3400 a
1183 3345 1318 3411 Deo,
1357 3362 1464 3401 non
1490 3354 1669 3401 tamen
1696 3344 1813 3413 ejus
1836 3344 2120 3412 cogitatio-

512 3457 660 3498 nem
719 3438 1022 3511 effugiunt,
1077 3446 1172 3492 aut
1216 3436 1511 3493 voluntatis
1556 3436 1674 3505 ejus
1714 3436 2120 3507 dispositionem

532 3532 1054 3604 transgrediuntur;
1110 3530 1253 3585 unde
1304 3529 1567 3584 bonarum
1626 3529 2012 3600 cogitationum
2068 3537 2123 3584 et

535 3635 725 3682 auctor
742 3630 826 3681 est
846 3632 903 3678 et
926 3622 1226 3685 ordinator,
1257 3620 1523 3675 malarum
1545 3634 1677 3689 vero
1699 3620 1979 3675 ordinator
1997 3628 2122 3674 tan-

514 3729 664 3779 .tum.
694 3734 802 3773 non
831 3731 958 3771 vero
980 3722 1188 3779 auctor,
1213 3714 1337 3784 quia
1372 3732 1391 3765 ι
1424 3712 1642 3783 attingit
1668 3727 1698 3766 a
1725 3712 1829 3767 fine
1858 3728 2026 3784 usque
2054 3712 2120 3768 ad

528 3809 693 3865 finem
739 3808 974 3871 fortiter,
1015 3815 1070 3860 et
1114 3805 1351 3875 disponit
1387 3803 1571 3859 omnia
1608 3803 1864 3858 suaviter.
1903 3824 1923 3856 ι
1971 3803 2123 3859 Sicut

529 3914 660 3967 ergo
690 3899 828 3962 haec,
858 3897 932 3950 ita
954 3896 1118 3952 etiam
1146 3904 1202 3951 et
1223 3893 1517 3950 electorum
1551 3907 1836 3949 numerum
1862 3903 1917 3948 et
1938 3910 2123 3964 repro-

529 3990 723 4046 borum
751 3988 1024 4060 cognovit,
1056 3997 1111 4043 et
1131 3987 1271 4042 sicut
1298 3986 1676 4042 universorum
1706 3988 1987 4043 ordinator
2013 3999 2119 4055 est,

530 4081 613 4139 sic
652 4080 819 4134 etiam
865 4088 920 4133 et
953 4094 1142 4133 eorum
1174 4095 1187 4132 :
1226 4094 1331 4134 nec
1362 4087 1572 4133 tantum
1620 4078 1813 4135 horum
1853 4087 1973 4134 acta
2001 4094 2122 4149 quae.

531 4178 727 4241 gerunt
749 4169 804 4223 in
844 4168 1098 4238 praesenti
1130 4169 1265 4233 vita,
1298 4168 1392 4224 sed
1421 4177 1477 4223 et
1498 4168 1633 4222 fines
1670 4183 1859 4224 eorum
1891 4176 1947 4224 et
1972 4169 2125 4224 novit

530 4271 587 4318 et
627 4261 883 4332 disponit.
935 4260 1181 4327 Qualiter
1207 4270 1389 4315 autem
1425 4258 1492 4314 de
1539 4258 1763 4331 singulis
1808 4268 1963 4330 agat,
2013 4275 2121 4315 non

531 4368 672 4409 novo
700 4350 950 4414 consilio,
978 4365 1078 4404 nec
1118 4364 1254 4404 nova
1287 4349 1613 4420 cogitatione
1641 4348 1906 4419 concipit,
1944 4349 2038 4404 sed
2068 4350 2121 4405 in

530 4444 836 4500 aeternitate
857 4441 1238 4512 dispositiones
1259 4455 1369 4495 suae
1391 4440 1639 4495 universa
1669 4439 2122 4508 quemadmodum

535 4542 799 4606 geruntur
832 4546 928 4603 per
950 4531 1323 4586 successiones
1355 4540 1656 4601 temporum
1682 4529 1941 4600 disposita
1964 4538 2119 4597 sunt;
2149 4502 2201 4562 D

532 4624 695 4693 quia,
719 4623 860 4677 sicut
892 4619 1310 4689 aitApostolus,
1345 4638 1363 4670 c
1387 4618 1530 4689 apud
1559 4618 1729 4675 Deum
1760 4633 1868 4674 non
1894 4629 1977 4675 est
2012 4620 2121 4677 ulla

534 4712 911 4775 commutatio,
946 4725 1046 4764 nec
1086 4708 1476 4765 vicissitudinis
1500 4707 1864 4764 obumbratio.
1904 4728 1923 4761 ι
1971 4709 2124 4766 Sicut

534 4805 679 4860 enim
710 4812 947 4858 aeternus
970 4810 1075 4866 est,
1108 4801 1182 4855 ita
1206 4810 1260 4855 et
1288 4799 1617 4855 aeternaliter
1651 4800 1834 4855 omnia
1855 4802 2038 4868 novit;
2069 4812 2126 4859 et

535 4898 679 4954 sicut
699 4897 881 4951 omnia
909 4894 1317 4965 comprehendit
1338 4934 1353 4958 ,
1398 4894 1472 4947 ita
1505 4894 1746 4949 scientia:
1772 4911 1883 4950 suae
1918 4895 2123 4952 lumine

534 5004 867 5060 quaecunque
912 4996 1066 5053 sunt,
1116 4995 1170 5041 et
1208 4985 1458 5051 fuerunt,
1504 4996 1560 5041 et
1595 4987 1775 5042 futura
1816 4999 1973 5054 sunt,
2012 5005 2118 5045 uno

533 5081 734 5138 intuitu
756 5089 1061 5135 contuetur.
1105 5079 1169 5134 Et
1193 5080 1333 5135 sicut
1362 5079 1496 5133 nihil
1520 5080 1642 5133 novi
1677 5088 1758 5135 est
1782 5081 1919 5151 apud
1945 5081 2118 5146 illum,

534 5170 611 5225 ita
642 5170 693 5224 in
722 5177 922 5224 aeterna
951 5168 1304 5237 dispositione
1323 5168 1623 5225 consistunt
1650 5168 1998 5224 immobiliter
2013 5169 2121 5224 fixa

535 5260 769 5331 qualiter
794 5268 1170 5316 creaturarum
1206 5261 1341 5315 ordo
1376 5276 1473 5331 per
1509 5259 1879 5315 successiones
1918 5267 2123 5331 tempo-

536 5369 659 5409 rum
692 5360 921 5425 agatur:
962 5352 1014 5406 in
1046 5366 1152 5422 qua
1182 5351 1630 5421 sempiternitatis
1666 5350 2017 5420 dispositione
2067 5359 2124 5405 et

535 5442 831 5497 electorum
860 5442 1023 5498 finem
1052 5454 1106 5495 et
1139 5441 1489 5511 reproborum
1515 5440 1794 5511 cognovit,
1816 5447 1871 5495 et
1908 5440 1975 5494 de
2004 5440 2118 5495 sin-

537 5532 679 5605 gulis
694 5534 823 5605 quid
844 5534 1112 5606 agendum
1133 5534 1205 5587 sit
1224 5532 1555 5603 sempiterno
1575 5532 1798 5588 consilio
1815 5533 2121 5589 immutabi-

535 5625 658 5682 liter
672 5627 1088 5683 determinatum
1110 5636 1213 5681 est.
1237 5624 1363 5681 Haec
1377 5634 1556 5679 autem
1575 5628 1887 5697 sempiterni
1909 5630 2122 5687 consilii

534 5717 816 5793 dispositio
840 5717 1244 5787 prtedestinatio
1270 5724 1354 5771 est
1377 5731 1601 5787 operum
1630 5717 1746 5785 Dei,
1780 5735 1882 5789 qua
1917 5723 2123 5793 prede-

2224 3255 2339 3309 vult
2385 3255 2436 3309 in
2485 3254 2834 3311 formidinem
2863 3258 3131 3312 convertit
3167 3256 3373 3313 iratus?
3412 3256 3663 3329 Nunquid
3707 3273 3816 3315 non

2226 3347 2409 3401 hostes
2456 3345 2825 3401 Israelitarum
2868 3347 3129 3402 adversus
3166 3346 3424 3417 populum
3469 3347 3597 3411 Dei,
3651 3362 3815 3419 quem

2224 3433 2457 3491 ducebat
2493 3432 2651 3491 Jesus
2689 3433 2857 3501 Nave,
2889 3450 2988 3491 sua
3029 3434 3311 3491 voluntate
3347 3437 3704 3507 pugnarunt?
3748 3436 3818 3491 Et

2226 3532 2405 3580 tamen
2434 3524 2567 3580 dicit
2596 3524 2902 3596 Scriptura,
2938 3544 2958 3577 ‹
2998 3525 3121 3597 quia
3156 3541 3256 3597 per
3291 3526 3575 3582 Dominum
3606 3526 3813 3584 factum

2224 3630 2308 3676 est
2336 3619 2631 3675 confortari
2659 3634 2754 3675 cor
2775 3633 2985 3683 eorum,
3016 3627 3076 3674 ut
3102 3619 3318 3675 obviam
3347 3620 3491 3676 irent
3520 3620 3589 3677 ad
3614 3620 3813 3675 bellum

2224 3720 2415 3766 contra
2444 3709 2609 3766 Israel
2628 3750 2644 3776 ,
2675 3718 2736 3765 ut
2769 3709 3266 3766 exterminarentur
3295 3709 3442 3781 (los.
3472 3726 3585 3776 xu,
3627 3708 3753 3782 20).
3786 3726 3808 3762 ι

2226 3799 2476 3872 Nunquid
2524 3816 2629 3857 non
2670 3815 2769 3856 sua
2808 3800 3087 3857 voluntate
3133 3801 3296 3856 homo
3344 3801 3624 3871 improbus
3672 3799 3814 3857 filius

2226 3891 2435 3948 Gemini
2466 3890 2823 3946 maledicebat
2860 3892 2973 3962 regi
3015 3890 3228 3946 David?
3269 3891 3338 3946 Et
3367 3900 3547 3946 tamen
3575 3890 3706 3961 quid
3737 3892 3817 3948 ait

2225 3984 2394 4040 David
2424 3983 2611 4053 plenus
2634 3997 2764 4038 vera
2795 3991 2852 4039 et
2876 3981 2984 4037 alta
3015 3983 3321 4052 sapientia?
3356 3984 3484 4052 quid
3512 3984 3589 4039 ait
3620 3984 3693 4039 illi
3720 3986 3814 4056 qui

2225 4074 2634 4130 maledicentem
2660 4081 2946 4144 percutere
2979 4072 3192 4128 voluit?
3224 4092 3242 4125 ι
3272 4072 3411 4140 Quid
3436 4074 3589 4140 mihi,
3616 4075 3812 4145 inquit,

2225 4175 2282 4223 et
2307 4166 2481 4231 vobis,
2521 4164 2615 4218 ﬁlii
2650 4163 2899 4220 Sarviae?
2939 4164 3204 4220 Dimittite
3230 4178 3355 4219 eum
3401 4173 3461 4220 ut
3500 4165 3812 4230 maledicat.

2226 4259 2351 4330 quia
2396 4257 2655 4313 Dominus
2679 4257 2815 4312 dixit
2857 4255 2936 4312 illi
2981 4257 3307 4313 maledicere
3334 4257 3544 4323 David;
3598 4267 3654 4313 et
3691 4258 3813 4330 quis

2228 4352 2371 4406 dicet
2389 4350 2439 4406 ei
2457 4364 2471 4404 :
2491 4349 2670 4418 Quare
2692 4350 2869 4406 fecisti
2890 4349 3007 4405 sic?
3035 4369 3054 4402 ι
3082 4349 3170 4420 (II
3183 4348 3311 4420 Reg.
3340 4348 3580 4421 xv1,l(l.)
3609 4350 3813 4405 Deinde

2229 4443 2506 4512 Scriptura
2540 4442 2721 4498 divina
2758 4441 2975 4513 plenam
3016 4442 3337 4497 sententiam
3370 4442 3515 4511 regis
3553 4442 3703 4497 velut
3743 4443 3811 4499 ab

2226 4535 2332 4589 alio
2362 4534 2513 4590 initio
2533 4534 2829 4604 repetendo
2852 4532 3268 4589 commendans:
3298 4551 3317 4584 ς
3342 4531 3409 4588 Et
3433 4533 3589 4599 dixit,
3613 4534 3809 4606 inquit,

2228 4627 2396 4681 David
2442 4627 2511 4681 ad
2551 4625 2738 4682 Abizai
2786 4635 2843 4680 et
2881 4625 2950 4680 ad
2988 4638 3178 4679 omnes
3226 4638 3425 4694 pueros
3474 4624 3635 4695 ejus:
3670 4626 3813 4684 Ecce

2227 4717 2370 4773 filius
2397 4732 2570 4783 meus,
2596 4716 2688 4786 qui
2708 4716 2879 4772 exivit
2906 4715 2973 4770 de
3002 4723 3160 4771 utero
3182 4728 3328 4781 meo,
3353 4717 3550 4788 quaerit
3574 4719 3811 4774 animam

2226 4823 2433 4869 meam,
2483 4816 2539 4862 et
2571 4806 2748 4861 adhuc
2788 4804 2946 4860 modo
2991 4802 3121 4877 [al.,
3170 4817 3376 4876 quanto
3411 4807 3585 4878 magis
3629 4808 3809 4882 nunc]

2226 4900 2368 4953 ﬁlius
2400 4897 2635 4952 Gemini.
2685 4895 2860 4953 Sinite
2908 4895 3059 4951 illum
3106 4905 3167 4952 ut
3203 4897 3522 4965 maledicat,
3551 4902 3809 4970 quoniam

2227 4990 2365 5045 dixit
2393 4988 2467 5043 illi
2493 4988 2653 5052 Deus,
2672 4996 2731 5042 ut
2753 4988 2929 5042 videat
2948 4987 3206 5043 Dominus
3230 4988 3586 5045 humilitatem
3607 5005 3807 5057 meam,

2227 5090 2282 5134 et
2319 5079 2583 5134 retribuat
2622 5078 2753 5133 mihi
2798 5062 2940 5133 b'ona
2983 5094 3084 5149 pro
3124 5079 3411 5135 maledicto
3453 5078 3571 5149 ejus
3618 5082 3674 5137 in
3720 5082 3811 5139 die

2229 5173 2332 5228 isto
2378 5170 2564 5242 (Ibid.,
2617 5171 2675 5225 ll
2702 5212 2718 5236 ,
2769 5171 2878 5243 η).
2918 5192 2936 5224 ι
2977 5172 3257 5240 Quomodo
3289 5172 3491 5228 dixerit
3548 5174 3809 5231 Dominus

2228 5263 2433 5319 homini
2458 5263 2582 5318 huic
2612 5263 2935 5320 maledicere
2962 5262 3150 5327 David,
3182 5262 3305 5333 quis
3333 5263 3551 5334 sapiens
3570 5273 3626 5319 et
3650 5264 3810 5320 intel-

2228 5354 2399 5425 liget?
2440 5354 2557 5412 Non
2586 5356 2732 5411 enim
2756 5354 2998 5424 jubendo
3022 5354 3158 5410 dixit
3183 5355 3354 5423 Deus,
3388 5356 3479 5412 ubi
3502 5357 3805 5413 obedientia

2226 5447 2569 5514 laudaretur;
2610 5449 2704 5504 sed
2742 5447 2887 5519 quod
2925 5446 3043 5517 ejus
3084 5447 3417 5504 voluntatem
3448 5450 3666 5520 proprio
3706 5464 3809 5507 suo

2224 5541 2357 5597 vitio
2396 5540 2593 5596 malam
2630 5540 2685 5595 in
2726 5540 2829 5595 hoc
2873 5547 3157 5611 peccatum
3202 5540 3407 5611 judicio
3444 5556 3541 5596 suo
3562 5539 3712 5610 justo
3749 5549 3807 5597 et

2223 5633 2436 5689 occulto
2466 5632 2765 5696 inclinavit,
2800 5632 2923 5687 ideo
2952 5633 3153 5688 dictum
3177 5641 3281 5697 est,
3319 5652 3337 5685 ι
3376 5633 3515 5687 dixit
3538 5631 3586 5688 ei
3618 5634 3800 5689 Domi-

2225 5740 2345 5781 nus.
2377 5742 2394 5775 ι
2431 5723 2563 5778 Nam
2606 5723 2650 5777 si
2691 5722 2903 5793 jubenti
2930 5724 3357 5796 obtemperasset
3392 5725 3527 5789 Deo,
3571 5724 3800 5782 laudan.
