4088 6344
270 322 341 391 ,Π
1262 335 1349 396 DE
1386 336 2053 400 PRAEDES’I‘INATIONE
2092 345 2220 403 DEI.
2259 380 2325 390 —
2366 348 2494 405 LIB.
2533 350 2574 405 I.
3460 356 3529 411 l8

267 439 369 495 dus
396 441 577 549 potius
604 456 767 513 quam
793 444 1096 549 puniendus
1119 456 1278 515 esset,
1311 450 1468 517 sicut,
1492 467 1557 507 ex
1586 452 1690 508 hoc
1717 467 1844 524 pec-
1872 455 1926 516 Α
1949 464 2072 523 test,
2091 472 2278 514 eorum
2292 460 2539 530 spiritum
2551 456 3129 549 Dominus.suscitavit,
3144 472 3201 519 et
3225 473 3407 521 tamen
3429 481 3527 522 sua

267 541 451 587 catum
482 532 603 605 [αι.,
641 536 887 609 peccato]
915 545 1103 608 postea
1148 541 1399 597 novimus
1419 558 1541 599 esse
1579 546 1849 615 punitum.

268 623 382 680 Nec
439 640 610 681 causa
654 628 816 683 tacita
862 637 947 685 est
997 646 1099 687 cur
1138 633 1190 688 ei
1242 635 1499 692 Dominus
1546 639 1651 694 isto
1693 640 1854 696 modo

268 714 477 770 dixerit
496 715 821 773 maledicere
846 719 1046 787 David;
1076 722 1179 778 hoc
1203 733 1286 779 est
1307 739 1403 780 cor
1426 725 1542 795 ejus
1572 727 1771 783 malum
1796 729 1853 784 in

266 803 375 861 hoc
423 815 707 877 peccatum
759 809 969 865 miserit
1006 811 1091 867 vel
1129 812 1397 871 dimiserit
1428 834 1442 871 :
1480 836 1505 869 ι
1531 826 1590 872 ut
1634 819 1851 887 videat,

270 898 486 968 inquit,
524 899 785 956 Dominus
823 901 1181 958 humilitatem
1221 920 1397 961 meam
1423 946 1438 972 ,
1487 916 1542 962 et
1590 909 1855 964 retribuat

268 990 405 1045 mihi
435 990 576 1045 bona
601 1005 701 1061 pro
722 990 1009 1048 maledicto
1029 992 1144 1062 ejus
1166 995 1222 1049 in
1246 994 1333 1052 die
1353 996 1475 1052 isto.
1506 1016 1524 1049 ι
1554 997 1692 1054 Ecce
1717 1014 1852 1069 quo-

269 1082 436 1138 modo
465 1084 727 1154 probatur
764 1085 931 1142 Deum
975 1088 1054 1145 uti
1100 1089 1354 1147 cordibus
1383 1099 1440 1146 et
1484 1092 1751 1147 malorum
1788 1093 1856 1149 ad

267 1172 488 1230 laudem
502 1184 662 1246 atque
673 1176 1039 1247 adjumentum
1061 1182 1341 1237 bonorum.
1369 1182 1459 1237 Sic
1472 1198 1603 1239 usus
1621 1192 1704 1239 est
1720 1183 1855 1240 Iuda

268 1265 524 1321 tradente
544 1264 849 1334 Christum;
890 1268 970 1324 sic
997 1284 1126 1325 usus
1154 1280 1238 1326 est
1264 1270 1466 1327 Iudaeis
1492 1272 1855 1345 cruciﬁgenti-

266 1356 375 1410 bus
400 1353 698 1411 Cbristum.
743 1357 811 1411 Et
831 1367 1033 1428 quanta
1064 1360 1187 1416 inde
1211 1361 1349 1415 bona
1379 1363 1631 1432 praestitit
1647 1362 1858 1433 populis

270 1445 605 1502 credituris!
652 1446 755 1513 Qui
791 1458 847 1504 et
885 1449 1001 1519 ipso
1020 1449 1234 1506 diabolo
1270 1451 1441 1507 utitur
1476 1452 1732 1523 pessimo,
1761 1453 1858 1509 sed

266 1541 496 1611 optime,
525 1540 593 1596 ad
612 1543 968 1598 exercendam
989 1551 1044 1599 et
1070 1542 1399 1613 probandam
1422 1544 1579 1600 ﬁdem
1604 1553 1659 1599 et
1680 1545 1857 1615 pieta-

267 1640 382 1687 tem
427 1632 726 1698 bonorum,
757 1648 863 1688 non
895 1633 1031 1699 sibi,
1079 1634 1172 1704 qui
1202 1634 1382 1690 omnia
1427 1635 1529 1691 scit
1565 1644 1856 1706 antequam

269 1722 426 1789 ﬁant,
457 1724 551 1779 sed
579 1724 756 1789 nobis,
786 1723 983 1794 quibus
1002 1732 1120 1779 erat
1144 1725 1512 1781 necessarium
1528 1728 1587 1779 ut
1606 1740 1672 1780 eo
1694 1724 1855 1780 modo

1950 547 2225 605 voluntate
2265 558 2546 605 venerunt.
2579 551 2701 623 Agit
2725 547 2869 608 enim
2900 553 3081 609 omnia
3103 563 3296 624 potens
3318 555 3374 611 in
3403 571 3529 613 cor-

1952 636 2110 694 dibus
2140 640 2415 696 hominum
2451 642 2613 697 etiam
2645 652 2850 699 motum
2873 645 3165 703 voluntatis
3188 645 3402 703 illorum
3422 688 3438 714 ,
3469 657 3534 702 ut

1951 743 2053 799 per
2078 745 2172 787 eos
2208 743 2333 803 agat
2371 734 2512 804 quod
2548 750 2645 805 per
2673 749 2767 791 eos
2793 751 2951 807 agere
2992 738 3106 809 ipse
3131 738 3395 806 voluerit,
3440 740 3568 817 qui‘

1952 821 2171 877 omnino
2198 822 2393 894 injuste
2415 824 2614 895 aliquid
2642 826 2778 881 velle
2801 842 2907 883 non
2930 830 3097 885 novit.
3129 829 3266 897 Quid
3286 839 3373 887 est
3391 831 3537 900 quod

1954 911 2117 966 homo
2150 912 2243 969 Dei
2289 915 2426 970 dixit
2464 919 2531 971 ad
2561 916 2839 973 Amaziam
2871 934 3090 991 regem:
3130 939 3148 972 ‹
3192 918 3307 975 Non
3351 921 3539 976 veniat

1957 1012 2134 1061 tecum
2161 1010 2433 1065 exercitus
2459 1009 2622 1065 Israel
2657 1028 2669 1063 :
2702 1026 2810 1066 non
2837 1019 2920 1067 est
2952 1013 3095 1067 enim
3122 1013 3382 1068 Dominus
3412 1027 3539 1068 cum

1955 1094 2120 1151 Israel
2147 1104 2202 1152 et
2226 1100 2477 1156 omnibus
2501 1099 2623 1156 ﬁliis
2651 1098 2883 1171 Ephrem
2912 1121 2924 1155 ε
2961 1103 3216 1171 quoniam
3243 1104 3285 1158 si
3307 1111 3536 1173 putave-

1956 1186 2035 1242 ris
2069 1187 2315 1244 obtinere
2353 1198 2408 1245 te
2431 1189 2485 1244 in
2515 1189 2640 1257 illis,
2688 1190 2741 1244 in
2775 1188 2957 1262 fugam
2990 1199 3269 1247 convertet
3311 1201 3364 1247 te
3394 1192 3540 1247 Deus

1956 1288 2083 1334 ante
2112 1280 2378 1347 inimicos,
2407 1284 2663 1353 quoniam
2696 1295 2779 1338 est
2804 1284 2979 1339 virtus
3025 1284 3139 1338 Deo
3164 1284 3246 1339 vel
3277 1284 3538 1354 adjuvare

1957 1371 2043 1426 vel
2064 1372 2116 1427 in
2130 1371 2311 1444 fugam
2337 1375 2592 1430 vertere?
2619 1394 2637 1428 ι
2663 1375 2751 1448 (ΙΙ
2772 1373 2902 1430 Par.
2935 1392 3062 1442 xxv,
3088 1375 3233 1449 7,8.)
3259 1375 3540 1444 Quomodo

1955 1461 2128 1518 virtus
2159 1463 2256 1519 Dei
2289 1463 2423 1520 alios
2454 1464 2667 1536 adjuvat
2694 1466 2747 1521 in
2774 1465 2913 1521 bello
2938 1466 3115 1522 dando
3135 1468 3214 1521 eis
3244 1466 3495 1522 ﬁduciam
3520 1509 3536 1531 ,

1958 1551 2092 1608 alios
2133 1553 2375 1610 immisso
2400 1555 2594 1610 timore
2632 1555 2796 1611 vertit
2825 1557 2878 1609 in
2916 1554 3127 1627 fugam,
3163 1556 3267 1611 nisi
3298 1556 3422 1625 quia
3455 1555 3544 1609 ille

1963 1662 1983 1695 ς
2014 1645 2103 1713 qui
2139 1644 2193 1699 in
2236 1645 2375 1700 caelo
2409 1654 2465 1700 et
2502 1646 2557 1701 in
2599 1655 2745 1702 terra
2783 1646 2965 1701 omnia
3003 1660 3336 1716 quzecunque
3374 1644 3544 1700 voluit

1963 1732 2091 1790 fecit
2117 1733 2286 1807 (Psal.
2317 1751 2535 1803 cxxxrv,
2562 1735 2639 1808 6),
2670 1757 2688 1785 ι
2718 1736 2882 1791 etiam
2908 1740 2959 1791 in
2983 1737 3259 1792 hominum
3287 1737 3543 1792 cordibus

269 1824 527 1888 ageretur
554 1818 858 1873 nobiscum.
907 1816 1157 1887 Nunquid
1186 1833 1293 1872 non
1321 1833 1421 1873 sua
1449 1817 1724 1874 voluntate
1749 1818 1856 1873 Ab-
1882 1811 1933 1873 B
1958 1834 2231 1896 operatur.
2258 1825 2513 1898 Legimus
2542 1826 2672 1898 quid
2701 1828 2897 1883 dixerit
2920 1827 3065 1893 Joas,
3085 1843 3181 1883 rex
3198 1827 3384 1893 Israel,
3412 1827 3540 1881 mit-

271 1909 445 1965 salom
469 1909 633 1980 elegit
673 1910 956 1965 consilium
987 1910 1129 1979 quod
1168 1909 1270 1965 sibi
1308 1909 1537 1966 oberat?
1571 1910 1639 1965 Et
1678 1920 1857 1968 tamen

268 2000 396 2055 ideo
440 1999 597 2065 fecit,
644 2000 774 2071 quia
816 1999 1135 2055 exaudierat
1181 2000 1441 2058 Dominus
1488 2000 1607 2071 ejus
1646 2012 1857 2073 patrem

256 2100 523 2147 rorantem
550 2099 611 2146 ut
643 2091 745 2147 hoc
776 2090 951 2146 ﬁeret.
991 2090 1221 2162 Propter
1243 2093 1389 2163 quod
1423 2095 1499 2149 ait
1539 2093 1855 2166 Scriptura:

275 2200 296 2235 ι
328 2182 394 2239 Ει
427 2183 687 2239 Dominus
742 2184 1021 2239 mandavit
1041 2184 1305 2254 dissipare
1329 2186 1612 2241 consilium
1641 2186 1862 2243 Achito—

269 2273 399 2346 phel
431 2276 651 2339 bonum,
667 2285 729 2330 ut
751 2276 968 2331 inducat
982 2275 1241 2333 Dominus
1261 2292 1422 2349 super
1442 2278 1693 2334 Absalom
1717 2279 1859 2335 mala

266 2368 455 2424 omnia
470 2366 556 2438 (II
579 2367 705 2439 Reg.
730 2384 867 2434 xvn,
890 2368 1001 2440 M).
1031 2388 1049 2421 ι
1079 2388 1096 2421 ι
1128 2369 1333 2425 Bonum
1355 2370 1636 2426 consilium
1660 2390 1679 2423 ι
1700 2371 1853 2437 dixit,

250 2457 418 2528 .qnod
441 2458 511 2512 ad
542 2467 750 2529 tempus
778 2459 1035 2527 proderat
1063 2474 1239 2515 causa:
1261 2500 1277 2526 ,
1309 2461 1435 2530 quia
1462 2478 1561 2533 pro
1591 2462 1707 2533 ipso
1742 2473 1861 2519 erat

271 2560 463 2604 contra
510 2558 720 2620 patrem
749 2548 895 2618 ejus,
942 2559 1132 2606 contra
1176 2566 1337 2621 quem
1378 2553 1760 2620 rebellaverat,
1800 2564 1862 2610 ut

269 2656 396 2695 eum
420 2651 610 2711 posset
637 2642 962 2713 opprimere,
987 2644 1093 2699 nisi
1116 2643 1376 2700 Dominus
1398 2646 1681 2701 consilium
1703 2646 1862 2704 dissi-

270 2740 459 2799 passet
517 2732 671 2800 quod
700 2732 924 2788 dederat
960 2733 1315 2805 Acbitophel,
1347 2736 1555 2807 agendo
1594 2737 1650 2791 in
1699 2738 1861 2794 corde

272 2820 555 2888 Absalom,
593 2832 653 2877 ut
672 2821 780 2877 tale
803 2822 1083 2878 consilium
1116 2824 1442 2892 repudiaret,
1466 2832 1522 2879 et
1547 2825 1691 2881 aliud
1720 2827 1862 2895 quod

271 2912 327 2966 ei
358 2927 462 2967 non
516 2913 840 2983 expediebat
893 2914 1119 2985 eligeret
1156 2914 1345 2987 (Ibid.,
1408 2917 1524 2989 21).
1576 2917 1707 2985 Quis
1755 2933 1861 2973 non

260 3004 380 3069 ista
425 3004 608 3060 divina
650 3005 853 3076 judicia
882 3007 1300 3073 contremiscat,
1344 3009 1539 3078 quibus
1582 3010 1692 3081 agit
1721 3011 1862 3067 Deus

271 3095 442 3152 etiam
482 3097 538 3152 iu
568 3097 821 3153 cordibus
846 3096 1109 3152 malorum
1136 3098 1415 3154 hominum
1441 3100 1701 3171 quidquid
1724 3101 1858 3167 vult,

279 3191 516 3246 reddens
562 3190 643 3246 eis
684 3198 865 3245 tamen
903 3190 1198 3246 secundum
1245 3191 1439 3246 merita
1477 3194 1706 3247 eorum?
1756 3194 1863 3250 Ro-
1889 3173 1934 3238 ο

270 3282 437 3338 beam
461 3323 477 3347 ,
526 3281 671 3337 ﬁlius
714 3280 1041 3347 Salomonis,
1088 3281 1293 3352 respuit
1326 3282 1612 3338 consilium
1647 3283 1865 3341 salubre

266 3370 554 3431 seniorum
586 3371 730 3441 quod
773 3371 824 3426 ei
863 3370 1161 3437 dederant,
1210 3387 1280 3428 ne
1320 3388 1444 3428 cum
1490 3374 1689 3445 populo
1729 3375 1864 3431 dure

272 3470 484 3533 ageret,
508 3471 565 3517 et
592 3462 775 3517 verbis
796 3476 1100 3517 coaevorum
1122 3477 1342 3518 suorum
1365 3463 1544 3534 potius
1571 3467 1861 3536 acquievit,

276 3555 656 3625 respondendo
703 3554 987 3610 minaciter
1030 3555 1230 3626 quibus
1275 3556 1474 3613 leniter
1512 3558 1698 3614 debuit
1742 3558 1861 3632 (III

274 3660 408 3718 λιες.
434 3664 534 3713 xu,
560 3647 593 3702 6
625 3647 790 3719 seq.).
836 3646 989 3704 Unde
1017 3649 1120 3704 hoc
1151 3648 1255 3705 nisi
1303 3651 1522 3722 propria
1548 3651 1867 3707 voluntate?

274 3736 383 3791 Sed
423 3737 550 3793 hinc
579 3738 648 3791 ab
679 3752 745 3792 eo
776 3747 1121 3793 recesserunt
1145 3737 1329 3793 decem
1362 3740 1534 3795 tribus
1578 3739 1773 3808 Israel,
1813 3752 1867 3799 et

272 3829 445 3899 alium
493 3844 678 3901 regem
709 3830 814 3886 sibi
859 3831 1259 3886 constituerunt
1293 3828 1609 3898 Jeroboam,
1654 3842 1714 3888 ut
1741 3833 1866 3890 irati

270 3920 377 3988 Dei
407 3921 657 3977 voluntas
685 3921 872 3987 ﬁeret,
914 3920 1059 3992 quod
1099 3921 1263 3976 etiam
1290 3921 1530 3977 futurum
1568 3938 1689 3979 esse
1731 3939 1869 3994 pra:-

278 4015 513 4072 dixerat.
540 4014 677 4082 Quid
692 4015 836 4072 enim
853 4014 1131 4084 Scriptura
1154 4014 1324 4070 dicit?
1347 4032 1370 4069 ι
1402 4013 1518 4070 Νοη
1547 4017 1750 4072 audivit
1772 4032 1868 4073 rex

270 4109 493 4182 plebem
512 4147 529 4173 ,
570 4108 829 4178 quoniam
854 4115 976 4165 erat
1001 4107 1285 4164 conversio
1318 4122 1348 4161 a
1375 4106 1628 4173 Domino,
1658 4116 1719 4162 ut
1752 4116 1867 4163 sta-

277 4207 459 4257 meret
485 4199 710 4254 verbum
734 4214 891 4255 suum
916 4198 1061 4267 quod
1085 4197 1299 4253 locutus
1325 4205 1411 4253 est
1440 4197 1494 4251 in
1527 4212 1689 4252 manu
1713 4198 1869 4254 ΑΙιίω

276 4287 525 4345 εἰιοηίῑίε
561 4289 629 4344 de
669 4286 955 4343 Jeroboam
995 4286 1107 4342 ﬁlio
1159 4286 1371 4341 Nabath
1415 4285 1604 4357 (Ibid.,
1648 4287 1793 4358 l59).
1841 4306 1860 4340 ι

274 4379 484 4451 Nempe
514 4379 595 4435 sic
625 4377 829 4435 factum
852 4378 983 4434 illud
1011 4385 1097 4433 est
1120 4392 1216 4448 per
1244 4376 1480 4431 hominis
1502 4376 1830 4432 voluntatem
1849 4416 1866 4441 ,

276 4481 341 4530 ut
364 4481 551 4527 tamen
570 4490 589 4524 ι
616 4471 896 4528 conversio
915 4490 933 4522 ι
950 4478 1095 4526 esset
1112 4489 1130 4522 ι
1154 4469 1445 4525 aDomino.
1464 4487 1483 4520 ι
1500 4467 1687 4539 Legite
1702 4468 1868 4524 libros

1960 1924 2080 1971 tens
2104 1916 2352 1971 nuntium
2379 1917 2447 1971 ad
2486 1915 2764 1971 Amaziam
2794 1931 2974 1988 regem
3001 1916 3269 1971 volentem
3299 1928 3542 1991 pugnare

1959 2020 2083 2061 cum
2110 2005 2222 2061 illo.
2265 2004 2402 2059 Nam
2427 2013 2549 2076 post
2578 2004 2756 2075 aliqua
2779 2006 2915 2060 dixit
2939 2024 2953 2059 :
2985 2023 3004 2057 ι
3038 2004 3190 2060 Nunc
3219 2006 3347 2061 sede
3368 2006 3424 2060 in
3449 2003 3545 2060 do-

1959 2110 2050 2151 mo
2078 2104 2190 2150 tua.
2219 2095 2358 2162 Quid
2386 2109 2647 2165 provocas
2670 2096 2725 2149 in
2764 2104 2819 2150 te
2856 2096 3089 2161 malum,
3124 2104 3177 2150 et
3207 2097 3370 2151 cades
3402 2106 3455 2151 tu
3487 2105 3544 2152 et

1959 2184 2125 2241 ludas
2144 2186 2357 2241 tecum?
2381 2204 2400 2238 ι
2423 2184 2531 2258 (IV
2555 2185 2685 2258 Reg.
2707 2202 2819 2252 xiv,
2847 2187 2900 2253 9,
2916 2187 3027 2259 10.)
3044 2188 3243 2244 Deinde
3263 2187 3545 2258 Scriptura

1960 2278 2278 2349 subiunxit:
2318 2296 2337 2330 ι
2373 2276 2441 2332 Et
2471 2292 2576 2333 non
2619 2278 2823 2333 audivit
2871 2278 3157 2345 Amazias,
3204 2280 3462 2350 quoniam
3511 2294 3545 2334 a

1962 2366 2074 2421 Deo
2095 2375 2215 2420 erat
2247 2375 2306 2420 ut
2336 2367 2641 2423 traderetur
2660 2367 2713 2422 in
2735 2367 2933 2423 malum
2954 2368 3072 2441 [al.,
3107 2370 3160 2424 in
3190 2384 3382 2424 manus
3405 2366 3545 2442 ejus]

1963 2457 2049 2530 (II
2068 2457 2198 2513 Par.
2222 2475 2310 2525 xv,
2329 2459 2418 2525 l9,
2433 2459 2550 2533 20),
2566 2461 2817 2530 quoniam
2834 2461 3160 2532 quzesierunt
3174 2461 3305 2517 deos
3324 2461 3493 2516 Edon.
3517 2480 3537 2513 ι

1960 2548 2101 2605 Ecce
2148 2548 2291 2605 Deus
2341 2549 2530 2605 volens
2571 2549 2885 2606 idololatria:
2921 2560 3207 2620 peccatum
3246 2551 3543 2615 vindicare,

1962 2638 2067 2693 hoc
2113 2647 2368 2709 operatus
2416 2647 2500 2695 est
2546 2639 2600 2694 in
2647 2640 2765 2711 ejus
2812 2640 2994 2706 corde,
3036 2641 3123 2695 cui
3166 2640 3351 2711 utique
3395 2638 3545 2707 juste

1964 2727 2323 2795 irascebatur,
2343 2736 2403 2783 ut
2430 2729 2847 2785 admonitionem
2879 2729 3150 2785 salubrem
3178 2744 3285 2785 non
3306 2729 3544 2793 audiret,

1961 2817 2059 2873 sed
2089 2834 2151 2874 ea
2189 2829 2499 2889 contempta
2527 2821 2630 2875 iret
2659 2821 2712 2875 in
2736 2820 2955 2887 bellum,
2995 2822 3084 2877 ubi
3115 2837 3237 2877 cum
3266 2837 3365 2876 suo
3391 2835 3551 2875 exer-

1964 2910 2073 2964 citu
2103 2910 2340 2965 caderet.
2366 2908 2472 2966 Per
2498 2910 2834 2966 Ezechielem
2863 2912 3184 2982 prophetam
3205 2912 3337 2968 dicit
3359 2912 3542 2967 Deus:

1970 3020 1989 3054 ι
2021 3001 2089 3057 Ει
2117 3002 2379 3073 propheta
2409 3003 2457 3059 si
2484 3004 2768 3071 erraverit,
2792 3013 2846 3058 et
2871 3003 3082 3060 locutus
3108 3003 3290 3071 fuerit,
3316 3020 3417 3076 ego
3438 3004 3547 3060 Do-

1967 3094 2144 3148 minus
2167 3093 2352 3149 seduxi
2382 3094 2699 3165 prophetam
2723 3094 2869 3150 illum
2887 3136 2902 3162 ,
2932 3103 2988 3151 et
3019 3096 3303 3151 extendam
3325 3111 3547 3152 manum

1966 3198 2143 3239 meam
2186 3198 2349 3255 super
2382 3199 2544 3252 eum,
2589 3195 2645 3240 et
2676 3186 3049 3243 exterminabo
3090 3202 3213 3242 eum
3256 3186 3325 3243 de
3368 3186 3548 3243 medio

1963 3275 2145 3347 populi
2171 3277 2278 3332 mei
2305 3276 2467 3332 Israel
2495 3277 2711 3345 (Ezech.
2750 3296 2863 3344 xiv,
2902 3279 2979 3352 9).
3012 3299 3031 3331 ι
3066 3280 3121 3335 1η
3166 3281 3306 3336 libro
3348 3281 3548 3337 Esther

1963 3368 2222 3438 scriptum
2251 3376 2338 3423 est
2372 3369 2515 3439 quod
2543 3369 2736 3425 mulier
2769 3386 2834 3426 ex
2866 3372 3063 3442 populo
3102 3371 3266 3428 Israel
3297 3372 3351 3427 in
3398 3382 3547 3428 terra

1962 3458 2289 3529 captivitatis
2311 3458 2453 3515 facta
2480 3468 2598 3515 erat
2622 3475 2761 3517 uxor
2787 3462 3100 3534 alienigena:
3120 3464 3262 3535 regis
3283 3465 3505 3520 Assueri
3528 3478 3544 3518 :

1963 3561 2095 3617 ergo
2139 3548 2195 3603 in
2238 3548 2357 3618 ejus
2399 3549 2537 3605 libro
2570 3551 2834 3621 scriptum
2868 3561 2952 3607 est
2982 3553 3119 3625 (cap.
3152 3569 3245 3619 ιιι,
3285 3554 3359 3625 rv)
3398 3554 3545 3624 quod

1964 3654 2087 3695 cum
2127 3642 2352 3697 haberet
2379 3644 2754 3717 necessitatem
2798 3645 3188 3701 intervenieudi
3222 3663 3321 3717 pro
3349 3648 3548 3718 populo

1965 3748 2097 3799 suo,
2128 3748 2289 3803 quem
2326 3749 2422 3789 rex
2447 3735 2756 3805 ubicunque
2792 3736 2847 3791 in
2878 3752 3045 3808 regno
3066 3738 3185 3809 ejus
3215 3747 3388 3804 esset,
3426 3737 3547 3807 jus.

1965 3832 2114 3879 serat
2155 3825 2430 3892 trucidari,
2460 3827 2634 3881 oravit
2662 3828 2730 3883 ad
2755 3826 3039 3883 Dominum
3070 3847 3083 3883 :
3132 3830 3357 3902 cogebat
3397 3830 3545 3886 enim

1964 3929 2084 3970 eam
2129 3929 2324 3985 magna
2368 3915 2683 3981 necessitas,
2731 3924 2789 3971 ut
2831 3925 3028 3986 praeter
3053 3916 3267 3986 jussum
3304 3919 3446 3990 regis
3488 3928 3547 3974 et

1964 4014 2161 4076 praeter
2204 4006 2448 4061 ordinem
2487 4019 2643 4061 suum
2683 4006 2751 4061 ad
2793 4007 2942 4062 illum
2980 4008 3204 4064 auderet
3240 4009 3547 4075 intrare,et

1964 4095 2088 4151 vide
2132 4094 2261 4164 quid
2303 4094 2579 4165 Scriptura
2631 4096 2816 4151 dicat:
2853 4116 2873 4148 ε
2909 4097 2977 4152 Et
3025 4099 3250 4154 intuitus
3295 4109 3380 4156 est
3421 4116 3544 4155 eam

1966 4192 2221 4253 tanquam
2253 4193 2439 4241 taurus
2467 4184 2521 4239 in
2562 4185 2763 4255 impetu
2804 4186 3186 4259 indignationis
3214 4205 3352 4256 suae,
3381 4199 3436 4245 et
3472 4192 3543 4245 ti-

1966 4276 2104 4332 muit
2130 4275 2335 4346 regina,
2366 4286 2423 4331 et
2442 4291 2738 4333 conversus
2763 4286 2847 4334 est
2876 4279 3025 4335 color
3049 4281 3166 4351 ejus
3193 4298 3291 4352 per
3318 4283 3544 4338 dissolu-

1967 4372 2192 4437 tionem,
2220 4379 2276 4426 et
2314 4370 2592 4426 inclinavit
2623 4386 2682 4427 se
2730 4386 2891 4442 super
2931 4384 3094 4443 caput
3128 4375 3377 4431 delicata:
3405 4392 3543 4441 suae,

1968 4481 2089 4535 qua:
2110 4463 2451 4535 praecedebat
2469 4479 2609 4520 eam.
2651 4465 2720 4519 Et
2744 4467 3013 4522 convertit
3035 4467 3198 4532 Deus,
3226 4477 3280 4524 et
3305 4477 3546 4525 transtu-

277 4561 732 4633 Paralipomenon
753 4602 771 4627 ,
816 4570 872 4616 et
908 4560 1192 4617 invenietis
1219 4560 1275 4615 in
1301 4559 1538 4615 secundo
1567 4537 1705 4616 libro
1732 4560 1868 4615 scri-
1894 4537 1947 4599 Ῑ)
1970 4555 2031 4612 lit
2068 4555 2486 4626 indignationem
2534 4554 2652 4626 ejus
2699 4556 2754 4610 in
2782 4556 3057 4613 lenitatem
3101 4557 3316 4627 (Esther
3349 4575 3403 4622 ν,
3439 4574 3541 4611 sec.

277 4662 469 4724 ptum:
501 4672 522 4706 ι
555 4661 612 4708 et
636 4652 920 4709 suscitavit
945 4650 1206 4708 Dominus
1229 4664 1392 4720 super
1411 4648 1593 4705 Joram
1616 4649 1865 4719 spiritum

278 4744 575 4803 Philistiim
596 4753 655 4801 et
674 4744 932 4810 Arabum,
961 4744 1053 4815 qui
1076 4742 1287 4798 ﬁnitimi
1309 4750 1467 4797 erant
1491 4740 1834 4812 Ethiopibus
1852 4760 1870 4797 :

279 4848 337 4897 et
353 4840 717 4896 ascenderunt
743 4840 799 4895 in
827 4846 1029 4895 terram
1054 4835 1212 4903 Juda,
1235 4845 1290 4892 et
1310 4836 1709 4906 dissipaverunt
1724 4848 1866 4900 eam,

276 4938 339 4985 et
362 4937 854 5000 ceperuntomnem
877 4928 1231 4983 substantiam
1249 4942 1369 4997 qua:
1383 4926 1437 4981 in
1454 4925 1614 4980 domo
1631 4925 1774 4996 regis
1789 4926 1870 4979 in-

277 5030 440 5083 venta
462 5018 647 5092 est(II
670 5017 803 5074 Par.
825 5018 1043 5086 “1,16,
1069 5017 1176 5089 l7).
1211 5037 1230 5071 ι
1260 5017 1359 5073 Hic
1378 5016 1679 5073 ostenditur
1698 5016 1865 5072 Deum

278 5111 551 5167 suscitare
587 5110 773 5166 hostes
800 5111 879 5165 eis
906 5110 1068 5165 terris
1092 5108 1371 5164 vastandis
1397 5122 1533 5178 quas
1574 5106 1665 5161 tali
1705 5120 1867 5177 poma

275 5202 487 5279 judicat
505 5201 716 5273 dignas.
735 5201 986 5272 Nunquid
1023 5210 1200 5257 tamen
1212 5198 1499 5255 Philistiim
1519 5209 1576 5254 et
1595 5197 1866 5254 Arabesin

280 5303 488 5351 terram
503 5292 743 5349 Iudaeam
764 5293 1127 5363 dissipandam
1155 5291 1272 5346 sine
1295 5303 1392 5345 sua
1412 5289 1687 5344 voluntate
1705 5302 1870 5344 vene-

279 5396 442 5452 runt,
483 5395 580 5441 aut
598 5386 678 5442 sic
700 5394 962 5442 venerunt
987 5401 1081 5441 sua
1104 5382 1412 5447 voluntate,
1454 5388 1513 5435 ut
1540 5380 1869 5436 mendaciter

276 5477 544 5547 scripturn
568 5476 639 5531 sit
659 5475 801 5546 quod
826 5494 844 5527 ι
876 5476 1134 5541 Dominus
1165 5493 1184 5526 ι
1224 5474 1291 5529 ad
1317 5474 1420 5528 hoc
1452 5470 1758 5526 faciendum
1777 5485 1871 5526 eo-

278 5585 404 5628 rum
424 5590 443 5622 ι
462 5569 715 5640 spiritum
736 5568 1086 5624 suscitavit?»
1107 5567 1219 5622 Imo
1240 5575 1531 5636 utrumque
1552 5578 1740 5619 verum
1761 5572 1867 5630 est,

280 5663 412 5734 quia
441 5670 498 5718 et
527 5676 625 5715 sua
670 5661 944 5717 voluntate
973 5667 1259 5725 venerunt,
1306 5668 1363 5713 et
1402 5666 1581 5712 tamen
1618 5655 1866 5726 spiritum

278 5766 477 5825 eorum
509 5750 767 5809 Dominus
804 5751 1099 5809 suscitavit.
1152 5749 1307 5818 Quod
1334 5748 1498 5804 etiam
1536 5746 1616 5804 sic
1642 5746 1744 5803 dici
1776 5761 1873 5819 po-

1969 4645 2163 4719 LXX).
2177 4666 2195 4700 ›
2206 4647 2478 4719 Scriptqu
2492 4656 2578 4703 est
2589 4656 2645 4702 et
2657 4648 2711 4703 in
2727 4647 3032 4705 Proverbiis
3044 4648 3346 4704 Salomonis
3364 4666 3410 4702 ε(
3433 4648 3551 4703 Sic-

1970 4751 2029 4796 ut
2054 4743 2286 4813 impetus
2310 4757 2481 4812 aquaa,
2506 4742 2585 4797 sic
2599 4740 2695 4796 cor
2716 4742 2859 4813 regis
2886 4743 2940 4798 in
2967 4757 3128 4797 manu
3151 4741 3277 4804 Dei;
3307 4756 3547 4810 quocun-

1969 4850 2075 4906 que
2110 4833 2342 4889 voluerit
2386 4833 2675 4889 declinabit
2721 4834 2847 4890 illud
2890 4834 3071 4900 (Prov.
3100 4851 3214 4900 xxi,
3244 4836 3317 4903 l).
3340 4854 3361 4888 ι
3396 4843 3460 4890 Et
3488 4836 3542 4889 in

1970 4922 2179 4994 psalmo
2205 4938 2291 4977 crv
2335 4922 2534 4994 legitur
2571 4924 2772 4979 dictum
2803 4925 2868 4979 de
2903 4922 3172 4994 Egyptiis
3199 4926 3326 4994 quid
3356 4925 3551 4983 fecerit

1974 5013 2056 5070 eis
2095 5012 2237 5068 Deus
2266 5031 2279 5067 :
2310 5030 2328 5064 ι
2364 5012 2433 5067 Et
2465 5014 2729 5068 convertit
2769 5029 2862 5069 cor
2897 5028 3085 5068 eorum
3116 5023 3174 5069 ut
3199 5015 3413 5071 odirent
3453 5031 3552 5085 po-

1972 5104 2156 5175 pulum
2217 5103 2375 5174 ejus,
2446 5112 2502 5159 et
2545 5104 2723 5159 dolum
2772 5103 3011 5160 facerent
3061 5106 3115 5162 in
3184 5123 3374 5163 servos
3418 5109 3539 5177 ejus

1971 5194 2145 5267 (Paul.
2177 5210 2285 5258 Civ,
2321 5193 2438 5267 25).
2476 5214 2494 5247 ι
2548 5194 2605 5249 In
2660 5195 2851 5250 litteris
2888 5196 3051 5252 etiam
3078 5198 3387 5267 apostolicis
3412 5199 3537 5251 vide

1972 5302 2093 5364 quae
2114 5285 2312 5357 scripta
2356 5295 2485 5341 sunt
2521 5288 2572 5341 in
2615 5284 2852 5355 Epistola
2882 5285 3031 5341 Pauli
3073 5288 3298 5359 apostoli
3336 5289 3403 5343 ad
3434 5288 3546 5344 Ro-

1971 5378 2198 5434 manos:
2233 5397 2251 5431 ‹
2287 5379 2573 5449 Propterea
2603 5377 2822 5433 tradidit
2850 5379 2968 5435 illos
2998 5379 3141 5436 Deus
3172 5381 3228 5435 in
3265 5380 3534 5435 desideria

1970 5468 2151 5525 cordis
2175 5482 2361 5524 eorum
2383 5470 2435 5523 in
2476 5467 2891 5523 immunditiam.
2937 5486 2956 5522 ι
2987 5469 3119 5524 Item
3158 5468 3316 5539 paulo
3361 5477 3485 5539 post
3518 5487 3534 5526 :

1978 5576 1998 5612 ι
2026 5559 2253 5630 Propter
2281 5560 2385 5613 hoc
2407 5556 2625 5612 tradidit
2662 5558 2780 5613 illos
2808 5558 2948 5614 Deus
2989 5560 3041 5614 in
3074 5560 3351 5630 passiones
3390 5558 3547 5629 igno-

1973 5650 2173 5705 miniae.
2214 5670 2232 5704 ι
2264 5650 2398 5706 Item
2421 5649 2577 5716 paulo
2602 5659 2759 5721 post:
2806 5669 2823 5701 ς
2854 5649 3006 5706 Sicut
3031 5667 3136 5707 non
3176 5651 3543 5722 probaverunt

1978 5742 2181 5799 habere
2222 5742 2383 5797 Deum
2420 5747 2473 5798 in
2513 5743 2719 5810 notitia,
2754 5743 2978 5799 tradidit
3014 5742 3133 5800 illos
3172 5743 3312 5799 Deus
3352 5744 3409 5799 in
3457 5757 3547 5799 re-
