  <div class='ocr_page' id='page_1' title='image "/cluster/home/n/w/nwhite01/storage/ocr_20150623/121/hvd.32044015471642/015.png"; bbox 0 0 4088 6344; ppageno 0'>
   <div class='ocr_carea' id='block_1_1' title="bbox 576 310 2817 375">
    <p class='ocr_par' dir='ltr' id='par_1_1' title="bbox 576 310 2817 375">
     <span class='ocr_line' id='line_1_1' title="bbox 576 310 2817 375; baseline 0.004 -13"><span class='ocrx_word' id='word_1_1' title='bbox 576 316 642 374; x_wconf 72' lang='grc' dir='ltr'><strong>ιο</strong></span> <span class='ocrx_word' id='word_1_2' title='bbox 1597 310 1962 367; x_wconf 80' lang='lat' dir='ltr'><strong>RATRAMNI</strong></span> <span class='ocrx_word' id='word_1_3' title='bbox 1999 310 2451 369; x_wconf 72' lang='lat' dir='ltr'><strong>CORBEIENSIS</strong></span> <span class='ocrx_word' id='word_1_4' title='bbox 2490 312 2817 375; x_wconf 70' lang='lat' dir='ltr'><strong>MONACIII.</strong></span> 
     </span>
    </p>
   </div>
   <div class='ocr_carea' id='block_1_2' title="bbox 568 420 3840 498">
    <p class='ocr_par' dir='ltr' id='par_1_2' title="bbox 568 420 3840 498">
     <span class='ocr_line' id='line_1_2' title="bbox 568 420 3840 498; baseline -0.001 -16"><span class='ocrx_word' id='word_1_5' title='bbox 568 426 793 498; x_wconf 81' lang='lat' dir='ltr'><strong>probam</strong></span> <span class='ocrx_word' id='word_1_6' title='bbox 844 432 1106 490; x_wconf 89' lang='lat' dir='ltr'><strong>mentem,</strong></span> <span class='ocrx_word' id='word_1_7' title='bbox 1150 430 1210 479; x_wconf 91' lang='lat' dir='ltr'><strong>ut</strong></span> <span class='ocrx_word' id='word_1_8' title='bbox 1253 422 1456 477; x_wconf 76' lang='lat' dir='ltr'><strong>faciant</strong></span> <span class='ocrx_word' id='word_1_9' title='bbox 1497 435 1617 490; x_wconf 68' lang='lat' dir='ltr'><strong>quae</strong></span> <span class='ocrx_word' id='word_1_10' title='bbox 1664 435 1771 475; x_wconf 91' lang='lat' dir='ltr'><strong>non</strong></span> <span class='ocrx_word' id='word_1_11' title='bbox 1822 420 2151 476; x_wconf 90' lang='lat' dir='ltr'><strong>conveniunt</strong></span> <span class='ocrx_word' id='word_1_12' title='bbox 2178 424 2227 483; x_wconf 77' lang='grc' dir='ltr'>Α</span> <span class='ocrx_word' id='word_1_13' title='bbox 2255 420 2574 487; x_wconf 73' lang='lat' dir='ltr'><strong>devoratur:</strong></span> <span class='ocrx_word' id='word_1_14' title='bbox 2605 422 2746 479; x_wconf 90' lang='lat' dir='ltr'><strong>alius</strong></span> <span class='ocrx_word' id='word_1_15' title='bbox 2759 430 2938 481; x_wconf 86' lang='lat' dir='ltr'><strong>autem</strong></span> <span class='ocrx_word' id='word_1_16' title='bbox 2962 425 3128 482; x_wconf 73' lang='lat' dir='ltr'><strong>vitam</strong></span> <span class='ocrx_word' id='word_1_17' title='bbox 3152 427 3394 485; x_wconf 78' lang='lat' dir='ltr'><strong>auanrin</strong></span> <span class='ocrx_word' id='word_1_18' title='bbox 3418 426 3694 483; x_wconf 57' lang='grc' dir='ltr'><strong>ϐατιάκαι</strong></span> <span class='ocrx_word' id='word_1_19' title='bbox 3714 426 3840 497; x_wconf 70' lang='lat' dir='ltr'><strong>pie-</strong></span> 
     </span>
    </p>
   </div>
   <div class='ocr_carea' id='block_1_3' title="bbox 544 510 2146 588">
    <p class='ocr_par' dir='ltr' id='par_1_3' title="bbox 544 510 2146 588">
     <span class='ocr_line' id='line_1_3' title="bbox 544 510 2146 588; baseline -0.004 -16"><span class='ocrx_word' id='word_1_20' title='bbox 544 511 744 588; x_wconf 77' lang='lat' dir='ltr'><strong>(Rom.</strong></span> <span class='ocrx_word' id='word_1_21' title='bbox 773 533 823 583; x_wconf 88' lang='grc' dir='ltr'><strong>ι,</strong></span> <span class='ocrx_word' id='word_1_22' title='bbox 865 516 959 582; x_wconf 73' lang='grc'><strong>24,</strong></span> <span class='ocrx_word' id='word_1_23' title='bbox 996 515 1086 579; x_wconf 74' lang='lat'><strong>26,</strong></span> <span class='ocrx_word' id='word_1_24' title='bbox 1116 515 1282 587; x_wconf 66' lang='lat'><strong>28):»</strong></span> <span class='ocrx_word' id='word_1_25' title='bbox 1328 512 1395 568; x_wconf 85' lang='lat' dir='ltr'><strong>Et</strong></span> <span class='ocrx_word' id='word_1_26' title='bbox 1430 512 1499 567; x_wconf 90' lang='lat' dir='ltr'><strong>ad</strong></span> <span class='ocrx_word' id='word_1_27' title='bbox 1542 510 2048 568; x_wconf 85' lang='lat' dir='ltr'><strong>Thessalonisences</strong></span> <span class='ocrx_word' id='word_1_28' title='bbox 2090 510 2146 566; x_wconf 90' lang='lat' dir='ltr'><strong>in</strong></span> 
     </span>
    </p>
   </div>
   <div class='ocr_carea' id='block_1_4' title="bbox 565 602 2146 680">
    <p class='ocr_par' dir='ltr' id='par_1_4' title="bbox 565 602 2146 680">
     <span class='ocr_line' id='line_1_4' title="bbox 565 602 2146 680; baseline -0.004 -15"><span class='ocrx_word' id='word_1_29' title='bbox 565 609 807 680; x_wconf 86' lang='lat' dir='ltr'><strong>Epistola</strong></span> <span class='ocrx_word' id='word_1_30' title='bbox 829 608 1065 665; x_wconf 85' lang='lat' dir='ltr'><strong>secunda</strong></span> <span class='ocrx_word' id='word_1_31' title='bbox 1107 607 1185 662; x_wconf 92' lang='lat' dir='ltr'><strong>ait</strong></span> <span class='ocrx_word' id='word_1_32' title='bbox 1220 606 1287 661; x_wconf 90' lang='lat' dir='ltr'><strong>de</strong></span> <span class='ocrx_word' id='word_1_33' title='bbox 1317 605 1676 676; x_wconf 86' lang='lat' dir='ltr'><strong>quibusdam:</strong></span> <span class='ocrx_word' id='word_1_34' title='bbox 1714 623 1734 658; x_wconf 76' lang='grc' dir='ltr'>ι</span> <span class='ocrx_word' id='word_1_35' title='bbox 1771 603 1878 660; x_wconf 88' lang='lat' dir='ltr'><strong>Pro</strong></span> <span class='ocrx_word' id='word_1_36' title='bbox 1909 618 1975 660; x_wconf 89' lang='lat' dir='ltr'><strong>eo</strong></span> <span class='ocrx_word' id='word_1_37' title='bbox 2001 602 2146 674; x_wconf 85' lang='lat' dir='ltr'><strong>quod</strong></span> 
     </span>
    </p>
   </div>
   <div class='ocr_carea' id='block_1_5' title="bbox 564 693 2145 769">
    <p class='ocr_par' dir='ltr' id='par_1_5' title="bbox 564 693 2145 769">
     <span class='ocr_line' id='line_1_5' title="bbox 564 693 2145 769; baseline -0.005 -10"><span class='ocrx_word' id='word_1_38' title='bbox 564 702 905 759; x_wconf 83' lang='lat' dir='ltr'><strong>dilectionem</strong></span> <span class='ocrx_word' id='word_1_39' title='bbox 923 699 1179 769; x_wconf 76' lang='lat' dir='ltr'><strong>veritatis</strong></span> <span class='ocrx_word' id='word_1_40' title='bbox 1197 713 1304 753; x_wconf 94' lang='lat' dir='ltr'><strong>non</strong></span> <span class='ocrx_word' id='word_1_41' title='bbox 1328 703 1669 767; x_wconf 87' lang='lat' dir='ltr'><strong>receperunt,</strong></span> <span class='ocrx_word' id='word_1_42' title='bbox 1691 706 1751 751; x_wconf 91' lang='lat' dir='ltr'><strong>ut</strong></span> <span class='ocrx_word' id='word_1_43' title='bbox 1774 695 1910 751; x_wconf 91' lang='lat' dir='ltr'><strong>salvi</strong></span> <span class='ocrx_word' id='word_1_44' title='bbox 1932 693 2145 760; x_wconf 85' lang='lat' dir='ltr'><strong>fierent,</strong></span> 
     </span>
    </p>
   </div>
   <div class='ocr_carea' id='block_1_6' title="bbox 564 788 2145 862">
    <p class='ocr_par' dir='ltr' id='par_1_6' title="bbox 564 788 2145 862">
     <span class='ocr_line' id='line_1_6' title="bbox 564 788 2145 862; baseline -0.005 -10"><span class='ocrx_word' id='word_1_45' title='bbox 564 797 687 852; x_wconf 93' lang='lat' dir='ltr'><strong>ideo</strong></span> <span class='ocrx_word' id='word_1_46' title='bbox 712 796 888 851; x_wconf 91' lang='lat' dir='ltr'><strong>mittet</strong></span> <span class='ocrx_word' id='word_1_47' title='bbox 909 794 1013 850; x_wconf 81' lang='lat' dir='ltr'><strong>illis</strong></span> <span class='ocrx_word' id='word_1_48' title='bbox 1038 792 1182 849; x_wconf 85' lang='lat' dir='ltr'><strong>Deus</strong></span> <span class='ocrx_word' id='word_1_49' title='bbox 1200 791 1567 862; x_wconf 84' lang='lat' dir='ltr'><strong>operationem</strong></span> <span class='ocrx_word' id='word_1_50' title='bbox 1591 789 1816 856; x_wconf 91' lang='lat' dir='ltr'><strong>erroris,</strong></span> <span class='ocrx_word' id='word_1_51' title='bbox 1837 798 1899 844; x_wconf 91' lang='lat' dir='ltr'><strong>ut</strong></span> <span class='ocrx_word' id='word_1_52' title='bbox 1919 788 2145 845; x_wconf 84' lang='lat' dir='ltr'><strong>credant</strong></span> 
     </span>
    </p>
   </div>
   <div class='ocr_carea' id='block_1_7' title="bbox 564 881 2146 952">
    <p class='ocr_par' dir='ltr' id='par_1_7' title="bbox 564 881 2146 952">
     <span class='ocr_line' id='line_1_7' title="bbox 564 881 2146 952; baseline -0.003 -12"><span class='ocrx_word' id='word_1_53' title='bbox 564 885 868 951; x_wconf 88' lang='lat' dir='ltr'><strong>mendacio,</strong></span> <span class='ocrx_word' id='word_1_54' title='bbox 893 892 946 939; x_wconf 89' lang='lat' dir='ltr'><strong>et</strong></span> <span class='ocrx_word' id='word_1_55' title='bbox 962 881 1274 952; x_wconf 89' lang='lat' dir='ltr'><strong>judicentur</strong></span> <span class='ocrx_word' id='word_1_56' title='bbox 1300 897 1492 937; x_wconf 89' lang='lat' dir='ltr'><strong>omnes</strong></span> <span class='ocrx_word' id='word_1_57' title='bbox 1519 882 1609 951; x_wconf 88' lang='lat' dir='ltr'><strong>qui</strong></span> <span class='ocrx_word' id='word_1_58' title='bbox 1652 896 1758 936; x_wconf 92' lang='lat' dir='ltr'><strong>non</strong></span> <span class='ocrx_word' id='word_1_59' title='bbox 1797 881 2146 936; x_wconf 87' lang='lat' dir='ltr'><strong>crediderunt</strong></span> 
     </span>
    </p>
   </div>
   <div class='ocr_carea' id='block_1_8' title="bbox 562 960 2141 1044">
    <p class='ocr_par' dir='ltr' id='par_1_8' title="bbox 562 960 2141 1044">
     <span class='ocr_line' id='line_1_8' title="bbox 562 960 2141 1044; baseline 0 -13"><span class='ocrx_word' id='word_1_60' title='bbox 562 978 798 1040; x_wconf 81' lang='lat' dir='ltr'><strong>veritati,</strong></span> <span class='ocrx_word' id='word_1_61' title='bbox 846 960 942 1033; x_wconf 88' lang='lat' dir='ltr'><strong>sed</strong></span> <span class='ocrx_word' id='word_1_62' title='bbox 981 984 1375 1032; x_wconf 89' lang='lat' dir='ltr'><strong>consenserunt</strong></span> <span class='ocrx_word' id='word_1_63' title='bbox 1413 974 1684 1043; x_wconf 87' lang='lat' dir='ltr'><strong>iniquitati</strong></span> <span class='ocrx_word' id='word_1_64' title='bbox 1715 972 1800 1044; x_wconf 90' lang='grc'><strong>(11</strong></span> <span class='ocrx_word' id='word_1_65' title='bbox 1846 972 2026 1029; x_wconf 78' lang='lat' dir='ltr'><strong>Thess.</strong></span> <span class='ocrx_word' id='word_1_66' title='bbox 2076 988 2141 1039; x_wconf 83' lang='lat' dir='ltr'><strong>tt,</strong></span> 
     </span>
    </p>
   </div>
   <div class='ocr_carea' id='block_1_9' title="bbox 562 1067 2145 1144">
    <p class='ocr_par' dir='ltr' id='par_1_9' title="bbox 562 1067 2145 1144">
     <span class='ocr_line' id='line_1_9' title="bbox 562 1067 2145 1144; baseline -0.003 -17"><span class='ocrx_word' id='word_1_67' title='bbox 562 1072 652 1136; x_wconf 81' lang='grc'><strong>10,</strong></span> <span class='ocrx_word' id='word_1_68' title='bbox 692 1072 798 1144; x_wconf 83' lang='lat' dir='ltr'><strong>ll).</strong></span> <span class='ocrx_word' id='word_1_69' title='bbox 837 1091 856 1124; x_wconf 71' lang='grc' dir='ltr'><strong><em>ι</em></strong></span> <span class='ocrx_word' id='word_1_70' title='bbox 890 1070 983 1127; x_wconf 85' lang='lat' dir='ltr'><strong>His</strong></span> <span class='ocrx_word' id='word_1_71' title='bbox 1011 1079 1064 1127; x_wconf 92' lang='lat' dir='ltr'><strong>et</strong></span> <span class='ocrx_word' id='word_1_72' title='bbox 1105 1070 1304 1126; x_wconf 79' lang='lat' dir='ltr'><strong>talibus</strong></span> <span class='ocrx_word' id='word_1_73' title='bbox 1345 1069 1667 1124; x_wconf 91' lang='lat' dir='ltr'><strong>testimoniis</strong></span> <span class='ocrx_word' id='word_1_74' title='bbox 1704 1068 2011 1123; x_wconf 88' lang='lat' dir='ltr'><strong>divinorum</strong></span> <span class='ocrx_word' id='word_1_75' title='bbox 2034 1067 2145 1123; x_wconf 83' lang='lat' dir='ltr'><strong>elo-</strong></span> 
     </span>
    </p>
   </div>
   <div class='ocr_carea' id='block_1_10' title="bbox 556 1160 2140 1235">
    <p class='ocr_par' dir='ltr' id='par_1_10' title="bbox 556 1160 2140 1235">
     <span class='ocr_line' id='line_1_10' title="bbox 556 1160 2140 1235; baseline 0.001 -19"><span class='ocrx_word' id='word_1_76' title='bbox 556 1166 833 1234; x_wconf 79' lang='lat' dir='ltr'><strong>quiorum,</strong></span> <span class='ocrx_word' id='word_1_77' title='bbox 862 1178 983 1235; x_wconf 78' lang='lat' dir='ltr'><strong>qua:</strong></span> <span class='ocrx_word' id='word_1_78' title='bbox 1024 1164 1204 1219; x_wconf 88' lang='lat' dir='ltr'><strong>omnia</strong></span> <span class='ocrx_word' id='word_1_79' title='bbox 1235 1175 1661 1219; x_wconf 84' lang='lat' dir='ltr'><strong>commemorare</strong></span> <span class='ocrx_word' id='word_1_80' title='bbox 1697 1161 1859 1216; x_wconf 90' lang='lat' dir='ltr'><strong>nimis</strong></span> <span class='ocrx_word' id='word_1_81' title='bbox 1900 1160 2140 1230; x_wconf 86' lang='lat' dir='ltr'><strong>longum,</strong></span> 
     </span>
    </p>
   </div>
   <div class='ocr_carea' id='block_1_11' title="bbox 557 1251 2142 1325">
    <p class='ocr_par' dir='ltr' id='par_1_11' title="bbox 557 1251 2142 1325">
     <span class='ocr_line' id='line_1_11' title="bbox 557 1251 2142 1325; baseline -0.001 -14"><span class='ocrx_word' id='word_1_82' title='bbox 557 1256 716 1318; x_wconf 90' lang='lat' dir='ltr'><strong>satis,</strong></span> <span class='ocrx_word' id='word_1_83' title='bbox 744 1266 1005 1325; x_wconf 91' lang='lat' dir='ltr'><strong>quantum</strong></span> <span class='ocrx_word' id='word_1_84' title='bbox 1028 1254 1300 1318; x_wconf 77' lang='lat' dir='ltr'><strong>existimo,</strong></span> <span class='ocrx_word' id='word_1_85' title='bbox 1328 1253 1707 1308; x_wconf 79' lang='lat' dir='ltr'><strong>manifestatur</strong></span> <span class='ocrx_word' id='word_1_86' title='bbox 1727 1252 1941 1322; x_wconf 89' lang='lat' dir='ltr'><strong>operari</strong></span> <span class='ocrx_word' id='word_1_87' title='bbox 1973 1251 2142 1309; x_wconf 90' lang='lat' dir='ltr'><strong>Deum</strong></span> 
     </span>
    </p>
   </div>
   <div class='ocr_carea' id='block_1_12' title="bbox 560 1344 2143 1404">
    <p class='ocr_par' dir='ltr' id='par_1_12' title="bbox 560 1344 2143 1404">
     <span class='ocr_line' id='line_1_12' title="bbox 560 1344 2143 1404; baseline -0.001 -2"><span class='ocrx_word' id='word_1_88' title='bbox 560 1347 614 1402; x_wconf 88' lang='lat' dir='ltr'><strong>in</strong></span> <span class='ocrx_word' id='word_1_89' title='bbox 637 1348 892 1404; x_wconf 90' lang='lat' dir='ltr'><strong>cordibus</strong></span> <span class='ocrx_word' id='word_1_90' title='bbox 914 1348 1189 1404; x_wconf 88' lang='lat' dir='ltr'><strong>hominum</strong></span> <span class='ocrx_word' id='word_1_91' title='bbox 1213 1346 1280 1401; x_wconf 89' lang='lat' dir='ltr'><strong>ad</strong></span> <span class='ocrx_word' id='word_1_92' title='bbox 1311 1345 1649 1400; x_wconf 90' lang='lat' dir='ltr'><strong>inclinandas</strong></span> <span class='ocrx_word' id='word_1_93' title='bbox 1683 1359 1870 1401; x_wconf 89' lang='lat' dir='ltr'><strong>eorum</strong></span> <span class='ocrx_word' id='word_1_94' title='bbox 1897 1344 2143 1401; x_wconf 84' lang='lat' dir='ltr'><strong>volunta-</strong></span> 
     </span>
    </p>
   </div>
   <div class='ocr_carea' id='block_1_13' title="bbox 559 1436 2143 1510">
    <p class='ocr_par' dir='ltr' id='par_1_13' title="bbox 559 1436 2143 1510">
     <span class='ocr_line' id='line_1_13' title="bbox 559 1436 2143 1510; baseline 0.001 -18"><span class='ocrx_word' id='word_1_95' title='bbox 559 1447 642 1494; x_wconf 89' lang='lat' dir='ltr'><strong>tes</strong></span> <span class='ocrx_word' id='word_1_96' title='bbox 665 1454 987 1510; x_wconf 86' lang='lat' dir='ltr'><strong>quocunque</strong></span> <span class='ocrx_word' id='word_1_97' title='bbox 1016 1438 1270 1503; x_wconf 84' lang='lat' dir='ltr'><strong>voluerit,</strong></span> <span class='ocrx_word' id='word_1_98' title='bbox 1310 1437 1425 1492; x_wconf 90' lang='lat' dir='ltr'><strong>sive</strong></span> <span class='ocrx_word' id='word_1_99' title='bbox 1456 1437 1525 1492; x_wconf 91' lang='lat' dir='ltr'><strong>ad</strong></span> <span class='ocrx_word' id='word_1_100' title='bbox 1553 1436 1693 1492; x_wconf 90' lang='lat' dir='ltr'><strong>bona</strong></span> <span class='ocrx_word' id='word_1_101' title='bbox 1734 1451 1833 1506; x_wconf 92' lang='lat' dir='ltr'><strong>pro</strong></span> <span class='ocrx_word' id='word_1_102' title='bbox 1857 1452 1954 1493; x_wconf 88' lang='lat' dir='ltr'><strong>sua</strong></span> <span class='ocrx_word' id='word_1_103' title='bbox 1979 1437 2143 1494; x_wconf 84' lang='lat' dir='ltr'><strong>mise-</strong></span> 
     </span>
    </p>
   </div>
   <div class='ocr_carea' id='block_1_14' title="bbox 564 1527 2140 1601">
    <p class='ocr_par' dir='ltr' id='par_1_14' title="bbox 564 1527 2140 1601">
     <span class='ocr_line' id='line_1_14' title="bbox 564 1527 2140 1601; baseline 0.001 -17"><span class='ocrx_word' id='word_1_104' title='bbox 564 1531 819 1597; x_wconf 88' lang='lat' dir='ltr'><strong>ricordia,</strong></span> <span class='ocrx_word' id='word_1_105' title='bbox 848 1532 964 1587; x_wconf 86' lang='lat' dir='ltr'><strong>sive</strong></span> <span class='ocrx_word' id='word_1_106' title='bbox 1003 1531 1071 1586; x_wconf 90' lang='lat' dir='ltr'><strong>ad</strong></span> <span class='ocrx_word' id='word_1_107' title='bbox 1116 1530 1255 1585; x_wconf 90' lang='lat' dir='ltr'><strong>mala</strong></span> <span class='ocrx_word' id='word_1_108' title='bbox 1296 1545 1396 1601; x_wconf 88' lang='lat' dir='ltr'><strong>pro</strong></span> <span class='ocrx_word' id='word_1_109' title='bbox 1440 1530 1652 1586; x_wconf 89' lang='lat' dir='ltr'><strong>meritis</strong></span> <span class='ocrx_word' id='word_1_110' title='bbox 1684 1544 1895 1596; x_wconf 91' lang='lat' dir='ltr'><strong>eorum,</strong></span> <span class='ocrx_word' id='word_1_111' title='bbox 1932 1527 2140 1598; x_wconf 87' lang='lat' dir='ltr'><strong>judicio</strong></span> 
     </span>
    </p>
   </div>
   <div class='ocr_carea' id='block_1_15' title="bbox 559 1620 2135 1693">
    <p class='ocr_par' dir='ltr' id='par_1_15' title="bbox 559 1620 2135 1693">
     <span class='ocr_line' id='line_1_15' title="bbox 559 1620 2135 1693; baseline 0 -17"><span class='ocrx_word' id='word_1_112' title='bbox 559 1623 745 1693; x_wconf 82' lang='lat' dir='ltr'><strong>utique</strong></span> <span class='ocrx_word' id='word_1_113' title='bbox 799 1638 899 1679; x_wconf 91' lang='lat' dir='ltr'><strong>suo</strong></span> <span class='ocrx_word' id='word_1_114' title='bbox 952 1622 1241 1692; x_wconf 86' lang='lat' dir='ltr'><strong>aliquando</strong></span> <span class='ocrx_word' id='word_1_115' title='bbox 1302 1630 1513 1692; x_wconf 89' lang='lat' dir='ltr'><strong>aperto,</strong></span> <span class='ocrx_word' id='word_1_116' title='bbox 1562 1621 1852 1690; x_wconf 85' lang='lat' dir='ltr'><strong>aliquando</strong></span> <span class='ocrx_word' id='word_1_117' title='bbox 1901 1620 2135 1686; x_wconf 88' lang='lat' dir='ltr'><strong>occulto,</strong></span> 
     </span>
    </p>
   </div>
   <div class='ocr_carea' id='block_1_16' title="bbox 555 1711 2138 1783">
    <p class='ocr_par' dir='ltr' id='par_1_16' title="bbox 555 1711 2138 1783">
     <span class='ocr_line' id='line_1_16' title="bbox 555 1711 2138 1783; baseline -0.001 -15"><span class='ocrx_word' id='word_1_118' title='bbox 555 1728 770 1783; x_wconf 78' lang='lat' dir='ltr'><strong>semper</strong></span> <span class='ocrx_word' id='word_1_119' title='bbox 792 1722 969 1768; x_wconf 89' lang='lat' dir='ltr'><strong>tamen</strong></span> <span class='ocrx_word' id='word_1_120' title='bbox 988 1711 1158 1783; x_wconf 88' lang='lat' dir='ltr'><strong>justo.</strong></span> <span class='ocrx_word' id='word_1_121' title='bbox 1195 1712 1403 1769; x_wconf 76' lang='lat' dir='ltr'><strong>Fixum,</strong></span> <span class='ocrx_word' id='word_1_122' title='bbox 1432 1711 1579 1769; x_wconf 85' lang='lat' dir='ltr'><strong>enim</strong></span> <span class='ocrx_word' id='word_1_123' title='bbox 1619 1711 1780 1767; x_wconf 87' lang='lat' dir='ltr'><strong>debet</strong></span> <span class='ocrx_word' id='word_1_124' title='bbox 1816 1725 1939 1767; x_wconf 87' lang='lat' dir='ltr'><strong>esse</strong></span> <span class='ocrx_word' id='word_1_125' title='bbox 1961 1719 2016 1767; x_wconf 91' lang='lat' dir='ltr'><strong>et</strong></span> <span class='ocrx_word' id='word_1_126' title='bbox 2039 1712 2138 1767; x_wconf 86' lang='lat' dir='ltr'><strong>im-</strong></span> 
     </span>
    </p>
   </div>
   <div class='ocr_carea' id='block_1_17' title="bbox 2256 514 3845 587">
    <p class='ocr_par' dir='ltr' id='par_1_17' title="bbox 2256 514 3845 587">
     <span class='ocr_line' id='line_1_17' title="bbox 2256 514 3845 587; baseline 0.006 -21"><span class='ocrx_word' id='word_1_127' title='bbox 2256 518 2366 567; x_wconf 85' lang='lat' dir='ltr'><strong>tate</strong></span> <span class='ocrx_word' id='word_1_128' title='bbox 2405 522 2769 580; x_wconf 87' lang='lat' dir='ltr'><strong>consummat,</strong></span> <span class='ocrx_word' id='word_1_129' title='bbox 2809 514 2901 585; x_wconf 88' lang='lat' dir='ltr'><strong>qui</strong></span> <span class='ocrx_word' id='word_1_130' title='bbox 2950 514 3104 573; x_wconf 78' lang='lat' dir='ltr'><strong>ortus</strong></span> <span class='ocrx_word' id='word_1_131' title='bbox 3146 516 3202 572; x_wconf 86' lang='lat' dir='ltr'><strong>in</strong></span> <span class='ocrx_word' id='word_1_132' title='bbox 3246 517 3498 587; x_wconf 82' lang='lat' dir='ltr'><strong>perfidia,</strong></span> <span class='ocrx_word' id='word_1_133' title='bbox 3541 532 3666 572; x_wconf 92' lang='lat' dir='ltr'><strong>cum</strong></span> <span class='ocrx_word' id='word_1_134' title='bbox 3699 515 3845 575; x_wconf 71' lang='lat' dir='ltr'><strong>lucto</strong></span> 
     </span>
    </p>
   </div>
   <div class='ocr_carea' id='block_1_18' title="bbox 2222 602 3840 667">
    <p class='ocr_par' dir='ltr' id='par_1_18' title="bbox 2222 602 3840 667">
     <span class='ocr_line' id='line_1_18' title="bbox 2222 602 3840 667; baseline 0.006 -11"><span class='ocrx_word' id='word_1_135' title='bbox 2222 602 2444 667; x_wconf 22' lang='lat' dir='ltr'><strong>,matris</strong></span> <span class='ocrx_word' id='word_1_136' title='bbox 2475 603 2735 662; x_wconf 83' lang='lat' dir='ltr'><strong>hauserat</strong></span> <span class='ocrx_word' id='word_1_137' title='bbox 2775 606 2927 663; x_wconf 89' lang='lat' dir='ltr'><strong>virus</strong></span> <span class='ocrx_word' id='word_1_138' title='bbox 2977 609 3204 664; x_wconf 86' lang='lat' dir='ltr'><strong>erroris.</strong></span> <span class='ocrx_word' id='word_1_139' title='bbox 3251 608 3406 667; x_wconf 77' lang='lat' dir='ltr'><strong>Alius</strong></span> <span class='ocrx_word' id='word_1_140' title='bbox 3459 608 3840 666; x_wconf 81' lang='lat' dir='ltr'><strong>celsitudinem</strong></span> 
     </span>
    </p>
   </div>
   <div class='ocr_carea' id='block_1_19' title="bbox 2250 692 3843 766">
    <p class='ocr_par' dir='ltr' id='par_1_19' title="bbox 2250 692 3843 766">
     <span class='ocr_line' id='line_1_19' title="bbox 2250 692 3843 766; baseline 0.006 -19"><span class='ocrx_word' id='word_1_141' title='bbox 2250 692 2390 748; x_wconf 83' lang='lat' dir='ltr'><strong>bene</strong></span> <span class='ocrx_word' id='word_1_142' title='bbox 2410 693 2625 749; x_wconf 83' lang='lat' dir='ltr'><strong>vivendi</strong></span> <span class='ocrx_word' id='word_1_143' title='bbox 2670 703 2926 766; x_wconf 87' lang='lat' dir='ltr'><strong>appetere</strong></span> <span class='ocrx_word' id='word_1_144' title='bbox 2966 704 3022 751; x_wconf 85' lang='lat' dir='ltr'><strong>et</strong></span> <span class='ocrx_word' id='word_1_145' title='bbox 3062 696 3201 753; x_wconf 88' lang='lat' dir='ltr'><strong>volet</strong></span> <span class='ocrx_word' id='word_1_146' title='bbox 3229 708 3285 752; x_wconf 90' lang='lat' dir='ltr'><strong>et</strong></span> <span class='ocrx_word' id='word_1_147' title='bbox 3327 697 3472 753; x_wconf 88' lang='lat' dir='ltr'><strong>valet</strong></span> <span class='ocrx_word' id='word_1_148' title='bbox 3507 715 3522 752; x_wconf 91' lang='lat'><strong>:</strong></span> <span class='ocrx_word' id='word_1_149' title='bbox 3554 697 3694 754; x_wconf 83' lang='lat' dir='ltr'><strong>alius</strong></span> <span class='ocrx_word' id='word_1_150' title='bbox 3739 712 3843 757; x_wconf 75' lang='lat' dir='ltr'><strong>nec</strong></span> 
     </span>
    </p>
   </div>
   <div class='ocr_carea' id='block_1_20' title="bbox 2253 784 3843 852">
    <p class='ocr_par' dir='ltr' id='par_1_20' title="bbox 2253 784 3843 852">
     <span class='ocr_line' id='line_1_20' title="bbox 2253 784 3843 852; baseline 0.008 -13"><span class='ocrx_word' id='word_1_151' title='bbox 2253 784 2394 840; x_wconf 90' lang='lat' dir='ltr'><strong>volet</strong></span> <span class='ocrx_word' id='word_1_152' title='bbox 2444 801 2546 843; x_wconf 89' lang='lat' dir='ltr'><strong>nec</strong></span> <span class='ocrx_word' id='word_1_153' title='bbox 2580 786 2731 849; x_wconf 85' lang='lat' dir='ltr'><strong>valet</strong></span> <span class='ocrx_word' id='word_1_154' title='bbox 2768 804 2784 843; x_wconf 89' lang='lat'><strong>:</strong></span> <span class='ocrx_word' id='word_1_155' title='bbox 2832 787 2971 844; x_wconf 86' lang='lat' dir='ltr'><strong>alius</strong></span> <span class='ocrx_word' id='word_1_156' title='bbox 3014 788 3161 844; x_wconf 85' lang='lat' dir='ltr'><strong>volet</strong></span> <span class='ocrx_word' id='word_1_157' title='bbox 3198 798 3261 846; x_wconf 87' lang='lat' dir='ltr'><strong>et</strong></span> <span class='ocrx_word' id='word_1_158' title='bbox 3312 807 3422 848; x_wconf 92' lang='lat' dir='ltr'><strong>non</strong></span> <span class='ocrx_word' id='word_1_159' title='bbox 3469 792 3611 847; x_wconf 77' lang='lat' dir='ltr'><strong>valet</strong></span> <span class='ocrx_word' id='word_1_160' title='bbox 3655 791 3843 852; x_wconf 64' lang='lat' dir='ltr'><strong>:alius</strong></span> 
     </span>
    </p>
   </div>
   <div class='ocr_carea' id='block_1_21' title="bbox 2251 875 3841 955">
    <p class='ocr_par' dir='ltr' id='par_1_21' title="bbox 2251 875 3841 955">
     <span class='ocr_line' id='line_1_21' title="bbox 2251 875 3841 955; baseline 0.009 -26"><span class='ocrx_word' id='word_1_161' title='bbox 2251 875 2394 934; x_wconf 88' lang='lat' dir='ltr'><strong>valet</strong></span> <span class='ocrx_word' id='word_1_162' title='bbox 2420 886 2476 933; x_wconf 90' lang='lat' dir='ltr'><strong>et</strong></span> <span class='ocrx_word' id='word_1_163' title='bbox 2517 895 2624 936; x_wconf 90' lang='lat' dir='ltr'><strong>non</strong></span> <span class='ocrx_word' id='word_1_164' title='bbox 2650 879 2814 937; x_wconf 83' lang='lat' dir='ltr'><strong>volet.</strong></span> <span class='ocrx_word' id='word_1_165' title='bbox 2844 879 2982 950; x_wconf 86' lang='lat' dir='ltr'><strong>Quis</strong></span> <span class='ocrx_word' id='word_1_166' title='bbox 3027 894 3159 955; x_wconf 83' lang='lat' dir='ltr'><strong>ergo</strong></span> <span class='ocrx_word' id='word_1_167' title='bbox 3201 883 3305 939; x_wconf 89' lang='lat' dir='ltr'><strong>ista</strong></span> <span class='ocrx_word' id='word_1_168' title='bbox 3350 884 3680 954; x_wconf 87' lang='lat' dir='ltr'><strong>judiciorum</strong></span> <span class='ocrx_word' id='word_1_169' title='bbox 3725 880 3841 944; x_wconf 67' lang='lat' dir='ltr'><strong>eth-</strong></span> 
     </span>
    </p>
   </div>
   <div class='ocr_carea' id='block_1_22' title="bbox 2250 966 3842 1045">
    <p class='ocr_par' dir='ltr' id='par_1_22' title="bbox 2250 966 3842 1045">
     <span class='ocr_line' id='line_1_22' title="bbox 2250 966 3842 1045; baseline 0.008 -23"><span class='ocrx_word' id='word_1_170' title='bbox 2250 966 2406 1023; x_wconf 89' lang='lat' dir='ltr'><strong>lestia</strong></span> <span class='ocrx_word' id='word_1_171' title='bbox 2452 979 2661 1026; x_wconf 89' lang='lat' dir='ltr'><strong>secreta</strong></span> <span class='ocrx_word' id='word_1_172' title='bbox 2710 971 3003 1028; x_wconf 81' lang='lat' dir='ltr'><strong>discutiat?</strong></span> <span class='ocrx_word' id='word_1_173' title='bbox 3047 972 3181 1040; x_wconf 88' lang='lat' dir='ltr'><strong>Quis</strong></span> <span class='ocrx_word' id='word_1_174' title='bbox 3230 974 3498 1045; x_wconf 80' lang='lat' dir='ltr'><strong>intelligat</strong></span> <span class='ocrx_word' id='word_1_175' title='bbox 3550 976 3842 1033; x_wconf 83' lang='lat' dir='ltr'><strong>discretam</strong></span> 
     </span>
    </p>
   </div>
   <div class='ocr_carea' id='block_1_23' title="bbox 2249 1057 3845 1139">
    <p class='ocr_par' dir='ltr' id='par_1_23' title="bbox 2249 1057 3845 1139">
     <span class='ocr_line' id='line_1_23' title="bbox 2249 1057 3845 1139; baseline 0.009 -25"><span class='ocrx_word' id='word_1_176' title='bbox 2249 1057 2459 1116; x_wconf 89' lang='lat' dir='ltr'><strong>lancem</strong></span> <span class='ocrx_word' id='word_1_177' title='bbox 2488 1062 2761 1131; x_wconf 71' lang='lat' dir='ltr'><strong>aequitatis</strong></span> <span class='ocrx_word' id='word_1_178' title='bbox 2791 1063 3054 1120; x_wconf 56' lang='lat' dir='ltr'><strong>occultae?</strong></span> <span class='ocrx_word' id='word_1_179' title='bbox 3085 1065 3169 1121; x_wconf 86' lang='lat' dir='ltr'><strong>Ad</strong></span> <span class='ocrx_word' id='word_1_180' title='bbox 3202 1067 3604 1138; x_wconf 83' lang='lat' dir='ltr'><strong>cognoscendos</strong></span> <span class='ocrx_word' id='word_1_181' title='bbox 3640 1068 3845 1139; x_wconf 68' lang='lat' dir='ltr'><strong>Quippe</strong></span> 
     </span>
    </p>
   </div>
   <div class='ocr_carea' id='block_1_24' title="bbox 2249 1151 3840 1223">
    <p class='ocr_par' dir='ltr' id='par_1_24' title="bbox 2249 1151 3840 1223">
     <span class='ocr_line' id='line_1_24' title="bbox 2249 1151 3840 1223; baseline 0.006 -16"><span class='ocrx_word' id='word_1_182' title='bbox 2249 1151 2382 1209; x_wconf 85' lang='lat' dir='ltr'><strong>istos</strong></span> <span class='ocrx_word' id='word_1_183' title='bbox 2414 1153 2742 1223; x_wconf 90' lang='lat' dir='ltr'><strong>judiciorum</strong></span> <span class='ocrx_word' id='word_1_184' title='bbox 2773 1164 3110 1213; x_wconf 86' lang='lat' dir='ltr'><strong>secretorum</strong></span> <span class='ocrx_word' id='word_1_185' title='bbox 3134 1157 3290 1214; x_wconf 88' lang='lat' dir='ltr'><strong>sinus</strong></span> <span class='ocrx_word' id='word_1_186' title='bbox 3333 1158 3519 1214; x_wconf 86' lang='lat' dir='ltr'><strong>nullus</strong></span> <span class='ocrx_word' id='word_1_187' title='bbox 3568 1159 3840 1216; x_wconf 67' lang='lat' dir='ltr'><strong>ascendit;</strong></span> 
     </span>
    </p>
   </div>
   <div class='ocr_carea' id='block_1_25' title="bbox 2226 1243 3841 1321">
    <p class='ocr_par' dir='ltr' id='par_1_25' title="bbox 2226 1243 3841 1321">
     <span class='ocr_line' id='line_1_25' title="bbox 2226 1243 3841 1321; baseline 0.004 -22"><span class='ocrx_word' id='word_1_188' title='bbox 2226 1243 2472 1299; x_wconf 82' lang='lat' dir='ltr'><strong>Dicatur</strong></span> <span class='ocrx_word' id='word_1_189' title='bbox 2522 1260 2652 1316; x_wconf 88' lang='lat' dir='ltr'><strong>ergo</strong></span> <span class='ocrx_word' id='word_1_190' title='bbox 2725 1245 2931 1302; x_wconf 86' lang='lat' dir='ltr'><strong>homini</strong></span> <span class='ocrx_word' id='word_1_191' title='bbox 2997 1256 3056 1302; x_wconf 91' lang='lat' dir='ltr'><strong>ut</strong></span> <span class='ocrx_word' id='word_1_192' title='bbox 3110 1262 3174 1303; x_wconf 84' lang='lat' dir='ltr'><strong>se</strong></span> <span class='ocrx_word' id='word_1_193' title='bbox 3222 1249 3436 1305; x_wconf 83' lang='lat' dir='ltr'><strong>nescire</strong></span> <span class='ocrx_word' id='word_1_194' title='bbox 3506 1257 3841 1321; x_wconf 83' lang='lat' dir='ltr'><strong>cognoscat;</strong></span> 
     </span>
    </p>
   </div>
   <div class='ocr_carea' id='block_1_26' title="bbox 2247 1335 3845 1410">
    <p class='ocr_par' dir='ltr' id='par_1_26' title="bbox 2247 1335 3845 1410">
     <span class='ocr_line' id='line_1_26' title="bbox 2247 1335 3845 1410; baseline 0.005 -20"><span class='ocrx_word' id='word_1_195' title='bbox 2247 1335 2577 1400; x_wconf 81' lang='lat' dir='ltr'><strong>nescientem</strong></span> <span class='ocrx_word' id='word_1_196' title='bbox 2604 1353 2734 1394; x_wconf 92' lang='lat' dir='ltr'><strong>vero</strong></span> <span class='ocrx_word' id='word_1_197' title='bbox 2754 1355 2814 1395; x_wconf 90' lang='lat' dir='ltr'><strong>se</strong></span> <span class='ocrx_word' id='word_1_198' title='bbox 2854 1348 3166 1410; x_wconf 75' lang='lat' dir='ltr'><strong>cognoscat,</strong></span> <span class='ocrx_word' id='word_1_199' title='bbox 3197 1349 3257 1396; x_wconf 92' lang='lat' dir='ltr'><strong>ut</strong></span> <span class='ocrx_word' id='word_1_200' title='bbox 3282 1341 3504 1400; x_wconf 85' lang='lat' dir='ltr'><strong>timeat:</strong></span> <span class='ocrx_word' id='word_1_201' title='bbox 3535 1344 3750 1409; x_wconf 84' lang='lat' dir='ltr'><strong>timeat,</strong></span> <span class='ocrx_word' id='word_1_202' title='bbox 3783 1351 3845 1398; x_wconf 91' lang='lat' dir='ltr'><strong>ut</strong></span> 
     </span>
    </p>
   </div>
   <div class='ocr_carea' id='block_1_27' title="bbox 2247 1426 3842 1502">
    <p class='ocr_par' dir='ltr' id='par_1_27' title="bbox 2247 1426 3842 1502">
     <span class='ocr_line' id='line_1_27' title="bbox 2247 1426 3842 1502; baseline 0.006 -20"><span class='ocrx_word' id='word_1_203' title='bbox 2247 1426 2597 1497; x_wconf 84' lang='lat' dir='ltr'><strong>bumilietur;</strong></span> <span class='ocrx_word' id='word_1_204' title='bbox 2655 1429 2988 1497; x_wconf 89' lang='lat' dir='ltr'><strong>humilietur,</strong></span> <span class='ocrx_word' id='word_1_205' title='bbox 3033 1447 3106 1488; x_wconf 87' lang='lat' dir='ltr'><strong>ne</strong></span> <span class='ocrx_word' id='word_1_206' title='bbox 3145 1443 3439 1502; x_wconf 64' lang='lat' dir='ltr'><strong>praesumat</strong></span> <span class='ocrx_word' id='word_1_207' title='bbox 3489 1434 3545 1489; x_wconf 88' lang='lat' dir='ltr'><strong>in</strong></span> <span class='ocrx_word' id='word_1_208' title='bbox 3586 1449 3683 1501; x_wconf 82' lang='lat' dir='ltr'><strong>se;</strong></span> <span class='ocrx_word' id='word_1_209' title='bbox 3731 1446 3842 1491; x_wconf 82' lang='lat' dir='ltr'><strong>non</strong></span> 
     </span>
    </p>
   </div>
   <div class='ocr_carea' id='block_1_28' title="bbox 2228 1519 3838 1597">
    <p class='ocr_par' dir='ltr' id='par_1_28' title="bbox 2228 1519 3838 1597">
     <span class='ocr_line' id='line_1_28' title="bbox 2228 1519 3838 1597; baseline 0.007 -26"><span class='ocrx_word' id='word_1_210' title='bbox 2228 1527 2538 1588; x_wconf 66' lang='lat' dir='ltr'><strong>praesumat</strong></span> <span class='ocrx_word' id='word_1_211' title='bbox 2560 1519 2613 1574; x_wconf 94' lang='lat' dir='ltr'><strong>in</strong></span> <span class='ocrx_word' id='word_1_212' title='bbox 2634 1535 2709 1584; x_wconf 89' lang='lat' dir='ltr'><strong>se,</strong></span> <span class='ocrx_word' id='word_1_213' title='bbox 2732 1528 2793 1576; x_wconf 91' lang='lat' dir='ltr'><strong>ut</strong></span> <span class='ocrx_word' id='word_1_214' title='bbox 2812 1520 3125 1578; x_wconf 84' lang='lat' dir='ltr'><strong>Conditoris</strong></span> <span class='ocrx_word' id='word_1_215' title='bbox 3152 1522 3239 1579; x_wconf 90' lang='lat' dir='ltr'><strong>sui</strong></span> <span class='ocrx_word' id='word_1_216' title='bbox 3268 1524 3533 1580; x_wconf 75' lang='lat' dir='ltr'><strong>auxilium</strong></span> <span class='ocrx_word' id='word_1_217' title='bbox 3562 1527 3838 1597; x_wconf 71' lang='lat' dir='ltr'><strong>requirat;</strong></span> 
     </span>
    </p>
   </div>
   <div class='ocr_carea' id='block_1_29' title="bbox 2245 1609 3843 1689">
    <p class='ocr_par' dir='ltr' id='par_1_29' title="bbox 2245 1609 3843 1689">
     <span class='ocr_line' id='line_1_29' title="bbox 2245 1609 3843 1689; baseline 0.005 -24"><span class='ocrx_word' id='word_1_218' title='bbox 2245 1617 2300 1665; x_wconf 89' lang='lat' dir='ltr'><strong>et</strong></span> <span class='ocrx_word' id='word_1_219' title='bbox 2340 1609 2435 1679; x_wconf 87' lang='lat' dir='ltr'><strong>qui</strong></span> <span class='ocrx_word' id='word_1_220' title='bbox 2466 1610 2521 1664; x_wconf 90' lang='lat' dir='ltr'><strong>in</strong></span> <span class='ocrx_word' id='word_1_221' title='bbox 2567 1625 2629 1667; x_wconf 87' lang='lat' dir='ltr'><strong>se</strong></span> <span class='ocrx_word' id='word_1_222' title='bbox 2674 1610 2848 1668; x_wconf 83' lang='lat' dir='ltr'><strong>ﬁdens</strong></span> <span class='ocrx_word' id='word_1_223' title='bbox 2884 1622 3134 1669; x_wconf 87' lang='lat' dir='ltr'><strong>mortuus</strong></span> <span class='ocrx_word' id='word_1_224' title='bbox 3164 1623 3272 1680; x_wconf 91' lang='lat' dir='ltr'><strong>est,</strong></span> <span class='ocrx_word' id='word_1_225' title='bbox 3297 1616 3537 1672; x_wconf 84' lang='lat' dir='ltr'><strong>auctoris</strong></span> <span class='ocrx_word' id='word_1_226' title='bbox 3563 1615 3650 1672; x_wconf 86' lang='lat' dir='ltr'><strong>sui</strong></span> <span class='ocrx_word' id='word_1_227' title='bbox 3675 1624 3843 1689; x_wconf 78' lang='lat' dir='ltr'><strong>appe-</strong></span> 
     </span>
    </p>
   </div>
   <div class='ocr_carea' id='block_1_30' title="bbox 2246 1699 3841 1778">
    <p class='ocr_par' dir='ltr' id='par_1_30' title="bbox 2246 1699 3841 1778">
     <span class='ocr_line' id='line_1_30' title="bbox 2246 1699 3841 1778; baseline 0.006 -23"><span class='ocrx_word' id='word_1_228' title='bbox 2246 1707 2366 1755; x_wconf 85' lang='lat' dir='ltr'><strong>tens</strong></span> <span class='ocrx_word' id='word_1_229' title='bbox 2393 1699 2720 1769; x_wconf 87' lang='lat' dir='ltr'><strong>adjutorium</strong></span> <span class='ocrx_word' id='word_1_230' title='bbox 2757 1702 2925 1759; x_wconf 89' lang='lat' dir='ltr'><strong>vivat.</strong></span> <span class='ocrx_word' id='word_1_231' title='bbox 2953 1704 3156 1760; x_wconf 85' lang='lat' dir='ltr'><strong>Audiat</strong></span> <span class='ocrx_word' id='word_1_232' title='bbox 3190 1706 3371 1777; x_wconf 82' lang='lat' dir='ltr'><strong>itaque</strong></span> <span class='ocrx_word' id='word_1_233' title='bbox 3398 1708 3485 1762; x_wconf 88' lang='lat' dir='ltr'><strong>vir</strong></span> <span class='ocrx_word' id='word_1_234' title='bbox 3505 1706 3690 1778; x_wconf 85' lang='lat' dir='ltr'><strong>justus</strong></span> <span class='ocrx_word' id='word_1_235' title='bbox 3722 1708 3841 1778; x_wconf 85' lang='lat' dir='ltr'><strong>jam</strong></span> 
     </span>
    </p>
   </div>
   <div class='ocr_carea' id='block_1_31' title="bbox 557 1775 3843 1870">
    <p class='ocr_par' dir='ltr' id='par_1_31' title="bbox 557 1775 3843 1870">
     <span class='ocr_line' id='line_1_31' title="bbox 557 1775 3843 1870; baseline -0.002 -10"><span class='ocrx_word' id='word_1_236' title='bbox 557 1775 756 1860; x_wconf 75' lang='lat' dir='ltr'><strong>mobile</strong></span> <span class='ocrx_word' id='word_1_237' title='bbox 778 1804 831 1858; x_wconf 95' lang='lat' dir='ltr'><strong>in</strong></span> <span class='ocrx_word' id='word_1_238' title='bbox 854 1775 1017 1860; x_wconf 76' lang='lat' dir='ltr'><strong>corde</strong></span> <span class='ocrx_word' id='word_1_239' title='bbox 1040 1810 1223 1858; x_wconf 90' lang='lat' dir='ltr'><strong>vestro</strong></span> <span class='ocrx_word' id='word_1_240' title='bbox 1261 1802 1389 1870; x_wconf 86' lang='lat' dir='ltr'><strong>quia</strong></span> <span class='ocrx_word' id='word_1_241' title='bbox 1420 1819 1440 1853; x_wconf 77' lang='grc' dir='ltr'>ι</span> <span class='ocrx_word' id='word_1_242' title='bbox 1471 1816 1576 1856; x_wconf 90' lang='lat' dir='ltr'><strong>non</strong></span> <span class='ocrx_word' id='word_1_243' title='bbox 1599 1810 1685 1856; x_wconf 89' lang='lat' dir='ltr'><strong>est</strong></span> <span class='ocrx_word' id='word_1_244' title='bbox 1709 1800 1971 1870; x_wconf 85' lang='lat' dir='ltr'><strong>iniquitas</strong></span> <span class='ocrx_word' id='word_1_245' title='bbox 1993 1801 2137 1870; x_wconf 91' lang='lat' dir='ltr'><strong>apud</strong></span> <span class='ocrx_word' id='word_1_246' title='bbox 2164 1775 2213 1836; x_wconf 73' lang='grc' dir='ltr'>Β</span> <span class='ocrx_word' id='word_1_247' title='bbox 2240 1791 2458 1861; x_wconf 82' lang='lat' dir='ltr'><strong>quidem</strong></span> <span class='ocrx_word' id='word_1_248' title='bbox 2486 1808 2546 1848; x_wconf 80' lang='lat' dir='ltr'><strong>se</strong></span> <span class='ocrx_word' id='word_1_249' title='bbox 2567 1793 2746 1850; x_wconf 72' lang='lat' dir='ltr'><strong>sciens</strong></span> <span class='ocrx_word' id='word_1_250' title='bbox 2763 1834 2778 1859; x_wconf 79' lang='lat'><strong>.</strong></span> <span class='ocrx_word' id='word_1_251' title='bbox 2806 1795 2900 1851; x_wconf 80' lang='lat' dir='ltr'><strong>sed</strong></span> <span class='ocrx_word' id='word_1_252' title='bbox 2930 1795 3109 1853; x_wconf 79' lang='lat' dir='ltr'><strong>adhuc</strong></span> <span class='ocrx_word' id='word_1_253' title='bbox 3136 1810 3257 1867; x_wconf 65' lang='lat' dir='ltr'><strong>Qua:</strong></span> <span class='ocrx_word' id='word_1_254' title='bbox 3283 1775 3464 1868; x_wconf 57' lang='lat' dir='ltr'><strong>supra</strong></span> <span class='ocrx_word' id='word_1_255' title='bbox 3488 1775 3548 1855; x_wconf 73' lang='lat' dir='ltr'><strong>se</strong></span> <span class='ocrx_word' id='word_1_256' title='bbox 3577 1810 3705 1856; x_wconf 85' lang='lat' dir='ltr'><strong>sunt</strong></span> <span class='ocrx_word' id='word_1_257' title='bbox 3724 1775 3843 1858; x_wconf 41' lang='grc' dir='ltr'><strong><em>ἠ-</em></strong></span> 
     </span>
    </p>
   </div>
   <div class='ocr_carea' id='block_1_32' title="bbox 556 1883 3844 1967">
    <p class='ocr_par' dir='ltr' id='par_1_32' title="bbox 556 1883 3844 1967">
     <span class='ocr_line' id='line_1_32' title="bbox 556 1883 3844 1967; baseline -0.001 -14"><span class='ocrx_word' id='word_1_258' title='bbox 556 1895 721 1953; x_wconf 84' lang='lat' dir='ltr'><strong>Deum</strong></span> <span class='ocrx_word' id='word_1_259' title='bbox 749 1894 931 1967; x_wconf 85' lang='lat' dir='ltr'><strong>(Rom.</strong></span> <span class='ocrx_word' id='word_1_260' title='bbox 956 1909 1030 1959; x_wconf 81' lang='lat' dir='ltr'><strong>ix,</strong></span> <span class='ocrx_word' id='word_1_261' title='bbox 1066 1893 1177 1963; x_wconf 72' lang='grc' dir='ltr'><strong>Μ).</strong></span> <span class='ocrx_word' id='word_1_262' title='bbox 1213 1912 1232 1945; x_wconf 72' lang='grc' dir='ltr'><strong><em>ι</em></strong></span> <span class='ocrx_word' id='word_1_263' title='bbox 1258 1891 1337 1949; x_wconf 86' lang='lat' dir='ltr'><strong>Ac</strong></span> <span class='ocrx_word' id='word_1_264' title='bbox 1374 1907 1473 1963; x_wconf 91' lang='lat' dir='ltr'><strong>per</strong></span> <span class='ocrx_word' id='word_1_265' title='bbox 1504 1892 1606 1948; x_wconf 92' lang='lat' dir='ltr'><strong>hoc</strong></span> <span class='ocrx_word' id='word_1_266' title='bbox 1628 1893 1846 1961; x_wconf 84' lang='lat' dir='ltr'><strong>quando</strong></span> <span class='ocrx_word' id='word_1_267' title='bbox 1875 1891 2053 1963; x_wconf 88' lang='lat' dir='ltr'><strong>legitis</strong></span> <span class='ocrx_word' id='word_1_268' title='bbox 2080 1892 2137 1948; x_wconf 92' lang='lat' dir='ltr'><strong>in</strong></span> <span class='ocrx_word' id='word_1_269' title='bbox 2240 1883 2454 1938; x_wconf 73' lang='lat' dir='ltr'><strong>sciens:</strong></span> <span class='ocrx_word' id='word_1_270' title='bbox 2484 1902 2505 1938; x_wconf 68' lang='grc' dir='ltr'>ί</span> <span class='ocrx_word' id='word_1_271' title='bbox 2541 1883 2792 1956; x_wconf 87' lang='lat' dir='ltr'><strong>Nunquid</strong></span> <span class='ocrx_word' id='word_1_272' title='bbox 2820 1887 2962 1944; x_wconf 87' lang='lat' dir='ltr'><strong>nosti</strong></span> <span class='ocrx_word' id='word_1_273' title='bbox 2985 1889 3237 1945; x_wconf 86' lang='lat' dir='ltr'><strong>ordinem</strong></span> <span class='ocrx_word' id='word_1_274' title='bbox 3284 1890 3429 1955; x_wconf 72' lang='lat' dir='ltr'><strong>cmli,</strong></span> <span class='ocrx_word' id='word_1_275' title='bbox 3477 1900 3534 1947; x_wconf 89' lang='lat' dir='ltr'><strong>et</strong></span> <span class='ocrx_word' id='word_1_276' title='bbox 3557 1907 3728 1963; x_wconf 85' lang='lat' dir='ltr'><strong>pones</strong></span> <span class='ocrx_word' id='word_1_277' title='bbox 3750 1906 3844 1950; x_wconf 75' lang='lat' dir='ltr'><strong>ra-</strong></span> 
     </span>
    </p>
   </div>
   <div class='ocr_carea' id='block_1_33' title="bbox 552 1978 3844 2059">
    <p class='ocr_par' dir='ltr' id='par_1_33' title="bbox 552 1978 3844 2059">
     <span class='ocr_line' id='line_1_33' title="bbox 552 1978 3844 2059; baseline 0 -15"><span class='ocrx_word' id='word_1_278' title='bbox 552 1989 752 2045; x_wconf 87' lang='lat' dir='ltr'><strong>litteris</strong></span> <span class='ocrx_word' id='word_1_279' title='bbox 775 1988 1028 2044; x_wconf 82' lang='lat' dir='ltr'><strong>veritatis</strong></span> <span class='ocrx_word' id='word_1_280' title='bbox 1051 1986 1217 2041; x_wconf 88' lang='lat' dir='ltr'><strong>aDeo</strong></span> <span class='ocrx_word' id='word_1_281' title='bbox 1255 1985 1437 2042; x_wconf 88' lang='lat' dir='ltr'><strong>seduci</strong></span> <span class='ocrx_word' id='word_1_282' title='bbox 1483 1984 1748 2048; x_wconf 88' lang='lat' dir='ltr'><strong>homines,</strong></span> <span class='ocrx_word' id='word_1_283' title='bbox 1776 1991 1873 2038; x_wconf 87' lang='lat' dir='ltr'><strong>aut</strong></span> <span class='ocrx_word' id='word_1_284' title='bbox 1910 1983 2138 2039; x_wconf 79' lang='lat' dir='ltr'><strong>obtundi</strong></span> <span class='ocrx_word' id='word_1_285' title='bbox 2240 1978 2441 2035; x_wconf 83' lang='lat' dir='ltr'><strong>tionem</strong></span> <span class='ocrx_word' id='word_1_286' title='bbox 2485 1978 2604 2049; x_wconf 86' lang='lat' dir='ltr'><strong>ejus</strong></span> <span class='ocrx_word' id='word_1_287' title='bbox 2651 1981 2708 2036; x_wconf 91' lang='lat' dir='ltr'><strong>in</strong></span> <span class='ocrx_word' id='word_1_288' title='bbox 2738 1982 2979 2037; x_wconf 58' lang='lat' dir='ltr'><strong>terra?»</strong></span> <span class='ocrx_word' id='word_1_289' title='bbox 3036 1980 3159 2054; x_wconf 79' lang='lat' dir='ltr'><strong>(Job</strong></span> <span class='ocrx_word' id='word_1_290' title='bbox 3200 1986 3430 2051; x_wconf 66' lang='lat' dir='ltr'><strong>xxxviii,</strong></span> <span class='ocrx_word' id='word_1_291' title='bbox 3485 1985 3603 2059; x_wconf 58' lang='grc' dir='ltr'><strong>ὅδε)</strong></span> <span class='ocrx_word' id='word_1_292' title='bbox 3650 1987 3707 2044; x_wconf 83' lang='lat' dir='ltr'><strong>id</strong></span> <span class='ocrx_word' id='word_1_293' title='bbox 3754 1982 3844 2044; x_wconf 70' lang='lat' dir='ltr'><strong>est</strong></span> 
     </span>
    </p>
   </div>
   <div class='ocr_carea' id='block_1_34' title="bbox 538 2069 3841 2149">
    <p class='ocr_par' dir='ltr' id='par_1_34' title="bbox 538 2069 3841 2149">
     <span class='ocr_line' id='line_1_34' title="bbox 538 2069 3841 2149; baseline -0.001 -15"><span class='ocrx_word' id='word_1_294' title='bbox 538 2079 637 2149; x_wconf 66' lang='lat' dir='ltr'><strong>vel</strong></span> <span class='ocrx_word' id='word_1_295' title='bbox 657 2078 912 2135; x_wconf 87' lang='lat' dir='ltr'><strong>obdurari</strong></span> <span class='ocrx_word' id='word_1_296' title='bbox 939 2078 1105 2133; x_wconf 89' lang='lat' dir='ltr'><strong>corda</strong></span> <span class='ocrx_word' id='word_1_297' title='bbox 1150 2092 1363 2140; x_wconf 90' lang='lat' dir='ltr'><strong>eorum,</strong></span> <span class='ocrx_word' id='word_1_298' title='bbox 1409 2074 1574 2130; x_wconf 89' lang='lat' dir='ltr'><strong>nolite</strong></span> <span class='ocrx_word' id='word_1_299' title='bbox 1616 2073 1865 2129; x_wconf 88' lang='lat' dir='ltr'><strong>dubitare</strong></span> <span class='ocrx_word' id='word_1_300' title='bbox 1896 2089 2137 2144; x_wconf 22' lang='lat' dir='ltr'><strong>,przeces-</strong></span> <span class='ocrx_word' id='word_1_301' title='bbox 2241 2069 2484 2139; x_wconf 84' lang='lat' dir='ltr'><strong>nunquid</strong></span> <span class='ocrx_word' id='word_1_302' title='bbox 2512 2070 2757 2128; x_wconf 89' lang='lat' dir='ltr'><strong>occultos</strong></span> <span class='ocrx_word' id='word_1_303' title='bbox 2774 2071 2997 2129; x_wconf 86' lang='lat' dir='ltr'><strong>ordines</strong></span> <span class='ocrx_word' id='word_1_304' title='bbox 3011 2071 3344 2143; x_wconf 87' lang='lat' dir='ltr'><strong>judiciorum</strong></span> <span class='ocrx_word' id='word_1_305' title='bbox 3370 2075 3673 2132; x_wconf 78' lang='lat' dir='ltr'><strong>ctelestiurn</strong></span> <span class='ocrx_word' id='word_1_306' title='bbox 3694 2089 3841 2133; x_wconf 68' lang='lat' dir='ltr'><strong>con-</strong></span> 
     </span>
    </p>
   </div>
   <div class='ocr_carea' id='block_1_35' title="bbox 537 2161 3840 2245">
    <p class='ocr_par' dir='ltr' id='par_1_35' title="bbox 537 2161 3840 2245">
     <span class='ocr_line' id='line_1_35' title="bbox 537 2161 3840 2245; baseline -0.001 -19"><span class='ocrx_word' id='word_1_307' title='bbox 537 2172 687 2245; x_wconf 56' lang='lat' dir='ltr'><strong>sisse</strong></span> <span class='ocrx_word' id='word_1_308' title='bbox 715 2170 853 2225; x_wconf 84' lang='lat' dir='ltr'><strong>mala</strong></span> <span class='ocrx_word' id='word_1_309' title='bbox 875 2170 1070 2225; x_wconf 88' lang='lat' dir='ltr'><strong>merita</strong></span> <span class='ocrx_word' id='word_1_310' title='bbox 1096 2182 1307 2230; x_wconf 88' lang='lat' dir='ltr'><strong>eorum,</strong></span> <span class='ocrx_word' id='word_1_311' title='bbox 1330 2175 1391 2221; x_wconf 90' lang='lat' dir='ltr'><strong>ut</strong></span> <span class='ocrx_word' id='word_1_312' title='bbox 1413 2166 1684 2238; x_wconf 85' lang='lat' dir='ltr'><strong>justeista</strong></span> <span class='ocrx_word' id='word_1_313' title='bbox 1703 2173 2040 2235; x_wconf 86' lang='lat' dir='ltr'><strong>paterentur,</strong></span> <span class='ocrx_word' id='word_1_314' title='bbox 2068 2179 2138 2227; x_wconf 82' lang='lat' dir='ltr'><strong>ne</strong></span> <span class='ocrx_word' id='word_1_315' title='bbox 2237 2161 2555 2231; x_wconf 86' lang='lat' dir='ltr'><strong>prehendis,</strong></span> <span class='ocrx_word' id='word_1_316' title='bbox 2616 2171 2712 2218; x_wconf 92' lang='lat' dir='ltr'><strong>aut</strong></span> <span class='ocrx_word' id='word_1_317' title='bbox 2760 2164 2977 2233; x_wconf 88' lang='lat' dir='ltr'><strong>aperire</strong></span> <span class='ocrx_word' id='word_1_318' title='bbox 3038 2165 3292 2222; x_wconf 76' lang='lat' dir='ltr'><strong>humanis</strong></span> <span class='ocrx_word' id='word_1_319' title='bbox 3326 2167 3555 2223; x_wconf 81' lang='lat' dir='ltr'><strong>auribus</strong></span> <span class='ocrx_word' id='word_1_320' title='bbox 3596 2167 3840 2224; x_wconf 72' lang='lat' dir='ltr'><strong>sufﬁcis?</strong></span> 
     </span>
    </p>
   </div>
   <div class='ocr_carea' id='block_1_36' title="bbox 536 2246 3840 2335">
    <p class='ocr_par' dir='ltr' id='par_1_36' title="bbox 536 2246 3840 2335">
     <span class='ocr_line' id='line_1_36' title="bbox 536 2246 3840 2335; baseline 0 -17"><span class='ocrx_word' id='word_1_321' title='bbox 536 2246 843 2335; x_wconf 70' lang='lat' dir='ltr'><strong>,jiipurratis</strong></span> <span class='ocrx_word' id='word_1_322' title='bbox 874 2263 1006 2318; x_wconf 90' lang='lat' dir='ltr'><strong>illud</strong></span> <span class='ocrx_word' id='word_1_323' title='bbox 1037 2261 1381 2333; x_wconf 90' lang='lat' dir='ltr'><strong>proverbium</strong></span> <span class='ocrx_word' id='word_1_324' title='bbox 1406 2258 1756 2321; x_wconf 84' lang='lat' dir='ltr'><strong>Salomonis:</strong></span> <span class='ocrx_word' id='word_1_325' title='bbox 1806 2278 1828 2320; x_wconf 63' lang='grc' dir='ltr'><em>ς</em></span> <span class='ocrx_word' id='word_1_326' title='bbox 1874 2258 2137 2330; x_wconf 88' lang='lat' dir='ltr'><strong>Insipien-</strong></span> <span class='ocrx_word' id='word_1_327' title='bbox 2234 2252 2440 2310; x_wconf 78' lang='lat' dir='ltr'><strong>Beatus</strong></span> <span class='ocrx_word' id='word_1_328' title='bbox 2486 2255 2652 2325; x_wconf 77' lang='lat' dir='ltr'><strong>igitur</strong></span> <span class='ocrx_word' id='word_1_329' title='bbox 2680 2253 2784 2312; x_wconf 77' lang='lat' dir='ltr'><strong>Joh</strong></span> <span class='ocrx_word' id='word_1_330' title='bbox 2830 2257 2903 2312; x_wconf 86' lang='lat' dir='ltr'><strong>de</strong></span> <span class='ocrx_word' id='word_1_331' title='bbox 2943 2257 3272 2329; x_wconf 71' lang='lat' dir='ltr'><strong>iudiciorum</strong></span> <span class='ocrx_word' id='word_1_332' title='bbox 3319 2259 3840 2332; x_wconf 63' lang='lat' dir='ltr'><strong>incomprehensiﬂ-</strong></span> 
     </span>
    </p>
   </div>
   <div class='ocr_carea' id='block_1_37' title="bbox 538 2347 3836 2436">
    <p class='ocr_par' dir='ltr' id='par_1_37' title="bbox 538 2347 3836 2436">
     <span class='ocr_line' id='line_1_37' title="bbox 538 2347 3836 2436; baseline -0.001 -24"><span class='ocrx_word' id='word_1_333' title='bbox 538 2356 757 2436; x_wconf 46' lang='lat' dir='ltr'><strong>[tigivigi</strong></span> <span class='ocrx_word' id='word_1_334' title='bbox 784 2355 949 2421; x_wconf 72' lang='lat' dir='ltr'><strong>violat</strong></span> <span class='ocrx_word' id='word_1_335' title='bbox 992 2354 1109 2410; x_wconf 90' lang='lat' dir='ltr'><strong>vias</strong></span> <span class='ocrx_word' id='word_1_336' title='bbox 1132 2354 1287 2431; x_wconf 77' lang='lat' dir='ltr'><strong>ejus,</strong></span> <span class='ocrx_word' id='word_1_337' title='bbox 1333 2353 1504 2408; x_wconf 88' lang='lat' dir='ltr'><strong>Deum</strong></span> <span class='ocrx_word' id='word_1_338' title='bbox 1551 2359 1737 2407; x_wconf 87' lang='lat' dir='ltr'><strong>autem</strong></span> <span class='ocrx_word' id='word_1_339' title='bbox 1778 2360 2037 2408; x_wconf 86' lang='lat' dir='ltr'><strong>causatur</strong></span> <span class='ocrx_word' id='word_1_340' title='bbox 2077 2352 2134 2407; x_wconf 91' lang='lat' dir='ltr'><strong>in</strong></span> <span class='ocrx_word' id='word_1_341' title='bbox 2236 2347 2367 2402; x_wconf 91' lang='lat' dir='ltr'><strong>lium</strong></span> <span class='ocrx_word' id='word_1_342' title='bbox 2399 2348 2816 2420; x_wconf 80' lang='lat' dir='ltr'><strong>investigatione</strong></span> <span class='ocrx_word' id='word_1_343' title='bbox 2844 2351 3166 2420; x_wconf 84' lang='lat' dir='ltr'><strong>requiritur,</strong></span> <span class='ocrx_word' id='word_1_344' title='bbox 3209 2352 3350 2408; x_wconf 85' lang='lat' dir='ltr'><strong>acsi</strong></span> <span class='ocrx_word' id='word_1_345' title='bbox 3384 2352 3655 2424; x_wconf 86' lang='lat' dir='ltr'><strong>eiaperte</strong></span> <span class='ocrx_word' id='word_1_346' title='bbox 3684 2353 3836 2410; x_wconf 82' lang='lat' dir='ltr'><strong>diea-</strong></span> 
     </span>
    </p>
   </div>
   <div class='ocr_carea' id='block_1_38' title="bbox 542 2442 1659 2517">
    <p class='ocr_par' dir='ltr' id='par_1_38' title="bbox 542 2442 1659 2517">
     <span class='ocr_line' id='line_1_38' title="bbox 542 2442 1659 2517; baseline -0.011 -9"><span class='ocrx_word' id='word_1_347' title='bbox 542 2450 837 2513; x_wconf 70' lang='lat' dir='ltr'><strong>corde&#39;suo</strong></span> <span class='ocrx_word' id='word_1_348' title='bbox 859 2448 1042 2517; x_wconf 74' lang='grc' dir='ltr'><strong>(Ρτόυ.</strong></span> <span class='ocrx_word' id='word_1_349' title='bbox 1068 2463 1181 2513; x_wconf 71' lang='lat' dir='ltr'><strong>XIX,</strong></span> <span class='ocrx_word' id='word_1_350' title='bbox 1207 2447 1262 2511; x_wconf 76' lang='lat'><strong>5,</strong></span> <span class='ocrx_word' id='word_1_351' title='bbox 1287 2462 1391 2501; x_wconf 80' lang='lat' dir='ltr'><strong>sec.</strong></span> <span class='ocrx_word' id='word_1_352' title='bbox 1415 2442 1608 2514; x_wconf 80' lang='lat' dir='ltr'><strong>LXX).</strong></span> <span class='ocrx_word' id='word_1_353' title='bbox 1641 2462 1659 2495; x_wconf 72' lang='grc' dir='ltr'><strong>ο</strong></span> 
     </span>
    </p>
   </div>
   <div class='ocr_carea' id='block_1_39' title="bbox 540 2536 2135 2611">
    <p class='ocr_par' dir='ltr' id='par_1_39' title="bbox 540 2536 2135 2611">
     <span class='ocr_line' id='line_1_39' title="bbox 540 2536 2135 2611; baseline -0.003 -15"><span class='ocrx_word' id='word_1_354' title='bbox 540 2569 573 2611; x_wconf 62' lang='grc' dir='ltr'><strong>,κ</strong></span> <span class='ocrx_word' id='word_1_355' title='bbox 605 2538 717 2605; x_wconf 57' lang='lat' dir='ltr'><strong>diis</strong></span> <span class='ocrx_word' id='word_1_356' title='bbox 738 2541 887 2603; x_wconf 82' lang='lat' dir='ltr'><strong>beati</strong></span> <span class='ocrx_word' id='word_1_357' title='bbox 908 2538 1191 2611; x_wconf 75' lang='lat' dir='ltr'><strong>Augustini</strong></span> <span class='ocrx_word' id='word_1_358' title='bbox 1214 2538 1397 2594; x_wconf 88' lang='lat' dir='ltr'><strong>verbis</strong></span> <span class='ocrx_word' id='word_1_359' title='bbox 1420 2536 1864 2594; x_wconf 76' lang='lat' dir='ltr'><strong>manifestissime</strong></span> <span class='ocrx_word' id='word_1_360' title='bbox 1877 2538 2135 2594; x_wconf 83' lang='lat' dir='ltr'><strong>docemur</strong></span> 
     </span>
    </p>
   </div>
   <div class='ocr_carea' id='block_1_40' title="bbox 538 2629 2134 2707">
    <p class='ocr_par' dir='ltr' id='par_1_40' title="bbox 538 2629 2134 2707">
     <span class='ocr_line' id='line_1_40' title="bbox 538 2629 2134 2707; baseline -0.001 -20"><span class='ocrx_word' id='word_1_361' title='bbox 538 2632 903 2707; x_wconf 71' lang='lat' dir='ltr'><strong>eugitatiopes</strong></span> <span class='ocrx_word' id='word_1_362' title='bbox 933 2632 1211 2690; x_wconf 88' lang='lat' dir='ltr'><strong>hominum</strong></span> <span class='ocrx_word' id='word_1_363' title='bbox 1235 2641 1292 2687; x_wconf 89' lang='lat' dir='ltr'><strong>et</strong></span> <span class='ocrx_word' id='word_1_364' title='bbox 1330 2640 1486 2686; x_wconf 88' lang='lat' dir='ltr'><strong>actus</strong></span> <span class='ocrx_word' id='word_1_365' title='bbox 1522 2630 1719 2685; x_wconf 57' lang='lat' dir='ltr'><strong>divinae</strong></span> <span class='ocrx_word' id='word_1_366' title='bbox 1759 2629 2134 2700; x_wconf 80' lang='lat' dir='ltr'><strong>obtemperare</strong></span> 
     </span>
    </p>
   </div>
   <div class='ocr_carea' id='block_1_41' title="bbox 540 2722 2133 2796">
    <p class='ocr_par' dir='ltr' id='par_1_41' title="bbox 540 2722 2133 2796">
     <span class='ocr_line' id='line_1_41' title="bbox 540 2722 2133 2796; baseline -0.003 -13"><span class='ocrx_word' id='word_1_367' title='bbox 540 2725 908 2795; x_wconf 74' lang='lat' dir='ltr'><strong>dispositioni,</strong></span> <span class='ocrx_word' id='word_1_368' title='bbox 933 2724 1183 2796; x_wconf 87' lang='lat' dir='ltr'><strong>quamvis</strong></span> <span class='ocrx_word' id='word_1_369' title='bbox 1218 2723 1318 2793; x_wconf 86' lang='lat' dir='ltr'><strong>ipsi</strong></span> <span class='ocrx_word' id='word_1_370' title='bbox 1349 2722 1744 2779; x_wconf 16' lang='lat' dir='ltr'><strong>hnmi‘nes‘hoc</strong></span> <span class='ocrx_word' id='word_1_371' title='bbox 1790 2722 1984 2788; x_wconf 89' lang='lat' dir='ltr'><strong>nolint,</strong></span> <span class='ocrx_word' id='word_1_372' title='bbox 2027 2734 2133 2779; x_wconf 86' lang='lat' dir='ltr'><strong>nee</strong></span> 
     </span>
    </p>
   </div>
   <div class='ocr_carea' id='block_1_42' title="bbox 542 2812 2130 2884">
    <p class='ocr_par' dir='ltr' id='par_1_42' title="bbox 542 2812 2130 2884">
     <span class='ocr_line' id='line_1_42' title="bbox 542 2812 2130 2884; baseline -0.003 -13"><span class='ocrx_word' id='word_1_373' title='bbox 542 2828 731 2871; x_wconf 67' lang='lat' dir='ltr'><strong>earnm</strong></span> <span class='ocrx_word' id='word_1_374' title='bbox 754 2815 980 2870; x_wconf 87' lang='lat' dir='ltr'><strong>intentio</strong></span> <span class='ocrx_word' id='word_1_375' title='bbox 999 2813 1115 2884; x_wconf 90' lang='lat' dir='ltr'><strong>ejus</strong></span> <span class='ocrx_word' id='word_1_376' title='bbox 1129 2812 1391 2870; x_wconf 81' lang='lat' dir='ltr'><strong>voluntati</strong></span> <span class='ocrx_word' id='word_1_377' title='bbox 1413 2820 1469 2867; x_wconf 89' lang='lat' dir='ltr'><strong>et</strong></span> <span class='ocrx_word' id='word_1_378' title='bbox 1492 2813 1719 2882; x_wconf 85' lang='lat' dir='ltr'><strong>imperio</strong></span> <span class='ocrx_word' id='word_1_379' title='bbox 1736 2812 1866 2867; x_wconf 83' lang='lat' dir='ltr'><strong>velit</strong></span> <span class='ocrx_word' id='word_1_380' title='bbox 1885 2812 2130 2869; x_wconf 86' lang='lat' dir='ltr'><strong>obedire.</strong></span> 
     </span>
    </p>
   </div>
   <div class='ocr_carea' id='block_1_43' title="bbox 2235 2447 3836 2521">
    <p class='ocr_par' dir='ltr' id='par_1_43' title="bbox 2235 2447 3836 2521">
     <span class='ocr_line' id='line_1_43' title="bbox 2235 2447 3836 2521; baseline 0.003 -19"><span class='ocrx_word' id='word_1_381' title='bbox 2235 2453 2422 2502; x_wconf 88' lang='lat' dir='ltr'><strong>retur:</strong></span> <span class='ocrx_word' id='word_1_382' title='bbox 2476 2447 2685 2503; x_wconf 88' lang='lat' dir='ltr'><strong>Cuncta</strong></span> <span class='ocrx_word' id='word_1_383' title='bbox 2713 2462 2835 2519; x_wconf 59' lang='lat' dir='ltr'><strong>quas</strong></span> <span class='ocrx_word' id='word_1_384' title='bbox 2858 2448 3065 2519; x_wconf 85' lang='lat' dir='ltr'><strong>pateris</strong></span> <span class='ocrx_word' id='word_1_385' title='bbox 3095 2457 3249 2505; x_wconf 88' lang='lat' dir='ltr'><strong>tanto</strong></span> <span class='ocrx_word' id='word_1_386' title='bbox 3274 2448 3513 2506; x_wconf 84' lang='lat' dir='ltr'><strong>tolerare</strong></span> <span class='ocrx_word' id='word_1_387' title='bbox 3536 2451 3836 2521; x_wconf 79' lang='lat' dir='ltr'><strong>patientius</strong></span> 
     </span>
    </p>
   </div>
   <div class='ocr_carea' id='block_1_44' title="bbox 2232 2540 3837 2614">
    <p class='ocr_par' dir='ltr' id='par_1_44' title="bbox 2232 2540 3837 2614">
     <span class='ocr_line' id='line_1_44' title="bbox 2232 2540 3837 2614; baseline 0.003 -18"><span class='ocrx_word' id='word_1_388' title='bbox 2232 2540 2420 2606; x_wconf 86' lang='lat' dir='ltr'><strong>debes,</strong></span> <span class='ocrx_word' id='word_1_389' title='bbox 2468 2549 2693 2611; x_wconf 89' lang='lat' dir='ltr'><strong>quanto,</strong></span> <span class='ocrx_word' id='word_1_390' title='bbox 2723 2550 3060 2599; x_wconf 86' lang='lat' dir='ltr'><strong>secretorum</strong></span> <span class='ocrx_word' id='word_1_391' title='bbox 3087 2541 3392 2600; x_wconf 60' lang='lat' dir='ltr'><strong>calestium</strong></span> <span class='ocrx_word' id='word_1_392' title='bbox 3442 2543 3685 2614; x_wconf 88' lang='lat' dir='ltr'><strong>ignarus,</strong></span> <span class='ocrx_word' id='word_1_393' title='bbox 3732 2555 3837 2601; x_wconf 75' lang='lat' dir='ltr'><strong>cur</strong></span> 
     </span>
    </p>
   </div>
   <div class='ocr_carea' id='block_1_45' title="bbox 2236 2630 2832 2705">
    <p class='ocr_par' dir='ltr' id='par_1_45' title="bbox 2236 2630 2832 2705">
     <span class='ocr_line' id='line_1_45' title="bbox 2236 2630 2832 2705; baseline -0.002 -19"><span class='ocrx_word' id='word_1_394' title='bbox 2236 2630 2352 2686; x_wconf 72' lang='lat' dir='ltr'><strong>haec</strong></span> <span class='ocrx_word' id='word_1_395' title='bbox 2372 2631 2577 2701; x_wconf 89' lang='lat' dir='ltr'><strong>pateris</strong></span> <span class='ocrx_word' id='word_1_396' title='bbox 2604 2630 2832 2705; x_wconf 84' lang='lat' dir='ltr'><strong>nescis.]</strong></span> 
     </span>
    </p>
   </div>
   <div class='ocr_carea' id='block_1_46' title="bbox 2306 2723 3834 2795">
    <p class='ocr_par' dir='ltr' id='par_1_46' title="bbox 2306 2723 3834 2795">
     <span class='ocr_line' id='line_1_46' title="bbox 2306 2723 3834 2795; baseline 0.002 -18"><span class='ocrx_word' id='word_1_397' title='bbox 2306 2723 2385 2778; x_wconf 90' lang='lat' dir='ltr'><strong>De</strong></span> <span class='ocrx_word' id='word_1_398' title='bbox 2408 2739 2515 2794; x_wconf 88' lang='lat' dir='ltr'><strong>qua</strong></span> <span class='ocrx_word' id='word_1_399' title='bbox 2560 2724 2776 2781; x_wconf 88' lang='lat' dir='ltr'><strong>occulta</strong></span> <span class='ocrx_word' id='word_1_400' title='bbox 2818 2732 3152 2782; x_wconf 82' lang='lat' dir='ltr'><strong>secretorum</strong></span> <span class='ocrx_word' id='word_1_401' title='bbox 3191 2724 3520 2795; x_wconf 76' lang='lat' dir='ltr'><strong>iudiciorum</strong></span> <span class='ocrx_word' id='word_1_402' title='bbox 3551 2725 3834 2795; x_wconf 61' lang='lat' dir='ltr'><strong>dispensus</strong></span> 
     </span>
    </p>
   </div>
   <div class='ocr_carea' id='block_1_47' title="bbox 2234 2815 3833 2890">
    <p class='ocr_par' dir='ltr' id='par_1_47' title="bbox 2234 2815 3833 2890">
     <span class='ocr_line' id='line_1_47' title="bbox 2234 2815 3833 2890; baseline 0.003 -21"><span class='ocrx_word' id='word_1_403' title='bbox 2234 2815 2384 2871; x_wconf 89' lang='lat' dir='ltr'><strong>tione</strong></span> <span class='ocrx_word' id='word_1_404' title='bbox 2418 2815 2645 2886; x_wconf 89' lang='lat' dir='ltr'><strong>loquens</strong></span> <span class='ocrx_word' id='word_1_405' title='bbox 2672 2818 2811 2890; x_wconf 79' lang='lat' dir='ltr'><strong>(cap.</strong></span> <span class='ocrx_word' id='word_1_406' title='bbox 2845 2817 2939 2888; x_wconf 73' lang='lat'><strong>29)</strong></span> <span class='ocrx_word' id='word_1_407' title='bbox 2966 2827 3232 2874; x_wconf 88' lang='lat' dir='ltr'><strong>monstrat</strong></span> <span class='ocrx_word' id='word_1_408' title='bbox 3254 2816 3535 2875; x_wconf 85' lang='lat' dir='ltr'><strong>Judaicum</strong></span> <span class='ocrx_word' id='word_1_409' title='bbox 3573 2817 3833 2889; x_wconf 82' lang='lat' dir='ltr'><strong>populum</strong></span> 
     </span>
    </p>
   </div>
   <div class='ocr_carea' id='block_1_48' title="bbox 543 2904 3835 2982">
    <p class='ocr_par' dir='ltr' id='par_1_48' title="bbox 543 2904 3835 2982">
     <span class='ocr_line' id='line_1_48' title="bbox 543 2904 3835 2982; baseline 0.002 -19"><span class='ocrx_word' id='word_1_410' title='bbox 543 2907 622 2963; x_wconf 88' lang='lat' dir='ltr'><strong>De</strong></span> <span class='ocrx_word' id='word_1_411' title='bbox 644 2909 746 2963; x_wconf 86' lang='lat' dir='ltr'><strong>hac</strong></span> <span class='ocrx_word' id='word_1_412' title='bbox 768 2908 1119 2978; x_wconf 73' lang='lat' dir='ltr'><strong>dispositione</strong></span> <span class='ocrx_word' id='word_1_413' title='bbox 1143 2907 1325 2962; x_wconf 89' lang='lat' dir='ltr'><strong>divina</strong></span> <span class='ocrx_word' id='word_1_414' title='bbox 1364 2905 1556 2961; x_wconf 88' lang='lat' dir='ltr'><strong>beatus</strong></span> <span class='ocrx_word' id='word_1_415' title='bbox 1589 2904 1887 2976; x_wconf 76' lang='lat' dir='ltr'><strong>Gregorius</strong></span> <span class='ocrx_word' id='word_1_416' title='bbox 1912 2905 1966 2960; x_wconf 93' lang='lat' dir='ltr'><strong>in</strong></span> <span class='ocrx_word' id='word_1_417' title='bbox 1993 2904 2132 2961; x_wconf 83' lang='lat' dir='ltr'><strong>libre</strong></span> <span class='ocrx_word' id='word_1_418' title='bbox 2232 2908 2508 2978; x_wconf 86' lang='lat' dir='ltr'><strong>repulsum</strong></span> <span class='ocrx_word' id='word_1_419' title='bbox 2537 2918 2593 2964; x_wconf 88' lang='lat' dir='ltr'><strong>et</strong></span> <span class='ocrx_word' id='word_1_420' title='bbox 2620 2909 2875 2980; x_wconf 88' lang='lat' dir='ltr'><strong>gentilem</strong></span> <span class='ocrx_word' id='word_1_421' title='bbox 2902 2919 3234 2981; x_wconf 87' lang='lat' dir='ltr'><strong>susceptum,</strong></span> <span class='ocrx_word' id='word_1_422' title='bbox 3251 2909 3325 2967; x_wconf 88' lang='lat' dir='ltr'><strong>ita</strong></span> <span class='ocrx_word' id='word_1_423' title='bbox 3347 2912 3560 2967; x_wconf 87' lang='lat' dir='ltr'><strong>dicens:</strong></span> <span class='ocrx_word' id='word_1_424' title='bbox 3594 2928 3615 2962; x_wconf 74' lang='grc' dir='ltr'><strong><em>ι</em></strong></span> <span class='ocrx_word' id='word_1_425' title='bbox 3651 2909 3731 2982; x_wconf 85' lang='lat' dir='ltr'><strong>[in</strong></span> <span class='ocrx_word' id='word_1_426' title='bbox 3758 2909 3835 2968; x_wconf 62' lang='grc' dir='ltr'><strong>ει.</strong></span> 
     </span>
    </p>
   </div>
   <div class='ocr_carea' id='block_1_49' title="bbox 544 2994 3827 3081">
    <p class='ocr_par' dir='ltr' id='par_1_49' title="bbox 544 2994 3827 3081">
     <span class='ocr_line' id='line_1_49' title="bbox 544 2994 3827 3081; baseline 0.002 -28"><span class='ocrx_word' id='word_1_427' title='bbox 544 2997 828 3054; x_wconf 75' lang='lat' dir='ltr'><strong>Moralium</strong></span> <span class='ocrx_word' id='word_1_428' title='bbox 846 3012 979 3074; x_wconf 67' lang='lat' dir='ltr'><strong>:th</strong></span> <span class='ocrx_word' id='word_1_429' title='bbox 1000 2996 1137 3069; x_wconf 80' lang='lat' dir='ltr'><strong>(cap.</strong></span> <span class='ocrx_word' id='word_1_430' title='bbox 1163 2996 1288 3067; x_wconf 83' lang='lat' dir='ltr'><strong>ult.)</strong></span> <span class='ocrx_word' id='word_1_431' title='bbox 1314 2996 1386 3050; x_wconf 94' lang='lat' dir='ltr'><strong>ita</strong></span> <span class='ocrx_word' id='word_1_432' title='bbox 1409 2996 1676 3065; x_wconf 80' lang='lat' dir='ltr'><strong>loquitur:</strong></span> <span class='ocrx_word' id='word_1_433' title='bbox 1702 2994 1983 3068; x_wconf 87' lang='lat' dir='ltr'><strong>[Ordinem</strong></span> <span class='ocrx_word' id='word_1_434' title='bbox 2007 2994 2133 3051; x_wconf 77' lang='lat' dir='ltr'><strong>coeli</strong></span> <span class='ocrx_word' id='word_1_435' title='bbox 2227 2998 3378 3076; x_wconf 67' lang='lat' dir='ltr'><strong>.militttdinemlapidisaqutedurantuonb</strong></span> <span class='ocrx_word' id='word_1_436' title='bbox 3417 3000 3827 3081; x_wconf 67' lang='lat' dir='ltr'><strong>xxxwu,30).a</strong></span> 
     </span>
    </p>
   </div>
   <div class='ocr_carea' id='block_1_50' title="bbox 545 3084 3831 3202">
    <p class='ocr_par' dir='ltr' id='par_1_50' title="bbox 545 3084 3831 3202">
     <span class='ocr_line' id='line_1_50' title="bbox 545 3084 3831 3202; baseline 0.003 -58"><span class='ocrx_word' id='word_1_437' title='bbox 545 3104 705 3202; x_wconf 65' lang='lat' dir='ltr'><strong>nosse</strong></span> <span class='ocrx_word' id='word_1_438' title='bbox 741 3096 827 3191; x_wconf 78' lang='lat' dir='ltr'><strong>est</strong></span> <span class='ocrx_word' id='word_1_439' title='bbox 870 3103 1226 3202; x_wconf 45' lang='lat' dir='ltr'><strong>superlnarum</strong></span> <span class='ocrx_word' id='word_1_440' title='bbox 1266 3087 1681 3189; x_wconf 80' lang='lat' dir='ltr'><strong>dispositionum</strong></span> <span class='ocrx_word' id='word_1_441' title='bbox 1714 3084 1965 3188; x_wconf 73' lang='lat' dir='ltr'><strong>occultas</strong></span> <span class='ocrx_word' id='word_1_442' title='bbox 1991 3100 2131 3157; x_wconf 73' lang='lat' dir='ltr'><strong>prte-</strong></span> <span class='ocrx_word' id='word_1_443' title='bbox 2232 3092 2420 3162; x_wconf 81' lang='lat' dir='ltr'><strong>Aquas</strong></span> <span class='ocrx_word' id='word_1_444' title='bbox 2447 3092 2591 3149; x_wconf 90' lang='lat' dir='ltr'><strong>enim</strong></span> <span class='ocrx_word' id='word_1_445' title='bbox 2618 3094 2845 3164; x_wconf 90' lang='lat' dir='ltr'><strong>populos</strong></span> <span class='ocrx_word' id='word_1_446' title='bbox 2874 3096 3045 3166; x_wconf 85' lang='lat' dir='ltr'><strong>accipi</strong></span> <span class='ocrx_word' id='word_1_447' title='bbox 3067 3096 3180 3168; x_wconf 88' lang='lat' dir='ltr'><strong>jam</strong></span> <span class='ocrx_word' id='word_1_448' title='bbox 3210 3098 3411 3168; x_wconf 77' lang='lat' dir='ltr'><strong>saepius</strong></span> <span class='ocrx_word' id='word_1_449' title='bbox 3431 3099 3712 3156; x_wconf 86' lang='lat' dir='ltr'><strong>edocuisse</strong></span> <span class='ocrx_word' id='word_1_450' title='bbox 3740 3096 3831 3153; x_wconf 71' lang='lat' dir='ltr'><strong>me</strong></span> 
     </span>
    </p>
   </div>
   <div class='ocr_carea' id='block_1_51' title="bbox 542 3176 3830 3261">
    <p class='ocr_par' dir='ltr' id='par_1_51' title="bbox 542 3176 3830 3261">
     <span class='ocr_line' id='line_1_51' title="bbox 542 3176 3830 3261; baseline 0.004 -28"><span class='ocrx_word' id='word_1_451' title='bbox 542 3178 934 3235; x_wconf 86' lang='lat' dir='ltr'><strong>destinationes</strong></span> <span class='ocrx_word' id='word_1_452' title='bbox 959 3178 1174 3243; x_wconf 84' lang='lat' dir='ltr'><strong>videre;</strong></span> <span class='ocrx_word' id='word_1_453' title='bbox 1202 3177 1469 3233; x_wconf 85' lang='lat' dir='ltr'><strong>rationem</strong></span> <span class='ocrx_word' id='word_1_454' title='bbox 1509 3191 1639 3232; x_wconf 87' lang='lat' dir='ltr'><strong>vero</strong></span> <span class='ocrx_word' id='word_1_455' title='bbox 1680 3176 1798 3247; x_wconf 82' lang='lat' dir='ltr'><strong>ejus</strong></span> <span class='ocrx_word' id='word_1_456' title='bbox 1840 3177 1896 3231; x_wconf 90' lang='lat' dir='ltr'><strong>in</strong></span> <span class='ocrx_word' id='word_1_457' title='bbox 1923 3185 2129 3234; x_wconf 86' lang='lat' dir='ltr'><strong>terram</strong></span> <span class='ocrx_word' id='word_1_458' title='bbox 2156 3176 2204 3202; x_wconf 78' lang='grc'><strong>“⁴</strong></span> <span class='ocrx_word' id='word_1_459' title='bbox 2235 3183 2477 3238; x_wconf 92' lang='lat' dir='ltr'><strong>memini.</strong></span> <span class='ocrx_word' id='word_1_460' title='bbox 2523 3182 2581 3238; x_wconf 93' lang='lat' dir='ltr'><strong>ln</strong></span> <span class='ocrx_word' id='word_1_461' title='bbox 2617 3184 2797 3254; x_wconf 89' lang='lat' dir='ltr'><strong>lapide</strong></span> <span class='ocrx_word' id='word_1_462' title='bbox 2816 3200 2948 3243; x_wconf 85' lang='lat' dir='ltr'><strong>vero</strong></span> <span class='ocrx_word' id='word_1_463' title='bbox 2982 3202 3082 3258; x_wconf 87' lang='lat' dir='ltr'><strong>pro</strong></span> <span class='ocrx_word' id='word_1_464' title='bbox 3133 3186 3248 3258; x_wconf 84' lang='lat' dir='ltr'><strong>ipsa</strong></span> <span class='ocrx_word' id='word_1_465' title='bbox 3298 3190 3492 3245; x_wconf 88' lang='lat' dir='ltr'><strong>duritia</strong></span> <span class='ocrx_word' id='word_1_466' title='bbox 3538 3185 3830 3261; x_wconf 68' lang='lat' dir='ltr'><strong>aliquando</strong></span> 
     </span>
    </p>
   </div>
   <div class='ocr_carea' id='block_1_52' title="bbox 543 3267 3829 3352">
    <p class='ocr_par' dir='ltr' id='par_1_52' title="bbox 543 3267 3829 3352">
     <span class='ocr_line' id='line_1_52' title="bbox 543 3267 3829 3352; baseline 0.004 -28"><span class='ocrx_word' id='word_1_467' title='bbox 543 3283 764 3340; x_wconf 89' lang='lat' dir='ltr'><strong>ponere,</strong></span> <span class='ocrx_word' id='word_1_468' title='bbox 802 3278 885 3325; x_wconf 86' lang='lat' dir='ltr'><strong>est</strong></span> <span class='ocrx_word' id='word_1_469' title='bbox 914 3278 1041 3324; x_wconf 87' lang='lat' dir='ltr'><strong>ante</strong></span> <span class='ocrx_word' id='word_1_470' title='bbox 1087 3269 1324 3323; x_wconf 83' lang='lat' dir='ltr'><strong>humana</strong></span> <span class='ocrx_word' id='word_1_471' title='bbox 1352 3267 1514 3323; x_wconf 82' lang='lat' dir='ltr'><strong>corda</strong></span> <span class='ocrx_word' id='word_1_472' title='bbox 1562 3267 1750 3322; x_wconf 78' lang='lat' dir='ltr'><strong>talium</strong></span> <span class='ocrx_word' id='word_1_473' title='bbox 1791 3272 2129 3324; x_wconf 72' lang='lat' dir='ltr'><strong>secretorum</strong></span> <span class='ocrx_word' id='word_1_474' title='bbox 2230 3274 2463 3346; x_wconf 76' lang='lat' dir='ltr'><strong>gentiles</strong></span> <span class='ocrx_word' id='word_1_475' title='bbox 2497 3275 2680 3345; x_wconf 87' lang='lat' dir='ltr'><strong>populi</strong></span> <span class='ocrx_word' id='word_1_476' title='bbox 2711 3276 3082 3348; x_wconf 71' lang='lat' dir='ltr'><strong>designantur.</strong></span> <span class='ocrx_word' id='word_1_477' title='bbox 3119 3278 3226 3350; x_wconf 85' lang='lat' dir='ltr'><strong>Ipsi</strong></span> <span class='ocrx_word' id='word_1_478' title='bbox 3249 3280 3451 3352; x_wconf 88' lang='lat' dir='ltr'><strong>quippe</strong></span> <span class='ocrx_word' id='word_1_479' title='bbox 3494 3280 3704 3351; x_wconf 85' lang='lat' dir='ltr'><strong>lapides</strong></span> <span class='ocrx_word' id='word_1_480' title='bbox 3732 3286 3829 3336; x_wconf 72' lang='lat' dir='ltr'><strong>co-</strong></span> 
     </span>
    </p>
   </div>
   <div class='ocr_carea' id='block_1_53' title="bbox 540 3358 3832 3442">
    <p class='ocr_par' dir='ltr' id='par_1_53' title="bbox 540 3358 3832 3442">
     <span class='ocr_line' id='line_1_53' title="bbox 540 3358 3832 3442; baseline 0.004 -24"><span class='ocrx_word' id='word_1_481' title='bbox 540 3377 735 3418; x_wconf 89' lang='lat' dir='ltr'><strong>causas</strong></span> <span class='ocrx_word' id='word_1_482' title='bbox 792 3362 1027 3434; x_wconf 88' lang='lat' dir='ltr'><strong>aperire.</strong></span> <span class='ocrx_word' id='word_1_483' title='bbox 1076 3360 1362 3416; x_wconf 78' lang='lat' dir='ltr'><strong>Rationem</strong></span> <span class='ocrx_word' id='word_1_484' title='bbox 1407 3360 1659 3415; x_wconf 87' lang='lat' dir='ltr'><strong>videlicet</strong></span> <span class='ocrx_word' id='word_1_485' title='bbox 1713 3358 1837 3416; x_wconf 77' lang='lat' dir='ltr'><strong>cceli</strong></span> <span class='ocrx_word' id='word_1_486' title='bbox 1885 3359 1939 3414; x_wconf 91' lang='lat' dir='ltr'><strong>in</strong></span> <span class='ocrx_word' id='word_1_487' title='bbox 1981 3369 2130 3417; x_wconf 84' lang='lat' dir='ltr'><strong>terra</strong></span> <span class='ocrx_word' id='word_1_488' title='bbox 2230 3366 2469 3432; x_wconf 85' lang='lat' dir='ltr'><strong>luerunt,</strong></span> <span class='ocrx_word' id='word_1_489' title='bbox 2498 3376 2556 3422; x_wconf 89' lang='lat' dir='ltr'><strong>et</strong></span> <span class='ocrx_word' id='word_1_490' title='bbox 2580 3368 2648 3423; x_wconf 92' lang='lat' dir='ltr'><strong>de</strong></span> <span class='ocrx_word' id='word_1_491' title='bbox 2676 3368 2759 3424; x_wconf 88' lang='lat' dir='ltr'><strong>eis</strong></span> <span class='ocrx_word' id='word_1_492' title='bbox 2798 3383 2899 3439; x_wconf 87' lang='lat' dir='ltr'><strong>per</strong></span> <span class='ocrx_word' id='word_1_493' title='bbox 2926 3369 3258 3442; x_wconf 82' lang='lat' dir='ltr'><strong>Prophetam</strong></span> <span class='ocrx_word' id='word_1_494' title='bbox 3296 3372 3501 3429; x_wconf 85' lang='lat' dir='ltr'><strong>dictum</strong></span> <span class='ocrx_word' id='word_1_495' title='bbox 3531 3381 3645 3429; x_wconf 88' lang='lat' dir='ltr'><strong>est:</strong></span> <span class='ocrx_word' id='word_1_496' title='bbox 3690 3388 3713 3424; x_wconf 72' lang='grc' dir='ltr'><em>α</em></span> <span class='ocrx_word' id='word_1_497' title='bbox 3740 3364 3832 3429; x_wconf 78' lang='lat' dir='ltr'><strong>Si-</strong></span> 
     </span>
    </p>
   </div>
   <div class='ocr_carea' id='block_1_54' title="bbox 541 3449 3830 3536">
    <p class='ocr_par' dir='ltr' id='par_1_54' title="bbox 541 3449 3830 3536">
     <span class='ocr_line' id='line_1_54' title="bbox 541 3449 3830 3536; baseline -0.001 -13"><span class='ocrx_word' id='word_1_498' title='bbox 541 3466 760 3523; x_wconf 63' lang='lat' dir='ltr'><strong>ronem.</strong></span> <span class='ocrx_word' id='word_1_499' title='bbox 812 3459 896 3507; x_wconf 65' lang='lat' dir='ltr'><strong>est</strong></span> <span class='ocrx_word' id='word_1_500' title='bbox 936 3465 1290 3523; x_wconf 75' lang='lat' dir='ltr'><strong>supernorum</strong></span> <span class='ocrx_word' id='word_1_501' title='bbox 1344 3451 1673 3522; x_wconf 74' lang='lat' dir='ltr'><strong>iudiciorum</strong></span> <span class='ocrx_word' id='word_1_502' title='bbox 1734 3449 1994 3522; x_wconf 70' lang='lat' dir='ltr'><strong>mysteria</strong></span> <span class='ocrx_word' id='word_1_503' title='bbox 2040 3449 2128 3506; x_wconf 78' lang='lat' dir='ltr'><strong>vel</strong></span> <span class='ocrx_word' id='word_1_504' title='bbox 2230 3460 2388 3517; x_wconf 87' lang='lat' dir='ltr'><strong>miles</strong></span> <span class='ocrx_word' id='word_1_505' title='bbox 2418 3460 2523 3516; x_wconf 90' lang='lat' dir='ltr'><strong>illis</strong></span> <span class='ocrx_word' id='word_1_506' title='bbox 2556 3461 2689 3516; x_wconf 88' lang='lat' dir='ltr'><strong>fiant</strong></span> <span class='ocrx_word' id='word_1_507' title='bbox 2714 3462 2806 3533; x_wconf 88' lang='lat' dir='ltr'><strong>qui</strong></span> <span class='ocrx_word' id='word_1_508' title='bbox 2853 3461 3060 3519; x_wconf 87' lang='lat' dir='ltr'><strong>faciunt</strong></span> <span class='ocrx_word' id='word_1_509' title='bbox 3093 3478 3174 3527; x_wconf 85' lang='lat' dir='ltr'><strong>ea,</strong></span> <span class='ocrx_word' id='word_1_510' title='bbox 3204 3473 3264 3521; x_wconf 81' lang='lat' dir='ltr'><strong>et</strong></span> <span class='ocrx_word' id='word_1_511' title='bbox 3310 3477 3502 3521; x_wconf 87' lang='lat' dir='ltr'><strong>omnes</strong></span> <span class='ocrx_word' id='word_1_512' title='bbox 3531 3466 3624 3536; x_wconf 83' lang='lat' dir='ltr'><strong>qui</strong></span> <span class='ocrx_word' id='word_1_513' title='bbox 3652 3464 3830 3521; x_wconf 79' lang='lat' dir='ltr'><strong>cons-</strong></span> 
     </span>
    </p>
   </div>
   <div class='ocr_carea' id='block_1_55' title="bbox 540 3539 2136 3625">
    <p class='ocr_par' dir='ltr' id='par_1_55' title="bbox 540 3539 2124 3611">
     <span class='ocr_line' id='line_1_55' title="bbox 540 3539 2124 3611; baseline -0.002 -13"><span class='ocrx_word' id='word_1_514' title='bbox 540 3542 937 3600; x_wconf 83' lang='lat' dir='ltr'><strong>considerando</strong></span> <span class='ocrx_word' id='word_1_515' title='bbox 981 3543 1271 3609; x_wconf 87' lang='lat' dir='ltr'><strong>discutere,</strong></span> <span class='ocrx_word' id='word_1_516' title='bbox 1313 3541 1398 3597; x_wconf 87' lang='lat' dir='ltr'><strong>vel</strong></span> <span class='ocrx_word' id='word_1_517' title='bbox 1434 3540 1703 3611; x_wconf 82' lang='lat' dir='ltr'><strong>loquendo</strong></span> <span class='ocrx_word' id='word_1_518' title='bbox 1749 3539 2124 3595; x_wconf 80' lang='lat' dir='ltr'><strong>manifestare.</strong></span> 
     </span>
    </p>
   </div>
   <div class='ocr_carea' id='block_1_56' title="bbox 2238 3539 3829 3625">
    <p class='ocr_par' dir='ltr' id='par_1_56' title="bbox 2238 3552 3829 3625">
     <span class='ocr_line' id='line_1_56' title="bbox 2238 3552 3829 3625; baseline 0.003 -17"><span class='ocrx_word' id='word_1_519' title='bbox 2238 3552 2365 3608; x_wconf 79' lang='lat' dir='ltr'><strong>riunt</strong></span> <span class='ocrx_word' id='word_1_520' title='bbox 2398 3553 2453 3608; x_wconf 90' lang='lat' dir='ltr'><strong>in</strong></span> <span class='ocrx_word' id='word_1_521' title='bbox 2481 3553 2563 3609; x_wconf 88' lang='lat' dir='ltr'><strong>eis</strong></span> <span class='ocrx_word' id='word_1_522' title='bbox 2590 3552 2764 3625; x_wconf 82' lang='lat' dir='ltr'><strong>(Psal.</strong></span> <span class='ocrx_word' id='word_1_523' title='bbox 2804 3568 2925 3620; x_wconf 83' lang='lat' dir='ltr'><strong>xm,</strong></span> <span class='ocrx_word' id='word_1_524' title='bbox 2951 3554 3027 3625; x_wconf 88' lang='lat'><strong>8).</strong></span> <span class='ocrx_word' id='word_1_525' title='bbox 3062 3574 3083 3608; x_wconf 77' lang='grc' dir='ltr'><strong><em>ι</em></strong></span> <span class='ocrx_word' id='word_1_526' title='bbox 3133 3552 3289 3611; x_wconf 90' lang='lat' dir='ltr'><strong>Unde</strong></span> <span class='ocrx_word' id='word_1_527' title='bbox 3332 3552 3568 3611; x_wconf 77' lang='lat' dir='ltr'><strong>Joannes</strong></span> <span class='ocrx_word' id='word_1_528' title='bbox 3609 3554 3829 3613; x_wconf 69' lang='lat' dir='ltr'><strong>Judaeds</strong></span> 
     </span>
    </p>
   </div>
   <div class='ocr_carea' id='block_1_57' title="bbox 542 3630 2136 3716">
    <p class='ocr_par' dir='ltr' id='par_1_57' title="bbox 542 3630 2124 3707">
     <span class='ocr_line' id='line_1_57' title="bbox 542 3630 2124 3707; baseline -0.001 -19"><span class='ocrx_word' id='word_1_529' title='bbox 542 3633 697 3702; x_wconf 83' lang='lat' dir='ltr'><strong>Quod</strong></span> <span class='ocrx_word' id='word_1_530' title='bbox 719 3635 904 3706; x_wconf 88' lang='lat' dir='ltr'><strong>utique</strong></span> <span class='ocrx_word' id='word_1_531' title='bbox 927 3634 1109 3691; x_wconf 90' lang='lat' dir='ltr'><strong>facere</strong></span> <span class='ocrx_word' id='word_1_532' title='bbox 1120 3635 1188 3690; x_wconf 66' lang='lat' dir='ltr'><strong>in</strong></span> <span class='ocrx_word' id='word_1_533' title='bbox 1213 3634 1315 3691; x_wconf 85' lang='lat' dir='ltr'><strong>hac</strong></span> <span class='ocrx_word' id='word_1_534' title='bbox 1346 3632 1458 3688; x_wconf 80' lang='lat' dir='ltr'><strong>vita</strong></span> <span class='ocrx_word' id='word_1_535' title='bbox 1483 3633 1699 3707; x_wconf 52' lang='lat' dir='ltr'><strong>positus</strong></span> <span class='ocrx_word' id='word_1_536' title='bbox 1715 3630 1895 3687; x_wconf 90' lang='lat' dir='ltr'><strong>nullus</strong></span> <span class='ocrx_word' id='word_1_537' title='bbox 1921 3640 2124 3701; x_wconf 80' lang='lat' dir='ltr'><strong>potest.</strong></span> 
     </span>
    </p>
   </div>
   <div class='ocr_carea' id='block_1_58' title="bbox 2238 3630 3832 3716">
    <p class='ocr_par' dir='ltr' id='par_1_58' title="bbox 2238 3642 3832 3716">
     <span class='ocr_line' id='line_1_58' title="bbox 2238 3642 3832 3716; baseline 0.004 -20"><span class='ocrx_word' id='word_1_538' title='bbox 2238 3642 2499 3713; x_wconf 71' lang='lat' dir='ltr'><strong>aspiciens</strong></span> <span class='ocrx_word' id='word_1_539' title='bbox 2522 3657 2584 3698; x_wconf 90' lang='lat' dir='ltr'><strong>se</strong></span> <span class='ocrx_word' id='word_1_540' title='bbox 2608 3644 2678 3700; x_wconf 87' lang='lat' dir='ltr'><strong>de</strong></span> <span class='ocrx_word' id='word_1_541' title='bbox 2721 3652 3013 3699; x_wconf 85' lang='lat' dir='ltr'><strong>stemmate</strong></span> <span class='ocrx_word' id='word_1_542' title='bbox 3050 3644 3416 3716; x_wconf 86' lang='lat' dir='ltr'><strong>generationis</strong></span> <span class='ocrx_word' id='word_1_543' title='bbox 3445 3643 3724 3708; x_wconf 77' lang='lat' dir='ltr'><strong>extollere,</strong></span> <span class='ocrx_word' id='word_1_544' title='bbox 3770 3652 3832 3703; x_wconf 82' lang='lat' dir='ltr'><strong>et</strong></span> 
     </span>
    </p>
   </div>
   <div class='ocr_carea' id='block_1_59' title="bbox 547 3722 3832 3808">
    <p class='ocr_par' dir='ltr' id='par_1_59' title="bbox 547 3722 3832 3808">
     <span class='ocr_line' id='line_1_59' title="bbox 547 3722 3832 3808; baseline -0.002 -24"><span class='ocrx_word' id='word_1_545' title='bbox 547 3724 618 3784; x_wconf 86' lang='lat' dir='ltr'><strong>Ut</strong></span> <span class='ocrx_word' id='word_1_546' title='bbox 643 3727 788 3782; x_wconf 91' lang='lat' dir='ltr'><strong>enim</strong></span> <span class='ocrx_word' id='word_1_547' title='bbox 820 3741 851 3780; x_wconf 91' lang='lat' dir='ltr'><strong>a</strong></span> <span class='ocrx_word' id='word_1_548' title='bbox 873 3727 1056 3797; x_wconf 87' lang='lat' dir='ltr'><strong>parvis</strong></span> <span class='ocrx_word' id='word_1_549' title='bbox 1077 3727 1147 3782; x_wconf 89' lang='lat' dir='ltr'><strong>ad</strong></span> <span class='ocrx_word' id='word_1_550' title='bbox 1166 3724 1372 3795; x_wconf 83' lang='lat' dir='ltr'><strong>majora</strong></span> <span class='ocrx_word' id='word_1_551' title='bbox 1398 3724 1696 3789; x_wconf 87' lang='lat' dir='ltr'><strong>veniamus,</strong></span> <span class='ocrx_word' id='word_1_552' title='bbox 1724 3722 1846 3792; x_wconf 90' lang='lat' dir='ltr'><strong>quis</strong></span> <span class='ocrx_word' id='word_1_553' title='bbox 1867 3722 2131 3793; x_wconf 83' lang='lat' dir='ltr'><strong>intelligat</strong></span> <span class='ocrx_word' id='word_1_554' title='bbox 2228 3733 2459 3808; x_wconf 58' lang='lat' dir='ltr'><strong>gentiles</strong></span> <span class='ocrx_word' id='word_1_555' title='bbox 2498 3733 2803 3807; x_wconf 61' lang='lat' dir='ltr'><strong>pmﬁdens</strong></span> <span class='ocrx_word' id='word_1_556' title='bbox 2837 3735 2905 3791; x_wconf 69' lang='lat' dir='ltr'><strong>ad</strong></span> <span class='ocrx_word' id='word_1_557' title='bbox 2947 3734 3181 3792; x_wconf 65' lang='grc' dir='ltr'><strong>Αιη-ειιιω</strong></span> <span class='ocrx_word' id='word_1_558' title='bbox 3224 3735 3435 3808; x_wconf 62' lang='lat' dir='ltr'><strong>prolem</strong></span> <span class='ocrx_word' id='word_1_559' title='bbox 3476 3734 3600 3791; x_wconf 70' lang='lat' dir='ltr'><strong>ﬁdei</strong></span> <span class='ocrx_word' id='word_1_560' title='bbox 3627 3748 3832 3808; x_wconf 64' lang='grc' dir='ltr'><strong>ωεηι.</strong></span> 
     </span>
    </p>
   </div>
   <div class='ocr_carea' id='block_1_60' title="bbox 539 3812 2136 3891">
    <p class='ocr_par' dir='ltr' id='par_1_60' title="bbox 539 3812 2126 3890">
     <span class='ocr_line' id='line_1_60' title="bbox 539 3812 2126 3890; baseline -0.004 -16"><span class='ocrx_word' id='word_1_561' title='bbox 539 3834 660 3890; x_wconf 69' lang='lat' dir='ltr'><strong>quae</strong></span> <span class='ocrx_word' id='word_1_562' title='bbox 690 3834 814 3874; x_wconf 86' lang='lat' dir='ltr'><strong>esse</strong></span> <span class='ocrx_word' id='word_1_563' title='bbox 838 3818 977 3872; x_wconf 89' lang='lat' dir='ltr'><strong>ratio</strong></span> <span class='ocrx_word' id='word_1_564' title='bbox 1003 3825 1337 3873; x_wconf 84' lang='lat' dir='ltr'><strong>secretorum</strong></span> <span class='ocrx_word' id='word_1_565' title='bbox 1361 3823 1560 3885; x_wconf 89' lang='lat' dir='ltr'><strong>potest,</strong></span> <span class='ocrx_word' id='word_1_566' title='bbox 1588 3812 1733 3885; x_wconf 89' lang='lat' dir='ltr'><strong>quod</strong></span> <span class='ocrx_word' id='word_1_567' title='bbox 1760 3827 1903 3884; x_wconf 68' lang='lat' dir='ltr'><strong>saepe</strong></span> <span class='ocrx_word' id='word_1_568' title='bbox 1926 3812 2013 3868; x_wconf 90' lang='lat' dir='ltr'><strong>vir</strong></span> <span class='ocrx_word' id='word_1_569' title='bbox 2033 3812 2126 3882; x_wconf 78' lang='lat' dir='ltr'><strong>ju-</strong></span> 
     </span>
    </p>
   </div>
   <div class='ocr_carea' id='block_1_61' title="bbox 2238 3812 3824 3891">
    <p class='ocr_par' dir='ltr' id='par_1_61' title="bbox 2238 3825 3824 3891">
     <span class='ocr_line' id='line_1_61' title="bbox 2238 3825 3824 3891; baseline 0.004 -12"><span class='ocrx_word' id='word_1_570' title='bbox 2238 3825 2375 3881; x_wconf 84' lang='lat' dir='ltr'><strong>tione</strong></span> <span class='ocrx_word' id='word_1_571' title='bbox 2424 3826 2682 3891; x_wconf 88' lang='lat' dir='ltr'><strong>transire,</strong></span> <span class='ocrx_word' id='word_1_572' title='bbox 2722 3826 2841 3882; x_wconf 87' lang='lat' dir='ltr'><strong>ait:</strong></span> <span class='ocrx_word' id='word_1_573' title='bbox 2884 3846 2907 3879; x_wconf 85' lang='grc'><em>‹</em></span> <span class='ocrx_word' id='word_1_574' title='bbox 2936 3826 3016 3885; x_wconf 85' lang='lat' dir='ltr'><strong>Ne</strong></span> <span class='ocrx_word' id='word_1_575' title='bbox 3060 3828 3237 3884; x_wconf 87' lang='lat' dir='ltr'><strong>velitis</strong></span> <span class='ocrx_word' id='word_1_576' title='bbox 3280 3828 3466 3885; x_wconf 87' lang='lat' dir='ltr'><strong>dicere</strong></span> <span class='ocrx_word' id='word_1_577' title='bbox 3509 3827 3654 3884; x_wconf 85' lang='lat' dir='ltr'><strong>inter</strong></span> <span class='ocrx_word' id='word_1_578' title='bbox 3682 3840 3824 3885; x_wconf 80' lang='lat' dir='ltr'><strong>vos:</strong></span> 
     </span>
    </p>
   </div>
   <div class='ocr_carea' id='block_1_62' title="bbox 541 3906 3825 3990">
    <p class='ocr_par' dir='ltr' id='par_1_62' title="bbox 541 3906 3825 3990">
     <span class='ocr_line' id='line_1_62' title="bbox 541 3906 3825 3990; baseline 0 -23"><span class='ocrx_word' id='word_1_579' title='bbox 541 3910 939 3979; x_wconf 88' lang='lat' dir='ltr'><strong>stusajudicio</strong></span> <span class='ocrx_word' id='word_1_580' title='bbox 980 3923 1090 3964; x_wconf 92' lang='lat' dir='ltr'><strong>non</strong></span> <span class='ocrx_word' id='word_1_581' title='bbox 1121 3909 1295 3966; x_wconf 84' lang='lat' dir='ltr'><strong>solum</strong></span> <span class='ocrx_word' id='word_1_582' title='bbox 1336 3924 1447 3964; x_wconf 84' lang='lat' dir='ltr'><strong>non</strong></span> <span class='ocrx_word' id='word_1_583' title='bbox 1472 3908 1794 3973; x_wconf 88' lang='lat' dir='ltr'><strong>vindicatus,</strong></span> <span class='ocrx_word' id='word_1_584' title='bbox 1836 3907 1932 3962; x_wconf 88' lang='lat' dir='ltr'><strong>sed</strong></span> <span class='ocrx_word' id='word_1_585' title='bbox 1956 3906 2125 3962; x_wconf 87' lang='lat' dir='ltr'><strong>etiam</strong></span> <span class='ocrx_word' id='word_1_586' title='bbox 2227 3915 2446 3971; x_wconf 63' lang='lat' dir='ltr'><strong>Patrem</strong></span> <span class='ocrx_word' id='word_1_587' title='bbox 2495 3916 2762 3979; x_wconf 74' lang='lat' dir='ltr'><strong>habemus</strong></span> <span class='ocrx_word' id='word_1_588' title='bbox 2790 3917 3089 3974; x_wconf 70' lang='lat' dir='ltr'><strong>Abraham.</strong></span> <span class='ocrx_word' id='word_1_589' title='bbox 3136 3919 3269 3975; x_wconf 79' lang='lat' dir='ltr'><strong>Dico</strong></span> <span class='ocrx_word' id='word_1_590' title='bbox 3296 3919 3446 3975; x_wconf 74' lang='lat' dir='ltr'><strong>enim</strong></span> <span class='ocrx_word' id='word_1_591' title='bbox 3496 3918 3652 3976; x_wconf 67' lang='lat' dir='ltr'><strong>vobis</strong></span> <span class='ocrx_word' id='word_1_592' title='bbox 3696 3915 3825 3990; x_wconf 55' lang='lat' dir='ltr'><strong>quis</strong></span> 
     </span>
    </p>
   </div>
   <div class='ocr_carea' id='block_1_63' title="bbox 541 4000 3822 4080">
    <p class='ocr_par' dir='ltr' id='par_1_63' title="bbox 541 4000 3822 4080">
     <span class='ocr_line' id='line_1_63' title="bbox 541 4000 3822 4080; baseline 0.001 -23"><span class='ocrx_word' id='word_1_593' title='bbox 541 4004 759 4076; x_wconf 88' lang='lat' dir='ltr'><strong>punitus</strong></span> <span class='ocrx_word' id='word_1_594' title='bbox 799 4005 1018 4069; x_wconf 86' lang='lat' dir='ltr'><strong>redeat;</strong></span> <span class='ocrx_word' id='word_1_595' title='bbox 1045 4011 1100 4058; x_wconf 92' lang='lat' dir='ltr'><strong>et</strong></span> <span class='ocrx_word' id='word_1_596' title='bbox 1129 4002 1346 4072; x_wconf 89' lang='lat' dir='ltr'><strong>iniquus</strong></span> <span class='ocrx_word' id='word_1_597' title='bbox 1368 4001 1488 4072; x_wconf 86' lang='lat' dir='ltr'><strong>ejus</strong></span> <span class='ocrx_word' id='word_1_598' title='bbox 1514 4000 1863 4056; x_wconf 88' lang='lat' dir='ltr'><strong>adversarius</strong></span> <span class='ocrx_word' id='word_1_599' title='bbox 1896 4013 2003 4054; x_wconf 91' lang='lat' dir='ltr'><strong>non</strong></span> <span class='ocrx_word' id='word_1_600' title='bbox 2031 4013 2124 4055; x_wconf 77' lang='grc' dir='ltr'><strong>εο-</strong></span> <span class='ocrx_word' id='word_1_601' title='bbox 2227 4016 2421 4079; x_wconf 78' lang='lat' dir='ltr'><strong>potens</strong></span> <span class='ocrx_word' id='word_1_602' title='bbox 2442 4015 2528 4063; x_wconf 79' lang='lat' dir='ltr'><strong>est</strong></span> <span class='ocrx_word' id='word_1_603' title='bbox 2553 4007 2692 4063; x_wconf 78' lang='lat' dir='ltr'><strong>Dens</strong></span> <span class='ocrx_word' id='word_1_604' title='bbox 2721 4009 2788 4065; x_wconf 77' lang='lat' dir='ltr'><strong>de</strong></span> <span class='ocrx_word' id='word_1_605' title='bbox 2809 4008 3082 4080; x_wconf 75' lang='lat' dir='ltr'><strong>lapidibus</strong></span> <span class='ocrx_word' id='word_1_606' title='bbox 3108 4011 3227 4067; x_wconf 76' lang='lat' dir='ltr'><strong>istis</strong></span> <span class='ocrx_word' id='word_1_607' title='bbox 3249 4011 3518 4068; x_wconf 72' lang='lat' dir='ltr'><strong>suscitare</strong></span> <span class='ocrx_word' id='word_1_608' title='bbox 3542 4010 3689 4068; x_wconf 77' lang='lat' dir='ltr'><strong>ﬁlios</strong></span> <span class='ocrx_word' id='word_1_609' title='bbox 3709 4009 3822 4068; x_wconf 56' lang='lat' dir='ltr'><strong>Ab;</strong></span> 
     </span>
    </p>
   </div>
   <div class='ocr_carea' id='block_1_64' title="bbox 541 4090 3824 4176">
    <p class='ocr_par' dir='ltr' id='par_1_64' title="bbox 541 4090 3824 4176">
     <span class='ocr_line' id='line_1_64' title="bbox 541 4090 3824 4176; baseline 0.004 -27"><span class='ocrx_word' id='word_1_610' title='bbox 541 4096 650 4149; x_wconf 87' lang='lat' dir='ltr'><strong>lum</strong></span> <span class='ocrx_word' id='word_1_611' title='bbox 691 4110 797 4149; x_wconf 91' lang='lat' dir='ltr'><strong>non</strong></span> <span class='ocrx_word' id='word_1_612' title='bbox 840 4094 1059 4163; x_wconf 75' lang='lat' dir='ltr'><strong>punitus</strong></span> <span class='ocrx_word' id='word_1_613' title='bbox 1131 4096 1225 4149; x_wconf 86' lang='lat' dir='ltr'><strong>sed</strong></span> <span class='ocrx_word' id='word_1_614' title='bbox 1258 4093 1423 4148; x_wconf 85' lang='lat' dir='ltr'><strong>etiam</strong></span> <span class='ocrx_word' id='word_1_615' title='bbox 1454 4092 1625 4148; x_wconf 82' lang='lat' dir='ltr'><strong>victor</strong></span> <span class='ocrx_word' id='word_1_616' title='bbox 1664 4090 1956 4147; x_wconf 82' lang='lat' dir='ltr'><strong>abscedat?</strong></span> <span class='ocrx_word' id='word_1_617' title='bbox 1995 4090 2127 4158; x_wconf 82' lang='lat' dir='ltr'><strong>Quis</strong></span> <span class='ocrx_word' id='word_1_618' title='bbox 2226 4100 2374 4156; x_wconf 71' lang='lat' dir='ltr'><strong>ralia:</strong></span> <span class='ocrx_word' id='word_1_619' title='bbox 2392 4100 2607 4167; x_wconf 75' lang='lat' dir='ltr'><strong>(Matth.</strong></span> <span class='ocrx_word' id='word_1_620' title='bbox 2640 4116 2724 4167; x_wconf 84' lang='lat' dir='ltr'><strong>in,</strong></span> <span class='ocrx_word' id='word_1_621' title='bbox 2773 4101 2868 4173; x_wconf 86' lang='lat'><strong>9);</strong></span> <span class='ocrx_word' id='word_1_622' title='bbox 2908 4121 2929 4155; x_wconf 73' lang='grc' dir='ltr'><strong>ι</strong></span> <span class='ocrx_word' id='word_1_623' title='bbox 2962 4102 3171 4175; x_wconf 82' lang='lat' dir='ltr'><strong>lapides</strong></span> <span class='ocrx_word' id='word_1_624' title='bbox 3194 4105 3383 4176; x_wconf 84' lang='lat' dir='ltr'><strong>utique</strong></span> <span class='ocrx_word' id='word_1_625' title='bbox 3409 4105 3575 4162; x_wconf 89' lang='lat' dir='ltr'><strong>duros</strong></span> <span class='ocrx_word' id='word_1_626' title='bbox 3596 4098 3824 4175; x_wconf 62' lang='lat' dir='ltr'><strong>perfidia</strong></span> 
     </span>
    </p>
   </div>
   <div class='ocr_carea' id='block_1_65' title="bbox 540 4185 3824 4270">
    <p class='ocr_par' dir='ltr' id='par_1_65' title="bbox 540 4185 3824 4270">
     <span class='ocr_line' id='line_1_65' title="bbox 540 4185 3824 4270; baseline 0.003 -27"><span class='ocrx_word' id='word_1_627' title='bbox 540 4189 807 4259; x_wconf 77' lang='lat' dir='ltr'><strong>intelligat</strong></span> <span class='ocrx_word' id='word_1_628' title='bbox 855 4203 952 4243; x_wconf 90' lang='lat' dir='ltr'><strong>cur</strong></span> <span class='ocrx_word' id='word_1_629' title='bbox 995 4189 1126 4243; x_wconf 89' lang='lat' dir='ltr'><strong>vivit</strong></span> <span class='ocrx_word' id='word_1_630' title='bbox 1170 4189 1308 4243; x_wconf 89' lang='lat' dir='ltr'><strong>alius</strong></span> <span class='ocrx_word' id='word_1_631' title='bbox 1348 4187 1613 4243; x_wconf 86' lang='lat' dir='ltr'><strong>insidians</strong></span> <span class='ocrx_word' id='word_1_632' title='bbox 1648 4188 1914 4243; x_wconf 88' lang='lat' dir='ltr'><strong>mortibus</strong></span> <span class='ocrx_word' id='word_1_633' title='bbox 1942 4185 2127 4259; x_wconf 71' lang='lat' dir='ltr'><strong>prori-</strong></span> <span class='ocrx_word' id='word_1_634' title='bbox 2227 4194 2458 4267; x_wconf 79' lang='lat' dir='ltr'><strong>gentiles</strong></span> <span class='ocrx_word' id='word_1_635' title='bbox 2479 4208 2697 4250; x_wconf 78' lang='lat' dir='ltr'><strong>vorans.</strong></span> <span class='ocrx_word' id='word_1_636' title='bbox 2746 4195 2883 4264; x_wconf 90' lang='lat' dir='ltr'><strong>Quia</strong></span> <span class='ocrx_word' id='word_1_637' title='bbox 2915 4210 3047 4269; x_wconf 85' lang='lat' dir='ltr'><strong>ergo</strong></span> <span class='ocrx_word' id='word_1_638' title='bbox 3075 4197 3308 4270; x_wconf 89' lang='lat' dir='ltr'><strong>primum</strong></span> <span class='ocrx_word' id='word_1_639' title='bbox 3339 4195 3522 4254; x_wconf 65' lang='lat' dir='ltr'><strong>Iudaea</strong></span> <span class='ocrx_word' id='word_1_640' title='bbox 3560 4196 3671 4254; x_wconf 84' lang='lat' dir='ltr'><strong>Deo</strong></span> <span class='ocrx_word' id='word_1_641' title='bbox 3700 4208 3824 4253; x_wconf 63' lang='grc' dir='ltr'><strong>(ει-ει</strong></span> 
     </span>
    </p>
   </div>
   <div class='ocr_carea' id='block_1_66' title="bbox 543 4274 3826 4361">
    <p class='ocr_par' dir='ltr' id='par_1_66' title="bbox 543 4274 3826 4361">
     <span class='ocr_line' id='line_1_66' title="bbox 543 4274 3826 4361; baseline 0.003 -24"><span class='ocrx_word' id='word_1_642' title='bbox 543 4297 775 4347; x_wconf 81' lang='lat' dir='ltr'><strong>morum,</strong></span> <span class='ocrx_word' id='word_1_643' title='bbox 809 4291 863 4335; x_wconf 89' lang='lat' dir='ltr'><strong>et</strong></span> <span class='ocrx_word' id='word_1_644' title='bbox 887 4281 1116 4336; x_wconf 85' lang='lat' dir='ltr'><strong>moritur</strong></span> <span class='ocrx_word' id='word_1_645' title='bbox 1149 4279 1287 4334; x_wconf 78' lang='lat' dir='ltr'><strong>alius</strong></span> <span class='ocrx_word' id='word_1_646' title='bbox 1324 4279 1417 4349; x_wconf 82' lang='lat' dir='ltr'><strong>qui</strong></span> <span class='ocrx_word' id='word_1_647' title='bbox 1458 4277 1775 4349; x_wconf 76' lang='lat' dir='ltr'><strong>profuturus</strong></span> <span class='ocrx_word' id='word_1_648' title='bbox 1815 4287 1959 4335; x_wconf 78' lang='lat' dir='ltr'><strong>esset</strong></span> <span class='ocrx_word' id='word_1_649' title='bbox 1999 4278 2127 4333; x_wconf 71' lang='lat' dir='ltr'><strong>vita!</strong></span> <span class='ocrx_word' id='word_1_650' title='bbox 2229 4287 2384 4351; x_wconf 90' lang='lat' dir='ltr'><strong>didit,</strong></span> <span class='ocrx_word' id='word_1_651' title='bbox 2422 4287 2724 4359; x_wconf 83' lang='lat' dir='ltr'><strong>gentilitate</strong></span> <span class='ocrx_word' id='word_1_652' title='bbox 2766 4289 2913 4344; x_wconf 90' lang='lat' dir='ltr'><strong>omni</strong></span> <span class='ocrx_word' id='word_1_653' title='bbox 2946 4290 2999 4345; x_wconf 91' lang='lat' dir='ltr'><strong>iu</strong></span> <span class='ocrx_word' id='word_1_654' title='bbox 3033 4288 3275 4361; x_wconf 68' lang='lat' dir='ltr'><strong>perfidite</strong></span> <span class='ocrx_word' id='word_1_655' title='bbox 3318 4304 3431 4346; x_wconf 68' lang='lat' dir='ltr'><strong>suae</strong></span> <span class='ocrx_word' id='word_1_656' title='bbox 3456 4274 3826 4347; x_wconf 58' lang='lat' dir='ltr'><strong>obstinatione</strong></span> 
     </span>
    </p>
   </div>
   <div class='ocr_carea' id='block_1_67' title="bbox 544 4367 3826 4450">
    <p class='ocr_par' dir='ltr' id='par_1_67' title="bbox 544 4367 3826 4450">
     <span class='ocr_line' id='line_1_67' title="bbox 544 4367 3826 4450; baseline 0 -23"><span class='ocrx_word' id='word_1_657' title='bbox 544 4371 870 4428; x_wconf 81' lang='lat' dir='ltr'><strong>multorum?</strong></span> <span class='ocrx_word' id='word_1_658' title='bbox 911 4370 1065 4425; x_wconf 78' lang='lat' dir='ltr'><strong>Alius</strong></span> <span class='ocrx_word' id='word_1_659' title='bbox 1091 4369 1303 4426; x_wconf 88' lang='lat' dir='ltr'><strong>culmen</strong></span> <span class='ocrx_word' id='word_1_660' title='bbox 1333 4369 1616 4441; x_wconf 81' lang='lat' dir='ltr'><strong>putestatis</strong></span> <span class='ocrx_word' id='word_1_661' title='bbox 1661 4369 1989 4438; x_wconf 88' lang='lat' dir='ltr'><strong>assequitur,</strong></span> <span class='ocrx_word' id='word_1_662' title='bbox 2031 4367 2126 4439; x_wconf 87' lang='lat' dir='ltr'><strong>qui</strong></span> <span class='ocrx_word' id='word_1_663' title='bbox 2230 4386 2569 4443; x_wconf 68' lang='lat' dir='ltr'><strong>remanente,</strong></span> <span class='ocrx_word' id='word_1_664' title='bbox 2598 4379 2940 4448; x_wconf 59' lang='lat' dir='ltr'><strong>postmodum</strong></span> <span class='ocrx_word' id='word_1_665' title='bbox 2987 4396 3116 4438; x_wconf 68' lang='lat' dir='ltr'><strong>vero</strong></span> <span class='ocrx_word' id='word_1_666' title='bbox 3145 4381 3213 4437; x_wconf 67' lang='lat' dir='ltr'><strong>ad</strong></span> <span class='ocrx_word' id='word_1_667' title='bbox 3260 4379 3422 4437; x_wconf 71' lang='lat' dir='ltr'><strong>ﬁdem</strong></span> <span class='ocrx_word' id='word_1_668' title='bbox 3451 4379 3613 4437; x_wconf 72' lang='lat' dir='ltr'><strong>corda</strong></span> <span class='ocrx_word' id='word_1_669' title='bbox 3650 4374 3826 4450; x_wconf 64' lang='lat' dir='ltr'><strong>genti-</strong></span> 
     </span>
    </p>
   </div>
   <div class='ocr_carea' id='block_1_68' title="bbox 543 4458 3820 4559">
    <p class='ocr_par' dir='ltr' id='par_1_68' title="bbox 543 4458 3820 4559">
     <span class='ocr_line' id='line_1_68' title="bbox 543 4458 3820 4559; baseline -0.002 -25"><span class='ocrx_word' id='word_1_670' title='bbox 543 4481 657 4559; x_wconf 13' lang='grc' dir='ltr'><strong>ξιοιιν</strong></span> <span class='ocrx_word' id='word_1_671' title='bbox 680 4464 785 4519; x_wconf 57' lang='lat' dir='ltr'><strong>nm</strong></span> <span class='ocrx_word' id='word_1_672' title='bbox 811 4462 1006 4559; x_wconf 45' lang='lat' dir='ltr'><strong>unde&quot;?</strong></span> <span class='ocrx_word' id='word_1_673' title='bbox 1033 4460 1234 4559; x_wconf 64' lang='grc' dir='ltr'><strong>είςυάθιν</strong></span> <span class='ocrx_word' id='word_1_674' title='bbox 1262 4459 1400 4515; x_wconf 59' lang='lat' dir='ltr'><strong>alii“</strong></span> <span class='ocrx_word' id='word_1_675' title='bbox 1439 4458 1813 4559; x_wconf 57' lang='grc' dir='ltr'><strong>ίεξηιιιωῐηοιίο</strong></span> <span class='ocrx_word' id='word_1_676' title='bbox 1840 4458 1997 4559; x_wconf 51' lang='grc' dir='ltr'><strong>Ιωθοξ</strong></span> <span class='ocrx_word' id='word_1_677' title='bbox 2026 4459 2125 4514; x_wconf 66' lang='lat' dir='ltr'><strong>de&#39;</strong></span> <span class='ocrx_word' id='word_1_678' title='bbox 2152 4497 2207 4559; x_wconf 73' lang='grc' dir='ltr'><strong>Ι)</strong></span> <span class='ocrx_word' id='word_1_679' title='bbox 2233 4468 2364 4525; x_wconf 92' lang='lat' dir='ltr'><strong>lium</strong></span> <span class='ocrx_word' id='word_1_680' title='bbox 2388 4470 2592 4526; x_wconf 86' lang='lat' dir='ltr'><strong>mollita</strong></span> <span class='ocrx_word' id='word_1_681' title='bbox 2618 4480 2761 4538; x_wconf 90' lang='lat' dir='ltr'><strong>sunt,</strong></span> <span class='ocrx_word' id='word_1_682' title='bbox 2802 4480 2857 4529; x_wconf 88' lang='lat' dir='ltr'><strong>et</strong></span> <span class='ocrx_word' id='word_1_683' title='bbox 2878 4469 3182 4529; x_wconf 55' lang='lat' dir='ltr'><strong>Iudaeorum</strong></span> <span class='ocrx_word' id='word_1_684' title='bbox 3214 4470 3505 4529; x_wconf 84' lang='lat' dir='ltr'><strong>infidelitas</strong></span> <span class='ocrx_word' id='word_1_685' title='bbox 3533 4472 3820 4559; x_wconf 74' lang='lat' dir='ltr'><strong>obdurata,</strong></span> 
     </span>
    </p>
   </div>
   <div class='ocr_carea' id='block_1_69' title="bbox 538 4551 2136 4635">
    <p class='ocr_par' dir='ltr' id='par_1_69' title="bbox 538 4551 2122 4624">
     <span class='ocr_line' id='line_1_69' title="bbox 538 4551 2122 4624; baseline -0.004 -11"><span class='ocrx_word' id='word_1_686' title='bbox 538 4558 760 4613; x_wconf 88' lang='lat' dir='ltr'><strong>fendcre</strong></span> <span class='ocrx_word' id='word_1_687' title='bbox 779 4553 1132 4624; x_wconf 86' lang='lat' dir='ltr'><strong>concupiscit,</strong></span> <span class='ocrx_word' id='word_1_688' title='bbox 1159 4560 1218 4607; x_wconf 89' lang='lat' dir='ltr'><strong>et</strong></span> <span class='ocrx_word' id='word_1_689' title='bbox 1242 4560 1423 4608; x_wconf 90' lang='lat' dir='ltr'><strong>tamen</strong></span> <span class='ocrx_word' id='word_1_690' title='bbox 1470 4552 1584 4623; x_wconf 90' lang='lat' dir='ltr'><strong>ipse</strong></span> <span class='ocrx_word' id='word_1_691' title='bbox 1626 4565 1917 4623; x_wconf 87' lang='lat' dir='ltr'><strong>oppressus</strong></span> <span class='ocrx_word' id='word_1_692' title='bbox 1955 4551 2122 4622; x_wconf 84' lang='lat' dir='ltr'><strong>jacet.</strong></span> 
     </span>
    </p>
   </div>
   <div class='ocr_carea' id='block_1_70' title="bbox 2238 4551 3824 4635">
    <p class='ocr_par' dir='ltr' id='par_1_70' title="bbox 2238 4557 3824 4635">
     <span class='ocr_line' id='line_1_70' title="bbox 2238 4557 3824 4635; baseline 0.001 -18"><span class='ocrx_word' id='word_1_693' title='bbox 2238 4560 2369 4619; x_wconf 87' lang='lat' dir='ltr'><strong>bene</strong></span> <span class='ocrx_word' id='word_1_694' title='bbox 2391 4562 2596 4618; x_wconf 85' lang='lat' dir='ltr'><strong>dictum</strong></span> <span class='ocrx_word' id='word_1_695' title='bbox 2621 4572 2723 4629; x_wconf 90' lang='lat' dir='ltr'><strong>cst,</strong></span> <span class='ocrx_word' id='word_1_696' title='bbox 2762 4582 2782 4616; x_wconf 75' lang='grc' dir='ltr'>ι</span> <span class='ocrx_word' id='word_1_697' title='bbox 2813 4564 2865 4619; x_wconf 91' lang='lat' dir='ltr'><strong>in</strong></span> <span class='ocrx_word' id='word_1_698' title='bbox 2896 4563 3299 4620; x_wconf 84' lang='lat' dir='ltr'><strong>similitudinem</strong></span> <span class='ocrx_word' id='word_1_699' title='bbox 3334 4563 3529 4635; x_wconf 86' lang='lat' dir='ltr'><strong>lapidis</strong></span> <span class='ocrx_word' id='word_1_700' title='bbox 3560 4577 3713 4633; x_wconf 67' lang='lat' dir='ltr'><strong>aqua:</strong></span> <span class='ocrx_word' id='word_1_701' title='bbox 3738 4557 3824 4618; x_wconf 67' lang='lat' dir='ltr'><strong>irr-</strong></span> 
     </span>
    </p>
   </div>
   <div class='ocr_carea' id='block_1_71' title="bbox 539 4640 3822 4724">
    <p class='ocr_par' dir='ltr' id='par_1_71' title="bbox 539 4640 3822 4724">
     <span class='ocr_line' id='line_1_71' title="bbox 539 4640 3822 4724; baseline -0.001 -18"><span class='ocrx_word' id='word_1_702' title='bbox 539 4653 690 4706; x_wconf 78' lang='lat' dir='ltr'><strong>Alius</strong></span> <span class='ocrx_word' id='word_1_703' title='bbox 718 4666 850 4706; x_wconf 84' lang='lat' dir='ltr'><strong>vero</strong></span> <span class='ocrx_word' id='word_1_704' title='bbox 869 4661 1065 4702; x_wconf 87' lang='lat' dir='ltr'><strong>vacare</strong></span> <span class='ocrx_word' id='word_1_705' title='bbox 1085 4645 1314 4717; x_wconf 83' lang='lat' dir='ltr'><strong>appetit,</strong></span> <span class='ocrx_word' id='word_1_706' title='bbox 1339 4653 1397 4701; x_wconf 89' lang='lat' dir='ltr'><strong>et</strong></span> <span class='ocrx_word' id='word_1_707' title='bbox 1427 4644 1731 4701; x_wconf 87' lang='lat' dir='ltr'><strong>innumeris</strong></span> <span class='ocrx_word' id='word_1_708' title='bbox 1763 4645 1995 4717; x_wconf 87' lang='lat' dir='ltr'><strong>negotiis</strong></span> <span class='ocrx_word' id='word_1_709' title='bbox 2024 4645 2125 4701; x_wconf 78' lang='grc' dir='ltr'><strong>ἰω-</strong></span> <span class='ocrx_word' id='word_1_710' title='bbox 2233 4656 2516 4711; x_wconf 61' lang='lat' dir='ltr'><strong>durantur.</strong></span> <span class='ocrx_word' id='word_1_711' title='bbox 2548 4640 2581 4707; x_wconf 74' lang='grc' dir='ltr'><strong>ι’</strong></span> <span class='ocrx_word' id='word_1_712' title='bbox 2601 4655 2681 4711; x_wconf 76' lang='lat' dir='ltr'><strong>Ac</strong></span> <span class='ocrx_word' id='word_1_713' title='bbox 2716 4655 2760 4711; x_wconf 79' lang='lat' dir='ltr'><strong>si</strong></span> <span class='ocrx_word' id='word_1_714' title='bbox 2789 4655 3028 4711; x_wconf 72' lang='lat' dir='ltr'><strong>diceret:</strong></span> <span class='ocrx_word' id='word_1_715' title='bbox 3054 4651 3149 4710; x_wconf 65' lang='lat' dir='ltr'><strong>ma</strong></span> <span class='ocrx_word' id='word_1_716' title='bbox 3177 4652 3357 4710; x_wconf 76' lang='lat' dir='ltr'><strong>mollia</strong></span> <span class='ocrx_word' id='word_1_717' title='bbox 3388 4662 3445 4710; x_wconf 76' lang='lat' dir='ltr'><strong>et</strong></span> <span class='ocrx_word' id='word_1_718' title='bbox 3467 4645 3822 4724; x_wconf 66' lang='grc' dir='ltr'><strong>ρεηθιιιτιδῆῐὶ</strong></span> 
     </span>
    </p>
   </div>
   <div class='ocr_carea' id='block_1_72' title="bbox 540 4734 3824 4813">
    <p class='ocr_par' dir='ltr' id='par_1_72' title="bbox 540 4734 3824 4813">
     <span class='ocr_line' id='line_1_72' title="bbox 540 4734 3824 4813; baseline 0.002 -16"><span class='ocrx_word' id='word_1_719' title='bbox 540 4744 811 4813; x_wconf 84' lang='lat' dir='ltr'><strong>plicatur:</strong></span> <span class='ocrx_word' id='word_1_720' title='bbox 856 4740 996 4795; x_wconf 85' lang='lat' dir='ltr'><strong>alius</strong></span> <span class='ocrx_word' id='word_1_721' title='bbox 1031 4738 1259 4811; x_wconf 86' lang='lat' dir='ltr'><strong>negotiis</strong></span> <span class='ocrx_word' id='word_1_722' title='bbox 1302 4737 1567 4809; x_wconf 88' lang='lat' dir='ltr'><strong>implicari</strong></span> <span class='ocrx_word' id='word_1_723' title='bbox 1597 4737 1888 4804; x_wconf 83' lang='lat' dir='ltr'><strong>desiderat,</strong></span> <span class='ocrx_word' id='word_1_724' title='bbox 1932 4746 1987 4793; x_wconf 90' lang='lat' dir='ltr'><strong>et</strong></span> <span class='ocrx_word' id='word_1_725' title='bbox 2035 4752 2126 4795; x_wconf 67' lang='lat' dir='ltr'><strong>co-</strong></span> <span class='ocrx_word' id='word_1_726' title='bbox 2234 4746 2357 4802; x_wconf 85' lang='lat' dir='ltr'><strong>ndci</strong></span> <span class='ocrx_word' id='word_1_727' title='bbox 2402 4747 2565 4804; x_wconf 88' lang='lat' dir='ltr'><strong>corda</strong></span> <span class='ocrx_word' id='word_1_728' title='bbox 2610 4744 2916 4802; x_wconf 69' lang='lat' dir='ltr'><strong>Judaeorum</strong></span> <span class='ocrx_word' id='word_1_729' title='bbox 2958 4745 3016 4801; x_wconf 83' lang='lat' dir='ltr'><strong>in</strong></span> <span class='ocrx_word' id='word_1_730' title='bbox 3072 4745 3487 4803; x_wconf 89' lang='lat' dir='ltr'><strong>insensibilitate</strong></span> <span class='ocrx_word' id='word_1_731' title='bbox 3532 4734 3824 4802; x_wconf 60' lang='lat' dir='ltr'><strong>vertuntur</strong></span> 
     </span>
    </p>
   </div>
   <div class='ocr_carea' id='block_1_73' title="bbox 539 4828 3819 4909">
    <p class='ocr_par' dir='ltr' id='par_1_73' title="bbox 539 4828 3819 4909">
     <span class='ocr_line' id='line_1_73' title="bbox 539 4828 3819 4909; baseline 0.004 -28"><span class='ocrx_word' id='word_1_732' title='bbox 539 4845 694 4887; x_wconf 79' lang='lat' dir='ltr'><strong>actus</strong></span> <span class='ocrx_word' id='word_1_733' title='bbox 725 4841 903 4887; x_wconf 83' lang='lat' dir='ltr'><strong>vacat.</strong></span> <span class='ocrx_word' id='word_1_734' title='bbox 929 4830 1084 4886; x_wconf 82' lang='lat' dir='ltr'><strong>Alius</strong></span> <span class='ocrx_word' id='word_1_735' title='bbox 1112 4829 1251 4883; x_wconf 89' lang='lat' dir='ltr'><strong>male</strong></span> <span class='ocrx_word' id='word_1_736' title='bbox 1278 4828 1539 4883; x_wconf 89' lang='lat' dir='ltr'><strong>inchoans</strong></span> <span class='ocrx_word' id='word_1_737' title='bbox 1570 4842 1743 4898; x_wconf 86' lang='lat' dir='ltr'><strong>usque</strong></span> <span class='ocrx_word' id='word_1_738' title='bbox 1762 4828 1831 4884; x_wconf 88' lang='lat' dir='ltr'><strong>ad</strong></span> <span class='ocrx_word' id='word_1_739' title='bbox 1861 4829 1985 4885; x_wconf 70' lang='lat' dir='ltr'><strong>vita:</strong></span> <span class='ocrx_word' id='word_1_740' title='bbox 2009 4843 2123 4887; x_wconf 58' lang='lat' dir='ltr'><strong>sua</strong></span> <span class='ocrx_word' id='word_1_741' title='bbox 2234 4839 2493 4909; x_wconf 83' lang='lat' dir='ltr'><strong>gentium.</strong></span> <span class='ocrx_word' id='word_1_742' title='bbox 2544 4836 2679 4892; x_wconf 86' lang='lat' dir='ltr'><strong>Cum</strong></span> <span class='ocrx_word' id='word_1_743' title='bbox 2707 4837 2853 4892; x_wconf 89' lang='lat' dir='ltr'><strong>enim</strong></span> <span class='ocrx_word' id='word_1_744' title='bbox 2880 4837 3192 4892; x_wconf 89' lang='lat' dir='ltr'><strong>misericors</strong></span> <span class='ocrx_word' id='word_1_745' title='bbox 3214 4836 3360 4894; x_wconf 83' lang='lat' dir='ltr'><strong>Deus</strong></span> <span class='ocrx_word' id='word_1_746' title='bbox 3390 4846 3586 4909; x_wconf 78' lang='lat' dir='ltr'><strong>gentes</strong></span> <span class='ocrx_word' id='word_1_747' title='bbox 3631 4836 3819 4906; x_wconf 76' lang='lat' dir='ltr'><strong>traxit,</strong></span> 
     </span>
    </p>
   </div>
   <div class='ocr_carea' id='block_1_74' title="bbox 542 4920 3817 4996">
    <p class='ocr_par' dir='ltr' id='par_1_74' title="bbox 542 4920 3817 4996">
     <span class='ocr_line' id='line_1_74' title="bbox 542 4920 3817 4996; baseline 0.001 -18"><span class='ocrx_word' id='word_1_748' title='bbox 542 4925 831 4978; x_wconf 61' lang='lat' dir='ltr'><strong>t.:rminum</strong></span> <span class='ocrx_word' id='word_1_749' title='bbox 874 4924 944 4978; x_wconf 91' lang='lat' dir='ltr'><strong>ad</strong></span> <span class='ocrx_word' id='word_1_750' title='bbox 985 4920 1169 4994; x_wconf 89' lang='lat' dir='ltr'><strong>pejora</strong></span> <span class='ocrx_word' id='word_1_751' title='bbox 1214 4920 1593 4992; x_wconf 85' lang='lat' dir='ltr'><strong>protrahitur:</strong></span> <span class='ocrx_word' id='word_1_752' title='bbox 1636 4920 1774 4977; x_wconf 91' lang='lat' dir='ltr'><strong>alius</strong></span> <span class='ocrx_word' id='word_1_753' title='bbox 1822 4923 1961 4979; x_wconf 85' lang='lat' dir='ltr'><strong>bene</strong></span> <span class='ocrx_word' id='word_1_754' title='bbox 1990 4924 2127 4979; x_wconf 84' lang='lat' dir='ltr'><strong>inci-</strong></span> <span class='ocrx_word' id='word_1_755' title='bbox 2232 4929 2401 4983; x_wconf 85' lang='lat' dir='ltr'><strong>iratus</strong></span> <span class='ocrx_word' id='word_1_756' title='bbox 2422 4927 2661 4982; x_wconf 66' lang='lat' dir='ltr'><strong>Iudaeam</strong></span> <span class='ocrx_word' id='word_1_757' title='bbox 2686 4924 2902 4995; x_wconf 87' lang='lat' dir='ltr'><strong>repulit.</strong></span> <span class='ocrx_word' id='word_1_758' title='bbox 2927 4925 3229 4996; x_wconf 76' lang='lat' dir='ltr'><strong>Actnmque</strong></span> <span class='ocrx_word' id='word_1_759' title='bbox 3251 4932 3412 4982; x_wconf 90' lang='lat' dir='ltr'><strong>estut</strong></span> <span class='ocrx_word' id='word_1_760' title='bbox 3432 4926 3572 4983; x_wconf 85' lang='lat' dir='ltr'><strong>sicut</strong></span> <span class='ocrx_word' id='word_1_761' title='bbox 3592 4923 3817 4994; x_wconf 81' lang='lat' dir='ltr'><strong>dudum,</strong></span> 
     </span>
    </p>
   </div>
   <div class='ocr_carea' id='block_1_75' title="bbox 540 5014 3820 5088">
    <p class='ocr_par' dir='ltr' id='par_1_75' title="bbox 540 5014 3820 5088">
     <span class='ocr_line' id='line_1_75' title="bbox 540 5014 3820 5088; baseline 0.002 -19"><span class='ocrx_word' id='word_1_762' title='bbox 540 5019 693 5088; x_wconf 83' lang='lat' dir='ltr'><strong>piens</strong></span> <span class='ocrx_word' id='word_1_763' title='bbox 703 5031 800 5087; x_wconf 89' lang='lat' dir='ltr'><strong>per</strong></span> <span class='ocrx_word' id='word_1_764' title='bbox 810 5016 1199 5088; x_wconf 87' lang='lat' dir='ltr'><strong>longitudinem</strong></span> <span class='ocrx_word' id='word_1_765' title='bbox 1215 5023 1515 5085; x_wconf 89' lang='lat' dir='ltr'><strong>temporum</strong></span> <span class='ocrx_word' id='word_1_766' title='bbox 1532 5014 1824 5086; x_wconf 86' lang='lat' dir='ltr'><strong>proficitad</strong></span> <span class='ocrx_word' id='word_1_767' title='bbox 1837 5024 2123 5088; x_wconf 85' lang='lat' dir='ltr'><strong>augmenta</strong></span> <span class='ocrx_word' id='word_1_768' title='bbox 2230 5017 2297 5073; x_wconf 87' lang='lat' dir='ltr'><strong>ad</strong></span> <span class='ocrx_word' id='word_1_769' title='bbox 2317 5016 2718 5088; x_wconf 89' lang='lat' dir='ltr'><strong>percipiendam</strong></span> <span class='ocrx_word' id='word_1_770' title='bbox 2742 5015 2900 5073; x_wconf 73' lang='lat' dir='ltr'><strong>fidem</strong></span> <span class='ocrx_word' id='word_1_771' title='bbox 2923 5017 3196 5087; x_wconf 87' lang='lat' dir='ltr'><strong>gentilitas</strong></span> <span class='ocrx_word' id='word_1_772' title='bbox 3232 5017 3410 5074; x_wconf 83' lang='lat' dir='ltr'><strong>fuerat</strong></span> <span class='ocrx_word' id='word_1_773' title='bbox 3430 5016 3718 5085; x_wconf 87' lang='lat' dir='ltr'><strong>obdurata,</strong></span> <span class='ocrx_word' id='word_1_774' title='bbox 3736 5016 3820 5076; x_wconf 78' lang='lat' dir='ltr'><strong>ita</strong></span> 
     </span>
    </p>
   </div>
   <div class='ocr_carea' id='block_1_76' title="bbox 541 5105 2126 5177">
    <p class='ocr_par' dir='ltr' id='par_1_76' title="bbox 541 5105 2126 5177">
     <span class='ocr_line' id='line_1_76' title="bbox 541 5105 2126 5177; baseline 0.001 -17"><span class='ocrx_word' id='word_1_775' title='bbox 541 5110 878 5163; x_wconf 87' lang='lat' dir='ltr'><strong>meritorum.</strong></span> <span class='ocrx_word' id='word_1_776' title='bbox 932 5108 1106 5177; x_wconf 85' lang='lat' dir='ltr'><strong>Atque</strong></span> <span class='ocrx_word' id='word_1_777' title='bbox 1141 5117 1362 5163; x_wconf 88' lang='lat' dir='ltr'><strong>econtra</strong></span> <span class='ocrx_word' id='word_1_778' title='bbox 1387 5106 1526 5161; x_wconf 88' lang='lat' dir='ltr'><strong>alius</strong></span> <span class='ocrx_word' id='word_1_779' title='bbox 1554 5107 1695 5162; x_wconf 89' lang='lat' dir='ltr'><strong>male</strong></span> <span class='ocrx_word' id='word_1_780' title='bbox 1712 5106 1901 5161; x_wconf 88' lang='lat' dir='ltr'><strong>vivens</strong></span> <span class='ocrx_word' id='word_1_781' title='bbox 1925 5105 2016 5161; x_wconf 89' lang='lat' dir='ltr'><strong>diu</strong></span> <span class='ocrx_word' id='word_1_782' title='bbox 2040 5119 2126 5162; x_wconf 79' lang='lat' dir='ltr'><strong>re-</strong></span> 
     </span>
    </p>
   </div>
   <div class='ocr_carea' id='block_1_77' title="bbox 540 5194 2126 5272">
    <p class='ocr_par' dir='ltr' id='par_1_77' title="bbox 540 5194 2126 5272">
     <span class='ocr_line' id='line_1_77' title="bbox 540 5194 2126 5272; baseline -0.003 -17"><span class='ocrx_word' id='word_1_783' title='bbox 540 5209 810 5264; x_wconf 86' lang='lat' dir='ltr'><strong>servatur,</strong></span> <span class='ocrx_word' id='word_1_784' title='bbox 860 5207 922 5254; x_wconf 89' lang='lat' dir='ltr'><strong>ut</strong></span> <span class='ocrx_word' id='word_1_785' title='bbox 964 5200 1272 5272; x_wconf 85' lang='lat' dir='ltr'><strong>corrigatur</strong></span> <span class='ocrx_word' id='word_1_786' title='bbox 1312 5197 1496 5254; x_wconf 89' lang='lat' dir='ltr'><strong>:alius</strong></span> <span class='ocrx_word' id='word_1_787' title='bbox 1543 5211 1673 5253; x_wconf 89' lang='lat' dir='ltr'><strong>vero</strong></span> <span class='ocrx_word' id='word_1_788' title='bbox 1721 5196 1858 5251; x_wconf 88' lang='lat' dir='ltr'><strong>bene</strong></span> <span class='ocrx_word' id='word_1_789' title='bbox 1903 5194 2126 5266; x_wconf 87' lang='lat' dir='ltr'><strong>quidem</strong></span> 
     </span>
    </p>
   </div>
   <div class='ocr_carea' id='block_1_78' title="bbox 540 5284 2128 5355">
    <p class='ocr_par' dir='ltr' id='par_1_78' title="bbox 540 5284 2128 5355">
     <span class='ocr_line' id='line_1_78' title="bbox 540 5284 2128 5355; baseline 0 -13"><span class='ocrx_word' id='word_1_790' title='bbox 540 5292 752 5346; x_wconf 87' lang='lat' dir='ltr'><strong>videtur</strong></span> <span class='ocrx_word' id='word_1_791' title='bbox 775 5290 979 5355; x_wconf 85' lang='lat' dir='ltr'><strong>vivere,</strong></span> <span class='ocrx_word' id='word_1_792' title='bbox 1007 5290 1099 5346; x_wconf 87' lang='lat' dir='ltr'><strong>sed</strong></span> <span class='ocrx_word' id='word_1_793' title='bbox 1136 5291 1189 5346; x_wconf 91' lang='lat' dir='ltr'><strong>in</strong></span> <span class='ocrx_word' id='word_1_794' title='bbox 1220 5291 1322 5345; x_wconf 90' lang='lat' dir='ltr'><strong>hac</strong></span> <span class='ocrx_word' id='word_1_795' title='bbox 1360 5288 1472 5343; x_wconf 85' lang='lat' dir='ltr'><strong>vita</strong></span> <span class='ocrx_word' id='word_1_796' title='bbox 1513 5301 1577 5341; x_wconf 90' lang='lat' dir='ltr'><strong>eo</strong></span> <span class='ocrx_word' id='word_1_797' title='bbox 1606 5299 1775 5355; x_wconf 88' lang='lat' dir='ltr'><strong>usque</strong></span> <span class='ocrx_word' id='word_1_798' title='bbox 1799 5284 1962 5340; x_wconf 87' lang='lat' dir='ltr'><strong>durat</strong></span> <span class='ocrx_word' id='word_1_799' title='bbox 1996 5300 2128 5355; x_wconf 85' lang='lat' dir='ltr'><strong>quo-</strong></span> 
     </span>
    </p>
   </div>
   <div class='ocr_carea' id='block_1_79' title="bbox 424 5362 2127 5455">
    <p class='ocr_par' dir='ltr' id='par_1_79' title="bbox 424 5362 2127 5455">
     <span class='ocr_line' id='line_1_79' title="bbox 424 5362 2127 5455; baseline -0.001 -18"><span class='ocrx_word' id='word_1_800' title='bbox 424 5362 441 5385; x_wconf 72' lang='grc'><em>’</em></span> <span class='ocrx_word' id='word_1_801' title='bbox 538 5385 604 5437; x_wconf 84' lang='lat' dir='ltr'><strong>ad</strong></span> <span class='ocrx_word' id='word_1_802' title='bbox 630 5398 887 5454; x_wconf 86' lang='lat' dir='ltr'><strong>perversa</strong></span> <span class='ocrx_word' id='word_1_803' title='bbox 930 5391 1265 5455; x_wconf 87' lang='lat' dir='ltr'><strong>prorumpat.</strong></span> <span class='ocrx_word' id='word_1_804' title='bbox 1300 5380 1451 5434; x_wconf 79' lang='lat' dir='ltr'><strong>Alius</strong></span> <span class='ocrx_word' id='word_1_805' title='bbox 1482 5379 1537 5433; x_wconf 95' lang='lat' dir='ltr'><strong>in</strong></span> <span class='ocrx_word' id='word_1_806' title='bbox 1577 5392 1766 5433; x_wconf 89' lang='lat' dir='ltr'><strong>errore</strong></span> <span class='ocrx_word' id='word_1_807' title='bbox 1792 5376 2127 5436; x_wconf 82' lang='lat' dir='ltr'><strong>infidelitatis</strong></span> 
     </span>
    </p>
   </div>
   <div class='ocr_carea' id='block_1_80' title="bbox 540 5470 2130 5539">
    <p class='ocr_par' dir='ltr' id='par_1_80' title="bbox 540 5470 2130 5539">
     <span class='ocr_line' id='line_1_80' title="bbox 540 5470 2130 5539; baseline -0.001 -9"><span class='ocrx_word' id='word_1_808' title='bbox 540 5484 734 5539; x_wconf 86' lang='lat' dir='ltr'><strong>natus,</strong></span> <span class='ocrx_word' id='word_1_809' title='bbox 780 5475 835 5530; x_wconf 86' lang='lat' dir='ltr'><strong>in</strong></span> <span class='ocrx_word' id='word_1_810' title='bbox 883 5488 1069 5530; x_wconf 68' lang='lat' dir='ltr'><strong>errore</strong></span> <span class='ocrx_word' id='word_1_811' title='bbox 1118 5473 1301 5530; x_wconf 79' lang='lat' dir='ltr'><strong>deﬁcit</strong></span> <span class='ocrx_word' id='word_1_812' title='bbox 1336 5489 1348 5524; x_wconf 90' lang='lat'><strong>:</strong></span> <span class='ocrx_word' id='word_1_813' title='bbox 1382 5471 1521 5527; x_wconf 88' lang='lat' dir='ltr'><strong>alius</strong></span> <span class='ocrx_word' id='word_1_814' title='bbox 1566 5472 1622 5526; x_wconf 91' lang='lat' dir='ltr'><strong>in</strong></span> <span class='ocrx_word' id='word_1_815' title='bbox 1667 5470 1954 5526; x_wconf 59' lang='lat' dir='ltr'><strong>catholica:</strong></span> <span class='ocrx_word' id='word_1_816' title='bbox 1999 5471 2130 5529; x_wconf 71' lang='lat' dir='ltr'><strong>fidei</strong></span> 
     </span>
    </p>
   </div>
   <div class='ocr_carea' id='block_1_81' title="bbox 544 5562 2125 5639">
    <p class='ocr_par' dir='ltr' id='par_1_81' title="bbox 544 5562 2125 5639">
     <span class='ocr_line' id='line_1_81' title="bbox 544 5562 2125 5639; baseline 0 -17"><span class='ocrx_word' id='word_1_817' title='bbox 544 5568 866 5623; x_wconf 85' lang='lat' dir='ltr'><strong>rectitudine</strong></span> <span class='ocrx_word' id='word_1_818' title='bbox 909 5569 1140 5639; x_wconf 86' lang='lat' dir='ltr'><strong>genitus,</strong></span> <span class='ocrx_word' id='word_1_819' title='bbox 1196 5566 1251 5619; x_wconf 95' lang='lat' dir='ltr'><strong>in</strong></span> <span class='ocrx_word' id='word_1_820' title='bbox 1300 5563 1579 5620; x_wconf 70' lang='lat' dir='ltr'><strong>catholicae</strong></span> <span class='ocrx_word' id='word_1_821' title='bbox 1622 5564 1746 5620; x_wconf 88' lang='lat' dir='ltr'><strong>fidei</strong></span> <span class='ocrx_word' id='word_1_822' title='bbox 1798 5562 2125 5622; x_wconf 81' lang='lat' dir='ltr'><strong>rectitudine</strong></span> 
     </span>
    </p>
   </div>
   <div class='ocr_carea' id='block_1_82' title="bbox 541 5655 2123 5716">
    <p class='ocr_par' dir='ltr' id='par_1_82' title="bbox 541 5655 2123 5716">
     <span class='ocr_line' id='line_1_82' title="bbox 541 5655 2123 5716; baseline 0.002 -4"><span class='ocrx_word' id='word_1_823' title='bbox 541 5668 966 5716; x_wconf 71' lang='lat' dir='ltr'><strong>consummatur.</strong></span> <span class='ocrx_word' id='word_1_824' title='bbox 1019 5659 1250 5713; x_wconf 83' lang='lat' dir='ltr'><strong>Ecoutra</strong></span> <span class='ocrx_word' id='word_1_825' title='bbox 1280 5670 1408 5711; x_wconf 86' lang='lat' dir='ltr'><strong>vero</strong></span> <span class='ocrx_word' id='word_1_826' title='bbox 1437 5655 1576 5712; x_wconf 90' lang='lat' dir='ltr'><strong>alius</strong></span> <span class='ocrx_word' id='word_1_827' title='bbox 1621 5656 1903 5712; x_wconf 73' lang='lat' dir='ltr'><strong>catholica:</strong></span> <span class='ocrx_word' id='word_1_828' title='bbox 1933 5658 2123 5716; x_wconf 89' lang='lat' dir='ltr'><strong>matris</strong></span> 
     </span>
    </p>
   </div>
   <div class='ocr_carea' id='block_1_83' title="bbox 538 5747 2124 5828">
    <p class='ocr_par' dir='ltr' id='par_1_83' title="bbox 538 5747 2124 5828">
     <span class='ocr_line' id='line_1_83' title="bbox 538 5747 2124 5828; baseline 0.001 -19"><span class='ocrx_word' id='word_1_829' title='bbox 538 5761 729 5811; x_wconf 79' lang='lat' dir='ltr'><strong>ventre</strong></span> <span class='ocrx_word' id='word_1_830' title='bbox 744 5753 946 5819; x_wconf 75' lang='lat' dir='ltr'><strong>editus,</strong></span> <span class='ocrx_word' id='word_1_831' title='bbox 972 5750 1124 5828; x_wconf 68' lang='lat' dir='ltr'><strong>justa</strong></span> <span class='ocrx_word' id='word_1_832' title='bbox 1164 5747 1288 5805; x_wconf 60' lang='lat' dir='ltr'><strong>vita</strong></span> <span class='ocrx_word' id='word_1_833' title='bbox 1317 5747 1607 5806; x_wconf 68' lang='lat' dir='ltr'><strong>terminum</strong></span> <span class='ocrx_word' id='word_1_834' title='bbox 1635 5751 1843 5809; x_wconf 86' lang='lat' dir='ltr'><strong>erroris</strong></span> <span class='ocrx_word' id='word_1_835' title='bbox 1864 5754 2124 5827; x_wconf 82' lang='lat' dir='ltr'><strong>voragine</strong></span> 
     </span>
    </p>
   </div>
   <div class='ocr_carea' id='block_1_84' title="bbox 2227 5107 3820 5181">
    <p class='ocr_par' dir='ltr' id='par_1_84' title="bbox 2227 5107 3820 5181">
     <span class='ocr_line' id='line_1_84' title="bbox 2227 5107 3820 5181; baseline 0.003 -20"><span class='ocrx_word' id='word_1_836' title='bbox 2227 5108 2569 5180; x_wconf 82' lang='lat' dir='ltr'><strong>postmodum</strong></span> <span class='ocrx_word' id='word_1_837' title='bbox 2599 5108 2665 5163; x_wconf 88' lang='lat' dir='ltr'><strong>ad</strong></span> <span class='ocrx_word' id='word_1_838' title='bbox 2693 5108 2851 5164; x_wconf 86' lang='lat' dir='ltr'><strong>fidem</strong></span> <span class='ocrx_word' id='word_1_839' title='bbox 2875 5110 3173 5181; x_wconf 86' lang='lat' dir='ltr'><strong>gentilitate</strong></span> <span class='ocrx_word' id='word_1_840' title='bbox 3192 5118 3467 5181; x_wconf 87' lang='lat' dir='ltr'><strong>suscepta,</strong></span> <span class='ocrx_word' id='word_1_841' title='bbox 3497 5107 3699 5165; x_wconf 73' lang='lat' dir='ltr'><strong>Judma:</strong></span> <span class='ocrx_word' id='word_1_842' title='bbox 3722 5123 3820 5181; x_wconf 88' lang='lat' dir='ltr'><strong>po-</strong></span> 
     </span>
    </p>
   </div>
   <div class='ocr_carea' id='block_1_85' title="bbox 2229 5198 3821 5273">
    <p class='ocr_par' dir='ltr' id='par_1_85' title="bbox 2229 5198 3821 5273">
     <span class='ocr_line' id='line_1_85' title="bbox 2229 5198 3821 5273; baseline 0.002 -18"><span class='ocrx_word' id='word_1_843' title='bbox 2229 5200 2387 5273; x_wconf 85' lang='lat' dir='ltr'><strong>pulus</strong></span> <span class='ocrx_word' id='word_1_844' title='bbox 2437 5198 2677 5271; x_wconf 76' lang='lat' dir='ltr'><strong>perfidia:</strong></span> <span class='ocrx_word' id='word_1_845' title='bbox 2732 5209 2951 5271; x_wconf 87' lang='lat' dir='ltr'><strong>torpore</strong></span> <span class='ocrx_word' id='word_1_846' title='bbox 3007 5201 3340 5257; x_wconf 85' lang='lat' dir='ltr'><strong>duresceret.</strong></span> <span class='ocrx_word' id='word_1_847' title='bbox 3408 5198 3563 5257; x_wconf 86' lang='lat' dir='ltr'><strong>Unde</strong></span> <span class='ocrx_word' id='word_1_848' title='bbox 3616 5198 3821 5258; x_wconf 78' lang='lat' dir='ltr'><strong>Paulus</strong></span> 
     </span>
    </p>
   </div>
   <div class='ocr_carea' id='block_1_86' title="bbox 2231 5288 3818 5365">
    <p class='ocr_par' dir='ltr' id='par_1_86' title="bbox 2231 5288 3818 5365">
     <span class='ocr_line' id='line_1_86' title="bbox 2231 5288 3818 5365; baseline -0.001 -17"><span class='ocrx_word' id='word_1_849' title='bbox 2231 5291 2506 5363; x_wconf 82' lang='lat' dir='ltr'><strong>apostolus</strong></span> <span class='ocrx_word' id='word_1_850' title='bbox 2531 5292 2731 5349; x_wconf 88' lang='lat' dir='ltr'><strong>eisdem</strong></span> <span class='ocrx_word' id='word_1_851' title='bbox 2781 5292 3033 5365; x_wconf 87' lang='lat' dir='ltr'><strong>gentibus</strong></span> <span class='ocrx_word' id='word_1_852' title='bbox 3070 5290 3242 5348; x_wconf 88' lang='lat' dir='ltr'><strong>dicit:</strong></span> <span class='ocrx_word' id='word_1_853' title='bbox 3288 5308 3311 5343; x_wconf 75' lang='grc' dir='ltr'>ι</span> <span class='ocrx_word' id='word_1_854' title='bbox 3349 5289 3500 5348; x_wconf 88' lang='lat' dir='ltr'><strong>Sicut</strong></span> <span class='ocrx_word' id='word_1_855' title='bbox 3527 5288 3818 5362; x_wconf 80' lang='lat' dir='ltr'><strong>aliquando</strong></span> 
     </span>
    </p>
   </div>
   <div class='ocr_carea' id='block_1_87' title="bbox 2231 5380 3816 5449">
    <p class='ocr_par' dir='ltr' id='par_1_87' title="bbox 2231 5380 3816 5449">
     <span class='ocr_line' id='line_1_87' title="bbox 2231 5380 3816 5449; baseline -0.001 -10"><span class='ocrx_word' id='word_1_856' title='bbox 2231 5398 2331 5440; x_wconf 90' lang='lat' dir='ltr'><strong>vos</strong></span> <span class='ocrx_word' id='word_1_857' title='bbox 2356 5398 2464 5439; x_wconf 91' lang='lat' dir='ltr'><strong>non</strong></span> <span class='ocrx_word' id='word_1_858' title='bbox 2487 5384 2793 5440; x_wconf 88' lang='lat' dir='ltr'><strong>credidistis</strong></span> <span class='ocrx_word' id='word_1_859' title='bbox 2819 5382 2948 5449; x_wconf 86' lang='lat' dir='ltr'><strong>Deo,</strong></span> <span class='ocrx_word' id='word_1_860' title='bbox 2997 5398 3139 5438; x_wconf 91' lang='lat' dir='ltr'><strong>nunc</strong></span> <span class='ocrx_word' id='word_1_861' title='bbox 3169 5392 3350 5439; x_wconf 88' lang='lat' dir='ltr'><strong>autem</strong></span> <span class='ocrx_word' id='word_1_862' title='bbox 3384 5380 3816 5439; x_wconf 67' lang='lat' dir='ltr'><strong>misericordiam</strong></span> 
     </span>
    </p>
   </div>
   <div class='ocr_carea' id='block_1_88' title="bbox 2230 5470 3817 5545">
    <p class='ocr_par' dir='ltr' id='par_1_88' title="bbox 2230 5470 3817 5545">
     <span class='ocr_line' id='line_1_88' title="bbox 2230 5470 3817 5545; baseline -0.002 -13"><span class='ocrx_word' id='word_1_863' title='bbox 2230 5475 2506 5533; x_wconf 87' lang='lat' dir='ltr'><strong>consecuti</strong></span> <span class='ocrx_word' id='word_1_864' title='bbox 2530 5476 2661 5532; x_wconf 89' lang='lat' dir='ltr'><strong>estis</strong></span> <span class='ocrx_word' id='word_1_865' title='bbox 2706 5480 2931 5545; x_wconf 90' lang='lat' dir='ltr'><strong>propter</strong></span> <span class='ocrx_word' id='word_1_866' title='bbox 2973 5473 3185 5530; x_wconf 88' lang='lat' dir='ltr'><strong>illorum</strong></span> <span class='ocrx_word' id='word_1_867' title='bbox 3216 5473 3688 5531; x_wconf 88' lang='lat' dir='ltr'><strong>incredulitatem:</strong></span> <span class='ocrx_word' id='word_1_868' title='bbox 3734 5470 3817 5529; x_wconf 68' lang='grc' dir='ltr'><strong>ιιι</strong></span> 
     </span>
    </p>
   </div>
   <div class='ocr_carea' id='block_1_89' title="bbox 2229 5562 3818 5629">
    <p class='ocr_par' dir='ltr' id='par_1_89' title="bbox 2229 5562 3818 5629">
     <span class='ocr_line' id='line_1_89' title="bbox 2229 5562 3818 5629; baseline -0.002 -7"><span class='ocrx_word' id='word_1_869' title='bbox 2229 5574 2285 5623; x_wconf 90' lang='lat' dir='ltr'><strong>et</strong></span> <span class='ocrx_word' id='word_1_870' title='bbox 2316 5566 2407 5622; x_wconf 89' lang='lat' dir='ltr'><strong>isti</strong></span> <span class='ocrx_word' id='word_1_871' title='bbox 2431 5580 2538 5620; x_wconf 91' lang='lat' dir='ltr'><strong>non</strong></span> <span class='ocrx_word' id='word_1_872' title='bbox 2565 5564 2909 5620; x_wconf 88' lang='lat' dir='ltr'><strong>crediderunt</strong></span> <span class='ocrx_word' id='word_1_873' title='bbox 2934 5564 2988 5620; x_wconf 92' lang='lat' dir='ltr'><strong>in</strong></span> <span class='ocrx_word' id='word_1_874' title='bbox 3024 5573 3205 5620; x_wconf 87' lang='lat' dir='ltr'><strong>vestra</strong></span> <span class='ocrx_word' id='word_1_875' title='bbox 3240 5564 3635 5629; x_wconf 87' lang='lat' dir='ltr'><strong>misericordia,</strong></span> <span class='ocrx_word' id='word_1_876' title='bbox 3675 5562 3818 5619; x_wconf 68' lang='lat' dir='ltr'><strong>utet</strong></span> 
     </span>
    </p>
   </div>
   <div class='ocr_carea' id='block_1_90' title="bbox 2228 5654 3814 5731">
    <p class='ocr_par' dir='ltr' id='par_1_90' title="bbox 2228 5654 3814 5731">
     <span class='ocr_line' id='line_1_90' title="bbox 2228 5654 3814 5731; baseline -0.003 -16"><span class='ocrx_word' id='word_1_877' title='bbox 2228 5659 2331 5731; x_wconf 89' lang='lat' dir='ltr'><strong>ipsi</strong></span> <span class='ocrx_word' id='word_1_878' title='bbox 2386 5657 2812 5713; x_wconf 89' lang='lat' dir='ltr'><strong>misericordiam</strong></span> <span class='ocrx_word' id='word_1_879' title='bbox 2879 5664 3294 5728; x_wconf 88' lang='lat' dir='ltr'><strong>consequantur.</strong></span> <span class='ocrx_word' id='word_1_880' title='bbox 3353 5655 3632 5712; x_wconf 88' lang='lat' dir='ltr'><strong>Conclusit</strong></span> <span class='ocrx_word' id='word_1_881' title='bbox 3668 5654 3814 5710; x_wconf 71' lang='lat' dir='ltr'><strong>eniti</strong></span> 
     </span>
    </p>
   </div>
   <div class='ocr_carea' id='block_1_91' title="bbox 2228 5739 3818 5822">
    <p class='ocr_par' dir='ltr' id='par_1_91' title="bbox 2228 5739 3818 5822">
     <span class='ocr_line' id='line_1_91' title="bbox 2228 5739 3818 5822; baseline -0.003 -10"><span class='ocrx_word' id='word_1_882' title='bbox 2228 5753 2371 5812; x_wconf 82' lang='lat' dir='ltr'><strong>Deus</strong></span> <span class='ocrx_word' id='word_1_883' title='bbox 2402 5748 2594 5811; x_wconf 79' lang='lat' dir='ltr'><strong>omnia</strong></span> <span class='ocrx_word' id='word_1_884' title='bbox 2625 5749 2681 5806; x_wconf 89' lang='lat' dir='ltr'><strong>in</strong></span> <span class='ocrx_word' id='word_1_885' title='bbox 2725 5747 3127 5822; x_wconf 84' lang='lat' dir='ltr'><strong>incredulitate,</strong></span> <span class='ocrx_word' id='word_1_886' title='bbox 3171 5755 3233 5803; x_wconf 89' lang='lat' dir='ltr'><strong>ut</strong></span> <span class='ocrx_word' id='word_1_887' title='bbox 3264 5746 3508 5805; x_wconf 87' lang='lat' dir='ltr'><strong>omnium</strong></span> <span class='ocrx_word' id='word_1_888' title='bbox 3553 5739 3818 5808; x_wconf 53' lang='lat' dir='ltr'><strong>miser-15$</strong></span> 
     </span>
    </p>
   </div>
  </div>
