4088 6344
352 356 416 412 21
1298 344 1386 404 DE
1420 343 2083 402 PREDESTINATIONE
2122 341 2250 398 DEI.
2288 371 2333 382 -
2398 338 2523 395 LIB.
2562 338 2602 394 Ι.
3532 332 3608 389 Si

355 478 443 524 tur
479 466 658 538 (Rom.
719 466 794 529 ιι,
842 461 1050 532 50.52).
1090 480 1110 513 ι
1164 460 1337 528 Quam
1393 459 1717 515 sententiam
1778 466 1931 511 suain
1958 458 2006 516 Α
2035 465 2227 506 sensus
2258 451 2530 504 hominum
2580 463 2679 503 nec
2735 447 3025 517 quidquam
3054 446 3121 499 de
3167 443 3453 513 cujuslibet
3503 446 3609 499 line

350 558 533 631 primo
550 556 771 627 qtu'dem
798 554 867 609 de
891 553 1171 610 vocatione
1208 549 1513 606 Judaorum
1541 557 1597 604 et
1624 546 1929 617 repnlsione

346 651 619 727 gentium
646 648 985 731 patiundum
1020 650 1156 701 vero
1182 645 1251 699 de
1271 642 1555 698 vocatione
1590 641 1824 712 gentium
1874 646 1931 695 et

350 741 662 813 repiisione
683 739 1023 801 Judaaorum,
1055 736 1323 792 subtiliter
1344 748 1596 805 pensans,
1630 747 1796 802 seque
1837 745 1931 787 oo-

348 832 494 892 eulta
520 833 619 890 Dei
638 828 1323 904 judicia'comprehendere
1354 842 1462 882 non
1502 838 1659 895 posse
1685 824 1929 879 conside-

351 945 500 992 rans,
553 923 910 989 eudamando
952 920 1268 989 subiunxit:
1320 937 1341 971 ι
1368 917 1414 974 0
1443 916 1669 972 altitudo
1716 914 1928 969 divitia-

349 1036 473 1073 rum
496 1016 779 1090 sapientia:
805 1024 861 1071 et
886 1014 1125 1070 scientiae
1147 1012 1268 1079 Dei,
1308 1026 1470 1082 quam
1512 1008 1926 1077 incomprehen-

346 1108 528 1166 sibilia
557 1116 685 1163 situt
705 1105 909 1176 judicia
933 1103 1070 1173 ejus,
1086 1110 1141 1157 et
1163 1099 1564 1180 investigabiles
1580 1098 1683 1153 via:
1709 1096 1861 1166 ejus!
1896 1114 1920 1152 ι

345 1196 539 1268 (Mida
623 1194 738 1266 35.)
790 1193 945 1251 Unde
1000 1193 1088 1248 hic
1143 1204 1356 1261 quoque
1425 1205 1547 1246 cum
1590 1190 1656 1244 de
1715 1186 1928 1242 Judaeu-

344 1303 468 1345 rum
507 1285 734 1357 perﬁdia
762 1285 1022 1341 Dominus
1061 1283 1302 1338 diceret:
1360 1300 1381 1333 ι
1415 1280 1473 1335 ιιι
1519 1277 1925 1334 similitudinem

340 1378 541 1449 lapidis
557 1391 711 1447 aqua
730 1376 1015 1439 durantur,
1044 1394 1064 1428 θ
1093 1383 1154 1429 ut
1186 1374 1255 1429 de
1293 1371 1596 1442 repulsione
1619 1385 1805 1426 eorum
1828 1384 1924 1426 oc-

337 1469 491 1528 culta
513 1483 640 1526 esse
674 1484 771 1525 sua
802 1466 1003 1536 judicia
1032 1467 1450 1529 demonstraret,
1481 1472 1606 1534 apte
1646 1463 1920 1519 subdidit:

345 1575 368 1611 ι
400 1558 471 1616 Et
516 1557 829 1628 superﬁcies
875 1555 1055 1628 abyssi
1097 1555 1486 1624 constringitur
1523 1551 1658 1623 (Job
1692 1567 1921 1619 xxxvm,

336 1650 458 1720 ὅθ),
483 1666 513 1702 ο
561 1648 687 1719 quia
728 1647 1033 1718 superiecto
1080 1646 1314 1717 quodam
1358 1644 1673 1716 ignorantia:
1723 1652 1923 1698 nostra

332 1740 644 1806 velamine,
700 1737 1313 1808 incomprehensibilitas
1374 1735 1541 1791 divini
1592 1734 1780 1805 judicii
1823 1734 1922 1789 hu-

2029 545 2393 614 cognoscitur,
2433 543 2557 611 quia
2579 542 2882 597 divinorum
2900 540 3226 611 judiciorum
3257 541 3482 611 abyssus
3505 542 3609 595 Ιιιι-

2030 649 2209 690 manas
2230 630 2425 688 mentis
2465 633 2621 688 octilo
2647 632 2947 688 nullatenus
2986 640 3317 701 penetratur.
3366 630 3611 687 Vidimus

2029 741 2263 796 namque
2283 726 2426 796 quod
2464 724 2551 778 illa
2588 723 2697 779 Deo
2724 740 2913 780 aversa
2940 724 3211 795 gentilitas
3229 722 3453 791 justitize
3491 722 3612 778 luce

2028 817 2245 887 perfusa
2290 822 2392 879 est,
2437 823 2492 869 et
2546 811 2730 869 Iudaea
2769 813 2966 868 dudum
3018 813 3210 868 dilecta
3257 812 3494 884 perﬁdia:
3528 819 3613 867 est

2026 915 2186 963 (nocte
2207 915 2428 960 cinnata.
2486 904 2701 961 Scimus
2731 905 2896 960 etiam
2923 905 3064 973 quod
3092 905 3231 961 latro
3256 904 3324 959 de
3367 905 3611 974 patibulo

2028 1000 2277 1056 transivit
2319 1001 2385 1056 ad
2411 1013 2657 1071 regmtm,
2684 998 2849 1055 Judas
2890 999 2956 1053 de
2986 999 3312 1068 apostolatus
3332 999 3500 1070 gloria
3527 1009 3614 1057 est

2028 1090 2210 1162 lapsus
2268 1091 2321 1145 in
2372 1099 2658 1145 tartarum.
2714 1091 3057 1159 Rursumque
3104 1091 3233 1159 quia
3288 1102 3465 1147 sortes
3512 1090 3613 1146 ali-

2026 1185 2245 1254 quando
2294 1199 2415 1253 qua:
2461 1184 2726 1254 cmperint
2773 1199 2878 1239 non
2908 1191 3207 1247 mutantur,
3244 1194 3299 1240 et
3347 1185 3613 1241 latronem

2025 1275 2275 1330 novimus
2297 1275 2460 1329 alium
2485 1276 2800 1345 pervenisse
2841 1276 2909 1330 ad
2955 1275 3294 1347 supplicium,
3325 1284 3379 1330 et
3399 1285 3615 1347 aposto-

2023 1364 2107 1422 lns
2129 1367 2332 1421 scimus
2366 1367 2670 1436 percepisse
2715 1368 3047 1437 propositum
3092 1368 3236 1437 quod
3271 1368 3615 1422 desiderave-

2026 1466 2149 1510 rant
2177 1456 2442 1528 Regnum.
2486 1458 2619 1524 Quis
2646 1473 2777 1527 ergo
2801 1459 3058 1514 discutiat
3095 1460 3147 1513 in
3186 1444 3297 1529 qua
3322 1459 3408 1513 via
3457 1459 3614 1512 hari-

2026 1554 2105 1602 tct
2131 1548 2218 1602 lux
2245 1557 2300 1602 et
2328 1551 2671 1604 tenebrarum
2692 1552 2815 1620 quis
2848 1551 2996 1606 locus
3039 1552 3129 1617 sit,
3157 1562 3217 1605 ut
3235 1553 3395 1608 ducat
3420 1567 3612 1605 unum-

2021 1639 2272 1709 quodque
2315 1641 2383 1694 ad
2420 1641 2677 1696 terminos
2725 1657 2873 1707 suos,
2903 1649 2958 1696 et
2986 1642 3250 1713 intelligat
3275 1642 3495 1697 semitas
3517 1642 3613 1697 do-

2022 1749 2144 1789 mus
2164 1733 2323 1802 ejus?
2353 1735 2519 1790 Video
2545 1736 2766 1790 Paulum
2788 1752 2854 1790 ex
2877 1736 2963 1790 illa
2992 1732 3383 1806 persecutionis
3405 1738 3612 1792 smvitia

330 1845 515 1887 mante
542 1828 742 1886 tuentis
776 1828 934 1887 oculo
959 1828 1263 1883 nullatenus
1283 1834 1617 1897 penetratur.
1646 1824 1920 1894 Scriptum
1949 1822 1996 1883 Β
2023 1828 2089 1882 ad
2118 1828 2340 1900 gratiam
2367 1830 2699 1899 apostolatus
2745 1839 2992 1885 vocatum
3049 1830 3186 1902 (Act.
3215 1846 3290 1895 ix,
3325 1829 3397 1900 i),
3428 1839 3483 1885 et
3533 1839 3613 1884 ta-

336 1920 536 1992 quippe
580 1929 704 1976 est:
768 1919 1026 1976 «ludicia
1082 1927 1177 1978 tua
1232 1920 1459 1989 abyssus
1513 1917 1682 1973 multa
1742 1915 1916 1989 (Psal.

332 2023 499 2075 ων,
531 2009 607 2082 7).
645 2028 665 2061 ι
690 2008 864 2067 Nemo
889 2022 1019 2079 ergo
1057 2009 1386 2080 perscrutari
1429 2016 1649 2079 appetat
1669 2023 1769 2064 cur
1796 2022 1919 2063 cum

335 2102 477 2159 alius
505 2103 817 2174 repellitur,
856 2103 996 2159 alius
1032 2103 1300 2175 eligatur;
1343 2101 1427 2157 vel
1470 2117 1568 2156 cur
1599 2116 1723 2157 cum
1783 2100 1920 2156 alius

330 2194 573 2266 eligitur,
628 2195 767 2253 alius
820 2178 1153 2266 repellatur:
1210 2194 1339 2264 quia
1384 2193 1698 2263 superﬁcies
1739 2190 1920 2262 abyssi

326 2285 745 2357 constringitur,
793 2294 869 2352 et,
923 2295 1214 2343 attestante
1263 2285 1449 2349 Paulo,
1503 2302 1521 2336 ι
1550 2283 1920 2340 inscrutabilia

327 2386 462 2437 sunt
486 2376 694 2447 judicia
715 2379 853 2450 ejus,
874 2386 929 2439 et
955 2378 1353 2450 investigabiles
1376 2379 1476 2434 vite
1503 2376 1665 2449 ejus.)
1696 2397 1715 2432 ο

396 2468 536 2525 Item
578 2469 633 2525 in
665 2471 857 2526 eodem
882 2470 1024 2529 libro
1065 2471 1203 2543 (esp.
1251 2473 1308 2544 9)
1354 2474 1423 2528 de
1451 2472 1641 2527 eadem
1687 2471 1920 2541 disposi-c

328 2559 479 2617 tione
507 2575 632 2616 cum
660 2570 921 2620 tractaret
942 2564 1265 2623 sententiam
1295 2564 1436 2619 beati
1458 2563 1559 2619 Job
1583 2579 1686 2635 qua
1716 2565 1927 2620 dicitur

325 2648 377 2714 ei
405 2664 440 2703 a
467 2650 695 2707 Domino
724 2668 738 2705 :
777 2670 797 2704 ι
830 2652 1012 2715 Indico
1039 2653 1170 2715 mihi
1197 2654 1242 2709 si
1275 2654 1419 2710 nosti
1449 2654 1631 2711 omnia
1656 2671 1670 2708 :
1713 2654 1768 2709 in
1809 2670 1916 2725 qua

326 2740 413 2796 via
443 2740 653 2797 habitet
692 2742 820 2809 ius,
853 2752 910 2799 et
936 2744 1282 2803 tenebrarum
1330 2744 1451 2814 quis
1489 2744 1640 2800 locus
1686 2745 1759 2800 sit
1791 2744 1919 2816 (Job

325 2849 557 2897 sxxvrn,
582 2835 671 2904 {8,
697 2836 807 2908 19).
837 2858 856 2893 ι
892 2836 995 2910 [Ac
1014 2839 1061 2896 si
1085 2838 1293 2895 dicatur
1310 2841 1392 2895 ei:
1423 2838 1481 2894 Si
1501 2839 1713 2910 plenam
1738 2848 1791 2895 te
1819 2840 1917 2893 had

326 2926 459 2994 bere
480 2927 766 2985 scientiam
793 2930 1107 3001 suspicaris,
1135 2931 1222 2988 dic
1260 2930 1342 2987 vel
1373 2932 1427 2986 in
1455 2932 1609 3001 cujus
1633 2929 1797 2985 corde
1824 2944 1911 2996 ea,

324 3035 447 3090 qua:
489 3036 639 3077 nunc
689 3021 859 3089 deest,
907 3022 1216 3079 innocentia
1268 3023 1487 3088 veniat,
1537 3022 1623 3077 vel
1654 3022 1711 3076 in
1761 3019 1917 3090 cujus

323 3113 488 3171 corde
516 3127 603 3178 ea,
632 3129 754 3185 qua:
776 3130 922 3171 nunc
946 3123 1050 3181 est,
1075 3114 1277 3171 malitia
1301 3123 1629 3185 perseveret.
1665 3132 1686 3164 ι
1721 3113 1780 3168 In
1804 3127 1910 3183 qua

329 3205 410 3260 ria
448 3180 668 3262 habitet
683 3205 809 3273 lux,
841 3228 867 3269 ν-
904 3208 963 3265 id
1008 3180 1092 3266 est
1133 3180 1544 3280 cujus-mentem
1576 3209 1799 3264 veniens
1819 3180 1908 3280 ju-
1937 3180 1984 3244 (ἶ

324 3296 473 3358 stitia
498 3298 739 3370 impleat.
771 3317 795 3352 ι
825 3299 896 3356 Et
912 3302 1259 3357 tenebrarum
1270 3302 1394 3371 quis
1420 3302 1569 3357 locus
1595 3302 1684 3367 sit,
1704 3319 1727 3353 ι
1755 3302 1807 3355 id
1829 3308 1917 3356 est

323 3387 381 3455 in
415 3405 528 3460 quo
577 3390 835 3462 iniquitas
867 3406 1009 3450 caeca
1036 3394 1313 3464 perduret.
1361 3414 1381 3446 ι
1413 3394 1484 3450 Ut
1526 3395 1691 3449 ducas
1720 3409 1918 3448 unum-

322 3481 577 3561 quodque
595 3481 666 3537 ad
691 3483 955 3541 terminos
978 3498 1127 3549 sitos,
1152 3504 1171 3536 ι
1196 3484 1249 3539 id
1269 3492 1376 3549 est,
1396 3493 1457 3539 ut
1481 3483 1744 3554 dijudices
1760 3484 1805 3537 si
1827 3480 1912 3538 vel

324 3569 373 3629 is
400 3572 495 3642 qui
544 3586 690 3630 nunc
742 3572 961 3644 iniquus
1008 3575 1270 3638 cernitur,
1317 3575 1688 3646 ininiquitate
1743 3575 1909 3629 vitam

325 3659 514 3728 ﬁniat;
545 3662 633 3718 vel
661 3663 710 3720 is
731 3664 824 3734 qui
845 3665 1026 3736 justus
1059 3666 1324 3732 cernitur,
1364 3666 1759 3721 extmitatem
1786 3666 1912 3721 vitae

324 3769 437 3823 sua
472 3769 599 3812 eum
622 3756 848 3826 iustitia:
873 3757 1209 3828 peefeetione
1238 3759 1544 3817 concludat.
1579 3780 1597 3814 ί
1628 3761 1695 3815 Ει
1720 3761 1915 3817 intelli-

326 3861 424 3917 gas
477 3849 702 3907 semitas
751 3849 944 3908 domus
986 3850 1128 3921 ejus,
1154 3870 1179 3907 θ
1212 3851 1266 3907 id
1292 3861 1379 3907 est
1404 3851 1715 3908 consideres
1750 3861 1913 3922 atque

326 3937 603 3999 discernes
636 3938 723 3997 vel
765 3940 855 3998 cui
885 3941 1028 4000 bona
1069 3943 1215 3998 actio
1246 3957 1602 4014 perseverans
1651 3953 1909 3999 internum

325 4029 664 4087 mansionem
700 4040 919 4101 praestet
964 4033 1021 4089 in
1075 4048 1263 4106 regno,
1310 4035 1392 4091 vel
1435 4051 1596 4106 quem
1644 4051 1818 4106 usque
1841 4035 1928 4091 ad’

324 4120 617 4181 lcrminutu
638 4136 796 4179 suum
824 4124 967 4181 actio
990 4139 1155 4194 prava
1174 4127 1550 4197 constringens
1572 4126 1625 4181 in
1647 4135 1911 4182 internum

325 4209 549 4267 damnet
600 4212 939 4284 supplicium.
991 4216 1192 4273 Domus
1238 4219 1437 4288 quippe
1484 4233 1581 4289 pro
1630 4219 1912 4275 mansione

322 4300 570 4369 ponitur,
619 4303 810 4365 semita
843 4318 945 4373 pro
987 4306 1220 4365 actione.
1270 4302 1476 4364 Semita
1517 4309 1681 4379 igitur
1708 4308 1777 4364 ad
1816 4309 1913 4365 do-

325 4406 475 4449 mum
524 4392 701 4460 ducit,
752 4394 879 4463 quia
937 4396 1087 4457 actio
1126 4396 1196 4456 ad
1234 4397 1568 4454 mansionem
1623 4399 1907 4469 pertrahit.

2024 1933 2148 1973 men
2190 1921 2269 1975 sic
2293 1920 2435 1975 inter
2454 1920 2653 1988 judicia
2680 1922 2888 1977 occulta
2920 1920 3207 1987 formidat,
3247 1929 3305 1974 ut
3333 1920 3610 1992 reproliari

2023 2023 2081 2064 se
2121 2010 2284 2063 etiam
2330 2021 2611 2080 postquam
2639 2019 2860 2067 vocatus
2912 2019 2994 2067 est
3042 2012 3245 2066 timeat.
3285 2010 3377 2064 Ait
3422 2011 3607 2064 enim:

2027 2116 2048 2150 ι
2067 2098 2286 2171 Castigo
2327 2114 2524 2170 corpus
2543 2117 2723 2158 meum
2746 2112 2803 2157 et
2820 2102 3065 2156 servituti
3088 2102 3346 2173 subjicio:
3380 2117 3447 2157 ne
3469 2100 3611 2156 forte

2022 2191 2141 2246 aliis
2166 2194 2463 2262 praedicans
2489 2194 2603 2263 ipse
2622 2197 2885 2266 reprobus
2906 2194 3176 2266 eﬂiciarU
3198 2195 3320 2253 Cor.
3352 2196 3554 2261 111,27).
3584 2214 3605 2246 ι

2020 2281 2089 2336 Et
2110 2298 2323 2337 rursum
2350 2301 2364 2336 :
2400 2302 2420 2335 ι
2457 2284 2569 2356 Ego
2600 2298 2686 2339 me
2712 2300 2819 2340 non
2841 2285 3077 2341 arbitror
3097 2271 3606 2356 comprehendisse;

2020 2393 2189 2432 unum
2233 2388 2415 2434 autem
2466 2394 2587 2451 quae
2633 2389 2780 2438 retro
2828 2382 3050 2450 oblitus,
3117 2385 3171 2439 in
3224 2399 3286 2439 ea
3327 2399 3446 2455 quae
3484 2392 3610 2440 sunt

2019 2472 2199 2541 priora
2226 2471 2524 2528 extendens
2555 2488 2658 2535 me,
2687 2474 2753 2527 ad
2778 2474 3106 2529 destinatum
3134 2489 3354 2545 sequor,
3384 2475 3449 2530 ad
3488 2476 3606 2545 pal-

2020 2578 2163 2619 mam
2194 2578 2440 2635 supernae
2469 2567 2765 2623 vocationis
2784 2568 2879 2623 Dei
2906 2569 2961 2623 in
2986 2568 3201 2626 Christo
3222 2566 3371 2625 Iesu.
3396 2570 3610 2639 Sequor

2019 2667 2199 2711 autem
2248 2658 2293 2711 si
2323 2659 2800 2728 comprehendam,
2848 2662 2901 2715 in
2950 2676 3058 2732 quo
3103 2671 3156 2717 et
3184 2664 3608 2733 comprehensus

2018 2761 2136 2803 sum
2165 2746 2330 2817 (Phil.
2364 2764 2444 2813 in,
2475 2749 2561 2815 15,
2596 2751 2705 2823 14).
2736 2772 2754 2805 ι
2806 2753 2869 2807 Et
2901 2764 3048 2809 certe
3069 2753 3183 2822 jam
3226 2755 3292 2810 de
3333 2755 3426 2812 illo
3471 2772 3608 2814 voce

2016 2838 2295 2894 Dominica
2324 2840 2528 2895 dictum
2576 2842 2787 2898 fuerat:
2852 2863 2871 2895 ‹
2900 2843 3007 2900 Vas
3038 2846 3317 2904 electionis
3349 2850 3481 2904 mihi
3521 2860 3602 2906 est

2019 2929 2155 3001 (Act.
2208 2946 2283 2996 ix,
2322 2930 2432 3003 £5),
2472 2951 2492 2985 ι
2547 2942 2603 2988 et
2651 2943 2831 2990 tamen
2876 2937 3051 2993 adhuc
3100 2941 3374 3012 castigans
3410 2954 3600 3012 corpus

2016 3036 2173 3078 suum
2200 3025 2391 3079 metuit
2431 3040 2499 3080 ne
2535 3028 2870 3097 reprobetur.
2904 3031 2994 3085 Vm
3022 3032 3237 3088 miseris
3288 3035 3464 3102 nobis,
3511 3038 3601 3108 qui

2014 3112 2082 3168 de
2118 3113 2381 3170 electione
2424 3124 2617 3174 nostra
2666 3119 2868 3174 nullam
2907 3121 3088 3179 adhuc
3131 3123 3230 3180 Dei
3276 3140 3461 3184 vocem
3508 3145 3601 3186 co-

2015 3206 2320 3278 gnovimus,
2368 3216 2424 3264 et
2459 3208 2571 3279 jam
2620 3211 2673 3267 in
2701 3214 2812 3269 otio
2864 3217 3019 3285 quasi
3061 3218 3129 3274 de
3156 3221 3447 3278 securitate
3497 3233 3603 3279 tor-

2014 3313 2224 3368 pemus.
2242 3299 2262 3372 ]

2084 3388 2222 3456 Quid
2251 3392 2393 3446 enim
2423 3393 2508 3449 his
2541 3395 2877 3453 occultorum
2894 3398 3221 3470 judiciorum
3247 3405 3443 3462 abditis
3479 3421 3602 3462 san-

2013 3490 2134 3538 ctus
2164 3483 2457 3555 Gregorius
2486 3502 2584 3544 nos
2612 3489 2821 3556 edocet,
2873 3492 2976 3548 nisi
3016 3495 3156 3564 quod
3184 3496 3603 3570 uniuscujusque

2013 3582 2166 3629 actus
2187 3583 2242 3629 et
2267 3576 2391 3632 ﬁnis
2431 3578 2611 3633 divina
2644 3581 3012 3637 moderatione
3048 3586 3371 3657 diSponitur,
3415 3599 3468 3645 et
3503 3592 3604 3646 hu-

2012 3679 2205 3721 manas
2230 3668 2449 3737 quidem
2474 3682 2682 3727 mentes
2703 3674 2905 3728 erroris
2930 3675 3111 3729 nubila
3134 3677 3500 3748 confundunt,
3531 3698 3601 3740 ne

2011 3757 2096 3812 vel
2122 3757 2188 3812 de
2213 3773 2294 3823 se,
2324 3759 2408 3815 vel
2438 3760 2505 3816 de
2528 3762 2650 3817 aliis
2676 3764 2815 3819 scire
2855 3766 3062 3834 possint
3101 3769 3230 3838 quid
3276 3773 3416 3841 apud
3442 3788 3502 3829 se
3546 3775 3602 3831 in

2006 3847 2227 3917 judiciis
2251 3852 2480 3907 secretis
2506 3861 2732 3925 agatur:
2771 3870 2891 3911 cum
2921 3866 3098 3914 tamen
3122 3861 3265 3916 scire
3291 3852 3621 3923 omnimodo.

2012 3943 2209 4000 debent
2244 3946 2451 4001 calcati
2498 3946 2903 4019 dispensatione
2950 3951 3129 4007 omnia
3172 3955 3307 4025 geri,
3339 3965 3393 4010 et
3419 3958 3603 4030 singu-

2010 4035 2184 4092 lorum
2236 4045 2391 4093 actus
2420 4039 2486 4092 ad
2526 4039 2710 4105 tinem,
2737 4056 2844 4111 quo
2888 4044 3125 4100 caelestis
3162 4046 3423 4116 sapientia
3458 4048 3603 4118 judi-

2011 4128 2237 4190 caverit,
2287 4130 2527 4198 perduci.
2557 4131 2687 4187 item
2716 4133 2769 4188 in
2800 4133 2938 4208 libro
2965 4151 3073 4190 xxx
3100 4136 3237 4209 (cap.
3268 4137 3341 4209 5),
3381 4156 3603 4198 sumens

2012 4218 2378 4273 testimonium
2412 4220 2600 4291 psalmi
2628 4239 2715 4278 xu
2744 4241 2757 4277 :
2794 4242 2813 4276 ι
2842 4224 3123 4296 Ingrediar
3143 4227 3196 4281 in
3224 4228 3402 4285 locum
3428 4214 3603 4288 taber-

2010 4310 2188 4366 naculi
2233 4312 2567 4368 admirabilis
2613 4330 2785 4385 usque
2835 4316 2903 4371 ad
2942 4316 3160 4374 domum
3209 4321 3327 4391 Dei,
3376 4323 3429 4379 in
3468 4341 3601 4382 voce

2010 4401 2408 4467 exsultatiouis,
2438 4412 2492 4460 et
2514 4405 2870 4463 confessionis
2898 4425 3064 4466 sonus
3092 4412 3376 4484 epulantis.
3417 4437 3435 4470 ι
3470 4417 3597 4490 [Qui

326 4478 434 4545 Sed
462 4483 588 4553 quis
614 4484 891 4543 hominum
916 4487 1045 4549 ista
1072 4488 1369 4565 (discussus
1414 4489 1603 4546 dicat?
1627 4538 1631 4543 .
1651 4490 1775 4560 quis
1804 4491 1908 4546 ista
1933 4547 1984 4567 ﬁ
2009 4495 2176 4567 igitur
2209 4496 2355 4553 intus
2383 4510 2514 4555 voce
2540 4500 2916 4557 exsultationis
2937 4512 2991 4558 ct
3023 4478 3377 4565 conl‘essionis
3420 4478 3491 4566 ac
3506 4478 3601 4566 Eo.

323 4572 938 4666 saltemimperterritlts
976 4579 1208 4653 audiat?
1261 4579 1454 4638 Multos
1481 4582 1626 4641 enim
1664 4572 1986 4640 videmus”
2013 4602 2142 4642 nam
2188 4586 2425 4642 civitatis
2468 4589 2738 4659 epulantis
2781 4592 3062 4659 audierat,
3094 4597 3222 4666 quid
3268 4598 3415 4653 illum
3453 4600 3599 4659 aliud

324 4665 567 4736 quotidie
594 4667 686 4738 qui
708 4668 937 4739 jnstitite
979 4670 1118 4729 luce
1140 4673 1517 4744 resplendent,
1549 4682 1605 4731 et
1631 4683 1809 4731 tamen
1838 4676 1907 4735 ad
2014 4679 2116 4734 nisi
2147 4679 2270 4734 cteli
2293 4690 2589 4737 concentus
2617 4683 2920 4739 excitavit?
2965 4685 3067 4752 Qui
3094 4665 3272 4744 tamen
3305 4699 3598 4751 concentus
3626 4688 3633 4699 ’

324 4758 488 4855 linem
538 4773 698 4855 suum
748 4762 1375 4837 nequitiat‘obscuritate
1422 4767 1793 4822 tenebrantur.
1840 4767 1908 4823 Et
2014 4774 2259 4843 reprobis
2301 4774 2527 4839 dormit,
2576 4776 2703 4846 quia
2738 4791 2925 4832 eorum
2970 4778 3222 4836 cordibus
3253 4776 3633 4855 nequaquam'

324 4848 531 4917 multos
550 4852 845 4915 animus
862 4863 1207 4925 peccatorum
1250 4858 1487 4914 tenebris
1511 4859 1812 4925 obvolutus,
1853 4869 1911 4916 et
2011 4877 2112 4935 per
2136 4876 2323 4919 vocem
2354 4866 2785 4934 compunctiouis
2818 4867 3124 4924 innotescit.
3150 4867 3267 4926 Non
3301 4848 3600 4932 enim-con-

325 4948 508 5010 tamen
529 4940 688 5011 juxta
719 4944 843 5007 vita:
876 4960 990 5005 sua:
1028 4948 1314 5003 terminum
1351 4956 1576 5019 repente
1602 4948 1752 5004 reddi
1790 4948 1909 5005 luce

321 5030 552 5101 ὶιηιίιὶω
591 5033 812 5093 liberos.
846 5035 1042 5095 Multos
1063 5040 1228 5096 etiam
1257 5042 1511 5097 novimus
1530 5041 1699 5098 semel
1724 5042 1909 5098 inven-

326 5132 437 5187 tam
465 5125 613 5181 viam
628 5124 856 5196 justitiam
881 5128 1086 5187 illibate
1112 5142 1285 5203 usque
1313 5135 1383 5190 ad
1418 5134 1623 5190 obitum
1648 5136 1909 5203 tenuisse,

323 5227 382 5289 et
403 5219 693 5292 plerosque
738 5225 1118 5297 conspeximus
1160 5242 1335 5297 usque
1369 5229 1438 5283 ad
1482 5229 1687 5284 exitum
1732 5228 1911 5300 empta

325 5311 499 5369 semel
521 5313 751 5371 crimina
777 5316 896 5373 sine
929 5319 1230 5375 cessatione
1254 5318 1580 5375 cumulasse.
1628 5320 1763 5388 Quis
1780 5335 1911 5377 vero

324 5401 474 5461 inter
494 5404 601 5460 ista
624 5400 960 5465 occultorum
980 5407 1307 5478 judiciorum
1331 5411 1544 5469 nubilas
1571 5413 1770 5469 mentis
1795 5428 1908 5469 sum

324 5494 541 5554 radium
574 5497 780 5566 mittat,
828 5510 889 5557 ut
922 5500 1102 5572 aliqua
1152 5504 1587 5561 consideratione
1635 5505 1908 5560 discernat

322 5586 412 5649 vel
442 5587 569 5658 quis,
602 5591 860 5660 perduret
901 5593 956 5650 in
1010 5594 1169 5667 malo,
1215 5596 1300 5653 vel
1349 5598 1472 5670 quis
1497 5610 1808 5671 perseveret
1852 5601 1907 5657 in

321 5677 495 5751 bello,
510 5678 601 5737 sel
618 5681 743 5752 quis
762 5683 837 5741 ab
862 5683 1063 5741 intimis
1087 5697 1435 5744 convertatur
1475 5690 1545 5746 ad
1571 5706 1803 5760 summa,
1824 5692 1909 5749 vel

324 5772 455 5853 suis
492 5788 529 5840 δ
557 5776 788 5857 σηιιῴ
824 5786 1131 5842 merant:
1162 5783 1234 5842 ab
1272 5781 1504 5844 intima?
1551 5783 1751 5846 Latent
1794 5787 1962 5871 necf

2013 4954 2257 5010 siderare
2279 4954 2423 5009 illam
2452 4956 2861 5013 desiderabilem
2889 4970 3240 5029 supernorum
3263 4963 3462 5021 civium
3490 4966 3600 5036 tre-
3626 4976 3631 4983 ‘

2013 5048 2290 5118 quentiam
2321 5049 2577 5115 student,
2611 5050 2758 5105 nullo
2786 5051 2997 5107 ardoris
3042 5054 3194 5111 radio
3223 5054 3313 5112 illa
3341 5050 3597 5115 solemni-
3626 5045 3637 5077 τ

2016 5140 2139 5195 tatis
2166 5140 2393 5196 interna:
2419 5138 2555 5196 festa
2581 5142 2938 5212 conspiciunt,
2982 5144 3124 5200 nulla
3161 5146 3213 5202 in
3238 5138 3635 5222 intimisconf

2016 5234 2378 5305 templationis
2404 5250 2579 5305 penna
2605 5235 2972 5292 sublevantur.
3027 5238 3170 5296 Solis
3199 5218 3433 5312 namque
3464 5231 3597 5314 visi-

2015 5328 2212 5384 bilibus
2267 5329 2530 5394 serviunt,
2584 5336 2639 5384 et
2689 5328 2893 5386 idcirco
2938 5330 3075 5386 nihil
3111 5347 3359 5403 superna:
3408 5328 3593 5390 suavir

2016 5419 2141 5475 tatis
2205 5420 2531 5476 intrinsecus
2596 5421 2878 5476 audiunt:
2945 5422 3070 5491 quia
3137 5438 3275 5489 cos,
3344 5410 3482 5480 sicut
3539 5434 3635 5481 et‘

2014 5512 2264 5580 superius
2292 5512 2545 5578 diximus,
2603 5513 2656 5567 in
2688 5528 2820 5568 aure
2866 5512 3044 5568 cordis
3074 5527 3324 5569 curarum
3373 5514 3595 5571 szccula-
3632 5524 3637 5531 '

2014 5603 2155 5659 rium
2185 5604 2332 5660 surdi
2364 5604 2625 5661 tumultus
2664 5604 2961 5679 premunt.]
3004 5604 3139 5673 Quia
3184 5605 3350 5678 igitur
3396 5606 3617 5663 occulti‘

2015 5696 2415 5769 dispensatione
2435 5697 2623 5769 judicii
2647 5699 2788 5767 quod
2814 5697 2934 5752 aliis
2960 5697 3216 5767 aperitur,
3243 5697 3363 5754 aliis
3391 5697 3595 5754 claudi-

2013 5788 2323 5898 tur,i;quod
2349 5788 2470 5853 aliis
2496 5791 2795 5865 detegitur,
2846 5789 2966 5850 aliis
3000 5789 3305 5850 occultatur
3327 5831 3343 5858 ,
3397 5788 3599 5850 dicitur
3632 5804 3641 5815 ‘
