4088 6344
470 299 542 355 25
1540 302 1897 359 RATRAMNI
1933 301 2386 361 CORBEIENSIS
2422 302 2732 363 MONACHI
3675 310 3745 367 Μ

473 428 663 477 recte:
694 439 713 473 t
743 421 877 490 Quis
897 423 1141 478 narrabit
1164 421 1425 478 caelorum
1446 422 1834 485 narrationem,
1861 430 1917 475 et
1936 436 2060 476 con-
2086 423 2138 481 A
2163 420 2219 476 In
2243 431 2400 492 pacto
2445 438 2678 493 namque
2731 420 3151 478 discordantium
3206 421 3443 492 partium
3494 424 3747 481 voluntas

476 519 696 567 centum
726 512 846 569 caeli
873 513 994 584 quis
1021 512 1258 569 dormire
1282 512 1480 568 faciet?
1500 532 1519 564 ι
1547 510 1917 583 (Jobxxxvm,
1946 511 2060 583 57.)

476 602 630 672 Quod
678 606 794 661 haac
848 622 953 663 vox
993 606 1367 663 exsultationis
1420 614 1476 661 et
1532 605 1886 662 confessionis
1932 606 2063 663 alio-

476 712 598 751 rum
646 698 899 754 cordibus
944 698 1181 763 insonet,
1231 697 1458 753 aliorum
1500 714 1632 753 vero
1678 698 2059 764 abscondatur,

473 787 669 841 occulti
698 787 1095 859 dispensatione
1115 786 1305 856 judicii
1348 788 1656 845 manifestat
1684 789 1802 844 fieri
1841 790 2063 845 demon-

470 885 661 933 strans
708 879 956 934 universa
1006 880 1253 950 supernis
1296 880 1737 951 dispositionibus
1769 882 2057 936 moderari.

472 968 610 1043 Item
656 971 709 1025 in
756 971 944 1026 eodem
976 971 1113 1027 libro
1140 972 1276 1044 (cap.
1304 972 1358 1043 6)
1391 992 1403 1027 :
1436 991 1454 1025 ‹
1493 972 1719 1041 Quando
1741 974 2063 1030 fundebatur

478 1063 655 1133 pulvis
693 1064 749 1118 in
792 1073 935 1119 terra
966 1074 1021 1121 et
1064 1065 1230 1137 glebae
1280 1066 1783 1136 compingebantur.
1832 1086 1849 1117 ι
1908 1066 1986 1122 Ac
2014 1066 2061 1121 si

477 1155 719 1209 diceret:
767 1155 900 1211 Cum
940 1158 1116 1227 primo
1161 1157 1281 1230 [al.,
1326 1166 1454 1213 tunc
1482 1157 1740 1229 primum]
1782 1159 2062 1214 vocatione

475 1254 531 1299 et
577 1246 901 1304 discretione
948 1248 1253 1313 manifesta,
1301 1259 1509 1306 secreta
1555 1250 1816 1320 spiritalia
1863 1260 1918 1307 et
1955 1266 2060 1306 non

476 1338 595 1391 sine
622 1339 993 1395 misericordia
1019 1340 1141 1395 aliis
1167 1342 1376 1411 aperui,
1426 1353 1482 1396 et
1527 1356 1633 1396 non
1688 1342 1806 1396 sine
1852 1340 2061 1409 justitia

477 1428 598 1485 aliis
624 1430 816 1497 clausi,
844 1447 966 1487 cum
994 1432 1129 1488 alios
1164 1447 1478 1502 respuerem
1512 1441 1567 1487 et
1591 1432 1725 1489 alios
1771 1433 1912 1487 intra
1955 1433 2059 1488 Ec-

475 1522 695 1577 clesiam
724 1525 1011 1580 concordia
1050 1525 1332 1581 charitatis
1362 1524 1676 1580 adunarem.
1709 1524 1776 1579 Et
1804 1524 1893 1579 hic
1919 1525 2061 1595 quod

476 1612 568 1667 alii
595 1624 943 1684 respuuntur,
972 1624 1026 1671 et
1051 1614 1142 1669 alii
1169 1615 1526 1685 recipiuntur,
1567 1614 1734 1670 divini
1761 1614 1917 1670 docet
1943 1630 2065 1671 esse

476 1706 933 1776 dispensationem
953 1705 1163 1777 judicii.
1194 1708 1326 1763 Item
1365 1708 1418 1763 in
1443 1707 1536 1763 lib.
1578 1724 1729 1763 χχχιι
1761 1708 1862 1763 sub
1890 1706 2062 1763 Behe-

2160 515 2436 586 impletur,
2480 512 2537 571 ut
2565 515 2631 571 ad
2666 524 2851 571 votum
2895 530 3051 570 suum
3095 530 3322 585 quaeque
3359 517 3645 585 perveniat
3689 527 3748 576 et

2157 605 2337 677 jurgia
2377 606 2682 663 desiderato
2735 606 2841 662 ﬁne
2887 606 3191 663 concludat.
3242 606 3512 678 Antiquus
3562 609 3748 681 itaque

2164 698 2336 755 hostis
2374 714 2405 753 a
2438 699 2749 754 sinceritate
2783 699 2977 754 divinae
3020 697 3344 754 innocentiae
3387 699 3607 755 malitiae
3634 717 3747 756 suae

2162 806 2455 848 succensus
2486 790 2604 846 face
2632 790 2926 854 discordat,
2963 791 3058 846 sed
3085 790 3154 845 ab
3194 788 3311 857 ejus
3344 788 3553 857 judicio
3581 790 3748 846 etiam

2163 881 2521 937 discordando
2539 896 2646 936 non
2672 881 2960 952 discrepat.
2991 880 3127 935 Nam
3146 881 3293 936 viros
3319 880 3498 951 justos
3536 897 3753 949 semper

2164 973 2428 1029 malevole
2467 981 2679 1028 tentare
2725 974 2943 1044 appetit,
2991 974 3084 1028 sed
3122 981 3303 1028 tamen
3350 973 3613 1029 Dominus
3654 972 3755 1029 hoc

2163 1066 2251 1123 vel
2271 1065 2698 1121 misericorditer
2737 1065 2854 1121 fieri
2878 1065 2962 1119 vel
2984 1065 3129 1135 juste
3158 1066 3445 1135 permittit.
3480 1064 3755 1136 Haacrfpsa

2163 1172 2292 1229 ergo
2319 1157 2633 1213 tentationis
2677 1157 2892 1212 licentia
2920 1168 3138 1228 pactum
3187 1168 3432 1225 vocatur,
3468 1159 3522 1214 in
3565 1170 3670 1229 qua
3700 1168 3757 1215 et

2164 1249 2492 1305 desiderium
2521 1250 2806 1305 tentatoris
2827 1254 3022 1320 agitur,
3053 1258 3110 1305 et
3130 1258 3312 1305 tamen
3338 1266 3436 1321 per
3473 1266 3593 1308 eam
3615 1253 3756 1311 miro

2165 1342 2326 1397 modo
2352 1341 2604 1397 voluntas
2641 1342 2773 1412 justi
2820 1342 3213 1413 dispensatoris
3256 1342 3575 1413 completur.
3617 1343 3756 1398 Erti-

2167 1432 2390 1489 diendos
2424 1432 2569 1488 enim
2595 1432 2800 1489 electos
2828 1448 2958 1488 suos
3000 1432 3261 1489 Dominus
3310 1448 3453 1503 saepe
3502 1435 3754 1489 tentator‘

2166 1522 2404 1592 subiicit,
2474 1524 2615 1579 sicut
2666 1532 2794 1594 post
2839 1524 3078 1595 paradisi
3129 1523 3387 1590 claustra,
3441 1532 3565 1596 post
3609 1526 3755 1580 tertii

2166 1613 2293 1668 coeli
2317 1622 2547 1678 secreta,
2588 1629 2655 1669 ne
2698 1614 3092 1671 revelationum
3138 1615 3508 1686 magnitudine
3558 1615 3760 1673 Paulus

2168 1707 2352 1763 extolli
2402 1708 2686 1778 potuisset,
2725 1709 2774 1762 ei
2825 1706 3044 1763 Satante
3074 1708 3297 1779 angelus
3335 1708 3492 1763 datus
3533 1718 3618 1763 est
3649 1708 3760 1780 (II

476 1800 626 1855 motb
655 1816 885 1872 persona
916 1802 982 1857 de
1006 1802 1321 1858 adversario
1351 1801 1629 1857 hominum
1659 1801 1910 1872 loquens,
1943 1799 2060 1870 ejus
2088 1799 2136 1859 B
2164 1798 2287 1853 Cor.
2319 1815 2426 1864 xu,
2457 1800 2533 1869 7).
2562 1798 2688 1865 Sed,
2718 1807 2777 1853 ut
2807 1798 3015 1869 praefati
3052 1815 3262 1864 sumus,
3300 1799 3414 1869 ipsa
3446 1800 3550 1855 hac
3581 1808 3761 1854 tenta-

477 1886 741 1954 smvltiam
785 1894 964 1949 divina
993 1895 1149 1949 docet
1189 1893 1559 1949 moderatione
1589 1893 1810 1958 frenari,
1842 1908 1911 1947 ne
1950 1908 2064 1948 am-

475 1985 619 2057 plius
651 1995 845 2042 noceat
869 2001 1031 2057 quam
1062 2001 1293 2056 superna
1337 1985 1622 2056 dispositio
1658 1986 1941 2055 permittit,
1989 1986 2064 2041 ita

478 2078 703 2133 dicens:
754 2096 773 2129 ‹
830 2077 932 2145 Qui
972 2076 1102 2133 fecit
1147 2091 1293 2143 eum,
1346 2077 1635 2147 applicavit
1672 2076 1906 2147 gladium
1950 2076 2066 2145 ejus

480 2168 605 2240 (Job
647 2186 753 2234 χι,
803 2169 915 2243 l4).
964 2189 982 2221 ›
1034 2168 1256 2225 Gladius
1311 2168 1508 2239 quippe
1560 2167 1859 2224 Behemoth
1910 2167 2067 2222 istius

477 2259 593 2329 ipsa
638 2260 869 2315 noc‘endi
919 2259 1124 2315 malitia
1177 2268 1279 2315 est.
1321 2257 1426 2314 Sed
1476 2258 1543 2313 ab
1580 2274 1645 2314 eo
1685 2274 1715 2312 a
1758 2273 1865 2327 quo
1891 2257 2067 2312 bonus

474 2366 575 2422 per
603 2360 852 2407 naturam
882 2352 1057 2408 factus
1081 2361 1184 2417 est,
1216 2352 1332 2423 ejus
1352 2351 1561 2422 gladius
1589 2351 1911 2422 applicatur,
1940 2351 2067 2421 quia

477 2443 596 2514 ejus
645 2442 850 2498 malitia
896 2443 1078 2499 divina
1128 2443 1533 2513 dispensatione
1579 2442 1948 2513 restringitur,
2000 2457 2070 2498 ne

477 2536 645 2592 ferire
668 2545 876 2591 tantum
905 2544 1115 2592 mentes
1139 2536 1415 2591 hominum
1438 2543 1699 2605 quantum
1724 2534 1927 2605 appetit
1947 2549 2071 2604 per-

478 2628 745 2683 mittatur.
774 2627 927 2696 Quod
952 2642 1084 2698 ergo
1124 2628 1299 2683 hostis
1319 2636 1506 2683 noster
1535 2634 1590 2681 et
1612 2625 1841 2681 multum
1870 2633 2069 2694 potest,

476 2728 536 2775 et
582 2719 759 2774 minus
802 2718 1057 2788 percutit,
1108 2717 1226 2787 ejus
1263 2718 1497 2789 gladium
1544 2717 1718 2787 pietas
1762 2714 2072 2772 Conditoris

480 2811 753 2881 astringit,
781 2820 842 2865 ut
868 2811 1160 2880 replicatus
1201 2810 1342 2865 intra
1386 2808 1503 2877 ejus
1548 2809 1937 2864 conscientiam
1988 2808 2071 2863 lac

480 2910 614 2967 teat,
642 2912 698 2957 et
723 2902 864 2956 ultra
898 2918 1062 2973 quam
1090 2902 1321 2972 desuper
1348 2901 1493 2972 juste
1534 2900 1842 2971 disponitur
1866 2915 1987 2957 sese
2019 2901 2072 2954 in

482 3003 689 3049 mortes
716 2993 997 3048 hominum
1038 2994 1157 3065 ejus
1201 2992 1405 3047 malitia
1436 3008 1544 3047 non
1597 2994 1871 3048 extendat.
1920 2991 2076 3059 Quod

482 3084 649 3157 igitur
672 3086 739 3141 ad
772 3085 940 3140 multa
965 3084 1179 3141 fortiter
1220 3083 1497 3154 praevalet,
1549 3084 1652 3139 hoc
1696 3086 1761 3139 de
1808 3084 2075 3155 principio

2169 1891 2315 1946 tione
2354 1890 2656 1960 disponitur
2685 1898 2745 1945 ut
2770 1891 2861 1961 qui
2906 1890 3033 1945 elati
3058 1891 3242 1960 perire
3269 1898 3542 1960 poterant,
3580 1890 3761 1944 humi-

2169 1984 2282 2039 liati
2324 2000 2354 2038 a
2394 1983 2696 2054 perditione
2727 1992 3033 2039 serventur.
3067 1982 3292 2039 Secreto
3328 1997 3457 2054 ergo
3484 1983 3764 2053 dispensa-

2168 2077 2334 2133 tionis
2360 2078 2570 2143 ordine,
2612 2077 2752 2132 unde
2793 2077 2983 2133 saevire
3008 2078 3343 2147 permittitur
3368 2077 3629 2146 iniquitas
3649 2078 3765 2131 dia-

2168 2168 2299 2232 boli,
2325 2168 2448 2222 inde
2487 2169 2576 2238 pie
2606 2167 2885 2238 perﬁcitur
2913 2169 3223 2240 benignitas
3250 2169 3365 2224 Dei.
3416 2168 3485 2223 Et
3515 2170 3652 2225 bene
3690 2184 3759 2223 es;

2170 2259 2273 2315 hoc
2302 2268 2462 2329 pacto
2500 2260 2642 2329 quod
2683 2275 2808 2315 cum
2852 2260 3083 2315 Domino
3132 2260 3296 2316 ferire
3324 2261 3545 2328 dicitur,
3574 2262 3767 2318 servus

2171 2348 2339 2419 accipi
2384 2349 2740 2418 perhibetur,
2795 2351 2923 2420 quia
2984 2351 3112 2407 inde
3162 2352 3501 2423 obtemperat
3542 2333 3767 2409 niuibus

2172 2455 2418 2510 superna:
2444 2442 2632 2511 gratiae
2676 2442 2815 2495 unde
2867 2449 3088 2498 exercet
3117 2442 3256 2497 iram
3295 2443 3642 2513 nequiSsimae
3679 2458 3771 2498 vo-

2171 2530 2394 2587 luntatis
2421 2548 2550 2587 suae.
2588 2530 2792 2588 Servus
2816 2548 2946 2604 ergo
2973 2548 3041 2589 ex
3065 2542 3227 2605 pacto
3251 2543 3351 2599 est,
3386 2535 3479 2605 qui
3513 2534 3640 2589 dum
3669 2549 3767 2590 vo-

2172 2624 2436 2680 luntatem
2465 2642 2617 2682 suam
2646 2626 2869 2696 implere
2903 2626 3261 2698 permittitur,
3304 2642 3335 2682 a
3375 2627 3597 2698 superni
3636 2641 3767 2682 con-

2173 2715 2278 2770 silii
2305 2716 2577 2771 voluntate
2604 2717 2820 2789 ligatur,
2844 2718 3121 2775 utelectos
3141 2718 3257 2785 Dei,
3281 2720 3420 2774 sicut
3441 2718 3643 2774 dictum
3658 2726 3765 2785 est,

2172 2806 2360 2862 volens
2386 2815 2574 2875 tentet,
2604 2809 2657 2863 in
2683 2810 2940 2864 tentando
2974 2810 3225 2867 nesciens
3245 2812 3454 2881 probet.

2246 2901 2385 2969 Quid
2429 2918 2560 2975 ergo
2609 2904 2711 2959 hac
2758 2905 3022 2960 sententia
3068 2906 3347 2972 docemur,
3378 2905 3483 2961 nisi
3506 2905 3648 2976 quod
3673 2919 3771 2959 an-

2174 2994 2309 3064 tiqui
2334 2995 2509 3051 hostis
2535 3004 2893 3063 tentamenta,
2924 2996 3053 3052 dum
3084 3013 3286 3054 nocere
3315 2999 3522 3055 sanctis
3571 3013 3771 3070 prope-

2180 3094 2322 3148 rant,
2353 3087 2499 3141 unde
2539 3086 2619 3141 eis
2647 3102 2847 3143 nocere
2896 3088 3122 3145 callidus
3153 3088 3327 3174 hostis
3371 3090 3596 3161 appetit,
3646 3090 3775 3146 inde

484 3154 696 3249 magna:
736 3176 1063 3233 conditionis
1098 3185 1307 3247 potest;
1353 3176 1495 3246 quod
1526 3191 1658 3231 vero
1686 3192 1715 3230 a
1755 3176 2077 3247 quihusdam
2104 3154 2150 3219 (ἶ
2180 3174 2501 3246 disponente
2529 3192 2762 3247 superna
2783 3180 2957 3248 gratia
2981 3194 3171 3235 eorum
3189 3163 3385 3236 merita
3405 3154 3726 3252 multiplicat
3749 3180 3776 3236 ἳ

487 3266 745 3335 vincitur,
793 3267 911 3339 ejus
940 3268 1194 3323 nimirum
1230 3268 1439 3339 gladius
1479 3266 1547 3322 ab
1585 3275 1807 3323 auctore
1846 3267 2075 3337 replica-

482 3368 591 3412 tur.
619 3358 729 3415 Iste
754 3375 987 3430 namque
1030 3359 1353 3426 Bebemoth,
1384 3360 1511 3430 quia
1546 3378 1564 3411 ‹
1602 3358 1927 3430 principium
1960 3358 2076 3413 via-

480 3464 603 3503 rum
635 3446 729 3504 Dei
762 3458 861 3511 est,
902 3468 921 3500 ι
955 3465 1077 3505 cum
1104 3459 1291 3505 contra
1319 3458 1564 3505 sanctum
1596 3450 1771 3504 virum
1802 3449 2075 3504 licentiam

482 3539 804 3596 tentationis
850 3541 1082 3611 accepit,
1119 3549 1309 3613 gentes
1356 3541 1543 3606 movit,
1591 3554 1781 3611 greges
1829 3539 2072 3608 abstulit,

481 3632 661 3706 ignem
686 3634 754 3690 de
781 3634 921 3690 coelo
948 3635 1217 3706 deposuit,
1260 3634 1576 3706 perturbato
1611 3649 1739 3690 aere
1764 3643 1955 3691 ventos
1980 3650 2077 3691 ex-

480 3725 692 3792 citavit,
720 3727 939 3783 domum
967 3728 1285 3784 concutiens
1306 3728 1540 3796 subruit,
1564 3727 1914 3785 convivantes
1936 3727 2074 3783 filios

483 3817 767 3883 exstinxit,
800 3819 987 3873 uxoris
1033 3827 1271 3874 mentem
1299 3819 1352 3874 in
1396 3818 1520 3874 dolo
1546 3834 1728 3889 pravae
1771 3819 2075 3889 persuasio-

484 3911 571 3964 nis
592 3911 857 3975 exercuit,
888 3911 1072 3966 mariti
1104 3926 1326 3967 carnem
1356 3910 1573 3966 inﬂictis
1597 3910 1913 3967 vulneribus
1938 3926 2073 3966 con-

486 3998 658 4067 fodit;
699 4001 795 4056 sed
834 4000 951 4070 ejus
991 4001 1201 4073 gladius
1227 4017 1255 4057 a
1283 4001 1574 4057 Conditore
1602 4002 1911 4073 replicatur,
1952 4017 2075 4057 cum

483 4091 717 4167 dicitur:
745 4110 762 4143 ι
792 4092 1041 4148 Animam
1064 4093 1208 4149 illius
1241 4109 1397 4150 serva
1429 4092 1625 4164 (Jobu,
1651 4092 1728 4165 6).
1752 4113 1769 4145 ι
1796 4093 1897 4161 Qui
1917 4092 2080 4165 repli-

438 4195 451 4203 '
483 4192 607 4239 cato
619 4183 797 4254 gladio
808 4185 1368 4255 quantaeinlirmitatis
1380 4186 1473 4250 sit,
1486 4185 2081 4257 Evangelioattestante

485 4277 853 4333 describitur:
900 4278 1028 4349 quia
1078 4294 1181 4335 nec
1220 4292 1442 4335 manere
1487 4279 1542 4333 in
1591 4279 1815 4334 obsesso
1860 4278 2082 4334 homine

484 4373 683 4443 potuit,
723 4388 823 4429 nec
862 4388 1053 4429 rursus
1082 4372 1337 4429 invadere
1372 4374 1527 4427 bruta
1556 4371 1812 4427 animalia
1837 4386 1945 4426 non
1965 4370 2084 4441 jus-

484 4470 937 4541 suspraasumpsit
976 4470 1201 4526 dicens:
1239 4488 1258 4521 ι
1292 4467 1350 4524 Si
1385 4466 1538 4537 ejicis
1565 4482 1685 4533 nos,
1716 4466 1873 4522 mitte
1895 4480 1996 4521 nos
2026 4466 2081 4519 in

484 4577 705 4633 gregem
732 4577 1023 4634 porcorum
1045 4560 1261 4635 (Matth.
1285 4576 1381 4617 vm
1406 4602 1419 4627 ,
1444 4560 1557 4629 5i).
1593 4580 1612 4613 ι
1644 4558 1860 4615 Malitia:
1880 4557 2080 4629 quippe

484 4650 603 4721 ejus
638 4653 849 4726 gladius
890 4668 1053 4725 quam
1082 4653 1155 4709 sit
1186 4652 1477 4723 replicatus
1523 4650 1842 4711 ostenditur,
1893 4650 1979 4704 cui
2030 4650 2077 4705 si

484 4756 727 4817 potestas
753 4763 865 4803 sum
889 4746 1110 4802 malitiae
1150 4760 1257 4801 non
1288 4744 1581 4816 praebetur,
1612 4740 1852 4814 grassari
1893 4755 1993 4796 nec
2020 4740 2075 4797 in

485 4852 682 4907 porcos
706 4838 869 4893 valet.
901 4838 1129 4906 Quando
1166 4852 1298 4907 ergo
1342 4837 1446 4893 iste
1489 4850 1586 4891 sua
1635 4842 1828 4905 sponte
1878 4847 2079 4888 nocere

485 4927 649 4985 factis
677 4931 744 4985 ad
786 4930 881 4985 Dei
922 4930 1213 5002 imaginem
1260 4928 1570 4984 hominibus
1615 4928 1828 4990 audeat,
1860 4924 1927 4980 de
1967 4940 2076 4995 quo

488 5021 745 5076 nimirum
806 5030 1020 5077 constat
1060 5022 1203 5091 quod
1239 5036 1347 5076 non
1387 5018 1575 5089 jussus
1621 5018 1934 5088 contingere
1977 5028 2078 5069 nec

483 5128 685 5184 porcos
713 5120 1023 5184 praesumat.
1050 5112 1182 5169 Item
1207 5113 1262 5168 in
1284 5112 1381 5167 lib.
1407 5128 1581 5167 xxxm
1610 5111 1747 5182 (cap.
1790 5107 1902 5177 I3),
1939 5121 2079 5177 qua-

488 5206 613 5261 liter
657 5207 865 5277 antiqui
915 5207 1085 5263 hostis
1133 5208 1376 5279 nequitia
1426 5218 1768 5277 nequaquam
1814 5218 1845 5255 a
1897 5200 2079 5257 divino

483 5298 691 5369 judicio
721 5298 1081 5358 discordando
1102 5300 1395 5369 discrepet,
1421 5299 1777 5357 demonstrat,
1803 5309 1927 5347 cum
1958 5307 2079 5346 sen-

487 5389 715 5445 tentiam
747 5399 1006 5446 tractaret
1033 5405 1153 5460 quae
1178 5389 1400 5444 dicitde
1436 5402 1537 5443 eo:
1575 5406 1592 5436 ι
1643 5383 1894 5455 Nunquid
1918 5382 2077 5439 feriet

489 5488 671 5535 tecum
684 5490 919 5551 pactum,
934 5490 986 5535 et
1005 5480 1237 5551 accipies
1250 5493 1372 5533 eum
1390 5491 1605 5531 servum
1619 5473 2071 5546 sempiternum?»

490 5571 616 5646 (Job
652 5574 890 5645 xt,9.5.)
939 5572 1209 5628 Subaudis
1259 5578 1318 5623 ut
1360 5584 1476 5639 ego.
1532 5568 1637 5623 Sed
1675 5566 1831 5622 valde
1854 5566 2082 5621 solerter

490 5668 808 5725 Intuendum
838 5678 923 5723 est
946 5666 1087 5737 quod
1112 5673 1327 5734 pactum
1358 5680 1481 5718 curn
1520 5662 1749 5718 Domino
1784 5661 2079 5715 Leviathan

491 5760 597 5821 iste
640 5759 821 5830 feriat,
869 5767 926 5814 ut
967 5758 1328 5829 sempiternus
1361 5757 1429 5813 ab
1473 5772 1537 5812 eo
1583 5770 1770 5812 servus
1798 5753 2079 5812 habeatur.

2182 3265 2407 3323 Secreto
2439 3284 2569 3339 ergo
2604 3270 3020 3339 dispensationis
3057 3271 3249 3328 ordine
3305 3282 3361 3328 et
3405 3272 3596 3329 saevire
3650 3288 3776 3344 per-

2179 3358 2413 3414 mittitur
2442 3359 2709 3426 diabolus,
2733 3370 2789 3416 et
2810 3371 2988 3418 tamen
3017 3377 3085 3417 ex
3109 3362 3226 3431 ejus
3260 3373 3481 3435 accepta
3506 3370 3776 3435 potestate

2179 3450 2305 3505 dum
2330 3450 2515 3506 fideles
2542 3452 2866 3521 probantur,
2890 3452 3193 3524 benignitas
3216 3452 3308 3508 Dei
3340 3454 3773 3519 commendatur,

2177 3547 2233 3594 et
2264 3538 2390 3595 inde
2422 3540 2593 3594 servit
2622 3540 2847 3607 invitus,
2877 3541 3021 3595 unde
3050 3540 3321 3597 malitiose
3362 3542 3552 3596 nititur
3592 3541 3776 3612 Oppri-

2176 3646 2327 3689 mere
2372 3633 2469 3687 Dei
2520 3647 2729 3689 servos.
2783 3632 3049 3701 Quoniam
3092 3641 3336 3703 potestas
3392 3632 3598 3688 inimici
3636 3631 3775 3686 nihil

2176 3724 2344 3791 valet,
2392 3726 2497 3781 nisi
2546 3734 2807 3796 quantum
2854 3740 3089 3796 superna
3134 3733 3377 3795 potestas
3417 3723 3775 3780 concesserit.

2178 3818 2333 3875 Unde
2363 3819 2615 3875 voluntas
2658 3819 2865 3873 inimici
2907 3828 2993 3873 est
3038 3817 3221 3887 iniqua
3256 3832 3271 3871 :
3325 3817 3420 3873 sed
3450 3816 3575 3870 dum
3605 3814 3777 3869 servit

2176 3910 2395 3980 superni
2419 3908 2618 3977 judicis
2639 3908 3003 3979 dispositioni,
3042 3908 3185 3977 justa
3215 3905 3617 3977 comprobatur.
3640 3904 3776 3960 Item

2179 4003 2235 4058 in
2267 4002 2404 4057 libro
2442 4017 2518 4057 xu
2550 4001 2687 4071 (cap.
2736 3999 2815 4066 2).
2845 3997 3001 4053 Nulla
3030 4014 3150 4069 qua:
3195 3998 3247 4053 in
3290 4000 3394 4053 hoc
3442 3996 3643 4051 mundo
3682 3996 3777 4051 ho-

2180 4094 2419 4150 minibus
2450 4091 2605 4157 fiunt,
2634 4092 2839 4160 absque
2881 4090 3269 4160 omnipotentis
3307 4088 3404 4144 Dei
3427 4087 3655 4143 consilio
3683 4102 3778 4143 oc-

2183 4186 2328 4242 culto
2357 4186 2603 4240 veniunt.
2632 4182 2768 4238 Nam
2798 4190 2993 4238 cuncta
3017 4180 3162 4237 Deus
3181 4189 3435 4236 secutura
3458 4178 3777 4249 przesciens,

2185 4286 2310 4335 ante
2336 4277 2532 4335 secula
2561 4277 2804 4333 decrevit
2852 4274 3089 4347 qualiter
3114 4290 3213 4345 per
3239 4272 3434 4329 saecula
3485 4272 3783 4341 disponan-

2189 4380 2295 4426 tur.
2322 4369 2597 4425 Statutum
2643 4367 2843 4439 quippe
2884 4366 2998 4435 jam
3027 4364 3234 4421 homini
3268 4373 3353 4420 est
3378 4362 3464 4419 vel
3511 4370 3777 4432 quantum

2187 4462 2333 4518 hunc
2361 4460 2549 4517 mundi
2592 4460 2929 4531 prosperitas
2959 4466 3247 4529 sequatur,
3278 4456 3363 4512 vel
3392 4464 3653 4527 quantum
3687 4454 3780 4509 ad-

2185 4554 2418 4609 versitas
2444 4552 2625 4618 feriat,
2654 4567 2721 4607 ne
2754 4551 2955 4607 electos
2982 4548 3099 4618 ejus
3138 4557 3232 4603 aut
3273 4546 3625 4603 immoderata
3649 4559 3776 4616 pro-

2186 4645 2419 4715 speritas
2445 4644 2641 4709 elevet,
2673 4650 2767 4697 aut
2806 4641 2972 4697 nimia
3002 4638 3306 4695 adversitas
3336 4646 3542 4707 gravet.
3594 4635 3778 4691 Statu-

2186 4746 2299 4792 tum
2328 4752 2543 4809 quoque
2575 4743 2658 4790 est
2688 4743 2947 4804 quantum
2994 4732 3047 4786 in
3081 4732 3196 4801 ipsa
3240 4730 3352 4785 vita
3393 4728 3609 4784 mortali
3640 4734 3779 4781 tem-

2186 4829 2446 4900 poraliter
2459 4828 2693 4881 vivatur.
2717 4823 2853 4878 Nam
2878 4823 2981 4879 etsi
3006 4837 3178 4877 annos
3202 4820 3506 4892 quindecim
3531 4818 3779 4873 Ezecltiz

2186 4920 2299 4990 regi
2343 4919 2413 4973 ad
2467 4917 2635 4971 vitam
2690 4914 2896 4969 addidit
2933 4913 3275 4983 omnipotens
3324 4911 3467 4966 Deus
3496 4907 3603 4981 (IV
3649 4906 3776 4977 Reg.
3851 4916 3860 4985 ξ

2182 5025 2274 5072 xx,
2309 5009 2386 5080 1),
2419 5020 2542 5061 cum
2574 5020 2697 5061 eum
2727 5006 2867 5061 mori
2894 5006 3159 5076 permisit,
3191 5012 3317 5058 tunc
3354 5016 3478 5057 eum
3506 4998 3783 5070 praescivit
3846 5024 3847 5027 η

2182 5116 2305 5158 esse
2333 5101 2678 5157 moriturum.
2712 5098 2828 5167 Qua
2858 5100 2911 5155 in
2943 5115 3002 5154 re
3022 5098 3249 5171 quaestio
3270 5096 3477 5160 oritur,
3508 5093 3781 5163 quomodo

2182 5192 2232 5245 ei
2274 5206 2372 5262 per
2417 5192 2736 5261 prophetam
2769 5190 3020 5246 dicatur:
3078 5208 3095 5240 ι
3151 5187 3389 5257 Dispone
3434 5184 3617 5240 domui
3649 5192 3779 5246 tuas,

2182 5283 2309 5353 quia
2340 5283 2588 5338 morieris
2612 5291 2688 5349 tu,
2715 5292 2771 5338 et
2797 5297 2902 5337 non
2924 5281 3105 5345 vives;
3136 5298 3155 5331 ι
3182 5279 3269 5334 cui
3298 5293 3421 5332 cum
3444 5277 3637 5331 mortis
3657 5289 3782 5330 sen-

2190 5375 2356 5430 tentia
2385 5375 2529 5431 dicta
2562 5384 2667 5440 est,
2697 5374 2946 5445 protinus
2973 5372 3039 5425 ad
3082 5369 3201 5440 ejus
3245 5370 3512 5440 lacrymas
3558 5381 3641 5424 est
3667 5368 3782 5423 vita

2190 5468 2390 5524 addita.
2419 5467 2525 5524 Sed
2550 5484 2647 5539 per
2668 5466 2987 5536 prophetam
3029 5464 3289 5520 Dominus
3318 5463 3455 5519 dixit
3492 5477 3603 5533 quo
3648 5470 3783 5515 tem-

2194 5579 2323 5636 pore
2355 5562 2489 5616 mori
2522 5562 2637 5629 ipse
2679 5560 3025 5618 merebatur;
3056 5573 3155 5629 per
3182 5556 3488 5626 largitatem
3523 5567 3653 5607 vero
3679 5551 3787 5605 mi-

2197 5654 2503 5712 sericordia:
2550 5651 2641 5706 illo
2686 5666 2807 5705 eum
2851 5660 3092 5720 tempore
3153 5649 3220 5702 ad
3274 5654 3505 5701 mortem
3550 5642 3785 5705 distulit,

2201 5751 2342 5821 quod
2371 5760 2497 5805 ante
2524 5749 2725 5805 saecula
2755 5750 2868 5817 ipse
2896 5744 3187 5816 przescivit.
3221 5742 3330 5798 Nec
3376 5740 3639 5814 propheta
3682 5736 3793 5813 ἰείηΔ
