  <div class='ocr_page' id='page_1' title='image "/cluster/home/n/w/nwhite01/storage/ocr_20150623/121/hvd.32044015471642/018.png"; bbox 0 0 4088 6344; ppageno 0'>
   <div class='ocr_carea' id='block_1_1' title="bbox 289 314 3569 405">
    <p class='ocr_par' dir='ltr' id='par_1_1' title="bbox 289 314 3569 405">
     <span class='ocr_line' id='line_1_1' title="bbox 289 314 3569 405; baseline 0.015 -47"><span class='ocrx_word' id='word_1_1' title='bbox 289 314 362 376; x_wconf 60' lang='grc' dir='ltr'><strong>αδ</strong></span> <span class='ocrx_word' id='word_1_2' title='bbox 1243 318 1332 374; x_wconf 76' lang='lat' dir='ltr'><strong>ne</strong></span> <span class='ocrx_word' id='word_1_3' title='bbox 1371 319 2041 380; x_wconf 65' lang='lat' dir='ltr'><strong>PREDESTINATIONE</strong></span> <span class='ocrx_word' id='word_1_4' title='bbox 2078 327 2209 384; x_wconf 75' lang='lat' dir='ltr'><strong>om.</strong></span> <span class='ocrx_word' id='word_1_5' title='bbox 2249 361 2318 372; x_wconf 91' lang='lat'><strong><em>—</em></strong></span> <span class='ocrx_word' id='word_1_6' title='bbox 2357 332 2484 390; x_wconf 79' lang='lat' dir='ltr'><strong>un.</strong></span> <span class='ocrx_word' id='word_1_7' title='bbox 2525 328 2564 389; x_wconf 84' lang='grc' dir='ltr'>ι.</span> <span class='ocrx_word' id='word_1_8' title='bbox 3495 325 3569 405; x_wconf 69' lang='lat'><strong>26‘</strong></span> 
     </span>
    </p>
   </div>
   <div class='ocr_carea' id='block_1_2' title="bbox 294 429 3567 531">
    <p class='ocr_par' dir='ltr' id='par_1_2' title="bbox 294 429 3567 531">
     <span class='ocr_line' id='line_1_2' title="bbox 294 429 3567 531; baseline 0.008 -41"><span class='ocrx_word' id='word_1_9' title='bbox 294 445 388 490; x_wconf 89' lang='lat' dir='ltr'><strong>tur</strong></span> <span class='ocrx_word' id='word_1_10' title='bbox 412 430 604 496; x_wconf 79' lang='lat' dir='ltr'><strong>fallax,</strong></span> <span class='ocrx_word' id='word_1_11' title='bbox 636 429 762 500; x_wconf 86' lang='lat' dir='ltr'><strong>quia</strong></span> <span class='ocrx_word' id='word_1_12' title='bbox 809 440 1017 501; x_wconf 82' lang='lat' dir='ltr'><strong>tempus</strong></span> <span class='ocrx_word' id='word_1_13' title='bbox 1044 429 1236 531; x_wconf 71' lang='lat' dir='ltr'><strong>monis</strong></span> <span class='ocrx_word' id='word_1_14' title='bbox 1266 431 1519 499; x_wconf 74' lang='lat' dir='ltr'><strong>innotuit,</strong></span> <span class='ocrx_word' id='word_1_15' title='bbox 1548 448 1656 503; x_wconf 89' lang='lat' dir='ltr'><strong>quo</strong></span> <span class='ocrx_word' id='word_1_16' title='bbox 1685 434 1768 488; x_wconf 90' lang='lat' dir='ltr'><strong>vir</strong></span> <span class='ocrx_word' id='word_1_17' title='bbox 1798 433 1886 488; x_wconf 91' lang='lat' dir='ltr'><strong>ille</strong></span> <span class='ocrx_word' id='word_1_18' title='bbox 1913 437 1967 496; x_wconf 79' lang='grc' dir='ltr'>Α</span> <span class='ocrx_word' id='word_1_19' title='bbox 1991 437 2348 507; x_wconf 73' lang='lat' dir='ltr'><strong>subtrahitur,</strong></span> <span class='ocrx_word' id='word_1_20' title='bbox 2405 461 2513 515; x_wconf 92' lang='lat' dir='ltr'><strong>quo</strong></span> <span class='ocrx_word' id='word_1_21' title='bbox 2541 462 2604 502; x_wconf 90' lang='lat' dir='ltr'><strong>ex</strong></span> <span class='ocrx_word' id='word_1_22' title='bbox 2657 448 2837 504; x_wconf 88' lang='lat' dir='ltr'><strong>divina</strong></span> <span class='ocrx_word' id='word_1_23' title='bbox 2885 451 3126 521; x_wconf 90' lang='lat' dir='ltr'><strong>potentia</strong></span> <span class='ocrx_word' id='word_1_24' title='bbox 3159 462 3283 514; x_wconf 86' lang='lat' dir='ltr'><strong>ante</strong></span> <span class='ocrx_word' id='word_1_25' title='bbox 3325 467 3567 531; x_wconf 86' lang='lat' dir='ltr'><strong>tempora</strong></span> 
     </span>
    </p>
   </div>
   <div class='ocr_carea' id='block_1_3' title="bbox 295 523 1884 586">
    <p class='ocr_par' dir='ltr' id='par_1_3' title="bbox 295 523 1884 586">
     <span class='ocr_line' id='line_1_3' title="bbox 295 523 1884 586; baseline -0.002 -1"><span class='ocrx_word' id='word_1_26' title='bbox 295 527 440 586; x_wconf 90' lang='lat' dir='ltr'><strong>mori</strong></span> <span class='ocrx_word' id='word_1_27' title='bbox 488 524 804 582; x_wconf 75' lang='lat' dir='ltr'><strong>merebatur</strong></span> <span class='ocrx_word' id='word_1_28' title='bbox 847 543 860 578; x_wconf 87' lang='lat'><strong>:</strong></span> <span class='ocrx_word' id='word_1_29' title='bbox 908 539 1008 578; x_wconf 90' lang='lat' dir='ltr'><strong>nec</strong></span> <span class='ocrx_word' id='word_1_30' title='bbox 1051 523 1330 581; x_wconf 92' lang='lat' dir='ltr'><strong>Dominica</strong></span> <span class='ocrx_word' id='word_1_31' title='bbox 1378 535 1582 582; x_wconf 91' lang='lat' dir='ltr'><strong>statuta</strong></span> <span class='ocrx_word' id='word_1_32' title='bbox 1629 527 1884 584; x_wconf 87' lang='lat' dir='ltr'><strong>convulsa</strong></span> 
     </span>
    </p>
   </div>
   <div class='ocr_carea' id='block_1_4' title="bbox 294 615 1883 689">
    <p class='ocr_par' dir='ltr' id='par_1_4' title="bbox 294 615 1883 689">
     <span class='ocr_line' id='line_1_4' title="bbox 294 615 1883 689; baseline 0.001 -15"><span class='ocrx_word' id='word_1_33' title='bbox 294 628 448 686; x_wconf 86' lang='lat' dir='ltr'><strong>sunt,</strong></span> <span class='ocrx_word' id='word_1_34' title='bbox 470 619 620 689; x_wconf 85' lang='lat' dir='ltr'><strong>quia,</strong></span> <span class='ocrx_word' id='word_1_35' title='bbox 653 625 711 672; x_wconf 92' lang='lat' dir='ltr'><strong>ut</strong></span> <span class='ocrx_word' id='word_1_36' title='bbox 737 632 802 672; x_wconf 86' lang='lat' dir='ltr'><strong>ex</strong></span> <span class='ocrx_word' id='word_1_37' title='bbox 834 615 1082 687; x_wconf 82' lang='lat' dir='ltr'><strong>largitate</strong></span> <span class='ocrx_word' id='word_1_38' title='bbox 1111 616 1206 673; x_wconf 89' lang='lat' dir='ltr'><strong>Dei</strong></span> <span class='ocrx_word' id='word_1_39' title='bbox 1250 619 1376 673; x_wconf 90' lang='lat' dir='ltr'><strong>anni</strong></span> <span class='ocrx_word' id='word_1_40' title='bbox 1402 619 1530 674; x_wconf 68' lang='lat' dir='ltr'><strong>vitae</strong></span> <span class='ocrx_word' id='word_1_41' title='bbox 1557 631 1883 687; x_wconf 86' lang='lat' dir='ltr'><strong>crescerent,</strong></span> 
     </span>
    </p>
   </div>
   <div class='ocr_carea' id='block_1_5' title="bbox 295 707 1884 783">
    <p class='ocr_par' dir='ltr' id='par_1_5' title="bbox 295 707 1884 783">
     <span class='ocr_line' id='line_1_5' title="bbox 295 707 1884 783; baseline 0.001 -18"><span class='ocrx_word' id='word_1_42' title='bbox 295 710 405 765; x_wconf 76' lang='lat' dir='ltr'><strong>hoc</strong></span> <span class='ocrx_word' id='word_1_43' title='bbox 429 723 648 778; x_wconf 90' lang='lat' dir='ltr'><strong>quoque</strong></span> <span class='ocrx_word' id='word_1_44' title='bbox 674 716 800 762; x_wconf 84' lang='lat' dir='ltr'><strong>ante</strong></span> <span class='ocrx_word' id='word_1_45' title='bbox 830 707 1025 762; x_wconf 74' lang='lat' dir='ltr'><strong>saecula</strong></span> <span class='ocrx_word' id='word_1_46' title='bbox 1059 708 1338 779; x_wconf 73' lang='lat' dir='ltr'><strong>prmﬁxum</strong></span> <span class='ocrx_word' id='word_1_47' title='bbox 1385 707 1522 777; x_wconf 83' lang='lat' dir='ltr'><strong>fuit;</strong></span> <span class='ocrx_word' id='word_1_48' title='bbox 1557 720 1718 782; x_wconf 90' lang='lat' dir='ltr'><strong>atque</strong></span> <span class='ocrx_word' id='word_1_49' title='bbox 1759 728 1884 783; x_wconf 85' lang='lat' dir='ltr'><strong>spa—</strong></span> 
     </span>
    </p>
   </div>
   <div class='ocr_carea' id='block_1_6' title="bbox 295 800 1889 871">
    <p class='ocr_par' dir='ltr' id='par_1_6' title="bbox 295 800 1889 871">
     <span class='ocr_line' id='line_1_6' title="bbox 295 800 1889 871; baseline 0.002 -15"><span class='ocrx_word' id='word_1_50' title='bbox 295 803 436 856; x_wconf 88' lang='lat' dir='ltr'><strong>tium</strong></span> <span class='ocrx_word' id='word_1_51' title='bbox 487 801 613 855; x_wconf 71' lang='lat' dir='ltr'><strong>vine</strong></span> <span class='ocrx_word' id='word_1_52' title='bbox 647 800 790 870; x_wconf 91' lang='lat' dir='ltr'><strong>quod</strong></span> <span class='ocrx_word' id='word_1_53' title='bbox 839 800 1112 871; x_wconf 88' lang='lat' dir='ltr'><strong>in0pinate</strong></span> <span class='ocrx_word' id='word_1_54' title='bbox 1155 800 1289 858; x_wconf 81' lang='lat' dir='ltr'><strong>foris</strong></span> <span class='ocrx_word' id='word_1_55' title='bbox 1329 810 1413 858; x_wconf 89' lang='lat' dir='ltr'><strong>est</strong></span> <span class='ocrx_word' id='word_1_56' title='bbox 1459 802 1722 869; x_wconf 91' lang='lat' dir='ltr'><strong>additum,</strong></span> <span class='ocrx_word' id='word_1_57' title='bbox 1771 804 1889 860; x_wconf 88' lang='lat' dir='ltr'><strong>sine</strong></span> 
     </span>
    </p>
   </div>
   <div class='ocr_carea' id='block_1_7' title="bbox 294 893 1888 968">
    <p class='ocr_par' dir='ltr' id='par_1_7' title="bbox 294 893 1888 968">
     <span class='ocr_line' id='line_1_7' title="bbox 294 893 1888 968; baseline 0.001 -18"><span class='ocrx_word' id='word_1_58' title='bbox 294 901 594 966; x_wconf 86' lang='lat' dir='ltr'><strong>augmento</strong></span> <span class='ocrx_word' id='word_1_59' title='bbox 614 893 970 964; x_wconf 64' lang='lat' dir='ltr'><strong>prmscientiae</strong></span> <span class='ocrx_word' id='word_1_60' title='bbox 991 893 1092 948; x_wconf 82' lang='lat' dir='ltr'><strong>fuit</strong></span> <span class='ocrx_word' id='word_1_61' title='bbox 1120 893 1264 950; x_wconf 92' lang='lat' dir='ltr'><strong>intus</strong></span> <span class='ocrx_word' id='word_1_62' title='bbox 1286 903 1568 951; x_wconf 89' lang='lat' dir='ltr'><strong>statutum.</strong></span> <span class='ocrx_word' id='word_1_63' title='bbox 1591 895 1734 951; x_wconf 91' lang='lat' dir='ltr'><strong>Bene</strong></span> <span class='ocrx_word' id='word_1_64' title='bbox 1757 910 1888 968; x_wconf 85' lang='lat' dir='ltr'><strong>ergo</strong></span> 
     </span>
    </p>
   </div>
   <div class='ocr_carea' id='block_1_8' title="bbox 293 982 1887 1057">
    <p class='ocr_par' dir='ltr' id='par_1_8' title="bbox 293 982 1887 1057">
     <span class='ocr_line' id='line_1_8' title="bbox 293 982 1887 1057; baseline 0.002 -18"><span class='ocrx_word' id='word_1_65' title='bbox 293 985 507 1040; x_wconf 84' lang='lat' dir='ltr'><strong>dicitur</strong></span> <span class='ocrx_word' id='word_1_66' title='bbox 535 1003 548 1038; x_wconf 91' lang='lat'><strong>:</strong></span> <span class='ocrx_word' id='word_1_67' title='bbox 587 1002 608 1035; x_wconf 71' lang='grc' dir='ltr'><strong>ι</strong></span> <span class='ocrx_word' id='word_1_68' title='bbox 663 982 1007 1040; x_wconf 87' lang='lat' dir='ltr'><strong>Constituisti</strong></span> <span class='ocrx_word' id='word_1_69' title='bbox 1040 985 1301 1041; x_wconf 84' lang='lat' dir='ltr'><strong>terminos</strong></span> <span class='ocrx_word' id='word_1_70' title='bbox 1339 985 1473 1055; x_wconf 86' lang='lat' dir='ltr'><strong>ejus,</strong></span> <span class='ocrx_word' id='word_1_71' title='bbox 1505 986 1594 1057; x_wconf 90' lang='lat' dir='ltr'><strong>qui</strong></span> <span class='ocrx_word' id='word_1_72' title='bbox 1621 986 1887 1057; x_wconf 61' lang='lat' dir='ltr'><strong>praeteriri</strong></span> 
     </span>
    </p>
   </div>
   <div class='ocr_carea' id='block_1_9' title="bbox 295 1076 1888 1152">
    <p class='ocr_par' dir='ltr' id='par_1_9' title="bbox 295 1076 1888 1152">
     <span class='ocr_line' id='line_1_9' title="bbox 295 1076 1888 1152; baseline 0.003 -20"><span class='ocrx_word' id='word_1_73' title='bbox 295 1092 406 1132; x_wconf 89' lang='lat' dir='ltr'><strong>non</strong></span> <span class='ocrx_word' id='word_1_74' title='bbox 433 1085 709 1149; x_wconf 90' lang='lat' dir='ltr'><strong>poterunt.</strong></span> <span class='ocrx_word' id='word_1_75' title='bbox 742 1095 760 1128; x_wconf 86' lang='grc'>›</span> <span class='ocrx_word' id='word_1_76' title='bbox 791 1076 944 1144; x_wconf 85' lang='lat' dir='ltr'><strong>Quod</strong></span> <span class='ocrx_word' id='word_1_77' title='bbox 971 1086 1150 1134; x_wconf 89' lang='lat' dir='ltr'><strong>tamen</strong></span> <span class='ocrx_word' id='word_1_78' title='bbox 1179 1078 1402 1150; x_wconf 82' lang='lat' dir='ltr'><strong>intelligi</strong></span> <span class='ocrx_word' id='word_1_79' title='bbox 1424 1081 1586 1135; x_wconf 90' lang='lat' dir='ltr'><strong>etiam</strong></span> <span class='ocrx_word' id='word_1_80' title='bbox 1606 1080 1756 1150; x_wconf 82' lang='lat' dir='ltr'><strong>juxta</strong></span> <span class='ocrx_word' id='word_1_81' title='bbox 1782 1081 1888 1152; x_wconf 85' lang='lat' dir='ltr'><strong>spi-</strong></span> 
     </span>
    </p>
   </div>
   <div class='ocr_carea' id='block_1_10' title="bbox 296 1167 1890 1245">
    <p class='ocr_par' dir='ltr' id='par_1_10' title="bbox 296 1167 1890 1245">
     <span class='ocr_line' id='line_1_10' title="bbox 296 1167 1890 1245; baseline 0.004 -24"><span class='ocrx_word' id='word_1_82' title='bbox 296 1169 467 1222; x_wconf 84' lang='lat' dir='ltr'><strong>ritum</strong></span> <span class='ocrx_word' id='word_1_83' title='bbox 493 1167 657 1233; x_wconf 88' lang='lat' dir='ltr'><strong>valet,</strong></span> <span class='ocrx_word' id='word_1_84' title='bbox 683 1169 808 1238; x_wconf 86' lang='lat' dir='ltr'><strong>quia</strong></span> <span class='ocrx_word' id='word_1_85' title='bbox 830 1184 1217 1241; x_wconf 86' lang='lat' dir='ltr'><strong>nonnunquam</strong></span> <span class='ocrx_word' id='word_1_86' title='bbox 1239 1171 1294 1227; x_wconf 91' lang='lat' dir='ltr'><strong>in</strong></span> <span class='ocrx_word' id='word_1_87' title='bbox 1312 1173 1603 1229; x_wconf 80' lang='lat' dir='ltr'><strong>virtutibus</strong></span> <span class='ocrx_word' id='word_1_88' title='bbox 1626 1174 1890 1245; x_wconf 81' lang='lat' dir='ltr'><strong>proiicere</strong></span> 
     </span>
    </p>
   </div>
   <div class='ocr_carea' id='block_1_11' title="bbox 293 1263 1888 1337">
    <p class='ocr_par' dir='ltr' id='par_1_11' title="bbox 293 1263 1888 1337">
     <span class='ocr_line' id='line_1_11' title="bbox 293 1263 1888 1337; baseline 0.005 -23"><span class='ocrx_word' id='word_1_89' title='bbox 293 1276 585 1326; x_wconf 84' lang='lat' dir='ltr'><strong>conamur,</strong></span> <span class='ocrx_word' id='word_1_90' title='bbox 609 1270 665 1317; x_wconf 90' lang='lat' dir='ltr'><strong>et</strong></span> <span class='ocrx_word' id='word_1_91' title='bbox 685 1263 931 1332; x_wconf 64' lang='lat' dir='ltr'><strong>quaedam</strong></span> <span class='ocrx_word' id='word_1_92' title='bbox 959 1264 1098 1320; x_wconf 92' lang='lat' dir='ltr'><strong>dona</strong></span> <span class='ocrx_word' id='word_1_93' title='bbox 1129 1266 1475 1336; x_wconf 85' lang='lat' dir='ltr'><strong>percipimus,</strong></span> <span class='ocrx_word' id='word_1_94' title='bbox 1504 1282 1534 1321; x_wconf 95' lang='lat' dir='ltr'><strong>a</strong></span> <span class='ocrx_word' id='word_1_95' title='bbox 1565 1268 1888 1337; x_wconf 89' lang='lat' dir='ltr'><strong>quibusdam</strong></span> 
     </span>
    </p>
   </div>
   <div class='ocr_carea' id='block_1_12' title="bbox 290 1351 1889 1430">
    <p class='ocr_par' dir='ltr' id='par_1_12' title="bbox 290 1351 1889 1430">
     <span class='ocr_line' id='line_1_12' title="bbox 290 1351 1889 1430; baseline 0.005 -24"><span class='ocrx_word' id='word_1_96' title='bbox 290 1366 432 1407; x_wconf 91' lang='lat' dir='ltr'><strong>vero</strong></span> <span class='ocrx_word' id='word_1_97' title='bbox 461 1352 663 1423; x_wconf 86' lang='lat' dir='ltr'><strong>repulsi</strong></span> <span class='ocrx_word' id='word_1_98' title='bbox 691 1353 744 1408; x_wconf 91' lang='lat' dir='ltr'><strong>in</strong></span> <span class='ocrx_word' id='word_1_99' title='bbox 766 1353 889 1410; x_wconf 88' lang='lat' dir='ltr'><strong>imis</strong></span> <span class='ocrx_word' id='word_1_100' title='bbox 910 1351 1180 1425; x_wconf 91' lang='lat' dir='ltr'><strong>jacemus.</strong></span> <span class='ocrx_word' id='word_1_101' title='bbox 1194 1356 1364 1414; x_wconf 88' lang='lat' dir='ltr'><strong>Nemo</strong></span> <span class='ocrx_word' id='word_1_102' title='bbox 1385 1359 1530 1414; x_wconf 89' lang='lat' dir='ltr'><strong>enim</strong></span> <span class='ocrx_word' id='word_1_103' title='bbox 1557 1368 1637 1415; x_wconf 91' lang='lat' dir='ltr'><strong>est</strong></span> <span class='ocrx_word' id='word_1_104' title='bbox 1659 1361 1749 1430; x_wconf 91' lang='lat' dir='ltr'><strong>qui</strong></span> <span class='ocrx_word' id='word_1_105' title='bbox 1772 1371 1889 1414; x_wconf 89' lang='lat' dir='ltr'><strong>tan-</strong></span> 
     </span>
    </p>
   </div>
   <div class='ocr_carea' id='block_1_13' title="bbox 295 1446 1889 1524">
    <p class='ocr_par' dir='ltr' id='par_1_13' title="bbox 295 1446 1889 1524">
     <span class='ocr_line' id='line_1_13' title="bbox 295 1446 1889 1524; baseline 0.006 -26"><span class='ocrx_word' id='word_1_106' title='bbox 295 1455 412 1500; x_wconf 91' lang='lat' dir='ltr'><strong>tum</strong></span> <span class='ocrx_word' id='word_1_107' title='bbox 444 1446 673 1502; x_wconf 80' lang='lat' dir='ltr'><strong>virtutes</strong></span> <span class='ocrx_word' id='word_1_108' title='bbox 721 1449 1092 1518; x_wconf 87' lang='lat' dir='ltr'><strong>apprehendat</strong></span> <span class='ocrx_word' id='word_1_109' title='bbox 1127 1461 1391 1522; x_wconf 90' lang='lat' dir='ltr'><strong>quantum</strong></span> <span class='ocrx_word' id='word_1_110' title='bbox 1427 1453 1728 1519; x_wconf 89' lang='lat' dir='ltr'><strong>desiderat,</strong></span> <span class='ocrx_word' id='word_1_111' title='bbox 1761 1454 1889 1524; x_wconf 84' lang='lat' dir='ltr'><strong>quia</strong></span> 
     </span>
    </p>
   </div>
   <div class='ocr_carea' id='block_1_14' title="bbox 292 1538 1889 1616">
    <p class='ocr_par' dir='ltr' id='par_1_14' title="bbox 292 1538 1889 1616">
     <span class='ocr_line' id='line_1_14' title="bbox 292 1538 1889 1616; baseline 0.006 -26"><span class='ocrx_word' id='word_1_112' title='bbox 292 1539 642 1607; x_wconf 89' lang='lat' dir='ltr'><strong>omnipotens</strong></span> <span class='ocrx_word' id='word_1_113' title='bbox 671 1538 834 1605; x_wconf 89' lang='lat' dir='ltr'><strong>Deus,</strong></span> <span class='ocrx_word' id='word_1_114' title='bbox 859 1540 1120 1597; x_wconf 87' lang='lat' dir='ltr'><strong>interiora</strong></span> <span class='ocrx_word' id='word_1_115' title='bbox 1149 1543 1484 1610; x_wconf 88' lang='lat' dir='ltr'><strong>discernens,</strong></span> <span class='ocrx_word' id='word_1_116' title='bbox 1511 1544 1644 1616; x_wconf 90' lang='lat' dir='ltr'><strong>ipsis</strong></span> <span class='ocrx_word' id='word_1_117' title='bbox 1672 1546 1889 1615; x_wconf 88' lang='lat' dir='ltr'><strong>spirita-</strong></span> 
     </span>
    </p>
   </div>
   <div class='ocr_carea' id='block_1_15' title="bbox 289 1628 1889 1706">
    <p class='ocr_par' dir='ltr' id='par_1_15' title="bbox 289 1628 1889 1706">
     <span class='ocr_line' id='line_1_15' title="bbox 289 1628 1889 1706; baseline 0.007 -23"><span class='ocrx_word' id='word_1_118' title='bbox 289 1628 443 1683; x_wconf 80' lang='lat' dir='ltr'><strong>libus</strong></span> <span class='ocrx_word' id='word_1_119' title='bbox 493 1629 825 1700; x_wconf 81' lang='lat' dir='ltr'><strong>profectibus</strong></span> <span class='ocrx_word' id='word_1_120' title='bbox 865 1633 1082 1688; x_wconf 87' lang='lat' dir='ltr'><strong>modum</strong></span> <span class='ocrx_word' id='word_1_121' title='bbox 1128 1636 1322 1706; x_wconf 89' lang='lat' dir='ltr'><strong>ponit:</strong></span> <span class='ocrx_word' id='word_1_122' title='bbox 1355 1646 1416 1692; x_wconf 93' lang='lat' dir='ltr'><strong>ut</strong></span> <span class='ocrx_word' id='word_1_123' title='bbox 1457 1653 1522 1694; x_wconf 92' lang='lat' dir='ltr'><strong>ex</strong></span> <span class='ocrx_word' id='word_1_124' title='bbox 1574 1639 1679 1695; x_wconf 91' lang='lat' dir='ltr'><strong>hoc</strong></span> <span class='ocrx_word' id='word_1_125' title='bbox 1727 1640 1889 1694; x_wconf 87' lang='lat' dir='ltr'><strong>homo</strong></span> 
     </span>
    </p>
   </div>
   <div class='ocr_carea' id='block_1_16' title="bbox 289 1719 1890 1794">
    <p class='ocr_par' dir='ltr' id='par_1_16' title="bbox 289 1719 1890 1794">
     <span class='ocr_line' id='line_1_16' title="bbox 289 1719 1890 1794; baseline 0.007 -21"><span class='ocrx_word' id='word_1_126' title='bbox 289 1719 444 1789; x_wconf 78' lang='lat' dir='ltr'><strong>quod</strong></span> <span class='ocrx_word' id='word_1_127' title='bbox 477 1720 887 1790; x_wconf 86' lang='lat' dir='ltr'><strong>apprehendere</strong></span> <span class='ocrx_word' id='word_1_128' title='bbox 917 1733 1170 1791; x_wconf 90' lang='lat' dir='ltr'><strong>conatur,</strong></span> <span class='ocrx_word' id='word_1_129' title='bbox 1200 1735 1255 1780; x_wconf 90' lang='lat' dir='ltr'><strong>et</strong></span> <span class='ocrx_word' id='word_1_130' title='bbox 1284 1741 1392 1782; x_wconf 88' lang='lat' dir='ltr'><strong>non</strong></span> <span class='ocrx_word' id='word_1_131' title='bbox 1419 1727 1584 1794; x_wconf 88' lang='lat' dir='ltr'><strong>valet,</strong></span> <span class='ocrx_word' id='word_1_132' title='bbox 1610 1730 1662 1784; x_wconf 90' lang='lat' dir='ltr'><strong>in</strong></span> <span class='ocrx_word' id='word_1_133' title='bbox 1699 1729 1805 1785; x_wconf 91' lang='lat' dir='ltr'><strong>illis</strong></span> <span class='ocrx_word' id='word_1_134' title='bbox 1831 1745 1890 1784; x_wconf 87' lang='lat' dir='ltr'><strong>se</strong></span> 
     </span>
    </p>
   </div>
   <div class='ocr_carea' id='block_1_17' title="bbox 1987 533 3570 613">
    <p class='ocr_par' dir='ltr' id='par_1_17' title="bbox 1987 533 3570 613">
     <span class='ocr_line' id='line_1_17' title="bbox 1987 533 3570 613; baseline 0.015 -28"><span class='ocrx_word' id='word_1_135' title='bbox 1987 533 2291 600; x_wconf 74' lang='lat' dir='ltr'><strong>praescitur.</strong></span> <span class='ocrx_word' id='word_1_136' title='bbox 2341 535 2446 593; x_wconf 90' lang='lat' dir='ltr'><strong>Sed</strong></span> <span class='ocrx_word' id='word_1_137' title='bbox 2491 541 2769 596; x_wconf 90' lang='lat' dir='ltr'><strong>sciendum</strong></span> <span class='ocrx_word' id='word_1_138' title='bbox 2814 544 2938 613; x_wconf 84' lang='lat' dir='ltr'><strong>quia</strong></span> <span class='ocrx_word' id='word_1_139' title='bbox 2987 560 3182 602; x_wconf 90' lang='lat' dir='ltr'><strong>creans</strong></span> <span class='ocrx_word' id='word_1_140' title='bbox 3213 557 3268 604; x_wconf 92' lang='lat' dir='ltr'><strong>et</strong></span> <span class='ocrx_word' id='word_1_141' title='bbox 3311 552 3570 610; x_wconf 85' lang='lat' dir='ltr'><strong>ordinans</strong></span> 
     </span>
    </p>
   </div>
   <div class='ocr_carea' id='block_1_18' title="bbox 1988 627 3574 715">
    <p class='ocr_par' dir='ltr' id='par_1_18' title="bbox 1988 627 3574 715">
     <span class='ocr_line' id='line_1_18' title="bbox 1988 627 3574 715; baseline 0.016 -39"><span class='ocrx_word' id='word_1_142' title='bbox 1988 637 2088 678; x_wconf 91' lang='lat' dir='ltr'><strong>nos</strong></span> <span class='ocrx_word' id='word_1_143' title='bbox 2103 627 2440 698; x_wconf 82' lang='lat' dir='ltr'><strong>omnipotens</strong></span> <span class='ocrx_word' id='word_1_144' title='bbox 2461 631 2626 698; x_wconf 90' lang='lat' dir='ltr'><strong>Deus,</strong></span> <span class='ocrx_word' id='word_1_145' title='bbox 2645 633 2798 702; x_wconf 85' lang='lat' dir='ltr'><strong>juxta</strong></span> <span class='ocrx_word' id='word_1_146' title='bbox 2817 637 3151 709; x_wconf 90' lang='lat' dir='ltr'><strong>singulorum</strong></span> <span class='ocrx_word' id='word_1_147' title='bbox 3172 642 3363 698; x_wconf 88' lang='lat' dir='ltr'><strong>merita</strong></span> <span class='ocrx_word' id='word_1_148' title='bbox 3388 644 3574 715; x_wconf 86' lang='lat' dir='ltr'><strong>dispo-</strong></span> 
     </span>
    </p>
   </div>
   <div class='ocr_carea' id='block_1_19' title="bbox 1990 715 3566 805">
    <p class='ocr_par' dir='ltr' id='par_1_19' title="bbox 1990 715 3566 805">
     <span class='ocr_line' id='line_1_19' title="bbox 1990 715 3566 805; baseline 0.015 -36"><span class='ocrx_word' id='word_1_149' title='bbox 1990 715 2071 770; x_wconf 90' lang='lat' dir='ltr'><strong>nit</strong></span> <span class='ocrx_word' id='word_1_150' title='bbox 2094 725 2149 772; x_wconf 89' lang='lat' dir='ltr'><strong>et</strong></span> <span class='ocrx_word' id='word_1_151' title='bbox 2173 721 2463 777; x_wconf 87' lang='lat' dir='ltr'><strong>terminum</strong></span> <span class='ocrx_word' id='word_1_152' title='bbox 2497 742 2510 778; x_wconf 92' lang='lat'><strong>:</strong></span> <span class='ocrx_word' id='word_1_153' title='bbox 2546 735 2604 780; x_wconf 91' lang='lat' dir='ltr'><strong>ut</strong></span> <span class='ocrx_word' id='word_1_154' title='bbox 2657 728 2743 782; x_wconf 89' lang='lat' dir='ltr'><strong>vel</strong></span> <span class='ocrx_word' id='word_1_155' title='bbox 2784 729 2958 786; x_wconf 91' lang='lat' dir='ltr'><strong>malus</strong></span> <span class='ocrx_word' id='word_1_156' title='bbox 2991 731 3081 787; x_wconf 90' lang='lat' dir='ltr'><strong>ille</strong></span> <span class='ocrx_word' id='word_1_157' title='bbox 3126 734 3365 790; x_wconf 88' lang='lat' dir='ltr'><strong>breviter</strong></span> <span class='ocrx_word' id='word_1_158' title='bbox 3391 736 3566 805; x_wconf 83' lang='lat' dir='ltr'><strong>vivat,</strong></span> 
     </span>
    </p>
   </div>
   <div class='ocr_carea' id='block_1_20' title="bbox 1989 809 3569 886">
    <p class='ocr_par' dir='ltr' id='par_1_20' title="bbox 1989 809 3569 886">
     <span class='ocr_line' id='line_1_20' title="bbox 1989 809 3569 886; baseline 0.014 -24"><span class='ocrx_word' id='word_1_159' title='bbox 1989 823 2058 862; x_wconf 91' lang='lat' dir='ltr'><strong>ne</strong></span> <span class='ocrx_word' id='word_1_160' title='bbox 2081 809 2264 864; x_wconf 90' lang='lat' dir='ltr'><strong>multis</strong></span> <span class='ocrx_word' id='word_1_161' title='bbox 2288 811 2426 868; x_wconf 91' lang='lat' dir='ltr'><strong>bene</strong></span> <span class='ocrx_word' id='word_1_162' title='bbox 2454 816 2736 886; x_wconf 86' lang='lat' dir='ltr'><strong>agentibus</strong></span> <span class='ocrx_word' id='word_1_163' title='bbox 2757 829 2972 886; x_wconf 89' lang='lat' dir='ltr'><strong>noceat,</strong></span> <span class='ocrx_word' id='word_1_164' title='bbox 3001 823 3088 878; x_wconf 92' lang='lat' dir='ltr'><strong>vel</strong></span> <span class='ocrx_word' id='word_1_165' title='bbox 3121 823 3296 880; x_wconf 88' lang='lat' dir='ltr'><strong>bonus</strong></span> <span class='ocrx_word' id='word_1_166' title='bbox 3319 825 3422 882; x_wconf 92' lang='lat' dir='ltr'><strong>iste</strong></span> <span class='ocrx_word' id='word_1_167' title='bbox 3447 827 3569 883; x_wconf 90' lang='lat' dir='ltr'><strong>diu-</strong></span> 
     </span>
    </p>
   </div>
   <div class='ocr_carea' id='block_1_21' title="bbox 1990 901 3574 988">
    <p class='ocr_par' dir='ltr' id='par_1_21' title="bbox 1990 901 3574 988">
     <span class='ocr_line' id='line_1_21' title="bbox 1990 901 3574 988; baseline 0.013 -34"><span class='ocrx_word' id='word_1_168' title='bbox 1990 901 2099 956; x_wconf 89' lang='lat' dir='ltr'><strong>tius</strong></span> <span class='ocrx_word' id='word_1_169' title='bbox 2126 902 2178 956; x_wconf 91' lang='lat' dir='ltr'><strong>in</strong></span> <span class='ocrx_word' id='word_1_170' title='bbox 2211 903 2313 960; x_wconf 90' lang='lat' dir='ltr'><strong>hac</strong></span> <span class='ocrx_word' id='word_1_171' title='bbox 2341 905 2450 960; x_wconf 88' lang='lat' dir='ltr'><strong>vita</strong></span> <span class='ocrx_word' id='word_1_172' title='bbox 2475 907 2755 976; x_wconf 87' lang='lat' dir='ltr'><strong>subsistat,</strong></span> <span class='ocrx_word' id='word_1_173' title='bbox 2781 919 2842 965; x_wconf 92' lang='lat' dir='ltr'><strong>ut</strong></span> <span class='ocrx_word' id='word_1_174' title='bbox 2865 912 3048 969; x_wconf 90' lang='lat' dir='ltr'><strong>multis</strong></span> <span class='ocrx_word' id='word_1_175' title='bbox 3071 915 3199 971; x_wconf 91' lang='lat' dir='ltr'><strong>boni</strong></span> <span class='ocrx_word' id='word_1_176' title='bbox 3225 918 3406 986; x_wconf 91' lang='lat' dir='ltr'><strong>operis</strong></span> <span class='ocrx_word' id='word_1_177' title='bbox 3421 917 3574 988; x_wconf 87' lang='lat' dir='ltr'><strong>adju-</strong></span> 
     </span>
    </p>
   </div>
   <div class='ocr_carea' id='block_1_22' title="bbox 1991 995 3574 1076">
    <p class='ocr_par' dir='ltr' id='par_1_22' title="bbox 1991 995 3574 1076">
     <span class='ocr_line' id='line_1_22' title="bbox 1991 995 3574 1076; baseline 0.011 -29"><span class='ocrx_word' id='word_1_178' title='bbox 1991 1000 2080 1050; x_wconf 90' lang='lat' dir='ltr'><strong>tor</strong></span> <span class='ocrx_word' id='word_1_179' title='bbox 2103 995 2336 1063; x_wconf 87' lang='lat' dir='ltr'><strong>existat;</strong></span> <span class='ocrx_word' id='word_1_180' title='bbox 2366 998 2450 1053; x_wconf 93' lang='lat' dir='ltr'><strong>vel</strong></span> <span class='ocrx_word' id='word_1_181' title='bbox 2483 1015 2699 1056; x_wconf 89' lang='lat' dir='ltr'><strong>rursum</strong></span> <span class='ocrx_word' id='word_1_182' title='bbox 2743 1001 2918 1057; x_wconf 89' lang='lat' dir='ltr'><strong>malus</strong></span> <span class='ocrx_word' id='word_1_183' title='bbox 2947 1001 3160 1076; x_wconf 79' lang='lat' dir='ltr'><strong>longius</strong></span> <span class='ocrx_word' id='word_1_184' title='bbox 3207 1006 3489 1064; x_wconf 77' lang='lat' dir='ltr'><strong>ditl‘eratur</strong></span> <span class='ocrx_word' id='word_1_185' title='bbox 3517 1009 3574 1064; x_wconf 89' lang='lat' dir='ltr'><strong>in</strong></span> 
     </span>
    </p>
   </div>
   <div class='ocr_carea' id='block_1_23' title="bbox 1991 1085 3571 1168">
    <p class='ocr_par' dir='ltr' id='par_1_23' title="bbox 1991 1085 3571 1168">
     <span class='ocr_line' id='line_1_23' title="bbox 1991 1085 3571 1168; baseline 0.011 -29"><span class='ocrx_word' id='word_1_186' title='bbox 1991 1085 2126 1152; x_wconf 91' lang='lat' dir='ltr'><strong>vita,</strong></span> <span class='ocrx_word' id='word_1_187' title='bbox 2161 1094 2220 1141; x_wconf 92' lang='lat' dir='ltr'><strong>ut</strong></span> <span class='ocrx_word' id='word_1_188' title='bbox 2246 1101 2410 1156; x_wconf 89' lang='lat' dir='ltr'><strong>prava</strong></span> <span class='ocrx_word' id='word_1_189' title='bbox 2437 1089 2612 1146; x_wconf 89' lang='lat' dir='ltr'><strong>adhuc</strong></span> <span class='ocrx_word' id='word_1_190' title='bbox 2639 1106 2803 1162; x_wconf 88' lang='lat' dir='ltr'><strong>opera</strong></span> <span class='ocrx_word' id='word_1_191' title='bbox 2831 1102 3060 1164; x_wconf 83' lang='lat' dir='ltr'><strong>augeat,</strong></span> <span class='ocrx_word' id='word_1_192' title='bbox 3090 1109 3159 1150; x_wconf 88' lang='lat' dir='ltr'><strong>ex</strong></span> <span class='ocrx_word' id='word_1_193' title='bbox 3189 1112 3420 1168; x_wconf 90' lang='lat' dir='ltr'><strong>quorum</strong></span> <span class='ocrx_word' id='word_1_194' title='bbox 3453 1089 3571 1155; x_wconf 88' lang='lat' dir='ltr'><strong>ten-</strong></span> 
     </span>
    </p>
   </div>
   <div class='ocr_carea' id='block_1_24' title="bbox 1995 1178 3576 1253">
    <p class='ocr_par' dir='ltr' id='par_1_24' title="bbox 1995 1178 3576 1253">
     <span class='ocr_line' id='line_1_24' title="bbox 1995 1178 3576 1253; baseline 0.009 -21"><span class='ocrx_word' id='word_1_195' title='bbox 1995 1178 2197 1234; x_wconf 91' lang='lat' dir='ltr'><strong>tatione</strong></span> <span class='ocrx_word' id='word_1_196' title='bbox 2225 1181 2436 1252; x_wconf 78' lang='lat' dir='ltr'><strong>purgati</strong></span> <span class='ocrx_word' id='word_1_197' title='bbox 2477 1181 2610 1252; x_wconf 85' lang='lat' dir='ltr'><strong>justi</strong></span> <span class='ocrx_word' id='word_1_198' title='bbox 2638 1185 2819 1240; x_wconf 92' lang='lat' dir='ltr'><strong>verius</strong></span> <span class='ocrx_word' id='word_1_199' title='bbox 2844 1186 3049 1253; x_wconf 88' lang='lat' dir='ltr'><strong>vivant,</strong></span> <span class='ocrx_word' id='word_1_200' title='bbox 3079 1188 3164 1242; x_wconf 89' lang='lat' dir='ltr'><strong>vel</strong></span> <span class='ocrx_word' id='word_1_201' title='bbox 3193 1189 3366 1246; x_wconf 92' lang='lat' dir='ltr'><strong>bonus</strong></span> <span class='ocrx_word' id='word_1_202' title='bbox 3412 1191 3576 1247; x_wconf 89' lang='lat' dir='ltr'><strong>citius</strong></span> 
     </span>
    </p>
   </div>
   <div class='ocr_carea' id='block_1_25' title="bbox 1993 1269 3573 1348">
    <p class='ocr_par' dir='ltr' id='par_1_25' title="bbox 1993 1269 3573 1348">
     <span class='ocr_line' id='line_1_25' title="bbox 1993 1269 3573 1348; baseline 0.009 -25"><span class='ocrx_word' id='word_1_203' title='bbox 1993 1269 2370 1338; x_wconf 87' lang='lat' dir='ltr'><strong>subtrahatur,</strong></span> <span class='ocrx_word' id='word_1_204' title='bbox 2399 1288 2485 1338; x_wconf 91' lang='lat' dir='ltr'><strong>ne,</strong></span> <span class='ocrx_word' id='word_1_205' title='bbox 2518 1275 2564 1330; x_wconf 92' lang='lat' dir='ltr'><strong>si</strong></span> <span class='ocrx_word' id='word_1_206' title='bbox 2585 1275 2674 1331; x_wconf 86' lang='lat' dir='ltr'><strong>hic</strong></span> <span class='ocrx_word' id='word_1_207' title='bbox 2697 1277 2786 1332; x_wconf 90' lang='lat' dir='ltr'><strong>diu</strong></span> <span class='ocrx_word' id='word_1_208' title='bbox 2816 1277 3036 1346; x_wconf 82' lang='lat' dir='ltr'><strong>vixerit,</strong></span> <span class='ocrx_word' id='word_1_209' title='bbox 3067 1277 3183 1348; x_wconf 89' lang='lat' dir='ltr'><strong>ejus</strong></span> <span class='ocrx_word' id='word_1_210' title='bbox 3211 1281 3573 1339; x_wconf 84' lang='lat' dir='ltr'><strong>innocentiam</strong></span> 
     </span>
    </p>
   </div>
   <div class='ocr_carea' id='block_1_26' title="bbox 1993 1360 3579 1445">
    <p class='ocr_par' dir='ltr' id='par_1_26' title="bbox 1993 1360 3579 1445">
     <span class='ocr_line' id='line_1_26' title="bbox 1993 1360 3579 1445; baseline 0.01 -31"><span class='ocrx_word' id='word_1_211' title='bbox 1993 1360 2198 1416; x_wconf 89' lang='lat' dir='ltr'><strong>malitia</strong></span> <span class='ocrx_word' id='word_1_212' title='bbox 2222 1375 2552 1434; x_wconf 89' lang='lat' dir='ltr'><strong>corrumpat.</strong></span> <span class='ocrx_word' id='word_1_213' title='bbox 2588 1365 2881 1423; x_wconf 86' lang='lat' dir='ltr'><strong>Sciendum</strong></span> <span class='ocrx_word' id='word_1_214' title='bbox 2907 1378 3085 1425; x_wconf 89' lang='lat' dir='ltr'><strong>tamen</strong></span> <span class='ocrx_word' id='word_1_215' title='bbox 3114 1372 3239 1442; x_wconf 89' lang='lat' dir='ltr'><strong>quia</strong></span> <span class='ocrx_word' id='word_1_216' title='bbox 3269 1372 3579 1445; x_wconf 85' lang='lat' dir='ltr'><strong>benignitas</strong></span> 
     </span>
    </p>
   </div>
   <div class='ocr_carea' id='block_1_27' title="bbox 1994 1452 3575 1538">
    <p class='ocr_par' dir='ltr' id='par_1_27' title="bbox 1994 1452 3575 1538">
     <span class='ocr_line' id='line_1_27' title="bbox 1994 1452 3575 1538; baseline 0.008 -30"><span class='ocrx_word' id='word_1_217' title='bbox 1994 1452 2090 1508; x_wconf 91' lang='lat' dir='ltr'><strong>Dei</strong></span> <span class='ocrx_word' id='word_1_218' title='bbox 2138 1462 2223 1510; x_wconf 89' lang='lat' dir='ltr'><strong>est</strong></span> <span class='ocrx_word' id='word_1_219' title='bbox 2262 1458 2641 1526; x_wconf 85' lang='lat' dir='ltr'><strong>peccatoribus</strong></span> <span class='ocrx_word' id='word_1_220' title='bbox 2690 1461 2926 1531; x_wconf 76' lang='lat' dir='ltr'><strong>Spatium</strong></span> <span class='ocrx_word' id='word_1_221' title='bbox 2966 1464 3302 1533; x_wconf 79' lang='lat' dir='ltr'><strong>poenitentiae</strong></span> <span class='ocrx_word' id='word_1_222' title='bbox 3357 1467 3575 1538; x_wconf 89' lang='lat' dir='ltr'><strong>largiri;</strong></span> 
     </span>
    </p>
   </div>
   <div class='ocr_carea' id='block_1_28' title="bbox 1995 1547 3579 1628">
    <p class='ocr_par' dir='ltr' id='par_1_28' title="bbox 1995 1547 3579 1628">
     <span class='ocr_line' id='line_1_28' title="bbox 1995 1547 3579 1628; baseline 0.007 -27"><span class='ocrx_word' id='word_1_223' title='bbox 1995 1547 2090 1602; x_wconf 91' lang='lat' dir='ltr'><strong>sed</strong></span> <span class='ocrx_word' id='word_1_224' title='bbox 2128 1548 2254 1618; x_wconf 88' lang='lat' dir='ltr'><strong>quia</strong></span> <span class='ocrx_word' id='word_1_225' title='bbox 2275 1558 2491 1620; x_wconf 87' lang='lat' dir='ltr'><strong>accepta</strong></span> <span class='ocrx_word' id='word_1_226' title='bbox 2525 1559 2768 1621; x_wconf 90' lang='lat' dir='ltr'><strong>tempora</strong></span> <span class='ocrx_word' id='word_1_227' title='bbox 2809 1567 2915 1608; x_wconf 92' lang='lat' dir='ltr'><strong>non</strong></span> <span class='ocrx_word' id='word_1_228' title='bbox 2946 1555 3012 1609; x_wconf 92' lang='lat' dir='ltr'><strong>ad</strong></span> <span class='ocrx_word' id='word_1_229' title='bbox 3047 1555 3281 1611; x_wconf 85' lang='lat' dir='ltr'><strong>fructum</strong></span> <span class='ocrx_word' id='word_1_230' title='bbox 3310 1558 3579 1628; x_wconf 84' lang='lat' dir='ltr'><strong>poeniten-</strong></span> 
     </span>
    </p>
   </div>
   <div class='ocr_carea' id='block_1_29' title="bbox 1993 1637 3576 1716">
    <p class='ocr_par' dir='ltr' id='par_1_29' title="bbox 1993 1637 3576 1716">
     <span class='ocr_line' id='line_1_29' title="bbox 1993 1637 3576 1716; baseline 0.008 -24"><span class='ocrx_word' id='word_1_231' title='bbox 1993 1637 2102 1704; x_wconf 66' lang='lat' dir='ltr'><strong>tiae,</strong></span> <span class='ocrx_word' id='word_1_232' title='bbox 2128 1637 2194 1692; x_wconf 91' lang='lat' dir='ltr'><strong>ad</strong></span> <span class='ocrx_word' id='word_1_233' title='bbox 2225 1653 2383 1694; x_wconf 91' lang='lat' dir='ltr'><strong>usum</strong></span> <span class='ocrx_word' id='word_1_234' title='bbox 2410 1655 2539 1695; x_wconf 91' lang='lat' dir='ltr'><strong>vero</strong></span> <span class='ocrx_word' id='word_1_235' title='bbox 2566 1641 2865 1712; x_wconf 87' lang='lat' dir='ltr'><strong>iniquitatis</strong></span> <span class='ocrx_word' id='word_1_236' title='bbox 2893 1651 3130 1709; x_wconf 89' lang='lat' dir='ltr'><strong>vertunt,</strong></span> <span class='ocrx_word' id='word_1_237' title='bbox 3163 1647 3305 1716; x_wconf 91' lang='lat' dir='ltr'><strong>quod</strong></span> <span class='ocrx_word' id='word_1_238' title='bbox 3335 1662 3366 1701; x_wconf 90' lang='lat' dir='ltr'><strong>a</strong></span> <span class='ocrx_word' id='word_1_239' title='bbox 3393 1647 3576 1706; x_wconf 88' lang='lat' dir='ltr'><strong>divina</strong></span> 
     </span>
    </p>
   </div>
   <div class='ocr_carea' id='block_1_30' title="bbox 1995 1729 3648 1806">
    <p class='ocr_par' dir='ltr' id='par_1_30' title="bbox 1995 1729 3648 1806">
     <span class='ocr_line' id='line_1_30' title="bbox 1995 1729 3648 1806; baseline 0.007 -23"><span class='ocrx_word' id='word_1_240' title='bbox 1995 1729 2370 1786; x_wconf 87' lang='lat' dir='ltr'><strong>misericordia</strong></span> <span class='ocrx_word' id='word_1_241' title='bbox 2415 1732 2615 1788; x_wconf 89' lang='lat' dir='ltr'><strong>mereri</strong></span> <span class='ocrx_word' id='word_1_242' title='bbox 2657 1743 2949 1804; x_wconf 91' lang='lat' dir='ltr'><strong>poterant,</strong></span> <span class='ocrx_word' id='word_1_243' title='bbox 2988 1737 3262 1792; x_wconf 89' lang='lat' dir='ltr'><strong>amittunt.</strong></span> <span class='ocrx_word' id='word_1_244' title='bbox 3318 1739 3579 1806; x_wconf 82' lang='lat' dir='ltr'><strong>Quamvis</strong></span> <span class='ocrx_word' id='word_1_245' title='bbox 3644 1769 3648 1776; x_wconf 86' lang='grc'><strong>·</strong></span> 
     </span>
    </p>
   </div>
   <div class='ocr_carea' id='block_1_31' title="bbox 293 1807 3580 1897">
    <p class='ocr_par' dir='ltr' id='par_1_31' title="bbox 293 1807 3580 1897">
     <span class='ocr_line' id='line_1_31' title="bbox 293 1807 3580 1897; baseline 0.006 -34"><span class='ocrx_word' id='word_1_246' title='bbox 293 1824 407 1864; x_wconf 85' lang='lat' dir='ltr'><strong>non</strong></span> <span class='ocrx_word' id='word_1_247' title='bbox 455 1811 636 1867; x_wconf 78' lang='lat' dir='ltr'><strong>elevet</strong></span> <span class='ocrx_word' id='word_1_248' title='bbox 677 1828 799 1884; x_wconf 69' lang='lat' dir='ltr'><strong>quae</strong></span> <span class='ocrx_word' id='word_1_249' title='bbox 847 1814 1014 1870; x_wconf 87' lang='lat' dir='ltr'><strong>valet.</strong></span> <span class='ocrx_word' id='word_1_250' title='bbox 1059 1815 1213 1873; x_wconf 91' lang='lat' dir='ltr'><strong>Unde</strong></span> <span class='ocrx_word' id='word_1_251' title='bbox 1245 1818 1334 1875; x_wconf 92' lang='lat' dir='ltr'><strong>ille</strong></span> <span class='ocrx_word' id='word_1_252' title='bbox 1381 1835 1596 1891; x_wconf 91' lang='lat' dir='ltr'><strong>quoque</strong></span> <span class='ocrx_word' id='word_1_253' title='bbox 1641 1821 1890 1893; x_wconf 84' lang='lat' dir='ltr'><strong>egregius</strong></span> <span class='ocrx_word' id='word_1_254' title='bbox 1919 1807 1967 1870; x_wconf 88' lang='grc' dir='ltr'><strong>Β</strong></span> <span class='ocrx_word' id='word_1_255' title='bbox 1993 1821 2336 1890; x_wconf 89' lang='lat' dir='ltr'><strong>omnipotens</strong></span> <span class='ocrx_word' id='word_1_256' title='bbox 2392 1823 2536 1878; x_wconf 88' lang='lat' dir='ltr'><strong>Deus</strong></span> <span class='ocrx_word' id='word_1_257' title='bbox 2586 1821 2716 1878; x_wconf 88' lang='lat' dir='ltr'><strong>illud</strong></span> <span class='ocrx_word' id='word_1_258' title='bbox 2771 1832 2982 1894; x_wconf 90' lang='lat' dir='ltr'><strong>tempus</strong></span> <span class='ocrx_word' id='word_1_259' title='bbox 3039 1825 3464 1897; x_wconf 85' lang='lat' dir='ltr'><strong>uniuscujusque</strong></span> <span class='ocrx_word' id='word_1_260' title='bbox 3509 1829 3580 1883; x_wconf 89' lang='lat' dir='ltr'><strong>ad</strong></span> 
     </span>
    </p>
   </div>
   <div class='ocr_carea' id='block_1_32' title="bbox 293 1900 1894 1983">
    <p class='ocr_par' dir='ltr' id='par_1_32' title="bbox 293 1900 1894 1983">
     <span class='ocr_line' id='line_1_32' title="bbox 293 1900 1894 1983; baseline 0.007 -28"><span class='ocrx_word' id='word_1_261' title='bbox 293 1900 649 1974; x_wconf 63' lang='lat' dir='ltr'><strong>praedicator,</strong></span> <span class='ocrx_word' id='word_1_262' title='bbox 675 1903 767 1974; x_wconf 91' lang='lat' dir='ltr'><strong>qui</strong></span> <span class='ocrx_word' id='word_1_263' title='bbox 801 1914 988 1976; x_wconf 89' lang='lat' dir='ltr'><strong>raptus</strong></span> <span class='ocrx_word' id='word_1_264' title='bbox 1016 1907 1082 1962; x_wconf 90' lang='lat' dir='ltr'><strong>ad</strong></span> <span class='ocrx_word' id='word_1_265' title='bbox 1106 1907 1322 1964; x_wconf 90' lang='lat' dir='ltr'><strong>tertium</strong></span> <span class='ocrx_word' id='word_1_266' title='bbox 1349 1909 1544 1966; x_wconf 64' lang='lat' dir='ltr'><strong>coelum</strong></span> <span class='ocrx_word' id='word_1_267' title='bbox 1571 1909 1766 1974; x_wconf 82' lang='lat' dir='ltr'><strong>fuerat,</strong></span> <span class='ocrx_word' id='word_1_268' title='bbox 1796 1927 1894 1983; x_wconf 90' lang='lat' dir='ltr'><strong>pa-</strong></span> 
     </span>
    </p>
   </div>
   <div class='ocr_carea' id='block_1_33' title="bbox 293 1997 1893 2072">
    <p class='ocr_par' dir='ltr' id='par_1_33' title="bbox 293 1997 1893 2072">
     <span class='ocr_line' id='line_1_33' title="bbox 293 1997 1893 2072; baseline 0.002 -18"><span class='ocrx_word' id='word_1_269' title='bbox 293 1997 468 2054; x_wconf 79' lang='lat' dir='ltr'><strong>radisi</strong></span> <span class='ocrx_word' id='word_1_270' title='bbox 515 2011 718 2052; x_wconf 83' lang='lat' dir='ltr'><strong>arcana</strong></span> <span class='ocrx_word' id='word_1_271' title='bbox 748 2007 1150 2068; x_wconf 84' lang='lat' dir='ltr'><strong>penetraverat,</strong></span> <span class='ocrx_word' id='word_1_272' title='bbox 1185 2015 1304 2055; x_wconf 88' lang='lat' dir='ltr'><strong>esse</strong></span> <span class='ocrx_word' id='word_1_273' title='bbox 1352 2009 1473 2072; x_wconf 90' lang='lat' dir='ltr'><strong>post</strong></span> <span class='ocrx_word' id='word_1_274' title='bbox 1505 2002 1893 2058; x_wconf 90' lang='lat' dir='ltr'><strong>revelationem</strong></span> 
     </span>
    </p>
   </div>
   <div class='ocr_carea' id='block_1_34' title="bbox 295 2088 1888 2164">
    <p class='ocr_par' dir='ltr' id='par_1_34' title="bbox 295 2088 1888 2164">
     <span class='ocr_line' id='line_1_34' title="bbox 295 2088 1888 2164; baseline 0.002 -20"><span class='ocrx_word' id='word_1_275' title='bbox 295 2088 633 2158; x_wconf 85' lang='lat' dir='ltr'><strong>tranquillus</strong></span> <span class='ocrx_word' id='word_1_276' title='bbox 677 2098 842 2159; x_wconf 89' lang='lat' dir='ltr'><strong>atque</strong></span> <span class='ocrx_word' id='word_1_277' title='bbox 889 2089 1190 2147; x_wconf 90' lang='lat' dir='ltr'><strong>intentatus</strong></span> <span class='ocrx_word' id='word_1_278' title='bbox 1220 2107 1327 2146; x_wconf 91' lang='lat' dir='ltr'><strong>non</strong></span> <span class='ocrx_word' id='word_1_279' title='bbox 1379 2092 1596 2148; x_wconf 92' lang='lat' dir='ltr'><strong>valebat</strong></span> <span class='ocrx_word' id='word_1_280' title='bbox 1642 2092 1731 2164; x_wconf 88' lang='lat' dir='ltr'><strong>(II</strong></span> <span class='ocrx_word' id='word_1_281' title='bbox 1765 2093 1888 2148; x_wconf 82' lang='lat' dir='ltr'><strong>Cor.</strong></span> 
     </span>
    </p>
   </div>
   <div class='ocr_carea' id='block_1_35' title="bbox 290 2180 1894 2253">
    <p class='ocr_par' dir='ltr' id='par_1_35' title="bbox 290 2180 1894 2253">
     <span class='ocr_line' id='line_1_35' title="bbox 290 2180 1894 2253; baseline 0.004 -17"><span class='ocrx_word' id='word_1_282' title='bbox 290 2197 397 2248; x_wconf 77' lang='grc' dir='ltr'>ιιι,</span> <span class='ocrx_word' id='word_1_283' title='bbox 430 2182 507 2253; x_wconf 86' lang='lat' dir='ltr'><strong>l).</strong></span> <span class='ocrx_word' id='word_1_284' title='bbox 538 2180 644 2237; x_wconf 89' lang='lat' dir='ltr'><strong>Sed</strong></span> <span class='ocrx_word' id='word_1_285' title='bbox 671 2181 796 2252; x_wconf 89' lang='lat' dir='ltr'><strong>quia</strong></span> <span class='ocrx_word' id='word_1_286' title='bbox 828 2183 1170 2252; x_wconf 90' lang='lat' dir='ltr'><strong>omnipotens</strong></span> <span class='ocrx_word' id='word_1_287' title='bbox 1215 2185 1358 2242; x_wconf 89' lang='lat' dir='ltr'><strong>Deus</strong></span> <span class='ocrx_word' id='word_1_288' title='bbox 1399 2187 1660 2242; x_wconf 89' lang='lat' dir='ltr'><strong>terminos</strong></span> <span class='ocrx_word' id='word_1_289' title='bbox 1691 2187 1894 2243; x_wconf 90' lang='lat' dir='ltr'><strong>consti-</strong></span> 
     </span>
    </p>
   </div>
   <div class='ocr_carea' id='block_1_36' title="bbox 287 2272 1893 2345">
    <p class='ocr_par' dir='ltr' id='par_1_36' title="bbox 287 2272 1893 2345">
     <span class='ocr_line' id='line_1_36' title="bbox 287 2272 1893 2345; baseline 0.003 -19"><span class='ocrx_word' id='word_1_290' title='bbox 287 2272 404 2326; x_wconf 75' lang='lat' dir='ltr'><strong>tuit</strong></span> <span class='ocrx_word' id='word_1_291' title='bbox 431 2273 662 2338; x_wconf 90' lang='lat' dir='ltr'><strong>homini,</strong></span> <span class='ocrx_word' id='word_1_292' title='bbox 688 2273 780 2343; x_wconf 90' lang='lat' dir='ltr'><strong>qui</strong></span> <span class='ocrx_word' id='word_1_293' title='bbox 812 2274 1079 2343; x_wconf 74' lang='lat' dir='ltr'><strong>przeteriri</strong></span> <span class='ocrx_word' id='word_1_294' title='bbox 1113 2290 1219 2330; x_wconf 92' lang='lat' dir='ltr'><strong>non</strong></span> <span class='ocrx_word' id='word_1_295' title='bbox 1249 2285 1535 2345; x_wconf 90' lang='lat' dir='ltr'><strong>poterunt,</strong></span> <span class='ocrx_word' id='word_1_296' title='bbox 1565 2288 1620 2331; x_wconf 91' lang='lat' dir='ltr'><strong>et</strong></span> <span class='ocrx_word' id='word_1_297' title='bbox 1662 2276 1893 2332; x_wconf 89' lang='lat' dir='ltr'><strong>elevavit</strong></span> 
     </span>
    </p>
   </div>
   <div class='ocr_carea' id='block_1_37' title="bbox 287 2367 1896 2438">
    <p class='ocr_par' dir='ltr' id='par_1_37' title="bbox 287 2367 1896 2438">
     <span class='ocr_line' id='line_1_37' title="bbox 287 2367 1896 2438; baseline 0.002 -16"><span class='ocrx_word' id='word_1_298' title='bbox 287 2367 444 2422; x_wconf 68' lang='lat' dir='ltr'><strong>hunc</strong></span> <span class='ocrx_word' id='word_1_299' title='bbox 475 2367 544 2419; x_wconf 90' lang='lat' dir='ltr'><strong>ad</strong></span> <span class='ocrx_word' id='word_1_300' title='bbox 571 2368 1008 2438; x_wconf 90' lang='lat' dir='ltr'><strong>cognoscendum</strong></span> <span class='ocrx_word' id='word_1_301' title='bbox 1052 2368 1329 2436; x_wconf 90' lang='lat' dir='ltr'><strong>sublimia,</strong></span> <span class='ocrx_word' id='word_1_302' title='bbox 1357 2380 1414 2424; x_wconf 90' lang='lat' dir='ltr'><strong>et</strong></span> <span class='ocrx_word' id='word_1_303' title='bbox 1451 2370 1667 2426; x_wconf 85' lang='lat' dir='ltr'><strong>reduxit</strong></span> <span class='ocrx_word' id='word_1_304' title='bbox 1696 2371 1896 2427; x_wconf 88' lang='lat' dir='ltr'><strong>iterum</strong></span> 
     </span>
    </p>
   </div>
   <div class='ocr_carea' id='block_1_38' title="bbox 293 2453 1894 2532">
    <p class='ocr_par' dir='ltr' id='par_1_38' title="bbox 293 2453 1894 2532">
     <span class='ocr_line' id='line_1_38' title="bbox 293 2453 1894 2532; baseline 0.006 -24"><span class='ocrx_word' id='word_1_305' title='bbox 293 2453 366 2509; x_wconf 76' lang='lat' dir='ltr'><strong>ad</strong></span> <span class='ocrx_word' id='word_1_306' title='bbox 411 2453 628 2510; x_wconf 82' lang='lat' dir='ltr'><strong>inﬁrma</strong></span> <span class='ocrx_word' id='word_1_307' title='bbox 677 2454 978 2524; x_wconf 90' lang='lat' dir='ltr'><strong>toleranda,</strong></span> <span class='ocrx_word' id='word_1_308' title='bbox 1030 2467 1087 2513; x_wconf 90' lang='lat' dir='ltr'><strong>ut</strong></span> <span class='ocrx_word' id='word_1_309' title='bbox 1117 2459 1262 2515; x_wconf 89' lang='lat' dir='ltr'><strong>modi</strong></span> <span class='ocrx_word' id='word_1_310' title='bbox 1306 2461 1388 2515; x_wconf 90' lang='lat' dir='ltr'><strong>sui</strong></span> <span class='ocrx_word' id='word_1_311' title='bbox 1422 2477 1702 2516; x_wconf 87' lang='lat' dir='ltr'><strong>mensuras</strong></span> <span class='ocrx_word' id='word_1_312' title='bbox 1751 2463 1894 2532; x_wconf 83' lang='lat' dir='ltr'><strong>aspi-</strong></span> 
     </span>
    </p>
   </div>
   <div class='ocr_carea' id='block_1_39' title="bbox 293 2543 1893 2622">
    <p class='ocr_par' dir='ltr' id='par_1_39' title="bbox 293 2543 1893 2622">
     <span class='ocr_line' id='line_1_39' title="bbox 293 2543 1893 2622; baseline 0.006 -22"><span class='ocrx_word' id='word_1_313' title='bbox 293 2543 450 2601; x_wconf 76' lang='lat' dir='ltr'><strong>ciens</strong></span> <span class='ocrx_word' id='word_1_314' title='bbox 479 2546 610 2601; x_wconf 92' lang='lat' dir='ltr'><strong>dum</strong></span> <span class='ocrx_word' id='word_1_315' title='bbox 640 2549 991 2604; x_wconf 89' lang='lat' dir='ltr'><strong>securitatem</strong></span> <span class='ocrx_word' id='word_1_316' title='bbox 1022 2551 1484 2622; x_wconf 86' lang='lat' dir='ltr'><strong>comprehendere</strong></span> <span class='ocrx_word' id='word_1_317' title='bbox 1521 2563 1812 2609; x_wconf 87' lang='lat' dir='ltr'><strong>conaretur</strong></span> <span class='ocrx_word' id='word_1_318' title='bbox 1837 2563 1893 2610; x_wconf 91' lang='lat' dir='ltr'><strong>et</strong></span> 
     </span>
    </p>
   </div>
   <div class='ocr_carea' id='block_1_40' title="bbox 291 2620 1894 2716">
    <p class='ocr_par' dir='ltr' id='par_1_40' title="bbox 291 2620 1894 2716">
     <span class='ocr_line' id='line_1_40' title="bbox 291 2620 1894 2716; baseline 0.006 -25"><span class='ocrx_word' id='word_1_319' title='bbox 291 2653 407 2692; x_wconf 82' lang='lat' dir='ltr'><strong>non</strong></span> <span class='ocrx_word' id='word_1_320' title='bbox 433 2646 643 2708; x_wconf 87' lang='lat' dir='ltr'><strong>posset,</strong></span> <span class='ocrx_word' id='word_1_321' title='bbox 677 2654 748 2694; x_wconf 91' lang='lat' dir='ltr'><strong>ne</strong></span> <span class='ocrx_word' id='word_1_322' title='bbox 779 2653 874 2709; x_wconf 89' lang='lat' dir='ltr'><strong>per</strong></span> <span class='ocrx_word' id='word_1_323' title='bbox 923 2620 1211 2696; x_wconf 81' lang='lat' dir='ltr'><strong>elationem</strong></span> <span class='ocrx_word' id='word_1_324' title='bbox 1248 2651 1400 2698; x_wconf 80' lang='lat' dir='ltr'><strong>extra</strong></span> <span class='ocrx_word' id='word_1_325' title='bbox 1432 2660 1490 2700; x_wconf 91' lang='lat' dir='ltr'><strong>se</strong></span> <span class='ocrx_word' id='word_1_326' title='bbox 1520 2645 1643 2711; x_wconf 86' lang='lat' dir='ltr'><strong>iret,</strong></span> <span class='ocrx_word' id='word_1_327' title='bbox 1665 2660 1766 2716; x_wconf 94' lang='lat' dir='ltr'><strong>per</strong></span> <span class='ocrx_word' id='word_1_328' title='bbox 1790 2646 1894 2701; x_wconf 91' lang='lat' dir='ltr'><strong>hu-</strong></span> 
     </span>
    </p>
   </div>
   <div class='ocr_carea' id='block_1_41' title="bbox 295 2730 1893 2808">
    <p class='ocr_par' dir='ltr' id='par_1_41' title="bbox 295 2730 1893 2808">
     <span class='ocr_line' id='line_1_41' title="bbox 295 2730 1893 2808; baseline 0.008 -24"><span class='ocrx_word' id='word_1_329' title='bbox 295 2730 592 2787; x_wconf 88' lang='lat' dir='ltr'><strong>militatem</strong></span> <span class='ocrx_word' id='word_1_330' title='bbox 619 2743 908 2805; x_wconf 89' lang='lat' dir='ltr'><strong>cogeretur</strong></span> <span class='ocrx_word' id='word_1_331' title='bbox 936 2735 1076 2789; x_wconf 90' lang='lat' dir='ltr'><strong>intra</strong></span> <span class='ocrx_word' id='word_1_332' title='bbox 1110 2751 1238 2792; x_wconf 92' lang='lat' dir='ltr'><strong>suos</strong></span> <span class='ocrx_word' id='word_1_333' title='bbox 1265 2752 1479 2808; x_wconf 89' lang='lat' dir='ltr'><strong>semper</strong></span> <span class='ocrx_word' id='word_1_334' title='bbox 1519 2740 1780 2796; x_wconf 88' lang='lat' dir='ltr'><strong>terminos</strong></span> <span class='ocrx_word' id='word_1_335' title='bbox 1806 2755 1893 2796; x_wconf 82' lang='lat' dir='ltr'><strong>re-</strong></span> 
     </span>
    </p>
   </div>
   <div class='ocr_carea' id='block_1_42' title="bbox 295 2821 1891 2896">
    <p class='ocr_par' dir='ltr' id='par_1_42' title="bbox 295 2821 1891 2896">
     <span class='ocr_line' id='line_1_42' title="bbox 295 2821 1891 2896; baseline 0.008 -20"><span class='ocrx_word' id='word_1_336' title='bbox 295 2821 434 2876; x_wconf 84' lang='lat' dir='ltr'><strong>dire.</strong></span> <span class='ocrx_word' id='word_1_337' title='bbox 462 2821 678 2890; x_wconf 83' lang='lat' dir='ltr'><strong>Quibus</strong></span> <span class='ocrx_word' id='word_1_338' title='bbox 724 2824 905 2880; x_wconf 90' lang='lat' dir='ltr'><strong>verbis</strong></span> <span class='ocrx_word' id='word_1_339' title='bbox 935 2824 1129 2880; x_wconf 91' lang='lat' dir='ltr'><strong>beatus</strong></span> <span class='ocrx_word' id='word_1_340' title='bbox 1167 2824 1459 2896; x_wconf 86' lang='lat' dir='ltr'><strong>Gregorius</strong></span> <span class='ocrx_word' id='word_1_341' title='bbox 1487 2845 1594 2885; x_wconf 92' lang='lat' dir='ltr'><strong>non</strong></span> <span class='ocrx_word' id='word_1_342' title='bbox 1631 2831 1804 2887; x_wconf 91' lang='lat' dir='ltr'><strong>solum</strong></span> <span class='ocrx_word' id='word_1_343' title='bbox 1839 2833 1891 2888; x_wconf 92' lang='lat' dir='ltr'><strong>in</strong></span> 
     </span>
    </p>
   </div>
   <div class='ocr_carea' id='block_1_43' title="bbox 296 2910 1896 2989">
    <p class='ocr_par' dir='ltr' id='par_1_43' title="bbox 296 2910 1896 2989">
     <span class='ocr_line' id='line_1_43' title="bbox 296 2910 1896 2989; baseline 0.006 -22"><span class='ocrx_word' id='word_1_344' title='bbox 296 2910 388 2968; x_wconf 73' lang='lat' dir='ltr'><strong>his</strong></span> <span class='ocrx_word' id='word_1_345' title='bbox 413 2927 536 2982; x_wconf 65' lang='lat' dir='ltr'><strong>quae</strong></span> <span class='ocrx_word' id='word_1_346' title='bbox 560 2914 861 2970; x_wconf 82' lang='lat' dir='ltr'><strong>secundum</strong></span> <span class='ocrx_word' id='word_1_347' title='bbox 889 2930 1088 2987; x_wconf 87' lang='lat' dir='ltr'><strong>corpus</strong></span> <span class='ocrx_word' id='word_1_348' title='bbox 1113 2917 1366 2974; x_wconf 87' lang='lat' dir='ltr'><strong>homines</strong></span> <span class='ocrx_word' id='word_1_349' title='bbox 1404 2920 1708 2989; x_wconf 89' lang='lat' dir='ltr'><strong>patiuntur,</strong></span> <span class='ocrx_word' id='word_1_350' title='bbox 1759 2921 1896 2977; x_wconf 90' lang='lat' dir='ltr'><strong>divi—</strong></span> 
     </span>
    </p>
   </div>
   <div class='ocr_carea' id='block_1_44' title="bbox 297 3007 1890 3076">
    <p class='ocr_par' dir='ltr' id='par_1_44' title="bbox 297 3007 1890 3076">
     <span class='ocr_line' id='line_1_44' title="bbox 297 3007 1890 3076; baseline 0.004 -17"><span class='ocrx_word' id='word_1_351' title='bbox 297 3021 426 3060; x_wconf 87' lang='lat' dir='ltr'><strong>nam</strong></span> <span class='ocrx_word' id='word_1_352' title='bbox 450 3007 914 3076; x_wconf 88' lang='lat' dir='ltr'><strong>dispensationem</strong></span> <span class='ocrx_word' id='word_1_353' title='bbox 945 3007 1364 3065; x_wconf 85' lang='lat' dir='ltr'><strong>moderatricem</strong></span> <span class='ocrx_word' id='word_1_354' title='bbox 1398 3011 1662 3076; x_wconf 90' lang='lat' dir='ltr'><strong>ostendit,</strong></span> <span class='ocrx_word' id='word_1_355' title='bbox 1702 3027 1890 3067; x_wconf 91' lang='lat' dir='ltr'><strong>verum</strong></span> 
     </span>
    </p>
   </div>
   <div class='ocr_carea' id='block_1_45' title="bbox 297 3097 1891 3172">
    <p class='ocr_par' dir='ltr' id='par_1_45' title="bbox 297 3097 1891 3172">
     <span class='ocr_line' id='line_1_45' title="bbox 297 3097 1891 3172; baseline 0.002 -18"><span class='ocrx_word' id='word_1_356' title='bbox 297 3097 468 3154; x_wconf 86' lang='lat' dir='ltr'><strong>etiam</strong></span> <span class='ocrx_word' id='word_1_357' title='bbox 503 3098 557 3152; x_wconf 92' lang='lat' dir='ltr'><strong>in</strong></span> <span class='ocrx_word' id='word_1_358' title='bbox 587 3097 925 3170; x_wconf 77' lang='lat' dir='ltr'><strong>spiritalibus</strong></span> <span class='ocrx_word' id='word_1_359' title='bbox 950 3098 1286 3170; x_wconf 83' lang='lat' dir='ltr'><strong>profectibus</strong></span> <span class='ocrx_word' id='word_1_360' title='bbox 1307 3101 1503 3156; x_wconf 69' lang='lat' dir='ltr'><strong>divina:</strong></span> <span class='ocrx_word' id='word_1_361' title='bbox 1523 3101 1891 3172; x_wconf 90' lang='lat' dir='ltr'><strong>dispositionis</strong></span> 
     </span>
    </p>
   </div>
   <div class='ocr_carea' id='block_1_46' title="bbox 1993 1913 3678 1984">
    <p class='ocr_par' dir='ltr' id='par_1_46' title="bbox 1993 1913 3678 1984">
     <span class='ocr_line' id='line_1_46' title="bbox 1993 1913 3678 1984; baseline 0.005 -18"><span class='ocrx_word' id='word_1_362' title='bbox 1993 1918 2226 1966; x_wconf 91' lang='lat' dir='ltr'><strong>mortem</strong></span> <span class='ocrx_word' id='word_1_363' title='bbox 2247 1913 2499 1982; x_wconf 76' lang='lat' dir='ltr'><strong>prtesciat</strong></span> <span class='ocrx_word' id='word_1_364' title='bbox 2535 1928 2643 1984; x_wconf 92' lang='lat' dir='ltr'><strong>quo</strong></span> <span class='ocrx_word' id='word_1_365' title='bbox 2687 1913 2803 1984; x_wconf 83' lang='lat' dir='ltr'><strong>ejus</strong></span> <span class='ocrx_word' id='word_1_366' title='bbox 2823 1915 2933 1970; x_wconf 86' lang='lat' dir='ltr'><strong>vita</strong></span> <span class='ocrx_word' id='word_1_367' title='bbox 2977 1917 3318 1982; x_wconf 89' lang='lat' dir='ltr'><strong>terminatur,</strong></span> <span class='ocrx_word' id='word_1_368' title='bbox 3345 1933 3444 1973; x_wconf 91' lang='lat' dir='ltr'><strong>nec</strong></span> <span class='ocrx_word' id='word_1_369' title='bbox 3473 1917 3581 1973; x_wconf 93' lang='lat' dir='ltr'><strong>alio</strong></span> <span class='ocrx_word' id='word_1_370' title='bbox 3673 1929 3678 1935; x_wconf 86' lang='lat'><strong>&#39;</strong></span> 
     </span>
    </p>
   </div>
   <div class='ocr_carea' id='block_1_47' title="bbox 1993 2002 3581 2082">
    <p class='ocr_par' dir='ltr' id='par_1_47' title="bbox 1993 2002 3581 2082">
     <span class='ocr_line' id='line_1_47' title="bbox 1993 2002 3581 2082; baseline 0.005 -24"><span class='ocrx_word' id='word_1_371' title='bbox 1993 2002 2050 2058; x_wconf 92' lang='lat' dir='ltr'><strong>in</strong></span> <span class='ocrx_word' id='word_1_372' title='bbox 2080 2010 2320 2074; x_wconf 88' lang='lat' dir='ltr'><strong>tempore</strong></span> <span class='ocrx_word' id='word_1_373' title='bbox 2347 2005 2635 2076; x_wconf 90' lang='lat' dir='ltr'><strong>quisquam</strong></span> <span class='ocrx_word' id='word_1_374' title='bbox 2666 2007 2803 2062; x_wconf 91' lang='lat' dir='ltr'><strong>mori</strong></span> <span class='ocrx_word' id='word_1_375' title='bbox 2829 2008 3025 2077; x_wconf 90' lang='lat' dir='ltr'><strong>potuit,</strong></span> <span class='ocrx_word' id='word_1_376' title='bbox 3057 2009 3160 2064; x_wconf 91' lang='lat' dir='ltr'><strong>nisi</strong></span> <span class='ocrx_word' id='word_1_377' title='bbox 3192 2009 3309 2080; x_wconf 91' lang='lat' dir='ltr'><strong>ipso</strong></span> <span class='ocrx_word' id='word_1_378' title='bbox 3334 2026 3442 2082; x_wconf 90' lang='lat' dir='ltr'><strong>quo</strong></span> <span class='ocrx_word' id='word_1_379' title='bbox 3464 2026 3581 2066; x_wconf 84' lang='lat' dir='ltr'><strong>mo-</strong></span> 
     </span>
    </p>
   </div>
   <div class='ocr_carea' id='block_1_48' title="bbox 1993 2091 3681 2171">
    <p class='ocr_par' dir='ltr' id='par_1_48' title="bbox 1993 2091 3681 2171">
     <span class='ocr_line' id='line_1_48' title="bbox 1993 2091 3681 2171; baseline 0.006 -25"><span class='ocrx_word' id='word_1_380' title='bbox 1993 2091 2151 2147; x_wconf 85' lang='lat' dir='ltr'><strong>ritur.</strong></span> <span class='ocrx_word' id='word_1_381' title='bbox 2183 2092 2316 2148; x_wconf 82' lang='lat' dir='ltr'><strong>Nam</strong></span> <span class='ocrx_word' id='word_1_382' title='bbox 2345 2095 2389 2150; x_wconf 92' lang='lat' dir='ltr'><strong>si</strong></span> <span class='ocrx_word' id='word_1_383' title='bbox 2430 2095 2676 2152; x_wconf 66' lang='lat' dir='ltr'><strong>Ezechiae</strong></span> <span class='ocrx_word' id='word_1_384' title='bbox 2702 2097 2829 2152; x_wconf 90' lang='lat' dir='ltr'><strong>anni</strong></span> <span class='ocrx_word' id='word_1_385' title='bbox 2856 2098 3022 2153; x_wconf 90' lang='lat' dir='ltr'><strong>additi</strong></span> <span class='ocrx_word' id='word_1_386' title='bbox 3048 2098 3115 2154; x_wconf 90' lang='lat' dir='ltr'><strong>ad</strong></span> <span class='ocrx_word' id='word_1_387' title='bbox 3143 2100 3310 2154; x_wconf 90' lang='lat' dir='ltr'><strong>vitam</strong></span> <span class='ocrx_word' id='word_1_388' title='bbox 3351 2100 3578 2171; x_wconf 85' lang='lat' dir='ltr'><strong>quinde-</strong></span> <span class='ocrx_word' id='word_1_389' title='bbox 3673 2115 3681 2120; x_wconf 90' lang='grc'><strong>·</strong></span> 
     </span>
    </p>
   </div>
   <div class='ocr_carea' id='block_1_49' title="bbox 1993 2183 3580 2259">
    <p class='ocr_par' dir='ltr' id='par_1_49' title="bbox 1993 2183 3580 2259">
     <span class='ocr_line' id='line_1_49' title="bbox 1993 2183 3580 2259; baseline 0.006 -21"><span class='ocrx_word' id='word_1_390' title='bbox 1993 2183 2099 2239; x_wconf 91' lang='lat' dir='ltr'><strong>cim</strong></span> <span class='ocrx_word' id='word_1_391' title='bbox 2131 2195 2522 2253; x_wconf 88' lang='lat' dir='ltr'><strong>memorantur,</strong></span> <span class='ocrx_word' id='word_1_392' title='bbox 2554 2196 2768 2259; x_wconf 87' lang='lat' dir='ltr'><strong>tempus</strong></span> <span class='ocrx_word' id='word_1_393' title='bbox 2789 2189 3010 2259; x_wconf 90' lang='lat' dir='ltr'><strong>quidem</strong></span> <span class='ocrx_word' id='word_1_394' title='bbox 3033 2189 3158 2246; x_wconf 74' lang='lat' dir='ltr'><strong>vitae</strong></span> <span class='ocrx_word' id='word_1_395' title='bbox 3187 2191 3360 2246; x_wconf 91' lang='lat' dir='ltr'><strong>crevit</strong></span> <span class='ocrx_word' id='word_1_396' title='bbox 3387 2191 3459 2247; x_wconf 90' lang='lat' dir='ltr'><strong>ab</strong></span> <span class='ocrx_word' id='word_1_397' title='bbox 3485 2190 3580 2248; x_wconf 89' lang='lat' dir='ltr'><strong>illo</strong></span> 
     </span>
    </p>
   </div>
   <div class='ocr_carea' id='block_1_50' title="bbox 1996 2271 3575 2354">
    <p class='ocr_par' dir='ltr' id='par_1_50' title="bbox 1996 2271 3575 2354">
     <span class='ocr_line' id='line_1_50' title="bbox 1996 2271 3575 2354; baseline 0.005 -23"><span class='ocrx_word' id='word_1_398' title='bbox 1996 2279 2229 2334; x_wconf 91' lang='lat' dir='ltr'><strong>termino</strong></span> <span class='ocrx_word' id='word_1_399' title='bbox 2255 2295 2362 2349; x_wconf 91' lang='lat' dir='ltr'><strong>quo</strong></span> <span class='ocrx_word' id='word_1_400' title='bbox 2380 2281 2516 2336; x_wconf 93' lang='lat' dir='ltr'><strong>mori</strong></span> <span class='ocrx_word' id='word_1_401' title='bbox 2545 2281 2661 2348; x_wconf 89' lang='lat' dir='ltr'><strong>ipse</strong></span> <span class='ocrx_word' id='word_1_402' title='bbox 2687 2283 3020 2338; x_wconf 91' lang='lat' dir='ltr'><strong>merebatur.</strong></span> <span class='ocrx_word' id='word_1_403' title='bbox 3043 2281 3178 2337; x_wconf 87' lang='lat' dir='ltr'><strong>Nam</strong></span> <span class='ocrx_word' id='word_1_404' title='bbox 3199 2271 3378 2338; x_wconf 82' lang='lat' dir='ltr'><strong>divina</strong></span> <span class='ocrx_word' id='word_1_405' title='bbox 3401 2283 3575 2354; x_wconf 89' lang='lat' dir='ltr'><strong>dispo-</strong></span> 
     </span>
    </p>
   </div>
   <div class='ocr_carea' id='block_1_51' title="bbox 1997 2369 3580 2444">
    <p class='ocr_par' dir='ltr' id='par_1_51' title="bbox 1997 2369 3580 2444">
     <span class='ocr_line' id='line_1_51' title="bbox 1997 2369 3580 2444; baseline 0.003 -18"><span class='ocrx_word' id='word_1_406' title='bbox 1997 2370 2122 2426; x_wconf 86' lang='lat' dir='ltr'><strong>sitio</strong></span> <span class='ocrx_word' id='word_1_407' title='bbox 2149 2369 2266 2442; x_wconf 89' lang='lat' dir='ltr'><strong>ejus</strong></span> <span class='ocrx_word' id='word_1_408' title='bbox 2293 2378 2505 2442; x_wconf 91' lang='lat' dir='ltr'><strong>tempus</strong></span> <span class='ocrx_word' id='word_1_409' title='bbox 2533 2380 2661 2427; x_wconf 93' lang='lat' dir='ltr'><strong>tunc</strong></span> <span class='ocrx_word' id='word_1_410' title='bbox 2693 2372 2950 2443; x_wconf 73' lang='lat' dir='ltr'><strong>prtesciit,</strong></span> <span class='ocrx_word' id='word_1_411' title='bbox 2982 2373 3128 2444; x_wconf 92' lang='lat' dir='ltr'><strong>quod</strong></span> <span class='ocrx_word' id='word_1_412' title='bbox 3165 2375 3310 2429; x_wconf 90' lang='lat' dir='ltr'><strong>hunc</strong></span> <span class='ocrx_word' id='word_1_413' title='bbox 3333 2382 3580 2444; x_wconf 87' lang='lat' dir='ltr'><strong>postmo-</strong></span> 
     </span>
    </p>
   </div>
   <div class='ocr_carea' id='block_1_52' title="bbox 1995 2461 3576 2538">
    <p class='ocr_par' dir='ltr' id='par_1_52' title="bbox 1995 2461 3576 2538">
     <span class='ocr_line' id='line_1_52' title="bbox 1995 2461 3576 2538; baseline 0.002 -20"><span class='ocrx_word' id='word_1_414' title='bbox 1995 2461 2122 2518; x_wconf 90' lang='lat' dir='ltr'><strong>dum</strong></span> <span class='ocrx_word' id='word_1_415' title='bbox 2153 2476 2220 2518; x_wconf 89' lang='lat' dir='ltr'><strong>ex</strong></span> <span class='ocrx_word' id='word_1_416' title='bbox 2261 2463 2515 2533; x_wconf 79' lang='lat' dir='ltr'><strong>praesenti</strong></span> <span class='ocrx_word' id='word_1_417' title='bbox 2543 2462 2658 2519; x_wconf 87' lang='lat' dir='ltr'><strong>vita</strong></span> <span class='ocrx_word' id='word_1_418' title='bbox 2687 2465 2977 2520; x_wconf 81' lang='lat' dir='ltr'><strong>subtraxit.</strong></span> <span class='ocrx_word' id='word_1_419' title='bbox 3016 2465 3151 2521; x_wconf 91' lang='lat' dir='ltr'><strong>Cum</strong></span> <span class='ocrx_word' id='word_1_420' title='bbox 3202 2481 3332 2538; x_wconf 88' lang='lat' dir='ltr'><strong>ergo</strong></span> <span class='ocrx_word' id='word_1_421' title='bbox 3381 2467 3455 2521; x_wconf 90' lang='lat' dir='ltr'><strong>ita</strong></span> <span class='ocrx_word' id='word_1_422' title='bbox 3486 2467 3576 2530; x_wconf 90' lang='lat' dir='ltr'><strong>sit,</strong></span> 
     </span>
    </p>
   </div>
   <div class='ocr_carea' id='block_1_53' title="bbox 1995 2556 3580 2630">
    <p class='ocr_par' dir='ltr' id='par_1_53' title="bbox 1995 2556 3580 2630">
     <span class='ocr_line' id='line_1_53' title="bbox 1995 2556 3580 2630; baseline 0.003 -19"><span class='ocrx_word' id='word_1_423' title='bbox 1995 2556 2125 2626; x_wconf 88' lang='lat' dir='ltr'><strong>quid</strong></span> <span class='ocrx_word' id='word_1_424' title='bbox 2151 2565 2234 2612; x_wconf 93' lang='lat' dir='ltr'><strong>est</strong></span> <span class='ocrx_word' id='word_1_425' title='bbox 2258 2557 2402 2630; x_wconf 89' lang='lat' dir='ltr'><strong>quod</strong></span> <span class='ocrx_word' id='word_1_426' title='bbox 2431 2558 2652 2624; x_wconf 91' lang='lat' dir='ltr'><strong>dicitur,</strong></span> <span class='ocrx_word' id='word_1_427' title='bbox 2681 2577 2700 2612; x_wconf 78' lang='grc' dir='ltr'><strong>ι</strong></span> <span class='ocrx_word' id='word_1_428' title='bbox 2733 2559 2858 2629; x_wconf 89' lang='lat' dir='ltr'><strong>quia</strong></span> <span class='ocrx_word' id='word_1_429' title='bbox 2892 2560 3062 2630; x_wconf 88' lang='lat' dir='ltr'><strong>iniqui</strong></span> <span class='ocrx_word' id='word_1_430' title='bbox 3085 2560 3278 2617; x_wconf 87' lang='lat' dir='ltr'><strong>sublati</strong></span> <span class='ocrx_word' id='word_1_431' title='bbox 3303 2569 3432 2616; x_wconf 90' lang='lat' dir='ltr'><strong>sunt</strong></span> <span class='ocrx_word' id='word_1_432' title='bbox 3451 2568 3580 2616; x_wconf 84' lang='lat' dir='ltr'><strong>ante</strong></span> 
     </span>
    </p>
   </div>
   <div class='ocr_carea' id='block_1_54' title="bbox 1994 2649 3577 2724">
    <p class='ocr_par' dir='ltr' id='par_1_54' title="bbox 1994 2649 3577 2724">
     <span class='ocr_line' id='line_1_54' title="bbox 1994 2649 3577 2724; baseline 0.004 -21"><span class='ocrx_word' id='word_1_433' title='bbox 1994 2657 2208 2720; x_wconf 88' lang='lat' dir='ltr'><strong>tempus</strong></span> <span class='ocrx_word' id='word_1_434' title='bbox 2262 2650 2458 2704; x_wconf 81' lang='lat' dir='ltr'><strong>suum?</strong></span> <span class='ocrx_word' id='word_1_435' title='bbox 2491 2669 2510 2702; x_wconf 77' lang='grc' dir='ltr'><strong>ι</strong></span> <span class='ocrx_word' id='word_1_436' title='bbox 2541 2649 2654 2706; x_wconf 88' lang='lat' dir='ltr'><strong>Nisi</strong></span> <span class='ocrx_word' id='word_1_437' title='bbox 2680 2653 2824 2722; x_wconf 92' lang='lat' dir='ltr'><strong>quod</strong></span> <span class='ocrx_word' id='word_1_438' title='bbox 2865 2667 3054 2708; x_wconf 86' lang='lat' dir='ltr'><strong>omnes</strong></span> <span class='ocrx_word' id='word_1_439' title='bbox 3107 2654 3199 2724; x_wconf 92' lang='lat' dir='ltr'><strong>qui</strong></span> <span class='ocrx_word' id='word_1_440' title='bbox 3254 2662 3577 2724; x_wconf 68' lang='lat' dir='ltr'><strong>praesentem</strong></span> 
     </span>
    </p>
   </div>
   <div class='ocr_carea' id='block_1_55' title="bbox 1994 2741 3582 2815">
    <p class='ocr_par' dir='ltr' id='par_1_55' title="bbox 1994 2741 3582 2815">
     <span class='ocr_line' id='line_1_55' title="bbox 1994 2741 3582 2815; baseline 0.003 -20"><span class='ocrx_word' id='word_1_441' title='bbox 1994 2741 2162 2796; x_wconf 90' lang='lat' dir='ltr'><strong>vitam</strong></span> <span class='ocrx_word' id='word_1_442' title='bbox 2185 2741 2434 2814; x_wconf 89' lang='lat' dir='ltr'><strong>diligunt,</strong></span> <span class='ocrx_word' id='word_1_443' title='bbox 2456 2743 2699 2813; x_wconf 89' lang='lat' dir='ltr'><strong>longiora</strong></span> <span class='ocrx_word' id='word_1_444' title='bbox 2726 2744 2827 2798; x_wconf 89' lang='lat' dir='ltr'><strong>sibi</strong></span> <span class='ocrx_word' id='word_1_445' title='bbox 2851 2743 3089 2812; x_wconf 85' lang='lat' dir='ltr'><strong>ejusdem</strong></span> <span class='ocrx_word' id='word_1_446' title='bbox 3110 2745 3236 2800; x_wconf 75' lang='lat' dir='ltr'><strong>vitae</strong></span> <span class='ocrx_word' id='word_1_447' title='bbox 3258 2745 3432 2815; x_wconf 88' lang='lat' dir='ltr'><strong>spatia</strong></span> <span class='ocrx_word' id='word_1_448' title='bbox 3453 2759 3582 2815; x_wconf 91' lang='lat' dir='ltr'><strong>pro-</strong></span> 
     </span>
    </p>
   </div>
   <div class='ocr_carea' id='block_1_56' title="bbox 1995 2830 3578 2906">
    <p class='ocr_par' dir='ltr' id='par_1_56' title="bbox 1995 2830 3578 2906">
     <span class='ocr_line' id='line_1_56' title="bbox 1995 2830 3578 2906; baseline 0.003 -20"><span class='ocrx_word' id='word_1_449' title='bbox 1995 2832 2237 2887; x_wconf 88' lang='lat' dir='ltr'><strong>mittunt.</strong></span> <span class='ocrx_word' id='word_1_450' title='bbox 2265 2830 2370 2886; x_wconf 89' lang='lat' dir='ltr'><strong>Sed</strong></span> <span class='ocrx_word' id='word_1_451' title='bbox 2399 2847 2523 2887; x_wconf 93' lang='lat' dir='ltr'><strong>cum</strong></span> <span class='ocrx_word' id='word_1_452' title='bbox 2557 2847 2653 2887; x_wconf 92' lang='lat' dir='ltr'><strong>eos</strong></span> <span class='ocrx_word' id='word_1_453' title='bbox 2677 2847 2824 2887; x_wconf 82' lang='lat' dir='ltr'><strong>mors</strong></span> <span class='ocrx_word' id='word_1_454' title='bbox 2851 2833 3238 2903; x_wconf 90' lang='lat' dir='ltr'><strong>superveniens</strong></span> <span class='ocrx_word' id='word_1_455' title='bbox 3262 2849 3292 2888; x_wconf 88' lang='lat' dir='ltr'><strong>a</strong></span> <span class='ocrx_word' id='word_1_456' title='bbox 3320 2836 3578 2906; x_wconf 71' lang='lat' dir='ltr'><strong>praesenti</strong></span> 
     </span>
    </p>
   </div>
   <div class='ocr_carea' id='block_1_57' title="bbox 1993 2923 3580 2998">
    <p class='ocr_par' dir='ltr' id='par_1_57' title="bbox 1993 2923 3580 2998">
     <span class='ocr_line' id='line_1_57' title="bbox 1993 2923 3580 2998; baseline 0.003 -20"><span class='ocrx_word' id='word_1_457' title='bbox 1993 2923 2106 2978; x_wconf 90' lang='lat' dir='ltr'><strong>vita</strong></span> <span class='ocrx_word' id='word_1_458' title='bbox 2133 2923 2424 2988; x_wconf 87' lang='lat' dir='ltr'><strong>subtrahit,</strong></span> <span class='ocrx_word' id='word_1_459' title='bbox 2452 2938 2639 2979; x_wconf 90' lang='lat' dir='ltr'><strong>eorum</strong></span> <span class='ocrx_word' id='word_1_460' title='bbox 2665 2925 2791 2979; x_wconf 60' lang='lat' dir='ltr'><strong>vitae</strong></span> <span class='ocrx_word' id='word_1_461' title='bbox 2833 2925 3026 2996; x_wconf 80' lang='lat' dir='ltr'><strong>spatia,</strong></span> <span class='ocrx_word' id='word_1_462' title='bbox 3051 2941 3172 2996; x_wconf 77' lang='lat' dir='ltr'><strong>quae</strong></span> <span class='ocrx_word' id='word_1_463' title='bbox 3201 2927 3304 2982; x_wconf 93' lang='lat' dir='ltr'><strong>sibi</strong></span> <span class='ocrx_word' id='word_1_464' title='bbox 3331 2927 3580 2998; x_wconf 84' lang='lat' dir='ltr'><strong>longiora</strong></span> 
     </span>
    </p>
   </div>
   <div class='ocr_carea' id='block_1_58' title="bbox 1995 3013 3584 3083">
    <p class='ocr_par' dir='ltr' id='par_1_58' title="bbox 1995 3013 3584 3083">
     <span class='ocr_line' id='line_1_58' title="bbox 1995 3013 3584 3083; baseline 0.002 -15"><span class='ocrx_word' id='word_1_465' title='bbox 1995 3014 2151 3083; x_wconf 89' lang='lat' dir='ltr'><strong>quasi</strong></span> <span class='ocrx_word' id='word_1_466' title='bbox 2178 3013 2234 3067; x_wconf 92' lang='lat' dir='ltr'><strong>in</strong></span> <span class='ocrx_word' id='word_1_467' title='bbox 2263 3013 2587 3083; x_wconf 83' lang='lat' dir='ltr'><strong>cogitatione</strong></span> <span class='ocrx_word' id='word_1_468' title='bbox 2619 3014 2836 3070; x_wconf 91' lang='lat' dir='ltr'><strong>tendere</strong></span> <span class='ocrx_word' id='word_1_469' title='bbox 2887 3024 3303 3082; x_wconf 86' lang='lat' dir='ltr'><strong>consueverant,</strong></span> <span class='ocrx_word' id='word_1_470' title='bbox 3357 3016 3584 3073; x_wconf 89' lang='lat' dir='ltr'><strong>interci-</strong></span> 
     </span>
    </p>
   </div>
   <div class='ocr_carea' id='block_1_59' title="bbox 1996 3101 3582 3179">
    <p class='ocr_par' dir='ltr' id='par_1_59' title="bbox 1996 3101 3582 3179">
     <span class='ocr_line' id='line_1_59' title="bbox 1996 3101 3582 3179; baseline 0.003 -22"><span class='ocrx_word' id='word_1_471' title='bbox 1996 3103 2094 3157; x_wconf 90' lang='lat' dir='ltr'><strong>dit.</strong></span> <span class='ocrx_word' id='word_1_472' title='bbox 2134 3101 2266 3156; x_wconf 92' lang='lat' dir='ltr'><strong>Item</strong></span> <span class='ocrx_word' id='word_1_473' title='bbox 2298 3102 2352 3156; x_wconf 95' lang='lat' dir='ltr'><strong>in</strong></span> <span class='ocrx_word' id='word_1_474' title='bbox 2397 3104 2586 3158; x_wconf 91' lang='lat' dir='ltr'><strong>eodem</strong></span> <span class='ocrx_word' id='word_1_475' title='bbox 2630 3101 2768 3158; x_wconf 87' lang='lat' dir='ltr'><strong>libro</strong></span> <span class='ocrx_word' id='word_1_476' title='bbox 2811 3103 2953 3177; x_wconf 84' lang='lat' dir='ltr'><strong>(cap.</strong></span> <span class='ocrx_word' id='word_1_477' title='bbox 2984 3105 3084 3171; x_wconf 78' lang='lat'><strong>37,</strong></span> <span class='ocrx_word' id='word_1_478' title='bbox 3123 3105 3249 3179; x_wconf 81' lang='lat'><strong>58),</strong></span> <span class='ocrx_word' id='word_1_479' title='bbox 3293 3121 3415 3162; x_wconf 94' lang='lat' dir='ltr'><strong>cum</strong></span> <span class='ocrx_word' id='word_1_480' title='bbox 3473 3115 3582 3162; x_wconf 89' lang='lat' dir='ltr'><strong>tra-</strong></span> 
     </span>
    </p>
   </div>
   <div class='ocr_carea' id='block_1_60' title="bbox 293 3179 3585 3266">
    <p class='ocr_par' dir='ltr' id='par_1_60' title="bbox 293 3179 3585 3266">
     <span class='ocr_line' id='line_1_60' title="bbox 293 3179 3585 3266; baseline 0.003 -18"><span class='ocrx_word' id='word_1_481' title='bbox 293 3207 617 3248; x_wconf 88' lang='lat' dir='ltr'><strong>mensuram</strong></span> <span class='ocrx_word' id='word_1_482' title='bbox 647 3207 768 3248; x_wconf 90' lang='lat' dir='ltr'><strong>esse</strong></span> <span class='ocrx_word' id='word_1_483' title='bbox 817 3193 1197 3249; x_wconf 91' lang='lat' dir='ltr'><strong>demonstrat:</strong></span> <span class='ocrx_word' id='word_1_484' title='bbox 1227 3203 1289 3250; x_wconf 90' lang='lat' dir='ltr'><strong>ut</strong></span> <span class='ocrx_word' id='word_1_485' title='bbox 1334 3195 1585 3251; x_wconf 85' lang='lat' dir='ltr'><strong>universa</strong></span> <span class='ocrx_word' id='word_1_486' title='bbox 1630 3212 1750 3266; x_wconf 81' lang='lat' dir='ltr'><strong>quae</strong></span> <span class='ocrx_word' id='word_1_487' title='bbox 1780 3197 1894 3254; x_wconf 89' lang='lat' dir='ltr'><strong>sive</strong></span> <span class='ocrx_word' id='word_1_488' title='bbox 1921 3179 1969 3243; x_wconf 82' lang='lat' dir='ltr'><strong><em>C</em></strong></span> <span class='ocrx_word' id='word_1_489' title='bbox 1998 3203 2173 3250; x_wconf 88' lang='lat' dir='ltr'><strong>ctaret</strong></span> <span class='ocrx_word' id='word_1_490' title='bbox 2215 3195 2538 3251; x_wconf 87' lang='lat' dir='ltr'><strong>sententiam</strong></span> <span class='ocrx_word' id='word_1_491' title='bbox 2581 3195 2724 3252; x_wconf 87' lang='lat' dir='ltr'><strong>beati</strong></span> <span class='ocrx_word' id='word_1_492' title='bbox 2776 3195 2878 3253; x_wconf 80' lang='lat' dir='ltr'><strong>Job</strong></span> <span class='ocrx_word' id='word_1_493' title='bbox 2931 3197 3162 3255; x_wconf 87' lang='lat' dir='ltr'><strong>dicentis</strong></span> <span class='ocrx_word' id='word_1_494' title='bbox 3197 3216 3212 3255; x_wconf 88' lang='lat'><strong>:</strong></span> <span class='ocrx_word' id='word_1_495' title='bbox 3250 3219 3270 3252; x_wconf 74' lang='grc' dir='ltr'><strong>ι</strong></span> <span class='ocrx_word' id='word_1_496' title='bbox 3309 3201 3378 3256; x_wconf 86' lang='grc' dir='ltr'>Ει</span> <span class='ocrx_word' id='word_1_497' title='bbox 3423 3216 3585 3258; x_wconf 90' lang='lat' dir='ltr'><strong>nemo</strong></span> 
     </span>
    </p>
   </div>
   <div class='ocr_carea' id='block_1_61' title="bbox 295 3283 1896 3358">
    <p class='ocr_par' dir='ltr' id='par_1_61' title="bbox 295 3283 1896 3358">
     <span class='ocr_line' id='line_1_61' title="bbox 295 3283 1896 3358; baseline 0.002 -20"><span class='ocrx_word' id='word_1_498' title='bbox 295 3283 600 3338; x_wconf 75' lang='lat' dir='ltr'><strong>secundum</strong></span> <span class='ocrx_word' id='word_1_499' title='bbox 629 3297 848 3352; x_wconf 90' lang='lat' dir='ltr'><strong>corpus,</strong></span> <span class='ocrx_word' id='word_1_500' title='bbox 880 3284 994 3339; x_wconf 89' lang='lat' dir='ltr'><strong>sive</strong></span> <span class='ocrx_word' id='word_1_501' title='bbox 1042 3286 1336 3340; x_wconf 90' lang='lat' dir='ltr'><strong>secundum</strong></span> <span class='ocrx_word' id='word_1_502' title='bbox 1377 3287 1612 3341; x_wconf 93' lang='lat' dir='ltr'><strong>animam</strong></span> <span class='ocrx_word' id='word_1_503' title='bbox 1643 3294 1896 3358; x_wconf 90' lang='lat' dir='ltr'><strong>aguntur,</strong></span> 
     </span>
    </p>
   </div>
   <div class='ocr_carea' id='block_1_62' title="bbox 298 3374 1902 3447">
    <p class='ocr_par' dir='ltr' id='par_1_62' title="bbox 298 3374 1902 3447">
     <span class='ocr_line' id='line_1_62' title="bbox 298 3374 1902 3447; baseline 0.004 -19"><span class='ocrx_word' id='word_1_504' title='bbox 298 3374 500 3430; x_wconf 73' lang='lat' dir='ltr'><strong>divina:</strong></span> <span class='ocrx_word' id='word_1_505' title='bbox 555 3375 944 3430; x_wconf 89' lang='lat' dir='ltr'><strong>moderationis</strong></span> <span class='ocrx_word' id='word_1_506' title='bbox 983 3377 1280 3432; x_wconf 90' lang='lat' dir='ltr'><strong>constituta</strong></span> <span class='ocrx_word' id='word_1_507' title='bbox 1339 3392 1680 3447; x_wconf 91' lang='lat' dir='ltr'><strong>nequaquam</strong></span> <span class='ocrx_word' id='word_1_508' title='bbox 1721 3387 1902 3434; x_wconf 82' lang='lat' dir='ltr'><strong>trans-</strong></span> 
     </span>
    </p>
   </div>
   <div class='ocr_carea' id='block_1_63' title="bbox 298 3466 1894 3541">
    <p class='ocr_par' dir='ltr' id='par_1_63' title="bbox 298 3466 1894 3541">
     <span class='ocr_line' id='line_1_63' title="bbox 298 3466 1894 3541; baseline 0.001 -19"><span class='ocrx_word' id='word_1_509' title='bbox 298 3468 450 3539; x_wconf 86' lang='lat' dir='ltr'><strong>gredi</strong></span> <span class='ocrx_word' id='word_1_510' title='bbox 473 3466 918 3538; x_wconf 89' lang='lat' dir='ltr'><strong>comprobentur.</strong></span> <span class='ocrx_word' id='word_1_511' title='bbox 947 3467 1082 3524; x_wconf 90' lang='lat' dir='ltr'><strong>Item</strong></span> <span class='ocrx_word' id='word_1_512' title='bbox 1119 3469 1171 3524; x_wconf 93' lang='lat' dir='ltr'><strong>in</strong></span> <span class='ocrx_word' id='word_1_513' title='bbox 1211 3469 1402 3525; x_wconf 88' lang='lat' dir='ltr'><strong>eodem</strong></span> <span class='ocrx_word' id='word_1_514' title='bbox 1431 3469 1574 3524; x_wconf 91' lang='lat' dir='ltr'><strong>libro</strong></span> <span class='ocrx_word' id='word_1_515' title='bbox 1618 3470 1756 3541; x_wconf 87' lang='lat' dir='ltr'><strong>(cap.</strong></span> <span class='ocrx_word' id='word_1_516' title='bbox 1785 3470 1894 3541; x_wconf 75' lang='grc'>52).</span> 
     </span>
    </p>
   </div>
   <div class='ocr_carea' id='block_1_64' title="bbox 299 3557 1902 3630">
    <p class='ocr_par' dir='ltr' id='par_1_64' title="bbox 299 3557 1902 3630">
     <span class='ocr_line' id='line_1_64' title="bbox 299 3557 1902 3630; baseline 0.001 -16"><span class='ocrx_word' id='word_1_517' title='bbox 299 3557 522 3615; x_wconf 71' lang='grc' dir='ltr'><strong>Ριτεῧιί</strong></span> <span class='ocrx_word' id='word_1_518' title='bbox 554 3558 672 3614; x_wconf 82' lang='lat' dir='ltr'><strong>dies</strong></span> <span class='ocrx_word' id='word_1_519' title='bbox 700 3559 927 3630; x_wconf 86' lang='lat' dir='ltr'><strong>singulis</strong></span> <span class='ocrx_word' id='word_1_520' title='bbox 947 3561 1014 3616; x_wconf 91' lang='lat' dir='ltr'><strong>ab</strong></span> <span class='ocrx_word' id='word_1_521' title='bbox 1036 3561 1245 3616; x_wconf 89' lang='lat' dir='ltr'><strong>interna</strong></span> <span class='ocrx_word' id='word_1_522' title='bbox 1276 3561 1368 3616; x_wconf 89' lang='lat' dir='ltr'><strong>Dei</strong></span> <span class='ocrx_word' id='word_1_523' title='bbox 1399 3562 1762 3630; x_wconf 69' lang='lat' dir='ltr'><strong>praescientia,</strong></span> <span class='ocrx_word' id='word_1_524' title='bbox 1802 3576 1902 3616; x_wconf 90' lang='lat' dir='ltr'><strong>nec</strong></span> 
     </span>
    </p>
   </div>
   <div class='ocr_carea' id='block_1_65' title="bbox 303 3652 1902 3726">
    <p class='ocr_par' dir='ltr' id='par_1_65' title="bbox 303 3652 1902 3726">
     <span class='ocr_line' id='line_1_65' title="bbox 303 3652 1902 3726; baseline 0.003 -20"><span class='ocrx_word' id='word_1_525' title='bbox 303 3652 490 3724; x_wconf 83' lang='lat' dir='ltr'><strong>augeri</strong></span> <span class='ocrx_word' id='word_1_526' title='bbox 523 3660 753 3722; x_wconf 86' lang='lat' dir='ltr'><strong>possunt</strong></span> <span class='ocrx_word' id='word_1_527' title='bbox 781 3667 880 3708; x_wconf 89' lang='lat' dir='ltr'><strong>nec</strong></span> <span class='ocrx_word' id='word_1_528' title='bbox 906 3653 1100 3717; x_wconf 87' lang='lat' dir='ltr'><strong>minui,</strong></span> <span class='ocrx_word' id='word_1_529' title='bbox 1125 3654 1228 3709; x_wconf 87' lang='lat' dir='ltr'><strong>nisi</strong></span> <span class='ocrx_word' id='word_1_530' title='bbox 1260 3655 1539 3726; x_wconf 87' lang='lat' dir='ltr'><strong>contingat</strong></span> <span class='ocrx_word' id='word_1_531' title='bbox 1573 3664 1632 3710; x_wconf 89' lang='lat' dir='ltr'><strong>ut</strong></span> <span class='ocrx_word' id='word_1_532' title='bbox 1668 3655 1742 3710; x_wconf 92' lang='lat' dir='ltr'><strong>ita</strong></span> <span class='ocrx_word' id='word_1_533' title='bbox 1770 3670 1902 3725; x_wconf 60' lang='lat' dir='ltr'><strong>prae-</strong></span> 
     </span>
    </p>
   </div>
   <div class='ocr_carea' id='block_1_66' title="bbox 301 3748 1900 3820">
    <p class='ocr_par' dir='ltr' id='par_1_66' title="bbox 301 3748 1900 3820">
     <span class='ocr_line' id='line_1_66' title="bbox 301 3748 1900 3820; baseline -0.001 -16"><span class='ocrx_word' id='word_1_534' title='bbox 301 3748 570 3813; x_wconf 79' lang='lat' dir='ltr'><strong>sciantur,</strong></span> <span class='ocrx_word' id='word_1_535' title='bbox 597 3757 656 3803; x_wconf 93' lang='lat' dir='ltr'><strong>ut</strong></span> <span class='ocrx_word' id='word_1_536' title='bbox 679 3756 775 3803; x_wconf 89' lang='lat' dir='ltr'><strong>aut</strong></span> <span class='ocrx_word' id='word_1_537' title='bbox 802 3764 925 3804; x_wconf 89' lang='lat' dir='ltr'><strong>cum</strong></span> <span class='ocrx_word' id='word_1_538' title='bbox 951 3749 1172 3819; x_wconf 86' lang='lat' dir='ltr'><strong>optimis</strong></span> <span class='ocrx_word' id='word_1_539' title='bbox 1193 3749 1450 3817; x_wconf 90' lang='lat' dir='ltr'><strong>operibus</strong></span> <span class='ocrx_word' id='word_1_540' title='bbox 1471 3749 1745 3820; x_wconf 89' lang='lat' dir='ltr'><strong>longiores</strong></span> <span class='ocrx_word' id='word_1_541' title='bbox 1769 3749 1900 3814; x_wconf 91' lang='lat' dir='ltr'><strong>sint,</strong></span> 
     </span>
    </p>
   </div>
   <div class='ocr_carea' id='block_1_67' title="bbox 303 3839 1904 3912">
    <p class='ocr_par' dir='ltr' id='par_1_67' title="bbox 303 3839 1904 3912">
     <span class='ocr_line' id='line_1_67' title="bbox 303 3839 1904 3912; baseline 0.002 -18"><span class='ocrx_word' id='word_1_542' title='bbox 303 3848 545 3895; x_wconf 88' lang='lat' dir='ltr'><strong>autcum</strong></span> <span class='ocrx_word' id='word_1_543' title='bbox 576 3841 828 3912; x_wconf 88' lang='lat' dir='ltr'><strong>pessimis</strong></span> <span class='ocrx_word' id='word_1_544' title='bbox 849 3841 1144 3897; x_wconf 87' lang='lat' dir='ltr'><strong>breviores.</strong></span> <span class='ocrx_word' id='word_1_545' title='bbox 1170 3839 1323 3896; x_wconf 89' lang='lat' dir='ltr'><strong>Sicut</strong></span> <span class='ocrx_word' id='word_1_546' title='bbox 1351 3841 1614 3897; x_wconf 85' lang='lat' dir='ltr'><strong>Ezechias</strong></span> <span class='ocrx_word' id='word_1_547' title='bbox 1643 3857 1904 3912; x_wconf 88' lang='lat' dir='ltr'><strong>augmen-</strong></span> 
     </span>
    </p>
   </div>
   <div class='ocr_carea' id='block_1_68' title="bbox 305 3927 1900 4004">
    <p class='ocr_par' dir='ltr' id='par_1_68' title="bbox 305 3927 1900 4004">
     <span class='ocr_line' id='line_1_68' title="bbox 305 3927 1900 4004; baseline 0 -18"><span class='ocrx_word' id='word_1_548' title='bbox 305 3941 422 3986; x_wconf 86' lang='lat' dir='ltr'><strong>tum</strong></span> <span class='ocrx_word' id='word_1_549' title='bbox 443 3931 655 3986; x_wconf 90' lang='lat' dir='ltr'><strong>dierum</strong></span> <span class='ocrx_word' id='word_1_550' title='bbox 681 3931 880 3987; x_wconf 90' lang='lat' dir='ltr'><strong>meruit</strong></span> <span class='ocrx_word' id='word_1_551' title='bbox 898 3931 1231 4002; x_wconf 90' lang='lat' dir='ltr'><strong>impensione</strong></span> <span class='ocrx_word' id='word_1_552' title='bbox 1255 3927 1619 4004; x_wconf 86' lang='lat' dir='ltr'><strong>lacrymarum</strong></span> <span class='ocrx_word' id='word_1_553' title='bbox 1643 3931 1692 4002; x_wconf 88' lang='grc' dir='ltr'><strong>(Ι</strong></span> <span class='ocrx_word' id='word_1_554' title='bbox 1711 3931 1751 3984; x_wconf 86' lang='grc' dir='ltr'><strong><em>γ</em></strong></span> <span class='ocrx_word' id='word_1_555' title='bbox 1771 3931 1900 4004; x_wconf 88' lang='lat' dir='ltr'><strong>Reg.</strong></span> 
     </span>
    </p>
   </div>
   <div class='ocr_carea' id='block_1_69' title="bbox 303 4021 1904 4093">
    <p class='ocr_par' dir='ltr' id='par_1_69' title="bbox 303 4021 1904 4093">
     <span class='ocr_line' id='line_1_69' title="bbox 303 4021 1904 4093; baseline 0.001 -17"><span class='ocrx_word' id='word_1_556' title='bbox 303 4037 398 4088; x_wconf 84' lang='lat' dir='ltr'><strong>xx,</strong></span> <span class='ocrx_word' id='word_1_557' title='bbox 428 4021 522 4093; x_wconf 85' lang='lat'><strong>6);</strong></span> <span class='ocrx_word' id='word_1_558' title='bbox 552 4030 610 4076; x_wconf 90' lang='lat' dir='ltr'><strong>et</strong></span> <span class='ocrx_word' id='word_1_559' title='bbox 631 4021 772 4077; x_wconf 90' lang='lat' dir='ltr'><strong>sicut</strong></span> <span class='ocrx_word' id='word_1_560' title='bbox 803 4025 868 4078; x_wconf 89' lang='lat' dir='ltr'><strong>de</strong></span> <span class='ocrx_word' id='word_1_561' title='bbox 893 4023 1164 4092; x_wconf 90' lang='lat' dir='ltr'><strong>perversis</strong></span> <span class='ocrx_word' id='word_1_562' title='bbox 1187 4023 1448 4093; x_wconf 89' lang='lat' dir='ltr'><strong>scriptum</strong></span> <span class='ocrx_word' id='word_1_563' title='bbox 1468 4031 1553 4078; x_wconf 89' lang='lat' dir='ltr'><strong>est</strong></span> <span class='ocrx_word' id='word_1_564' title='bbox 1586 4041 1598 4077; x_wconf 92' lang='lat'>:</span> <span class='ocrx_word' id='word_1_565' title='bbox 1631 4041 1650 4074; x_wconf 76' lang='grc' dir='ltr'><strong>ι</strong></span> <span class='ocrx_word' id='word_1_566' title='bbox 1683 4023 1904 4078; x_wconf 89' lang='lat' dir='ltr'><strong>lndisci-</strong></span> 
     </span>
    </p>
   </div>
   <div class='ocr_carea' id='block_1_70' title="bbox 301 4113 1895 4188">
    <p class='ocr_par' dir='ltr' id='par_1_70' title="bbox 301 4113 1895 4188">
     <span class='ocr_line' id='line_1_70' title="bbox 301 4113 1895 4188; baseline 0 -18"><span class='ocrx_word' id='word_1_567' title='bbox 301 4116 529 4188; x_wconf 85' lang='lat' dir='ltr'><strong>plinatis</strong></span> <span class='ocrx_word' id='word_1_568' title='bbox 551 4116 740 4172; x_wconf 87' lang='lat' dir='ltr'><strong>obviat</strong></span> <span class='ocrx_word' id='word_1_569' title='bbox 766 4131 914 4172; x_wconf 88' lang='lat' dir='ltr'><strong>mors</strong></span> <span class='ocrx_word' id='word_1_570' title='bbox 941 4113 1122 4188; x_wconf 90' lang='lat' dir='ltr'><strong>(Prov.</strong></span> <span class='ocrx_word' id='word_1_571' title='bbox 1151 4132 1304 4182; x_wconf 88' lang='lat' dir='ltr'><strong>xxtx,</strong></span> <span class='ocrx_word' id='word_1_572' title='bbox 1328 4115 1404 4186; x_wconf 85' lang='grc'><strong>1).</strong></span> <span class='ocrx_word' id='word_1_573' title='bbox 1439 4135 1457 4167; x_wconf 76' lang='grc' dir='ltr'><strong>ι</strong></span> <span class='ocrx_word' id='word_1_574' title='bbox 1486 4115 1593 4172; x_wconf 89' lang='lat' dir='ltr'><strong>Sed</strong></span> <span class='ocrx_word' id='word_1_575' title='bbox 1622 4132 1766 4187; x_wconf 70' lang='lat' dir='ltr'><strong>saepe</strong></span> <span class='ocrx_word' id='word_1_576' title='bbox 1789 4116 1895 4171; x_wconf 89' lang='lat' dir='ltr'><strong>ini-</strong></span> 
     </span>
    </p>
   </div>
   <div class='ocr_carea' id='block_1_71' title="bbox 307 4207 1902 4280">
    <p class='ocr_par' dir='ltr' id='par_1_71' title="bbox 307 4207 1902 4280">
     <span class='ocr_line' id='line_1_71' title="bbox 307 4207 1902 4280; baseline -0.001 -18"><span class='ocrx_word' id='word_1_577' title='bbox 307 4225 471 4280; x_wconf 90' lang='lat' dir='ltr'><strong>quus,</strong></span> <span class='ocrx_word' id='word_1_578' title='bbox 507 4209 759 4280; x_wconf 81' lang='lat' dir='ltr'><strong>quamvis</strong></span> <span class='ocrx_word' id='word_1_579' title='bbox 783 4209 836 4263; x_wconf 94' lang='lat' dir='ltr'><strong>in</strong></span> <span class='ocrx_word' id='word_1_580' title='bbox 865 4209 1077 4264; x_wconf 91' lang='lat' dir='ltr'><strong>occulta</strong></span> <span class='ocrx_word' id='word_1_581' title='bbox 1106 4208 1202 4263; x_wconf 89' lang='lat' dir='ltr'><strong>Dei</strong></span> <span class='ocrx_word' id='word_1_582' title='bbox 1222 4209 1565 4280; x_wconf 69' lang='lat' dir='ltr'><strong>praescientia</strong></span> <span class='ocrx_word' id='word_1_583' title='bbox 1591 4207 1747 4279; x_wconf 91' lang='lat' dir='ltr'><strong>longa</strong></span> <span class='ocrx_word' id='word_1_584' title='bbox 1775 4208 1902 4262; x_wconf 65' lang='lat' dir='ltr'><strong>vitm</strong></span> 
     </span>
    </p>
   </div>
   <div class='ocr_carea' id='block_1_72' title="bbox 301 4297 1901 4369">
    <p class='ocr_par' dir='ltr' id='par_1_72' title="bbox 301 4297 1901 4369">
     <span class='ocr_line' id='line_1_72' title="bbox 301 4297 1901 4369; baseline 0 -17"><span class='ocrx_word' id='word_1_585' title='bbox 301 4297 424 4368; x_wconf 81' lang='lat' dir='ltr'><strong>ejus</strong></span> <span class='ocrx_word' id='word_1_586' title='bbox 476 4309 724 4369; x_wconf 89' lang='lat' dir='ltr'><strong>tempora</strong></span> <span class='ocrx_word' id='word_1_587' title='bbox 771 4313 879 4354; x_wconf 93' lang='lat' dir='ltr'><strong>non</strong></span> <span class='ocrx_word' id='word_1_588' title='bbox 931 4299 1041 4353; x_wconf 90' lang='lat' dir='ltr'><strong>sint</strong></span> <span class='ocrx_word' id='word_1_589' title='bbox 1083 4299 1464 4368; x_wconf 85' lang='lat' dir='ltr'><strong>praedestinata</strong></span> <span class='ocrx_word' id='word_1_590' title='bbox 1493 4338 1509 4364; x_wconf 95' lang='lat'><strong>,</strong></span> <span class='ocrx_word' id='word_1_591' title='bbox 1556 4298 1671 4369; x_wconf 90' lang='lat' dir='ltr'><strong>ipse</strong></span> <span class='ocrx_word' id='word_1_592' title='bbox 1719 4305 1901 4352; x_wconf 89' lang='lat' dir='ltr'><strong>tamen</strong></span> 
     </span>
    </p>
   </div>
   <div class='ocr_carea' id='block_1_73' title="bbox 301 4389 1901 4463">
    <p class='ocr_par' dir='ltr' id='par_1_73' title="bbox 301 4389 1901 4463">
     <span class='ocr_line' id='line_1_73' title="bbox 301 4389 1901 4463; baseline -0.002 -16"><span class='ocrx_word' id='word_1_593' title='bbox 301 4393 436 4463; x_wconf 87' lang='lat' dir='ltr'><strong>quia</strong></span> <span class='ocrx_word' id='word_1_594' title='bbox 466 4391 759 4448; x_wconf 88' lang='lat' dir='ltr'><strong>carnaliter</strong></span> <span class='ocrx_word' id='word_1_595' title='bbox 795 4391 980 4448; x_wconf 91' lang='lat' dir='ltr'><strong>vivere</strong></span> <span class='ocrx_word' id='word_1_596' title='bbox 1030 4391 1272 4462; x_wconf 88' lang='lat' dir='ltr'><strong>appetit,</strong></span> <span class='ocrx_word' id='word_1_597' title='bbox 1319 4391 1510 4461; x_wconf 87' lang='lat' dir='ltr'><strong>longos</strong></span> <span class='ocrx_word' id='word_1_598' title='bbox 1558 4391 1740 4446; x_wconf 92' lang='lat' dir='ltr'><strong>animo</strong></span> <span class='ocrx_word' id='word_1_599' title='bbox 1785 4389 1901 4445; x_wconf 88' lang='lat' dir='ltr'><strong>dies</strong></span> 
     </span>
    </p>
   </div>
   <div class='ocr_carea' id='block_1_74' title="bbox 297 4483 1898 4556">
    <p class='ocr_par' dir='ltr' id='par_1_74' title="bbox 297 4483 1898 4556">
     <span class='ocr_line' id='line_1_74' title="bbox 297 4483 1898 4556; baseline -0.001 -16"><span class='ocrx_word' id='word_1_600' title='bbox 297 4486 584 4556; x_wconf 89' lang='lat' dir='ltr'><strong>proponit.</strong></span> <span class='ocrx_word' id='word_1_601' title='bbox 638 4484 707 4540; x_wconf 86' lang='lat' dir='ltr'><strong>Et</strong></span> <span class='ocrx_word' id='word_1_602' title='bbox 727 4485 854 4554; x_wconf 89' lang='lat' dir='ltr'><strong>quia</strong></span> <span class='ocrx_word' id='word_1_603' title='bbox 903 4485 972 4540; x_wconf 90' lang='lat' dir='ltr'><strong>ad</strong></span> <span class='ocrx_word' id='word_1_604' title='bbox 1032 4483 1160 4540; x_wconf 88' lang='lat' dir='ltr'><strong>illud</strong></span> <span class='ocrx_word' id='word_1_605' title='bbox 1207 4492 1420 4555; x_wconf 90' lang='lat' dir='ltr'><strong>tempus</strong></span> <span class='ocrx_word' id='word_1_606' title='bbox 1465 4483 1750 4555; x_wconf 86' lang='lat' dir='ltr'><strong>pervenire</strong></span> <span class='ocrx_word' id='word_1_607' title='bbox 1789 4497 1898 4539; x_wconf 91' lang='lat' dir='ltr'><strong>non</strong></span> 
     </span>
    </p>
   </div>
   <div class='ocr_carea' id='block_1_75' title="bbox 299 4575 1897 4646">
    <p class='ocr_par' dir='ltr' id='par_1_75' title="bbox 299 4575 1897 4646">
     <span class='ocr_line' id='line_1_75' title="bbox 299 4575 1897 4646; baseline 0.001 -16"><span class='ocrx_word' id='word_1_608' title='bbox 299 4575 456 4631; x_wconf 85' lang='lat' dir='ltr'><strong>valet</strong></span> <span class='ocrx_word' id='word_1_609' title='bbox 504 4577 648 4646; x_wconf 90' lang='lat' dir='ltr'><strong>quod</strong></span> <span class='ocrx_word' id='word_1_610' title='bbox 700 4583 1002 4646; x_wconf 81' lang='lat' dir='ltr'><strong>exspectat,</strong></span> <span class='ocrx_word' id='word_1_611' title='bbox 1049 4575 1204 4645; x_wconf 90' lang='lat' dir='ltr'><strong>quasi</strong></span> <span class='ocrx_word' id='word_1_612' title='bbox 1247 4584 1540 4645; x_wconf 89' lang='lat' dir='ltr'><strong>antequam</strong></span> <span class='ocrx_word' id='word_1_613' title='bbox 1591 4575 1705 4631; x_wconf 92' lang='lat' dir='ltr'><strong>dies</strong></span> <span class='ocrx_word' id='word_1_614' title='bbox 1753 4575 1897 4632; x_wconf 88' lang='lat' dir='ltr'><strong>illius</strong></span> 
     </span>
    </p>
   </div>
   <div class='ocr_carea' id='block_1_76' title="bbox 303 4669 1897 4740">
    <p class='ocr_par' dir='ltr' id='par_1_76' title="bbox 303 4669 1897 4740">
     <span class='ocr_line' id='line_1_76' title="bbox 303 4669 1897 4740; baseline 0.001 -17"><span class='ocrx_word' id='word_1_615' title='bbox 303 4669 639 4740; x_wconf 87' lang='lat' dir='ltr'><strong>impleantur</strong></span> <span class='ocrx_word' id='word_1_616' title='bbox 659 4669 818 4738; x_wconf 90' lang='lat' dir='ltr'><strong>perit.</strong></span> <span class='ocrx_word' id='word_1_617' title='bbox 853 4669 919 4723; x_wconf 88' lang='lat' dir='ltr'><strong>Et</strong></span> <span class='ocrx_word' id='word_1_618' title='bbox 939 4670 1028 4724; x_wconf 90' lang='lat' dir='ltr'><strong>hic</strong></span> <span class='ocrx_word' id='word_1_619' title='bbox 1049 4670 1177 4724; x_wconf 87' lang='lat' dir='ltr'><strong>dum</strong></span> <span class='ocrx_word' id='word_1_620' title='bbox 1207 4669 1321 4725; x_wconf 91' lang='lat' dir='ltr'><strong>dies</strong></span> <span class='ocrx_word' id='word_1_621' title='bbox 1347 4670 1596 4725; x_wconf 65' lang='lat' dir='ltr'><strong>humanae</strong></span> <span class='ocrx_word' id='word_1_622' title='bbox 1630 4669 1756 4724; x_wconf 63' lang='lat' dir='ltr'><strong>vitae</strong></span> <span class='ocrx_word' id='word_1_623' title='bbox 1802 4669 1897 4725; x_wconf 93' lang='lat' dir='ltr'><strong>do-</strong></span> 
     </span>
    </p>
   </div>
   <div class='ocr_carea' id='block_1_77' title="bbox 302 4760 1899 4832">
    <p class='ocr_par' dir='ltr' id='par_1_77' title="bbox 302 4760 1899 4832">
     <span class='ocr_line' id='line_1_77' title="bbox 302 4760 1899 4832; baseline -0.003 -15"><span class='ocrx_word' id='word_1_624' title='bbox 302 4770 397 4818; x_wconf 87' lang='lat' dir='ltr'><strong>cet</strong></span> <span class='ocrx_word' id='word_1_625' title='bbox 439 4776 509 4816; x_wconf 88' lang='lat' dir='ltr'><strong>ex</strong></span> <span class='ocrx_word' id='word_1_626' title='bbox 559 4760 739 4815; x_wconf 90' lang='lat' dir='ltr'><strong>divina</strong></span> <span class='ocrx_word' id='word_1_627' title='bbox 779 4761 1252 4832; x_wconf 82' lang='lat' dir='ltr'><strong>praedestinatione</strong></span> <span class='ocrx_word' id='word_1_628' title='bbox 1299 4760 1580 4827; x_wconf 84' lang='lat' dir='ltr'><strong>deﬁnitus,</strong></span> <span class='ocrx_word' id='word_1_629' title='bbox 1628 4767 1899 4816; x_wconf 89' lang='lat' dir='ltr'><strong>monstrat</strong></span> 
     </span>
    </p>
   </div>
   <div class='ocr_carea' id='block_1_78' title="bbox 304 4849 1895 4922">
    <p class='ocr_par' dir='ltr' id='par_1_78' title="bbox 304 4849 1895 4922">
     <span class='ocr_line' id='line_1_78' title="bbox 304 4849 1895 4922; baseline -0.001 -18"><span class='ocrx_word' id='word_1_630' title='bbox 304 4861 466 4905; x_wconf 81' lang='lat' dir='ltr'><strong>actus</strong></span> <span class='ocrx_word' id='word_1_631' title='bbox 515 4849 766 4904; x_wconf 66' lang='lat' dir='ltr'><strong>humanae</strong></span> <span class='ocrx_word' id='word_1_632' title='bbox 794 4851 918 4904; x_wconf 68' lang='lat' dir='ltr'><strong>vita:</strong></span> <span class='ocrx_word' id='word_1_633' title='bbox 946 4851 1128 4906; x_wconf 89' lang='lat' dir='ltr'><strong>divina</strong></span> <span class='ocrx_word' id='word_1_634' title='bbox 1166 4851 1569 4922; x_wconf 82' lang='lat' dir='ltr'><strong>dispensatione</strong></span> <span class='ocrx_word' id='word_1_635' title='bbox 1599 4849 1895 4907; x_wconf 88' lang='lat' dir='ltr'><strong>deservire.</strong></span> 
     </span>
    </p>
   </div>
   <div class='ocr_carea' id='block_1_79' title="bbox 302 4938 1898 5014">
    <p class='ocr_par' dir='ltr' id='par_1_79' title="bbox 302 4938 1898 5014">
     <span class='ocr_line' id='line_1_79' title="bbox 302 4938 1898 5014; baseline 0.001 -20"><span class='ocrx_word' id='word_1_636' title='bbox 302 4938 443 4995; x_wconf 81' lang='lat' dir='ltr'><strong>Item</strong></span> <span class='ocrx_word' id='word_1_637' title='bbox 485 4940 543 4994; x_wconf 89' lang='lat' dir='ltr'><strong>in</strong></span> <span class='ocrx_word' id='word_1_638' title='bbox 583 4939 724 4995; x_wconf 91' lang='lat' dir='ltr'><strong>libro</strong></span> <span class='ocrx_word' id='word_1_639' title='bbox 756 4956 848 4996; x_wconf 75' lang='lat' dir='ltr'><strong>xvr</strong></span> <span class='ocrx_word' id='word_1_640' title='bbox 888 4940 1028 5012; x_wconf 88' lang='lat' dir='ltr'><strong>(cap.</strong></span> <span class='ocrx_word' id='word_1_641' title='bbox 1060 4941 1182 5014; x_wconf 74' lang='lat'><strong>10),</strong></span> <span class='ocrx_word' id='word_1_642' title='bbox 1227 4958 1352 4997; x_wconf 90' lang='lat' dir='ltr'><strong>cum</strong></span> <span class='ocrx_word' id='word_1_643' title='bbox 1381 4949 1642 4998; x_wconf 87' lang='lat' dir='ltr'><strong>tractaret</strong></span> <span class='ocrx_word' id='word_1_644' title='bbox 1681 4948 1898 4997; x_wconf 86' lang='lat' dir='ltr'><strong>senten-</strong></span> 
     </span>
    </p>
   </div>
   <div class='ocr_carea' id='block_1_80' title="bbox 307 5031 1898 5102">
    <p class='ocr_par' dir='ltr' id='par_1_80' title="bbox 307 5031 1898 5102">
     <span class='ocr_line' id='line_1_80' title="bbox 307 5031 1898 5102; baseline 0.002 -14"><span class='ocrx_word' id='word_1_645' title='bbox 307 5032 443 5088; x_wconf 83' lang='lat' dir='ltr'><strong>tiam</strong></span> <span class='ocrx_word' id='word_1_646' title='bbox 472 5046 580 5100; x_wconf 86' lang='lat' dir='ltr'><strong>qua</strong></span> <span class='ocrx_word' id='word_1_647' title='bbox 609 5031 676 5086; x_wconf 92' lang='lat' dir='ltr'><strong>de</strong></span> <span class='ocrx_word' id='word_1_648' title='bbox 706 5032 903 5102; x_wconf 90' lang='lat' dir='ltr'><strong>iniquis</strong></span> <span class='ocrx_word' id='word_1_649' title='bbox 928 5033 1161 5088; x_wconf 87' lang='lat' dir='ltr'><strong>dicitur:</strong></span> <span class='ocrx_word' id='word_1_650' title='bbox 1199 5052 1218 5086; x_wconf 74' lang='grc' dir='ltr'><strong>ι</strong></span> <span class='ocrx_word' id='word_1_651' title='bbox 1252 5034 1355 5102; x_wconf 91' lang='lat' dir='ltr'><strong>Qui</strong></span> <span class='ocrx_word' id='word_1_652' title='bbox 1393 5034 1588 5090; x_wconf 89' lang='lat' dir='ltr'><strong>sublati</strong></span> <span class='ocrx_word' id='word_1_653' title='bbox 1609 5044 1738 5090; x_wconf 88' lang='lat' dir='ltr'><strong>sunt</strong></span> <span class='ocrx_word' id='word_1_654' title='bbox 1769 5044 1898 5092; x_wconf 90' lang='lat' dir='ltr'><strong>ante</strong></span> 
     </span>
    </p>
   </div>
   <div class='ocr_carea' id='block_1_81' title="bbox 305 5123 1903 5192">
    <p class='ocr_par' dir='ltr' id='par_1_81' title="bbox 305 5123 1903 5192">
     <span class='ocr_line' id='line_1_81' title="bbox 305 5123 1903 5192; baseline 0.003 -14"><span class='ocrx_word' id='word_1_655' title='bbox 305 5131 530 5192; x_wconf 82' lang='lat' dir='ltr'><strong>tempus</strong></span> <span class='ocrx_word' id='word_1_656' title='bbox 601 5139 794 5189; x_wconf 90' lang='lat' dir='ltr'><strong>suum,</strong></span> <span class='ocrx_word' id='word_1_657' title='bbox 848 5133 903 5179; x_wconf 90' lang='lat' dir='ltr'><strong>et</strong></span> <span class='ocrx_word' id='word_1_658' title='bbox 969 5123 1163 5182; x_wconf 81' lang='lat' dir='ltr'><strong>ﬂuvius</strong></span> <span class='ocrx_word' id='word_1_659' title='bbox 1223 5127 1490 5182; x_wconf 89' lang='lat' dir='ltr'><strong>subvertit</strong></span> <span class='ocrx_word' id='word_1_660' title='bbox 1547 5127 1903 5184; x_wconf 83' lang='lat' dir='ltr'><strong>fundamenta</strong></span> 
     </span>
    </p>
   </div>
   <div class='ocr_carea' id='block_1_82' title="bbox 301 5213 1902 5288">
    <p class='ocr_par' dir='ltr' id='par_1_82' title="bbox 301 5213 1902 5288">
     <span class='ocr_line' id='line_1_82' title="bbox 301 5213 1902 5288; baseline 0.005 -20"><span class='ocrx_word' id='word_1_661' title='bbox 301 5230 503 5268; x_wconf 80' lang='lat' dir='ltr'><strong>eorum</strong></span> <span class='ocrx_word' id='word_1_662' title='bbox 535 5213 658 5285; x_wconf 84' lang='lat' dir='ltr'><strong>(Job</strong></span> <span class='ocrx_word' id='word_1_663' title='bbox 686 5232 800 5272; x_wconf 86' lang='lat' dir='ltr'><strong>xxn</strong></span> <span class='ocrx_word' id='word_1_664' title='bbox 821 5257 836 5281; x_wconf 95' lang='lat'><strong>,</strong></span> <span class='ocrx_word' id='word_1_665' title='bbox 867 5217 978 5288; x_wconf 77' lang='lat'><strong>16),</strong></span> <span class='ocrx_word' id='word_1_666' title='bbox 1013 5239 1031 5270; x_wconf 76' lang='grc' dir='ltr'><strong>ι</strong></span> <span class='ocrx_word' id='word_1_667' title='bbox 1071 5219 1186 5274; x_wconf 63' lang='lat' dir='ltr'><strong>haec</strong></span> <span class='ocrx_word' id='word_1_668' title='bbox 1223 5220 1544 5276; x_wconf 84' lang='lat' dir='ltr'><strong>subsecutus</strong></span> <span class='ocrx_word' id='word_1_669' title='bbox 1574 5231 1658 5276; x_wconf 93' lang='lat' dir='ltr'><strong>est</strong></span> <span class='ocrx_word' id='word_1_670' title='bbox 1693 5239 1708 5276; x_wconf 89' lang='lat'><strong>:</strong></span> <span class='ocrx_word' id='word_1_671' title='bbox 1766 5221 1902 5276; x_wconf 90' lang='lat' dir='ltr'><strong>Cum</strong></span> 
     </span>
    </p>
   </div>
   <div class='ocr_carea' id='block_1_83' title="bbox 305 5307 1902 5383">
    <p class='ocr_par' dir='ltr' id='par_1_83' title="bbox 305 5307 1902 5383">
     <span class='ocr_line' id='line_1_83' title="bbox 305 5307 1902 5383; baseline 0.006 -23"><span class='ocrx_word' id='word_1_672' title='bbox 305 5315 531 5377; x_wconf 83' lang='lat' dir='ltr'><strong>tempus</strong></span> <span class='ocrx_word' id='word_1_673' title='bbox 579 5307 705 5361; x_wconf 67' lang='lat' dir='ltr'><strong>vita:</strong></span> <span class='ocrx_word' id='word_1_674' title='bbox 735 5324 764 5361; x_wconf 91' lang='lat' dir='ltr'><strong>a</strong></span> <span class='ocrx_word' id='word_1_675' title='bbox 795 5309 974 5363; x_wconf 86' lang='lat' dir='ltr'><strong>divina</strong></span> <span class='ocrx_word' id='word_1_676' title='bbox 1005 5311 1348 5381; x_wconf 64' lang='lat' dir='ltr'><strong>praescientia</strong></span> <span class='ocrx_word' id='word_1_677' title='bbox 1398 5312 1556 5368; x_wconf 91' lang='lat' dir='ltr'><strong>nobis</strong></span> <span class='ocrx_word' id='word_1_678' title='bbox 1604 5314 1678 5368; x_wconf 88' lang='lat' dir='ltr'><strong>sit</strong></span> <span class='ocrx_word' id='word_1_679' title='bbox 1713 5314 1902 5383; x_wconf 86' lang='lat' dir='ltr'><strong>procul</strong></span> 
     </span>
    </p>
   </div>
   <div class='ocr_carea' id='block_1_84' title="bbox 303 5399 1900 5475">
    <p class='ocr_par' dir='ltr' id='par_1_84' title="bbox 303 5399 1900 5475">
     <span class='ocr_line' id='line_1_84' title="bbox 303 5399 1900 5475; baseline 0.007 -22"><span class='ocrx_word' id='word_1_680' title='bbox 303 5399 480 5454; x_wconf 86' lang='lat' dir='ltr'><strong>dubio</strong></span> <span class='ocrx_word' id='word_1_681' title='bbox 507 5401 814 5471; x_wconf 64' lang='lat' dir='ltr'><strong>preﬂxum,</strong></span> <span class='ocrx_word' id='word_1_682' title='bbox 845 5406 1192 5472; x_wconf 64' lang='lat' dir='ltr'><strong>quaerendum</strong></span> <span class='ocrx_word' id='word_1_683' title='bbox 1239 5405 1394 5461; x_wconf 87' lang='lat' dir='ltr'><strong>valde</strong></span> <span class='ocrx_word' id='word_1_684' title='bbox 1440 5416 1525 5461; x_wconf 90' lang='lat' dir='ltr'><strong>est</strong></span> <span class='ocrx_word' id='word_1_685' title='bbox 1551 5421 1656 5475; x_wconf 90' lang='lat' dir='ltr'><strong>qua</strong></span> <span class='ocrx_word' id='word_1_686' title='bbox 1688 5408 1900 5464; x_wconf 89' lang='lat' dir='ltr'><strong>ratione</strong></span> 
     </span>
    </p>
   </div>
   <div class='ocr_carea' id='block_1_85' title="bbox 305 5493 1902 5569">
    <p class='ocr_par' dir='ltr' id='par_1_85' title="bbox 305 5493 1902 5569">
     <span class='ocr_line' id='line_1_85' title="bbox 305 5493 1902 5569; baseline 0.004 -21"><span class='ocrx_word' id='word_1_687' title='bbox 305 5507 458 5548; x_wconf 85' lang='lat' dir='ltr'><strong>nunc</strong></span> <span class='ocrx_word' id='word_1_688' title='bbox 510 5493 638 5548; x_wconf 90' lang='lat' dir='ltr'><strong>dicit</strong></span> <span class='ocrx_word' id='word_1_689' title='bbox 687 5496 832 5565; x_wconf 87' lang='lat' dir='ltr'><strong>quod</strong></span> <span class='ocrx_word' id='word_1_690' title='bbox 889 5497 1058 5566; x_wconf 89' lang='lat' dir='ltr'><strong>iniqui</strong></span> <span class='ocrx_word' id='word_1_691' title='bbox 1099 5514 1166 5553; x_wconf 87' lang='lat' dir='ltr'><strong>ex</strong></span> <span class='ocrx_word' id='word_1_692' title='bbox 1217 5510 1471 5569; x_wconf 75' lang='lat' dir='ltr'><strong>prmsentt</strong></span> <span class='ocrx_word' id='word_1_693' title='bbox 1514 5499 1714 5554; x_wconf 70' lang='lat' dir='ltr'><strong>saeculo</strong></span> <span class='ocrx_word' id='word_1_694' title='bbox 1771 5509 1902 5555; x_wconf 89' lang='lat' dir='ltr'><strong>ante</strong></span> 
     </span>
    </p>
   </div>
   <div class='ocr_carea' id='block_1_86' title="bbox 311 5587 1901 5662">
    <p class='ocr_par' dir='ltr' id='par_1_86' title="bbox 311 5587 1901 5662">
     <span class='ocr_line' id='line_1_86' title="bbox 311 5587 1901 5662; baseline 0.004 -22"><span class='ocrx_word' id='word_1_695' title='bbox 311 5594 528 5654; x_wconf 83' lang='lat' dir='ltr'><strong>tempus</strong></span> <span class='ocrx_word' id='word_1_696' title='bbox 555 5587 835 5657; x_wconf 89' lang='lat' dir='ltr'><strong>proprium</strong></span> <span class='ocrx_word' id='word_1_697' title='bbox 889 5590 1299 5646; x_wconf 88' lang='lat' dir='ltr'><strong>subtrahantur.</strong></span> <span class='ocrx_word' id='word_1_698' title='bbox 1351 5591 1707 5662; x_wconf 89' lang='lat' dir='ltr'><strong>Omnipotens</strong></span> <span class='ocrx_word' id='word_1_699' title='bbox 1754 5593 1901 5647; x_wconf 89' lang='lat' dir='ltr'><strong>enim</strong></span> 
     </span>
    </p>
   </div>
   <div class='ocr_carea' id='block_1_87' title="bbox 312 5678 1898 5758">
    <p class='ocr_par' dir='ltr' id='par_1_87' title="bbox 312 5678 1898 5758">
     <span class='ocr_line' id='line_1_87' title="bbox 312 5678 1898 5758; baseline 0.005 -27"><span class='ocrx_word' id='word_1_700' title='bbox 312 5678 478 5740; x_wconf 64' lang='lat' dir='ltr'><strong>Deus,</strong></span> <span class='ocrx_word' id='word_1_701' title='bbox 514 5679 616 5733; x_wconf 90' lang='lat' dir='ltr'><strong>etsi</strong></span> <span class='ocrx_word' id='word_1_702' title='bbox 663 5679 982 5758; x_wconf 81' lang='lat' dir='ltr'><strong>plerumque</strong></span> <span class='ocrx_word' id='word_1_703' title='bbox 1014 5692 1186 5738; x_wconf 89' lang='lat' dir='ltr'><strong>mutat</strong></span> <span class='ocrx_word' id='word_1_704' title='bbox 1215 5685 1570 5749; x_wconf 88' lang='lat' dir='ltr'><strong>sententiam,</strong></span> <span class='ocrx_word' id='word_1_705' title='bbox 1610 5684 1898 5739; x_wconf 89' lang='lat' dir='ltr'><strong>consilium</strong></span> 
     </span>
    </p>
   </div>
   <div class='ocr_carea' id='block_1_88' title="bbox 307 5770 1898 5848">
    <p class='ocr_par' dir='ltr' id='par_1_88' title="bbox 307 5770 1898 5848">
     <span class='ocr_line' id='line_1_88' title="bbox 307 5770 1898 5848; baseline 0.003 -22"><span class='ocrx_word' id='word_1_706' title='bbox 307 5781 612 5840; x_wconf 78' lang='lat' dir='ltr'><strong>mnquam.</strong></span> <span class='ocrx_word' id='word_1_707' title='bbox 673 5770 752 5828; x_wconf 88' lang='lat' dir='ltr'><strong>Eo</strong></span> <span class='ocrx_word' id='word_1_708' title='bbox 798 5787 928 5842; x_wconf 85' lang='lat' dir='ltr'><strong>ergo</strong></span> <span class='ocrx_word' id='word_1_709' title='bbox 984 5783 1225 5845; x_wconf 89' lang='lat' dir='ltr'><strong>tempore</strong></span> <span class='ocrx_word' id='word_1_710' title='bbox 1265 5790 1330 5830; x_wconf 87' lang='lat' dir='ltr'><strong>ex</strong></span> <span class='ocrx_word' id='word_1_711' title='bbox 1380 5776 1485 5831; x_wconf 91' lang='lat' dir='ltr'><strong>hac</strong></span> <span class='ocrx_word' id='word_1_712' title='bbox 1519 5775 1626 5830; x_wconf 85' lang='lat' dir='ltr'><strong>vita</strong></span> <span class='ocrx_word' id='word_1_713' title='bbox 1668 5775 1898 5848; x_wconf 86' lang='lat' dir='ltr'><strong>quisque</strong></span> 
     </span>
    </p>
   </div>
   <div class='ocr_carea' id='block_1_89' title="bbox 1998 3289 3576 3363">
    <p class='ocr_par' dir='ltr' id='par_1_89' title="bbox 1998 3289 3576 3363">
     <span class='ocr_line' id='line_1_89' title="bbox 1998 3289 3576 3363; baseline 0.004 -24"><span class='ocrx_word' id='word_1_714' title='bbox 1998 3295 2242 3341; x_wconf 87' lang='lat' dir='ltr'><strong>avertere</strong></span> <span class='ocrx_word' id='word_1_715' title='bbox 2278 3297 2457 3358; x_wconf 86' lang='lat' dir='ltr'><strong>potest</strong></span> <span class='ocrx_word' id='word_1_716' title='bbox 2499 3289 2880 3360; x_wconf 90' lang='lat' dir='ltr'><strong>cogitationem</strong></span> <span class='ocrx_word' id='word_1_717' title='bbox 2905 3290 3024 3361; x_wconf 90' lang='lat' dir='ltr'><strong>ejus</strong></span> <span class='ocrx_word' id='word_1_718' title='bbox 3059 3290 3181 3362; x_wconf 82' lang='lat' dir='ltr'><strong>(Iob</strong></span> <span class='ocrx_word' id='word_1_719' title='bbox 3209 3305 3342 3347; x_wconf 87' lang='lat' dir='ltr'><strong>xxut</strong></span> <span class='ocrx_word' id='word_1_720' title='bbox 3363 3332 3378 3358; x_wconf 96' lang='lat'><strong>,</strong></span> <span class='ocrx_word' id='word_1_721' title='bbox 3405 3291 3515 3363; x_wconf 79' lang='lat' dir='ltr'><strong>l3),</strong></span> <span class='ocrx_word' id='word_1_722' title='bbox 3557 3311 3576 3346; x_wconf 72' lang='grc' dir='ltr'><strong>ι</strong></span> 
     </span>
    </p>
   </div>
   <div class='ocr_carea' id='block_1_90' title="bbox 1998 3373 3582 3452">
    <p class='ocr_par' dir='ltr' id='par_1_90' title="bbox 1998 3373 3582 3452">
     <span class='ocr_line' id='line_1_90' title="bbox 1998 3373 3582 3452; baseline 0.003 -19"><span class='ocrx_word' id='word_1_723' title='bbox 1998 3378 2116 3434; x_wconf 67' lang='lat' dir='ltr'><strong>haec</strong></span> <span class='ocrx_word' id='word_1_724' title='bbox 2152 3376 2462 3450; x_wconf 81' lang='lat' dir='ltr'><strong>subiungit:</strong></span> <span class='ocrx_word' id='word_1_725' title='bbox 2493 3378 2672 3452; x_wconf 90' lang='lat' dir='ltr'><strong>[Sicut</strong></span> <span class='ocrx_word' id='word_1_726' title='bbox 2693 3382 2838 3436; x_wconf 91' lang='lat' dir='ltr'><strong>enim</strong></span> <span class='ocrx_word' id='word_1_727' title='bbox 2875 3373 3226 3438; x_wconf 85' lang='lat' dir='ltr'><strong>immutabilis</strong></span> <span class='ocrx_word' id='word_1_728' title='bbox 3245 3390 3454 3438; x_wconf 67' lang='lat' dir='ltr'><strong>naturae</strong></span> <span class='ocrx_word' id='word_1_729' title='bbox 3477 3394 3582 3448; x_wconf 90' lang='lat' dir='ltr'><strong>est,</strong></span> 
     </span>
    </p>
   </div>
   <div class='ocr_carea' id='block_1_91' title="bbox 2001 3474 3585 3547">
    <p class='ocr_par' dir='ltr' id='par_1_91' title="bbox 2001 3474 3585 3547">
     <span class='ocr_line' id='line_1_91' title="bbox 2001 3474 3585 3547; baseline 0.003 -18"><span class='ocrx_word' id='word_1_730' title='bbox 2001 3474 2076 3529; x_wconf 87' lang='lat' dir='ltr'><strong>ita</strong></span> <span class='ocrx_word' id='word_1_731' title='bbox 2103 3474 2457 3530; x_wconf 91' lang='lat' dir='ltr'><strong>immutabilis</strong></span> <span class='ocrx_word' id='word_1_732' title='bbox 2483 3475 2793 3530; x_wconf 90' lang='lat' dir='ltr'><strong>voluntatis.</strong></span> <span class='ocrx_word' id='word_1_733' title='bbox 2815 3475 3212 3546; x_wconf 85' lang='lat' dir='ltr'><strong>COgitationem</strong></span> <span class='ocrx_word' id='word_1_734' title='bbox 3243 3478 3441 3547; x_wconf 89' lang='lat' dir='ltr'><strong>quippe</strong></span> <span class='ocrx_word' id='word_1_735' title='bbox 3467 3475 3585 3545; x_wconf 84' lang='lat' dir='ltr'><strong>ejus</strong></span> 
     </span>
    </p>
   </div>
   <div class='ocr_carea' id='block_1_92' title="bbox 2000 3566 3583 3639">
    <p class='ocr_par' dir='ltr' id='par_1_92' title="bbox 2000 3566 3583 3639">
     <span class='ocr_line' id='line_1_92' title="bbox 2000 3566 3583 3639; baseline 0.003 -19"><span class='ocrx_word' id='word_1_736' title='bbox 2000 3566 2180 3621; x_wconf 89' lang='lat' dir='ltr'><strong>nullus</strong></span> <span class='ocrx_word' id='word_1_737' title='bbox 2208 3567 2423 3631; x_wconf 87' lang='lat' dir='ltr'><strong>avertit,</strong></span> <span class='ocrx_word' id='word_1_738' title='bbox 2471 3567 2597 3636; x_wconf 91' lang='lat' dir='ltr'><strong>quia</strong></span> <span class='ocrx_word' id='word_1_739' title='bbox 2623 3583 2784 3623; x_wconf 90' lang='lat' dir='ltr'><strong>nemo</strong></span> <span class='ocrx_word' id='word_1_740' title='bbox 2813 3570 3068 3625; x_wconf 91' lang='lat' dir='ltr'><strong>resistere</strong></span> <span class='ocrx_word' id='word_1_741' title='bbox 3089 3569 3318 3625; x_wconf 90' lang='lat' dir='ltr'><strong>occultis</strong></span> <span class='ocrx_word' id='word_1_742' title='bbox 3349 3567 3466 3638; x_wconf 89' lang='lat' dir='ltr'><strong>ejus</strong></span> <span class='ocrx_word' id='word_1_743' title='bbox 3493 3568 3583 3639; x_wconf 89' lang='lat' dir='ltr'><strong>ju-</strong></span> 
     </span>
    </p>
   </div>
   <div class='ocr_carea' id='block_1_93' title="bbox 2001 3659 3586 3732">
    <p class='ocr_par' dir='ltr' id='par_1_93' title="bbox 2001 3659 3586 3732">
     <span class='ocr_line' id='line_1_93' title="bbox 2001 3659 3586 3732; baseline 0.002 -19"><span class='ocrx_word' id='word_1_744' title='bbox 2001 3659 2156 3714; x_wconf 86' lang='lat' dir='ltr'><strong>diciis</strong></span> <span class='ocrx_word' id='word_1_745' title='bbox 2204 3659 2478 3728; x_wconf 67' lang='lat' dir='ltr'><strong>pratvalet.</strong></span> <span class='ocrx_word' id='word_1_746' title='bbox 2510 3659 2645 3714; x_wconf 85' lang='lat' dir='ltr'><strong>Nam</strong></span> <span class='ocrx_word' id='word_1_747' title='bbox 2683 3661 2786 3716; x_wconf 89' lang='lat' dir='ltr'><strong>etsi</strong></span> <span class='ocrx_word' id='word_1_748' title='bbox 2841 3661 3059 3716; x_wconf 82' lang='lat' dir='ltr'><strong>fuerunt</strong></span> <span class='ocrx_word' id='word_1_749' title='bbox 3100 3663 3320 3732; x_wconf 87' lang='lat' dir='ltr'><strong>quidam</strong></span> <span class='ocrx_word' id='word_1_750' title='bbox 3369 3663 3459 3731; x_wconf 94' lang='lat' dir='ltr'><strong>qui</strong></span> <span class='ocrx_word' id='word_1_751' title='bbox 3490 3662 3586 3717; x_wconf 87' lang='lat' dir='ltr'><strong>de-</strong></span> 
     </span>
    </p>
   </div>
   <div class='ocr_carea' id='block_1_94' title="bbox 2001 3753 3588 3824">
    <p class='ocr_par' dir='ltr' id='par_1_94' title="bbox 2001 3753 3588 3824">
     <span class='ocr_line' id='line_1_94' title="bbox 2001 3753 3588 3824; baseline 0.001 -16"><span class='ocrx_word' id='word_1_752' title='bbox 2001 3753 2404 3823; x_wconf 90' lang='lat' dir='ltr'><strong>precationibus</strong></span> <span class='ocrx_word' id='word_1_753' title='bbox 2438 3753 2550 3808; x_wconf 91' lang='lat' dir='ltr'><strong>suis</strong></span> <span class='ocrx_word' id='word_1_754' title='bbox 2588 3753 2705 3823; x_wconf 89' lang='lat' dir='ltr'><strong>ejus</strong></span> <span class='ocrx_word' id='word_1_755' title='bbox 2728 3753 3115 3824; x_wconf 88' lang='lat' dir='ltr'><strong>cogitationem</strong></span> <span class='ocrx_word' id='word_1_756' title='bbox 3147 3754 3408 3809; x_wconf 88' lang='lat' dir='ltr'><strong>avertisse</strong></span> <span class='ocrx_word' id='word_1_757' title='bbox 3434 3753 3588 3809; x_wconf 90' lang='lat' dir='ltr'><strong>vide-</strong></span> 
     </span>
    </p>
   </div>
   <div class='ocr_carea' id='block_1_95' title="bbox 2002 3842 3587 3916">
    <p class='ocr_par' dir='ltr' id='par_1_95' title="bbox 2002 3842 3587 3916">
     <span class='ocr_line' id='line_1_95' title="bbox 2002 3842 3587 3916; baseline 0 -17"><span class='ocrx_word' id='word_1_758' title='bbox 2002 3853 2209 3910; x_wconf 90' lang='lat' dir='ltr'><strong>rentur,</strong></span> <span class='ocrx_word' id='word_1_759' title='bbox 2242 3844 2315 3899; x_wconf 91' lang='lat' dir='ltr'><strong>ita</strong></span> <span class='ocrx_word' id='word_1_760' title='bbox 2347 3842 2448 3898; x_wconf 80' lang='lat' dir='ltr'><strong>fuit</strong></span> <span class='ocrx_word' id='word_1_761' title='bbox 2475 3842 2591 3913; x_wconf 87' lang='lat' dir='ltr'><strong>ejus</strong></span> <span class='ocrx_word' id='word_1_762' title='bbox 2619 3845 2830 3900; x_wconf 89' lang='lat' dir='ltr'><strong>interna</strong></span> <span class='ocrx_word' id='word_1_763' title='bbox 2860 3845 3137 3916; x_wconf 87' lang='lat' dir='ltr'><strong>cogitatio,</strong></span> <span class='ocrx_word' id='word_1_764' title='bbox 3169 3852 3228 3898; x_wconf 94' lang='lat' dir='ltr'><strong>ut</strong></span> <span class='ocrx_word' id='word_1_765' title='bbox 3258 3844 3587 3899; x_wconf 91' lang='lat' dir='ltr'><strong>sententiam</strong></span> 
     </span>
    </p>
   </div>
   <div class='ocr_carea' id='block_1_96' title="bbox 2002 3934 3589 4007">
    <p class='ocr_par' dir='ltr' id='par_1_96' title="bbox 2002 3934 3589 4007">
     <span class='ocr_line' id='line_1_96' title="bbox 2002 3934 3589 4007; baseline -0.002 -16"><span class='ocrx_word' id='word_1_766' title='bbox 2002 3935 2148 3992; x_wconf 90' lang='lat' dir='ltr'><strong>illius</strong></span> <span class='ocrx_word' id='word_1_767' title='bbox 2175 3945 2422 3991; x_wconf 88' lang='lat' dir='ltr'><strong>avertere</strong></span> <span class='ocrx_word' id='word_1_768' title='bbox 2461 3935 2802 4007; x_wconf 88' lang='lat' dir='ltr'><strong>deprecando</strong></span> <span class='ocrx_word' id='word_1_769' title='bbox 2827 3936 3152 4006; x_wconf 89' lang='lat' dir='ltr'><strong>potuissent,</strong></span> <span class='ocrx_word' id='word_1_770' title='bbox 3175 3943 3231 3990; x_wconf 93' lang='lat' dir='ltr'><strong>et</strong></span> <span class='ocrx_word' id='word_1_771' title='bbox 3259 3935 3327 3988; x_wconf 92' lang='lat' dir='ltr'><strong>ab</strong></span> <span class='ocrx_word' id='word_1_772' title='bbox 3351 3934 3466 4004; x_wconf 91' lang='lat' dir='ltr'><strong>ipso</strong></span> <span class='ocrx_word' id='word_1_773' title='bbox 3495 3948 3589 3989; x_wconf 80' lang='lat' dir='ltr'><strong>ac-</strong></span> 
     </span>
    </p>
   </div>
   <div class='ocr_carea' id='block_1_97' title="bbox 2003 4027 3584 4101">
    <p class='ocr_par' dir='ltr' id='par_1_97' title="bbox 2003 4027 3584 4101">
     <span class='ocr_line' id='line_1_97' title="bbox 2003 4027 3584 4101; baseline -0.003 -14"><span class='ocrx_word' id='word_1_774' title='bbox 2003 4039 2261 4101; x_wconf 89' lang='lat' dir='ltr'><strong>ceperunt</strong></span> <span class='ocrx_word' id='word_1_775' title='bbox 2309 4030 2454 4100; x_wconf 90' lang='lat' dir='ltr'><strong>quod</strong></span> <span class='ocrx_word' id='word_1_776' title='bbox 2499 4038 2722 4101; x_wconf 85' lang='lat' dir='ltr'><strong>agerent</strong></span> <span class='ocrx_word' id='word_1_777' title='bbox 2766 4030 2907 4100; x_wconf 90' lang='lat' dir='ltr'><strong>apud</strong></span> <span class='ocrx_word' id='word_1_778' title='bbox 2946 4029 3141 4101; x_wconf 91' lang='lat' dir='ltr'><strong>ipsum.</strong></span> <span class='ocrx_word' id='word_1_779' title='bbox 3198 4027 3353 4084; x_wconf 89' lang='lat' dir='ltr'><strong>Dicat</strong></span> <span class='ocrx_word' id='word_1_780' title='bbox 3404 4042 3584 4098; x_wconf 88' lang='lat' dir='ltr'><strong>ergo:</strong></span> 
     </span>
    </p>
   </div>
   <div class='ocr_carea' id='block_1_98' title="bbox 2009 4116 3588 4192">
    <p class='ocr_par' dir='ltr' id='par_1_98' title="bbox 2009 4116 3588 4192">
     <span class='ocr_line' id='line_1_98' title="bbox 2009 4116 3588 4192; baseline 0.001 -22"><span class='ocrx_word' id='word_1_781' title='bbox 2009 4139 2028 4170; x_wconf 73' lang='grc' dir='ltr'><strong>ι</strong></span> <span class='ocrx_word' id='word_1_782' title='bbox 2066 4120 2133 4174; x_wconf 83' lang='grc' dir='ltr'>Ει</span> <span class='ocrx_word' id='word_1_783' title='bbox 2163 4135 2323 4175; x_wconf 91' lang='lat' dir='ltr'><strong>nemo</strong></span> <span class='ocrx_word' id='word_1_784' title='bbox 2353 4127 2600 4175; x_wconf 89' lang='lat' dir='ltr'><strong>avertere</strong></span> <span class='ocrx_word' id='word_1_785' title='bbox 2627 4128 2804 4190; x_wconf 91' lang='lat' dir='ltr'><strong>potest</strong></span> <span class='ocrx_word' id='word_1_786' title='bbox 2831 4119 3212 4192; x_wconf 90' lang='lat' dir='ltr'><strong>cogitationem</strong></span> <span class='ocrx_word' id='word_1_787' title='bbox 3243 4116 3380 4188; x_wconf 91' lang='lat' dir='ltr'><strong>ejus,</strong></span> <span class='ocrx_word' id='word_1_788' title='bbox 3411 4136 3432 4169; x_wconf 70' lang='grc' dir='ltr'><strong>ι</strong></span> <span class='ocrx_word' id='word_1_789' title='bbox 3461 4119 3588 4188; x_wconf 80' lang='lat' dir='ltr'><strong>quia</strong></span> 
     </span>
    </p>
   </div>
   <div class='ocr_carea' id='block_1_99' title="bbox 2003 4208 3590 4282">
    <p class='ocr_par' dir='ltr' id='par_1_99' title="bbox 2003 4208 3590 4282">
     <span class='ocr_line' id='line_1_99' title="bbox 2003 4208 3590 4282; baseline -0.001 -17"><span class='ocrx_word' id='word_1_790' title='bbox 2003 4209 2170 4266; x_wconf 89' lang='lat' dir='ltr'><strong>semel</strong></span> <span class='ocrx_word' id='word_1_791' title='bbox 2200 4209 2305 4264; x_wconf 78' lang='lat' dir='ltr'><strong>lixa</strong></span> <span class='ocrx_word' id='word_1_792' title='bbox 2323 4211 2528 4279; x_wconf 88' lang='lat' dir='ltr'><strong>judicia</strong></span> <span class='ocrx_word' id='word_1_793' title='bbox 2551 4211 2750 4266; x_wconf 91' lang='lat' dir='ltr'><strong>mutari</strong></span> <span class='ocrx_word' id='word_1_794' title='bbox 2769 4226 3109 4282; x_wconf 88' lang='lat' dir='ltr'><strong>nequaquam</strong></span> <span class='ocrx_word' id='word_1_795' title='bbox 3130 4219 3358 4281; x_wconf 89' lang='lat' dir='ltr'><strong>possunt</strong></span> <span class='ocrx_word' id='word_1_796' title='bbox 3389 4226 3404 4263; x_wconf 91' lang='lat'>:</span> <span class='ocrx_word' id='word_1_797' title='bbox 3439 4208 3590 4264; x_wconf 85' lang='lat' dir='ltr'><strong>Unde</strong></span> 
     </span>
    </p>
   </div>
   <div class='ocr_carea' id='block_1_100' title="bbox 2002 4299 3589 4372">
    <p class='ocr_par' dir='ltr' id='par_1_100' title="bbox 2002 4299 3589 4372">
     <span class='ocr_line' id='line_1_100' title="bbox 2002 4299 3589 4372; baseline -0.003 -15"><span class='ocrx_word' id='word_1_798' title='bbox 2002 4301 2261 4371; x_wconf 89' lang='lat' dir='ltr'><strong>scriptum</strong></span> <span class='ocrx_word' id='word_1_799' title='bbox 2283 4308 2368 4354; x_wconf 87' lang='lat' dir='ltr'><strong>est</strong></span> <span class='ocrx_word' id='word_1_800' title='bbox 2393 4317 2408 4356; x_wconf 92' lang='lat'><strong>:</strong></span> <span class='ocrx_word' id='word_1_801' title='bbox 2439 4319 2458 4352; x_wconf 81' lang='grc' dir='ltr'><strong>ι</strong></span> <span class='ocrx_word' id='word_1_802' title='bbox 2487 4300 2821 4372; x_wconf 66' lang='lat' dir='ltr'><strong>Praeceptum</strong></span> <span class='ocrx_word' id='word_1_803' title='bbox 2842 4301 3044 4372; x_wconf 87' lang='lat' dir='ltr'><strong>posuit,</strong></span> <span class='ocrx_word' id='word_1_804' title='bbox 3071 4313 3125 4356; x_wconf 90' lang='lat' dir='ltr'><strong>et</strong></span> <span class='ocrx_word' id='word_1_805' title='bbox 3148 4316 3255 4356; x_wconf 93' lang='lat' dir='ltr'><strong>non</strong></span> <span class='ocrx_word' id='word_1_806' title='bbox 3284 4299 3589 4371; x_wconf 65' lang='lat' dir='ltr'><strong>praeteribit</strong></span> 
     </span>
    </p>
   </div>
   <div class='ocr_carea' id='block_1_101' title="bbox 2003 4390 3588 4464">
    <p class='ocr_par' dir='ltr' id='par_1_101' title="bbox 2003 4390 3588 4464">
     <span class='ocr_line' id='line_1_101' title="bbox 2003 4390 3588 4464; baseline 0.003 -20"><span class='ocrx_word' id='word_1_807' title='bbox 2003 4390 2176 4464; x_wconf 76' lang='lat' dir='ltr'><strong>(Paul.</strong></span> <span class='ocrx_word' id='word_1_808' title='bbox 2205 4408 2429 4457; x_wconf 80' lang='lat' dir='ltr'><strong>chvttl,</strong></span> <span class='ocrx_word' id='word_1_809' title='bbox 2461 4392 2549 4464; x_wconf 89' lang='lat'><strong>6);</strong></span> <span class='ocrx_word' id='word_1_810' title='bbox 2591 4413 2608 4445; x_wconf 79' lang='grc' dir='ltr'><strong>ι</strong></span> <span class='ocrx_word' id='word_1_811' title='bbox 2659 4402 2715 4449; x_wconf 90' lang='lat' dir='ltr'><strong>et</strong></span> <span class='ocrx_word' id='word_1_812' title='bbox 2757 4409 2974 4450; x_wconf 90' lang='lat' dir='ltr'><strong>rursum</strong></span> <span class='ocrx_word' id='word_1_813' title='bbox 3016 4411 3030 4448; x_wconf 89' lang='lat'><strong>:</strong></span> <span class='ocrx_word' id='word_1_814' title='bbox 3069 4412 3088 4446; x_wconf 87' lang='grc'><strong>‹</strong></span> <span class='ocrx_word' id='word_1_815' title='bbox 3121 4392 3329 4450; x_wconf 78' lang='lat' dir='ltr'><strong>C(elum</strong></span> <span class='ocrx_word' id='word_1_816' title='bbox 3359 4403 3414 4449; x_wconf 89' lang='lat' dir='ltr'><strong>et</strong></span> <span class='ocrx_word' id='word_1_817' title='bbox 3441 4400 3588 4449; x_wconf 86' lang='lat' dir='ltr'><strong>terra</strong></span> 
     </span>
    </p>
   </div>
   <div class='ocr_carea' id='block_1_102' title="bbox 2005 4484 3584 4557">
    <p class='ocr_par' dir='ltr' id='par_1_102' title="bbox 2005 4484 3584 4557">
     <span class='ocr_line' id='line_1_102' title="bbox 2005 4484 3584 4557; baseline 0 -19"><span class='ocrx_word' id='word_1_818' title='bbox 2005 4484 2331 4552; x_wconf 86' lang='lat' dir='ltr'><strong>transibunt,</strong></span> <span class='ocrx_word' id='word_1_819' title='bbox 2361 4486 2524 4541; x_wconf 89' lang='lat' dir='ltr'><strong>verba</strong></span> <span class='ocrx_word' id='word_1_820' title='bbox 2571 4495 2752 4543; x_wconf 89' lang='lat' dir='ltr'><strong>autem</strong></span> <span class='ocrx_word' id='word_1_821' title='bbox 2784 4500 2905 4542; x_wconf 91' lang='lat' dir='ltr'><strong>mea</strong></span> <span class='ocrx_word' id='word_1_822' title='bbox 2948 4500 3056 4542; x_wconf 91' lang='lat' dir='ltr'><strong>non</strong></span> <span class='ocrx_word' id='word_1_823' title='bbox 3084 4486 3394 4542; x_wconf 85' lang='lat' dir='ltr'><strong>transibunt</strong></span> <span class='ocrx_word' id='word_1_824' title='bbox 3432 4484 3584 4557; x_wconf 84' lang='lat' dir='ltr'><strong>(Luc.</strong></span> 
     </span>
    </p>
   </div>
   <div class='ocr_carea' id='block_1_103' title="bbox 2003 4575 3590 4647">
    <p class='ocr_par' dir='ltr' id='par_1_103' title="bbox 2003 4575 3590 4647">
     <span class='ocr_line' id='line_1_103' title="bbox 2003 4575 3590 4647; baseline 0.001 -17"><span class='ocrx_word' id='word_1_825' title='bbox 2003 4591 2117 4642; x_wconf 76' lang='lat' dir='ltr'><strong>xxi,</strong></span> <span class='ocrx_word' id='word_1_826' title='bbox 2141 4575 2265 4646; x_wconf 75' lang='lat'><strong>55);</strong></span> <span class='ocrx_word' id='word_1_827' title='bbox 2297 4596 2316 4629; x_wconf 75' lang='grc' dir='ltr'><strong>ι</strong></span> <span class='ocrx_word' id='word_1_828' title='bbox 2351 4585 2408 4632; x_wconf 90' lang='lat' dir='ltr'><strong>et</strong></span> <span class='ocrx_word' id='word_1_829' title='bbox 2437 4592 2652 4633; x_wconf 89' lang='lat' dir='ltr'><strong>rursum</strong></span> <span class='ocrx_word' id='word_1_830' title='bbox 2681 4596 2694 4632; x_wconf 91' lang='lat'>:</span> <span class='ocrx_word' id='word_1_831' title='bbox 2726 4595 2746 4629; x_wconf 75' lang='grc' dir='ltr'><strong>ι</strong></span> <span class='ocrx_word' id='word_1_832' title='bbox 2769 4575 2888 4632; x_wconf 77' lang='lat' dir='ltr'><strong>Non</strong></span> <span class='ocrx_word' id='word_1_833' title='bbox 2911 4577 3055 4633; x_wconf 89' lang='lat' dir='ltr'><strong>enim</strong></span> <span class='ocrx_word' id='word_1_834' title='bbox 3086 4577 3442 4647; x_wconf 87' lang='lat' dir='ltr'><strong>cogitationes</strong></span> <span class='ocrx_word' id='word_1_835' title='bbox 3455 4589 3590 4631; x_wconf 65' lang='lat' dir='ltr'><strong>mea</strong></span> 
     </span>
    </p>
   </div>
   <div class='ocr_carea' id='block_1_104' title="bbox 2005 4666 3584 4741">
    <p class='ocr_par' dir='ltr' id='par_1_104' title="bbox 2005 4666 3584 4741">
     <span class='ocr_line' id='line_1_104' title="bbox 2005 4666 3584 4741; baseline 0 -17"><span class='ocrx_word' id='word_1_836' title='bbox 2005 4668 2145 4724; x_wconf 92' lang='lat' dir='ltr'><strong>sicut</strong></span> <span class='ocrx_word' id='word_1_837' title='bbox 2160 4669 2515 4740; x_wconf 84' lang='lat' dir='ltr'><strong>cogitationes</strong></span> <span class='ocrx_word' id='word_1_838' title='bbox 2527 4681 2739 4736; x_wconf 64' lang='lat' dir='ltr'><strong>vestrae,</strong></span> <span class='ocrx_word' id='word_1_839' title='bbox 2757 4684 2932 4741; x_wconf 90' lang='lat' dir='ltr'><strong>neque</strong></span> <span class='ocrx_word' id='word_1_840' title='bbox 2949 4671 3050 4726; x_wconf 73' lang='lat' dir='ltr'><strong>vite</strong></span> <span class='ocrx_word' id='word_1_841' title='bbox 3065 4685 3220 4734; x_wconf 66' lang='lat' dir='ltr'><strong>meae,</strong></span> <span class='ocrx_word' id='word_1_842' title='bbox 3236 4677 3432 4724; x_wconf 67' lang='lat' dir='ltr'><strong>vestrae</strong></span> <span class='ocrx_word' id='word_1_843' title='bbox 3446 4666 3584 4738; x_wconf 79' lang='lat' dir='ltr'><strong>(ha.</strong></span> 
     </span>
    </p>
   </div>
   <div class='ocr_carea' id='block_1_105' title="bbox 2006 4759 3586 4832">
    <p class='ocr_par' dir='ltr' id='par_1_105' title="bbox 2006 4759 3586 4832">
     <span class='ocr_line' id='line_1_105' title="bbox 2006 4759 3586 4832; baseline -0.001 -16"><span class='ocrx_word' id='word_1_844' title='bbox 2006 4777 2096 4827; x_wconf 80' lang='lat' dir='ltr'><strong>LV,</strong></span> <span class='ocrx_word' id='word_1_845' title='bbox 2113 4761 2194 4830; x_wconf 90' lang='grc'><strong>8).</strong></span> <span class='ocrx_word' id='word_1_846' title='bbox 2225 4782 2242 4812; x_wconf 79' lang='grc' dir='ltr'><strong>ι</strong></span> <span class='ocrx_word' id='word_1_847' title='bbox 2259 4760 2393 4816; x_wconf 89' lang='lat' dir='ltr'><strong>Cum</strong></span> <span class='ocrx_word' id='word_1_848' title='bbox 2421 4777 2552 4832; x_wconf 89' lang='lat' dir='ltr'><strong>ergo</strong></span> <span class='ocrx_word' id='word_1_849' title='bbox 2573 4762 2811 4818; x_wconf 84' lang='lat' dir='ltr'><strong>exterius</strong></span> <span class='ocrx_word' id='word_1_850' title='bbox 2837 4763 3035 4816; x_wconf 89' lang='lat' dir='ltr'><strong>mutari</strong></span> <span class='ocrx_word' id='word_1_851' title='bbox 3057 4763 3272 4816; x_wconf 88' lang='lat' dir='ltr'><strong>videtur</strong></span> <span class='ocrx_word' id='word_1_852' title='bbox 3290 4759 3586 4827; x_wconf 88' lang='lat' dir='ltr'><strong>sententia,</strong></span> 
     </span>
    </p>
   </div>
   <div class='ocr_carea' id='block_1_106' title="bbox 2007 4851 3589 4922">
    <p class='ocr_par' dir='ltr' id='par_1_106' title="bbox 2007 4851 3589 4922">
     <span class='ocr_line' id='line_1_106' title="bbox 2007 4851 3589 4922; baseline 0 -16"><span class='ocrx_word' id='word_1_853' title='bbox 2007 4851 2233 4907; x_wconf 89' lang='lat' dir='ltr'><strong>interius</strong></span> <span class='ocrx_word' id='word_1_854' title='bbox 2258 4852 2540 4907; x_wconf 86' lang='lat' dir='ltr'><strong>consilium</strong></span> <span class='ocrx_word' id='word_1_855' title='bbox 2571 4869 2678 4908; x_wconf 90' lang='lat' dir='ltr'><strong>non</strong></span> <span class='ocrx_word' id='word_1_856' title='bbox 2727 4861 2986 4918; x_wconf 86' lang='lat' dir='ltr'><strong>mutatur,</strong></span> <span class='ocrx_word' id='word_1_857' title='bbox 3015 4853 3143 4922; x_wconf 88' lang='lat' dir='ltr'><strong>quia</strong></span> <span class='ocrx_word' id='word_1_858' title='bbox 3169 4852 3235 4907; x_wconf 90' lang='lat' dir='ltr'><strong>de</strong></span> <span class='ocrx_word' id='word_1_859' title='bbox 3263 4865 3589 4922; x_wconf 88' lang='lat' dir='ltr'><strong>unaquaque</strong></span> 
     </span>
    </p>
   </div>
   <div class='ocr_carea' id='block_1_107' title="bbox 1973 4941 3588 5014">
    <p class='ocr_par' dir='ltr' id='par_1_107' title="bbox 1973 4941 3588 5014">
     <span class='ocr_line' id='line_1_107' title="bbox 1973 4941 3588 5014; baseline 0 -16"><span class='ocrx_word' id='word_1_860' title='bbox 1973 4950 1979 4957; x_wconf 91' lang='lat'>&#39;</span> <span class='ocrx_word' id='word_1_861' title='bbox 2006 4956 2067 4998; x_wconf 90' lang='lat' dir='ltr'><strong>re</strong></span> <span class='ocrx_word' id='word_1_862' title='bbox 2119 4942 2528 4998; x_wconf 89' lang='lat' dir='ltr'><strong>immutabiliter</strong></span> <span class='ocrx_word' id='word_1_863' title='bbox 2557 4944 2702 4998; x_wconf 92' lang='lat' dir='ltr'><strong>intus</strong></span> <span class='ocrx_word' id='word_1_864' title='bbox 2748 4944 3114 5008; x_wconf 89' lang='lat' dir='ltr'><strong>constituitur,</strong></span> <span class='ocrx_word' id='word_1_865' title='bbox 3146 4941 3407 5014; x_wconf 88' lang='lat' dir='ltr'><strong>quidquid</strong></span> <span class='ocrx_word' id='word_1_866' title='bbox 3437 4942 3588 4998; x_wconf 82' lang='lat' dir='ltr'><strong>foras</strong></span> 
     </span>
    </p>
   </div>
   <div class='ocr_carea' id='block_1_108' title="bbox 2007 5032 3591 5106">
    <p class='ocr_par' dir='ltr' id='par_1_108' title="bbox 2007 5032 3591 5106">
     <span class='ocr_line' id='line_1_108' title="bbox 2007 5032 3591 5106; baseline -0.002 -16"><span class='ocrx_word' id='word_1_867' title='bbox 2007 5033 2340 5090; x_wconf 88' lang='lat' dir='ltr'><strong>mutabiliter</strong></span> <span class='ocrx_word' id='word_1_868' title='bbox 2361 5035 2557 5106; x_wconf 88' lang='lat' dir='ltr'><strong>agitur.</strong></span> <span class='ocrx_word' id='word_1_869' title='bbox 2586 5034 2844 5106; x_wconf 91' lang='lat' dir='ltr'><strong>Sequitur</strong></span> <span class='ocrx_word' id='word_1_870' title='bbox 2871 5052 2884 5088; x_wconf 89' lang='lat'><strong>:</strong></span> <span class='ocrx_word' id='word_1_871' title='bbox 2923 5053 2941 5086; x_wconf 80' lang='grc' dir='ltr'><strong>ι</strong></span> <span class='ocrx_word' id='word_1_872' title='bbox 2972 5033 3038 5089; x_wconf 83' lang='lat' dir='ltr'><strong>Et</strong></span> <span class='ocrx_word' id='word_1_873' title='bbox 3062 5035 3246 5089; x_wconf 88' lang='lat' dir='ltr'><strong>anima</strong></span> <span class='ocrx_word' id='word_1_874' title='bbox 3273 5034 3391 5105; x_wconf 85' lang='lat' dir='ltr'><strong>ejus</strong></span> <span class='ocrx_word' id='word_1_875' title='bbox 3416 5032 3591 5104; x_wconf 87' lang='lat' dir='ltr'><strong>quod-</strong></span> 
     </span>
    </p>
   </div>
   <div class='ocr_carea' id='block_1_109' title="bbox 2007 5125 3589 5198">
    <p class='ocr_par' dir='ltr' id='par_1_109' title="bbox 2007 5125 3589 5198">
     <span class='ocr_line' id='line_1_109' title="bbox 2007 5125 3589 5198; baseline -0.004 -14"><span class='ocrx_word' id='word_1_876' title='bbox 2007 5143 2221 5198; x_wconf 90' lang='lat' dir='ltr'><strong>cunque</strong></span> <span class='ocrx_word' id='word_1_877' title='bbox 2264 5127 2452 5193; x_wconf 89' lang='lat' dir='ltr'><strong>voluit,</strong></span> <span class='ocrx_word' id='word_1_878' title='bbox 2500 5126 2648 5182; x_wconf 82' lang='lat' dir='ltr'><strong>fecit.</strong></span> <span class='ocrx_word' id='word_1_879' title='bbox 2685 5147 2704 5180; x_wconf 74' lang='grc' dir='ltr'><strong>ι</strong></span> <span class='ocrx_word' id='word_1_880' title='bbox 2751 5126 2886 5182; x_wconf 87' lang='lat' dir='ltr'><strong>Cum</strong></span> <span class='ocrx_word' id='word_1_881' title='bbox 2926 5126 2997 5182; x_wconf 89' lang='lat' dir='ltr'><strong>sit</strong></span> <span class='ocrx_word' id='word_1_882' title='bbox 3025 5127 3238 5182; x_wconf 90' lang='lat' dir='ltr'><strong>cunctis</strong></span> <span class='ocrx_word' id='word_1_883' title='bbox 3270 5125 3589 5195; x_wconf 89' lang='lat' dir='ltr'><strong>corporibus</strong></span> 
     </span>
    </p>
   </div>
   <div class='ocr_carea' id='block_1_110' title="bbox 2005 5215 3589 5286">
    <p class='ocr_par' dir='ltr' id='par_1_110' title="bbox 2005 5215 3589 5286">
     <span class='ocr_line' id='line_1_110' title="bbox 2005 5215 3589 5286; baseline -0.003 -11"><span class='ocrx_word' id='word_1_884' title='bbox 2005 5220 2266 5286; x_wconf 88' lang='lat' dir='ltr'><strong>exterior,</strong></span> <span class='ocrx_word' id='word_1_885' title='bbox 2297 5219 2510 5275; x_wconf 90' lang='lat' dir='ltr'><strong>cunctis</strong></span> <span class='ocrx_word' id='word_1_886' title='bbox 2539 5219 2808 5274; x_wconf 89' lang='lat' dir='ltr'><strong>mentibus</strong></span> <span class='ocrx_word' id='word_1_887' title='bbox 2830 5218 3061 5274; x_wconf 91' lang='lat' dir='ltr'><strong>interior</strong></span> <span class='ocrx_word' id='word_1_888' title='bbox 3088 5219 3250 5282; x_wconf 86' lang='lat' dir='ltr'><strong>Deus,</strong></span> <span class='ocrx_word' id='word_1_889' title='bbox 3278 5231 3341 5272; x_wconf 92' lang='lat' dir='ltr'><strong>ea</strong></span> <span class='ocrx_word' id='word_1_890' title='bbox 3368 5216 3483 5286; x_wconf 89' lang='lat' dir='ltr'><strong>ipsa</strong></span> <span class='ocrx_word' id='word_1_891' title='bbox 3506 5215 3589 5270; x_wconf 83' lang='lat' dir='ltr'><strong>vis</strong></span> 
     </span>
    </p>
   </div>
   <div class='ocr_carea' id='block_1_111' title="bbox 2005 5307 3586 5384">
    <p class='ocr_par' dir='ltr' id='par_1_111' title="bbox 2005 5307 3586 5384">
     <span class='ocr_line' id='line_1_111' title="bbox 2005 5307 3586 5384; baseline -0.006 -14"><span class='ocrx_word' id='word_1_892' title='bbox 2005 5313 2146 5384; x_wconf 88' lang='lat' dir='ltr'><strong>ejus,</strong></span> <span class='ocrx_word' id='word_1_893' title='bbox 2175 5329 2282 5384; x_wconf 88' lang='lat' dir='ltr'><strong>qua</strong></span> <span class='ocrx_word' id='word_1_894' title='bbox 2313 5313 2492 5369; x_wconf 90' lang='lat' dir='ltr'><strong>omnia</strong></span> <span class='ocrx_word' id='word_1_895' title='bbox 2530 5319 2799 5382; x_wconf 90' lang='lat' dir='ltr'><strong>penetrat,</strong></span> <span class='ocrx_word' id='word_1_896' title='bbox 2848 5319 3040 5366; x_wconf 91' lang='lat' dir='ltr'><strong>cuncta</strong></span> <span class='ocrx_word' id='word_1_897' title='bbox 3097 5309 3354 5380; x_wconf 87' lang='lat' dir='ltr'><strong>disponit,</strong></span> <span class='ocrx_word' id='word_1_898' title='bbox 3407 5307 3586 5362; x_wconf 92' lang='lat' dir='ltr'><strong>anima</strong></span> 
     </span>
    </p>
   </div>
   <div class='ocr_carea' id='block_1_112' title="bbox 2009 5395 3590 5476">
    <p class='ocr_par' dir='ltr' id='par_1_112' title="bbox 2009 5395 3590 5476">
     <span class='ocr_line' id='line_1_112' title="bbox 2009 5395 3590 5476; baseline -0.005 -16"><span class='ocrx_word' id='word_1_899' title='bbox 2009 5405 2151 5461; x_wconf 91' lang='lat' dir='ltr'><strong>illius</strong></span> <span class='ocrx_word' id='word_1_900' title='bbox 2197 5404 2519 5476; x_wconf 88' lang='lat' dir='ltr'><strong>appellatur.</strong></span> <span class='ocrx_word' id='word_1_901' title='bbox 2565 5401 2729 5471; x_wconf 82' lang='lat' dir='ltr'><strong>Cujus</strong></span> <span class='ocrx_word' id='word_1_902' title='bbox 2776 5401 3024 5457; x_wconf 89' lang='lat' dir='ltr'><strong>videlicet</strong></span> <span class='ocrx_word' id='word_1_903' title='bbox 3069 5399 3334 5455; x_wconf 89' lang='lat' dir='ltr'><strong>voluntati</strong></span> <span class='ocrx_word' id='word_1_904' title='bbox 3366 5412 3468 5453; x_wconf 90' lang='lat' dir='ltr'><strong>nec</strong></span> <span class='ocrx_word' id='word_1_905' title='bbox 3496 5395 3590 5452; x_wconf 88' lang='lat' dir='ltr'><strong>illa</strong></span> 
     </span>
    </p>
   </div>
   <div class='ocr_carea' id='block_1_113' title="bbox 2009 5487 3589 5566">
    <p class='ocr_par' dir='ltr' id='par_1_113' title="bbox 2009 5487 3589 5566">
     <span class='ocr_line' id='line_1_113' title="bbox 2009 5487 3589 5566; baseline -0.006 -13"><span class='ocrx_word' id='word_1_906' title='bbox 2009 5496 2282 5553; x_wconf 89' lang='lat' dir='ltr'><strong>obsistunt</strong></span> <span class='ocrx_word' id='word_1_907' title='bbox 2310 5511 2430 5566; x_wconf 70' lang='lat' dir='ltr'><strong>quae</strong></span> <span class='ocrx_word' id='word_1_908' title='bbox 2477 5502 2665 5551; x_wconf 90' lang='lat' dir='ltr'><strong>contra</strong></span> <span class='ocrx_word' id='word_1_909' title='bbox 2693 5487 3024 5549; x_wconf 84' lang='lat' dir='ltr'><strong>voluntatem</strong></span> <span class='ocrx_word' id='word_1_910' title='bbox 3056 5491 3199 5546; x_wconf 90' lang='lat' dir='ltr'><strong>illius</strong></span> <span class='ocrx_word' id='word_1_911' title='bbox 3251 5489 3370 5545; x_wconf 81' lang='lat' dir='ltr'><strong>ﬁeri</strong></span> <span class='ocrx_word' id='word_1_912' title='bbox 3397 5489 3589 5544; x_wconf 89' lang='lat' dir='ltr'><strong>viden-</strong></span> 
     </span>
    </p>
   </div>
   <div class='ocr_carea' id='block_1_114' title="bbox 2011 5581 3590 5657">
    <p class='ocr_par' dir='ltr' id='par_1_114' title="bbox 2011 5581 3590 5657">
     <span class='ocr_line' id='line_1_114' title="bbox 2011 5581 3590 5657; baseline -0.006 -15"><span class='ocrx_word' id='word_1_913' title='bbox 2011 5596 2136 5653; x_wconf 90' lang='lat' dir='ltr'><strong>tur,</strong></span> <span class='ocrx_word' id='word_1_914' title='bbox 2185 5588 2309 5657; x_wconf 90' lang='lat' dir='ltr'><strong>quia</strong></span> <span class='ocrx_word' id='word_1_915' title='bbox 2358 5588 2462 5642; x_wconf 87' lang='lat' dir='ltr'><strong>hoc</strong></span> <span class='ocrx_word' id='word_1_916' title='bbox 2511 5600 2894 5654; x_wconf 87' lang='lat' dir='ltr'><strong>nonnunquam</strong></span> <span class='ocrx_word' id='word_1_917' title='bbox 2943 5584 3211 5654; x_wconf 90' lang='lat' dir='ltr'><strong>permittit</strong></span> <span class='ocrx_word' id='word_1_918' title='bbox 3256 5582 3372 5638; x_wconf 84' lang='lat' dir='ltr'><strong>ﬁeri</strong></span> <span class='ocrx_word' id='word_1_919' title='bbox 3425 5581 3590 5636; x_wconf 87' lang='lat' dir='ltr'><strong>etiam</strong></span> 
     </span>
    </p>
   </div>
   <div class='ocr_carea' id='block_1_115' title="bbox 2009 5671 3590 5751">
    <p class='ocr_par' dir='ltr' id='par_1_115' title="bbox 2009 5671 3590 5751">
     <span class='ocr_line' id='line_1_115' title="bbox 2009 5671 3590 5751; baseline -0.006 -17"><span class='ocrx_word' id='word_1_920' title='bbox 2009 5681 2153 5751; x_wconf 91' lang='lat' dir='ltr'><strong>quod</strong></span> <span class='ocrx_word' id='word_1_921' title='bbox 2179 5695 2283 5734; x_wconf 89' lang='lat' dir='ltr'><strong>non</strong></span> <span class='ocrx_word' id='word_1_922' title='bbox 2305 5679 2565 5749; x_wconf 67' lang='lat' dir='ltr'><strong>praecipit,</strong></span> <span class='ocrx_word' id='word_1_923' title='bbox 2592 5687 2649 5732; x_wconf 91' lang='lat' dir='ltr'><strong>ut</strong></span> <span class='ocrx_word' id='word_1_924' title='bbox 2671 5693 2767 5748; x_wconf 90' lang='lat' dir='ltr'><strong>per</strong></span> <span class='ocrx_word' id='word_1_925' title='bbox 2789 5677 2891 5732; x_wconf 91' lang='lat' dir='ltr'><strong>hoc</strong></span> <span class='ocrx_word' id='word_1_926' title='bbox 2920 5675 3047 5730; x_wconf 92' lang='lat' dir='ltr'><strong>illud</strong></span> <span class='ocrx_word' id='word_1_927' title='bbox 3075 5674 3279 5730; x_wconf 89' lang='lat' dir='ltr'><strong>certius</strong></span> <span class='ocrx_word' id='word_1_928' title='bbox 3303 5671 3590 5744; x_wconf 87' lang='lat' dir='ltr'><strong>impleatur</strong></span> 
     </span>
    </p>
   </div>
   <div class='ocr_carea' id='block_1_116' title="bbox 2012 5762 3587 5844">
    <p class='ocr_par' dir='ltr' id='par_1_116' title="bbox 2012 5762 3587 5844">
     <span class='ocr_line' id='line_1_116' title="bbox 2012 5762 3587 5844; baseline -0.006 -18"><span class='ocrx_word' id='word_1_929' title='bbox 2012 5771 2154 5844; x_wconf 88' lang='lat' dir='ltr'><strong>quod</strong></span> <span class='ocrx_word' id='word_1_930' title='bbox 2176 5769 2349 5841; x_wconf 89' lang='lat' dir='ltr'><strong>jubet.</strong></span> <span class='ocrx_word' id='word_1_931' title='bbox 2377 5770 2648 5840; x_wconf 80' lang='lat' dir='ltr'><strong>Apostatae</strong></span> <span class='ocrx_word' id='word_1_932' title='bbox 2674 5768 2870 5839; x_wconf 90' lang='lat' dir='ltr'><strong>quippe</strong></span> <span class='ocrx_word' id='word_1_933' title='bbox 2915 5766 3090 5838; x_wconf 83' lang='lat' dir='ltr'><strong>angeli</strong></span> <span class='ocrx_word' id='word_1_934' title='bbox 3118 5779 3372 5837; x_wconf 86' lang='lat' dir='ltr'><strong>perversa</strong></span> <span class='ocrx_word' id='word_1_935' title='bbox 3399 5762 3587 5821; x_wconf 89' lang='lat' dir='ltr'><strong>volun-</strong></span> 
     </span>
    </p>
   </div>
  </div>
