4088 6344
547 272 614 328 27
1592 262 1949 323 nussum
1986 263 2436 322 mamensrs
2476 260 2783 321 nomen:
3765 272 3832 341 gs

521 397 638 447 -tas
658 396 759 452 est,
789 385 884 445 sed
915 393 1092 442 tamen
1110 385 1245 440 adeo
1267 381 1582 438 mirabiliter
1594 382 1895 448 ordinatur,
1917 392 1978 437 ut
2005 383 2136 454 ipsa:
2161 386 2215 448 Α
2240 382 2445 435 minum
2475 381 2548 436 ita
2596 389 2650 437 et
2675 396 2904 451 corpora
2934 384 3142 440 creavit
3175 391 3232 440 et
3264 385 3511 455 spiritus,
3541 396 3601 443 ut
3626 400 3830 458 praeter

552 492 768 550 quoque
789 478 906 548 ejus
927 476 1135 532 insidiae
1175 474 1395 529 utilitati
1418 475 1682 529 bonorum
1713 475 1973 537 serviant,
2000 491 2135 545 quos

550 554 787 643 purgant
815 569 942 623 dum
985 570 1243 624 tentant.’
1272 565 1363 622 Sic
1388 566 1570 637 itaque
1599 564 1715 634 ejus
1750 568 1926 622 anima
1961 568 2134 637 quod-

551 677 763 734 cunque
788 660 956 716 voluit
982 661 1085 716 hoc
1137 659 1285 724 fecit,
1319 668 1380 714 ut
1408 659 1532 714 inde
1560 675 1776 731 quoque
1799 660 2135 716 voluntatem

549 770 704 809 suam
737 753 976 824 impleat,
1009 752 1149 817 unde
1190 751 1454 809 voluntati
1487 753 1632 810 illius
1659 769 1964 826 repugnare
1988 755 2137 810 vide—

549 842 754 916 batur.]
1240 836 1245 839 “

622 934 679 989 In
710 933 961 989 omnibus
988 933 1107 990 istis
1149 934 1435 991 sententiis
1465 935 1611 991 beati
1638 935 1906 1008 Gregorii,
1937 937 2136 993 interni

548 1025 831 1096 dispositio
866 1025 1063 1082 secreti
1087 1026 1405 1082 mirabiliter
1435 1028 1760 1095 insinuatur,
1794 1040 1853 1085 ut
1885 1046 2137 1101 quaman-

549 1133 655 1186 que
677 1117 762 1189 agi
784 1116 1036 1173 videntur
1058 1116 1109 1173 in
1137 1124 1380 1190 tempore
1410 1120 1554 1176 circa
1577 1121 1798 1186 electos,
1832 1121 1950 1190 ejus
1977 1132 2140 1178 aeter-

546 1208 734 1264 nitatis
765 1210 991 1265 consilio
1023 1212 1163 1281 apud
1210 1226 1334 1267 eum
1386 1213 1610 1269 deﬁnita
1650 1216 1952 1271 consistant
1981 1231 1996 1269 :
2030 1232 2135 1272 non

549 1302 726 1358 solum
754 1304 995 1361 actiones
1025 1314 1245 1372 sanctae,
1278 1322 1414 1377 quas
1438 1307 1805 1377 ejusmunere
1833 1310 2137 1380 percipiunt

546 1395 724 1461 electi,
768 1397 864 1453 sed
901 1405 950 1452 et
987 1405 1318 1454 tentamenta
1358 1401 1675 1466 adversarii,
1731 1403 1928 1472 quibus
1977 1402 2137 1459 electi

538 1489 867 1559 probantur,
918 1493 1113 1549 divinae
1172 1492 1546 1563 dispositionis
1592 1496 1961 1552 moderamine
2011 1497 2138 1553 diri-

545 1590 772 1652 guntur,
811 1591 869 1638 ut
890 1585 1149 1639 adversus
1182 1594 1398 1641 sanctos
1426 1601 1531 1641 non
1558 1587 1701 1641 aliud
1724 1587 1934 1657 possint
1962 1588 2136 1644 hostis

540 1654 759 1728 insidia:
787 1690 949 1744 quam
979 1678 1122 1745 quod
1149 1675 1391 1733 decrevit
1429 1680 1699 1734 sententia
1725 1654 2132 1736 ‘Dominatoris.

2239 472 2383 528 illam
2407 482 2714 530 secuturam
2736 490 2803 530 ex
2825 473 3245 546 uniuscujusque
3261 477 3439 533 studio
3460 476 3826 539 voluntariam

2240 567 2608 622 diversitatem
2652 567 2769 637 ipsa
2817 568 3141 624 conditionis
3190 568 3415 624 exordio
3462 569 3827 635 dissimillima

2238 660 2628 715 numerositate
2665 660 2921 716 variaret.
2970 659 3275 717 Turbarent
3314 670 3498 717 autem
3535 677 3635 719 nos
3679 672 3736 719 et
3770 665 3825 721 in

2239 749 2515 805 diversum
2562 750 2927 806 distraherent
2956 750 3137 807 multa:
3171 750 3583 823 vaniloquorum
3612 753 3826 824 opinio-

2234 856 2360 908 nes,
2386 843 2478 913 qui
2506 842 2573 897 de
2597 842 3114 914 incognoscibilibus
3138 842 3364 899 definire
3388 844 3825 902 inconvenientia

2238 942 2721 1005 prtesumpserunt,
2744 944 2799 990 et
2820 935 2920 989 bas
2942 934 3234 1006 originales
3259 934 3653 1007 inaequalitates
3673 935 3823 1004 fatis.

2241 1044 2360 1099 qua:
2385 1027 2530 1082 nulla
2560 1037 2707 1094 sunt,
2747 1037 2803 1082 et
2848 1027 3115 1083 sideribus
3160 1027 3506 1098 deputarunt,
3556 1028 3660 1083 nisi
3710 1043 3827 1084 cer-

2242 1117 2449 1172 tissima
2498 1117 2685 1173 notitia
2733 1125 3042 1173 teneremus
3072 1118 3241 1173 Deum
3274 1127 3581 1173 creatorem
3630 1120 3696 1174 de
3722 1118 3829 1175 ele-

2241 1209 2441 1262 mentis
2469 1207 2843 1279 originalibus,
2896 1219 3055 1280 prout
3077 1209 3211 1275 vult,
3262 1224 3358 1264 vas
3402 1211 3828 1281 unumquodque

2241 1295 2499 1362 formare,
2526 1307 2582 1353 et
2606 1314 2765 1353 unam
2780 1307 3030 1354 naturam
3051 1302 3137 1357 ani
3147 1318 3376 1364 marum,
3397 1317 3555 1359 unam
3572 1314 3824 1361 naturam

2240 1401 2526 1458 corporum
2576 1389 2788 1459 placitis
2827 1390 2929 1446 sibi
2993 1400 3295 1463 temperare
3345 1395 3635 1450 mensuris.
3696 1394 3829 1461 Quae
3910 1382 3927 1396 ’

2241 1477 2427 1547 utique
2455 1493 2620 1549 Opera
2651 1481 2745 1535 Dei
2777 1482 3025 1539 humanae
3059 1484 3427 1557 intelligentiae
3467 1502 3574 1542 non
3605 1487 3829 1543 subtra-

2188 1580 2191 1581 '
2242 1571 2522 1638 herentur,
2553 1573 2599 1627 si
2638 1574 2979 1632 innotescere
3004 1578 3333 1645 debuissent,
3364 1590 3420 1637 et
3449 1581 3833 1640 manifestare-

2244 1670 2333 1716 tur
2361 1680 2460 1719 cur
2485 1664 2558 1721 ita
2606 1667 2844 1737 quidque
2895 1669 3070 1737 ﬁeret,
3100 1672 3205 1727 nisi
3228 1674 3370 1743 quod
3398 1673 3475 1729 ita
3504 1674 3660 1729 ﬁeret
3682 1674 3833 1735 seire

545 1760 615 1816 Et
640 1776 950 1833 quanquam
976 1780 1155 1835 prava:
1175 1768 1530 1838 cogitationes
1551 1779 1606 1825 et
1628 1771 1809 1840 iniqua
1833 1780 2127 1827 tentamen-

2240 1754 2531 1812 sullicerct.
2573 1758 2715 1814 Dicit
2764 1759 3023 1817 Dominus
3050 1764 3117 1817 ad
3144 1762 3363 1835 Moysen
3395 1781 3409 1818 :
3438 1784 3467 1816 ο(
3502 1764 3637 1831 Quis
3680 1764 3833 1823 dedit

548 1862 599 1908 ta
623 1854 736 1910 sive
762 1857 1064 1923 hominum,
1089 1859 1205 1917 sive
1237 1862 1565 1929 daemonum,
1591 1863 1755 1918 multa
1771 1864 1934 1919 velint
1956 1864 2137 1922 facere

546 1956 733 2002 contra
755 1950 1089 2007 voluntatem
1113 1952 1230 2017 Dei,
1255 1968 1323 2009 ex
1343 1954 1423 2009 eis
1445 1970 1656 2024 semper
1679 1965 1857 2010 tamen
1888 1957 2136 2015 voluntas

546 2036 692 2094 illius
738 2041 1037 2115 completur
1069 2060 1082 2097 :
1110 2044 1236 2115 quia
1282 2047 1383 2100 etsi
1414 2045 1720 2103 voluntates
1767 2064 2039 2118 perversa:
2066 2064 2135 2106 ex

548 2131 833 2202 iniquitate
857 2136 1077 2193 veniant
1116 2137 1396 2194 rationalis
1433 2150 1696 2195 creaturae
1722 2157 1751 2195 a
1780 2140 1892 2197 Deo
1916 2151 2133 2212 aposta-

552 2226 740 2293 tantis,
763 2228 1006 2285 actiones
1039 2240 1217 2287 tamen
1241 2233 1488 2287 serviunt
1515 2233 1728 2290 caelesti
1750 2235 2130 2305 dispositioni;

544 2318 712 2388 quia,
762 2320 906 2376 sicut
951 2323 1028 2377 ait
1093 2322 1284 2380 beatus
1327 2324 1625 2397 Gregorius
1675 2344 1688 2381 :
1749 2327 1966 2400 [Anima
2014 2331 2132 2400 ejus

544 2410 904 2482 quodcunque
932 2414 1099 2469 voluit
1121 2416 1225 2475 hoc
1255 2414 1402 2478 fecit,
1431 2418 1687 2487 quoniam
1718 2419 1844 2475 inde
1882 2420 2132 2479 volunta-

542 2505 654 2555 tem
699 2516 853 2557 suam
878 2503 1086 2574 implet,
1108 2507 1252 2561 unde
1294 2517 1517 2578 putatur
1560 2509 1679 2580 ejus
1710 2511 1978 2567 voluntati
2039 2528 2128 2569 re-

541 2592 818 2666 pugnari.]
849 2593 1001 2662 Quod
1034 2597 1171 2653 adeo
1199 2614 1389 2654 verum
1424 2614 1548 2656 esse
1577 2602 1719 2656 idem
1748 2612 1968 2659 sanctus
1996 2604 2132 2660 Gre-

532 2685 727 2754 gorius
759 2686 1049 2744 conﬁrmat
1075 2707 1088 2743 :
1114 2698 1175 2746 ut
1202 2706 1537 2765 quaecunque
1566 2695 1745 2750 sancti
1793 2696 1894 2750 viri
1922 2697 2130 2753 orando

545 2787 825 2832 merentur
859 2780 1124 2847 obtinere,
1160 2783 1217 2838 in
1265 2786 1738 2853 praedestinatione
1785 2780 1913 2844 ante
1962 2788 2128 2847 fuisse

543 2867 692 2923 dicat
720 2869 1103 2927 Divinitatisut
1127 2874 1243 2929 hate
1262 2878 1477 2932 .orando
1497 2878 1859 2949 perciperent.
1886 2880 1994 2937 Nec
2020 2881 2128 2937 alia

532 2968 769 3025 possunt
799 2975 830 3014 a
860 2961 972 3016 Deo
1001 2965 1255 3032 precibus
1285 2971 1606 3036 promereri,
1634 2971 1738 3025 nisi
1775 2987 1895 3041 quze
1915 2974 2128 3029 Divini-

546 3047 676 3102 tatis
700 3050 949 3113 ,consilio
986 3052 1188 3110 fuerint
1224 3057 1604 3125 praedestinata
1635 3068 1694 3114 ut
1725 3062 2121 3119 obtinerentur.

2239 1862 2301 1902 os
2349 1848 2575 1913 homini,
2607 1858 2663 1903 et
2706 1850 2827 1919 quis
2854 1851 2982 1906 fecit
3027 1863 3235 1909 mutum
3273 1862 3462 1910 etnon
3488 1855 3828 1927 audientem,

2237 1940 2508 1995 videntem
2579 1953 2634 1997 et
2683 1945 2922 1999 cmcum?
2974 1946 3162 2003 Nonne
3212 1964 3313 2020 ego
3374 1951 3635 2005 Dominus
3682 1951 3834 2023 Deus

2240 2029 2436 2099 (Exod.
2472 2047 2546 2097 iv,
2580 2032 2686 2103 ll).
2714 2054 2734 2087 ι
2765 2034 2832 2089 Et
2869 2050 2968 2105 per
2997 2037 3195 2099 Isaiam
3228 2058 3241 2092 :
3279 2058 3300 2092 ‹
3350 2039 3540 2096 Nonne
3564 2055 3693 2096 ecce
3731 2054 3832 2113 ego

2237 2120 2523 2179 fecundam
2555 2132 2610 2180 et
2659 2128 2897 2183 sterilem
2953 2128 3092 2185 feci?
3132 2130 3269 2186 dixit
3301 2132 3442 2188 Deus
3491 2132 3627 2204 (Isa.
3670 2148 3829 2209 vat,

2213 2215 2316 2283 .9).
2348 2236 2366 2268 ι
2398 2215 2456 2271 ln
2487 2217 2627 2273 libro
2660 2218 3044 2278 Ecclesiastico
3066 2223 3301 2295 legitur:
3334 2244 3354 2276 ι
3393 2225 3542 2281 Bona
3578 2233 3633 2280 ct
3658 2225 3830 2293 mala,

2237 2308 2348 2363 vita
2393 2316 2451 2364 et
2492 2325 2659 2376 mors,
2723 2324 3014 2384 paupertas
3062 2323 3117 2370 et
3165 2317 3422 2373 honestas
3474 2334 3505 2372 a
3539 2319 3649 2373 Deo
3696 2324 3833 2373 sunt

2244 2395 2435 2468 (Eccli.
2469 2415 2549 2464 χι,
2578 2398 2688 2470 14).
2724 2419 2742 2453 ι
2775 2400 2842 2455 Et
2866 2401 2967 2458 Job
2993 2403 3125 2459 dicit
3153 2421 3166 2458 :
3199 2425 3217 2456 ι
3243 2404 3537 2461 Abundant
3567 2406 3829 2463 taberna-

2237 2489 2357 2545 cula
2384 2492 2714 2560 przedonum,
2748 2500 2804 2548 et
2829 2496 3088 2551 audacter
3132 2507 3431 2568 provocant
3457 2497 3648 2562 Deum,
3699 2513 3833 2559 cum

2205 2598 2211 2604 ε
2236 2579 2352 2651 ipse
2381 2582 2589 2638 dederit
2607 2584 2789 2640 omnia
2814 2585 2871 2640 in
2894 2587 3143 2644 manibus
3168 2605 3359 2645 eorum
3387 2589 3508 2663 (Job
3552 2605 3649 2656 xu,
3684 2588 3771 2660 6).
3798 2609 3824 2661 ρ

2239 2671 2306 2726 Et
2354 2673 2493 2728 idem
2540 2675 2607 2731 de
2643 2677 2883 2731 omnium
2939 2695 3122 2735 rerum
3167 2682 3528 2738 humanarum
3577 2680 3831 2754 profectu

2239 2771 2295 2819 et
2322 2764 2531 2821 defectu
2579 2768 2878 2838 disputans.
2919 2786 3213 2842 omnesque
3256 2773 3586 2830 mutationes
3622 2774 3698 2841 ad
3724 2773 3830 2831 Dei

2231 2856 2434 2927 judicia
2472 2857 2713 2915 referens
2746 2879 2761 2916 :
2797 2879 2817 2913 ‹
2849 2861 3003 2933 Apud
3034 2863 3210 2933 ipsum
3252 2874 3359 2931 est,
3404 2884 3424 2918 ι
3456 2865 3651 2935 inquit,
3684 2883 3705 2917 ι
3741 2880 3831 2935 ερ-

2236 2948 2441 3019 pientia
2469 2960 2523 3007 et
2553 2950 2810 3009 fortitudo
2835 2970 2850 3008 :
2876 2955 2990 3024 ipse
3035 2955 3200 3011 habet
3227 2956 3513 3012 consilium
3542 2965 3598 3010 ct
3625 2955 3829 3031 intelli-

2237 3044 2474 3112 gentiam
2525 3059 2541 3099 :
2594 3046 2642 3102 si
2696 3047 3046 3114 destruxerit,
3101 3064 3263 3106 nemo
3313 3058 3397 3105 est
3424 3050 3517 3122 qui
3558 3048 3825 3137 adiacet;

546 3138 608 3195 ln
637 3142 862 3215 Dialogo
907 3160 1143 3217 namque
1184 3124 1284 3205 suo
1320 3152 1459 3221 (cap.
1490 3150 1545 3222 8)
1576 3153 1651 3208 ita
1691 3154 1770 3210 ait
1803 3173 1816 3209 :
1849 3154 2127 3228 [Obtinere

2237 3134 2284 3189 si
2333 3136 2617 3202 incluserit
2658 3140 2957 3208 hominem,
3000 3142 3179 3199 nullus
3230 3151 3315 3200 est
3343 3143 3435 3214 qui
3483 3143 3728 3213 aperiat;

534 3248 885 3304 nequaquam
913 3250 1159 3308 possunt,
1192 3243 1446 3299 nimirum
1472 3248 1666 3311 sancti,
1689 3263 1809 3316 quae
1851 3250 2130 3318 praedesti-

545 3335 672 3379 nata
703 3342 809 3383 non
840 3327 1070 3396 fuerint;
1115 3333 1211 3388 sed
1238 3350 1300 3389 ea
1331 3351 1452 3405 quae
1479 3338 1654 3393 sancti
1690 3339 1794 3394 viri
1822 3342 2029 3395 orando
2050 3340 2130 3396 ef-

544 3414 752 3481 ﬁciunt,
782 3417 857 3474 ita
883 3421 1262 3489 praedestinata
1305 3436 1431 3481 sunt
1462 3435 1521 3482 ut
1557 3430 1812 3498 precibus
1837 3430 2128 3488 obtinean-

544 3514 653 3560 tur.
682 3507 815 3564 Nam
840 3511 956 3582 ipsa
999 3529 1213 3584 quoque
1242 3519 1494 3585 perennis
1525 3521 1673 3592 regni
1700 3522 2124 3591 praedestinatio,

544 3595 618 3649 ita
645 3606 728 3653 est
753 3600 822 3655 ab
845 3603 1212 3673 omnipotente
1235 3605 1344 3663 Deo
1364 3608 1645 3679 disposita,
1670 3621 1730 3665 ut
1749 3613 1818 3667 ad
1845 3614 1947 3669 hoc
1968 3614 2128 3673 electi

542 3702 611 3743 ex
632 3688 816 3746 labore
842 3686 1182 3764 perveniant,
1212 3706 1481 3768 quatenus
1522 3702 1844 3770 postulando
1875 3720 2124 3761 merean-

543 3790 633 3836 tur
658 3785 909 3854 accipere
953 3788 1099 3856 quod
1127 3789 1207 3844 eis
1232 3791 1574 3861 omnipotens
1602 3795 1745 3851 Deus
1774 3804 1901 3852 ante
1926 3797 2125 3854 saecula

541 3870 809 3941 disposuit
838 3875 1089 3949 donare.‘|

610 3960 690 4016 De
722 3964 825 4020 hac
875 3966 1071 4022 iterum
1102 3970 1506 4042 dispensatione
1547 3975 1849 4032 divinorum
1899 3992 2126 4047 operum

539 4050 779 4122 Prosper
830 4054 885 4110 in
932 4056 1071 4114 libro
1123 4060 1191 4116 de
1246 4060 1542 4121 Vocatione
1591 4066 1835 4137 gentium
1880 4065 2032 4139 (Lib.
2080 4083 2123 4135 ι,

2236 3228 2568 3283 continuerit
2614 3247 2803 3301 aquas,
2858 3234 3041 3290 omnia
3100 3235 3479 3299 siccabuntur;
3537 3233 3583 3289 si
3629 3232 3827 3296 emise-

2235 3318 2307 3372 rit
2336 3334 2452 3385 eas,
2494 3323 2814 3380 subvertent
2866 3335 3086 3382 terram.
3141 3327 3295 3399 Apud
3324 3328 3501 3397 ipsum
3547 3333 3632 3382 est
3669 3324 3831 3383 forti-

2236 3410 2385 3477 tudo,
2409 3421 2464 3466 et
2491 3414 2756 3484 sapientia
2791 3434 2805 3472 :
2840 3417 2956 3487 ipse
2994 3418 3143 3474 novit
3163 3427 3218 3474 et
3244 3419 3599 3489 decipientem
3618 3425 3675 3472 et
3694 3432 3826 3477 eum

2235 3501 2327 3571 qui
2354 3503 2668 3573 decipitur:
2714 3508 2936 3564 adducit
2980 3510 3321 3566 consiliarios
3372 3510 3426 3566 in
3478 3510 3703 3565 stultum
3760 3502 3819 3569 ﬁ-

2234 3607 2360 3647 nem
2387 3603 2443 3648 et
2477 3592 2691 3662 iudices
2718 3597 2771 3652 in
2812 3608 3105 3668 stuporem.
3130 3598 3379 3654 Balteum
3411 3613 3598 3670 regum
3625 3598 3827 3655 dissolc

2232 3685 2329 3751 vit,
2353 3694 2408 3742 et
2434 3690 2717 3762 przeeingit
2738 3690 2865 3746 fune
2894 3706 3051 3747 renes
3089 3707 3276 3747 eorum
3306 3690 3492 3763 (Ibid.,
3535 3690 3746 3762 15-18).
3784 3711 3819 3751 δ

2235 3797 2255 3830 ς
2287 3776 2768 3836 Ducitsacerdotes
2796 3782 3070 3853 inglorios,
3092 3784 3450 3854 etoptimates
3469 3781 3782 3853 supplantat
3806 3802 3821 3839 :

2230 3880 2570 3926 commutatis
2614 3872 2817 3927 labium
2853 3874 3144 3939 veracium,
3184 3884 3239 3929 et
3277 3874 3582 3930 doctrinam
3624 3890 3820 3929 senum

2229 3959 2511 4025 auferens;
2539 3959 2818 4018 eﬂ‘undens
2841 3964 3238 4033 despectionem
3259 3981 3420 4037 super
3443 3966 3742 4037 principes,
3763 3974 3822 4031 et

2228 4066 2321 4106 eos
2350 4052 2441 4123 qui
2471 4054 2714 4124 oppressi
2745 4054 2957 4109 fuerant
2988 4056 3236 4112 relevans
3265 4074 3281 4112 :
3328 4061 3417 4129 qui
3452 4058 3657 4114 revelat
3686 4074 3818 4129 pro-

540 4146 1403 4227 cap_15)ila]0quiwr:[Muua
1433 4158 1579 4212 enim
1626 4167 1751 4214 sum
1804 4160 1858 4214 in
1909 4160 2125 4229 (πίεραι,
2226 4138 2391 4195 funda
2440 4141 2507 4196 de
2558 4144 2797 4200 tenebris
2845 4154 2898 4200 et
2942 4148 3194 4216 producit
3237 4149 3291 4203 in
3339 4148 3513 4205 lucem
3564 4150 3816 4225 umbram

540 4235 754 4295 satione
773 4238 1076 4296 divinorum
1103 4259 1351 4314 operum,
1377 4264 1610 4318 quorum
1629 4250 1808 4306 causis
1831 4249 2123 4308 latentibus

2231 4233 2461 4288 mortis:
2492 4236 2584 4306 qui
2635 4237 2954 4310 multiplicat
2996 4250 3206 4311 gentes,
3254 4250 3309 4297 et
3354 4243 3543 4313 perdet
3588 4258 3704 4310 cas,
3758 4253 3818 4303 et

540 4325 641 4380 εοιί
669 4336 1040 4391 "magnam",
1074 4332 1321 4402 egemus,
1346 4347 1405 4393 ιη
1435 4354 1557 4394 cum
1594 4348 1778 4409 pateat
1804 4341 1946 4410 quod
1979 4341 2123 4412 geri-
2225 4327 2513 4384 subversas
2543 4329 2597 4383 in
2649 4331 2917 4402 integrum
2961 4335 3254 4391 restituet:
3303 4335 3393 4405 qui
3426 4336 3673 4391 immutat
3716 4351 3816 4399 car

537 4423 652 4482 tur,
676 4434 783 4475 non
821 4430 1006 4491 pateat
1032 4439 1132 4480 cur
1161 4435 1398 4495 geratur,
1427 4429 1646 4502 negotio
1678 4431 1735 4485 in
1762 4431 1996 4487 medium
2024 4430 2116 4486 de—

2231 4417 2527 4489 principum
2559 4429 2739 4487 teme,
2772 4431 2828 4478 et
2854 4423 3061 4495 decipit
3084 4441 3196 4491 eos,
3229 4435 3288 4480 ut
3314 4425 3514 4483 frustra
3557 4427 3815 4487 incedant

536 4509 725 4578 ducto,
746 4521 802 4567 et
826 4490 891 4568 in
919 4490 1189 4573 occultum
1220 4520 1428 4576 ratione
1454 4490 1733 4585 stibducta,
1766 4531 1825 4577 ut
1852 4523 1905 4577 in
1928 4525 2120 4579 eadem

2231 4509 2588 4578 perinvium;
2623 4513 2914 4585 palpabunt
2953 4490 3108 4587 quasi
3157 4517 3210 4572 in
3239 4518 3495 4585 tenebris,
3526 4526 3583 4573 et
3611 4535 3716 4574 non
3752 4521 3809 4583 in

539 4614 602 4656 re
616 4609 674 4655 et
688 4603 752 4657 de
769 4603 1211 4664 inscrutabilibus
1223 4612 1571 4682 praesumptio
1583 4612 1974 4682 comprimatur
1987 4620 2041 4666 et
2055 4612 2121 4668 de

2231 4601 2367 4671 luce,
2400 4612 2455 4660 et
2490 4621 2675 4663 errare
2711 4622 2805 4664 cos
2848 4606 3015 4664 faciet
3061 4610 3214 4679 quasi
3262 4610 3442 4668 ebrios
3488 4610 3673 4683 (Ibid.,
3715 4612 3812 4669 19-

537 4693 843 4751 manifestis
870 4696 1075 4755 falsitas
1129 4700 1412 4758 refutetur.
1450 4703 1634 4775 Neque
1680 4705 1825 4759 enim
1856 4705 1900 4760 si
1934 4706 2120 4761 nescio
2223 4696 2337 4769 25)-
2386 4717 2406 4752 ι
2441 4696 2509 4753 El
2530 4699 2725 4755 iterum
2754 4701 2895 4756 idem
2923 4702 3108 4757 dicens
3125 4703 3455 4760 VOIUﬂmem
3470 4702 3566 4760 Dei
3596 4704 3810 4765 ίπίιαω

535 4796 635 4837 cur
662 4785 751 4841 ille
775 4784 999 4845 Graecus
1025 4800 1262 4861 creetur,
1291 4794 1379 4850 hic
1408 4795 1708 4862 barbarus;
1742 4796 1844 4853 iste
1872 4797 1926 4852 in
1976 4796 2117 4853 divi-

536 4873 646 4939 tiis,
697 4876 786 4932 ille
828 4879 882 4934 in
925 4891 1162 4949 egestate
1190 4896 1478 4953 nascatur;
1514 4889 1659 4944 hunc
1698 4889 1875 4946 valida
1904 4891 2118 4961 proceri

532 4967 780 5034 corporis
801 4969 1143 5038 pulchritudo
1172 4976 1448 5042 sublimet,
1473 4978 1623 5034 illum
1653 4979 1909 5035 debilium
1944 4995 2116 5036 mem-

534 5052 757 5111 brorum
788 5058 1001 5116 exilitas
1021 5073 1297 5121 contracta
1317 5067 1616 5135 deformet;
1652 5070 1754 5124 iste
1773 5085 1805 5124 a
1831 5070 2119 5127 catholicis

532 5147 715 5204 editus
739 5149 795 5206 in
818 5153 1062 5212 veritatis
1094 5160 1379 5216 cunabulis
1397 5163 1690 5229 nutriatur,
1722 5162 1810 5219 ille
1836 5163 2120 5229 hatretico-

533 5250 652 5292 rum
696 5244 982 5314 progenies
1009 5262 1132 5303 cum
1166 5250 1284 5320 ipso
1329 5252 1472 5309 lacte
1502 5254 1690 5308 matris
1730 5253 2117 5309 hauriatvirus

530 5330 767 5399 erroris;
792 5335 837 5389 si
869 5335 1102 5408 denique
1138 5342 1281 5397 mille
1330 5344 1466 5399 alias
1488 5342 1819 5400 differentias
1850 5345 1901 5398 in
1928 5344 2112 5400 habitu

532 5433 840 5491 corporum,
887 5427 941 5482 in
968 5431 1319 5500 qualitatibus
1343 5435 1670 5498 animorum,
1722 5436 1775 5490 in
1803 5436 2113 5493 conditione

531 5520 854 5583 temporum,
909 5520 962 5576 in
1000 5539 1149 5579 more
1197 5527 1477 5597 regionum
1518 5526 1814 5597 dijudicare
1843 5543 1949 5583 non
1982 5546 2109 5601 pos-

504 5617 673 5671 .sum,
720 5608 840 5665 ideo
869 5616 1011 5681 quod
1049 5615 1290 5671 omnium
1329 5618 1519 5672 horum
1574 5620 1714 5677 Deus
1759 5620 1831 5676 sit
1864 5621 2113 5678 conditor

508 5703 1240 5785 ,atquc'ordinatorignoro;
1283 5708 1375 5780 qui
1416 5710 1601 5782 utique
1643 5712 1978 5785 singulorum
2007 5714 2101 5771 bo-

2223 4806 2346 4847 esse
2367 4806 2473 4846 non
2498 4806 2656 4860 posse
2688 4810 2701 4846 :
2736 4811 2756 4844 ι
2808 4792 2928 4863 Ipse
2972 4795 3139 4858 enim,
3190 4796 3384 4866 inquit,
3430 4795 3580 4853 solus
3620 4806 3704 4853 est
3753 4804 3811 4859 et

2222 4898 2381 4938 nemo
2425 4892 2668 4938 avertere
2708 4893 2887 4953 potest
2923 4886 3301 4957 cogitationem
3345 4887 3494 4959 ejus;
3525 4898 3582 4945 et
3624 4889 3806 4955 anim

2222 4973 2339 5045 ejus
2368 4974 2725 5044 quodcunque
2752 4974 3003 5044 voluerit,
3029 4978 3133 5033 hoc
3155 4979 3264 5036 lict.
3288 4979 3347 5054 θ]

2293 5061 2425 5117 Item
2444 5061 2729 5118 Salvianus
2751 5063 3037 5139 episcopus
3064 5068 3120 5123 in
3141 5068 3279 5124 libro
3310 5070 3471 5127 tertio
3500 5070 3636 5144 (sub.
3661 5072 3803 5145 ἱηὶιτ)

2221 5155 2286 5210 de
2310 5154 2714 5213 Gubernatione
2745 5158 2838 5213 Dei
2860 5161 3040 5216 omnia
3065 5177 3185 5231 qua:
3210 5163 3262 5216 in
3288 5164 3490 5220 mundo
3514 5178 3801 5237 geruntur,

2219 5260 2347 5300 cura
2372 5255 2427 5300 et
2452 5248 2823 5319 gubernaculo
2849 5263 2903 5309 et
2930 5252 3137 5322 judicio
3169 5252 3263 5310 Dei
3294 5256 3569 5312 moderari
3602 5258 3801 5325 talibm

2218 5338 2397 5393 verbis
2419 5350 2765 5410 protestetur.
2788 5344 3079 5417 [Quaeritur
3102 5347 3285 5419 itaque
3308 5350 3353 5404 si
3378 5359 3550 5407 totum
3578 5353 3799 5423 quodin

2219 5429 2320 5485 hoc
2356 5433 2554 5487 mundo
2578 5444 2681 5500 est,
2711 5450 2841 5490 cura
2888 5443 2942 5489 et
2970 5438 3332 5508 gubernaculo
3370 5451 3426 5498 et
3458 5440 3663 5513 judicio
3702 5442 3799 5503 Dei

2219 5524 2416 5595 agitur,
2448 5540 2545 5580 cur
2578 5525 2767 5581 melior
2811 5527 2979 5583 multo
3020 5531 3092 5586 sit
3137 5532 3493 5589 barbarorum
3536 5536 3795 5603 conditio,

2217 5632 2379 5687 quam
2404 5619 2631 5671 nostra?
2655 5635 2754 5674 cur
2794 5621 2935 5677 inter
2966 5638 3064 5681 nos
3110 5641 3325 5697 quoque
3376 5628 3523 5698 ipsos
3550 5644 3671 5683 sors
3700 5630 3797 5685 bo-

2216 5724 2407 5766 norum
2453 5710 2638 5767 durior
2662 5728 2826 5785 quam
2874 5716 3173 5786 malorum;
3219 5734 3319 5774 cur
3352 5720 3514 5791 probi
3553 5719 3794 5795 jacentis
