4088 6344
356 350 429 408 as
1342 359 1431 416 ns
1468 360 2138 425 ruenss'rmmons
2176 368 2304 424 DEI.
2342 400 2413 413 --
2448 371 2576 430 LIB.
2607 375 2647 432 ι.
3094 370 3107 376 ‘
3548 370 3619 443 so

354 465 592 569 improbi
619 468 1038 569 convalescant;
1075 487 1175 528 cur
1216 473 1418 543 iniquis
1449 478 1533 533 vel
1581 482 1817 537 maxime
1840 498 1937 554 po-
1963 489 2015 549 Α
2038 483 2259 554 placuit,
2305 498 2426 554 quae
2454 488 2707 543 brevitati
2746 489 3008 547 suﬁiciant
3036 501 3091 549 et
3118 493 3354 552 divinam
3391 502 3618 569 gratiam

355 558 648 613 testatibus
672 562 923 617 universa
950 565 1345 621 succumbunt?
1368 566 1579 625 Possim
1608 573 1823 641 quidem
1854 590 1942 631 ra-
2038 578 2507 643 commendent,et
2526 570 3019 649 praedestinationis
3041 589 3322 646 consilium
3352 558 3459 648 non
3484 595 3613 651 abs-

354 651 692 755 tionahiliter
719 664 775 709 et
793 655 929 712 satis
961 668 1277 717 constanter
1324 663 1535 728 dicere,
1585 664 1815 723 Nescio:
1848 683 1939 725 se»
2037 667 2292 721 condant.
2318 667 2470 736 Quod
2503 668 2634 726 fides
2653 671 2853 728 donum
2906 676 3001 731 Dei
3026 678 3114 745 sit,
3143 690 3197 735 et
3224 680 3400 738 nullus
3429 690 3618 755 pereat
3706 678 3725 693 ’

352 743 748 845 cretum-enim
790 747 1076 845 consilium
1121 749 1430 807 Divinitatis
1476 755 1684 825 ignoro.
1729 756 1939 815 Suliicit
2037 760 2560 831 prtedestinatorum,
2598 764 2789 822 beatus
2811 743 3142 843 Augustinus
3178 772 3233 828 in
3278 743 3617 845 expositione

350 830 484 941 mihi
514 832 785 941 adncausa:
812 834 972 905 hujus
988 837 1513 941 probationem'dicti
1544 845 1781 902 caelestis
1813 865 1937 906 ora-
2034 853 2303 924 Evangelii
2329 830 2952 929 Joannis(Tract.Lxxu)
2981 864 3053 918 ita
3081 830 3403 922 couﬁrmai:
3424 830 3616 941 [athe-1

348 923 552 986 culum,
581 924 724 983 Deus
749 942 783 982 a
830 943 910 993 se,
942 937 1004 986 ut
1038 930 1233 989 libellis
1261 936 1631 1005 superioribus
1671 943 1927 1009 probavi-

346 1029 491 1078 mus,
525 1017 707 1071 omnia
734 1018 866 1073 dicit
894 1020 1085 1089 aspici,
1119 1026 1301 1080 omnia
1328 1027 1466 1096 regi,
1493 1030 1673 1084 omnia
1718 1031 1928 1100 judica-

345 1104 413 1160 ri.
450 1105 509 1160 Si
538 1108 678 1164 scire
724 1110 808 1165 vis
852 1110 982 1180 quid
1030 1116 1318 1170 tenendum
1355 1117 1459 1183 sit,
1504 1119 1671 1176 habes
1721 1122 1929 1179 litteras

343 1210 556 1252 saetas.
577 1197 824 1256 Perfecta
857 1202 996 1259 ratio
1024 1214 1111 1259 est
1151 1207 1255 1263 hoc
1294 1216 1479 1266 tenere
1521 1214 1661 1281 quod
1711 1214 1927 1285 legeris.

343 1285 463 1355 Qua
492 1303 659 1345 causa
682 1300 859 1346 autem
888 1291 1028 1350 Deus
1058 1295 1174 1351 haec
1206 1298 1272 1354 de
1306 1300 1501 1369 quibus
1533 1303 1825 1372 loquimur,
1854 1305 1928 1362 ita

339 1376 534 1445 faciat,
564 1380 687 1436 nolo
710 1396 743 1435 a
788 1398 876 1438 me
906 1386 1189 1455 requiras:
1239 1389 1401 1444 homo
1446 1407 1589 1456 sum,
1637 1408 1743 1448 non
1776 1395 1928 1449 intel-

340 1469 485 1542 ligo;
534 1482 748 1529 secreta
797 1475 894 1531 Dei
938 1477 1264 1559 investigare
1304 1497 1411 1537 non
1458 1484 1660 1550 audeo,
1707 1495 1762 1541 et
1804 1487 1925 1544 ideo

338 1565 507 1619 etiam
537 1573 805 1625 attentare
827 1567 1095 1625 formido:
1127 1573 1252 1642 quia
1273 1589 1341 1629 ex
1382 1576 1484 1631 hoc
1534 1578 1707 1647 ipsum
1753 1594 1924 1649 genus

336 1653 496 1722 quasi
522 1655 801 1726 sacrilegae
829 1659 1148 1715 temeritatis
1172 1670 1277 1727 est,
1302 1664 1345 1719 si
1390 1663 1513 1734 plus
1544 1666 1687 1721 scire
1736 1669 1924 1739 cupias

334 1757 499 1813 quam
532 1745 751 1802 sinaris.
770 1747 1010 1804 Sufficiat
1033 1751 1127 1806 tibi
1153 1754 1296 1816 quod
1319 1753 1462 1810 Deus
1480 1772 1511 1811 a
1537 1772 1597 1811 se
1624 1759 1707 1829 agi
1731 1775 1794 1813 ac
1816 1760 1922 1816 dis-

2034 945 2217 1010 dendi,
2247 948 2436 1017 inquit,
2465 949 2517 1002 in
2554 965 2677 1005 eum
2709 953 2799 1021 qui
2823 951 3089 1021 justiiicat
3115 958 3365 1029 impium,
3390 959 3617 1031 deputa-

2031 1045 2121 1092 tur
2150 1039 2282 1095 ﬁdes
2323 1040 2437 1108 ejus
2477 1044 2545 1096 ad
2585 1042 2853 1113 justitiam
2901 1045 3077 1117 (Rom.
3109 1063 3182 1114 tv,
3224 1050 3301 1119 5).
3351 1070 3370 1105 ι
3411 1050 3472 1107 in
3508 1048 3614 1111 hoc

2030 1146 2193 1214 opere
2215 1131 2474 1188 faciamus
2502 1151 2667 1205 opera
2692 1135 2917 1203 Christi,
2950 1141 3074 1210 quia
3095 1150 3149 1195 et
3179 1142 3353 1212 ipsum
3382 1146 3612 1202 credere

2030 1222 2084 1276 in
2125 1220 2361 1288 Christo,
2389 1239 2523 1294 opus
2559 1236 2643 1281 est
2671 1225 2896 1283 Christi.
2929 1227 3043 1284 Hoc
3075 1242 3329 1300 operatur
3347 1236 3400 1289 in
3434 1234 3610 1304 nobis,

2028 1326 2135 1365 non
2175 1313 2382 1397 utique.
2403 1315 2520 1371 sine
2550 1318 2723 1372 nobis.
2768 1318 2905 1373 Audi
2936 1333 3065 1389 ergo
3085 1320 3197 1388 jam
3228 1332 3281 1377 et
3323 1314 3606 1395 intelliget?

2034 1420 2053 1453 ι
2097 1401 2197 1469 Qui
2228 1405 2399 1458 credit
2428 1406 2480 1459 in
2507 1421 2593 1460 me
2614 1448 2626 1469 ,
2658 1422 2818 1477 opera
2844 1425 2965 1479 qua:
2994 1426 3095 1481 ego
3130 1409 3273 1467 facio
3295 1423 3351 1468 et
3382 1415 3496 1483 ipse
3524 1413 3609 1471 fat-‘-

2027 1493 2133 1547 ciet
2171 1494 2351 1565 (Joan.
2382 1512 2492 1560 xiv,
2522 1498 2647 1569 i2)?
2677 1519 2696 1552 ι
2732 1499 2888 1556 Prius
2925 1516 3024 1571 ego
3051 1501 3209 1569 facio,
3257 1506 3449 1561 deinde
3495 1500 3610 1579 ips’é

2027 1580 2215 1647 faciet;
2258 1585 2384 1653 quia
2421 1584 2558 1641 facio
2596 1597 2656 1642 ut
2697 1588 2876 1644 faciat.
2907 1588 3037 1659 Quae
3088 1608 3273 1664 Opera,
3317 1595 3421 1651 nisi
3454 1605 3512 1650 ut
3540 1608 3609 1655 ex

2027 1675 2191 1743 impio
2219 1675 2396 1744 justus
2428 1676 2559 1732 ﬁat?
2587 1678 2657 1733 Et
2690 1681 2898 1751 majora
2921 1683 3104 1736 horum
3138 1684 3317 1752 faciet.
3341 1683 3605 1752 Quorum,

2023 1763 2289 1818 obsecro?
2316 1764 2695 1835 Numquidnam
2733 1770 2972 1825 omnium
3001 1786 3221 1842 operum
3252 1773 3453 1830 Christi
3486 1790 3606 1831 ma—

332 1836 554 1937 pensari
580 1847 776 1894 cuncta
809 1848 1054 1896 testatur.
1079 1841 1216 1909 Quid
1269 1861 1355 1899 me
1395 1846 1709 1919 interrogas,
1749 1865 1918 1919 quare
1945 1837 2133 1925 Bjora
2175 1853 2321 1920 facit,
2349 1857 2441 1927 qui
2480 1874 2604 1913 cum
2639 1859 2829 1915 timore
2861 1868 2915 1916 et
2958 1836 3194 1919 tre-more
3233 1880 3385 1920 suam
3434 1867 3606 1937 ipsius

335 1924 476 1981 alter
499 1927 571 1982 sit
600 1928 793 1999 major.
817 1930 956 1987 alter
994 1932 1200 2001 minor;
1232 1935 1370 1991 alter
1397 1937 1584 2003 miser,
1629 1939 1767 1994 alter
1794 1942 1920 1996 beas

335 2026 460 2083 tus;
491 2019 633 2075 alter
662 2020 844 2086 fortis,
875 2024 1015 2079 alter
1042 2024 1328 2082 infirmus?
1353 2027 1467 2095 Qua
1511 2046 1671 2085 causa
1701 2034 1919 2102 quidem

332 2106 451 2163 hazc
468 2108 613 2166 Deus
636 2111 801 2167 faciat
821 2130 927 2168 non
951 2115 1206 2187 intelligo,
1229 2120 1322 2173 sed
1345 2120 1413 2175 ad
1439 2120 1802 2190 plenissimam
1836 2138 1921 2178 ra-

334 2201 541 2256 tionem
572 2203 787 2260 abunde
808 2205 1005 2262 sufficit
1027 2209 1170 2275 quod
1196 2225 1227 2264 a
1270 2210 1380 2266 Deo
1418 2213 1503 2284 agi
1553 2214 1657 2269 ista
1697 2216 1920 2271 demon-

332 2300 471 2348 stro.
507 2290 663 2348 Sicut
682 2296 827 2350 enim
857 2297 977 2367 plus
997 2307 1079 2354 est
1107 2299 1247 2356 Deus
1269 2316 1431 2372 quam
1467 2305 1642 2359 omnis
1682 2305 1916 2362 humana

331 2383 496 2449 ratio,
521 2385 604 2440 sic
634 2384 754 2467 plus
784 2386 917 2442 mihi
953 2388 1114 2445 debet
1158 2406 1279 2446 esse
1316 2408 1477 2463 quam
1519 2395 1678 2452 ratio.
1709 2395 1851 2465 quod
1883 2410 1918 2451 a

332 2473 444 2531 Deo
473 2477 564 2547 agi
593 2485 791 2533 cuncta
818 2493 1107 2550 cognosco.
1130 2481 1277 2537 Nihil
1298 2498 1434 2555 ergo
1462 2485 1517 2539 in
1557 2485 1660 2541 bac
1695 2501 1754 2541 re
1780 2502 1918 2557 opus

328 2580 412 2626 est
441 2586 645 2627 novum
678 2571 881 2642 aliquid
908 2574 1116 2639 audire,
1144 2579 1278 2631 satis
1304 2577 1374 2632 sit
1406 2593 1505 2647 pro
1529 2579 1797 2633 universis
1822 2594 1917 2634 ras

329 2663 570 2720 tionibus
602 2674 791 2720 auctor
820 2664 982 2722 Deus.
1012 2666 1123 2723 Nec
1145 2668 1272 2725 licet
1296 2679 1354 2724 ut
1385 2670 1453 2724 de
1481 2671 1563 2724 his
1585 2686 1706 2739 qua:
1734 2673 1914 2728 divino

326 2768 566 2828 aguntur
590 2760 821 2815 arbitrio
844 2760 988 2817 aliud
1013 2762 1164 2817 dicas
1185 2760 1390 2831 justum
1406 2803 1424 2828 ,
1450 2764 1592 2817 aliud
1616 2764 1910 2833 injustum;

327 2849 453 2918 quia
480 2848 745 2920 quidquid
767 2866 799 2906 a
829 2851 942 2908 Deo
967 2852 1050 2923 agi
1073 2853 1224 2908 vides
1252 2862 1414 2924 atque
1437 2855 1796 2918 convinccris,
1821 2870 1916 2910 ne-

329 2951 483 2992 cesse
509 2945 597 2993 est
615 2938 734 3008 plus
752 2954 913 3007 quam
931 2939 1135 3010 justum
1160 2958 1278 2997 esse
1300 2941 1537 2997 fatearis.
1564 2942 1672 2997 Nec
1692 2957 1819 3014 ergo
1847 2944 1916 2999 de

326 3028 695 3097 gubernaculo
716 3029 811 3086 Dei
831 3039 994 3101 atque
1007 3032 1213 3101 judicio
1228 3032 1631 3103 expeditissime
1648 3048 1713 3087 ac
1739 3031 1916 3089 fortis-

325 3117 466 3173 sime
495 3118 599 3174 dici
636 3129 861 3188 possunt
890 3138 904 3173 :
932 3136 1106 3192 neque
1129 3123 1271 3177 enim
1301 3137 1523 3178 necesse
1547 3130 1713 3177 estut
1748 3137 1913 3194 argu-

2022 1946 2247 2001 salutem
2272 1958 2557 2018 operatur;
2602 1951 2744 2021 quod
2786 1953 2968 2022 utique
2998 1953 3051 2008 in
3077 1954 3187 2019 illo,
3211 1955 3303 2010 sed
3333 1974 3437 2011 non
3484 1959 3604 2013 sine

2020 2037 2110 2092 illo
2132 2038 2380 2094 Christus
2404 2042 2699 2112 operatur?
2716 2040 2935 2114 (Philip.
2958 2043 3147 2113 “.12.)
3174 2044 3402 2101 Prorsus
3430 2044 3603 2114 majus

2018 2129 2121 2184 hoc
2140 2144 2259 2184 esse
2292 2130 2543 2195 dixerim,
2567 2147 2727 2201 quam
2754 2141 2837 2187 est
2861 2134 3054 2188 coelum
3078 2144 3131 2190 et
3163 2142 3306 2190 terra
3324 2177 3338 2201 ,
3371 2144 3425 2190 et
3448 2148 3595 2205 quat-

2018 2237 2229 2291 cunque
2262 2231 2556 2277 ccrnuntur
2582 2222 2635 2276 in
2662 2223 2799 2278 coelo
2836 2231 2891 2279 et
2932 2225 2989 2279 in
3016 2233 3184 2280 terra.
3217 2223 3426 2280 C(elum
3453 2225 3598 2281 enim

2018 2320 2072 2365 et
2097 2320 2241 2365 terra
2273 2313 2580 2367 transibunt
2612 2330 2626 2367 :
2657 2315 3164 2383 przedestinatorum
3194 2328 3396 2381 autem,
3424 2316 3477 2372 id
3511 2322 3598 2373 est

2017 2417 2205 2458 eorum
2233 2418 2370 2472 quos
2412 2404 2648 2474 pnescit,
2693 2404 2839 2461 salus
2877 2413 2931 2461 et
2957 2405 3275 2474 justillcatio
3319 2410 3602 2477 permanet

2016 2492 2168 2547 bunt.
2205 2492 2261 2546 in
2311 2493 2416 2548 illis
2458 2502 2664 2549 tantum
2706 2510 2868 2565 opera
2917 2492 3031 2561 Dei,
3065 2497 3120 2551 in
3174 2497 3258 2552 his
3308 2504 3486 2552 autem
3515 2498 3601 2553 est

2017 2582 2179 2637 etiam
2206 2583 2383 2652 imago
2409 2582 2549 2656 Dei.]
2573 2584 2707 2639 item
2731 2585 2872 2655 quod
2887 2599 3052 2655 opera
3068 2595 3376 2641 sanctomm
3398 2588 3601 2641 donum

2018 2669 2110 2725 Dei
2133 2672 2225 2737 sit,
2247 2673 2326 2727 sic
2349 2673 2488 2727 idem
2515 2673 2704 2728 doctor
2722 2674 2776 2727 in
2804 2675 2994 2729 eodem
3017 2675 3154 2730 libro
3179 2674 3380 2746 (Tract.
3406 2672 3597 2744 Lxrxt)

2016 2762 2297 2816 confirmat
2327 2778 2341 2815 :
2381 2781 2399 2814 ι
2432 2763 2584 2817 Sicut
2606 2763 2810 2832 palmes
2837 2779 2942 2818 non
2968 2773 3146 2834 potest
3178 2764 3320 2819 ferre
3354 2763 3591 2819 fructum

2016 2867 2046 2905 a
2076 2853 2384 2921 semetipso,
2412 2853 2513 2908 nisi
2545 2854 2807 2907 manserit
2830 2854 2883 2908 in
2919 2855 3029 2910 vite
3055 2873 3067 2909 :
3099 2856 3178 2911 sic
3210 2871 3310 2911 nec
3334 2870 3457 2919 vos,
3486 2856 3595 2913 nisi

2016 2941 2071 2998 in
2117 2958 2205 2998 me
2252 2944 2561 2999 manseritis
2606 2945 2787 3015 (Joan.
2830 2961 2933 3005 xv.
2972 2947 3047 3018 4).
3099 2966 3119 3000 ι
3165 2948 3353 3019 Magna
3407 2948 3599 3020 gratia

2015 3035 2428 3099 commendatio,
2465 3035 2661 3090 fratres
2684 3036 2787 3089 mei
2817 3053 2831 3090 :
2864 3038 3029 3092 corda
3055 3038 3272 3092 instruit
3289 3037 3589 3103 humilium,

2015 3138 2110 3178 ora
2141 3124 2372 3178 obstruit
2395 3125 2771 3193 superborum.
2803 3125 2942 3181 Ecce
2965 3128 3049 3181 cui
3080 3127 3125 3181 si
3149 3127 3348 3183 audent
3369 3136 3595 3200 respon-

328 3210 1215 3298 mentisameprobeturquodboc
1241 3214 1357 3283 ipso
1380 3214 1548 3284 quiaa
1573 3192 1910 3281 Deodicitur,
1940 3192 1986 3254 (ἶ
2017 3216 2197 3279 deant,
2234 3216 2324 3285 qui
2366 3233 2384 3267 ι
2424 3192 2732 3285 ignorantes
2778 3217 2871 3273 Dei
2896 3216 3185 3285 justitiam,
3223 3227 3280 3273 et
3320 3192 3475 3275 suam
3498 3232 3594 3277 eve-

331 3300 739 3370 comprobatur.
789 3302 977 3372 itaque
1022 3318 1143 3358 cum
1191 3303 1417 3375 legimus
1461 3305 1662 3359 dictum
1713 3319 1743 3359 a
1800 3304 1914 3363 Deo

327 3388 455 3457 quia
480 3388 713 3459 aspiciat
753 3388 956 3462 jugiter
979 3406 1196 3447 omnem
1224 3400 1446 3459 terram,
1481 3393 1583 3448 hoc
1623 3393 1740 3463 ipso
1783 3408 1911 3465 pro-

326 3480 521 3537 bamus
566 3483 709 3550 quod
759 3484 982 3554 aspicit,
1019 3486 1144 3555 quia
1178 3486 1424 3555 aspicere
1477 3500 1537 3541 se
1575 3486 1726 3541 dicit.
1773 3485 1910 3542 Cum

325 3570 558 3641 legimus
586 3573 727 3640 quod
756 3581 909 3645 regat
943 3583 1133 3630 cuncta
1162 3590 1284 3645 qua:
1322 3574 1471 3639 fecit,
1513 3576 1616 3631 hoc
1651 3575 1768 3646 ipso
1816 3589 1912 3645 ap-

324 3664 622 3732 probamus
649 3665 793 3735 quod
825 3666 985 3737 regit,
1009 3667 1135 3738 quia
1164 3682 1224 3723 se
1247 3683 1435 3738 regere
1465 3677 1720 3724 testatur.
1772 3667 1911 3725 Cum

324 3756 554 3826 legimus
586 3758 733 3825 quod
778 3760 1031 3828 presenti
1071 3760 1274 3829 judicio
1314 3761 1565 3816 universa
1611 3762 1906 3831 dispenset,

326 3846 431 3902 hoc
453 3846 571 3916 ipso
596 3847 819 3903 evidens
845 3855 931 3903 est
955 3849 1098 3920 quod
1139 3849 1364 3919 judicat,
1396 3851 1521 3921 quia
1566 3865 1625 3904 se
1663 3849 1908 3920 judicare

324 3937 630 3994 confirmat.
669 3939 790 3996 Alia
834 3942 979 3996 enim
1020 3941 1226 4007 omnia,
1258 3942 1311 3997 id
1340 3950 1424 3997 est
1458 3942 1690 3997 humana
1738 3942 1905 4008 dicta,

323 4034 657 4105 argumentis
685 4050 749 4091 ac
777 4036 1005 4092 testibus
1027 4044 1216 4107 egent;
1248 4036 1343 4092 Dei
1371 4044 1548 4091 autem
1587 4051 1769 4091 sermo
1788 4037 1906 4107 ipse

321 4124 422 4181 sibi
443 4125 601 4180 testis
618 4134 732 4181 est:
754 4126 880 4195 quia
894 4141 1115 4181 necesse
1125 4135 1207 4181 cst
1221 4125 1476 4196 quidquid
1495 4127 1799 4196 incorrupta
1818 4141 1904 4183 ve.

322 4217 457 4271 ritas
484 4216 741 4287 loquitur,
764 4216 1131 4286 incorruptum
1152 4217 1225 4273 sit
1238 4217 1596 4273 testimonium
1612 4216 1899 4290 veritatis.]

392 4306 576 4363 Multis
625 4308 788 4379 igitur
834 4308 1225 4364 catholicorum
1286 4309 1566 4364 doctorum
1619 4309 1905 4365 sententiis

318 4400 595 4458 credimus
645 4402 998 4473 approbatum
1048 4402 1333 4466 mundum,
1367 4410 1421 4456 et
1471 4402 1722 4457 universa
1780 4416 1904 4472 qua

2014 3303 2184 3358 lentes
2223 3304 2569 3369 constituere,
2610 3303 2835 3373 justitia
2878 3305 2971 3361 Dei
3020 3321 3127 3361 non
3182 3315 3309 3363 sunt
3363 3307 3595 3379 subjecti

2014 3392 2185 3464 (Rom.
2207 3410 2261 3458 x,
2278 3394 2353 3465 5).
2369 3413 2387 3446 ι
2408 3392 2549 3449 Ecce
2569 3395 2655 3449 cui
2682 3394 3045 3465 respondeant
3068 3396 3170 3452 sibi
3201 3397 3478 3467 placentes
3496 3436 3511 3463 ,
3530 3405 3597 3455 σι

2011 3484 2077 3539 ad
2105 3484 2242 3539 bona
2271 3499 2434 3555 opera
2466 3484 2711 3540 facienda
2748 3487 2914 3540 Deum
2947 3486 3049 3542 sibi
3081 3487 3448 3543 necessarium
3478 3499 3589 3545 neu

2008 3586 2277 3648 putantes.
2342 3577 2530 3632 Nonne
2585 3578 2710 3633 huic
2756 3579 3016 3633 resistunt
3075 3580 3287 3634 veritati
3340 3580 3591 3637 homina

2009 3675 2187 3721 mente
2209 3668 2481 3737 corrupti,
2510 3676 2566 3722 et
2608 3666 2822 3736 reprobi
2848 3668 2995 3723 circa
3025 3668 3206 3732 ﬁdem,
3240 3669 3331 3739 qui
3362 3680 3591 3739 respers-

2008 3757 2154 3823 dent,
2184 3764 2239 3811 et
2265 3756 2559 3825 loquuntur
2586 3757 2943 3826 iniquitatem,
2970 3758 3211 3813 dicentes
3234 3777 3248 3812 :
3276 3758 3321 3813 Α
3348 3758 3460 3815 Deo
3491 3760 3593 3815 il-

2005 3846 2214 3912 bemus,
2242 3847 2384 3916 quod
2413 3847 2657 3902 homines
2697 3861 2918 3912 sumus,
2962 3863 2993 3902 a
3038 3848 3197 3903 nobis
3222 3848 3358 3919 ipsis
3400 3857 3586 3906 autem
3644 3842 3649 3849 ’

2005 3941 2147 4009 quod
2169 3938 2301 4007 justi
2329 3953 2535 3995 sumus.
2564 3938 2703 4006 Quid
2734 3939 2953 3995 dicitis?
2991 3939 3121 4010 quid
3144 3953 3246 3995 vos
3273 3939 3418 4011 ipsos
3442 3939 3593 3998 deni-

2001 4034 2162 4105 pitis?
2197 4049 2302 4089 non
2338 4042 2637 4089 assertores
2658 4033 2757 4089 sed
2787 4034 3212 4103 pmoipitatores
3244 4034 3399 4091 liberi
3439 4036 3589 4092 arbit-

2003 4125 2115 4187 trii,
2155 4139 2222 4179 ex
2264 4123 2373 4178 alto
2410 4124 2692 4189 elationis,
2719 4137 2815 4194 per
2842 4124 3025 4179 inania
3058 4124 3495 4195 praesumptionis
3520 4124 3585 4181 il

2001 4212 2265 4283 profunda
2295 4214 2705 4269 submersionis.
2734 4212 2936 4283 Nempe
2963 4229 3062 4269 vox
3103 4223 3285 4271 vestra
3302 4223 3411 4279 est,
3432 4213 3587 4285 quo!

2000 4306 2162 4361 homo
2199 4319 2267 4361 ex
2304 4306 2593 4376 semetipso
2631 4304 2764 4363 facit
2792 4305 3065 4375 justitiam
3093 4326 3108 4363 :
3140 4309 3247 4365 hoc
3288 4316 3374 4364 est
3406 4307 3587 4365 altu.

2000 4398 2248 4455 elationis
2268 4409 2490 4466 vestra;
2540 4401 2636 4456 sed
2672 4401 2875 4457 veritas
2901 4401 3226 4458 contradicit
3261 4420 3276 4457 :
3310 4419 3332 4454 ι
3364 4398 3587 4458 Palat.

318 4498 561 4560 aguntur
608 4491 662 4546 in
718 4492 939 4556 mundo,
988 4491 1167 4547 divina
1215 4491 1618 4561 dispensatione
1662 4491 1797 4561 regi,
1844 4492 1902 4545 et
1928 4550 1976 4564 _
2005 4506 2109 4546 non
2134 4500 2312 4561 potest
2339 4491 2482 4547 ferre
2507 4491 2742 4547 fructum
2773 4508 2805 4548 a
2844 4493 3157 4564 semetipso,
3185 4493 3288 4549 nisi
3316 4490 3586 4548 “metit

1926 4550 1979 4609 Β

311 4582 645 4651 judiciorum
689 4579 806 4650 ejus
848 4590 1051 4638 statera
1089 4581 1314 4653 appendi
1333 4621 1349 4645 ,
1375 4589 1431 4635 et
1467 4581 1763 4638 secundum
1806 4594 1901 4636 vo-
1926 4579 1979 4609 υ
2004 4583 2057 4637 iu
2082 4582 2190 4637 vite
2214 4581 2392 4652 (loca.
2422 4598 2526 4649 xv,
2558 4583 2630 4653 ι).
2668 4603 2688 4636 ι
2728 4583 2808 4638 ite
2830 4582 3363 4655 uuncperabrnpta,
3392 4591 3447 4637 et
3470 4592 3585 4637 nn

320 4672 546 4728 luntatis
570 4673 691 4743 ejus
715 4656 1000 4728 consilium
1044 4672 1333 4728 moderari.
1383 4672 1537 4740 Quod
1590 4672 1634 4728 si
1674 4672 1749 4726 ita
1792 4680 1907 4740 est,

319 4762 433 4820 imo
450 4763 582 4833 quia
610 4764 684 4818 ita
707 4772 816 4829 est,
836 4764 959 4834 quis
985 4778 1185 4835 negare
1207 4772 1387 4834 potest
1410 4772 1466 4819 et
1507 4762 1803 4819 electorum
1847 4773 1906 4819 et

318 4853 675 4925 reproborum
696 4854 865 4911 ﬁnem
892 4869 927 4909 ι
956 4855 1067 4910 Deo
1096 4854 1267 4919 nosci,
1306 4862 1363 4907 et
1391 4853 1533 4924 quod
1576 4854 1644 4908 de
1674 4852 1905 4923 singulis

316 4959 509 5003 eorum
534 4945 802 5016 agendum
824 4944 922 5011 sit,
945 4944 1129 4999 divino
1148 4942 1261 5013 jam
1297 4943 1547 4998 examine
1572 4943 1903 4999 determina-

317 5047 436 5092 tum
463 5036 695 5093 haberi!
719 5034 875 5092 Sicut
902 5036 1049 5091 enim
1096 5035 1247 5091 novit
1269 5049 1434 5105 opera
1462 5033 1818 5105 singulorum,
1843 5032 1899 5088 id

315 5134 405 5182 eet
430 5124 730 5183 electorum
753 5136 813 5183 et
828 5128 1207 5199 repruborum,
1230 5126 1310 5182 sic
1331 5140 1544 5196 quoque
1571 5140 1674 5182 nec
1708 5139 1903 5181 nume-

316 5232 442 5273 rutu
463 5232 651 5275 eet-um
674 5218 904 5292 ignorat.
946 5217 1287 5289 Quapropter
1334 5217 1380 5272 is
1424 5218 1520 5287 qui
1563 5215 1898 5288 singulorum

318 5320 479 5367 actus
530 5313 814 5378 intuetur,
874 5311 964 5382 qui
1014 5311 1174 5367 ﬁnem
1237 5310 1431 5381 aspicit
1475 5310 1892 5376 universorum,

319 5402 416 5474 qui
472 5403 625 5458 novit
676 5402 805 5473 quid
846 5402 1076 5473 singulis
1124 5402 1430 5466 retribuat,
1486 5399 1600 5469 jam
1648 5402 1790 5471 apud
1836 5416 1899 5458 se

317 5492 763 5564 pt'aedeatinatum
804 5494 966 5548 habet
1007 5493 1134 5563 quid
1186 5506 1254 5547 ex
1302 5492 1384 5548 eis
1423 5491 1494 5546 sit
1540 5499 1795 5557 acturus,
1845 5501 1902 5549 et

318 5584 416 5656 qui
444 5585 504 5639 in
530 5585 637 5640 ilne
665 5585 834 5657 gloria
859 5587 1009 5655 regni
1044 5587 1331 5650 donentur,
1365 5585 1446 5641 vel
1488 5586 1577 5655 qui
1617 5600 1899 5654 poenarum

321 5675 589 5747 ιιφρὶίσίο
603 5675 882 5732 ferientur.
908 5676 978 5733 Ut
998 5687 1176 5732 autem
1199 5678 1313 5733 ham
1337 5677 1721 5734 manifestioria
1745 5678 1897 5744 fiant,

323 5765 397 5828 de
436 5766 842 5841 Munati
842 5782 913 5831 tte
960 5776 1276 5831 sanctorum
1325 5769 1570 5846 quam
1634 5770 1901 5847 subij

2003 4671 2263 4731 habentes
2282 4674 2373 4729 ubi
2392 4674 2650 4744 ﬁgamiui,
2674 4685 2897 4731 ventosa
2927 4675 3254 4746 loquacitate
3268 4672 3578 4742 jactamiul.

2004 4761 2130 4818 Haec
2154 4772 2279 4817 sunt
2302 4764 2483 4818 hiauia
2511 4765 2947 4835 praesumptionis
2958 4772 3175 4828 vestrm,
3201 4762 3297 4818 sed
3322 4763 3454 4832 quid
3476 4775 3583 4819 vn

2002 4863 2260 4922 sequatur
2281 4854 2479 4918 videte,
2507 4863 2564 4911 et
2586 4856 2632 4910 si
2658 4866 2743 4910 est
2768 4855 2822 4911 in
2849 4856 3004 4911 vobis
3026 4855 3167 4909 ullus
3199 4868 3423 4920 sensus,
3440 4853 3579 4910 hor-

2003 4952 2137 5003 rete.
2181 4943 2282 5011 Qui
2320 4944 2466 4999 enim
2503 4960 2532 4999 a
2589 4942 2879 5016 aetnetipso
2922 4960 2983 5001 se
3027 4944 3261 5000 fructum
3302 4944 3581 5001 existimat

2000 5033 2164 5100 ferre,
2195 5035 2248 5089 in
2271 5034 2380 5090 vite
2396 5049 2503 5090 non
2532 5044 2646 5101 est;
2672 5036 2765 5105 qui
2797 5035 2852 5089 in
2884 5035 2993 5090 vite
3021 5048 3130 5090 non
3153 5043 3261 5102 est,
3281 5034 3335 5090 in
3361 5034 3585 5097 Christe

1999 5142 2107 5181 non
2136 5133 2250 5190 est;
2278 5125 2370 5195 qui
2398 5125 2453 5180 in
2478 5124 2695 5181 Christo
2715 5139 2823 5180 non
2843 5133 2948 5193 est,
2976 5124 3317 5182 Christianus
3338 5139 3443 5181 non
3468 5131 3585 5181 est;

1999 5217 2124 5275 Haec
2145 5226 2271 5273 sunt
2288 5216 2549 5287 profunda
2576 5216 2966 5273 submersionis
2983 5226 3195 5273 vestrae.
3220 5216 3396 5273 Etiam
3411 5226 3587 5286 atq-

1995 5311 2159 5365 etiam
2199 5310 2536 5365 considerate
2589 5308 2717 5377 quid
2762 5309 2937 5365 adhuc
2965 5308 3180 5364 Veritas
3211 5307 3486 5380 adjungat,
3510 5315 3583 5363 να

1999 5403 2181 5457 dicat:
2212 5420 2231 5453 ι
2276 5401 2387 5472 Ego
2413 5415 2566 5465 sum,
2609 5400 2802 5470 inquit,
2826 5401 2991 5465 'vitis,
3038 5415 3136 5456 vos
3172 5399 3456 5469 palluites;
3483 5396 3577 5469 qii

1998 5502 2183 5548 manet
2202 5494 2255 5547 in
2283 5507 2387 5556 me,
2421 5501 2474 5547 et
2500 5505 2600 5563 ego
2622 5491 2677 5547 in
2698 5506 2788 5557 eo,
2813 5492 2904 5547 hic
2930 5490 3037 5546 fert
3057 5489 3292 5545 fructum
3313 5488 3570 5544 multum:

1999 5587 2123 5656 quia
2157 5585 2274 5641 sine
2300 5598 2386 5639 me
2425 5583 2558 5638 nihil
2588 5584 2815 5655 potestis
2835 5582 3015 5637 facere
3070 5581 3258 5651 (Ibid.,
3312 5580 3387 5652 5).
3445 5599 3465 5631 ι
3492 5577 3571 5637 ἣ

2001 5679 2280 5748 quisquam
2312 5681 2550 5739 nutaret,
2577 5674 2767 5728 saltem
2812 5682 3041 5744 parvum
3082 5671 3314 5741 aliquem
3341 5666 3579 5727 fructui-

2001 5785 2156 5843 posse
2195 5783 2226 5824 a
2264 5768 2554 5842 semetipso
2603 5765 2876 5840 palmitem
2920 5764 3090 5837 ferre,
3122 5764 3262 5824 'ctttlt
3298 5761 3583 5830 dixisset-:1
