4088 6344
457 349 523 404 51
1515 339 1869 398 ΒΑἸῊΑΜΝΙ
1902 338 2351 398 CORBEIENSIS
2392 338 2697 397 MONACHI
3645 339 3718 399 32

467 481 486 514 ι
533 461 631 517 Hic
665 460 771 517 fert
794 460 1029 516 fructum
1059 458 1285 514 multum
1308 498 1322 522 ,
1355 471 1459 510 non
1486 457 1593 523 ait,
1636 457 1760 527 quia
1798 458 1913 511 sine
1953 470 2041 510 me
2066 460 2122 519 Α
2144 464 2201 510 et
2238 455 2443 525 posuit,
2474 463 2533 509 ut
2576 469 2761 510 eamus
2796 462 2850 510 et
2884 452 3118 509 fructum
3166 452 3472 510 aﬁ‘eramus.
3500 453 3716 512 Nullum

460 570 652 626 parum
676 556 901 625 potestis
930 552 1127 617 facere,
1145 552 1237 607 sed
1254 550 1385 605 nihil
1416 551 1641 621 potestis
1656 550 1853 605 facere.
1876 570 1893 602 ι
1915 548 2039 604 Sive

461 660 591 717 ergo
604 661 816 716 parum,
834 645 946 700 sive
958 644 1204 709 multum,
1220 643 1335 697 sine
1350 641 1437 696 illo
1450 641 1563 695 ﬁeri
1587 658 1690 695 non
1707 648 1902 711 potest,
1925 641 2041 694 sine

459 754 569 809 quo
580 737 840 793 nihilﬁeri
855 744 1047 808 potest.
1072 734 1129 790 Si
1148 750 1276 806 ergo
1296 734 1427 789 nihil
1446 734 1561 789 ﬁeri
1586 741 1759 803 potest
1779 731 1902 787 boni
1927 732 2042 786 sine

461 830 634 900 gratia
657 829 774 895 Dei,
801 844 958 884 omne
986 842 1120 897 opus
1150 826 1347 881 bonum
1366 825 1706 881 referendum
1729 831 1812 879 est
1834 823 1899 878 ad
1922 837 2043 894 gra-

462 921 593 976 tiam
618 922 730 976 Dei.
756 922 887 976 Item
902 916 1050 990 quod
1075 935 1173 975 nos
1200 935 1306 974 non
1344 919 1591 989 eligimus
1614 917 1917 981 Christum,
1949 913 2043 973 sed

461 1008 711 1067 Christus
752 1026 848 1066 nos
879 1010 1085 1081 primus
1104 1010 1298 1081 elegit,
1328 1020 1383 1065 et
1410 1026 1531 1065 cum
1562 1024 1804 1065 essemus
1828 1007 1952 1063 mali
1978 1007 2043 1063 de

462 1102 620 1159 malis
643 1101 823 1158 effecit
842 1103 1033 1166 bonos,
1063 1103 1117 1158 in
1131 1104 1316 1158 eodem
1339 1102 1685 1173 libro(Tract.
1708 1102 1927 1173 Lxxxvt)
1951 1102 2046 1157 do-

462 1200 582 1245 ctor
599 1190 858 1260 praefatus
884 1206 982 1247 nos
1004 1192 1250 1246 instruit:
1274 1211 1291 1243 ‹
1316 1191 1430 1246 Non
1458 1206 1555 1247 vos
1578 1207 1661 1247 me
1682 1190 1939 1261 elegistis,
1964 1192 2045 1246 in-

461 1279 603 1350 quit,
630 1282 725 1335 sed
744 1295 843 1350 ego
866 1280 1004 1352 elegi
1033 1295 1129 1337 vos
1158 1279 1342 1351 (Joan.
1365 1296 1454 1346 xv,
1480 1280 1588 1350 16).
1612 1299 1630 1330 ι
1672 1280 1820 1352 [Haec
1845 1289 1927 1334 est
1956 1279 2044 1335 illa

460 1367 752 1426 ineﬁ‘abilis
776 1370 964 1441 gratia.
1002 1369 1142 1437 Quid
1182 1370 1327 1425 enim
1376 1385 1595 1424 eramus
1639 1370 1853 1437 quando
1888 1369 2043 1424 Chri-

461 1468 605 1515 stum
627 1461 863 1516 nondum
893 1460 1229 1532 elegeramus
1251 1501 1265 1527 ,
1292 1470 1345 1516 et
1371 1460 1492 1516 ideo
1518 1476 1622 1515 non
1654 1461 2046 1531 diligebamus?

462 1545 599 1603 Nam
630 1549 722 1620 qui
746 1565 870 1605 eum
892 1566 1000 1605 non
1030 1550 1224 1620 elegit,
1265 1549 1535 1619 quomodo
1565 1550 1767 1621 diligit?
1794 1549 2044 1619 Nunquid

458 1636 571 1708 jam
601 1640 655 1695 in
682 1642 838 1697 nobis
866 1652 1016 1707 erat,
1054 1643 1198 1713 quod
1226 1642 1279 1696 in
1306 1642 1514 1712 psalmo
1553 1643 1767 1697 canitur
1796 1659 1809 1695 :
1840 1660 1858 1692 ι
1895 1641 2042 1713 Elegi

461 1729 703 1798 abjectus
726 1748 843 1788 esse
866 1733 919 1787 in
943 1732 1104 1787 domo
1130 1733 1341 1789 Domini
1367 1734 1469 1788 mei
1492 1734 1682 1805 magis,
1707 1750 1869 1804 quam
1894 1734 2047 1789 habi-

2145 546 2327 615 itaque
2372 544 2607 601 fructum
2654 546 2796 603 unde
2836 561 2935 602 nos
2974 546 3136 616 elegit
3182 545 3531 603 habebamus.
3579 568 3597 601 ι
3645 547 3720 605 Ut

2146 636 2303 702 eatis,
2320 636 2513 706 inquit,
2531 646 2585 691 et
2608 635 2841 692 fructum
2859 635 3114 693 aﬁ‘eratis.
3137 658 3156 693 ι
3175 638 3320 695 Imus
3332 649 3388 694 ut
3404 638 3717 707 aﬂ'eramus,

2145 738 2202 784 et
2242 730 2355 799 ipse
2384 738 2467 785 est
2494 730 2579 784 via
2613 745 2719 801 qua
2746 730 2916 795 imus,
2951 731 3002 785 in
3029 746 3134 802 qua
3160 747 3259 787 nos
3294 733 3498 803 posuit,
3526 742 3585 788 ut
3621 748 3719 790 ea-

2146 833 2285 875 mus.
2319 819 2549 874 Proinde
2580 820 2950 875 misericordia
2973 820 3089 888 ejus
3112 820 3166 876 in
3194 823 3442 879 omnibus
3461 826 3724 894 praevenit

2146 926 2264 965 nos.
2294 910 2351 966 Si
2377 912 2430 966 in
2457 912 2737 978 omnibus,
2768 911 3009 982 profecto
3053 929 3160 969 non
3212 916 3386 972 solum
3426 916 3480 971 in
3526 917 3721 985 factis,

2146 1016 2330 1057 verum
2355 1010 2415 1056 ut
2440 1010 2495 1057 et
2529 1002 2686 1057 ﬁdem
2717 1003 3009 1059 habeamus
3028 1044 3044 1070 ,
3074 1014 3130 1060 et
3156 1013 3216 1060 ut
3237 1004 3570 1063 voluntatem
3594 1008 3725 1065 boni

2146 1092 2260 1161 ejus
2306 1093 2674 1148 misericordia
2720 1096 3081 1164 praeveniente
3135 1111 3553 1167 consequamur.
3606 1098 3724 1155 Nec

2146 1186 2382 1257 cogitare
2417 1186 2561 1240 enim
2610 1186 2840 1250 bonum,
2890 1202 2990 1243 nec
3020 1187 3185 1253 velle,
3215 1202 3316 1244 nec
3339 1189 3593 1256 credere,
3620 1190 3739 1249 nisi

2146 1279 2515 1334 misericordia
2538 1280 2898 1348 praeveniente
2917 1296 3232 1350 possumus;
3252 1282 3375 1352 quia
3400 1283 3452 1337 in
3474 1282 3728 1339 omnibus

2146 1370 2517 1425 misericordia
2545 1368 2637 1424 Dei
2666 1371 2921 1440 praevenit
2954 1369 3097 1444 nos.]
3122 1370 3253 1427 Item
3277 1372 3402 1442 quia
3430 1372 3497 1427 de
3527 1372 3730 1428 mundo

2147 1462 2406 1517 damnato
2433 1462 2649 1533 eligitur
2678 1464 2906 1518 mundus
2928 1464 3019 1533 qui
3053 1463 3317 1528 salvatur,
3343 1465 3425 1519 sic
3452 1464 3597 1519 idem
3628 1464 3730 1520 do-

2147 1562 2265 1608 ctor
2297 1555 2350 1609 in
2385 1555 2573 1609 eodem
2616 1554 2753 1609 libro
2797 1554 2997 1625 (Tract.
3040 1559 3285 1627 Lxxxvu)
3335 1555 3571 1610 astruit:
3606 1573 3625 1607 ‹
3665 1554 3727 1611 Si

2147 1646 2213 1700 de
2251 1646 2471 1712 mundo,
2504 1647 2700 1717 inquit,
2729 1648 2954 1711 essetis,
2987 1648 3220 1702 mundus
3245 1647 3388 1718 quod
3422 1662 3579 1702 suum
3616 1654 3737 1702 erat

2149 1734 2392 1806 diligeret
2432 1736 2614 1808 (Joan.
2642 1752 2730 1802 xv,
2764 1735 2872 1807 19).
2907 1756 2926 1790 ι
2961 1736 3239 1793 Universae
3264 1736 3452 1807 utique
3475 1737 3580 1793 hoc
3604 1737 3738 1793 dicit

464 1828 581 1877 tare
612 1823 667 1877 in
718 1823 1079 1880 tabernaculis
1106 1828 1489 1896 peccatorum?
1528 1846 1546 1879 ι
1583 1824 1753 1897 (Psal.
1805 1842 2008 1881 Lxxxru
2035 1867 2050 1892 ,
2079 1829 2127 1891 B
2155 1826 2425 1892 Ecclesiae,
2455 1843 2614 1897 quam
2647 1826 2964 1897 plerumque
3010 1828 3174 1883 etiam
3214 1828 3387 1898 ipsam
3426 1828 3613 1883 mundi
3642 1842 3739 1883 no—

463 1913 577 1986 11.)
623 1914 739 1969 Non
777 1917 981 1987 utique.
1038 1916 1177 1983 Quid
1231 1933 1388 1988 ergo;
1422 1933 1679 1983 eramus,
1734 1918 1838 1972 nisi
1879 1917 2048 1988 iniqui

463 2013 518 2059 et
569 2004 805 2074 perditi?
842 2005 1028 2077 Neque
1053 2008 1196 2062 enim
1221 2005 1335 2075 jam
1376 2008 1779 2063 credideramus
1821 2009 1876 2064 in
1902 2024 2048 2076 eum,

466 2104 525 2151 ut
580 2095 803 2167 eligeret
858 2113 978 2153 nos.
1038 2098 1174 2154 Nam
1234 2100 1278 2154 si
1334 2098 1446 2167 jam
1498 2100 1781 2156 credentes
1842 2102 2049 2172 elegit,

463 2186 666 2243 electos
733 2187 913 2259 elegit.
964 2188 1070 2249 Cur
1117 2206 1245 2261 ergo
1296 2190 1502 2245 diceret
1547 2206 1559 2242 :
1603 2208 1622 2241 ‹
1670 2190 1788 2246 Νοιι
1832 2205 1930 2247 vos
1966 2207 2052 2246 me

468 2280 743 2351 elegistis,
779 2301 797 2334 ι
831 2283 931 2337 nisi
969 2283 1093 2352 quia
1125 2301 1138 2337 :
1182 2303 1199 2335 ι
1234 2282 1597 2339 Misericordia
1638 2282 1751 2351 ejus
1791 2284 2054 2354 praevenit

466 2373 603 2427 nos?
636 2392 654 2425 ι
686 2372 859 2443 (Psal.
902 2390 1057 2440 xvm,
1099 2374 1211 2445 11.)
1244 2373 1343 2430 Hic
1374 2384 1519 2429 certe
1562 2383 1721 2429 vacat
1747 2390 1884 2429 vana
1932 2376 2050 2431 illo-

479 2478 599 2518 rum
646 2465 1019 2532 ratiocinatio,
1060 2466 1150 2536 qui
1192 2466 1584 2536 prmscientiam
1623 2466 1719 2521 Dei
1758 2466 2056 2522 defendunt

468 2562 654 2609 contra
682 2556 913 2625 gratiam
939 2556 1067 2621 Dei,
1097 2564 1152 2610 et
1177 2556 1299 2611 ideo
1327 2556 1515 2611 dicunt
1546 2571 1643 2611 nos
1687 2556 1890 2611 electos
1924 2565 2053 2612 ante

469 2645 653 2701 mundi
702 2648 1143 2702 constitutionem
1175 2647 1344 2719 (Eph.
1391 2664 1446 2714 ι,
1494 2648 1582 2720 4),
1615 2649 1741 2719 quia
1784 2649 2057 2718 prtescivit

472 2752 572 2794 nos
618 2738 762 2794 Deus
796 2738 1008 2795 futuros
1052 2739 1258 2804 bonos,
1304 2756 1413 2795 non
1458 2741 1694 2811 seipsum
1738 2756 1836 2795 nos
1883 2740 2057 2796 factu-

473 2845 592 2886 rum
624 2831 813 2887 bonos.
842 2831 957 2888 Non
987 2834 1089 2888 hoe
1112 2833 1276 2897 dicit,
1315 2833 1405 2902 qui
1446 2833 1609 2898 dicit,
1639 2852 1657 2885 ε
1689 2832 1804 2888 Non
1835 2849 1933 2888 vos
1973 2849 2058 2889 me

474 2920 744 2993 elegistis;
780 2942 799 2976 ι
828 2924 1081 2993 quoniam
1120 2923 1165 2977 si
1194 2932 1477 2994 propterea
1510 2940 1609 2979 nos
1633 2925 1905 2995 elegisset,
1932 2926 2059 2995 quia

477 3011 650 3068 bonos
687 3013 897 3068 futuros
935 3027 1054 3068 esse
1091 3014 1468 3083 prtesciverat,
1516 3014 1674 3069 simul
1717 3015 1879 3069 etiam
1922 3030 2061 3086 pra:-

475 3100 671 3157 scisset
700 3102 842 3171 quod
872 3116 996 3157 eum
1034 3117 1134 3157 nos
1162 3100 1452 3157 fuissemus
1490 3103 1640 3171 prius
1666 3103 1909 3157 eiecturi.
1942 3104 2058 3158 Non

2150 1920 2295 1974 mine
2320 1919 2579 1989 appellat;
2607 1920 2746 1973 sicut
2771 1928 2856 1975 est
2879 1918 3006 1974 illud
3030 1936 3044 1972 :
3068 1938 3086 1971 ‹
3111 1919 3252 1975 Deus
3271 1927 3389 1973 erat
3417 1919 3470 1973 in
3495 1918 3735 1985 Christo,

2152 2012 2411 2067 mundum
2442 2012 2800 2068 reconcilians
2822 2011 2922 2067 sibi
2952 2009 3039 2077 (ΙΙ
3058 2010 3181 2065 Cor.
3210 2027 3260 2075 v,
3294 2011 3402 2080 19).
3435 2030 3454 2064 ι
3485 2009 3729 2081 Itemque

2152 2102 2319 2158 illud:
2351 2122 2369 2155 ι
2398 2102 2515 2158 Non
2553 2104 2698 2157 venit
2747 2102 2889 2157 ﬁlius
2939 2102 3172 2157 hominis
3212 2110 3271 2156 ut
3309 2100 3517 2169 judicet
3574 2116 3730 2156 mun-

2153 2191 2302 2257 dum,
2333 2192 2425 2247 sed
2460 2201 2521 2247 ut
2550 2191 2790 2246 salvetur
2820 2192 3053 2246 mundus
3080 2205 3179 2261 per
3214 2191 3391 2262 ipsum
3435 2190 3621 2262 (Joan.
3653 2205 3737 2259 In,

2156 2281 2264 2351 17).
2304 2301 2322 2334 ι
2354 2282 2420 2337 Ει
2448 2282 2500 2336 in
2523 2282 2759 2352 Epistola
2791 2298 2887 2337 sua
2924 2279 3160 2337 Joannes
3202 2282 3317 2336 ait:
3349 2299 3367 2332 ι
3401 2280 3740 2336 Advocatum

2154 2371 2413 2427 habemus
2441 2373 2508 2428 ad
2535 2373 2752 2428 Patrem
2774 2372 2957 2429 Jesum
2988 2371 3264 2429 Christum
3289 2371 3517 2441 justum,
3545 2381 3599 2427 et
3626 2372 3741 2442 ipse

2156 2466 2475 2537 propitiator
2500 2476 2581 2521 est
2611 2476 2958 2538 peccatorum
2986 2475 3292 2521 nostrorum
3319 2506 3335 2531 ,
3375 2480 3483 2520 non
3530 2474 3739 2520 tantum

2156 2566 2483 2622 nostrorum,
2510 2558 2603 2613 sed
2625 2558 2785 2614 etiam
2812 2559 2974 2613 totius
2999 2557 3183 2613 mundi
3211 2556 3394 2628 (Joan.
3420 2572 3480 2623 ιι,
3508 2556 3558 2621 1,
3586 2557 3664 2626 2).
3702 2575 3719 2608 ι

2160 2648 2327 2704 Totus
2362 2664 2491 2721 ergo
2520 2649 2750 2705 mundus
2788 2649 3029 2706 Ecclesia
3068 2658 3178 2715 est,
3220 2658 3275 2704 et
3318 2657 3462 2704 totus
3506 2648 3741 2705 mundus

2159 2738 2273 2794 odit
2297 2738 2613 2794 Ecclesiam.
2648 2738 2877 2795 Mundus
2909 2741 3072 2812 igitur
3091 2740 3207 2796 odit
3233 2740 3492 2795 mundum
3518 2783 3531 2805 ,
3565 2741 3745 2796 inimi-

2161 2844 2255 2883 cus
2288 2830 2724 2894 reconciliatum,
2774 2830 3060 2886 damnatus
3086 2831 3349 2886 salvatum
3370 2871 3384 2897 ,
3433 2831 3744 2901 inquinatus

2161 2920 2512 2975 mundatum:
2544 2920 2639 2977 sed
2666 2921 2769 2976 iste
2800 2922 3056 2987 mundus,
3088 2937 3249 2993 quem
3274 2921 3419 2977 Deus
3447 2922 3502 2976 in
3530 2920 3745 2977 Christo

2164 3010 2480 3064 reconciliat
2505 3010 2627 3073 sibi,
2650 3019 2707 3065 et
2729 3010 2820 3081 qui
2853 3026 2951 3082 per
2977 3011 3250 3067 Christum
3280 3012 3539 3077 salvatur,
3573 3021 3628 3067 et
3656 3013 3743 3067 cui

2162 3113 2259 3169 per
2283 3096 2558 3153 Christum
2605 3108 2884 3169 peceatum
2934 3115 3093 3156 omne
3141 3101 3390 3167 donatur,
3437 3101 3503 3157 de
3546 3101 3748 3156 mundo

476 3190 623 3246 enim
659 3190 817 3247 aliter
844 3205 965 3247 esse
992 3207 1275 3262 possemus
1309 3192 1434 3247 boni
1462 3210 1476 3247 :
1510 3193 1611 3247 nisi
1640 3192 1779 3249 forte
1803 3194 2061 3249 dicendus
2088 3181 2134 3244 C
2165 3187 2370 3244 electus
2411 3196 2494 3243 est
2535 3188 2786 3255 inimico,
2828 3190 3103 3255 damnato,
3145 3191 3530 3245 contaminato.
3561 3190 3637 3244 Ex
3680 3206 3746 3245 ea

475 3289 559 3337 est
586 3280 782 3347 bonus,
812 3282 904 3352 qui
932 3298 1038 3337 non
1070 3282 1218 3353 eligit
1243 3282 1465 3337 bonum.
1490 3282 1629 3351 Quid
1662 3298 1791 3355 ergo
1828 3284 1976 3355 eligit
2008 3286 2062 3340 in

478 3388 585 3428 non
616 3374 799 3439 bonis;
830 3390 938 3429 non
963 3375 1105 3430 enim
1135 3375 1291 3429 electi
1322 3384 1475 3442 sunt,
1503 3377 1629 3445 quia
1656 3377 1784 3432 boni
1810 3377 2060 3444 fuerunt,

478 3466 570 3536 qui
615 3466 740 3521 boni
775 3483 880 3521 non
919 3478 1100 3523 essent
1149 3468 1251 3523 nisi
1293 3468 1449 3523 electi
1495 3477 1712 3524 essent:
1749 3488 1768 3521 ι
1811 3468 2062 3541 Alioquin

477 3554 782 3626 gratiajam
818 3572 922 3612 non
949 3565 1031 3612 est
1056 3557 1227 3627 gratia
1252 3556 1427 3627 (Rom.
1451 3574 1539 3623 ιι,
1564 3557 1654 3628 6),
1692 3578 1710 3611 ι
1745 3559 1789 3612 si
1831 3575 2063 3629 praeces-

479 3645 617 3701 sisse
641 3647 1018 3702 contendimus
1048 3647 1259 3701 merita.
1292 3645 1418 3702 Hmc
1450 3648 1647 3718 quippe
1675 3648 1867 3703 electio
1890 3651 2062 3719 gratia

478 3747 590 3800 est,
623 3738 690 3793 de
717 3754 824 3808 qua
866 3738 999 3794 dicit
1036 3738 1325 3809 Apostolus
1361 3738 1541 3808 (Rom.
1569 3755 1657 3803 xl,
1684 3740 1748 3805 5,
1781 3740 1834 3813 6)
1866 3758 1880 3795 :
1920 3759 1938 3791 ι
1972 3740 2063 3797 Sic

480 3843 613 3900 ergo
639 3837 694 3884 et
724 3831 776 3883 in
805 3831 906 3885 hoc
937 3840 1180 3899 tempore
1209 3832 1451 3902 reliquias
1476 3848 1576 3902 per
1598 3833 1914 3889 electionem
1937 3851 2062 3904 gra-

481 3920 571 3975 tia:
596 3919 756 3975 salva:
788 3919 947 3975 facta:
983 3930 1124 3976 sunt.
1164 3941 1183 3973 ι
1216 3921 1369 3977 Unde
1396 3922 1705 3993 subjungit.
1736 3944 1754 3976 ε
1785 3924 1843 3980 Si
1884 3935 2063 3981 autem

483 4011 694 4083 gratia,
738 4010 852 4080 jam
898 4026 1005 4066 non
1050 4026 1117 4066 ex
1144 4011 1428 4081 operibus,
1459 4013 1694 4083 alioquin
1742 4016 1913 4085 gratia
1951 4016 2063 4085 jam

490 4114 599 4156 non
620 4108 712 4156 est
738 4100 933 4170 gratia.
965 4119 984 4153 ι
1015 4100 1174 4167 Audi,
1208 4102 1440 4171 ingrate,
1466 4104 1588 4157 audi
1621 4122 1633 4156 :
1667 4123 1685 4154 α
1718 4102 1833 4158 Non
1862 4120 1958 4159 vos
1981 4120 2065 4159 me

486 4196 747 4270 elegistis,
774 4197 870 4253 sed
892 4213 995 4270 ego
1022 4214 1120 4255 vos
1148 4198 1286 4271 elegi
1316 4199 1498 4271 (Joan.
1528 4217 1618 4265 xv,
1645 4201 1754 4270 16).
1795 4221 1813 4254 ι
1847 4201 1960 4257 Non
1984 4212 2067 4257 est

489 4298 549 4345 ut
578 4289 750 4355 dicas,
782 4290 902 4345 ideo
930 4290 1138 4346 electus
1176 4307 1295 4347 sum
1316 4335 1330 4357 ,
1366 4294 1489 4365 quia
1513 4293 1625 4363 jam
1657 4294 1964 4349 credebam.
2006 4293 2063 4350 Si

486 4376 631 4435 enim
657 4378 918 4434 credebas
947 4379 1002 4435 in
1028 4396 1172 4447 eum,
1200 4381 1314 4451 jam
1342 4382 1580 4455 elegeras
1599 4400 1743 4439 eum.
1768 4382 1875 4439 Sed
1898 4384 2018 4439 audi
2047 4402 2061 4438 :

2162 3279 2357 3349 quippe
2384 3294 2561 3334 massa
2585 3296 2705 3350 qua:
2728 3289 2839 3337 tota
2871 3281 2924 3335 in
2954 3282 3122 3336 Adam
3165 3283 3347 3353 periit,
3375 3283 3509 3337 ﬁunt
3548 3302 3567 3335 ‹
3616 3298 3743 3337 vasa

2162 3371 2583 3437 misericordiae,
2620 3392 2637 3423 ι
2671 3372 2725 3427 ἱιι
2757 3373 2955 3443 quibus
2980 3382 3066 3429 est
3100 3374 3330 3429 mundus
3372 3375 3649 3445 pertinens
3679 3374 3747 3429 ad

2163 3463 2662 3521 reconciliationem
2703 3480 2909 3535 aquem
2967 3465 3202 3520 mundus
3247 3464 3401 3529 odit,
3440 3481 3505 3520 ex
3558 3466 3748 3520 eadem

2162 3572 2341 3612 massa
2366 3558 2641 3628 pertinens
2664 3559 2731 3612 ad
2758 3576 2775 3609 ι
2802 3574 2929 3613 vasa
2960 3558 3075 3623 iraa,
3100 3572 3220 3628 qua:
3242 3555 3485 3627 perfecta
3513 3566 3640 3612 sunt
3676 3558 3746 3612 ad

2164 3648 2518 3718 perditionem
2543 3647 2722 3720 (Rom.
2755 3664 2832 3716 ιι,
2856 3648 2947 3714 22,
2971 3648 3084 3721 25).
3120 3668 3138 3701 ι
3170 3647 3411 3719 Denique
3433 3663 3553 3703 cum
3581 3650 3749 3704 dixis-

2163 3748 2265 3805 set,
2300 3759 2319 3792 ‹
2350 3739 2408 3796 Si
2440 3742 2506 3796 de
2536 3741 2736 3795 mundo
2776 3741 2991 3806 essetis,
3020 3738 3257 3795 mundus
3285 3740 3427 3811 quod
3459 3756 3611 3795 suum
3631 3748 3750 3795 erat

2165 3828 2434 3899 diligeret,
2462 3849 2480 3882 ι
2501 3830 2757 3885 continuo
2786 3829 3016 3899 subjecit
3042 3847 3055 3883 :
3088 3849 3106 3882 ι
3138 3828 3275 3895 Quia
3298 3844 3429 3884 vero
3456 3830 3522 3883 de
3550 3830 3750 3885 mundo

2164 3934 2271 3975 non
2297 3921 2446 3983 estis,
2465 3920 2559 3975 sed
2578 3936 2678 3990 ego
2698 3919 2833 3990 elegi
2856 3934 2951 3974 vos
2974 3920 3039 3975 de
3064 3920 3301 3986 mundo;
3328 3929 3617 3991 propterea
3638 3923 3750 3977 odit

2166 4026 2263 4067 vos
2285 4012 2533 4069 mundus.
2573 4031 2591 4063 ι
2626 4011 2767 4081 Ergo
2791 4020 2846 4065 et
2876 4011 2978 4081 ipsi
3011 4011 3135 4067 inde
3163 4022 3355 4079 erant,
3382 4014 3525 4070 unde
3552 4022 3612 4068 ut
3640 4030 3746 4069 non

2166 4111 2366 4168 essent,
2402 4102 2559 4157 electi
2601 4110 2723 4156 sunt
2762 4102 2922 4168 inde,
2956 4118 3062 4157 non
3098 4103 3309 4159 meritis
3343 4105 3479 4171 suis,
3520 4120 3747 4175 quorum

2167 4194 2310 4250 nulla
2337 4203 2725 4265 praecesserant
2743 4196 2882 4250 bona
2905 4210 3094 4265 opera,
3116 4211 3223 4252 non
3254 4204 3471 4263 natura,
3493 4212 3611 4268 qua:
3636 4205 3747 4251 tota

2167 4285 2343 4341 fuerat
2372 4301 2468 4357 per
2494 4286 2725 4341 liberum
2758 4287 3042 4342 arbitrium
3071 4288 3126 4342 in
3157 4288 3273 4359 ipsa
3311 4289 3492 4344 radice
3521 4289 3705 4343 vitiata
3733 4303 3747 4342 :

2168 4378 2261 4433 sed
2287 4377 2537 4449 gratuita,
2572 4377 2675 4433 hoc
2698 4386 2780 4432 est
2809 4393 2937 4433 vera
2964 4378 3158 4450 gratia.
3187 4378 3289 4446 Qui
3330 4380 3472 4434 enim
3501 4380 3567 4434 de
3596 4394 3751 4433 mun-

492 4486 513 4523 t
547 4466 665 4524 Non
689 4483 787 4524 vos
810 4484 897 4525 me
921 4470 1210 4542 elegistis.»
1233 4471 1350 4529 Non
1375 4483 1534 4529 estut
1556 4475 1738 4529 dicas:
1763 4475 2062 4545 Antequam
2097 4534 2143 4545 __
2169 4467 2240 4523 do
2266 4469 2521 4523 mundum
2547 4468 2734 4539 elegit,
2758 4467 2886 4524 fecit
2914 4470 3056 4539 quod
3086 4469 3345 4539 eligeret,
3378 4484 3485 4525 non
3507 4469 3746 4535 invenit;

488 4561 766 4618 crederem
788 4561 903 4631 jam
924 4534 1063 4618 bona
1082 4566 1363 4635 operabar,
1392 4566 1511 4622 ideo
1532 4566 1736 4623 electus
1763 4584 1903 4623 sum.
1920 4534 2069 4635 Quid
2095 4534 2149 4595 D
2172 4558 2319 4630 quia,
2357 4578 2375 4610 ‹
2409 4534 2661 4628 reliquis;
2695 4573 2792 4628 per
2837 4534 3185 4614 electioncmv
3202 4534 3390 4629 gratiae
3416 4556 3575 4615 salva:
3599 4558 3753 4613 facta:

489 4656 634 4710 enim
666 4665 751 4712 est
777 4656 904 4711 boni
932 4656 1112 4727 operis
1147 4666 1271 4712 ante
1299 4656 1495 4713 ﬁdem?
1521 4674 1642 4713 cum
1672 4661 1816 4715 dicat
1841 4661 2069 4731 Aposto-

2172 4657 2315 4704 sunt.
2358 4646 2414 4703 Si
2441 4657 2642 4713 autem,
2674 4647 2869 4716 inquit,
2902 4647 3096 4717 gratia,
3116 4647 3229 4717 jam
3255 4662 3364 4703 non
3388 4662 3453 4703 ex
3476 4646 3749 4717 operibus,

491 4746 613 4801 lus:
650 4767 669 4799 ι
709 4747 882 4804 Omne
924 4748 1067 4818 quod
1108 4765 1212 4804 non
1262 4758 1347 4805 est
1392 4765 1459 4806 ex
1500 4750 1638 4816 ﬁde,
1671 4761 1951 4822 peccatum
1990 4766 2056 4808 es

2172 4739 2410 4810 alioquin
2438 4739 2611 4810 gratia
2640 4737 2754 4806 jam
2782 4752 2888 4792 non
2924 4746 3009 4792 est
3031 4738 3203 4808 gratia
3226 4736 3401 4807 (Rom.
3434 4754 3512 4803 χι,
3536 4738 3592 4804 5,
3620 4736 3696 4807 6).
3726 4755 3744 4789 ι

491 4836 670 4909 (Rom.
701 4855 815 4905 xrv,
837 4839 952 4910 23).
980 4858 998 4890 ι
1023 4838 1161 4907 Quid
1188 4854 1317 4912 ergo
1345 4842 1536 4897 dicturi
1560 4858 1747 4898 sumus
1776 4843 2070 4899 audiendo:

2173 4830 2274 4887 Hic
2302 4837 2633 4885 monstratur
2668 4836 2724 4883 et
2752 4842 2846 4883 eos
2890 4827 2983 4897 qui
3020 4843 3127 4883 non
3166 4827 3445 4884 salvantur
3481 4828 3535 4882 in
3566 4828 3749 4897 perdi-

501 4945 521 4980 ο
553 4926 668 4983 Non
702 4944 798 4983 vos
823 4946 910 4985 me
935 4929 1208 5001 elegistis,
1244 4951 1263 4983 ι
1292 4932 1395 4987 nisi
1426 4934 1551 5003 quia
1586 4932 1712 4988 mali
1743 4949 1991 4999 eramus,
2022 4950 2051 4989 e

2177 4923 2340 4978 tionis
2373 4936 2550 4975 massa
2580 4919 2843 4989 relinqui,
2870 4928 2927 4975 et
2952 4934 3048 4975 eos
3075 4919 3169 4990 qui
3206 4918 3504 4984 salvantur,
3535 4916 3601 4972 de
3637 4917 3752 4987 ipsa

492 5012 653 5071 electi
677 5031 885 5082 sumus,
908 5029 969 5072 ut
992 5019 1116 5073 boni
1146 5034 1240 5090 per
1261 5021 1491 5091 gratiam
1523 5037 1621 5077 nos
1646 5022 1895 5092 eligentis
1924 5035 2071 5077 esse-

496 5121 635 5161 mus.
666 5105 782 5162 Non
812 5116 897 5162 est
924 5108 1065 5163 enim
1096 5110 1269 5179 gratia
1292 5151 1307 5176 ,
1341 5111 1386 5166 si
1414 5118 1806 5181 praacesserant
1838 5110 2028 5164 merita
2056 5128 2069 5163 :

2174 5010 2493 5083 perditionis
2522 5024 2701 5065 massa
2729 5008 2969 5075 liberari,
3002 5026 3112 5066 non
3140 5024 3237 5065 suo
3263 5008 3477 5073 merito,
3504 5008 3602 5063 sed
3626 5023 3751 5079 gra-

2177 5101 2251 5155 tia
2281 5100 2511 5165 Christi;
2544 5098 2669 5169 quia
2697 5098 2741 5155 si
2768 5099 3144 5155 consideretur
3173 5097 3423 5153 meritum
3445 5138 3460 5163 ,
3480 5097 3619 5153 tales
3638 5096 3754 5153 fue-

494 5209 579 5255 est
608 5208 787 5255 autem
818 5201 1013 5273 gratia.
1048 5201 1173 5257 llzec
1205 5203 1371 5276 igitur
1392 5220 1495 5258 non
1520 5204 1757 5268 invenit,
1790 5203 1885 5258 sed
1915 5200 2047 5257 efﬁci

2178 5198 2304 5245 runt
2346 5188 2437 5257 qui
2485 5187 2763 5243 salvantur
2784 5188 2972 5259 quales
3003 5196 3059 5243 et
3088 5186 3161 5241 illi
3200 5185 3292 5256 qui
3337 5185 3509 5242 salute
3546 5184 3751 5257 indigni

498 5292 711 5347 merita.
752 5292 820 5347 Et
850 5293 1056 5357 videte,
1097 5294 1436 5360 charissimi,
1470 5293 1921 5364 quemadmodum
1968 5309 2073 5349 non

496 5380 660 5450 eligat
694 5383 885 5448 honos,
914 5384 1008 5439 sed
1038 5400 1172 5453 quos
1200 5386 1349 5457 eligit
1370 5386 1533 5442 faciat
1556 5388 1748 5441 bonos.
1778 5406 1796 5438 ι
1834 5386 1965 5455 Ego,
1994 5387 2075 5440 in-

496 5472 634 5541 quit,
671 5473 803 5544 elegi
833 5490 927 5530 vos
951 5484 1007 5529 et
1032 5476 1184 5544 posui
1211 5491 1306 5531 vos
1330 5486 1388 5530 ut
1411 5479 1565 5539 eatis,
1599 5488 1654 5532 et
1687 5478 1919 5533 fructum
1943 5477 2074 5532 affe-

497 5563 661 5628 ratis,
697 5573 751 5619 et
799 5565 1006 5621 fructus
1053 5574 1233 5620 vester
1280 5576 1493 5620 maneat
1540 5567 1722 5636 (Joan.
1768 5584 1856 5633 xv,
1902 5568 2011 5637 16).
2054 5588 2070 5619 ι

2178 5280 2459 5337 habeutur.
2476 5280 2678 5338 Omnes
2701 5283 2842 5339 enim
2865 5288 3025 5337 erant
3052 5297 3072 5331 ι
3111 5278 3207 5333 ﬁlii
3229 5278 3344 5344 irae;
3367 5298 3386 5331 ι
3408 5280 3502 5335 sed
3528 5280 3621 5351 qui
3644 5279 3754 5336 sal-

2179 5386 2377 5432 vantur
2404 5378 2537 5433 ﬁunt
2564 5376 2631 5433 de
2660 5377 2782 5431 ﬁliis
2811 5376 2923 5439 iras,
2951 5372 3045 5428 ﬁlii
3073 5373 3282 5444 gratim.
3315 5372 3448 5429 item
3472 5373 3525 5428 in
3559 5374 3753 5429 eodem

2180 5470 2317 5526 libro
2357 5468 2558 5540 (Tract.
2593 5467 2737 5536 CIV),
2776 5480 2899 5521 cum
2939 5463 3249 5533 loqueretur
3288 5462 3353 5517 de
3388 5476 3455 5516 eo
3495 5462 3639 5531 quod
3681 5461 3759 5516 ait

2180 5564 2350 5619 Filius
2406 5564 2474 5618 ad
2525 5561 2778 5615 Patrem:
2831 5578 2849 5610 ι
2886 5557 3076 5621 Pater,
3128 5555 3275 5609 venit
3332 5555 3486 5619 hora,
3519 5551 3758 5608 elariﬁca

499 5647 687 5707 Nonne
725 5655 825 5710 iste
856 5666 939 5711 est
968 5654 1200 5720 fruetus,
1234 5656 1299 5710 de
1335 5672 1441 5725 quo
1468 5656 1579 5723 jam
1619 5658 1865 5714 dixerat:
1898 5678 1916 5710 ι
1951 5658 2078 5714 Sine
2182 5658 2378 5713 Filium
2430 5665 2576 5711 tuum
2627 5653 2807 5725 (Joan.
2856 5667 2999 5716 xv",
3040 5649 3114 5717 1),
3150 5669 3169 5701 ι
3205 5648 3307 5704 hoc
3352 5646 3755 5717 interponitur:

497 5754 591 5805 Ille
614 5745 748 5803 nihil
775 5746 1000 5818 potestis
1029 5743 1247 5802 facere?
1275 5764 1293 5797 ι
1340 5731 1532 5817 (Ιῧὶάη
1572 5749 1651 5819 5.)
1710 5749 1892 5821 Elegit
1942 5763 2074 5820 ergo

2185 5752 2521 5818 Quapropter
2547 5745 2651 5802 hoc
2678 5744 2823 5814 quod
2857 5743 2951 5807 ait,
2981 5759 3001 5795 ι
3036 5738 3217 5803 Pater,
3247 5736 3395 5795 venit
3414 5737 3570 5807 hora,
3592 5735 3757 5794 clari-
