4088 6344
301 314 389 376 ιδ·
483 267 496 286 '
1305 314 1393 371 DE
1429 310 2098 372 PRIEDESTINATIONE
2135 311 2270 368 DEI.
2310 341 2381 356 —
2411 312 2545 370 LIB.
2577 312 2615 367 l.
3512 315 3588 372 54

301 429 409 486 lica
437 426 639 485 Filium
681 435 852 496 tuum,
882 447 903 483 ι
933 429 1172 487 ostendit
1215 443 1377 486 omne
1409 437 1654 500 tempus,
1680 437 1734 484 et
1763 427 1894 498 quid
1918 430 1972 492 Α
1995 427 2134 494 cati,
2160 436 2561 498 consequenter
2603 426 2785 484 electi.
2815 427 2896 484 llli
2936 442 3066 501 ergo
3101 428 3262 486 electi
3282 471 3298 497 ,
3337 441 3398 487 ut
3441 448 3585 504 saepe

301 521 525 590 quando
551 519 777 586 faceret,
807 520 892 577 vel
922 521 1040 577 ﬁeri
1067 521 1286 588 sineret,
1315 522 1383 577 ab
1407 521 1499 577 illo
1529 537 1651 577 esse
1672 519 1900 592 disposi-

302 615 442 674 tum,
473 609 571 680 qui
618 611 850 680 tempori
899 610 1149 666 subditus
1191 626 1300 666 non
1341 619 1456 678 est,
1487 611 1742 682 quoniam
1778 625 1900 681 qua:

297 694 485 752 futura
520 698 735 754 fuerant
758 715 854 770 per
873 701 1083 771 singula
1122 708 1366 772 tempora
1407 702 1462 756 in
1499 701 1594 757 Dei
1635 701 1898 773 sapientia

298 803 501 845 causas
531 789 828 847 ellicientes
852 791 1073 859 habent,
1096 792 1151 847 in
1174 807 1280 863 qua
1311 783 1458 848 nulla
1477 803 1603 848 sunt
1631 801 1894 864 tempora.

298 879 512 948 Quibus
537 884 721 939 verbis
755 883 1016 940 docemur
1045 885 1306 957 quidquid
1345 886 1464 942 ﬁeri
1501 887 1728 943 diversis
1763 896 1897 943 tem-

294 975 525 1046 poribus
571 976 817 1034 videmus
843 1018 859 1044 ,
893 977 978 1034 vel
1011 987 1160 1034 certe
1204 977 1451 1034 facienda
1491 987 1645 1043 sunt,
1692 979 1748 1034 in
1797 977 1895 1034 Dei

295 1067 782 1138 praedestinatione
828 1085 1056 1137 causas,
1089 1086 1188 1126 cur
1213 1070 1347 1126 flant
1379 1071 1598 1139 haberi,
1623 1082 1678 1127 et
1712 1086 1898 1128 secun-

295 1159 427 1215 dum
451 1162 594 1231 quod
623 1161 739 1232 ipse
764 1162 857 1233 qui
885 1163 1169 1219 ordinator
1191 1172 1276 1220 est
1306 1171 1612 1235 temporum
1636 1163 1893 1235 disponit,

294 1253 554 1309 universa
581 1254 718 1310 ﬁeri.
751 1255 905 1312 Unde
933 1257 1099 1312 etiam
1125 1265 1182 1312 et
1219 1257 1276 1312 in
1321 1259 1774 1328 consequentibus
1821 1259 1898 1314 ait

295 1344 500 1418 (Tract.
531 1348 672 1421 cod.)
701 1349 838 1418 :Qui
859 1351 1004 1407 enim
1038 1352 1202 1408 certis
1231 1360 1289 1408 et
1316 1351 1745 1408 immutabilibus
1768 1366 1896 1406 cau-

291 1436 371 1492 sis
399 1439 583 1494 omnia
607 1439 787 1496 futura
817 1443 1244 1512 prtedestinavit,
1268 1444 1412 1514 quod
1436 1443 1682 1499 facturus
1710 1448 1796 1497 est
1822 1439 1896 1496 fe-

291 1529 390 1584 cit.
420 1530 556 1586 Nam
577 1542 631 1588 et
656 1549 754 1605 per
779 1536 1097 1608 prophetam
1125 1538 1191 1594 de
1220 1538 1312 1593 illo
1341 1537 1549 1594 dictum
1581 1546 1666 1594 est
1691 1551 1706 1591 :
1737 1555 1754 1588 ι
1790 1534 1894 1604 Qui

291 1620 425 1676 fecit
453 1637 575 1692 qua:
601 1622 785 1680 futura
811 1636 936 1682 Sunt
965 1627 1101 1700 (13a.
1126 1628 1380 1698 ιιν,11).
1406 1647 1426 1680 ι
1472 1626 1532 1683 Si
1554 1642 1684 1698 ergo
1711 1625 1894 1682 omnia

291 1727 416 1783 qua:
438 1713 684 1772 facturus
708 1726 794 1773 est
819 1720 982 1785 Deus,
1017 1720 1072 1775 in
1096 1719 1575 1790 praedestinatione
1590 1718 1704 1790 jam
1730 1717 1892 1784 fecit,

2004 521 2209 576 dictum
2257 531 2373 588 est,
2415 523 2506 592 qui
2551 523 2844 578 secundum
2876 525 3207 595 propositum
3245 526 3454 591 vocati,
3490 526 3585 597 qui

1999 613 2165 669 etiam
2214 614 2582 684 praedestinati
2626 624 2788 685 atque
2817 617 3072 686 praesciti.
3113 615 3316 673 Horum
3356 619 3401 674 si
3439 618 3586 688 quis-

1999 719 2164 774 quam
2204 705 2363 774 perit,
2408 697 2612 759 fallitur
2638 705 2809 771 Deus;
2849 706 2942 762 sed
2983 721 3143 762 nemo
3183 709 3370 763 eorum
3410 708 3586 780 perit,

1999 793 2127 864 quia
2164 809 2272 850 non
2309 793 2516 849 fallitur
2555 793 2717 850 Deus.
2764 794 2968 850 Horum
3007 796 3054 852 si
3087 797 3372 869 quisquam
3413 798 3584 870 perit,

1998 885 2132 941 vitio
2163 885 2400 942 humano
2425 886 2661 968 vincitur
2684 888 2826 942 Deus
2850 905 2865 942 :
2895 887 2988 944 sed
3011 903 3171 944 nemo
3196 904 3384 944 eorum
3413 890 3584 960 perit,

1998 979 2126 1049 quia
2175 979 2322 1035 nulla
2364 995 2424 1035 re
2473 978 2709 1035 vincitur
2745 980 2907 1037 Deus.
2953 980 3124 1036 Electi
3157 983 3302 1036 enim
3348 992 3475 1038 sunt
3517 981 3586 1038 ad
3660 1029 3665 1038 .

2000 1070 2334 1142 regnandum
2363 1085 2486 1126 cum
2508 1069 2746 1137 Christo,
2772 1086 2880 1126 non
2902 1073 3172 1143 quomodo
3195 1071 3400 1128 electus
3418 1071 3583 1128 Judas

1999 1161 2068 1216 ad
2098 1177 2231 1232 opus
2258 1162 2346 1218 cui
2383 1164 2739 1234 congruebat.
2760 1163 2844 1218 Ab
2872 1163 2962 1218 illo
2998 1164 3196 1234 quippe
3232 1164 3436 1220 electus
3469 1171 3579 1228 est,

1998 1251 2090 1322 qui
2126 1251 2276 1308 novit
2303 1252 2441 1308 bene
2466 1253 2543 1308 uti
2571 1253 2734 1309 etiam
2774 1252 2932 1308 malis
2953 1296 2968 1320 ,
2998 1263 3056 1308 ut
3089 1262 3144 1309 et
3179 1267 3273 1323 per
3306 1269 3440 1324 opus
3468 1252 3586 1324 ejus

2001 1343 2324 1409 damnabile,
2351 1342 2478 1398 illud
2504 1352 2726 1414 propter
2751 1344 2895 1414 quod
2922 1344 3037 1415 ipse
3061 1352 3301 1408 venerat,
3334 1359 3470 1415 opus
3493 1359 3586 1401 ve-

2000 1432 2239 1487 nerabile
2261 1432 2639 1504 compleretur.
2671 1432 2806 1488 Cum
2828 1433 3010 1504 itaque
3032 1433 3313 1489 audimus:
3347 1451 3366 1484 ι
3396 1433 3585 1490 Nonne

1999 1535 2100 1592 ego
2119 1536 2216 1577 vos
2236 1522 2519 1578 duodecim
2541 1522 2699 1594 elegi,
2728 1531 2785 1578 et
2811 1539 2950 1579 unus
2969 1537 3036 1578 ex
3061 1523 3214 1580 vobis
3238 1522 3481 1580 diabolus
3500 1531 3586 1580 est

2001 1611 2185 1685 (Joan.
2211 1630 2286 1680 vr,
2324 1614 2446 1686 71),
2486 1615 2606 1671 illos
2630 1615 2890 1672 debemus
2927 1615 3228 1688 intelligere
3258 1616 3462 1672 electos
3487 1629 3587 1686 per

2001 1704 2429 1760 misericordiam
2445 1747 2460 1773 ,
2486 1705 2636 1760 illum
2658 1721 2755 1777 per
2770 1703 3071 1774 judicium;
3110 1706 3230 1762 illos
3249 1706 3316 1761 ad
3337 1705 3585 1762 obtinen-

288 1804 542 1875 profecto
570 1809 768 1879 quibus
806 1809 1099 1883 largiturus
1125 1821 1211 1867 est
1237 1826 1485 1884 regnum,
1522 1811 1576 1866 in
1611 1809 1884 1881 praedesti-

1998 1797 2125 1852 dum
2146 1813 2369 1870 regnum
2402 1814 2587 1866 suum,
2608 1798 2755 1854 illum
2793 1799 2859 1854 ad
2891 1798 3224 1856 fundendum
3266 1798 3583 1871 sanguinem

290 1895 513 1952 natione
534 1897 648 1969 jam
679 1898 862 1966 dedit;
890 1909 946 1956 et
968 1916 1105 1972 quos
1122 1900 1466 1970 judicaturus
1485 1901 1553 1956 ad
1574 1913 1814 1971 poenam,
1839 1898 1893 1953 in

291 1988 773 2058 praedestinatione
793 1989 909 2060 jam
935 1991 1222 2062 judicavit.

362 2081 500 2138 Item
527 2084 670 2153 quod
695 2085 852 2144 electi
885 2087 1184 2142 secundum
1211 2085 1305 2141 Dei
1329 2083 1669 2156 propositum
1691 2082 1893 2155 praede-

287 2170 502 2238 stinati,
531 2180 587 2227 et
613 2175 788 2230 vocati
818 2183 978 2242 sunt,
1023 2176 1166 2232 idem
1192 2175 1383 2232 doctor
1413 2175 1468 2230 in
1496 2175 1636 2231 libro
1675 2174 1741 2229 de
1771 2188 1893 2243 gra-

291 2260 367 2316 tia
386 2269 444 2318 et
472 2265 818 2336 correptione
841 2266 979 2338 (cap.
997 2266 1031 2322 6
1059 2277 1108 2322 et
1137 2267 1192 2339 7)
1217 2267 1296 2323 sic
1321 2266 1560 2339 loquitur
1584 2282 1599 2320 :
1625 2265 1787 2338 [Quid
1809 2273 1893 2320 est

287 2352 456 2408 etiam
483 2355 630 2424 quod
667 2356 724 2412 in
763 2357 1129 2427 apostolorum
1175 2358 1402 2414 Actibus
1449 2358 1712 2428 legimus:
1743 2376 1762 2409 ι
1788 2357 1892 2411 Au-

288 2444 507 2502 dientes
557 2456 738 2504 autem
786 2458 974 2522 gentes
1024 2451 1223 2521 gavisa:
1258 2459 1412 2516 sunt,
1459 2459 1515 2506 et
1562 2458 1892 2521 exceperunt

287 2537 521 2594 verbum
544 2540 791 2608 Domini,
814 2550 870 2598 et
896 2543 1246 2600 crediderunt
1273 2553 1542 2616 quotquot
1571 2553 1728 2601 erant
1755 2561 1891 2616 prae-

286 2632 528 2688 ordinati
567 2634 624 2689 in
651 2635 821 2691 vitam
867 2645 1127 2692 aeternam
1175 2636 1314 2708 (Act.
1362 2654 1483 2705 xm,
1529 2637 1642 2711 48).
1689 2658 1707 2690 ι
1757 2638 1892 2707 Quis

285 2734 550 2795 cperatus
578 2736 661 2782 est
693 2742 787 2782 eos
837 2728 891 2782 in
930 2729 1099 2783 vitam
1143 2737 1439 2798 aatemam,
1477 2730 1582 2786 nisi
1629 2730 1722 2801 qui
1757 2747 1889 2788 vasa

285 2815 679 2876 misericordia:
702 2827 958 2890 operatus
979 2829 1065 2876 est
1090 2821 1224 2878 eos?
1244 2822 1336 2892 qui
1358 2830 1413 2878 et
1444 2840 1463 2874 ι
1495 2822 1657 2894 elegit
1686 2823 1807 2879 illos
1835 2825 1890 2880 in

283 2907 427 2965 Filio
454 2925 556 2967 suo
585 2919 711 2968 ante
751 2913 1196 2970 constitutionem
1236 2913 1422 2970 mundi
1458 2913 1673 2986 (EpIm.
1700 2930 1750 2979 ι,
1772 2914 1828 2984 4)
1863 2935 1884 2967 ι

283 3015 387 3072 per
425 3001 748 3058 electionem
776 3005 984 3076 gratiae.
1018 3023 1037 3056 ‹
1067 3004 1124 3060 Si
1161 3012 1341 3060 autem
1389 3005 1598 3076 gratia,
1631 3006 1745 3076 jam
1781 3022 1888 3062 non

281 3109 356 3150 ex
401 3096 694 3168 operibus,
740 3098 982 3168 alioquin
1029 3099 1205 3171 gratia
1246 3096 1361 3167 jam
1414 3111 1525 3154 non
1575 3108 1663 3155 est
1714 3103 1886 3171 gratia

1996 1890 2199 1964 suum.]
2242 1891 2308 1947 Et
2349 1891 2402 1946 in
2429 1892 2529 1948 hac
2573 1892 2841 1947 sententia
2887 1891 3153 1962 duplicem
3193 1890 3434 1948 ostendit
3477 1889 3586 1956 elea-

1995 1981 2253 2047 ctionem,
2287 1984 2430 2053 quod
2458 1982 2550 2038 alii
2580 1982 2788 2038 scilicet
2806 1982 3074 2054 eligantur
3109 1997 3216 2038 non
3239 1981 3579 2053 permansuri

1994 2070 2050 2126 in
2082 2071 2608 2142 operibusjustitiaa‘,
2638 2073 2704 2128 de
2732 2073 2928 2143 quibus
2963 2073 3162 2129 dicitur
3194 2091 3207 2126 :
3247 2090 3266 2124 ι
3300 2071 3449 2126 Multi
3480 2088 3577 2127 vo—

1993 2161 2144 2229 cati;
2179 2182 2198 2214 ι
2234 2163 2325 2218 alii
2364 2179 2494 2220 vero
2533 2164 2613 2220 sic
2663 2164 2958 2236 eliguntur,
3001 2174 3062 2220 ut
3093 2173 3472 2237 permaneant,
3512 2166 3582 2223 de

1993 2257 2192 2326 quibus
2225 2258 2304 2312 ait
2327 2257 2618 2328 Apostolus
2647 2276 2660 2312 :
2703 2275 2722 2309 ι
2757 2257 2905 2326 Quos
2931 2258 3354 2328 praadestinavit,
3383 2257 3500 2313 illos
3525 2267 3582 2312 et

1992 2349 2208 2404 vocavit
2229 2347 2407 2421 (Rom.
2435 2365 2562 2415 vm,
2587 2348 2701 2420 29).
2728 2369 2749 2402 ι
2783 2349 2864 2406 Ex
2897 2349 3014 2405 istis
3044 2351 3224 2405 autem
3254 2347 3432 2404 nullus
3459 2364 3586 2421 per-

1993 2439 2073 2495 ire
2099 2448 2278 2512 potest
2307 2458 2318 2493 :
2351 2455 2478 2496 nam
2504 2449 2560 2496 et
2589 2439 2783 2496 Judam
2822 2441 2955 2496 dicit
2978 2441 3230 2508 electum,
3259 2443 3354 2498 sed
3377 2456 3484 2497 non
3510 2441 3579 2498 ad

1994 2543 2236 2599 regnum,
2269 2529 2364 2585 sed
2392 2530 2460 2584 ad
2510 2530 2843 2600 apostolatus
2873 2531 3156 2589 honorem.
3202 2531 3355 2600 Quod
3400 2540 3580 2588 autem

1993 2616 2143 2672 illum
2170 2618 2300 2674 dicit
2324 2618 2556 2676 electum
2586 2619 2655 2674 ad
2687 2619 3018 2676 fundendum
3050 2621 3368 2693 sanguinem
3395 2636 3574 2687 suum,

1991 2716 2212 2780 propter
2236 2709 2386 2764 illum
2407 2709 2632 2764 occulta:
2651 2708 3142 2780 praedestinationis
3161 2709 3407 2766 ordinem
3427 2709 3582 2776 dicit,

1993 2815 2098 2870 qua
2126 2801 2500 2856 universorum
2527 2809 2702 2867 actus,
2731 2800 2784 2855 id
2813 2809 2898 2856 est
2921 2800 3188 2856 bonorum
3216 2808 3272 2856 et
3292 2800 3581 2867 malorum,

1992 2891 2204 2948 occulto
2219 2892 2423 2963 judicio
2447 2891 2705 2963 disponit.
2732 2893 2870 2962 Quia
2895 2893 2998 2949 etsi
3026 2894 3168 2950 bona
3195 2909 3383 2966 opera,
3413 2904 3471 2950 et
3488 2910 3583 2952 co-

1993 2981 2283 3053 gitationes
2303 2982 2460 3038 bona:
2481 2999 2512 3037 a
2542 2981 2654 3038 Deo
2684 2990 2810 3038 sunt
2831 2992 3038 3038 tantum
3060 3023 3075 3050 ,
3099 2983 3253 3040 mala:
3278 2994 3456 3041 autem
3485 3001 3580 3042 co-

1993 3075 2284 3146 gitationes
2336 3089 2404 3130 ex
2468 3074 2907 3146 concupiscentia
2956 3075 3236 3132 rationalis
3293 3085 3579 3142 creaturae.

283 3165 463 3258 (nam;
498 3205 576 3255 η,
609 3189 687 3261 6).
717 3210 736 3244 ,
771 3165 888 3246 N01;
927 3165 1072 3247 θηίῶ
1126 3191 1208 3247 sic
1248 3165 1376 3246 'sum
1418 3190 1594 3248 vocati
1614 3232 1631 3258 ’
1673 3165 1742 3248 υξ
1776 3208 1885 3249 non
1914 3167 1959 3232 C
1991 3166 2133 3222 sicut
2155 3176 2209 3221 et
2233 3165 2373 3222 mala
2399 3181 2562 3236 opera
2585 3181 2651 3221 ex
2683 3166 2825 3221 mala
2863 3165 3324 3237 concupiscentia,
3353 3183 3460 3224 non
3485 3184 3580 3224 au-

283 3289 472 3337 essent
494 3281 684 3348 electi;
709 3292 934 3354 propter
953 3283 1098 3354 quod
1130 3283 1335 3340 dictum
1357 3291 1476 3339 est:
1508 3300 1528 3335 ι
1558 3283 1709 3338 Multi
1738 3284 1883 3339 enim

282 3374 485 3440 vocati,
518 3376 676 3446 pauci
711 3391 840 3432 vero
864 3375 1020 3432 electi
1050 3374 1268 3448 (Matth.
1301 3391 1394 3442 xx,
1428 3373 1538 3447 16).
1573 3393 1592 3426 ι
1629 3373 1734 3430 Sed
1756 3390 1884 3445 quo-

282 3467 433 3522 niam
461 3469 761 3525 secundum
796 3469 1132 3540 propositum
1161 3466 1340 3524 vocati
1369 3475 1527 3534 sunt,
1557 3465 1803 3536 profecto
1829 3475 1886 3522 et

282 3557 442 3616 electi
481 3569 611 3616 sunt
660 3577 761 3632 per
798 3561 1155 3626 electionem,
1181 3569 1242 3615 ut
1279 3560 1483 3615 dictum
1521 3568 1636 3626 est,
1665 3561 1879 3632 gratiae,

282 3667 391 3708 non
425 3653 845 3723 praecedentium
876 3653 1196 3710 meritorum
1221 3669 1477 3720 suorum;
1520 3654 1648 3724 quia
1698 3654 1875 3725 gratia

282 3741 390 3797 illis
416 3752 502 3799 est
526 3761 690 3801 omne
715 3746 991 3802 meritum.
1024 3745 1101 3801 De
1135 3745 1334 3801 talibus
1377 3746 1508 3802 dicit
1545 3746 1875 3816 Apostolus:

288 3850 310 3884 ι
349 3831 563 3891 Scimus
591 3835 848 3906 quoniam
879 3835 1232 3908 diligentibus
1262 3835 1430 3891 Deum
1465 3837 1647 3891 omnia
1688 3852 1882 3908 coope-

282 3934 476 3980 rantur
502 3927 559 3982 in
589 3927 792 3984 bonum
822 3927 939 3994 his,
971 3927 1063 3999 qui
1091 3927 1387 3983 secundum
1425 3928 1760 3999 propositum
1790 3944 1882 3985 vo-

282 4017 390 4072 cati
417 4027 584 4074 sunt:
619 4019 879 4088 quoniam
919 4034 1057 4090 quos
1101 4027 1226 4074 ante
1254 4020 1556 4090 praascivit,
1587 4028 1643 4074 et
1678 4021 1882 4090 prazde-

1990 3266 2101 3313 tem
2128 3273 2158 3312 a
2188 3257 2316 3313 Deo.
2339 3257 2596 3312 Attamen
2621 3258 2818 3313 divina:
2851 3258 3220 3330 dispositionis
3246 3259 3440 3315 ordine
3465 3276 3581 3316 mo-

1987 3353 2248 3408 derantur
2277 3366 2291 3406 :
2324 3351 2450 3422 quia
2483 3351 2538 3406 in
2563 3352 2665 3406 hac
2699 3350 2993 3422 republica,
3025 3366 3143 3422 qua:
3176 3360 3260 3408 est
3291 3351 3578 3408 universus

1986 3446 2243 3512 mundus,
2260 3445 2602 3524 omnipgtens
2628 3443 2792 3511 Deus,
2817 3444 2956 3501 sicut
2977 3451 3032 3500 et
3053 3453 3261 3508 rector,
3295 3443 3366 3498 ita
3391 3453 3446 3499 et
3467 3444 3578 3500 dis-

1983 3539 2191 3612 positor
2242 3547 2345 3605 est,
2387 3546 2443 3595 et
2488 3538 2668 3594 omnia
2692 3553 2814 3607 quae
2855 3536 3014 3603 ﬁunt,
3053 3537 3196 3592 illius
3236 3535 3576 3608 dispositioni

1984 3631 2249 3688 serviunt.
2283 3628 2417 3684 Nam
2441 3629 2692 3701 quamvis
2713 3628 2882 3684 multa
2906 3627 3054 3693 fiant,
3079 3642 3201 3698 quae
3219 3635 3413 3704 contra
3431 3627 3578 3685 illius

1983 3725 2316 3780 voluntatem
2355 3723 2473 3778 ﬁeri
2505 3723 2810 3788 videantur,
2839 3721 2981 3776 unde
3008 3729 3190 3776 tamen
3209 3719 3352 3777 illius
3376 3720 3570 3778 volun-

1985 3815 2081 3870 tati
2105 3828 2405 3886 repugnare
2429 3813 2703 3877 videntur,
2743 3810 2868 3867 inde
2897 3809 3062 3865 etiam
3090 3809 3208 3881 ejus
3230 3809 3572 3882 dispositioni

1983 3907 2246 3965 serviunt.
2272 3907 2405 3962 ltem
2433 3906 2576 3976 quod
2602 3905 2694 3977 qui
2720 3911 2981 3975 pereunt,
3023 3906 3091 3960 de
3120 3919 3345 3961 numero
3375 3903 3576 3962 electo-

1984 4019 2103 4058 rum
2144 4017 2251 4058 non
2281 4009 2427 4066 sunt,
2454 4001 2507 4054 in
2529 3999 2719 4055 eodem
2751 3998 2890 4054 libro
2917 3997 3058 4070 (cap.
3093 3997 3146 4069 7)
3171 3996 3252 4053 sic
3276 3996 3569 4053 docemur:

282 4109 508 4166 stinavit
556 4109 864 4167 conformes
912 4089 1165 4183 imaginis
1217 4089 1340 4166 Filii
1393 4109 1511 4174 sui.
1549 4119 1610 4165 ut
1659 4089 1732 4165 sit
1767 4111 1882 4181 ipse
1984 4096 2234 4170 [Ηοτυιην
2259 4093 2456 4164 inquit.
2490 4092 2622 4148 ﬁdes
2646 4106 2766 4162 quae
2793 4105 2892 4160 per
2916 4089 3262 4183 dilectionem
3285 4099 3566 4183 operatur.

279 4202 679 4273 primogenitus
708 4202 765 4258 in
798 4202 983 4258 multis
1013 4181 1273 4257 fratribus
1301 4215 1316 4255 :
1340 4217 1478 4272 quos
1517 4208 1697 4257 autem
1739 4217 1878 4271 prae-

1989 4188 2224 4263 profecto
2248 4195 2342 4242 aut
2369 4186 2592 4241 omnino
2613 4199 2719 4239 non
2749 4182 2954 4248 deficit,
2983 4190 3077 4237 aut
3099 4182 3144 4237 si
3173 4182 3267 4252 qui
3299 4181 3408 4236 sint
3431 4196 3569 4253 quo-

280 4294 604 4361 destinavit,
654 4294 778 4352 illos
821 4304 875 4351 et
923 4295 1169 4360 vocavit;
1219 4310 1356 4364 quos
1401 4302 1583 4350 autem
1632 4295 1877 4362 vocavit,

1989 4298 2101 4338 rum
2126 4280 2332 4346 deﬁcit,
2374 4285 2658 4350 reparatur
2705 4284 2998 4346 antequam
3037 4275 3140 4330 ista
3184 4273 3294 4329 vita
3327 4275 3570 4340 ﬁniatur,

281 4388 432 4460 ipsos
460 4386 883 4458 etjustiﬁcavit;
913 4402 1051 4459 quos
1081 4395 1263 4443 autem
1283 4385 1628 4456 justiﬁcavit,
1656 4388 1802 4458 ipsos
1825 4397 1881 4445 et

1989 4384 2036 4430 et
2057 4372 2231 4429 deleta
2256 4385 2376 4442 quae
2401 4370 2858 4425 intercucurrerat
2884 4365 3192 4437 iniquitate,
3221 4380 3394 4436 usque
3425 4365 3476 4421 in
3501 4365 3570 4421 tl-

282 4477 610 4552 gloriﬁcavit
631 4478 811 4552 (Rom.
830 4494 948 4546 vni,
969 4478 1187 4550 28-30).
1223 4496 1243 4530 ι
1269 4478 1350 4533 Ex
1373 4477 1492 4534 istis
1508 4477 1690 4535 nullus
1712 4480 1875 4551 perit,

1981 4479 2103 4521 nem
2122 4461 2541 4536 perseverantia:
2562 4460 2872 4531 deputatur.
2895 4458 2999 4528 Qui
3020 4473 3150 4514 vero
3168 4459 3569 4531 perseveraturi

278 4543 411 4644 ᾇηίε
439 4543 810 4629 οωιιθε’θιεειί
831 4543 976 4628 sum,
1001 4543 1171 4628 Ειθοίί
1200 4579 1327 4628 sum
1367 4578 1578 4637 autem,
1628 4543 1756 4643 qui}
1789 4543 1875 4630 se.
1903 4543 1960 4606 Ῑ)
1980 4574 2088 4616 non
2128 4566 2274 4624 sunt,
2320 4571 2388 4612 ac
2413 4555 2494 4612 sic
2523 4571 2554 4610 a
2578 4554 2682 4609 fide
2705 4552 3039 4644 Christiana,
3061 4560 3116 4607 et
3158 4553 3572 4644 conversatione

278 4669 518 4725 cundum
548 4668 887 4740 propositum
922 4667 1101 4724 vocati
1129 4675 1293 4722 sunt:
1321 4666 1658 4737 propositum
1695 4675 1875 4723 autem

279 4775 388 4816 non
408 4775 593 4821 suum.
619 4759 715 4815 sed
739 4757 881 4831 Dei.]
925 4759 1057 4815 Item
1083 4757 1228 4828 quod
1250 4756 1431 4814 nullus
1456 4757 1755 4813 electorum
1779 4759 1873 4829 qui

278 4851 655 4923 pmdestinati
707 4859 853 4917 sunt,
886 4850 1066 4920 perire
1095 4858 1296 4921 potest,
1336 4859 1394 4905 et
1439 4851 1506 4905 de
1534 4848 1694 4916 Juda,
1730 4851 1874 4921 quod

278 4941 487 4998 electus
510 4942 566 4996 in
596 4942 930 5012 apostolatus
969 4943 1232 4998 honorem
1254 4955 1350 5013 per
1373 4939 1639 5012 judicium
1658 4981 1674 5003 ,
1695 4941 1782 4995 vel
1805 4940 1873 4996 ad

277 5033 667 5092 eiundendum
718 5035 1036 5106 sanguinem
1085 5033 1332 5101 Christi,
1388 5049 1513 5090 cum
1561 5033 1874 5104 loqueretur

275 5127 541 5199 prmfatus
566 5127 759 5185 doctor
786 5128 842 5182 in
873 5125 1064 5183 eodem
1106 5125 1246 5182 libro
1275 5125 1411 5199 (cap.
1439 5125 1493 5196 7)
1531 5125 1598 5181 de
1635 5124 1873 5196 capitulo

279 5221 554 5293 apostoli,
595 5221 650 5292 in
680 5237 789 5294 quo
811 5220 924 5277 ait:
964 5239 984 5272 α
1015 5220 1163 5289 Quos
1203 5228 1385 5275 autem
1433 5219 1869 5291 praedestinavit,

277 5313 403 5373 illos
429 5323 489 5371 et
515 5315 787 5381 vocavit,»
813 5314 887 5370 ita
921 5311 1201 5382 subjunxit
1226 5331 1238 5366 :
1270 5310 1400 5386 [Eos
1429 5311 1614 5382 itaque
1644 5311 1758 5367 vult
1782 5311 1868 5367 in-

277 5404 485 5477 telligi,
525 5421 665 5478 quos
702 5422 722 5457 ‹
752 5405 1049 5462 secundum
1087 5404 1422 5477 propositum
1462 5403 1708 5468 vocavit,
1753 5422 1772 5454 ι
1801 5416 1871 5457 ne

274 5509 544 5574 putentur
573 5499 628 5556 in
651 5501 920 5570 eis‘aliqui
943 5515 1065 5556 esse
1092 5500 1298 5566 vocati,
1324 5507 1382 5554 et
1411 5515 1517 5555 non
1552 5499 1729 5564 electi,
1751 5513 1874 5568 pro-

275 5605 403 5669 pter
449 5594 597 5651 illam
640 5595 977 5650 Dominicam
1022 5593 1345 5650 sententiam
1380 5611 1392 5646 :
1435 5610 1454 5643 ε
1482 5591 1630 5648 Multi
1668 5592 1870 5657 vocati,

275 5687 439 5760 pauci
467 5685 626 5744 electi
649 5685 865 5758 (Matth.
890 5684 1142 5758 “.16).:
1168 5684 1488 5756 Quicunque
1508 5684 1652 5739 enim
1687 5682 1868 5748 electi,

273 5779 402 5838 sine
423 5777 592 5836 dubio
620 5777 784 5835 etiam
811 5776 987 5834 vocati
1022 5794 1036 5830 :
1069 5791 1177 5833 non
1212 5784 1393 5832 autem
1435 5773 1747 5847 quicunque
1772 5788 1866 5829 vo-

1980 4650 2182 4722 lapsuri
2213 4657 2359 4715 sunt,
2397 4656 2456 4703 ut
2490 4646 2624 4702 tales
2663 4659 2758 4702 eos
2798 4645 2924 4700 vita:
2953 4643 3112 4712 hujus
3155 4642 3280 4698 linis
3304 4643 3568 4711 inveniat,

1980 4743 2168 4817 procul
2203 4743 2366 4799 dubio
2405 4756 2506 4796 nec
2539 4739 2633 4796 illo
2669 4747 2934 4810 tempore,
2963 4752 3072 4807 quo
3102 4737 3240 4791 bene
3265 4735 3462 4806 pieque
3486 4737 3571 4792 vi-

1978 4846 2132 4902 vunt,
2157 4835 2210 4889 in
2232 4835 2460 4890 istorum
2486 4847 2716 4888 numero
2737 4829 3085 4902 computandi
3109 4837 3254 4884 sunt.
3281 4827 3399 4885 Non
3419 4831 3568 4888 enim

1977 4937 2106 4985 sunt
2138 4943 2168 4982 a
2200 4942 2381 4982 massa
2412 4925 2500 4980 illa
2521 4924 2843 4997 perditionis
2869 4920 3214 4994 praescientia
3237 4920 3333 4977 Dei
3354 4930 3410 4978 et
3433 4937 3569 4993 prae-

1981 5021 2341 5078 destinatione
2363 5018 2608 5084 discreti,
2639 5025 2694 5073 et
2722 5017 2844 5073 ideo
2872 5031 2975 5072 nec
2995 5015 3290 5072 secundum
3321 5017 3568 5088 proposi-

1980 5127 2096 5173 tum
2127 5115 2329 5182 vocati,
2357 5128 2423 5169 ac
2446 5128 2546 5183 per
2569 5112 2675 5167 hoc
2699 5125 2803 5166 nec
2825 5108 3007 5175 electi,
3035 5110 3130 5165 sed
3172 5108 3227 5164 in
3265 5109 3348 5165 eis
3384 5111 3563 5167 vocati

1978 5221 2128 5276 sunt,
2161 5209 2229 5266 de
2249 5207 2445 5279 quibus
2471 5205 2674 5262 dictum
2706 5210 2790 5258 est
2811 5200 3028 5274 (Matth.
3055 5217 3150 5268 xx,
3175 5200 3265 5272 16)
3299 5217 3312 5253 :
3356 5219 3377 5254 ι
3410 5201 3565 5257 Multi

1979 5302 2176 5368 vocati,
2230 5312 2414 5357 etnon
2452 5297 2506 5352 in
2534 5295 2616 5351 eis
2659 5293 2728 5350 de
2775 5292 2972 5364 quibus
3004 5292 3208 5349 dictum
3240 5300 3357 5359 est,
3402 5293 3562 5362 pauci

1977 5409 2107 5452 vero
2136 5391 2316 5449 electi.
2361 5410 2380 5442 ι
2425 5388 2494 5443 Et
2533 5395 2718 5442 tamen
2756 5385 2847 5456 qui
2892 5399 2988 5441 eos
3012 5391 3172 5456 neget
3205 5382 3409 5439 electos
3435 5398 3562 5439 cum

1977 5489 2224 5551 credunt,
2272 5494 2326 5540 et
2376 5481 2754 5552 baptizantur,
2805 5486 2862 5534 et
2911 5477 3209 5534 secundum
3255 5477 3425 5531 Deum
3485 5476 3563 5530 vi-

1974 5582 2149 5637 vunt?
2199 5579 2366 5634 Plane
2417 5575 2670 5630 dicuntur
2713 5572 2872 5629 electi
2930 5586 2962 5626 a
3015 5568 3384 5626 nescientibus
3432 5568 3563 5639 quid

1977 5675 2142 5732 futuri
2194 5682 2352 5738 sunt,
2405 5685 2510 5726 non
2567 5669 2634 5724 ab
2683 5667 2776 5723 illo
2823 5665 2917 5738 qui
2956 5679 3052 5721 eos
3099 5662 3252 5718 novit
3307 5675 3414 5716 non
3463 5659 3560 5715 ha-

1974 5773 2106 5830 bere
2148 5764 2610 5840 perseverantiam
2658 5776 2780 5833 quae
2842 5758 2909 5814 ad
2967 5757 3181 5814 beatam
3225 5752 3392 5809 vitam
3440 5766 3562 5823 per-
