4088 6344
515 325 588 385 35

1569 312 1924 374 RATRAMNI
1959 300 2404 369 CORBEIENSIS
2441 301 2749 365 MONACH!

516 435 668 494 ducit
709 407 928 502 electos,
990 413 1199 504 scitque
1251 432 1371 489 illos
1414 432 1492 489 ita
1536 440 1703 497 stare,
1747 439 1805 485 ut
1839 430 2089 501 prtescie-
2118 427 2169 486 Α
2194 437 2323 477 vero
2365 422 2583 477 venient
2627 420 2695 475 ad
2746 390 3044 482 Christum.
3091 414 3219 486 quia
3275 413 3347 470 ita
3378 410 3606 470 veniunt
3642 423 3782 482 queo

515 528 590 585 rit
636 542 761 583 esse
794 541 1017 583 casuros
1050 525 1237 601 (Ibid.,
1260 542 1307 579 c.
1333 524 1408 592 8).
1435 522 1535 578 Hic
1557 523 1600 578 si
1626 540 1655 578 a
1689 538 1776 577 me
1798 531 2098 594 quteratur,

518 635 618 677 cur
645 622 727 676 eis
754 621 896 676 Deus
924 619 1386 690 perseverantiam
1431 634 1537 672 non
1574 617 1803 682 dederit,
1831 617 1922 688 qui
1955 631 2096 683 eam,

522 730 628 786 qua
658 712 964 770 Christiane
992 713 1253 775 viverent,
1285 711 1623 766 dilectionem
1649 709 1811 773 dedit,
1844 724 1929 764 me
1953 710 2103 780 igno-

517 788 643 857 rare
671 802 988 873 respondeo.
1010 799 1126 855 Non
1149 801 1292 856 enim
1315 808 1656 872 arroganter,
1686 801 1779 853 sed
1802 813 2103 870 agnoscens

518 894 794 950 modulum
845 908 1047 959 meum,
1088 892 1248 947 audio
1272 892 1539 947 dicentem
1578 890 1892 962 Apostolum
1935 905 1949 943 :
2006 908 2024 941 ι
2057 887 2102 945 Ο

519 986 702 1050 homo,
721 994 775 1039 tu
796 985 917 1054 quis
937 1000 1016 1049 es,
1032 985 1121 1054 qui
1142 985 1469 1055 respondeas
1490 982 1634 1039 Deo?
1654 1004 1673 1036 ›
1696 982 1870 1054 (Rom.
1891 999 1969 1047 rx,
1984 981 2101 1052 20.)

522 1076 590 1132 Et
620 1094 632 1131 :
663 1096 681 1128 ‹
705 1075 986 1131 Oaltitudo
1009 1076 1315 1132 divitiarum
1340 1077 1618 1147 sapientiae
1639 1084 1693 1131 et
1713 1075 1952 1130 scientiae
1975 1072 2097 1127 Dei!

519 1182 683 1237 quam
731 1166 1098 1223 inscrutabilia
1154 1175 1278 1223 sunt
1310 1168 1509 1237 judicia
1542 1165 1677 1235 ejus,
1720 1174 1776 1221 et
1814 1165 2105 1237 investiga-

516 1256 654 1315 biles
680 1259 779 1315 via:
798 1258 944 1327 ejus!
980 1279 998 1312 ι
1029 1258 1202 1330 (Rom.
1223 1275 1298 1323 xx,
1327 1260 1439 1329 53.)
1458 1259 1727 1326 Quantum
1751 1258 1931 1327 itaque
1950 1256 2106 1311 nobis

515 1347 716 1419 judicia
762 1365 858 1405 sua
895 1347 1244 1404 manifestare
1292 1349 1564 1420 dignatur,
1589 1347 1792 1418 gratias
1831 1361 2053 1418 agamus
2087 1359 2101 1398 :

522 1451 787 1511 quantum
816 1454 947 1496 vero
978 1439 1332 1505 abscondere,
1358 1456 1464 1494 non
1496 1439 1756 1493 adversus
1783 1434 1899 1504 ejus
1928 1434 2107 1490 consi-

520 1531 651 1588 lium
678 1530 1125 1604 murmurcmus.]
1154 1528 1219 1585 Et
1266 1531 1353 1586 hic
1382 1530 1649 1602 geminam
1672 1528 1991 1584 electionem
2016 1542 2109 1581 ex-

520 1640 745 1697 ponens,
778 1624 913 1680 alios
937 1624 1015 1680 sic
1068 1624 1198 1680 dicit
1236 1624 1455 1689 electos,
1492 1622 1624 1678 alios
1645 1635 1773 1677 vero
1796 1622 1863 1675 ad
1897 1629 2108 1690 tempus

520 1716 742 1781 electos,
774 1714 867 1770 sed
897 1731 1003 1770 non
1035 1730 1207 1784 usque
1232 1715 1285 1768 in
1314 1714 1475 1768 ﬁnem
1505 1725 1907 1783 permansuros.
1930 1708 2108 1777 Quare

2203 514 2362 568 modo
2402 512 2515 582 ipse
2562 511 2695 566 dicit
2741 529 2753 564 :
2801 530 2820 562 ‹
2859 508 3030 565 Omne
3058 509 3199 579 quod
3231 508 3324 563 dat
3346 506 3477 561 mihi
3506 505 3690 570 Pater,
3716 506 3792 577 ad

2202 622 2288 661 me
2317 608 2525 673 veniet;
2555 613 2611 659 et
2634 619 2757 659 eum
2803 603 2893 672 qui
2918 604 3065 657 venit
3089 603 3156 655 ad
3188 612 3295 666 me,
3336 614 3441 654 non
3467 597 3681 669 ejiciam
3706 595 3790 652 [οη

2203 710 2293 752 ras
2315 696 2497 769 (Joan.
2526 712 2605 761 γι,
2633 693 2749 766 57.)
2794 714 2814 745 ι
2833 693 2900 749 Et
2923 692 3084 764 paulo
3097 700 3248 763 post:
3274 708 3292 742 ι
3321 689 3449 745 Haec
3471 697 3575 753 est,
3595 686 3791 758 inquit,

2204 788 2456 843 voluntas
2494 788 2613 858 ejus
2648 786 2740 856 qui
2787 785 2936 845 misit
2960 799 3080 850 me,
3111 781 3311 848 Patris,
3360 789 3421 837 ut
3452 793 3621 836 omne
3646 778 3793 850 (πυθὸ

2214 879 2364 935 dedit
2385 879 2515 934 mihi
2532 878 2712 943 Pater,
2729 893 2834 932 non
2858 876 3079 948 perdam
3102 889 3169 931 ex
3191 888 3256 928 eo
3296 872 3486 945 (Ibid.,
3518 870 3632 940 59).
3663 890 3689 925 ι
3708 870 3795 935 Ab

2205 968 2298 1027 illo
2323 987 2449 1043 ergo
2475 970 2634 1025 datur
2657 971 2823 1025 etiam
2851 967 3255 1039 perseverantia
3280 966 3335 1020 in
3365 965 3511 1020 bono
3540 976 3711 1033 usque
3735 964 3795 1031 in

2206 1062 2388 1117 ﬁnem.
2422 1061 2605 1132 Neque
2643 1061 2793 1116 enim
2817 1061 3001 1126 datur,
3032 1060 3136 1115 nisi
3161 1059 3243 1114 eis
3271 1057 3363 1129 qui
3385 1072 3494 1113 non
3514 1056 3794 1128 peribunt,

2205 1154 2461 1225 quoniam
2512 1154 2605 1224 qui
2645 1169 2753 1209 non
2806 1159 3191 1223 perseverant,
3240 1151 3516 1222 peribunt.
3572 1147 3799 1205 Talibus

2205 1246 2375 1302 Deum
2407 1264 2425 1297 ι
2461 1246 2807 1317 diligentibus
2820 1244 3003 1301 ouilia
3024 1251 3383 1314 coeperantur
3413 1241 3470 1296 in
3497 1241 3698 1297 bonum
3723 1256 3738 1294 :
3768 1256 3796 1293 ι

2207 1354 2377 1409 usque
2417 1337 2551 1392 ad'eo
2588 1351 2810 1408 prorsus
2854 1335 3069 1400 omnia,
3118 1342 3179 1388 ut
3205 1333 3370 1389 etiam
3399 1331 3447 1387 si
3473 1332 3567 1401 qui
3605 1341 3807 1406 eumut

2205 1432 2425 1489 deviant
2467 1440 2522 1485 et
2562 1430 2904 1493 exorbitant,
2938 1429 3104 1482 etiam
3144 1427 3248 1482 hoc
3297 1426 3472 1496 ipsum
3509 1423 3592 1479 eis
3631 1422 3801 1480 faciat

2206 1522 2473 1595 proﬁcere
2515 1521 2569 1576 in
2612 1522 2837 1585 bonum,
2865 1519 2992 1589 quia
3024 1517 3340 1574 humiliores
3365 1514 3595 1571 redeunt
3634 1520 3803 1583 atque

2208 1616 2481 1672 doctiores
2513 1631 2526 1667 :
2559 1613 2773 1668 discunt
2796 1611 2945 1666 enim
2994 1611 3048 1665 in
3074 1610 3191 1680 ipsa
3214 1608 3301 1663 via
3335 1605 3486 1675 justa
3526 1619 3650 1661 cum
3691 1612 3803 1661 tre-

2207 1720 2359 1760 more
2387 1720 2445 1760 se
2472 1703 2743 1760 exsultare
2789 1701 3009 1766 debere,
3038 1715 3143 1755 non
3187 1697 3289 1756 sibi
3328 1697 3645 1767 arrogantia.
3678 1702 3804 1750 tan-

525 1814 710 1859 autem
744 1805 820 1860 illi
846 1804 925 1860 sic
959 1804 1250 1875 eligantur,
1272 1812 1327 1858 et
1352 1803 1439 1857 isti
1474 1803 1570 1868 sic,
1603 1802 2042 1873 sicutignoratur
2074 1814 2104 1853 a
2134 1794 2181 1855 Β
2209 1813 2372 1869 quam
2422 1798 2488 1853 de
2526 1814 2623 1852 sua
2664 1798 2863 1850 virtute
2918 1793 3171 1849 ﬁduciam
3218 1784 3617 1861 permanendi.]
3666 1786 3805 1861 Item

521 1899 697 1965 nobis,
723 1898 796 1953 ita
828 1913 929 1952 nec
958 1896 1373 1953 discutiendum.
1408 1895 1540 1951 ltem
1580 1894 1724 1966 quod
1756 1894 1880 1949 filiis
1919 1892 2110 1947 inlide-

523 1991 657 2047 lium
700 1991 793 2046 dat
843 1992 986 2047 Deus
1027 1989 1509 2061 perseverantiam,
1551 1995 1607 2043 et
1651 1987 1777 2042 filiis
1816 1984 2108 2041 inﬁdelium

521 2100 629 2140 non
675 2085 787 2151 dat,
835 2082 1205 2139 inscrutabilia
1246 2096 1368 2137 esse
1389 2079 1594 2150 judicia
1623 2078 1717 2134 Dei
1745 2078 1886 2134 idem
1914 2078 2108 2132 doctor

519 2174 755 2231 ostendit
804 2175 859 2230 in
903 2173 1091 2229 eodem
1124 2171 1260 2227 libro
1299 2172 1445 2242 (cap.
1491 2169 1556 2241 8)
1601 2169 1788 2225 dicens
1828 2183 1842 2222 :
1882 2167 2107 2241 [Miran-

527 2265 655 2320 dum
680 2274 763 2321 est
798 2264 1037 2335 quidem,
1070 2263 1407 2332 multumque
1440 2258 1780 2327 mirandum,
1816 2262 1957 2330 quod
1987 2259 2108 2314 ﬁliis

520 2355 635 2411 suis
653 2352 975 2426 quibusdam
1022 2350 1186 2419 Deus,
1231 2367 1367 2423 quos
1417 2352 1752 2424 regencravit
1784 2352 1836 2405 in
1867 2349 2137 2414 Christo,-

524 2448 725 2519 quibus
754 2446 936 2513 ﬁdem,
967 2460 1141 2517 spem,
1168 2445 1509 2501 dilectionem
1536 2445 1702 2509 dedit,
1740 2458 1846 2497 non
1871 2443 1962 2498 dat
1986 2456 2109 2512 per-

522 2537 914 2601 severantiam,
951 2552 1074 2593 cum
1105 2536 1229 2591 ﬁliis
1266 2535 1459 2590 alienis
1488 2534 1691 2589 scelera
1737 2540 1886 2587 tanta
1926 2532 2109 2587 dimit-

521 2634 619 2695 tat,
653 2636 815 2699 θυμω
860 2628 1133 2698 impertita
1174 2627 1347 2698 gratia
1392 2640 1519 2680 suos
1565 2623 1731 2679 faciat
1771 2623 1929 2679 ﬁlios.
1976 2624 2109 2690 Quis

520 2722 625 2801 hoc
649 2738 754 2778 non
778 2720 1039 2777 miretur?
1076 2720 1197 2791 quis
1223 2722 1327 2775 hoc
1354 2735 1461 2774 non
1489 2717 1966 2773 vehementissime
1994 2703 2109 2771 stu-

530 2814 690 2886 peat?
721 2813 826 2869 Sed
857 2814 1021 2869 etiam
1052 2812 1184 2868 illud
1210 2828 1318 2867 non
1350 2812 1530 2866 minus
1567 2811 1764 2864 mirum
1793 2818 1897 2877 est,
1939 2818 1995 2864 et
2030 2816 2109 2863 ta-

523 2894 645 2959 men
668 2916 856 2959 verum
877 2913 1039 2973 atque
1061 2904 1136 2958 ita
1167 2902 1533 2966 manifestum,
1559 2909 1738 2956 utnec
1767 2899 1870 2970 ipsi
1902 2899 2108 2955 inimici

522 2997 713 3069 gratia:
758 2997 882 3063 Dei,
927 2996 1199 3067 quomodo
1246 2994 1300 3049 id
1350 3002 1550 3065 negent
1584 2993 1802 3049 valeant
1839 2990 2104 3057 invenire,

522 3089 667 3159 quod
696 3088 833 3143 lilios
855 3089 1118 3158 quosdam
1154 3087 1455 3142 amicorum
1505 3100 1747 3151 suorum,
1771 3087 1875 3141 hoc
1901 3095 1984 3140 est
2022 3101 2105 3140 re-

2211 1888 2356 1959 quod
2381 1888 2472 1958 qui
2499 1888 2577 1943 sic
2601 1887 2803 1942 cadunt
2835 1893 2895 1941 ut
2921 1892 3171 1955 pereant,
3202 1883 3268 1937 de
3290 1880 3804 1951 praedestinateruln

2210 1996 2439 2035 numero
2469 1996 2574 2034 non
2628 1978 2849 2043 fuerint,
2880 1977 2937 2031 in
2964 1975 3158 2033 eodem
3188 1973 3330 2029 libro
3362 1979 3501 2041 (cap.
3530 1967 3645 2038 12),
3675 1982 3804 2043 eum

2209 2073 2432 2129 Joannis
2457 2074 2684 2144 apostoli
2713 2071 2981 2128 sententia
3014 2076 3342 2124 tractaretur
3361 2063 3596 2123 dicentis
3619 2081 3633 2118 :
3665 2081 3687 2115 ι
3705 2061 3807 2121 Est

2209 2176 2490 2238 peccatum
2530 2166 2597 2221 ad
2624 2172 2851 2219 mortem
2875 2179 2981 2218 non
3012 2176 3110 2233 pro
3137 2160 3229 2215 illo
3259 2159 3381 2214 dico
3404 2167 3467 2212 ut.
3498 2164 3651 2227 roget
3678 2155 3810 2226 quia

2210 2261 2267 2333 (Ι
2296 2262 2455 2316 Joan.
2489 2278 2544 2327 v,
2574 2260 2686 2333 16),
2718 2279 2738 2313 ι
2774 2260 2889 2315 haec
2918 2258 3084 2313 verba
3110 2258 3301 2313 beatus
3321 2253 3656 2326 Augustinus
3674 2251 3811 2309 sub-

2206 2353 2384 2427 j'ungit
2409 2373 2421 2408 :
2448 2353 2549 2427 [De
2596 2369 2706 2424 quo
2757 2363 3000 2424 peccato,
3033 2352 3292 2422 quoniam
3332 2363 3440 2405 non
3482 2359 3809 2419 expressum

2209 2455 2313 2513 est,
2345 2456 2573 2517 possunt
2600 2444 2767 2499 multa
2796 2452 2851 2500 et
2902 2443 3111 2499 diversa
3137 2441 3348 2497 sentiri.
3378 2439 3491 2512 Ego
3529 2446 3708 2493 autem
3747 2436 3810 2493 id

2210 2557 2330 2597 esse
2350 2549 2633 2610 peccatum
2661 2539 2844 2605 ﬁdem,
2876 2552 2996 2608 quae
3020 2551 3121 2607 per
3149 2534 3497 2591 dilectionem
3523 2539 3806 2603 operatur;

2210 2637 2465 2692 deserere
2496 2651 2667 2705 usque
2720 2635 2785 2689 ad
2814 2642 3076 2699 mortem;
3110 2632 3237 2688 huic
3262 2639 3489 2703 peccato
3518 2629 3655 2684 ultra
3694 2640 3809 2682 non

2209 2730 2455 2785 serviunt
2481 2745 2584 2783 non
2600 2728 2775 2798 prima
2802 2726 3132 2791 conditione,
3164 2725 3304 2779 sicut
3343 2722 3454 2788 ille,
3484 2720 3660 2785 liberi,
3706 2719 3808 2777 sed

2209 2834 2308 2892 per
2328 2820 2624 2876 secundum
2653 2818 2823 2873 Adam
2866 2817 2963 2873 Dei
2994 2817 3163 2889 gratia
3209 2814 3444 2880 liberati,
3475 2822 3534 2868 et
3574 2806 3679 2868 ista
3730 2808 3810 2866 ιιι

2211 2912 2492 2967 beratione
2512 2910 2775 2965 habentes
2800 2907 3030 2964 liberum
3058 2906 3369 2972 arbitrium,
3410 2919 3519 2976 quo
3560 2902 3815 2959 serviunt

2212 3003 2345 3071 Deo,
2378 3018 2483 3057 non
2510 3017 2619 3072 quo
2647 3001 2989 3071 captiventur
3015 3013 3046 3052 a
3071 2997 3320 3063 diabolo;
3347 3013 3369 3047 ι
3402 2992 3617 3051 liberati
3657 2991 3811 3059 enim

2213 3112 2243 3150 a
2284 3106 2507 3167 peccato
2548 3094 2691 3150 servi
2728 3092 2858 3149 facti
2898 3101 3024 3148 sunt
3054 3090 3280 3163 justitia:
3317 3087 3497 3162 (Rom.
3523 3104 3597 3152 vr,
3639 3087 3755 3158 18),
3778 3101 3815 3139 9

526 3189 931 3252 generatorum,
984 3179 1357 3248 bonorumque
1392 3177 1654 3244 ﬁdelium,
1685 3178 1803 3233 sine
1842 3178 2110 3248 baptismo
2136 3163 2182 3227 C
2214 3163 2409 3258 in'qua
2436 3185 2657 3243 mnum
2677 3199 2849 3255 usque
2872 3184 2925 3239 in
2960 3184 3144 3249 ﬁnem,
3170 3183 3405 3239 donante
3431 3179 3535 3237 sibi
3557 3191 3818 3250 pem

526 3271 654 3327 hinc
666 3271 921 3342 parvulos
941 3276 1223 3336 exeuntes,
1248 3269 1444 3339 quibus
1470 3268 1655 3338 utique
1676 3268 1722 3323 si
1743 3266 1924 3333 vellet,
1952 3265 2111 3337 hujus

527 3364 732 3421 lavacri
761 3364 994 3438 gratiam
1035 3371 1376 3435 procuraret,
1406 3363 1461 3417 in
1510 3362 1665 3433 cujus
1693 3370 1962 3434 potestate
1988 3366 2113 3417 sunt

530 3458 736 3524 munia,
764 3457 1015 3512 alienata
1046 3471 1212 3528 regno
1242 3471 1360 3521 suo,
1385 3470 1492 3525 quo
1522 3464 1778 3525 parentes
1799 3454 1963 3509 mittit
1996 3453 2112 3510 illo-

530 3564 674 3616 rum,
725 3559 781 3603 et
832 3547 1095 3619 quosdam
1146 3546 1284 3602 ﬁlios
1347 3546 1692 3601 inimicorum
1751 3558 1975 3600 suorum
2027 3542 2113 3598 fa-

529 3642 605 3699 cit
670 3644 722 3697 in
781 3656 974 3698 manus
1029 3640 1463 3696 Christianorum
1513 3640 1722 3708 venire,
1773 3648 1827 3695 et
1872 3654 1971 3711 per
2011 3638 2114 3695 hoc

527 3732 804 3795 lavacrum
849 3732 1143 3797 introducit
1178 3731 1234 3787 in
1275 3745 1524 3803 regnum,
1562 3746 1595 3786 a
1647 3746 1755 3801 quo
1803 3746 1992 3787 eorum
2019 3746 2115 3801 pa-

528 3838 710 3886 rentes
754 3828 917 3884 alieni
957 3836 1082 3884 sunt
1115 3846 1127 3882 :
1163 3843 1285 3883 cum
1324 3838 1380 3883 et
1408 3828 1514 3883 illis
1539 3828 1761 3894 malum,
1785 3839 1841 3884 et
1870 3828 1988 3884 istis
2021 3830 2115 3885 bo-

528 3937 657 3977 num
706 3920 962 3977 meritum
1023 3919 1228 3974 nullum
1260 3919 1327 3975 sit
1374 3920 1618 3990 parvulis
1664 3935 1732 3974 ex
1767 3934 1954 3976 eorum
1982 3935 2113 3993 pro-

527 4012 645 4091 pria
675 4011 970 4066 voluntate.
994 4009 1156 4066 Certe
1184 4011 1301 4066 haec
1321 4008 1528 4078 judicia
1549 4010 1665 4077 Dei,
1689 4012 1944 4081 quoniam
1965 4013 2115 4083 justa

527 4110 583 4158 et
604 4100 711 4156 alta
753 4109 903 4165 sunt,
942 4115 1043 4156 nec
1073 4100 1370 4171 vituperari
1399 4110 1646 4171 possunt,
1692 4116 1792 4157 nec
1818 4104 2112 4171 penetrari.

525 4192 587 4249 In
624 4191 709 4247 his
754 4201 837 4247 est
876 4200 931 4247 et
979 4192 1111 4247 illud
1159 4192 1224 4247 de
1262 4192 1697 4262 perseverantia;
1744 4193 1812 4248 de
1841 4209 1944 4264 qua
1972 4209 2117 4252 nunc

529 4284 839 4340 dubitantes
863 4282 1233 4359 disputamus;
1267 4286 1332 4339 de
1358 4285 1605 4355 utrisque
1650 4285 1815 4359 igitur
1847 4286 2117 4341 exclame-

531 4394 651 4434 mus
682 4397 694 4430 :
734 4396 751 4429 ι
793 4376 836 4433 0
866 4377 1093 4432 altitudo
1123 4377 1431 4447 divitiarum
1462 4378 1742 4448 sapientiae
1783 4386 1837 4433 et
1879 4378 2117 4433 scientiae

528 4467 645 4535 Dei,
670 4483 833 4539 quam
858 4466 1227 4522 inscrutabilia
1251 4476 1377 4521 sunt
1392 4463 1591 4534 judicia
1614 4466 1759 4537 ejus!
1790 4486 1809 4519 ι
1840 4464 2016 4538 (Rom.
2036 4481 2113 4531 ιι,

526 4558 677 4632 53.)]
706 4559 837 4615 Item
870 4558 1014 4629 quod
1050 4559 1142 4629 qui
1185 4566 1416 4629 pereunt
1451 4574 1556 4613 non
1592 4568 1747 4612 erant
1787 4560 1853 4614 de
1891 4570 2141 4614 numera”

522 4651 795 4719 ﬁliorum;
821 4652 874 4707 in
901 4651 1091 4707 eodem
1117 4651 1255 4707 libro
1284 4655 1423 4722 (cap.
1448 4651 1523 4723 9).
1551 4650 1707 4724 [Cum
1737 4667 1869 4723 ergo
1893 4651 1985 4707 ﬁlii
2019 4651 2115 4708 Dei

527 4745 715 4799 diettnt
750 4745 819 4799 de
860 4744 953 4798 his
982 4743 1073 4814 qui
1120 4742 1579 4813 perseverantiam
1610 4757 1715 4797 non
1754 4743 2060 4798 habuerunt
2101 4761 2113 4797 :

536 4854 553 4886 ι
589 4835 668 4890 Ex
699 4835 857 4891 nobis
891 4834 1163 4899 exierunt,
1207 4833 1301 4888 sed
1336 4848 1442 4888 non
1492 4842 1647 4888 erant
1683 4848 1751 4889 ex
1783 4835 1971 4901 nobis;
2014 4853 2033 4888 ι
2065 4843 2119 4892 et

530 4924 737 4982 addunt
779 4942 798 4980 :
846 4944 865 4975 ι
896 4923 1050 4991 Quod
1079 4923 1125 4978 si
1182 4921 1411 4978 fuissent
1445 4939 1509 4979 ex
1548 4924 1735 4989 nobis,
1794 4926 2120 4996 permansis-

528 5028 650 5078 sent
681 5018 867 5089 utique
904 5018 1185 5073 nobiscum
1223 5016 1274 5090 (I
1312 5017 1472 5072 loun.
1520 5034 1582 5083 ll,
1617 5004 1729 5089 l9),
1764 5038 1784 5072 ι
1811 5021 1939 5091 quid
1969 5021 2113 5077 aliud

529 5113 718 5169 dicunt
761 5109 863 5167 nisi
900 5125 1010 5165 non
1054 5121 1210 5166 erant
1249 5110 1343 5165 ﬁlii
1383 5111 1548 5167 etiam
1602 5113 1819 5182 quando
1857 5123 2010 5169 erant
2058 5114 2111 5169 in

526 5201 866 5275 professione
896 5211 950 5257 et
980 5202 1197 5277 nomine
1234 5201 1521 5278 ﬁliorum?]
1552 5202 1681 5258 Item
1721 5205 1862 5275 quod
1904 5207 2111 5276 praede-

529 5295 735 5360 stinati,
766 5296 864 5375 etsi
893 5295 1131 5352 nondum
1156 5297 1351 5362 renati,
1368 5295 1483 5364 jam
1508 5305 1687 5352 tamen
1715 5297 1807 5351 ﬁlii
1839 5298 1932 5353 Dei
1965 5307 2111 5366 sunt,

529 5397 586 5441 et
616 5386 798 5457 perire
836 5402 945 5443 non
982 5397 1226 5459 possunt,
1259 5389 1313 5442 in
1350 5390 1539 5443 eodem
1587 5388 1739 5443 libro.
1771 5388 2114 5462 [Quicunque

530 5495 662 5552 ergo
702 5480 755 5535 in
801 5479 896 5536 Dei
935 5480 1403 5551 providentissima
1458 5481 1805 5551 dispositione
1846 5484 2112 5551 prwsciti,

529 5574 917 5646 praedestinati,
948 5574 1144 5639 vocati,
1184 5572 1486 5644 justiﬁcati,
1528 5573 1810 5645 gloriﬁcati
1837 5584 1980 5643 sunt,
2008 5592 2113 5634 non

532 5669 653 5724 dico
674 5669 838 5724 etiam
877 5667 1115 5722 nondum
1146 5667 1340 5732 renati,
1372 5667 1463 5721 sed
1493 5668 1656 5721 etiam
1697 5670 1933 5724 nomium
1978 5671 2114 5738 nati,

532 5762 639 5815 iam
679 5760 773 5815 ﬁlii
803 5761 898 5817 Dei
936 5768 1061 5816 sunt
1086 5769 1142 5815 et
1172 5760 1393 5816 omnino
1426 5759 1603 5828 perire
1632 5776 1738 5815 non
1765 5774 2007 5833 possunt.
2047 5763 2112 5821 Hi

2211 3280 2445 3334 rantiam
2477 3276 2571 3332 illo
2597 3277 2688 3347 qui
2724 3295 2743 3327 ι
2776 3290 2871 3331 eos
2898 3274 3173 3345 praescivit
3194 3282 3251 3328 et
3284 3270 3712 3345 praedestinavit,
3749 3273 3819 3324 et

2210 3371 2509 3427 secundum
2544 3369 2880 3440 propositum
2918 3366 3133 3422 vocavit
3154 3374 3211 3421 et
3234 3363 3585 3434 justiﬁeavit,
3623 3372 3816 3439 aquo:-

2211 3465 2362 3521 niam
2384 3461 2499 3529 illa,
2519 3478 2643 3533 quae
2667 3462 2734 3517 de
2759 3460 2845 3515 bis
2871 3458 3144 3531 promisit,
3177 3458 3353 3512 etiam
3376 3456 3556 3511 futura
3577 3454 3693 3525 jam
3725 3451 3814 3508 fo-

2212 3554 2306 3612 cit.
2337 3553 2437 3611 Cui
2473 3552 2815 3625 promittenti
2847 3568 2867 3602 ι
2896 3549 3130 3606 credidit
3156 3548 3454 3615 Abraham,
3501 3556 3559 3603 et
3583 3547 3822 3616 deputb

2215 3656 2328 3704 tum
2353 3656 2439 3704 est
2467 3646 2544 3701 illi
2571 3647 2638 3701 ad
2656 3644 2955 3716 justitiam;
2977 3641 3125 3698 dedit
3155 3658 3176 3693 ι
3201 3640 3348 3696 enim
3381 3659 3405 3695 ι
3437 3638 3665 3711 gloriam
3693 3635 3822 3697 De.

2213 3739 2525 3811 plenissime
2549 3736 2802 3802 credens,
2837 3756 2855 3789 ι
2893 3737 3036 3792 sicut
3057 3735 3318 3806 scriptum
3342 3740 3449 3799 est,
3480 3751 3500 3784 ι
3528 3730 3658 3803 quia
3685 3742 3821 3800 qm

2213 3830 2464 3901 promisit
2488 3837 2681 3899 potens
2717 3836 2802 3883 est
2821 3836 2880 3883 et
2902 3826 3089 3884 facere
3129 3824 3308 3896 (Rom.
3336 3839 3413 3891 tv,
3442 3824 3497 3890 ‘5,
3525 3823 3618 3888 20,
3637 3820 3753 3894 21).
3780 3838 3812 3875 ο

2216 3921 2333 3992 ipse
2370 3934 2498 3989 ergo
2541 3920 2711 3975 bonos
2739 3918 2861 3974 illos
2888 3918 3039 3983 facit,
3066 3926 3127 3977 ut
3166 3918 3306 3972 bona
3354 3915 3580 3972 faciant.
3617 3912 3814 3985 Nequ-

2215 4011 2361 4068 enim
2390 4026 2484 4065 eos
2503 4018 2787 4081 propterea
2816 4010 3067 4081 promisit
3094 4010 3348 4074 Abrahae,
3377 4009 3504 4080 quia
3532 4005 3819 4079 ι)ωοίιᾶ

2216 4117 2247 4155 a
2272 4110 2331 4159 se
2357 4099 2504 4169 ipsos
2527 4098 2739 4156 futuros
2767 4100 2957 4155 bonos.
2986 4098 3122 4157 Nam
3150 4099 3196 4153 si
3226 4099 3300 4153 ita
3342 4105 3445 4165 est,
3479 4114 3586 4155 non
3626 4112 3813 4165 suum.

2216 4195 2311 4251 sed
2333 4209 2526 4249 eorum
2560 4204 2646 4250 est
2667 4194 2811 4264 quod
2841 4193 3119 4265 promisit;
3148 4208 3256 4249 non
3294 4203 3474 4248 autem
3502 4193 3583 4249 sic
3613 4210 3633 4244 ι
3686 4205 3816 4249 cur

2215 4287 2353 4343 didit
2374 4287 2675 4353 Abraham,
2705 4287 2800 4342 sed
2831 4301 2938 4342 non
2969 4294 3053 4341 est
3076 4286 3384 4342 inﬁrmatus
3410 4285 3464 4341 in
3505 4287 3628 4352 ﬁde,
3669 4286 3816 4342 daal

2218 4380 2442 4451 gloriam
2473 4380 2601 4447 Deo,
2635 4380 2948 4451 plenissime
2976 4378 3211 4436 credens
3228 4380 3352 4450 quia
3378 4393 3501 4449 quae
3534 4377 3810 4449 promisit,

2212 4480 2412 4541 potens
2438 4482 2524 4529 est
2566 4471 2767 4529 facere.
2802 4491 2822 4526 ι
2854 4472 2970 4527 Νοη
3007 4472 3103 4538 ait,
3135 4485 3256 4540 qua:
3288 4471 3583 4543 praescivit,
3615 4478 3817 4543 potet.

2218 4572 2302 4619 est
2328 4564 2667 4635 promittere,
2705 4572 2818 4629 aut,
2846 4577 2971 4633 qute
2994 4563 3267 4634 praedixit,
3297 4572 3489 4634 potens
3516 4570 3602 4620 est
3623 4570 3816 4629 esten»

2220 4657 2371 4723 dere,
2412 4665 2525 4723 aut,
2575 4671 2697 4727 qua:
2719 4657 2989 4728 promisit,
3014 4664 3211 4727 potens
3245 4665 3331 4713 est
3376 4658 3646 4729 praescire.
3686 4657 3815 4729 Ιμι
3854 4674 3861 4677 ·

2219 4749 2384 4820 igitur
2404 4764 2500 4805 eos
2527 4748 2659 4804 facit
2683 4762 3033 4818 perseverare
3067 4749 3121 4803 in
3146 4748 3309 4816 bono,
3332 4750 3424 4821 qui
3448 4747 3579 4807 fecit
3602 4749 3811 4817 bona;

2221 4842 2315 4911 qui
2356 4850 2541 4896 autem
2585 4841 2788 4895 eadunt
2826 4849 2883 4895 et
2918 4850 3169 4911 pereunt,
3206 4841 3260 4896 in
3301 4841 3811 4913 praedestinatum

2222 4947 2451 4988 numero
2480 4947 2586 4986 non
2614 4930 2853 4987 fuerunt.
2885 4929 3144 4998 Quamvis
3171 4947 3301 5004 ergo
3328 4933 3398 4988 de
3435 4932 3693 4991 omnibus
3726 4947 3812 4991 n-

2221 5025 2494 5096 generatis
2535 5033 2592 5078 et
2616 5025 2703 5094 pie
2731 5023 3039 5080 viventibus
3065 5024 3380 5095 loqueretur
3404 5025 3809 5095 Apostolusdia

2220 5130 2398 5183 cens:
2442 5135 2461 5167 ι
2503 5115 2583 5170 Tu
2631 5116 2755 5187 quis
2800 5131 2880 5182 es,
2910 5116 3002 5189 qui
3044 5116 3256 5187 iudicas
3277 5117 3514 5174 alienum
3552 5119 3813 5181 sem?

2219 5222 2324 5264 suo
2357 5208 2577 5264 domino
2606 5217 2715 5265 stat
2738 5221 2835 5265 aut
2847 5212 3014 5276 cadit,
3048 5224 3069 5265 ι
3095 5209 3353 5266 continuo
3373 5219 3554 5269 tamen
3572 5210 3809 5283 θαμὰ

2220 5298 2293 5353 ad
2326 5299 2749 5369 prtedestinates
2781 5311 2841 5367 et
2880 5302 2958 5356 ait
2988 5319 3003 5356 :
3032 5318 3054 5357 ί
3095 5300 3278 5357 Stabit
3318 5311 3538 5370 autem,
3573 5322 3594 5357 ι
3637 5312 3699 5360 et
3726 5308 3808 5360 ne

2221 5394 2324 5451 hoc
2345 5396 2447 5450 sibi
2474 5406 2795 5469 arrogarent
2823 5414 2837 5451 :
2874 5415 2894 5451 ι
2924 5396 3127 5455 Peleus
3149 5406 3234 5454 est
3254 5399 3402 5454 enim
3417 5400 3582 5466 Deus,
3604 5400 3806 5471 inquit,

2218 5500 2459 5548 statuere
2486 5507 2580 5548 eos
2609 5490 2789 5563 (Rom.
2819 5505 2929 5555 xiv,
2958 5492 3038 5563 4).
3089 5513 3108 5546 ι
3137 5493 3253 5564 Ipse
3283 5492 3467 5564 itaque
3504 5493 3598 5548 dat
3618 5500 3806 5564 pem;

2220 5583 2545 5649 verantiam,
2575 5583 2667 5654 qui
2696 5592 2937 5639 statuere
2959 5593 3137 5656 potest
3158 5599 3255 5640 eos
3279 5587 3372 5655 qui
3398 5594 3566 5648 stant,
3595 5593 3654 5638 ut
3680 5596 3806 5654 ναξ

2217 5678 2658 5733 severantissime
2683 5684 2850 5745 stent,
2896 5679 2981 5735 vel
3008 5679 3294 5735 restituere
3318 5677 3409 5746 qui
3450 5677 3800 5733 ceciderant:

2226 5786 2245 5820 ι
2293 5767 2554 5826 Dominus
2591 5771 2739 5827 enim
2775 5771 2938 5844 erigit
2978 5770 3143 5827 elisos
3191 5767 3363 5842 (Paul.
3401 5782 3577 5835 cxsv,
3615 5767 3695 5841 8).
3749 5764 3801 5839 ut]
