4088 6344
290 352 360 411 37
1255 343 1344 402 DE
1381 337 2054 399 PRAZDESTINATIONE
2096 338 2231 394 DEI.
2272 371 2343 381 —
2378 336 2514 395 LIB.
2557 336 2598 393 Ι.
3406 394 3410 396 γ

286 472 422 529 Item
453 468 599 543 quod
638 475 820 526 certus
857 472 941 522 est
983 477 1241 519 numerus
1268 460 1790 533 praedestinatorum,
1823 455 1873 508 in
1903 460 1950 520 Α
1980 455 2113 508 divit
2141 463 2195 509 et
2223 453 2432 509 didicit.
2478 451 2678 521 Quare,
2719 451 2992 521 inquiunt,
3020 464 3130 508 non
3155 467 3346 511 omnes
3373 454 3575 512 docet?

286 566 484 622 eodem
510 563 673 628 libro,
705 575 826 616 cum
857 560 921 615 de
950 557 1035 613 his
1063 556 1373 625 loqueretur
1397 552 1488 625 qui
1525 566 1877 623 perseveran-

289 660 423 716 tiam
458 674 489 713 a
534 658 645 711 Deo
680 661 1028 724 acceperunt,
1064 659 1123 704 ut
1159 650 1336 720 perire
1362 662 1466 701 non
1506 645 1735 717 possint,
1767 644 1880 697 haec

286 752 455 815 inter,
480 748 695 804 locutus
723 753 827 801 est.
855 741 1004 818 [Hice
1032 739 1099 797 de
1127 741 1213 797 his
1238 740 1431 810 loquor
1465 738 1554 807 qui
1603 734 1879 807 praedesti-

285 843 400 899 nati
433 850 560 897 sunt
587 841 639 895 in
671 852 892 912 regnum
927 835 1043 905 Dei,
1075 849 1302 905 quorum
1345 834 1416 887 ita
1447 840 1628 887 certus
1664 837 1747 885 est
1783 844 1879 883 nu-

285 952 511 1005 merus,
546 944 608 990 ut
654 949 755 989 nec
792 932 1025 986 addatur
1069 929 1353 1001 quisquam
1396 926 1791 982 necminuatur
1812 940 1877 980 ex

287 1029 367 1083 eis
388 1048 403 1083 :
429 1044 538 1083 non
563 1027 631 1081 de
658 1025 743 1080 his
760 1024 851 1096 qui
873 1038 994 1077 cum
1014 1022 1387 1076 annuntiasset
1405 1028 1459 1073 et
1486 1017 1694 1073 loeutus
1713 1025 1876 1083 esset,

290 1140 309 1174 ι
341 1119 688 1190 multiplicati
709 1126 831 1175 sunt
856 1132 1017 1187 super
1042 1130 1327 1171 numerum
1343 1111 1515 1187 (Psal.
1533 1127 1719 1175 xxxrx,
1737 1109 1824 1183 6):
1854 1129 1871 1162 ι

285 1214 389 1285 ipsi
435 1214 581 1269 enim
628 1210 806 1267 vocati
842 1210 948 1266 dici
986 1217 1234 1281 possunt,
1283 1224 1389 1264 non
1424 1215 1605 1261 autem
1635 1224 1653 1257 ι
1696 1204 1875 1269 electi,

284 1297 413 1379 quia
443 1320 551 1359 non
584 1306 880 1360 secundum
901 1302 1233 1373 propositum
1265 1299 1458 1356 vocati.
1497 1297 1543 1371 ι]

354 1394 490 1450 Item
544 1393 686 1465 quod
735 1392 912 1447 omnis
965 1392 1058 1462 qui
1106 1390 1255 1445 audit
1308 1406 1337 1444 a
1389 1388 1552 1444 Patre
1607 1387 1753 1442 venit
1807 1386 1876 1442 ad

283 1484 603 1553 Christum,
637 1486 687 1539 in
721 1482 859 1539 libro
887 1484 951 1538 de
979 1482 1464 1538 Prmdestinatione
1493 1480 1629 1551 (cap.
1658 1481 1711 1551 8)
1739 1496 1878 1550 pra:-

282 1578 433 1634 l‘atus
463 1579 539 1633 ita
567 1576 805 1647 loquitur
833 1575 1025 1631 doctor
1050 1594 1062 1629 :
1095 1595 1111 1625 ι
1145 1573 1334 1631 Omnis
1363 1574 1452 1642 qui
1482 1572 1687 1627 audivit
1717 1588 1745 1624 ιι
1776 1569 1879 1625 Pa-

283 1687 368 1733 tre
397 1687 455 1732 et
485 1675 694 1740 didicit,
726 1674 871 1730 venit
899 1673 965 1728 ad
993 1688 1079 1729 me
1107 1670 1291 1743 (Joan.
1318 1687 1394 1733 vr,
1418 1668 1528 1740 45).
1568 1688 1585 1718 ι
1625 1667 1767 1734 Quid
1795 1676 1878 1720 est

287 1789 309 1821 ε
330 1769 513 1826 omnis
535 1768 629 1838 qui
650 1766 857 1822 audivit
880 1781 908 1820 ιι
932 1764 1094 1821 Patre
1121 1772 1174 1819 et
1205 1761 1424 1827 didicit,
1446 1760 1594 1814 venit
1618 1759 1685 1813 ad
1710 1757 1833 1812 me?
1854 1781 1872 1809 ι

1986 546 2043 601 Si
2080 546 2379 607 dixerimus
2409 547 2536 617 quia
2567 546 2760 601 nolunt
2789 545 3031 613 discere,
3070 560 3209 618 quos
3237 563 3343 604 non
3373 549 3584 621 docet,

1985 640 2399 709 reSpondebitur
2445 638 2635 704 nobis,
2686 648 2740 694 et
2778 638 2870 695 ubi
2908 646 2992 695 est
3038 639 3183 711 quod
3232 641 3281 696 ei
3327 640 3571 703 dicitur:

1990 753 2007 785 ι
2033 733 2195 799 Deus,
2222 744 2277 789 tu
2301 740 2623 788 convertens
2646 732 2944 789 vivilicahis
2962 732 3121 789 nos?»
3150 729 3323 806 (Paul.
3349 753 3575 805 txxxiv,

1984 825 2060 895 7.)
2112 826 2218 880 Aut
2267 826 2310 880 si
2365 841 2469 880 non
2513 823 2643 879 facit
2674 824 2916 881 volentes
2953 839 3018 880 ex
3059 826 3368 885 nolentibus
3407 828 3575 896 Deus,

1981 929 2042 974 ut
2081 919 2210 988 quid
2241 926 2363 973 orat
2391 917 2634 973 Ecclesia
2675 918 2975 973 secundum
2998 928 3329 990 praeceptum
3354 920 3571 977 Domini

1984 1008 2199 1081 (Matth.
2226 1025 2279 1074 v,
2304 1008 2420 1082 Η),
2452 1025 2550 1081 pro
2579 1010 3023 1087 persecutoribus
3047 1012 3161 1066 suis
3182 1010 3227 1085 ?}
3265 1011 3397 1069 Item
3429 1013 3574 1083 quod

1983 1102 2105 1156 aliis
2135 1102 2292 1156 detur
2322 1101 2454 1157 ﬁdes
2493 1117 2601 1172 qua
2648 1101 2953 1171 salvantur,
3002 1110 3061 1157 et
3101 1102 3224 1159 aliis
3252 1119 3360 1161 non
3391 1105 3571 1171 detur,

1982 1207 2088 1245 non
2114 1207 2235 1247 esse
2260 1192 2678 1261 discutiendum,
2703 1193 2757 1248 in
2781 1195 2971 1248 eodem
2999 1192 3137 1250 libro
3158 1193 3296 1265 (cap.
3320 1194 3374 1267 9)
3398 1212 3410 1249 :
3439 1194 3583 1253 ﬁdes

1980 1283 2146 1357 igitur
2184 1294 2241 1341 et
2281 1286 2537 1341 inchoata
2583 1296 2639 1342 et
2681 1285 2923 1357 perfecta
2954 1288 3153 1341 donum
3184 1287 3279 1343 Dei
3307 1296 3424 1343 est:
3464 1288 3575 1361 [Et

1980 1382 2085 1437 hoc
2113 1382 2312 1437 donum
2345 1380 2668 1450 quibusdam
2704 1381 2861 1447 dari,
2901 1379 3226 1451 quibusdam
3266 1396 3373 1436 non
3408 1381 3570 1445 dari,

1981 1473 2204 1527 omnino
2249 1487 2355 1526 non
2403 1471 2645 1536 dubitet,
2690 1471 2780 1541 qui
2826 1486 2935 1525 non
2963 1469 3077 1525 vult
3113 1469 3589 1527 manifestissimis,

1980 1565 2154 1619 sacris
2181 1564 2379 1620 litteris
2408 1578 2729 1635 repugnare.
2782 1561 2891 1619 Cur
2935 1572 3116 1620 autem
3165 1579 3274 1621 non
3321 1564 3577 1623 omnibus

1980 1656 2139 1711 detur
2169 1655 2378 1711 tidelem
2410 1670 2627 1711 movere
2656 1671 2764 1710 non
2794 1655 2977 1722 debet,
3000 1656 3093 1727 qui
3119 1655 3296 1717 credit
3319 1674 3337 1707 ι
3371 1671 3436 1711 ex
3465 1670 3587 1713 uno.

1981 1763 2174 1804 omnes
2210 1763 2332 1803 esse
2376 1749 2431 1802 in
2473 1748 2975 1807 condemnationem
3008 1768 3027 1803 ι
3074 1749 3194 1806 sine
3232 1748 3572 1805 dubitatione

280 1861 391 1917 nisi
421 1832 603 1915 nullus
630 1865 714 1914 est
734 1856 829 1927 qui
860 1855 1050 1912 audiat
1078 1870 1107 1909 a
1135 1854 1328 1919 Patre,
1362 1861 1415 1908 et
1447 1852 1647 1916 discat,
1681 1859 1736 1903 et
1766 1864 1873 1904 non
1910 1832 1955 1893 Β
1977 1837 2338 1909 ,ἱυδῑὶεεὶιιὶίιῐη
2370 1857 2383 1893 ε
2418 1838 2494 1902 ita
2524 1846 2582 1892 ιιι
2614 1838 2760 1894 mllla
2804 1839 2900 1894 Ι)θὶ
2933 1848 3077 1897 esset
3102 1841 3251 1913 justa
3283 1841 3576 1912 reprehen—

281 1951 468 2009 veniat
497 1950 568 2005 ad
595 1964 703 2005 me.
757 1946 815 2003 Si
845 1948 989 2002 enim
1025 1964 1045 1998 ι
1073 1945 1250 2001 omnis
1278 1944 1369 2014 qui
1409 1941 1618 1998 audivit
1651 1956 1679 1995 a
1714 1939 1876 2017 Patre

280 2052 340 2101 et
357 2043 569 2108 didicit,
592 2041 761 2105 venit,
783 2059 802 2093 ι
837 2038 1082 2109 profecto
1109 2036 1287 2092 omnis
1314 2035 1417 2106 qui
1437 2049 1542 2088 non
1572 2030 1742 2096 venit,
1770 2045 1875 2088 non

282 2134 498 2192 audivit
532 2149 562 2189 a
594 2131 793 2198 Patre,
825 2140 880 2188 et
904 2144 1011 2184 non
1039 2127 1268 2193 didicit;
1317 2140 1442 2180 nam
1472 2123 1516 2178 si
1544 2122 1784 2177 audisset
1824 2128 1881 2179 et

280 2224 606 2293 didicisset,
647 2222 879 2278 veniret.
936 2218 1121 2290 Neque
1162 2217 1305 2273 enim
1353 2215 1492 2271 ullus
1531 2214 1777 2279 audivit,
1824 2221 1878 2269 et

284 2314 505 2381 didicit,
536 2323 593 2369 et
620 2329 726 2369 non
757 2311 925 2368 venit.
962 2309 1068 2366 Sed
1097 2328 1116 2361 ι
1149 2307 1348 2373 omnis,
1382 2326 1400 2359 ι
1443 2315 1500 2360 ιιι
1538 2306 1612 2359 ait
1641 2301 1876 2367 Veritas,

288 2428 311 2461 ι
336 2407 433 2481 qui
463 2406 671 2463 audivit
697 2420 728 2461 a
754 2404 918 2460 Patre
945 2410 1000 2459 et
1030 2402 1248 2466 didicit,
1290 2400 1455 2455 venit.
1490 2418 1509 2452 ι
1568 2397 1704 2453 ltcm
1733 2393 1877 2466 quod

283 2499 470 2557 divina
515 2498 687 2570 gratia
732 2512 763 2551 a
807 2495 953 2553 nullo
990 2495 1125 2550 duro
1160 2490 1326 2549 corde
1365 2497 1675 2563 respuatur,
1716 2485 1883 2558 paulo

282 2592 461 2649 infra:
488 2590 710 2665 [Multos
731 2589 976 2645 videmus
996 2585 1183 2641 venire
1208 2582 1276 2641 ad
1298 2581 1654 2652 Filium,quia
1683 2578 1895 2635 multos.

282 2686 515 2743 credere
540 2682 785 2737 videmus
821 2680 873 2735 in
905 2676 1216 2741 Christum;
1264 2674 1358 2731 sed
1390 2672 1483 2729 ubi
1519 2681 1575 2726 et
1606 2669 1878 2742 quomodo

282 2792 317 2832 a
344 2776 508 2834 Patre
544 2774 649 2831 hoc
688 2771 960 2829 audierint
1003 2781 1061 2825 et
1102 2767 1424 2832 didicerint,
1472 2779 1581 2820 non
1609 2762 1877 2819 videmus.

278 2868 526 2929 Nimium
562 2867 735 2947 gratia
776 2866 883 2922 ista
921 2870 1129 2920 secreta
1163 2869 1284 2925 est,
1332 2858 1563 2931 gratiam
1594 2871 1726 2911 vero
1762 2870 1881 2912 esse

284 2963 412 3033 quis
437 2959 724 3032 ambigat?
769 2958 895 3015 Haec
929 2956 1114 3025 itaque
1146 2951 1346 3024 gratia,
1381 2966 1504 3022 qua:
1539 2948 1750 3005 occulte
1774 2948 1878 3004 hu-

283 3054 471 3111 manis
504 3052 762 3111 cordibus
804 3050 986 3106 divina
1030 3046 1284 3119 largitate
1327 3041 1608 3107 tribuitur,
1660 3055 1691 3096 a
1733 3039 1881 3096 nullo

283 3146 426 3203 duro
453 3145 620 3203 corde
644 3141 958 3212 respuitur:
992 3138 1114 3195 ideo
1139 3137 1338 3208 quippe
1367 3133 1644 3201 tribuitur,
1674 3140 1738 3189 ut
1757 3148 1885 3189 cor-

1984 1931 2088 1997 διο,
2129 1931 2345 1987 etiamsi
2384 1931 2565 1987 nullus
2598 1930 2723 1986 inde
2758 1931 3105 1989 liberaretur.
3161 1932 3314 1991 Unde
3360 1942 3577 1989 constat

1982 2040 2237 2111 magnam
2268 2038 2388 2080 esse
2417 2024 2685 2095 gratiam,
2725 2025 2867 2095 quod
2900 2025 3121 2096 plurimi
3157 2026 3477 2093 liberantur,
3520 2035 3579 2083 et

1984 2116 2113 2191 quid
2142 2115 2243 2171 sibi
2271 2116 2565 2172 deberetur
2590 2116 2644 2173 in
2672 2117 2753 2172 eis
2778 2117 2871 2189 qui
2911 2133 3020 2174 non
3052 2118 3376 2188 liberantur,
3403 2135 3579 2193 agno-

1984 2217 2178 2277 scunt,
2209 2217 2268 2264 ut
2301 2226 2319 2259 (
2351 2208 2442 2278 qui
2473 2207 2733 2293 gloriatur
2765 2229 2784 2262 ι
2821 2224 2929 2264 ιιοιι
2954 2209 3011 2265 in
3042 2211 3157 2266 suis
3185 2212 3421 2277 meritis,
3452 2229 3575 2284 quae

1984 2301 2138 2372 paria
2170 2301 2320 2357 videt
2357 2316 2479 2356 esse
2516 2301 2808 2367 damnatis,
2852 2301 2949 2358 sed
2982 2320 3002 2354 ι
3034 2302 3088 2358 ἰιι
3120 2301 3349 2363 Domino
3378 2304 3579 2376 glorie-

1987 2402 2074 2453 tur
2102 2392 2155 2464 (Ι
2182 2392 2306 2449 Cor.
2335 2411 2374 2460 ι,
2402 2393 2514 2479 51).
2550 2413 2570 2445 ι
2624 2394 2735 2450 Cur
2765 2402 2944 2453 autem
2981 2395 3146 2451 istum
3189 2398 3373 2466 potius
3412 2414 3578 2469 quam

1985 2485 2134 2545 illum
2176 2485 2401 2551 liberet,
2450 2503 2469 2534 ι
2504 2485 2878 2541 inserutabilia
2920 2494 3050 2543 sunt
3077 2485 3283 2559 judicia
3321 2486 3467 2556 ejus,
3523 2497 3593 2547 et.

1985 2577 2389 2655 investigabiles
2416 2577 2517 2633 via:
2546 2576 2663 2648 ejus
2690 2576 2870 2649 (Rom.
2901 2593 2974 2639 ιι,
3004 2577 3116 2649 55).
3152 2596 3177 2633 ι
3217 2577 3406 2639 Melius
3433 2579 3587 2641 enim

1985 2677 2041 2723 et
2070 2668 2160 2725 hic
2189 2668 2438 2723 audimus
2481 2677 2572 2721 aut
2615 2667 2886 2723 dicimus:
2920 2686 2938 2719 ι
2972 2666 3018 2724 Ο
3052 2667 3247 2735 ιιοιιιι),³
3281 2676 3337 2725 ιιι
3369 2669 3493 2739 quis
3519 2684 3593 2727 es:

1985 2761 2078 2841 qui
2118 2761 2448 2832 respondeas
2478 2759 2635 2815 Deo?
2666 2778 2685 2810 ι
2720 2758 2899 2830 (Rom.
2940 2774 3017 2824 Ix,
3058 2758 3151 2830 20)
3197 2774 3359 2829 quam
3398 2759 3597 2823 dicere.

1988 2852 2271 2935 audemus,
2305 2851 2460 2921 quasi
2490 2849 2822 2913 noverimus,
2853 2847 2999 2919 quod
3024 2847 3303 2907 occultum
3331 2862 3455 2905 esse
3482 2864 3578 2909 vo-

1985 2945 2122 3013 luit,
2164 2946 2255 3017 qui
2303 2954 2486 2999 tamen
2520 2941 2725 3014 aliquid
2762 2939 3024 3009 injustutn
3052 2940 3190 2997 velle
3217 2956 3327 3001 non
3352 2939 3589 3014 potuit}.

1987 3038 2119 3095 Item
2149 3044 2526 3110 argumentum
2555 3034 2621 3089 de
2643 3032 2901 3104 parvulis,
2932 3032 3194 3091 adversus
3217 3046 3314 3088 eos
3338 3032 3432 3102 qui
3456 3046 3581 3104 gra-

1990 3114 2121 3189 tiam
2148 3128 2434 3200 repellunt,
2459 3127 2513 3183 in
2540 3127 2729 3183 eodem
2757 3125 2898 3182 libro
2918 3124 3055 3197 (cap.
3083 3124 3171 3197 12)
3196 3143 3213 3181 :
3243 3124 3374 3199 [Sed
3398 3124 3581 3183 omnis

399 3198 890 3308 duritia‘primitus
918 3198 1251 3288 auferatur.-
1272 3198 1501 3296 (Quando
1542 3198 1672 3295 ergo
1718 3224 1883 3281 Pater
1909 3198 1954 3263 Ο
1986 3224 2104 3280 haec
2134 3198 2296 3286 ratio,
2335 3235 2443 3290 qua
2481 3216 2824 3274 defendimus
2863 3216 3093 3289 gratiam
3135 3198 3369 3288 Deiﬁper
3391 3212 3591 3273 Iesum.

286 3305 438 3389 intus
460 3305 684 3391 auditur
709 3337 764 3384 et
790 3328 948 3383 docet
972 3334 1034 3380 ut
1056 3323 1309 3381 veniatur
1330 3320 1399 3394 ad
1425 3318 1644 3386 Filium,
1663 3338 1681 3371 ι
1704 3317 1885 3375 aufert
1985 3313 2263 3371 Christum
2295 3310 2582 3368 Dominum
2614 3315 2861 3363 nostrum
2892 3321 3022 3363 vere
3059 3320 3180 3367 esse
3208 3305 3439 3377 gratiam
3460 3345 3481 3372 ,
3528 3305 3583 3363 id

284 3439 385 3483 eor
408 3423 713 3495 lapideum,
744 3428 800 3477 et
829 3421 923 3476 dat
947 3433 1042 3474 cor
1069 3429 1325 3473 carneum
1344 3456 1359 3481 ,
1388 3433 1407 3466 ι
1448 3413 1590 3469 sicut
1619 3412 1884 3485 propheta
1985 3414 2072 3483 est
2099 3420 2208 3461 non
2234 3402 2533 3459 secundum
2559 3399 2755 3455 merita
2784 3405 2975 3454 nostra
2999 3396 3156 3462 dari,
3186 3395 3436 3468 quamvis
3463 3395 3591 3455 evis'

284 3486 623 3595 praedicante
647 3513 901 3586 promisit
929 3511 1144 3584 (Ezech.
1168 3525 1253 3578 ιι,
1276 3508 1387 3580 19).
1420 3505 1512 3564 Sic
1534 3508 1732 3578 quippe
1758 3506 1887 3562 facit
1987 3494 2306 3552 dentissime
2336 3491 2642 3549 divinorum
2681 3487 3024 3558 eloquiorum
3046 3486 3393 3543 testimoniis
3428 3500 3583 3542 asse-

295 3577 491 3665 ;ﬁlios
515 3577 917 3680 promissionis,
938 3577 1003 3660 et
1025 3617 1158 3659 vasa
1181 3577 1571 3658 misericordia:
1596 3614 1717 3670 qua:
1746 3614 1887 3670 prae-
1987 3595 2161 3651 ratur.
2203 3594 2383 3640 tamen
2420 3581 2562 3680 illum
2596 3595 2713 3646 608.
2759 3579 2851 3650 qui
2892 3578 3000 3635 nisi
3043 3577 3250 3664 θλίψιῘᾴ
3292 3577 3395 3634 sibi
3437 3578 3595 3635 assi-.

289 3658 594 3771 paravit'in
620 3695 872 3768 gloriam.
964 3691 1075 3748 Cur
1102 3706 1235 3763 ergo
1262 3705 1370 3747 non
1399 3704 1591 3746 omnes
1614 3658 1798 3753 docet,
1827 3698 1891 3744 ut
1988 3688 2159 3753 gnem
2181 3678 2324 3748 quod
2352 3669 2566 3747 priores
2591 3675 2741 3739 dent.
2770 3681 2830 3728 ιιι
2858 3674 3193 3729 relribllatm‘
3216 3658 3323 3739 eis.
3346 3672 3416 3729 ab
3435 3672 3597 3739 omni.

288 3763 515 3848 veniant
545 3763 918 3846 adehristum
940 3826 958 3853 ,
990 3784 1095 3841 nisi
1136 3783 1265 3855 quia
1302 3796 1495 3839 omnes
1522 3795 1660 3851 quos
1688 3781 1881 3846 docet,
1988 3768 2170 3826 studio
2198 3768 2415 3839 pietatis
2444 3765 2667 3837 reprimi
2697 3779 2756 3821 se
2784 3773 3010 3839 putant,
3052 3763 3266 3849 laborat
3302 3763 3593 3835 aliquanta

292 3881 671 3941 misericordia
698 3882 893 3938 docet;
932 3893 1072 3953 quos
1106 3852 1289 3933 autem
1319 3889 1427 3931 non
1458 3874 1649 3940 docet,
1681 3871 1891 3944 judicio
1989 3861 2044 3917 in
2071 3867 2232 3917 relate
2258 3858 2526 3930 majorum
2551 3855 2666 3927 jam
2695 3853 2967 3911 utentium
2994 3852 3294 3909 voluntatis
3318 3852 3584 3922 arbitrio;

294 3993 401 4037 non
429 3977 631 4042 docet;
662 3974 921 4045 quoniam
950 3944 971 4026 ἓ
1000 3968 1157 4040 cujus
1182 3968 1298 4025 vult
1325 3968 1619 4024 miseretur
1645 3972 1701 4023 et
1723 3979 1887 4034 quem
1990 3953 2086 4045 sed
2112 3951 2203 4008 ubi
2228 3950 2443 4005 venitur
2469 3948 2536 4004 ad
2564 3945 2839 4018 parvulos,
2858 3956 2916 4001 et
2933 3946 3001 4001 ad
3027 3945 3203 4015 ipsum
3230 3944 3596 4005 Mediatorem.

293 4035 406 4123 vult
434 4035 861 4140 obdurat'(Rom.
887 4080 967 4129 rx,
997 4035 1170 4133 l8);,i
1207 4061 1300 4116 sed
1318 4060 1606 4117 miseretur
1634 4057 1774 4129 bona
1794 4054 1891 4110 tri-
1991 4044 2088 4103 Dei
2118 4052 2173 4099 et
2198 4042 2507 4102 hominum,
2542 4037 2818 4095 hominem
2847 4036 3031 4093 Jesum
3062 4035 3376 4104 Christum,
3405 4037 3591 4095 omnis

292 4160 491 4227 buens,
530 4129 768 4219 obdurat
793 4158 953 4230 digna
986 4129 1339 4224 retribuens.]
1386 4152 1522 4209 Item
1550 4151 1694 4222 quod
1725 4164 1890 4222 quos-
1993 4138 2176 4230 deﬁcit
2218 4130 2906 4230 prfecedentiuprgratiam
2945 4129 3043 4230 Dei
3084 4129 3448 4187 humanorum
3495 4142 3587 4191 as-

292 4266 512 4325 cunque
541 4250 653 4308 vult
689 4218 884 4306 doceri;
912 4242 1096 4313 Pater,
1126 4218 1346 4319 veniant
1377 4244 1447 4299 ad
1472 4218 1787 4309 Christum;
1831 4242 1886 4297 in
1993 4229 2162 4286 sertio
2193 4226 2531 4282 meritorum.
2568 4220 2705 4325 Quia
2730 4235 2830 4276 nec
2856 4219 2929 4275 illi
2953 4219 3077 4276 ullis
3096 4219 3257 4277 bonis
3278 4218 3595 4291 praecedena

294 4309 491 4411 eodem
518 4346 661 4401 libro
687 4342 823 4418 (cap.
850 4342 947 4414 8):
976 4309 1110 4414 [Cur
1131 4314 1314 4397 autem
1340 4354 1447 4394 non
1477 4350 1667 4393 omnes
1695 4336 1893 4392 doceat
1994 4321 2139 4418 tibus
2169 4317 2553 4418 meritisne"!!!
2583 4322 2638 4369 el
2667 4312 2784 4383 ipse
2809 4312 2881 4369 δί’·
2909 4312 3095 4377 Ῐιοωου
3123 4309 3386 4379 liberator.
3412 4309 3597 4377 factus

296 4406 522 4515 aperuit
546 4406 838 4511 Apostolus
879 4406 1141 4509 quantum
1190 4435 1542 4507 aperiendum
1582 4433 1884 4505 judicavit:

1993 4420 2077 4470 est
2106 4406 2437 4482 hominum]

304 4492 497 4602 Γραῖα
523 4532 712 4589 volens
735 4530 1027 4587 ostendere
1063 4492 1241 4595 iram:
1280 4535 1337 4583 et
1373 4492 1749 4584 demonstrare
1785 4540 1884 4596 po-
1912 4559 1966 4622 Β
2066 4504 2203 4560 "em
2232 4518 2332 4559 cur
2360 4500 2485 4557 ams
2513 4498 2844 4622 conceditur
2872 4504 3030 4622 md“
3065 4495 3168 4552 hac
3196 4492 3306 4553 Vm
3336 4492 3595 4622 “nam”

910 4620 941 4622 __
1011 4619 1022 4622 _
1201 4617 1213 4622 _
1400 4616 1412 4622 -
1517 4616 1528 4622 -
1758 4615 1769 4622 .
1997 4609 2087 4622 ...-
2156 4612 2273 4622 ω...
2325 4593 2450 4622 ξηρή
2498 4600 2655 4622 ..η-ιο.
2700 4607 2727 4622 η
2755 4590 2787 4622 ::
2829 4598 2918 4622 Inn
2961 4589 3012 4622 :n
3050 4588 3392 4622 ι-ιιιίηοαηιιηι
3452 4599 3590 4622 anno

300 4588 531 4683 mitium
561 4637 753 4687 suam,
789 4620 973 4685 attulit
1009 4619 1065 4675 in
1105 4588 1275 4673 inulla
1303 4616 1564 4687 patientia
1597 4630 1725 4671 vasa
1757 4588 1888 4683 iraa,
1912 4588 1966 4622 υ
1997 4609 2107 4662 ων,
2152 4612 2276 4653 cum
2318 4593 2473 4687 ius“,
2498 4600 2658 4659 δυηιὶ
2699 4590 2791 4687 ἰξυῖ
2829 4588 3392 4687 ωηαὶυλῐξέιὶηϐθηιιξτ
3417 4588 3597 4687 donec

300 4735 426 4790 qua:
452 4716 696 4788 pertccta
726 4724 853 4772 sunt
880 4715 934 4769 in
959 4676 1343 4784 perditionem,
1372 4718 1428 4767 et
1458 4718 1516 4765 ut
1540 4717 1701 4766 notas
1725 4676 1894 4765 faciat
1997 4698 2288 4790 corruant.
2334 4686 2479 4790 ηιξοά
2524 4682 2971 4790 ξξξεωοίὶιιάίοξιξξῐι
3123 4676 3597 4790 ξοιηρτιῖιιειιάῆη

304 4767 424 4790 -.-
453 4767 695 4788 τ-η-νη
728 4767 850 4772 η---
881 4767 1021 4784 νην
1072 4767 1104 4769 ν.
1172 4767 1180 4769 ἡ
1327 4767 1340 4778 .

298 4809 524 4866 divitias
550 4806 739 4880 gloria:
767 4821 878 4862 suae
905 4805 959 4859 in
988 4819 1116 4861 vasa
1148 4802 1568 4865 misericordias,
1598 4815 1720 4874 quae
1748 4815 1884 4870 pra:-

1996 4783 2195 4857 possit,
2226 4782 2278 4836 in
2306 4779 2495 4835 eodem
2523 4777 2664 4833 libro
2689 4774 2829 4847 (cap.
2850 4772 2972 4839 li);
2999 4770 3099 4844 [De
3123 4770 3226 4825 hac
3254 4768 3453 4839 quippe
3479 4767 3596 4831 vita

296 4858 519 4973 alii};
547 4858 1046 4970 agamnam.
1066 4858 1396 4962 reseas).
1420 4909 1440 4944 ›
1482 4858 1727 4947 Hinc-est
1746 4858 1899 4960 quod
1998 4874 2197 4973 tegitur
2223 4873 2281 4929 in
2306 4869 2453 4939 libro
2471 4866 2571 4924 Job
2598 4885 2612 4922 =
2647 4863 2956 4973 ιηΝιξιξίιξιὶιι
2983 4859 3351 4973 ηίξηκιξηιξιίο
3375 4865 3459 4919 εει
3482 4858 3594 4973 Ψ

304 4950 327 5047 ἰ
353 4991 584 5046 verbum
612 4950 791 5047 carneis
817 4950 1167 5060 pereuntibus
1196 4950 1429 5043 stultilia
1457 4990 1563 5048 est,
1594 4981 1679 5039 his
1708 4950 1893 5038 autem
2000 4966 2240 5027 ιιυωίδυίι
2265 4974 2427 5034 super
2451 4958 2688 5060 ῑθηςθιξιῗ
2709 4977 2727 5010 ³
2758 4956 2881 5060 ςλοθ
2912 4970 3012 5058 “lu
3040 4952 3118 5060 ιιι.)
3152 4950 3452 5060 ἓως-ηανξ
3471 4950 3597 5013 διίίι

298 5045 396 5155 qui
436 5083 574 5142 salvi
606 5080 770 5149 ﬁunt,
811 5045 984 5137 virtus
1024 5077 1116 5139 Dei
1160 5085 1245 5134 est
1272 5074 1325 5148 (ι
1350 5074 1474 5131 Cor.
1500 5045 1684 5145 bis).
1715 5093 1736 5128 ι
1784 5073 1901 5130 Hos
2001 5057 2332 5155 comedam
2360 5063 2510 5155 ut}:
2544 5049 2704 5152 huius
2729 5046 3133 5155 vite_periculi§
3157 5045 3598 5155 duﬂiuslijsunt

300 5191 499 5232 omnes
546 5174 708 5231 docet
746 5171 936 5229 venire
967 5169 1035 5225 ad
1062 5168 1339 5224 Cbristmn
1383 5167 1556 5233 Deus;
1606 5168 1709 5223 bos
1750 5165 1897 5221 enim

308 5288 329 5321 ι
360 5282 559 5324 omnes
584 5264 700 5321 vult
730 5264 906 5322 salvos
933 5262 1073 5327 tieri,
1108 5272 1165 5316 et
1202 5261 1257 5315 in
1296 5259 1628 5329 agnitionem
1655 5256 1904 5315 veritatis

306 5359 496 5415 venire
525 5356 575 5429 (I
608 5355 745 5411 Tim.
772 5346 839 5421 tt,
862 5353 940 5426 4).
969 5373 991 5407 ›
1025 5350 1161 5407 Nam
1191 5349 1296 5407 etsi
1326 5348 1448 5404 illos
1499 5348 1697 5419 quibus
1721 5366 1738 5398 ‹
1768 5345 1903 5402 stul-

309 5453 433 5511 titia
470 5459 557 5508 est
584 5448 810 5506 verbum
851 5446 1052 5511 crucis,
1085 5466 1105 5499 ι
1152 5454 1214 5500 ιιι
1253 5444 1321 5499 ad
1352 5441 1627 5498 Christum
1654 5439 1906 5494 venirent

310 5547 511 5602 docere
537 5541 819 5607 voluisset,
848 5538 1036 5611 procul
1067 5536 1228 5594 dubio
1258 5535 1506 5593 venirent
1534 5543 1589 5589 et
1620 5531 1739 5603 ipsi.
1788 5529 1905 5587 Non

311 5636 463 5693 enim
497 5632 637 5689 fallit
660 5640 753 5688 aut
782 5629 1003 5695 fallitur,
1036 5627 1128 5699 qui
1154 5628 1267 5681 ait:
1304 5644 1323 5676 ι
1353 5624 1546 5680 Omnis
1571 5626 1660 5692 qui
1700 5619 1908 5675 audivit

312 5746 348 5787 a
386 5727 582 5792 Patre,
630 5735 689 5781 et
733 5722 957 5787 didicit,
1002 5720 1153 5775 venit
1196 5718 1263 5773 ad
1312 5732 1400 5773 me
1430 5715 1709 5788 (Joan.vt,
1738 5709 1850 5783 45).
1882 5730 1901 5763 ι

317 5818 481 5876 Absit
503 5830 634 5888 ergo
661 5823 721 5871 ut
746 5814 1035 5887 quisquam
1070 5826 1178 5867 non
1205 5808 1406 5875 veniat,
1437 5808 1528 5878 qui
1559 5822 1589 5861 a
1617 5805 1779 5861 Patre
1812 5819 1907 5858 au-

2003 5146 2343 5211 aulerantur,
2387 5143 2478 5199 alii
2511 5157 2639 5198 vero
2677 5138 2813 5211 justi
2844 5137 3016 5194 donec
3050 5153 3081 5193 a
3112 5135 3326 5208 justitia
3358 5135 3593 5199 cadant,

2004 5240 2061 5298 in
2083 5237 2287 5294 eisdem
2308 5233 2563 5307 periculis
2582 5232 2690 5287 vita
2713 5229 3060 5301 productiore
3083 5228 3406 5287 teneantur?
3425 5246 3442 5277 ι
3463 5225 3596 5294 Quis

2007 5335 2225 5409 agnovit
2249 5347 2468 5390 sensum
2498 5327 2749 5385 Domini?
2771 5346 2791 5381 ι
2822 5325 3001 5399 (Rom.
3032 5340 3110 5391 xi,
3134 5322 3251 5393 54.)
3301 5322 3370 5379 Et
3414 5329 3596 5379 tamen

2008 5430 2139 5489 hinc
2166 5426 2389 5498 intelligi
2418 5425 2579 5481 datur
2603 5420 2768 5477 etiam
2798 5418 2903 5473 illis
2925 5417 3091 5491 justis
3120 5414 3212 5487 qui
3248 5415 3418 5471 bonos
3454 5412 3615 5482 pioss

2011 5536 2117 5594 que
2147 5536 2325 5576 mores
2355 5532 2525 5586 usque
2560 5515 2629 5570 ad
2656 5511 2952 5569 senectutis
2978 5506 3348 5566 maturitatem
3377 5513 3433 5560 et
3455 5504 3597 5561 diem

2009 5620 2135 5673 vitae
2162 5614 2322 5682 hujus
2345 5612 2595 5668 ultimum
2625 5615 2863 5673 servant,
2891 5620 2999 5661 non
3027 5604 3083 5659 in
3111 5601 3224 5658 suis
3251 5597 3482 5663 meritis,
3504 5596 3599 5655 sed

2010 5708 2068 5767 in
2095 5706 2323 5763 Domino
2351 5717 2471 5760 esse
2496 5699 2834 5774 gloriandum
2857 5738 2872 5757 .
2911 5693 3167 5767 quoniam
3197 5690 3288 5761 qui
3317 5689 3441 5745 vita:
3471 5689 3599 5743 ιιι-θα

2011 5802 2181 5857 vitate
2206 5796 2382 5868 rapuit
2399 5796 2626 5870 justum,
2653 5813 2670 5847 ι
2692 5806 2761 5848 ne
2783 5789 2987 5847 malitia
3010 5792 3245 5843 mutaret
3270 5779 3601 5838 intellectum

2452 6024 2483 6041 φ
