4088 6344
433 233 504 290 39
1488 225 1849 283 RATRAMNI
1885 225 2337 284 CORBEIENSIS
2378 226 2683 285 MONACHI
3322 208 3334 218 ’
3643 229 3718 285 40

433 345 552 416 ejus
571 341 719 415 (Sap.
748 358 825 407 tv,
851 341 962 413 li),
990 359 1009 392 ι
1037 341 1151 412 ipse
1172 341 1227 396 in
1251 348 1670 412 quantacunque
1696 341 1819 395 vitae
1848 339 2021 409 longi-
2048 347 2101 405 Α
2126 339 2329 395 sanctis
2362 341 2427 395 de
2446 340 2582 396 Filio
2607 356 2705 397 suo
2727 342 2821 414 qui
2849 342 3025 399 factus
3050 351 3134 398 est
3161 343 3211 399 ei
3229 358 3297 399 ex
3313 344 3518 401 semine
3542 343 3719 401 David

439 435 626 490 tudine
665 434 901 489 custodit
935 433 1171 505 justum,
1205 452 1223 483 ι
1257 448 1324 487 ne
1351 432 1556 488 malitia
1597 441 1770 488 mutet
1810 432 2018 488 intelle-

438 536 585 581 ctum
616 527 750 597 ejus.
784 546 802 579 ι
840 526 948 581 Cur
975 534 1153 580 autem
1180 526 1269 580 hic
1294 526 1529 581 tenuerit
1556 541 1805 581 casurum
1833 527 2022 592 istum,

439 634 599 690 quem
628 619 940 689 priusquam
963 617 1185 673 caderet
1211 617 1338 672 hinc
1363 628 1547 686 posset
1573 617 1807 683 auferre,
1833 618 2023 689 justis-

439 710 577 765 sima
604 710 846 773 omnino,
873 708 966 763 sed
993 726 1011 758 ι
1046 707 1415 763 inscrutabilia
1440 716 1564 763 sunt
1581 706 1784 776 judicia
1811 707 1946 777 ejus.
1974 707 2021 781 ι]

440 800 517 856 De
570 800 743 869 gratia
791 814 922 854 vero
979 808 1035 853 et
1080 799 1563 869 prtedestinatione
1613 815 1779 854 unum
1830 797 2027 855 sufﬁcit

437 891 746 960 exemplum
770 888 1092 954 Salvatoris,
1118 890 1185 945 de
1207 906 1314 960 quo
1337 891 1392 946 in
1414 892 1599 946 eodem
1622 891 1759 947 libro
1781 892 1919 964 (cap.
1936 891 2025 963 15)

440 981 517 1035 ita
542 980 829 1036 scribitur:
851 979 971 1052 [Est
992 981 1155 1036 etiam
1180 982 1655 1052 praeclarissimum
1682 982 1861 1040 lumen
1890 999 2027 1054 prte-

440 1071 820 1127 destinationis
858 1080 911 1127 et
948 1073 1134 1144 gratiae
1169 1074 1283 1144 ipse
1314 1073 1584 1139 Salvator,
1619 1075 1735 1145 ipse
1767 1075 2029 1133 Mediator

443 1161 538 1216 Dei
580 1168 636 1216 et
674 1161 955 1217 hominum
996 1164 1160 1217 homo
1188 1162 1437 1218 Christus
1463 1163 1658 1219 Jesus:
1694 1165 1786 1235 qui
1826 1173 1884 1219 ut
1926 1166 2029 1220 hoc

441 1264 615 1320 esset,
646 1256 843 1325 quibus
871 1254 1089 1311 tandem
1122 1255 1234 1310 suis
1263 1256 1347 1309 vel
1375 1270 1599 1326 operum
1625 1256 1706 1310 vel
1738 1255 1863 1310 ﬁdei
1891 1270 2031 1325 prae.

442 1350 761 1406 cedentibus
804 1349 1013 1405 meritis
1056 1357 1246 1403 natura
1282 1350 1519 1404 humana
1554 1365 1674 1419 qua:
1719 1349 1773 1402 in
1816 1348 1905 1403 illo
1948 1355 2033 1403 est

440 1441 819 1513 comparavit?
851 1441 1283 1512 Respondeatur,
1315 1441 1536 1511 quaeso?
1576 1439 1665 1494 ille
1691 1439 1871 1505 homo,
1913 1445 2030 1493 uta

442 1534 622 1590 Verbo
657 1535 803 1589 Patri
840 1542 1109 1590 coaeterno
1148 1534 1205 1589 in
1246 1534 1507 1589 unitatem
1538 1547 1785 1605 persona:
1815 1546 2028 1586 assum-

2124 431 2418 487 secundum
2446 447 2698 499 carnem;
2733 433 2824 503 qui
2848 433 3259 504 praedestinatus
3284 444 3369 491 est
3408 435 3577 492 Filius
3618 434 3719 492 Dei

2123 524 2178 578 in
2204 523 2402 579 virtute
2448 525 2742 580 secundum
2785 525 3047 595 Spiritum
3096 527 3509 582 santiﬁcationis
3534 543 3599 583 ex
3632 544 3722 583 re-

2125 618 2459 673 surrectione
2482 626 2816 672 mortuorum
2833 617 3003 689 (Rom.
3022 635 3060 683 ι,
3081 618 3223 691 1-4).
3258 639 3276 671 ι
3302 618 3723 675 Praedestinatus

2125 721 2209 768 est
2229 726 2359 783 ergo
2387 710 2564 777 Iesus,
2595 719 2655 766 ut
2675 712 2766 782 qui
2799 711 3015 767 futurus
3043 700 3163 766 erat
3187 712 3481 768 secundum
3498 728 3722 768 carnem

2126 803 2270 860 ﬁlius
2296 804 2482 867 David,
2517 812 2663 858 esset
2693 811 2873 857 tamen
2903 803 2957 857 in
2984 802 3184 858 virtute
3210 802 3380 859 Filius
3410 805 3501 859 Dei
3524 820 3723 860 secun-

2127 894 2255 949 dum
2300 892 2559 964 Spiritum
2602 893 3076 959 sanctificationis,
3117 893 3244 964 quia
3302 902 3464 949 natus
3511 904 3596 948 est
3657 896 3727 949 de

2129 983 2335 1053 Spiritu
2362 992 2550 1039 sancto
2587 1000 2655 1039 ex
2680 983 2889 1051 virgine
2916 983 3103 1038 Maria.
3138 983 3258 1054 lpsa
3288 993 3372 1040 est
3406 984 3494 1039 illa
3532 984 3725 1039 ineffa-

2128 1072 2311 1127 biliter
2343 1071 2483 1127 facta
2515 1073 2749 1129 hominis
2774 1088 2803 1127 a
2834 1074 2946 1128 Deo
2987 1074 3152 1129 verbo
3181 1074 3452 1144 susceptio
3478 1074 3723 1147 singula-

2130 1162 2226 1228 ris,
2258 1173 2316 1216 ut
2337 1162 2502 1217 Filius
2531 1162 2623 1217 Dei
2656 1171 2711 1217 et
2735 1163 2877 1219 ﬁlius
2895 1164 3131 1219 hominis
3162 1164 3345 1230 simul,
3375 1174 3430 1219 et
3455 1164 3597 1221 ﬁlius
3622 1167 3724 1221 ho-

2131 1256 2294 1311 minis
2335 1264 2556 1326 propter
2592 1267 2902 1328 susceptum
2948 1258 3258 1324 hominem,
3312 1268 3368 1313 et
3410 1258 3580 1314 Filius
3628 1258 3729 1314 Dei

2131 1358 2354 1418 propter
2373 1347 2757 1417 suscipientem
2787 1349 3123 1419 unigenitum
3150 1348 3320 1404 Deum
3365 1350 3632 1405 veraciter
3671 1357 3732 1405 et

2130 1440 2348 1511 proprie
2376 1440 2680 1506 diceretur;
2729 1456 2795 1496 ne
2832 1457 2940 1497 non
2980 1441 3213 1508 trinitas,
3254 1441 3349 1497 sed
3391 1440 3731 1512 quaternitas

2132 1532 2466 1587 crederetur.
2506 1531 2896 1587 Praedestinata
2949 1540 3033 1587 est
3079 1533 3180 1588 ista
3230 1539 3439 1588 naturae
3479 1533 3732 1587 humanae

442 1635 588 1700 ptus,
620 1627 791 1683 Filius
816 1627 913 1684 Dei
944 1628 1255 1699 unigenitus
1286 1636 1463 1695 esset,
1493 1627 1635 1682 unde
1661 1628 1765 1683 hoc
1790 1624 2031 1681 meruit?
2135 1633 2284 1680 tanta
2313 1632 2369 1680 et
2401 1632 2510 1679 tam
2534 1624 2677 1680 celsa
2701 1634 2757 1680 et
2780 1640 2992 1681 summa
3020 1624 3320 1691 subvectio,
3345 1633 3405 1679 ut
3428 1640 3536 1695 quo
3565 1624 3733 1679 attol-

446 1720 600 1789 Quod
626 1719 743 1789 ejus
768 1721 970 1775 bonum
998 1720 1372 1791 qualecunque
1399 1720 1721 1791 praecessit?
1760 1717 1901 1785 Quid
1924 1716 2035 1789 egit
2060 1701 2111 1763 Β
2137 1714 2342 1770 leretur
2363 1713 2527 1770 altius
2558 1730 2664 1770 non
2696 1714 2920 1771 haberet
2952 1733 2966 1769 :
2998 1715 3138 1771 sicut
3181 1730 3281 1786 pro
3311 1715 3468 1770 nobis
3492 1713 3610 1783 ipsa
3644 1714 3731 1768 di-

444 1813 619 1867 ante?
654 1812 783 1882 quid
813 1811 1085 1867 credidit?
1118 1812 1247 1881 quid
1272 1811 1516 1881 praeivit,
1548 1819 1609 1865 ut
1640 1810 1704 1865 ad
1731 1810 1873 1865 hanc
1899 1807 2037 1864 inef-

445 1903 666 1958 fabilem
693 1902 1068 1959 excellentiam
1105 1902 1459 1972 perveniret?
1495 1900 1687 1957 Nonne
1712 1901 1946 1957 faciente
1973 1914 2039 1956 ac

444 1997 775 2068 suscipiente
804 1996 1005 2061 Verbo,
1047 1995 1162 2065 ipse
1207 1995 1389 2060 homo,
1435 2009 1501 2049 ex
1544 2011 1653 2065 quo
1696 1994 1862 2064 coepit
1893 2007 2035 2060 esse,

444 2089 619 2145 Filius
658 2089 756 2144 Dei
803 2088 996 2143 unicus
1041 2102 1163 2143 esse
1211 2087 1417 2157 coepit?
1467 2086 1658 2142 Nonne
1703 2086 1902 2141 Filium
1942 2084 2039 2141 Dei

446 2182 668 2237 unicum
698 2181 900 2237 femina
932 2181 1020 2236 illa
1048 2182 1222 2252 gratia
1253 2182 1407 2251 plena
1436 2182 1725 2253 concepit?
1755 2180 1946 2237 Nonne
1974 2180 2042 2236 de

450 2271 662 2344 Spiritu
705 2280 894 2327 sancto
937 2279 994 2326 et
1020 2270 1243 2343 Virgine
1290 2272 1459 2327 Maria
1500 2272 1595 2326 Dei
1637 2271 1808 2327 Filius
1847 2271 2043 2327 unicus

448 2370 611 2417 natus
653 2370 773 2426 est,
821 2374 931 2415 non
966 2361 1147 2416 carnis
1176 2361 1458 2431 cupidine,
1504 2362 1598 2416 sed
1643 2361 1903 2431 singulari
1945 2360 2042 2416 Dei

449 2451 727 2507 munere?
785 2448 1038 2521 Nunquid
1088 2451 1436 2506 metuendum
1488 2449 1588 2505 fuit
1635 2464 1704 2504 ne
1752 2449 2045 2505 accedente

447 2550 609 2599 aetate
636 2543 799 2598 homo
827 2542 919 2599 ille
950 2542 1123 2599 libero
1161 2551 1412 2612 peccaret
1451 2542 1724 2598 arbitrio?
1770 2542 1878 2597 Aut
1920 2542 2042 2598 ideo

450 2632 510 2688 in
536 2633 629 2689 illo
658 2647 767 2688 non
796 2632 969 2689 libera
996 2633 1249 2688 voluntas
1279 2641 1429 2695 erat;
1463 2648 1526 2688 ac
1555 2648 1661 2687 non
1690 2640 1842 2687 tanto
1868 2631 2046 2703 magis

451 2734 603 2792 erat,
656 2734 859 2795 quanto
904 2726 1075 2797 magis
1116 2727 1324 2781 servire
1367 2733 1592 2796 peccato
1633 2741 1739 2781 non
1786 2725 2047 2795 poterat?

453 2813 657 2886 Nempe
694 2816 796 2870 ista
826 2817 1009 2871 omnia
1045 2815 1397 2885 singulariter
1427 2815 1741 2870 admiranda
1761 2856 1776 2881 ,
1820 2822 1874 2870 et
1903 2814 2043 2881 alia,

452 2904 500 2959 si
529 2920 634 2975 qua
659 2904 779 2975 ejus
804 2905 1025 2976 propria
1053 2905 1337 2960 verissime
1366 2905 1471 2960 dici
1503 2916 1765 2976 possunt,
1807 2905 2048 2978 singula-

454 3002 588 3057 riter
615 3002 670 3057 in
703 3001 791 3057 illo
822 3002 1031 3072 accepit
1062 3002 1330 3067 humana,
1364 3002 1467 3057 hoc
1492 3009 1575 3056 est
1605 3010 1787 3056 nostra
1815 3011 2011 3057 natura
2030 3042 2047 3069 ,

457 3092 620 3148 nullis
662 3093 775 3147 suis
816 3091 1248 3163 praecedentibus
1290 3090 1915 3161 meritis.,Respondeat
1960 3092 2052 3147 hic

460 3184 624 3241 homo
653 3184 783 3249 Deo,
817 3184 864 3239 si
895 3185 1087 3250 audet,
1131 3191 1185 3239 et
1214 3184 1361 3239 dicat
1385 3202 1398 3237 :
1439 3183 1549 3239 Cur
1578 3199 1685 3239 non
1713 3193 1769 3239 et
1795 3184 1937 3255 ego?
1982 3185 2053 3239 Et

460 3274 509 3331 si
540 3274 811 3330 audierit:
845 3292 863 3324 ι
894 3272 939 3329 0
980 3275 1169 3340 homo,
1216 3282 1272 3329 tu
1317 3274 1440 3346 quis
1481 3289 1541 3329 es
1582 3275 1675 3344 qui
1719 3275 2051 3345 respondeas

459 3365 615 3422 Deo?
644 3386 661 3418 ι
699 3379 798 3421 nec
835 3366 915 3420 sic
951 3365 1235 3431 cohibeat,
1281 3366 1375 3421 sed
1406 3374 1597 3436 augeat
1625 3366 2050 3436 impudentiam,

460 3467 515 3516 et
544 3458 724 3514 dicat:
759 3459 1042 3527 Quomodo
1070 3461 1262 3527 audio,
1307 3479 1326 3513 ι
1359 3460 1438 3516 Tu
1468 3463 1588 3532 quis
1619 3479 1699 3529 es,
1730 3479 1763 3517 o
1789 3464 1995 3519 homo?
2031 3485 2049 3517 ι

462 3550 597 3605 Cum
624 3550 725 3607 sim
755 3554 899 3622 quod
926 3551 1108 3616 audio,
1156 3552 1210 3607 id
1250 3560 1332 3607 est
1373 3552 1557 3618 homo,
1603 3553 1744 3622 quod
1774 3562 1857 3608 est
1886 3562 1939 3607 et
1968 3553 2058 3608 ille

461 3642 531 3699 de
560 3659 668 3715 quo
700 3659 823 3715 ago,
854 3660 954 3700 cur
978 3658 1085 3700 non
1115 3644 1216 3700 sim
1248 3644 1393 3714 quod
1422 3652 1476 3699 et
1505 3644 1635 3699 ille?
1662 3644 1733 3699 At
1759 3645 1905 3699 enim
1937 3660 2058 3717 gra-

463 3734 539 3789 tia
577 3734 666 3790 ille
705 3735 831 3789 talis
861 3750 927 3790 ac
958 3742 1140 3790 tantus
1174 3741 1277 3789 est.
1326 3733 1435 3790 Cur
1465 3735 1677 3790 diversa
1724 3742 1807 3789 est
1849 3735 2056 3807 gratia,

464 3825 554 3879 ubi
591 3834 787 3880 natura
815 3827 1120 3881 communis
1159 3826 1283 3880 est?
1332 3824 1491 3881 Certe
1524 3845 1541 3877 ι
1573 3842 1679 3881 non
1707 3838 1790 3882 est
1813 3828 2061 3897 acceptio

464 3930 824 3986 personarum
855 3917 995 3987 apud
1020 3914 1341 3986 Deum(Col.
1365 3931 1447 3981 ιιι,
1465 3915 1613 3986 25).)
1638 3916 1788 3983 Quis,
1807 3932 1912 3971 non
1942 3917 2062 3970 dico

467 4005 830 4071 Christianus,
855 4006 950 4061 sed
976 4006 1200 4061 insanus
1228 4006 1345 4061 haec
1372 4006 1553 4061 dicat?
1580 4005 1857 4077 Appareat
1880 4006 2064 4076 itaque

469 4095 629 4153 nobis
657 4097 713 4152 in
741 4105 930 4152 nostro
959 4098 1137 4168 capite
1167 4098 1283 4167 ipse
1311 4096 1433 4153 fons
1460 4098 1671 4167 gratiae,
1696 4098 1843 4154 unde
1869 4113 2064 4153 secun-

470 4187 599 4243 dum
647 4186 1073 4258 uniuscujusque
1116 4202 1431 4243 mensuram
1475 4202 1691 4258 semper
1718 4197 1911 4244 cuncta
1945 4188 2064 4258 ejus

471 4279 717 4334 membra
747 4276 1016 4333 diffundit.
1071 4278 1148 4333 Ea
1189 4278 1363 4350 gratia
1406 4277 1468 4332 ﬁt
1510 4279 1577 4334 ab
1616 4278 1771 4333 initio
1801 4278 1925 4334 ﬁdei
1956 4292 2068 4333 suae

472 4368 637 4425 homo
663 4370 972 4441 quicunque
1001 4368 1378 4436 Christianus,
1421 4385 1527 4440 qua
1560 4370 1731 4441 gratia
1773 4370 1937 4427 homo
1980 4371 2069 4427 ille

476 4462 545 4517 ab
587 4462 740 4518 initio
775 4478 875 4518 suo
916 4460 1091 4519 factus
1130 4471 1214 4518 est
1241 4461 1529 4518 Christus:
1579 4462 1648 4517 de
1695 4463 1814 4534 ipso
1861 4462 2067 4534 Spiritu

477 4562 533 4610 et
566 4553 655 4609 hic
690 4563 910 4610 renatus
938 4563 1053 4619 est,
1108 4553 1178 4609 de
1220 4568 1327 4622 quo
1369 4552 1458 4608 ille
1498 4560 1585 4608 est
1627 4563 1827 4619 natus;
1879 4553 2068 4609 eodem

479 4645 685 4717 Spiritu
727 4646 787 4700 ﬁt
833 4645 887 4700 in
934 4644 1091 4700 nobis
1126 4645 1377 4701 remissio
1412 4655 1761 4715 peccatorum
1798 4661 1906 4716 quo
1944 4644 2068 4716 Spi-

479 4736 585 4791 ritu
626 4736 829 4791 factum
868 4744 953 4791 est
1001 4743 1061 4790 ut
1104 4735 1311 4790 nullum
1361 4737 1587 4793 haberet
1630 4736 1719 4793 ille
1760 4745 2069 4809 peccatum.

479 4824 608 4881 Haec
635 4840 694 4881 se
723 4828 865 4883 Deus
899 4826 1169 4883 facturum
1195 4843 1316 4884 esse
1344 4829 1591 4899 profecto
1616 4831 1907 4902 praescivit.
1952 4830 2073 4902 Ipsa

480 4923 565 4970 est
602 4914 771 4987 igitur
809 4917 1215 4987 prazdestinatio
1244 4928 1557 4973 sanctorum
1579 4960 1593 4981 ,
1635 4934 1754 4989 qua:
1785 4921 1838 4974 in
1870 4920 2072 4975 Sancto

482 5015 795 5061 sanctorum
833 5007 1067 5062 maxime
1102 5007 1328 5071 claruit,
1378 5023 1541 5078 quam
1585 5023 1781 5080 negare
1820 5009 1943 5079 quis
1976 5025 2074 5080 po-

487 5108 593 5153 test
622 5107 769 5154 recte
799 5099 1213 5170 intelligentium
1252 5100 1465 5170 eloquia
1494 5102 1793 5157 Veritatis?
1840 5102 1975 5157 Nam
2017 5111 2076 5158 et

486 5190 663 5260 ipsum
716 5190 1003 5247 Dominqu
1056 5190 1281 5262 gloriae,
1337 5192 1655 5261 inquautum
1712 5193 1873 5247 homo
1927 5193 2074 5249 facto

488 5278 664 5337 factus
700 5291 786 5337 est
831 5280 928 5337 Dei
970 5280 1170 5346 Filius,
1202 5282 1669 5352 praedestinatum
1718 5298 1841 5339 esse
1884 5283 2077 5339 didici-

490 5390 631 5429 mus.
678 5374 891 5430 Clamat
920 5376 1109 5431 doctor
1136 5377 1378 5446 gentium
1419 5376 1473 5429 in
1513 5376 1688 5447 capite
1717 5376 2079 5447 Epistolarum

493 5482 712 5522 suarum
759 5482 773 5521 :
839 5486 857 5519 ι
917 5468 1115 5524 Paulus
1180 5483 1371 5523 servus
1428 5468 1554 5523 Jesu
1609 5469 1807 5525 Christi
1860 5480 2083 5527 vocatus

495 5556 809 5628 apostolus,
866 5568 1175 5631 segregatus
1226 5559 1279 5613 in
1334 5558 1683 5631 Evangelium
1715 5562 1877 5627 ,Dei;
1940 5564 2083 5631 quod

493 5657 623 5703 ante
671 5652 989 5721 promiserat
1024 5668 1120 5722 per
1158 5652 1451 5723 prophetas
1502 5669 1627 5708 suos
1666 5654 1717 5709 in
1782 5654 2084 5726 Scripturis

2140 1807 2344 1863 vinitas
2396 1822 2681 1877 quousque
2724 1822 2783 1863 se
2832 1807 3124 1878 deponeret
3170 1806 3446 1870 humilius,
3489 1820 3597 1862 non
3636 1806 3733 1859 ha-

2140 1900 2277 1965 buit,
2305 1898 2468 1970 quam
2492 1908 2742 1970 suscepta
2762 1908 2959 1955 natura
2988 1899 3223 1954 hominis
3258 1914 3381 1954 cum
3412 1896 3731 1953 inﬁrmitate

2142 1990 2354 2055 carnis,
2400 2008 2419 2042 ι
2466 1991 2755 2061 usque-ad
2794 1998 3026 2046 mortem
3073 1990 3271 2046 crucis.
3329 2009 3346 2040 ι
3397 1988 3552 2044 Sicut
3600 2000 3734 2055 ergo

2142 2080 2556 2153 praedestinatus
2587 2088 2672 2137 est
2705 2097 2843 2136 unus
2872 2080 2981 2147 ille,
3011 2090 3071 2135 ut
3098 2088 3260 2151 caput
3292 2087 3537 2135 nostrum
3565 2085 3734 2139 esset.

2144 2176 2219 2230 ita
2249 2174 2404 2230 multi
2430 2174 2794 2245 praedestinati
2833 2190 3039 2241 sumus,
3078 2183 3138 2229 ut
3169 2174 3412 2229 membra
3444 2172 3561 2242 ejus
3582 2186 3733 2228 esse-

2143 2282 2285 2322 mus.
2308 2264 2557 2321 Humana
2578 2266 2667 2322 hic
2686 2265 2880 2321 merita
2906 2265 3293 2331 conticescant,
3316 2279 3435 2335 quae
3456 2264 3739 2335 perierunt

2144 2372 2243 2427 per
2274 2358 2483 2425 Adam;
2527 2365 2582 2412 et
2619 2366 2808 2429 regnet
2847 2373 2967 2428 qua:
3012 2366 3204 2430 regnat
3234 2378 3253 2410 ι
3299 2358 3393 2413 Dei
3439 2358 3611 2429 gratia
3638 2371 3737 2427 per

2145 2447 2330 2504 Iesum
2370 2448 2644 2504 Christum
2680 2449 2967 2505 Dominum
3001 2458 3266 2515 nostrum,
3322 2470 3341 2503 ι
3378 2450 3599 2505 unicum
3641 2447 3737 2504 Dei

2146 2537 2364 2605 Filium,
2407 2554 2575 2593 unum
2613 2539 2923 2594 Dominum.
2959 2538 3214 2610 Quisquis
3242 2541 3295 2594 in
3344 2540 3520 2610 capite
3552 2546 3740 2595 nostro

2147 2630 2505 2700 praecedentia
2533 2630 2726 2686 merita
2774 2630 3062 2702 singularis
3091 2630 3233 2687 illius
3268 2631 3631 2705 generationis
3659 2630 3743 2685 iu-

2148 2720 2380 2787 venerit,
2433 2722 2546 2791 ipse
2591 2721 2648 2777 in
2700 2722 2849 2777 nobis
2896 2724 3154 2778 membris
3209 2724 3325 2794 ejus
3382 2722 3742 2795 praecedentia

2153 2813 2345 2868 merita
2375 2812 2748 2883 multiplicatae
2796 2814 3220 2885 regenerationis
3259 2816 3516 2887 inquirat.
3558 2814 3744 2887 Neque

2151 2903 2295 2958 enim
2322 2902 2538 2959 Christo
2572 2905 2835 2959 retributa
2853 2895 2937 2959 est
2966 2904 3054 2959 illa
3081 2907 3490 2978 generatio,sed
3519 2907 3740 2970 tributa,

2156 3004 2216 3049 ut
2242 2995 2449 3052 alienus
2487 2998 2554 3052 ab
2580 2998 2727 3052 omni
2756 2998 3084 3069 obligatione
3120 3001 3329 3069 peccati
3354 3001 3420 3057 de
3450 3000 3654 3070 Spiritu
3692 3006 3749 3056 et

2081 3063 2129 3128 α
2158 3084 2379 3158 Virgine
2418 3096 2747 3143 nasceretur.
2793 3063 2895 3145 Sic
2921 3098 2976 3145 et
3014 3063 3202 3157 nobis,
3246 3100 3308 3147 ut
3348 3110 3368 3144 ι
3404 3107 3473 3148 ex
3490 3063 3651 3163 -aqua
3695 3099 3750 3147 et

2159 3178 2364 3249 Spiritu
2386 3193 2799 3235 renasceremur
2835 3201 2853 3234 ι
2900 3196 3007 3237 non
3037 3182 3362 3239 retributum
3388 3193 3473 3240 est
3514 3198 3613 3255 pro
3656 3180 3754 3238 ali-

2157 3283 2266 3339 quo
2292 3269 2504 3333 merito,
2540 3270 2634 3325 sed
2655 3272 2823 3343 gratis
2851 3273 3144 3340 tributum;
3182 3282 3237 3330 et
3272 3276 3317 3331 si
3340 3291 3441 3333 nos
3473 3275 3749 3332 lavacrum

2159 3362 2585 3432 regenerationis
2612 3363 2747 3420 ﬁdes
2772 3364 2949 3432 duxit,
2995 3382 3101 3422 non
3126 3368 3247 3425 ideo
3272 3378 3466 3439 putare
3493 3369 3753 3426 debemus

2160 3452 2369 3523 priores
2407 3469 2505 3508 nos
2549 3454 2759 3511 dedisse
2803 3456 3026 3527 aliquid,
3076 3467 3136 3513 ut
3177 3460 3569 3517 retribueretur
3596 3461 3753 3516 nobis

2162 3546 2504 3614 regeneratio
2534 3546 2787 3603 salutaris
2818 3566 2829 3601 :
2861 3548 2951 3603 ille
2995 3550 3191 3622 quippe
3226 3566 3323 3606 nos
3362 3551 3490 3608 fecit
3524 3552 3756 3608 credere

2163 3636 2218 3690 in
2252 3636 2551 3703 Christum,
2595 3639 2686 3706 qui
2740 3639 2896 3694 nobis
2938 3638 3083 3705 fecit,
3139 3641 3192 3695 in
3249 3657 3409 3712 quem
3457 3643 3751 3707 credimus,

2163 3724 2472 3793 Christum;
2506 3727 2595 3783 ille
2622 3727 2827 3783 facitin
2859 3730 3168 3787 hominibus
3190 3732 3513 3804 principium
3546 3734 3669 3790 ﬁdei
3697 3741 3755 3790 et

2164 3819 2550 3888 perfectionem
2580 3820 2632 3873 in
2658 3819 2863 3886 Jesum,
2889 3821 2981 3891 qui
3019 3820 3147 3877 fecit
3170 3822 3443 3879 hominem
3481 3842 3501 3876 ι
3549 3824 3754 3895 princi-

2166 3923 2289 3978 pem
2322 3908 2447 3965 ﬁdei
2487 3919 2542 3965 et
2566 3911 2923 3982 perfectorem
2953 3912 3157 3969 Jesum.
3204 3935 3223 3967 ι
3262 3912 3352 3971 Sic
3382 3917 3527 3972 enim
3555 3926 3637 3973 est
3663 3932 3758 3988 apo

2166 3999 2419 4069 pellatus,
2465 4009 2525 4055 ut
2568 4002 2741 4068 scitis,
2783 4002 2838 4057 in
2865 4004 3103 4073 Epistola
3133 4019 3252 4075 quae
3296 4014 3381 4061 est
3405 4006 3473 4062 ad
3503 4006 3760 4063 Hebraeos

2170 4088 2358 4159 (Hebr.
2388 4107 2486 4157 xu,
2512 4091 2588 4163 2),
2618 4101 2778 4148 vocat
2806 4095 2951 4149 enim
2981 4095 3123 4151 Deus
3140 4097 3762 4167 przedestinatosmaltos

2170 4182 2309 4238 ﬁlios
2331 4197 2475 4249 suos,
2518 4192 2577 4239 ut
2614 4198 2709 4240 eos
2746 4184 2909 4241 faciat
2938 4188 3179 4243 membra
3210 4189 3576 4258 praedestinati
3616 4189 3761 4245 unici

2172 4274 2290 4329 Filii
2323 4273 2451 4347 sui.]
2481 4274 2612 4331 Item
2640 4276 2777 4332 infra
2811 4277 2951 4349 (cap.
2990 4279 3057 4335 16
3079 4280 3134 4333 in
3155 4279 3278 4349 ﬁn.)
3311 4298 3323 4334 :
3361 4279 3463 4353 [Ad
3496 4282 3637 4338 hanc
3672 4297 3765 4339 vo-

2171 4364 2440 4421 cationem
2482 4366 2573 4436 qui
2596 4368 2893 4437 pertinent,
2932 4388 2951 4421 ι
2978 4384 3166 4426 omnes
3208 4380 3333 4426 sunt
3364 4371 3623 4429 docibiles
3668 4372 3763 4428 Dei

2092 4437 2150 4499 D
2175 4454 2309 4526 (1.9a.
2347 4472 2456 4523 LIV,
2486 4457 2595 4529 15),
2632 4477 2651 4511 ι
2679 4472 2779 4514 nec
2803 4467 2981 4529 potest
3004 4476 3191 4517 eorum
3226 4464 3512 4536 quisquam
3538 4465 3718 4520 dicere
3744 4502 3767 4533 ι

2172 4547 2410 4615 Credidi,
2438 4558 2498 4604 ut
2526 4550 2605 4606 sic
2641 4566 2873 4607 vocarer
2899 4570 2911 4606 :
2943 4555 3204 4623 praevenit
3243 4571 3366 4612 eum
3386 4557 3584 4629 quippe
3604 4557 3769 4614 mise-

2172 4641 2406 4697 ricordia
2430 4643 2544 4710 Dei,
2570 4644 2695 4713 quia
2725 4644 2804 4700 sic
2829 4653 2913 4701 est
2938 4656 3163 4702 vocatus
3187 4656 3246 4703 ut
3270 4650 3547 4705 crederet.’
3584 4667 3603 4700 ι
3638 4648 3769 4705 0m-

2174 4746 2271 4788 nes
2292 4734 2441 4788 enim
2470 4734 2731 4791 docibiles
2753 4735 2848 4790 Dei
2878 4754 2897 4787 ι
2928 4738 3152 4793 veniunt
3173 4739 3242 4795 ad
3264 4740 3479 4807 Filium,
3504 4728 3768 4813 quoniam

2178 4824 2468 4880 audierunt
2488 4835 2544 4880 et
2570 4826 2877 4883 didicerunt
2903 4843 2934 4883 a
2961 4828 3124 4885 Patre
3148 4846 3249 4901 per
3273 4832 3490 4899 Filium,
3520 4834 3615 4904 qui
3656 4834 3771 4890 evi-

2176 4915 2490 4973 dentissime
2538 4918 2670 4973 dicit
2701 4936 2714 4973 :
2753 4938 2771 4971 ‹
2807 4918 2997 4977 Omnis
3034 4923 3125 4991 qui
3171 4925 3376 4979 audivit
3412 4939 3445 4980 a
3488 4924 3671 4990 Patre,
3713 4933 3772 4983 et

2176 5006 2382 5075 didicit,
2415 5010 2565 5065 venit
2586 5011 2655 5065 ad
2680 5026 2765 5066 me
2794 5011 2975 5084 (Joan.
3005 5030 3079 5081 vr,
3105 5013 3196 5082 45,
3220 5014 3334 5087 59).
3368 5034 3387 5067 ι
3420 5016 3648 5071 Istorum
3673 5031 3771 5071 au-

2180 5109 2288 5154 tem
2328 5114 2488 5155 nemo
2530 5102 2691 5171 perit,
2726 5122 2745 5154 ‹
2778 5104 2905 5175 quia
2930 5120 3090 5161 omne
3129 5106 3274 5176 quod
3311 5105 3460 5162 dedit
3495 5108 3544 5163 ei
3584 5108 3771 5175 Pater,

2180 5208 2287 5248 non
2314 5194 2491 5265 perdit
2517 5211 2584 5252 ex
2616 5212 2681 5253 eo
2702 5198 3016 5269 quidquam.
3048 5219 3067 5252 ι
3094 5200 3350 5273 Quisquis
3370 5218 3499 5275 ergo
3522 5203 3645 5258 inde
3663 5210 3772 5269 est,

2184 5287 2406 5343 omnino
2426 5303 2531 5344 non
2558 5290 2717 5360 perit,
2750 5306 2852 5346 nec
2869 5302 3027 5348 erant
3053 5292 3176 5349 inde
3204 5295 3296 5365 qui
3326 5296 3621 5366 perierunt,
3647 5310 3775 5368 pro-

2188 5389 2308 5450 pter
2328 5382 2468 5451 quod
2492 5372 2805 5437 dictum‘est
2834 5400 2847 5436 :
2886 5403 2905 5435 ι
2950 5384 3028 5440 Ex
3055 5386 3212 5442 nobis
3236 5387 3508 5453 exierunt,
3532 5388 3625 5444 sed
3665 5402 3776 5442 non

2189 5482 2345 5527 erant
2382 5488 2448 5527 ex
2495 5472 2669 5528 nobis.
2705 5472 2841 5528 Nam
2884 5475 2929 5531 si
2957 5475 3186 5532 fuissent
3216 5492 3284 5533 ex
3323 5478 3500 5544 nobis,
3545 5478 3774 5533 mansis-

2190 5576 2311 5621 sent
2338 5567 2521 5636 utique
2539 5568 2822 5624 nobiscum
2847 5569 2898 5641 (Ι
2916 5569 3079 5625 Joan.
3103 5588 3164 5637 ιι,
3196 5571 3307 5643 19).
3348 5591 3367 5625 ι
3413 5573 3778 5644 lntelligamus

2191 5674 2321 5729 ergo
2365 5660 2701 5718 vocationem
2729 5678 2833 5732 qua
2852 5663 2987 5718 ﬁunt
3016 5664 3192 5730 electi,
3226 5681 3333 5722 non
3376 5666 3468 5735 qui
3509 5665 3779 5736 eliguntur
