4088 6344
98 644 121 673 1

301 389 365 444 41
1274 386 1360 441 DE
1396 384 2063 444 PREDESTINATIONE
2101 387 2234 443 DEI.
2272 417 2342 428 —-
2377 388 2506 444 LIB.
2547 388 2610 443 ll.
3496 393 3569 449 ιε

305 502 433 575 quia
479 500 863 567 crediderunt,
904 502 1000 558 sed
1061 503 1153 573 qui
1217 502 1488 573 eliguntur
1531 511 1593 558 ut
1633 503 1883 569 credant;
1915 505 1967 566 Α
1991 503 2239 558 novimus
2258 502 2526 573 possimus
2545 501 2778 573 operari,
2822 515 3007 556 verum
3030 500 3192 558 etiam
3226 503 3571 574 praevenitin

308 593 452 649 hanc
485 593 632 649 enim
680 601 735 648 et
772 592 1031 650 Dominus
1074 595 1187 665 ipse
1224 596 1356 650 satis
1381 595 1673 665 aperitubi
1702 595 1833 651 dicit
1875 613 1889 648 :

312 701 334 735 α
361 683 481 740 Non
509 699 609 740 vos
634 699 720 740 me
748 684 1013 756 elegistis,
1038 687 1131 743 sed
1152 701 1253 757 ego
1275 702 1374 745 vos
1400 685 1537 759 elegi
1568 684 1750 759 (Joan.
1799 702 1892 750 xv,
1931 740 1935 749 λ

310 776 423 849 16).
455 795 476 831 ι
517 774 651 832 Nam
690 776 736 832 si
774 786 1060 849 propterea
1098 778 1258 835 electi
1303 786 1458 833 erant
1493 778 1617 848 quia
1655 777 1894 834 credide-

310 878 455 937 rant,
501 869 604 941 ipsi
640 885 765 927 eum
806 870 959 941 prius
996 871 1179 943 utique
1217 871 1493 943 elegerant
1540 870 1808 926 credendo
1840 870 1892 927 in

196 972 229 1025 θ
308 976 458 1026 eum,
487 971 548 1016 ut
569 962 695 1033 eligi
721 971 1063 1019 mererentur
1088 982 1102 1019 :
1128 961 1305 1020 aufert
1331 973 1512 1019 autem
1537 962 1641 1019 hoc
1653 962 1892 1028 omnino,

308 1053 402 1124 qui
432 1051 569 1108 dicit
598 1068 613 1106 :
643 1070 664 1104 α
702 1051 819 1108 Non
838 1068 936 1108 vos
962 1053 1324 1126 meelegistis,
1348 1054 1440 1110 sed
1457 1069 1665 1126 egovos
1683 1052 1839 1126 elegi.
1871 1073 1889 1107 ι
1924 1132 1931 1137 ⁸

309 1143 377 1199 Et
403 1142 510 1213 ipsi
541 1142 759 1213 quidem
786 1143 973 1214 procul
999 1142 1163 1202 dubio
1192 1144 1471 1217 elegerunt
1493 1160 1640 1213 eum,
1682 1146 1897 1216 quando

309 1234 658 1292 crediderunt
676 1234 731 1290 iu
760 1250 919 1303 eum;
947 1236 1090 1292 unde
1115 1252 1221 1292 non
1241 1237 1312 1293 ob
1332 1237 1478 1293 aliud
1500 1237 1631 1293 dicit
1665 1256 1678 1292 :
1725 1256 1744 1289 ‹
1779 1236 1896 1292 Νοη

309 1343 407 1383 vos
431 1343 519 1384 me
545 1328 802 1400 elegistis,
834 1329 928 1385 sed
948 1345 1050 1400 ego
1077 1345 1173 1386 vos
1198 1329 1358 1402 elegi,
1412 1349 1432 1384 ι
1480 1330 1585 1386 nisi
1611 1330 1750 1400 quia
1789 1345 1896 1384 non

308 1418 596 1492 elegerunt
622 1428 682 1475 ut
722 1419 949 1490 eligeret
981 1436 1096 1487 eos,
1126 1421 1223 1478 sed
1252 1430 1311 1476 ut
1337 1421 1599 1492 eligerent
1619 1437 1743 1477 eum
1783 1420 1895 1476 ele-

309 1510 390 1582 git
410 1526 528 1576 eos,
566 1510 694 1582 quia
733 1511 1102 1575 misericordia
1139 1512 1256 1583 ejus
1298 1504 1558 1582 praevenit
1587 1526 1682 1568 eos
1712 1516 1901 1567 secun-

309 1604 439 1660 dum
481 1598 734 1677 gratiam,
786 1621 895 1660 non
925 1605 1221 1662 secundum
1264 1604 1527 1661 debitum.
1557 1603 1731 1676 Elegit
1768 1619 1899 1677 ergo

309 1711 407 1752 eos
428 1696 498 1753 de
514 1696 737 1762 mundo,
763 1711 887 1752 cum
903 1697 993 1752 hic
1015 1704 1199 1767 ageret
1218 1710 1437 1751 carnem
1463 1693 1585 1767 [αι.,
1611 1694 1664 1749 in
1689 1692 1895 1766 carne],

310 1787 407 1843 sed
437 1784 555 1855 jam
590 1787 793 1843 electos
834 1788 886 1842 in
933 1786 1113 1858 seipse
1159 1796 1287 1843 ante
1325 1786 1511 1843 mundi
1562 1787 1899 1843 constitutio-

1992 594 2242 650 omnibus
2270 592 2476 649 faciens
2503 593 2557 648 in
2579 594 2734 650 nobis
2761 602 2818 649 et
2842 593 3174 650 voluntatem
3205 610 3309 666 qua
3339 594 3574 652 velimus

1993 692 2049 740 et
2085 684 2354 755 possimus
2403 682 2583 739 facere
2619 682 2844 751 bouum,
2875 691 2930 740 et
2980 683 3223 740 tribuens
3269 685 3428 740 ﬁdem
3465 698 3575 756 qua

1993 791 2099 833 nou
2116 774 2290 847 solum
2311 773 2597 830 credamus
2618 772 2673 828 in
2695 773 2883 839 Deum,
2902 789 3090 829 verum
3110 774 3272 829 etiam
3294 789 3393 844 per
3411 789 3577 845 quam

1993 882 2329 939 quzecuuque
2369 854 2845 938 postulaverimus,
2891 865 3239 936 impetremus
3265 865 3491 925 a,Deo:
3521 864 3580 921 id

1993 967 2075 1016 est
2103 967 2157 1013 et
2182 957 2507 1029 principium
2552 957 2697 1021 fidei,
2743 965 2798 1011 et
2844 955 3234 1027 plenitudinem
3264 955 3382 1024 ejus
3420 955 3578 1011 nobis

1995 1051 2203 1107 donans
2228 1068 2241 1104 :
2272 1050 2368 1105 sed
2396 1057 2451 1104 et
2490 1048 2669 1103 omnia
2698 1061 2859 1117 opera
2914 1054 3085 1114 recta,
3115 1055 3175 1102 ut
3216 1047 3482 1117 possimus
3507 1046 3582 1100 fa-

1997 1158 2120 1199 cere
2144 1140 2315 1213 gratia
2338 1139 2600 1211 largiente
2625 1136 3038 1209 possibilitatem
3063 1138 3358 1206 accipimus
3384 1136 3584 1191 facien-

1997 1233 2071 1288 di.
2101 1232 2226 1287 Haec
2252 1246 2372 1287 cum
2412 1246 2478 1285 ex
2516 1228 2885 1300 superioribus
2924 1228 3209 1284 sententiis
3235 1230 3368 1285 satis
3409 1228 3586 1285 mani-

1996 1322 2137 1380 festa
2167 1325 2317 1388 ﬁant,
2347 1330 2463 1377 tum
2485 1336 2699 1393 quoque
2727 1318 2799 1376 ex'
2826 1328 3133 1375 sanctorum
3153 1307 3580 1384 Patrum'dictis,

1999 1429 2229 1485 quorum
2251 1413 2340 1469 hic
2363 1413 2669 1468 testimonia
2712 1420 2935 1482 propter
2964 1410 3285 1468 brevitatem
3304 1411 3587 1467 omisimus

2002 1522 2228 1578 ponere,
2257 1500 2390 1561 satis
2418 1514 2725 1577 patescunt.
2780 1503 2900 1561 Jam
2943 1519 3070 1559 vero
3126 1504 3193 1560 de
3237 1505 3587 1575 praedestina-

2000 1599 2148 1654 tione
2175 1609 2489 1662 sanctorum
2539 1599 2613 1654 ita
2661 1586 2837 1671 posita
2865 1598 3174 1655 testimonia
3208 1583 3590 1655 incunctanter

2001 1689 2313 1761 loquuntur,
2360 1699 2419 1745 ut
2467 1691 2709 1746 omnium
2759 1691 3591 1766 praedestinatorumnumerum

2003 1782 2282 1837 deﬁnitum
2310 1796 2431 1838 esse
2480 1782 2733 1848 doceant,
2781 1791 2836 1837 et
2874 1782 3145 1837 neminem
3196 1797 3382 1851 eorum
3433 1767 3594 1852 posse

311 1893 438 1934 nem
466 1896 481 1932 :
514 1880 631 1935 hare
656 1887 743 1935 est
775 1856 1065 1935 immobilis
1086 1880 1289 1936 veritas
1327 1877 1818 1949 praedestinationis
1843 1886 1900 1933 et
1926 1863 1975 1924 Β
2002 1856 2363 1949 perire.Quae
2407 1891 2531 1931 cum
2561 1877 2636 1931 ita
2687 1875 2816 1941 sint,
2844 1872 2958 1944 jam
2980 1874 3269 1931 videndum
3298 1882 3381 1929 est
3408 1881 3592 1927 utrum

413 1972 521 2027 tia.

312 1971 704 2119 enim
740 2064 807 2121 ex
834 2065 918 2121 his
941 2080 1063 2137 quae
1081 2064 1317 2121 breviter
1342 2062 1573 2123 debeati
1615 2061 1897 2134 Augustini

202 2188 209 2193 -
310 2155 466 2214 libris
505 2156 856 2229 collegimus,
906 2157 1133 2230 intelligi
1174 2158 1332 2213 datur
1372 2158 1555 2213 omnia
1589 2163 1901 2212 sanctorqu
1944 2182 1953 2191 -

310 2249 476 2317 facta,
509 2251 655 2307 dicta
700 2261 754 2306 et
793 2250 1150 2323 cogitationes
1189 2258 1383 2315 reetaa,
1417 2248 1612 2319 quibus
1661 2246 1901 2303 caelestis

310 2344 465 2415 regni
510 2342 897 2400 beatitudinem
938 2351 1249 2400 mereantur
1287 2343 1557 2414 accipere,
1607 2357 1717 2397 non
1756 2357 1786 2395 a
1819 2355 1903 2397 se-

311 2436 561 2505 metipsis
606 2434 828 2499 habent,
868 2434 962 2491 sed
1008 2436 1181 2507 gratia
1225 2433 1447 2504 superni
1482 2433 1724 2488 muneris
1748 2445 1905 2488 acce-

311 2534 532 2599 perunt,
563 2540 798 2597 cumque
837 2524 1068 2582 liberum
1111 2525 1405 2582 voluntatis
1433 2526 1682 2580 humanae
1710 2523 1782 2579 sit
1819 2538 1906 2577 ar-

314 2618 568 2685 bitrium,
583 2618 858 2674 infirmum
874 2626 1055 2675 tamen
1069 2618 1423 2675 etinvalidum
1437 2625 1520 2673 est
1532 2618 1599 2672 ad
1611 2631 1747 2687 opus
1754 2614 1909 2687 justi-

314 2711 426 2778 tiae,
453 2713 501 2769 si
525 2728 634 2769 non
658 2727 757 2784 per
779 2712 876 2769 Dei
906 2713 1135 2785 gratiam
1155 2711 1393 2768 validum
1419 2711 1516 2766 fiat
1532 2719 1589 2768 et
1609 2711 1767 2776 forte,
1789 2724 1910 2780 qua:

314 2802 415 2860 Dei
440 2804 618 2875 gratia
655 2818 764 2861 non
793 2803 969 2861 solum
990 2803 1341 2875 subsequitur
1363 2818 1480 2867 nos,
1526 2811 1589 2859 ut
1612 2803 1754 2859 bona
1777 2816 1909 2872 qum

389 2970 415 3000 ι
442 2958 529 3014 Ad
552 2958 754 3031 calcem
784 2958 908 3031 libri
935 2959 1094 3031 primi
1142 2948 1257 3031 haec
1280 2957 1557 3031 interserit
1584 2956 1785 3031 _editor
1816 2955 1908 3031 B_i_-

314 3027 604 3113 bliotheca:
630 3030 850 3113 Patrum
880 3026 1258 3113 Lugdunensis
1284 3028 1303 3083 :‘
1338 3048 1372 3113 ’ς
1410 3028 1543 3084 Arn.
1582 3026 1906 3113 Rayinundj,

313 3101 564 3157 notarius
616 3100 903 3173 publicus,
964 3099 1082 3156 viso
1124 3099 1373 3173 originali
1435 3099 1807 3168 manuscripto
1857 3099 1911 3152 in

313 3168 613 3231 Lobbienei
667 3170 915 3228 emnobio
932 3209 951 3238 ,
1010 3180 1067 3227 et
1113 3187 1211 3243 per
1259 3185 1347 3227 me
1403 3169 1471 3225 ad
1521 3170 1737 3241 longum
1794 3166 1910 3225 col-

2001 1968 2128 2023 mali
2157 1966 2523 2037 prtedestinati
2552 1966 2660 2021 sint
2708 1966 2774 2021 ad
2803 1979 3020 2036 pmnam
3045 1980 3059 2019 :
3092 1965 3186 2020 sed
3208 1980 3332 2019 cum
3362 1979 3429 2019 ex
3455 1978 3592 2033 pra:-

2005 2056 2371 2113 destinatione
2401 2065 2711 2111 sanctorum
2736 2056 2840 2110 hoc
2868 2053 3025 2110 facile
3045 2054 3216 2131 possit
3241 2053 3442 2126 colligi,
3464 2054 3593 2123 quia

2004 2149 2049 2204 si
2090 2148 2303 2203 illorum
2333 2155 2481 2203 certa
2525 2156 2610 2204 est
2659 2145 3084 2217 praedestinatio,
3139 2153 3195 2199 et
3228 2159 3389 2200 nemo
3417 2151 3599 2215 potest

2002 2237 2183 2311 perire
2207 2238 2519 2302 electorum,
2553 2235 2797 2306 sequitur
2819 2234 3070 2289 utetiam
3124 2233 3474 2311 reproborum
3503 2233 3598 2289 de—

2006 2330 2156 2387 finita
2198 2328 2384 2399 procul
2423 2327 2584 2384 dubio
2630 2328 2703 2382 sit
2739 2325 3182 2398 praedestinalio:
3215 2340 3411 2395 neque
3448 2314 3594 2381 enim

2006 2422 2103 2499 Dei
2131 2422 2435 2492 dispositio,
2461 2436 2583 2491 quae
2615 2428 2926 2476 sanctorum
2973 2433 3258 2474 numerum
3284 2418 3359 2472 ita
3389 2417 3596 2472 consti-

2009 2518 2110 2573 tuit
2160 2525 2221 2571 ut
2257 2531 2417 2572 nemo
2470 2530 2539 2571 ex
2568 2515 2666 2578 eis
2716 2513 2896 2585 perire
2938 2511 3131 2583 possit,
3180 2528 3288 2568 non
3335 2514 3499 2567 etiam
3531 2512 3598 2567 de

2008 2609 2255 2682 reprobis
2302 2607 2505 2679 aliquid
2552 2606 2811 2679 judicavit
2839 2623 2854 2673 ;
2886 2589 2982 2662 sed
3022 2603 3152 2676 quid
3200 2620 3268 2659 ex
3315 2605 3419 2659 hoc
3455 2619 3587 2658 san-

2009 2710 2222 2759 ctorum
2271 2700 2414 2757 dicta
2471 2698 2764 2769 loquantur
2798 2696 3047 2768 sequenti
3105 2694 3284 2751 libello
3330 2703 3596 2752 monstra-
3682 2724 3703 2737 ι

2009 2796 2156 2851 bitur
2175 2807 2224 2849 ε.

2011 2960 2141 3025 lato,
2173 2966 2343 3015 testor
2397 2961 2716 3030 praesentem
2750 2953 2963 3030 copiam
2991 2951 3058 3009 de
3084 2948 3598 3030 verbo-adverbum.

2013 3017 2357 3155 6558;186:183“!
2399 3017 2652 3099 originali
2697 3017 3050 3083 conformem.
3089 3021 3208 3078 Hac
3236 3021 3271 3077 4
3315 3017 3599 3076 Februarii

2012 3118 2138 3156 (ιηηι
2305 3138 2319 3153 ο
2352 3118 2370 3151 1

332 3377 3561 3419 W

1190 3651 1197 3657 .
1276 3562 1806 3653 PRIEFATIO
1865 3559 2141 3641 LIBRI
2203 3557 2643 3640 SECUNDI

1615 3789 1699 3831 ΔΙ)
1734 3780 2029 3830 οΑιιοιυΜ
2063 3779 2301 3824 REGEM.

391 4103 691 4177 Superiore
712 4099 913 4166 libello,
934 4112 1031 4154 rex
1059 4095 1328 4169 religiose,
1355 4108 1461 4165 qua
1484 4092 1627 4149 valui
1650 4091 1915 4149 brevitate
1940 4094 1987 4158 C
2018 4087 2220 4143 nostris
2245 4084 2450 4150 verbis,
2477 4082 2572 4140 sed
2610 4091 2923 4139 sanctorum
2966 4081 3127 4138 dictis
3154 4082 3592 4141 monstravimus.

315 4205 636 4255 sanctorum
689 4190 834 4248 dicta
880 4186 1197 4260 decerpens,
1253 4186 1460 4258 aperui,
1510 4199 1609 4256 pro
1652 4184 1911 4255 qualitate

319 4287 522 4362 ingenii
545 4284 743 4352 nostri,
774 4283 944 4354 quod
970 4282 1151 4339 omnia
1178 4281 1375 4338 divinis
1423 4288 1652 4352 agantur
1691 4279 1911 4349 dispen-

317 4382 672 4447 sationibus;
700 4390 757 4437 et
782 4378 914 4434 licet
936 4376 1244 4447 iniquorum
1267 4389 1449 4446 pravae
1478 4373 1587 4429 sint
1609 4371 1912 4428 voluntates

316 4483 378 4532 et
422 4473 666 4529 actiones
711 4483 1000 4541 perversae,
1053 4481 1394 4538 nequaquam
1441 4472 1623 4520 tamen
1670 4460 1913 4535 eﬂ‘ugere

317 4572 554 4639 possunt
579 4561 887 4618 divinorum
910 4557 1370 4628 dispensationem
1409 4554 1774 4626 iudiciorum:
1820 4552 1914 4608 sed

320 4658 469 4714 unde
496 4656 607 4711 Deo
635 4653 1012 4717 adversantur,
1036 4650 1161 4705 inde
1190 4649 1336 4704 illius
1361 4646 1623 4703 voluntati
1650 4644 1909 4701 serviunt.

322 4748 463 4805 Hinc
484 4760 701 4820 quoque
721 4742 1090 4809 manifestum,
1117 4749 1376 4813 quantum
1405 4740 1700 4803 credimus,
1731 4737 1915 4794 elicuit

320 4844 451 4914 quia
496 4854 602 4896 non
633 4838 804 4895 solum
832 4852 952 4907 qua!
996 4843 1141 4901 sunt,
1183 4834 1279 4891 sed
1313 4841 1369 4891 et
1396 4848 1517 4904 quae
1566 4831 1743 4887 futura
1790 4838 1915 4885 sunt

321 4935 608 5006 dispensat
658 4929 896 4985 caelestis
933 4926 1220 4998 sapientia,
1266 4933 1322 4980 et
1369 4922 1791 4994 unumquodque
1845 4920 1915 4977 ad

320 5037 481 5080 suam
513 5021 676 5077 tinem
697 5016 962 5090 perducit,
988 5032 1095 5072 non
1123 5015 1294 5072 solum
1319 5014 1507 5077 bonos,
1540 5028 1727 5068 verum
1749 5011 1914 5066 etiam

320 5114 521 5181 malos,
544 5113 840 5170 secundum
878 5112 1023 5182 quod
1070 5117 1197 5165 ante
1232 5108 1426 5165 saecula
1454 5106 1782 5163 artem-aliter
1805 5104 1912 5161 dis-

321 5209 528 5282 posuit,
579 5206 894 5263 moderatur
940 5212 996 5260 et
1051 5203 1200 5275 agit;
1251 5210 1306 5256 et
1334 5201 1475 5256 sicut
1504 5196 1621 5255 non"
1660 5207 1743 5254 est
1774 5212 1911 5255 nova

300 5296 585 5373 cogitatio
612 5297 756 5369 apud
784 5294 978 5361 Deum,
1026 5296 1101 5350 ita
1154 5308 1256 5349 nec
1282 5306 1478 5348 novum
1522 5290 1826 5354 consilium,
1857 5300 1914 5345 et

294 5394 456 5466 quid
476 5392 545 5448 de
600 5388 825 5460 singulis
853 5396 1068 5459 agatur,
1120 5386 1175 5441 in
1214 5393 1415 5440 aeterna
1463 5382 1729 5453 sapientia
1769 5381 1912 5438 illius

2019 4181 2277 4253 Superest
2328 4194 2471 4236 nunc
2522 4186 2583 4233 ut
2632 4178 2698 4233 de
2740 4177 3211 4248 prmdestinatione
3262 4177 3596 4250 iniquorum,

2012 4273 2166 4345 juxta
2201 4272 2344 4343 quod
2387 4267 2788 4342 magnificentia
2818 4276 2998 4324 vestra
3050 4266 3268 4338 dignata
3312 4276 3395 4323 est
3445 4269 3598 4324 nobis

2018 4363 2317 4434 injungere,
2351 4369 2663 4416 sanctorum
2689 4359 2831 4415 dicta
2852 4356 3099 4428 exempla
3122 4357 3436 4429 colligamus
3460 4376 3474 4414 :
3506 4359 3598 4415 ubi

1996 4460 2183 4515 etiam
2224 4458 2290 4513 de
2315 4449 2625 4512 sanctorum
2656 4452 3128 4524 prmdestinatione
3176 4452 3384 4523 pariter
3409 4454 3596 4524 loque-

2017 4563 2161 4604 mur.
2218 4546 2348 4615 Quae
2399 4561 2520 4602 cum
2576 4544 2779 4601 fuerint
2805 4560 2835 4598 a
2873 4543 3030 4600 nobis
3058 4541 3331 4613 explicita,
3363 4543 3601 4598 breviter

2019 4638 2231 4709 aperire
2250 4636 2573 4693 conabimur
2592 4633 3041 4705 quemadmodum
3089 4647 3213 4688 eum
3239 4632 3379 4687 Deus
3427 4632 3599 4688 malos

2019 4731 2429 4805 praedestinatos
2452 4728 2652 4784 habent
2684 4727 2749 4782 ad
2780 4740 3019 4796 pmnam,
3070 4739 3176 4779 non
3204 4732 3381 4778 tamen
3409 4731 3599 4779 auctor

1996 4822 2091 4878 ‘sit
2119 4822 2408 4887 malorum,
2443 4835 2544 4876 nec
2570 4820 2640 4874 sit
2683 4817 2974 4873 voluntatis
3001 4815 3118 4886 ejus
3143 4813 3377 4886 perditio
3407 4814 3601 4886 impio-

2021 4928 2177 4969 rum:
2208 4931 2229 4965 ι
2263 4912 2365 4980 Qui
2386 4925 2575 4967 omnes
2609 4909 2858 4965 homines
2888 4907 3001 4961 vult
3028 4906 3257 4972 salvare,
3283 4913 3339 4962 et
3362 4905 3428 4961 ad
3454 4906 3600 4980 agni-

2020 5010 2222 5063 tionem
2250 5002 2496 5061 veritatis
2534 5001 2721 5057 venire
2757 5000 2807 5071 (I
2835 4999 2968 5054 Tim.
2994 5014 3054 5065 u,
3076 4997 3153 5071 4).
3186 5018 3204 5051 ι
3237 4996 3599 5055 Obsecramus

2020 5104 2201 5151 autem
2232 5092 2606 5150 celsitudinem
2636 5088 2933 5158 majestatis
2956 5098 3169 5152 vestrae,
3203 5096 3263 5144 ut
3294 5088 3340 5144 si
3387 5088 3517 5160 quid
3543 5089 3598 5143 in

2021 5189 2216 5243 litteris
2244 5187 2442 5242 nostris
2470 5185 2612 5255 qubd
2647 5184 2801 5238 vobis
2847 5181 3204 5252 displicuerit,
3260 5181 3596 5246 inveneritis,

2021 5279 2445 5336 misericorditer
2472 5275 2778 5347 corrigatis,
2803 5262 3066 5345 nobisque
3092 5273 3410 5345 corrigenda
3438 5273 3600 5344 signi-

2021 5373 2185 5429 ﬁcare
2211 5385 2317 5426 non
2368 5367 2729 5440 dedignemiui
2775 5385 2788 5422 :
2843 5366 2926 5421 vel
2979 5366 3023 5421 si
3071 5366 3193 5436 quis
3238 5365 3602 5437 deprehensor

321 5457 648 5557 dispositum
678 5457 854 5536 estet
893 5457 1310 5534 immutabiliter'
1340 5474 1780 5532 determinatum.
1813 5472 1915 5530 Os-
1945 5496 1993 5557 ι)
2019 5463 2289 5520 exstiterit
2313 5476 2523 5525 earum,
2554 5460 2712 5517 detur
2769 5460 2924 5557 nobis
2952 5457 3284 5557 defensionis
3326 5457 3493 5523 locus,
3542 5467 3603 5513 ut

321 5575 600 5632 tendimus
628 5572 791 5628 etiam
815 5569 1343 5641 praedestinationem
1390 5575 1700 5623 sanctorum
1730 5566 1912 5622 divina

310 5646 511 5740 ’gratia’
532 5663 671 5736 regi,
692 5676 795 5719 nec
817 5659 1111 5719 electorum
1132 5665 1424 5716 numerum
1447 5667 1539 5713 aut
1558 5672 1716 5729 posse
1738 5654 1907 5713 minui

311 5751 422 5815 ’θυι
444 5755 689 5814 vacillari
715 5751 733 5810 ἑ
761 5754 854 5812 sed
900 5755 1044 5810 sicut
1069 5761 1194 5809 ante
1225 5751 1423 5809 saecula
1451 5750 1606 5807 electi
1641 5761 1787 5816 sunt,
1834 5750 1908 5805 ita

312 5835 518 5909 rcorum
548 5849 740 5907 electio
782 5847 1097 5904 inconvulsa
1149 5844 1408 5913 manebit,
1446 5860 1564 5917 qua:
1589 5845 1769 5901 omnia
1801 5859 1905 5899 nou

616 5942 881 6004 Parnm»
928 5938 1153 6002 CXXI.

2019 5556 2104 5612 vel
2128 5554 2536 5626 acquiescamus
2575 5551 2720 5624 juste
2744 5548 3178 5622 reprehendenti,
3202 5547 3287 5604 vel
3311 5550 3602 5605 conﬁrme-

2019 5664 2140 5705 mus
2168 5664 2288 5720 qua:
2316 5661 2457 5720 vera‘
2487 5643 2688 5699 fuerint
2732 5643 2896 5708 dicta,
2953 5650 3300 5713 vestramque
3342 5642 3599 5712 pietatem

2016 5745 2162 5800 circa
2189 5740 2545 5798 humilitatem
2573 5747 2812 5796 nostram
2836 5751 3050 5807 semper
3070 5750 3375 5792 mereamur
3398 5736 3597 5790 habere

2015 5835 2320 5909 propitiam.
