4088 6344
513 390 573 443 ιτς
1552 387 1903 445 ιιΑτΒΑΜΝι
1942 376 2387 442 conBEIENSIs‘
2425 371 2730 437 nomen]
3705 360 3777 417 44

527 586 3775 636 ,__.___________________________________________.

1659 781 1958 863 LIBER
2052 775 2609 891 SECUNDUS.

1694 959 1780 1012 DE
1817 952 2427 1010 PREDESTINATIONE
2449 949 2580 1004 DEI.

580 1249 881 1323 Antequam
911 1249 977 1304 de
1001 1244 1267 1302 malorum
1283 1237 1756 1314 pmdestinatione
1777 1235 2085 1305 loquamur,
2114 1233 2165 1294 A
2192 1244 2305 1286 rem
2352 1245 2463 1286 non
2506 1231 2896 1289 contemnendo
2944 1239 3090 1300 sunt,
3135 1244 3264 1288 oves
3300 1236 3403 1302 per
3446 1231 3647 1288 ostium
3684 1231 3813 1289 in--

508 1343 637 1415 quid
670 1342 742 1397 sit
770 1335 1193 1412 praedeStinatlo,
1216 1330 1360 1388 beati
1384 1328 1670 1401 Augustini
1699 1325 1858 1381 dictis
1890 1324 2088 1415 docea-

513 1414 651 1491 mus.
700 1432 791 1488 Ait
831 1431 975 1486 enim
1022 1425 1349 1498 Augustinus
1394 1436 1419 1463 ι
1461 1421 1600 1475 libro
1636 1418 1705 1473 de
1734 1414 2091 1471 Predestina-

512 1529 656 1584 tione
704 1541 720 1581 :
757 1517 1190 1597 [Praedestinatio
1237 1515 1434 1586 quippe
1465 1528 1496 1566 a
1535 1507 1909 1582 praemitteudo
1950 1504 2088 1597 ςυι..

511 1593 875 1689 praevidendo)
910 1620 965 1666 et
986 1605 1362 1680 prmveniendo
1396 1602 1482 1658 vel
1512 1597 1920 1689 praeordinando
1943 1593 2090 1689 futui

514 1682 630 1763 rum
677 1682 878 1777 aliquid
912 1697 1153 1772 dicitur.]
1201 1696 1405 1764 Quibus
1452 1692 1630 1749 verbis
1673 1688 1907 1745 ostendit
1951 1682 2095 1777 quod

513 1775 814 1873 praemissio
837 1803 893 1850 et
911 1790 1310 1866 praeordinatio,
1336 1788 1451 1842 sive
1479 1783 1791 1855 praeventio,
1820 1775 2095 1873 praedesti-

513 1871 660 1951 natio
685 1891 776 1954 sit,
800 1896 857 1945 et
876 1888 930 1942 in
960 1885 1140 1941 verbis
1165 1882 1397 1943 differre,
1425 1894 1583 1934 sensu
1608 1888 1866 1953 vero_non
1890 1871 2096 1927 discre—

511 1997 660 2056 pare.
710 1982 776 2036 Et
800 1976 1113 2051 Fulgentius
1142 1975 1196 2029 in
1221 1972 1358 2027 libro
1393 1972 1459 2025 de
1503 1964 1999 2056 Praadestinatione‘
2020 1961 2097 2017 ita

511 2053 587 2131 ait
615 2070 882 2144 (Fulgent.
923 2066 991 2121 ad
1024 2065 1313 2121 Monimum
1344 2062 1408 2115 de
1445 2061 1648 2131 gemina
1682 2057 1959 2120 Prwdest.,
1988 2053 2023 2107 l.
2054 2068 2094 2118 I,

510 2168 633 2234 'cap.
683 2160 777 2232 20)
814 2156 1065 2231 :[Neqne
1096 2153 1236 2208 enim
1272 2160 1359 2207 est
1388 2150 1490 2205 alia
1549 2148 1642 2203 Dei
1674 2144 2094 2216 prmdestinatio,
2140 2166 2147 2173 ~

515 2254 617 2309 nisi
652 2251 950 2307 futurorum
984 2260 1205 2316 operum
1235 2244 1351 2314 ejus
1384 2250 1587 2297 aeterna
1617 2234 1983 2310 praeparatio.]
2032 2235 2099 2290 Et

518 2322 607 2400 hic
670 2338 1115 2413 praeparationem
1166 2331 1691 2405 przedestinationem
1736 2327 2032 2384 nominavit
2079 2344 2093 2381 :

515 2435 737 2506 proinde
787 2433 901 2488 sive
938 2427 1383 2501 praeparationem
1423 2424 1535 2480 sive
1569 2420 2098 2494 praedestinationem

514 2542 568 2581 In
626 2532 937 2581 sanctorum
987 2518 1146 2574 dictis
1194 2516 1426 2586 positum
1474 2510 1879 2575 invenerimus,
1930 2521 2099 2562 unum

2191 1324 2382 1380 trando
2401 1331 2543 1387 sunt,
2568 1338 2696 1380 oves
2716 1324 2962 1381 exeundo
2982 1332 3038 1381 et
3057 1338 3256 1395 pascua
3276 1324 3597 1381 inveniendo
3617 1332 3784 1389 sunt,

2190 1429 2318 1470 oves
2366 1423 2565 1470 aeterna
2612 1416 2719 1470 vita
2760 1414 3085 1486 perfruende
3130 1422 3272 1472 sunt.
3322 1415 3604 1485 Quomodo
3641 1430 3790 1489 ergo

2193 1505 2313 1561 istis
2335 1505 2469 1561 dixit
2495 1523 2509 1560 :
2540 1516 2562 1557 ι
2595 1504 2708 1562 Non
2747 1507 2879 1563 estis
2907 1522 2974 1563 ex
3015 1507 3206 1563 ovibus
3238 1506 3413 1563 meis?
3438 1524 3459 1559 ι
3514 1506 3655 1581 Quia
3697 1509 3789 1563 vi-

2194 1598 2355 1654 debat
2387 1612 2482 1654 eos
2519 1598 2586 1654 ad
2615 1600 2998 1670 sempiternum
3030 1600 3306 1656 interitum
3339 1600 3787 1671 pmdestinatos,

2196 1703 2300 1744 non
2337 1689 2405 1743 ad
2445 1689 2611 1744 vitam
2639 1697 2895 1744 aeternam
2929 1690 3013 1745 sui
3047 1690 3322 1761 sanguinis
3354 1691 3529 1761 pretio
3558 1706 3794 1763 compa-

2195 1777 2386 1852 ratos].
2418 1779 2547 1834 Item
2572 1778 2841 1836 inferius:
2878 1797 2899 1832 ι
2932 1779 3106 1836 Vitam
3139 1789 3396 1837 aeternam
3435 1776 3577 1837 dabo
3611 1783 3727 1843 eis.
3760 1798 3783 1834 ι

2196 1873 2250 1927 id
2277 1880 2364 1929 est
2393 1874 2774 1945 ovibus‘meis,
2808 1891 2829 1926 ι
2857 1882 2912 1929 et
2942 1886 3048 1929 non
3077 1874 3332 1945 peribunt
3356 1873 3411 1929 in
3434 1882 3727 1930 teter-nuru.
3762 1894 3786 1927 ι

2199 1963 2504 2030 Subaudis,
2557 1940 2812 2034 tanquam
2872 1965 2952 2021 eis
3000 1940 3241 2021 dixerit:
3280 1966 3383 2022 Vos
3430 1966 3679 2037 peribitis
3727 1969 3787 2024 in

2197 2063 2484 2121 aeternum,
2511 2056 2636 2124 quia
2664 2070 2771 2111 non
2807 2056 2939 2112 estis
2964 2068 3032 2112 ex
3068 2057 3259 2112 ovibus
3293 2058 3448 2113 meis.
3492 2074 3516 2110 ί
3548 2056 3666 2114 Non
3697 2076 3793 2116 ra-

2197 2148 2309 2218 piet
2332 2160 2427 2202 eas
2451 2147 2736 2217 quisquam
2772 2149 2839 2203 de
2876 2162 3041 2203 manu
3088 2160 3225 2204 mea.
3263 2168 3283 2201 ι
3325 2147 3589 2205 lntentius
3630 2152 3791 2207 acci—

2196 2237 2311 2307 pite
2341 2254 2356 2292 :
2388 2256 2407 2288 ι
2440 2235 2602 2291 Pater
2640 2251 2791 2293 meus
2818 2238 2961 2307 quod
2994 2238 3141 2292 dedit
3166 2238 3300 2292 mihi
3339 2239 3513 2309 majus
3536 2248 3626 2294 est
3654 2254 3790 2295 om-

2201 2329 2377 2386 nibus.
2408 2347 2429 2382 »
2478 2329 2621 2397 Quid
2654 2338 2832 2400 potest
2858 2330 3033 2401 lupus,
3062 2330 3190 2400 quid
3213 2339 3394 2400 potest
3414 2329 3501 2384 fur
3528 2339 3584 2386 et
3606 2330 3793 2386 latro?

2200 2419 2317 2475 Non
2364 2420 2596 2490 perdunt
2643 2419 2746 2475 nisi
2790 2420 2858 2474 ad
2901 2420 3174 2475 interitum
3220 2419 3646 2489 predestinatos.
3708 2422 3793 2477 De

2190 2511 2307 2566 illis
2328 2521 2510 2566 autem
2535 2511 2728 2567 ovibus
2751 2511 2820 2566 de
2843 2510 3038 2580 quibus
3065 2511 3197 2567 dicit
3221 2509 3542 2582 Apostolus:
3571 2531 3593 2564 ε
3619 2511 3793 2570 Novit

518 2615 768 2682 idemque
796 2606 1087 2682 signiﬁcari
1112 2583 1388 2660 docentur.
1438 2601 1507 2656 Et
1531 2600 1597 2657 de
1624 2597 2096 2672 praedestinatione
2122 2583 2172 2644 Β
2199 2599 2459 2656 Dominus
2485 2602 2575 2672 qui
2599 2609 2725 2657 sunt
2752 2600 2869 2672 ejus
2893 2599 2983 2672 (II
3006 2599 3140 2656 Tim.
3169 2617 3228 2667 ιι,
3257 2601 3379 2673 I9);
3408 2618 3430 2654 δ
3464 2610 3522 2658 et
3546 2620 3559 2657 :
3588 2618 3609 2654 ι
3628 2600 3792 2670 Quos

517 2706 591 2759 ita
644 2698 968 2757 venerabilis
1025 2696 1214 2751 doctor
1268 2692 1597 2764 Augustinus
1647 2691 1701 2745 in
1750 2687 2098 2758 Expositione

516 2793 779 2866 evangelii
817 2789 1040 2866 Joannis
1069 2787 1244 2859 (tract.
1275 2786 1387 2855 xiv)
1422 2783 1551 2839 dicit
1580 2799 1594 2836 :
1629 2780 1650 2855 [
1685 2802 1701 2833 ι
1738 2780 1839 2848 Qui
1867 2780 1934 2834 de
1956 2777 2096 2834 coelo

523 2886 667 2942 venit
701 2896 863 2953 supra
890 2894 1079 2936 omnes
1105 2888 1189 2933 est
1213 2894 1228 2939 ;
1258 2885 1312 2931 et
1342 2876 1484 2945 quod
1518 2874 1653 2928 vidit
1680 2882 1735 2927 et
1763 2870 1968 2926 audivit
1994 2870 2099 2925 hoc

522 2982 779 3037 testatur;
818 2967 1182 3025 testimonium
1209 2965 1325 3035 ejus
1352 2978 1509 3018 nemo
1537 2962 1763 3032 accepit.
1793 2979 1812 3012 ι
1835 2959 1893 3014 Si
1914 2974 2095 3025 nemo,

524 3073 582 3117 ut
610 3046 738 3134 quid
766 3057 947 3115 venit?
990 3052 1354 3124 Quorumdam
1391 3052 1520 3123 ergo
1552 3066 1728 3106 nemo.
1756 3050 1852 3105 Est
1879 3050 2098 3119 quidam

522 3153 747 3225 populus
776 3158 1108 3223 praeparatus
1136 3147 1200 3201 ad
1234 3147 1371 3201 iram
1420 3145 1546 3209 Dei,
1599 3140 1934 3197 damnandus
1974 3157 2098 3195 cum

525 3243 738 3300 diabolo
773 3243 1004 3297 :horum
1032 3254 1189 3293 nemo
1227 3236 1435 3306 accepit
1480 3233 1844 3290 testimonium
1875 3231 2095 3287 Christi.

525 3335 663 3391 Nam
688 3335 737 3390 si
768 3332 990 3389 omnino
1016 3345 1208 3395 nemo,
1244 3327 1421 3384 nullus
1447 3329 1627 3383 homo.
1680 3324 1819 3394 Quid
1845 3333 1928 3380 est
1956 3323 2100 3394 quod

526 3425 810 3498 sequitur?
850 3442 869 3475 ι
898 3422 1000 3490 Qui
1041 3421 1247 3491 accepit
1283 3419 1643 3475 testimonium
1690 3415 1822 3486 ejus,
1871 3416 2102 3487 signavit

523 3519 650 3590 quia
679 3518 819 3572 Deus
846 3530 1012 3570 verax
1038 3520 1141 3568 est.
1175 3532 1193 3565 ι
1258 3510 1417 3567 Certe
1455 3524 1585 3581 ergo
1624 3524 1732 3564 non
1762 3524 1938 3572 nemo,
1968 3508 2011 3562 si
2043 3515 2099 3561 tu

525 3608 641 3679 ipse
665 3606 801 3662 dicis
829 3622 843 3659 :
881 3623 899 3655 ι
929 3603 1030 3670 Qui
1058 3601 1265 3671 accepit
1300 3599 1665 3655 testimonium
1704 3597 1840 3666 eius,
1870 3597 2101 3667 signavit

456 3728 463 3734 -
526 3698 651 3769 quia
697 3698 836 3752 Deus
884 3710 1046 3749 verax
1094 3702 1193 3748 est,
1228 3714 1244 3743 ι
1296 3691 1670 3768 ,Respnmleret
1703 3706 1831 3768 (λιες)
1874 3690 2102 3752 fortasse

526 3791 886 3864 interrogatus
911 3785 1165 3855 Joannes,
1198 3800 1253 3843 et
1280 3791 1515 3843 diceret:
1542 3787 1675 3844 Novi
1698 3789 1827 3858 quid
1852 3787 2099 3852 dixerim,

2196 2692 2486 2763 pmscivit,
2514 2693 2660 2763 ipsos
2684 2701 2742 2748 et
2761 2692 3186 2764 praedestinavit;
3210 2706 3346 2764 quos
3371 2703 3549 2750 autem
3572 2696 3792 2767 praede-

2192 2783 2438 2847 stinavit,
2468 2784 2616 2854 ipsos
2636 2791 2701 2839 et
2728 2784 2941 2840 vocavit
2962 2798 3136 2854 :quos
3163 2793 3343 2840 autem
3376 2786 3609 2852 vocavit,
3660 2784 3789 2844 illos

2199 2883 2254 2930 et
2276 2874 2622 2946 justilicavit;
2654 2889 2789 2945 quos
2811 2882 2992 2930 autem
3024 2875 3363 2945 justiﬁeavit,
3392 2875 3513 2931 illos
3536 2884 3591 2930 et
3610 2876 3788 2948 glori-

2201 2966 2381 3023 ﬁcavit
2403 2964 2573 3039 (Rom.
2605 2956 2839 3034 “11,29,
2864 2965 2988 3035 50):
3012 2985 3031 3019 ι
3061 2966 3127 3021 de
3146 2965 3337 3022 ovibus
3358 2966 3477 3022 istis
3497 2981 3597 3021 nec
3622 2966 3790 3039 lupus

2203 3058 2366 3126 rapit,
2407 3072 2507 3113 nec
2547 3056 2633 3113 fur
2673 3057 2830 3124 tollit,
2887 3073 2987 3113 nec
3037 3057 3178 3113 latro
3224 3056 3496 3113 interﬁcit.
3544 3058 3789 3117 Securus

2192 3154 2285 3202 est
2309 3147 2375 3202 de
2396 3162 2625 3202 numero
2651 3162 2859 3212 earum,
2895 3149 2986 3217 qui
3012 3163 3111 3217 pro
3148 3147 3229 3203 eis
3264 3148 3414 3204 novit
3441 3149 3586 3220 quod
3606 3149 3784 3207 dediti

2204 3238 2270 3292 Et
2296 3238 2400 3292 hoc
2426 3246 2510 3291 est
2539 3237 2681 3306 quod
2717 3237 2829 3291 ait:
2860 3256 2879 3288 ι
2910 3235 3026 3291 Νοη
3065 3237 3236 3307 rapiet
3261 3252 3356 3292 eas
3384 3239 3668 3308 quisquam
3713 3241 3787 3297 de

2202 3344 2364 3383 manu
2398 3342 2549 3393 mea;
2579 3346 2597 3379 ι
2626 3337 2681 3383 et
2710 3327 2839 3383 item
2866 3328 2932 3383 ad
2950 3327 3165 3383 Patrem
3192 3346 3204 3382 :
3239 3348 3256 3376 ι
3282 3327 3446 3391 Pater
3458 3342 3619 3391 meus
3637 3337 3789 3404 quod

2203 3418 2350 3472 dedit
2378 3418 2509 3472 mihi
2550 3416 2726 3486 majus
2766 3416 3016 3479 omnibus
3042 3428 3128 3480 est
3171 3424 3352 3497 (Joun.
3390 3442 3467 3491 xi,
3492 3425 3581 3492 28,
3610 3424 3728 3496 29).
3759 3445 3782 3482 ι

2273 3508 2339 3562 Et
2371 3508 2461 3563 hic
2497 3519 2554 3563 el
2594 3510 2845 3586 superills
2891 3519 3015 3572 dum
3056 3518 3148 3587 qui
3187 3533 3294 3573 non
3335 3526 3460 3573 sunt
3493 3533 3560 3574 ex
3590 3517 3787 3576 ovibus

2176 3600 2425 3672 'L‘ln‘isti,
2452 3609 2823 3663 admterit‘um
2867 3609 2997 3665 dicit
3034 3617 3386 3680 praeparatos,
3433 3611 3666 3666 ostendit
3687 3625 3787 3680 ge-

2206 3700 2403 3753 minam
2432 3712 2551 3754 esse
2577 3700 3139 3770 praedestinationem;
3180 3701 3306 3770 quia
3351 3710 3404 3755 et
3444 3702 3613 3756 sancti
3642 3716 3787 3771 prae-

2205 3789 2454 3844 destinati
2482 3798 2610 3845 sunt
2629 3789 2696 3843 ad
2725 3790 2914 3857 vitam,
2944 3799 2999 3845 et
3025 3791 3117 3861 qui
3155 3791 3211 3845 in
3248 3793 3483 3862 peccatis
3510 3792 3624 3847 suis
3652 3807 3785 3863 per-

532 3883 718 3939 Nemo.
777 3882 873 3936 Est
918 3881 1060 3935 enim
1106 3880 1322 3949 quidam
1367 3878 1594 3949 populus
1650 3887 1808 3933 natus
1855 3879 1919 3933 ad
1965 3879 2104 3932 iram
2141 3947 2171 3951 Α
2205 3879 2499 3934 severaturi
2528 3887 2673 3944 sunt,
2699 3881 2767 3934 ad
2796 3881 3092 3936 interitum.
3141 3881 3273 3937 Item
3303 3882 3357 3936 in
3383 3882 3571 3937 eodem
3601 3880 3782 3951 (tract.

527 3975 643 4039 Dei,
671 3983 725 4030 et
745 3974 813 4029 ad
840 3974 940 4028 hoc
963 3947 1339 4043 praecognitus.
1370 3947 1483 4040 Qui
1514 3972 1622 4027 sint
1649 3973 1794 4027 enim
1820 3971 2098 4037 credituri,
2127 3947 2173 4012 ο
2204 3969 2328 4039 xnv)
2359 3987 2372 4022 :
2406 3968 2489 4042 [Si
2511 3969 2763 4026 catholici
2792 3970 2977 4027 ﬁdeles
3000 3984 3175 4038 erant,
3207 3987 3334 4029 oves
3356 3980 3541 4040 erant;
3575 3947 3623 4027 si
3650 3987 3787 4030 oves

525 4078 582 4125 et
603 4068 694 4138 qui
720 4083 826 4124 non
851 4067 961 4123 sint
978 4067 1258 4130 credituri,
1287 4068 1438 4121 novit
1465 4067 1633 4131 Deus;
1659 4066 1753 4136 qui
1786 4065 1894 4120 sint
1915 4080 2102 4136 perse-
2201 4069 2379 4128 erant,
2402 4061 2675 4131 quomodo
2698 4077 2884 4118 vocem
2909 4063 3070 4119 alieni
3101 4064 3289 4120 audire
3310 4064 3633 4135 potuerunt?
3654 4080 3787 4123 eum

526 4160 766 4217 venturi
784 4160 845 4215 in
875 4173 941 4215 eo
966 4160 1110 4229 quod
1134 4158 1499 4222 crediderunt,
1531 4168 1589 4213 et
1614 4158 1704 4229 qui
1750 4157 1863 4212 sint
1902 4155 2103 4227 lapsuri

530 4253 678 4307 novit
707 4253 849 4306 Deus
878 4267 896 4305 :
927 4262 985 4307 et
1018 4251 1285 4306 numerati
1331 4259 1457 4306 sunt
1493 4250 1602 4306 Deo
1639 4266 1828 4306 omnes
1853 4248 2017 4305 futuri
2049 4250 2104 4304 in

531 4343 695 4398 vitam
724 4350 1020 4409 aeternam;
1049 4351 1103 4397 et
1129 4342 1281 4397 novit
1304 4341 1417 4412 jam
1443 4341 1694 4409 populum
1721 4340 1871 4395 illum
1909 4339 2103 4397 distin-

530 4441 699 4488 ctum.
734 4432 803 4487 Et
827 4431 875 4487 si
904 4431 1019 4502 ipse
1047 4431 1216 4497 novit,
1245 4439 1301 4486 et
1335 4430 1612 4501 prophetis
1642 4430 1789 4486 dedit
1821 4444 1979 4485 nosse
2008 4444 2106 4499 per

532 4522 796 4593 Spiritum
819 4537 997 4588 suum,
1021 4523 1167 4579 dedit
1190 4531 1246 4578 et
1270 4521 1485 4579 Joanni.
1521 4520 1654 4577 Cum
1677 4522 1821 4577 enim
1858 4521 2105 4592 superius

536 4612 722 4669 multis
768 4611 1090 4668 testimoniis
1137 4619 1496 4667 monstratum
1532 4610 1599 4665 sit
1638 4619 1947 4666 sanctorum
1988 4624 2110 4667 esse

531 4701 1080 4774 prmdestinationem,
1110 4711 1164 4757 et
1193 4716 1337 4756 nunc
1359 4701 1555 4756 dicitur
1581 4718 1594 4754 :
1628 4701 1844 4771 quidam
1882 4699 2112 4771 populus

530 4803 865 4863 praeparatus
889 4792 955 4848 ad
984 4791 1121 4846 iram
1150 4790 1245 4845 Dei
1272 4791 1609 4847 damnandus
1639 4807 1762 4847 cum
1793 4791 2025 4856 diabolo,
2057 4800 2114 4853 et

529 4884 857 4953 praeparatio
884 4882 1283 4955 pmdestinatio
1317 4884 1407 4949 sit,
1439 4883 1580 4938 sicut
1612 4884 1858 4954 superius
1902 4884 2113 4954 patefa-

534 4979 683 5027 ctum
709 4981 813 5039 est,
850 4980 1184 5030 monstratur
1206 4986 1328 5029 esse
1354 4973 1565 5045 gemina
1595 4973 2013 5043 praedestinatio,
2060 4973 2115 5029 id

535 5071 622 5120 est
643 5072 701 5120 et
731 5078 918 5120 eorum
949 5064 1042 5134 qui
1064 5065 1329 5119 numerati
1356 5077 1482 5121 sunt
1509 5064 1652 5131 Deo,
1677 5073 1731 5120 et
1751 5065 2022 5135 pertinent
2047 5065 2117 5121 ad

541 5153 707 5208 vitam
755 5162 1032 5219 aeternam,
1079 5163 1135 5210 et
1180 5170 1367 5211 eorum
1409 5155 1502 5227 qui
1548 5155 1834 5226 praeparati
1876 5165 2005 5209 sunt
2047 5153 2117 5209 ad

2203 4153 2461 4208 Dominus
2483 4152 2626 4209 dicat
2656 4167 2671 4207 :
2704 4171 2723 4204 ι
2753 4153 2869 4209 Non
2917 4154 3202 4229 audierunt
3228 4169 3322 4212 eos
3344 4170 3477 4214 oves
3515 4154 3698 4229 (leas.
3728 4174 3787 4226 ι,

2203 4245 2283 4315 8).
2320 4265 2339 4297 ι
2365 4244 2625 4311 Audistis,
2666 4244 2884 4310 fratres,
2907 4246 3243 4302 altitudinem
3272 4249 3629 4318 qumstionisi
3652 4250 3791 4308 Dico

2204 4351 2377 4409 ergo:
2421 4354 2441 4388 ι
2468 4336 2628 4391 Novit
2657 4337 2919 4392 Dominus
2942 4339 3033 4407 qui
3077 4347 3202 4394 sunt
3245 4336 3362 4408 eius
3412 4339 3500 4400 (II
3544 4340 3679 4397 Tim.
3723 4360 3788 4410 ιι,

2208 4426 2319 4497 19),
2354 4444 2373 4478 ι
2404 4426 2554 4481 novit
2577 4426 2876 4497 praescitos,
2904 4428 3316 4498 praedestinatos
3342 4447 3355 4483 :
3386 4429 3454 4486 de
3483 4429 3571 4487 illo
3590 4432 3791 4503 quippe

2208 4516 2405 4573 dicitur
2438 4536 2450 4570 :
2490 4537 2507 4568 ι
2533 4516 2680 4585 Quos
2728 4526 2910 4573 autem
2953 4520 3244 4588 praescivit,
3292 4528 3349 4576 et
3386 4523 3793 4593 praedestinavit

2210 4608 2513 4666 conformes
2537 4610 2653 4665 ﬁeri
2679 4612 2931 4681 imaginis
2955 4611 3074 4666 Filii
3107 4612 3211 4679 sui,
3246 4622 3305 4668 ut
3329 4615 3403 4669 sit
3438 4616 3553 4685 ipse
3584 4617 3790 4686 primo-

2210 4701 2422 4771 genitus
2457 4701 2511 4755 in
2551 4700 2733 4756 multis
2774 4700 3036 4759 fratribus
3065 4719 3077 4755 :
3103 4717 3241 4773 quos
3286 4714 3467 4760 autem
3510 4706 3796 4777 praedesti-

2213 4792 2383 4857 navit,
2415 4792 2557 4862 ipsos
2582 4802 2638 4848 et
2663 4793 2900 4857 vocavit;
2932 4803 2988 4849 et
3016 4810 3154 4864 quos
3184 4796 3397 4852 vocavit
3431 4797 3576 4867 ipsos
3620 4806 3676 4852 et
3704 4798 3796 4867 ju-

2213 4884 2509 4941 stilieavit?
2544 4899 2682 4955 quos
2716 4894 2895 4941 autem
2926 4886 3277 4957 justitlcavit,
3319 4889 3465 4959 ipsos
3497 4898 3554 4944 et
3589 4891 3795 4961 gloriﬁ-

2214 4974 2374 5029 cavit.
2432 4973 2489 5029 Si
2515 4973 2659 5031 Deus
2685 4991 2784 5045 pro
2812 4977 2987 5043 nobis,
3025 4978 3149 5048 quis
3185 4988 3374 5036 contra
3388 4981 3589 5036 nosh
3644 4983 3795 5038 Adde

2214 5062 2389 5121 adhuc
2423 5082 2436 5119 :
2472 5084 2490 5117 ι
2520 5065 2620 5132 Qui
2667 5069 2885 5138 proprio
2920 5068 3057 5125 Filio
3092 5086 3193 5127 suo
3244 5086 3349 5127 non
3394 5073 3666 5144 pepercit,
3698 5075 3796 5131 sed

2196 5174 2312 5229 pro
2335 5158 2491 5214 nobis
2511 5159 2759 5215 omnibus
2780 5161 2999 5217 tradidit
3022 5176 3166 5228 cmn,
3186 5165 3454 5232 quomodo
3470 5180 3576 5219 non
3599 5174 3654 5221 et
3673 5180 3796 5241 cum

542 5246 677 5299 iram
720 5245 814 5301 Dei
854 5246 1140 5303 damnandi
1191 5263 1311 5303 cum
1354 5247 1586 5304 diabolo.
1628 5245 1781 5319 [Item
1828 5248 1881 5302 in
1924 5248 2115 5302 eodem
2139 5298 2193 5327 n
2217 5248 2307 5305 illo
2348 5249 2528 5304 omnia
2571 5251 2727 5319 nobis
2750 5251 3046 5307 donavit?»
3077 5251 3254 5320 (Rom.
3289 5269 3406 5321 vm,
3431 5253 3645 5327 29-59.)
3690 5254 3798 5312 Sed

541 5298 745 5404 (ιωειῖ
761 5298 1790 5414 guis";1'.'s.i‘:..‘;;;.;‘;sa;§,
1810 5298 1985 5408 qui;
1999 5298 2101 5394 Io}

2217 5298 2303 5305 ---ν
2353 5298 2528 5304 η---η
2571 5298 2725 5319 κέ---
2752 5298 2966 5307 _--._.--
2990 5298 3001 5306 .
3028 5298 3042 5304 -
3079 5298 3254 5320 Vm.-.
3300 5298 3406 5321 .-..,
3433 5298 3499 5311 ..ν
3528 5298 3623 5311 ν-.
3691 5298 3798 5312 ν...

2221 5341 2415 5412 quibus
2461 5361 2480 5394 ι
2503 5344 2694 5400 nobis?
2718 5364 2737 5396 ι
2778 5344 3068 5409 Ριτεεεὶιίδ,
3091 5346 3508 5416 praedestinatis,
3535 5298 3800 5417 jusltilica—

542 5428 675 5484 cstis
697 5444 761 5485 ex
789 5432 980 5487 ovibus
1010 5433 1144 5489 meis
1167 5431 1347 5503 (Joan.
1380 5444 1437 5497 ι,
1459 5432 1568 5501 26).
1602 5451 1620 5484 ι
1647 5430 1766 5496 iam
1793 5446 1953 5500 supra
1982 5430 2117 5486 didi—
2226 5436 2292 5492 tis
2316 5445 2368 5491 et
2391 5435 2721 5507 gloriﬁcatis.
2788 5436 2863 5492 De
2888 5437 3082 5507 quibus
3110 5440 3355 5509 sequitur
3383 5458 3396 5493 :
3431 5459 3449 5492 ι
3481 5440 3612 5507 Quis
3638 5454 3799 5495 accu-

543 5523 697 5580 cistis
743 5541 862 5595 qua:
908 5526 1016 5581 sint
1056 5508 1186 5583 oves
1216 5534 1427 5581 :estote
1470 5541 1619 5581 oves.
1667 5524 1810 5580 Oves
1852 5524 2121 5580 credendo
2223 5527 2365 5582 sabit
2409 5527 2668 5582 adversus
2712 5526 2914 5583 electos
2962 5528 3057 5584 Dei
3103 5508 3301 5601 (lbid.,
3347 5531 3472 5603 55).
3507 5549 3528 5584 ι
3574 5549 3593 5580 ι
3633 5527 3797 5587 Novit

546 5622 686 5675 sunt,
721 5630 849 5672 oves
877 5626 1148 5688 pastorem
1180 5617 1453 5686 sequendo
1482 5625 1624 5683 sunt,
1652 5633 1781 5673 oves
1800 5615 2121 5687 Redempto-
2222 5636 2353 5693 ergo
2392 5620 2647 5676 Dominus
2672 5621 2765 5692 qui
2805 5630 2933 5678 sunt
2953 5620 3099 5690 ejus;
3126 5643 3146 5677 ι
3182 5624 3280 5694 ipsi
3318 5634 3446 5680 sunt
3470 5637 3618 5679 oves.
3681 5622 3796 5680 Ali-

622 5796 644 5824 ι
676 5786 787 5842 lmo
816 5799 1002 5841 auctor
1028 5786 1480 5860 Hypognosticon,
1510 5788 1600 5846 lib.
1633 5806 1707 5854 vr,
1748 5806 1863 5865 cap.
1889 5792 1939 5847 2.
