4088 6344
288 380 361 438 45
1259 385 1346 441 DE
1378 383 2046 443 PIUEDESTINATIONE
2086 383 2215 441 DEI.
2257 415 2321 426 -
2361 384 2491 441 LIB.
2527 384 2591 441 ιι.
3366 426 3375 437 .
3473 384 3543 439 46
3634 424 3639 429 ι

290 492 513 564 quando
539 507 601 557 se
630 491 775 563 ipsas
799 493 1079 559 nesciunt,
1110 494 1205 549 sed
1233 505 1419 564 pastor
1453 492 1603 550 novit
1627 508 1745 560 eas,
1778 509 1867 550 se-
1898 502 1951 560 Α
1976 510 2159 567 vocem
2184 510 2288 551 non
2314 504 2665 552 contemnunt
2699 496 2804 562 sui,
2831 509 2938 551 non
2986 495 3209 555 audiunt
3237 496 3455 569 alieni.]
3488 498 3555 554 Ει

292 586 533 640 cundum
582 584 740 639 istam
777 586 1321 655 praedestinationem,
1371 588 1665 644 secundum
1710 588 1871 644 istam

295 676 389 731 Dei
418 676 832 745 prmscientiam,
863 678 1157 733 sectandum
1183 678 1500 752 electionem
1528 680 1708 736 ovium
1748 690 1873 736 ante

294 766 741 823 constitutionem
771 768 975 823 mundi.
1028 768 1163 824 Nam
1187 779 1240 824 et
1265 771 1364 825 hoc
1401 770 1531 825 dicit
1555 770 1870 840 Apostolus:

300 876 323 910 ι
351 856 507 913 Sicut
534 857 700 930 elegit
727 873 823 913 nos
856 859 907 913 in
934 859 1050 929 ipso
1078 870 1204 915 ante
1229 861 1667 937 constitutionem
1690 861 1875 916 mundi

295 951 459 1024 (Eph.
485 967 526 1015 ι,
551 951 631 1022 4).
656 972 676 1005 ι
699 950 1002 1007 Secundum
1026 953 1183 1008 istam
1213 969 1341 1025 ergo
1362 954 1758 1025 praescientiam
1780 955 1875 1010 Dei

294 1054 353 1100 et
407 1045 957 1114 pmdestinationem,
1022 1061 1181 1115 quam
1244 1047 1425 1102 multa:
1470 1062 1601 1102 oves
1646 1046 1778 1101 foris
1824 1054 1880 1102 et

294 1152 462 1207 quam
489 1135 643 1190 multi
674 1135 780 1205 lupi
818 1136 980 1201 intus,
1019 1144 1075 1190 et
1105 1152 1267 1205 quam
1292 1136 1475 1192 multa:
1503 1152 1632 1191 oves
1655 1137 1797 1192 intus
1825 1145 1881 1191 et

294 1228 451 1284 multi
482 1227 592 1299 lupi
636 1226 808 1282 foris!
853 1227 991 1295 Quid
1019 1237 1103 1283 est
1140 1231 1282 1298 quod
1321 1230 1452 1294 dixi,
1501 1244 1661 1299 quam
1701 1229 1882 1283 multa:

294 1334 427 1375 oves
455 1320 630 1374 foris?
674 1317 845 1386 Quam
874 1320 1026 1374 multi
1058 1321 1216 1375 modo
1242 1320 1605 1386 luxuriantur,
1634 1320 1770 1375 casti
1798 1320 1882 1373 fu-

297 1411 438 1474 turi;
475 1426 639 1480 quam
693 1410 845 1464 multi
886 1409 1261 1481 blasphemant
1290 1411 1586 1475 Christum,
1626 1410 1883 1465 credituri

294 1503 352 1557 in
379 1500 693 1566 Christum;
717 1516 879 1571 quam
902 1501 1055 1556 multi
1086 1517 1143 1556 se
1172 1502 1460 1567 inebriant,
1494 1504 1658 1559 sobrii
1681 1502 1880 1573 futuri;

293 1610 461 1665 quam
498 1594 653 1648 multi
683 1594 896 1664 rapiunt
920 1610 1007 1648 res
1032 1594 1235 1650 alienas
1258 1634 1272 1662 ,
1302 1596 1551 1650 donaturi
1580 1612 1727 1651 suas.
1781 1597 1884 1651 Ve-

296 1694 608 1741 rumtamen
637 1685 796 1739 modo
818 1684 1047 1739 alienam
1080 1700 1268 1740 vocem
1293 1686 1537 1751 audiunt,
1572 1687 1774 1742 alienos
1796 1703 1883 1742 se-

294 1785 558 1847 quuntur.
588 1776 718 1830 Item
741 1792 902 1846 quam
926 1776 1079 1831 multi
1101 1777 1243 1831 intus
1273 1778 1510 1843 laudant,
1541 1779 1885 1851 blasphema-

1974 586 2062 643 hic
2088 601 2211 643 cum
2237 587 2368 643 dicit
2403 589 2695 643 secundum
2730 588 3260 658 praedestinationem
3289 604 3395 642 non
3426 605 3555 645 oves

1974 676 2127 739 istos.
2158 685 2215 732 et
2243 692 2371 733 oves
2395 677 2537 741 illos,
2570 680 2806 733 ostendit
2840 678 3107 750 geminam
3138 694 3258 734 esse
3283 680 3554 763 praedesti:

1975 769 2268 824 nationem.
2293 770 2425 824 Item
2453 770 2505 824 in
2522 768 2708 824 eodem
2734 769 2909 841 (tract.
2935 775 3087 841 xui).
3112 769 3286 843 [Quod
3311 787 3439 828 vero
3462 788 3550 845 ses

1976 862 2194 932 quitur:
2223 880 2242 913 ι
2273 861 2566 934 Pr0pterea
2617 878 2712 918 vos
2756 878 2861 917 non
2908 864 3126 929 auditis,
3174 865 3302 934 quia
3349 880 3417 920 ex
3445 864 3555 941 Deo

1977 966 2086 1006 non
2114 951 2244 1008 estis
2285 950 2466 1013 (Joan.
2515 968 2606 1006 \‘III
2627 992 2642 1018 ,
2682 950 2772 1023 47)
2796 993 2810 1017 ,
2836 971 2855 1005 ι
2889 953 2968 1008 eis
2993 953 3196 1009 dictum
3223 956 3420 1027 estqui
3450 971 3557 1012 non

1979 1041 2150 1098 solum
2181 1053 2406 1113 peccato
2438 1042 2611 1099 vitiosi
2659 1051 2834 1109 erant,
2887 1030 3009 1097 nam
3052 1045 3155 1100 hoc
3185 1034 3382 1100 malum
3412 1062 3556 1107 com-

1978 1146 2141 1186 mune
2167 1142 2287 1186 erat
2312 1133 2582 1196 omnibus,
2611 1133 2704 1188 sed
2736 1135 2898 1188 etiam
2925 1124 3237 1206 prmCOgniti
3264 1126 3405 1207 quod
3449 1154 3555 1194 non

1982 1220 2198 1278 fuerant
2220 1225 2477 1279 credituri
2511 1240 2573 1279 ea
2615 1226 2737 1291 lide,
2763 1241 2867 1295 qua
2910 1226 3021 1281 sola
3063 1236 3281 1297 possent
3315 1221 3561 1299 apeecas-

1981 1322 2159 1369 torum
2214 1314 2542 1385 obligatione
2595 1315 2829 1372 liberari.
2878 1319 3216 1389 Quapropter
3248 1306 3567 1403 prmscieba‘t

1983 1404 2123 1471 illos,
2146 1405 2339 1475 quibus
2363 1405 2491 1461 talia
2519 1407 2749 1472 dicebat,
2795 1408 2846 1462 in
2896 1425 2960 1466 eo
2985 1399 3388 1480 permansuros,
3422 1399 3565 1485 quod

1982 1510 2051 1550 ex
2075 1496 2290 1551 diabolo
2318 1505 2496 1564 erant,
2528 1498 2580 1552 id
2604 1507 2699 1563 est
2715 1499 2767 1552 in
2795 1500 2906 1554 suis
2927 1501 3167 1570 peccatis
3193 1511 3355 1572 atque
3380 1493 3565 1575 impie,

1988 1596 2096 1642 tate
2126 1588 2442 1658 morituros,
2466 1591 2519 1644 in
2550 1606 2656 1661 qua
2682 1591 2729 1645 ei
2747 1591 2951 1647 similes
2981 1584 3159 1661 erant,
3186 1611 3285 1649 nec
3315 1604 3570 1665 venturos

1987 1679 2053 1733 ad
2080 1683 2562 1750 regenerationem,
2612 1684 2663 1738 in
2707 1699 2812 1755 qua
2839 1694 3022 1740 essent
3071 1686 3166 1742 ﬁlii
3199 1686 3315 1755 Dei,
3349 1688 3452 1743 hoc
3488 1697 3572 1743 est

1987 1784 2054 1824 ex
2086 1769 2196 1824 Deo
2220 1773 2355 1837 nati,
2393 1788 2423 1827 a
2462 1788 2570 1844 quo
2595 1782 2749 1829 erant
2776 1774 3021 1831 homines
3049 1779 3237 1833 creati.
3264 1766 3570 1856 Secundum

284 1866 441 1931 .turi;
464 1867 603 1921 casti
629 1875 775 1932 sunt,
814 1866 1161 1934 fornicaturi;
1195 1867 1356 1922 sobrii
1376 1878 1538 1933 sunt,
1564 1870 1768 1925 sevino
1794 1885 1888 1939 po-
1915 1855 1963 1916 B
1991 1860 2131 1917 hanc
2168 1866 2697 1934 przedestinationem
2740 1866 2954 1923 locutus
3003 1878 3083 1923 est
3125 1868 3406 1937 Dominus,
3461 1887 3566 1927 non

297 1964 414 2012 stea
460 1956 755 2028 sepulturi;
800 1966 945 2013 stant
998 1959 1212 2024 casuri,
1276 1976 1382 2015 non
1428 1969 1555 2015 sunt
1599 1976 1744 2017 oves.
1810 1961 1886 2017 De

294 2050 699 2122 prcdestinatis
728 2051 869 2105 enim
896 2050 1195 2120 loquimur;
1227 2052 1294 2107 de
1321 2052 1406 2107 his
1432 2052 1719 2123 loquimur,
1748 2069 1885 2125 quos

303 2160 325 2195 ι
351 2143 504 2197 novit
525 2132 782 2197 Dominus
802 2143 894 2213 qui
923 2152 1048 2197 sunt
1069 2143 1184 2215 ejus
1212 2142 1300 2215 (II
1345 2143 1477 2197 Tim.
1516 2160 1577 2209 ιι,
1612 2145 1733 2216 l9);
1770 2166 1790 2198 ι
1834 2155 1890 2200 et

300 2244 485 2290 tamen
519 2235 619 2305 ipsi
655 2232 889 2304 quandiu
920 2245 1068 2291 recte
1097 2235 1330 2305 sapiunt,
1352 2235 1553 2290 Christi
1583 2253 1765 2293 vocem
1794 2254 1889 2293 au-

299 2326 475 2381 diunt.
529 2325 667 2381 Ecce
692 2326 914 2380 audiunt
943 2326 1063 2396 ipsi,
1093 2343 1199 2381 non
1230 2327 1456 2382 audiunt
1485 2327 1592 2394 illi,
1624 2338 1679 2385 et
1710 2339 1889 2385 tamen

300 2416 598 2471 secundum
641 2417 1168 2488 pnedestinationcm
1215 2434 1341 2491 non
1367 2434 1497 2475 oves
1526 2420 1637 2485 isti,
1670 2430 1723 2476 et
1761 2436 1890 2477 oves

301 2507 398 2561 illi.
438 2507 631 2562 Adhuc
677 2516 858 2563 manet
893 2509 1136 2579 quaestio,
1176 2526 1295 2577 qua:
1335 2510 1467 2564 mihi
1495 2510 1711 2565 interim
1742 2527 1886 2567 nunc

304 2599 518 2654 videtur
560 2599 633 2652 ita
674 2614 832 2668 posse
883 2598 1119 2655 dissolvi.
1162 2600 1258 2655 Est
1301 2600 1480 2671 aliqua
1520 2617 1639 2665 vox,
1669 2611 1773 2668 est,
1809 2602 1891 2657 in-

302 2708 489 2763 quam,
520 2692 696 2762 aliqua
735 2709 835 2748 vox
874 2695 1130 2765 pastoris,
1157 2694 1210 2748 in
1231 2708 1336 2764 qua
1366 2709 1494 2749 oves
1524 2710 1628 2749 non
1665 2695 1891 2749 audiunt

303 2785 610 2851 alienos,in
641 2802 747 2857 qua
777 2802 881 2840 non
903 2804 1033 2842 Οιρὸ
1054 2801 1158 2841 non
1187 2787 1410 2842 audiunt
1429 2786 1725 2843 Christum.
1760 2786 1890 2854 Qua:

305 2887 390 2933 est
415 2877 520 2933 ista
550 2877 700 2932 vox?
754 2898 771 2930 ι
806 2877 906 2945 Qui
942 2879 1370 2949 perseveraverit
1393 2895 1563 2950 usque
1607 2881 1661 2934 in
1704 2879 1887 2945 ﬁnem,

306 2968 395 3023 hic
421 2967 601 3023 salvus
619 2969 723 3024 erit
752 2967 965 3042 (Matth.
995 2986 1050 3034 ι,
1076 2969 1188 3041 22).
1222 2989 1239 3020 ι
1277 2970 1430 3025 Hanc
1453 2986 1639 3026 vocem
1669 2986 1774 3025 non
1798 2985 1890 3025 ne-

305 3060 457 3132 gligit
480 3061 752 3132 proprius,
783 3077 889 3117 non
911 3061 1286 3119 auditalienus
1312 3080 1325 3117 :
1360 3078 1483 3118 nam
1509 3072 1565 3119 ct
1592 3063 1681 3119 ille
1704 3064 1808 3119 hoc
1840 3064 1890 3120 ei

307 3154 584 3225 prazdieat,
628 3167 684 3208 ut
726 3164 1038 3225 perseveret
1057 3155 1197 3224 apud
1224 3155 1397 3226 ipsum
1427 3171 1594 3225 usque
1620 3156 1673 3210 in
1703 3156 1886 3222 ﬁnem,

305 3255 362 3299 et
392 3261 498 3299 non
529 3245 671 3315 apud
694 3244 861 3301 Deum
888 3247 1303 3317 perseverando,
1330 3262 1437 3303 non
1462 3247 1610 3302 audit
1637 3247 1775 3303 hanc
1799 3263 1891 3303 vo.
1917 3220 1962 3284 C

310 3353 428 3393 cem
461 3356 473 3390 :
506 3338 654 3393 venit
678 3340 745 3393 ad
775 3340 1068 3406 Christum,
1100 3340 1303 3395 audivit
1330 3339 1434 3395 alia
1467 3348 1523 3396 et
1553 3341 1655 3395 alia
1704 3340 1887 3405 verba,

310 3429 395 3483 illa
421 3439 476 3484 et
499 3430 585 3483 illa
618 3431 820 3495 omnia,
855 3445 982 3484 vera
1013 3445 1143 3485 sana
1169 3431 1369 3495 omnia,
1401 3431 1543 3486 inter
1571 3447 1689 3500 qua:
1710 3431 1891 3486 omnia

308 3533 393 3576 est
419 3527 476 3575 et
509 3518 595 3573 illa
624 3534 723 3574 vox
757 3537 772 3577 :
808 3538 827 3571 ι
858 3518 957 3586 Qui
986 3520 1407 3592 perseveraverit
1433 3535 1600 3591 usque
1628 3522 1681 3576 iu
1704 3520 1889 3585 ﬁnem,

310 3613 398 3668 hic
427 3612 612 3668 salvus
634 3612 756 3667 erit.
795 3632 814 3665 ι
870 3612 1029 3667 Istam
1059 3612 1149 3682 qui
1196 3613 1425 3668 audierit
1465 3614 1583 3669 ovis
1629 3622 1733 3669 est.
1786 3612 1890 3668 Sed

310 3704 564 3760 audiebat
593 3703 739 3758 illam
766 3704 948 3759 nescio
985 3705 1108 3774 quis
1134 3713 1190 3760 et
1218 3705 1469 3776 desipuit,
1500 3704 1768 3776 refriguit,
1797 3721 1891 3759 au-

307 3798 447 3853 divit
472 3795 711 3851 alienam
742 3814 758 3849 :
792 3796 837 3851 si
880 3796 1292 3866 praedestinatus
1326 3807 1444 3861 est,
1473 3797 1538 3851 ad
1569 3805 1779 3868 tempus
1807 3812 1893 3851 er-

308 3890 469 3953 ravit,
499 3889 553 3943 in
587 3897 848 3944 aeternum
874 3902 979 3942 non
1007 3887 1205 3958 periit;
1253 3887 1391 3942 redit
1439 3896 1499 3941 ut
1536 3886 1717 3941 audiat
1749 3885 1892 3956 quod

308 3980 563 4051 neglexit,
597 3977 760 4034 faciat
785 3977 926 4047 quod
954 3978 1176 4033 audivit.
1230 3976 1287 4033 Si
1316 3979 1456 4033 enim
1484 3977 1551 4047 de
1577 3978 1662 4032 his
1690 3986 1774 4033 est
1799 3979 1890 4049 qui

306 4069 677 4142 praedestinati
707 4078 852 4134 sunt,
887 4075 943 4125 et
980 4083 1218 4125 errorem
1246 4069 1412 4139 ipsius
1435 4068 1576 4124 Deus
1600 4070 1888 4139 praescivit,

308 4174 363 4220 et
395 4163 807 4220 conversionem
834 4160 1101 4227 futuram;
1132 4158 1178 4215 si
1202 4161 1489 4227 aberravit,
1519 4160 1675 4226 redit,
1704 4169 1765 4215 ut
1799 4176 1893 4216 au-

308 4254 449 4311 divit
478 4268 666 4309 vocem
700 4251 845 4307 illam
874 4250 1124 4320 pastoris,
1166 4258 1221 4305 et
1264 4260 1523 4321 sequatur
1571 4251 1840 4306 dicentem
1875 4270 1887 4305 :

315 4370 330 4396 ι
356 4346 462 4413 Qui
487 4343 915 4417 perseveraverit
938 4357 1106 4412 usque
1124 4342 1177 4396 in
1202 4341 1380 4405 ﬁnem,
1407 4343 1495 4397 hic
1518 4342 1696 4398 salvus
1720 4343 1841 4398 erit.
1870 4362 1889 4394 ι

308 4436 459 4492 Bona
485 4451 614 4497 vox,
645 4433 864 4500 fratres,
895 4449 1044 4498 vera,
1071 4431 1357 4503 pastoralis
1403 4432 1517 4503 ipsa
1564 4441 1649 4487 est
1682 4451 1693 4486 :
1734 4451 1752 4484 ι
1779 4431 1894 4488 Vox

309 4527 503 4584 salutis
530 4527 584 4580 in
611 4524 971 4581 tabernaculis
992 4524 1259 4595 justorum
1287 4522 1403 4593 (Ps.
1434 4539 1510 4587 ιιι,
1544 4523 1652 4592 15).
1688 4543 1706 4576 ι
1759 4522 1894 4578 Nam

308 4617 472 4673 facile
513 4626 600 4673 est
643 4616 830 4671 audire
859 4614 1149 4679 Christum,
1188 4614 1346 4669 facile
1373 4624 1457 4670 est
1485 4615 1701 4670 laudare
1721 4615 1895 4672 Evan-

308 4712 533 4784 gelium,
558 4710 713 4764 facile
740 4719 824 4766 est
846 4710 1145 4766 acclamare
1168 4709 1516 4779 disputatori;
1544 4725 1893 4779 perseverare

311 4821 485 4875 usque
521 4806 572 4858 in
603 4803 785 4868 finem,
818 4805 919 4859 hoc
947 4813 1029 4859 est
1069 4803 1248 4858 ovium
1295 4818 1479 4858 vocem
1518 4804 1751 4874 pastoris
1796 4819 1891 4858 au-

309 4896 600 4951 dientium.
646 4894 896 4951 Tentatio
945 4894 1162 4959 accidit,
1210 4909 1491 4964 persevera
1528 4911 1695 4964 usque
1738 4896 1791 4950 in
1834 4895 1895 4950 ιι-

307 5004 458 5045 nem.
500 4987 681 5060 Usque
701 4987 757 5041 in
785 5002 941 5056 quem
965 4984 1122 5041 ﬁnem
1149 4985 1562 5055 perseverabis?
1608 4985 1897 5063 Quousque

310 5080 474 5137 ﬁnias
523 5082 689 5136 viam.
746 5078 990 5147 Quandiu
1047 5078 1187 5132 enim
1240 5093 1344 5133 non
1384 5078 1536 5133 audis
1574 5077 1845 5133 Christum
1875 5119 1891 5143 ,

311 5172 660 5229 adversarius
703 5180 824 5226 tuus
871 5179 953 5225 est
988 5170 1043 5224 in
1083 5169 1185 5225 ista
1237 5170 1320 5223 via
1349 5208 1363 5233 ,
1411 5169 1513 5224 hoc
1555 5178 1637 5225 est
1686 5170 1739 5224 in
1792 5171 1895 5225 ista

312 5264 530 5321 mortali
588 5264 715 5317 vita.
772 5259 879 5317 Sed
912 5261 1038 5332 quid
1075 5259 1243 5315 dicit?
1285 5278 1302 5311 ι
1332 5256 1610 5315 Concorda
1645 5275 1765 5315 cum
1803 5262 1896 5315 ad-

311 5356 558 5413 versario
588 5362 678 5409 tuo
712 5356 840 5420 cito,
875 5354 999 5408 dum
1036 5368 1095 5407 es
1121 5366 1244 5407 cum
1280 5366 1345 5406 eo
1377 5351 1428 5404 in
1456 5352 1539 5406 via
1569 5351 1784 5420 (Matth.
1825 5369 1855 5405 v
1878 5392 1893 5417 ,

311 5448 429 5518 25).
461 5468 480 5501 ι
538 5447 766 5510 Audisti,
819 5445 1113 5509 credidisti,
1158 5442 1515 5498 concordasti.
1556 5441 1610 5496 Si
1647 5443 1898 5497 adversa-

313 5540 465 5595 baris
486 5540 773 5594 concorda.
825 5536 880 5592 Si
930 5537 1021 5592 tibi
1061 5536 1358 5607 praestitum
1408 5542 1491 5590 est
1548 5535 1896 5601 concordare,

315 5633 429 5688 noli
463 5631 689 5687 ulterius
722 5630 953 5701 litigare.
987 5628 1213 5696 Quando
1248 5628 1391 5682 cnim
1436 5625 1654 5681 ﬁniatur
1695 5626 1777 5680 via
1809 5641 1902 5681 ne—

315 5726 445 5784 scis,
478 5724 575 5780 sed
605 5731 781 5779 tamen
812 5724 912 5780 scit
962 5722 1066 5776 illc.
1097 5720 1155 5777 Si
1193 5720 1311 5776 ovis
1333 5735 1411 5783 es,
1444 5728 1497 5774 et
1525 5721 1566 5774 si
1597 5733 1905 5789 persevera-

315 5816 465 5876 veris
491 5828 659 5882 usque
694 5814 746 5868 in
781 5815 960 5877 linem,
994 5797 1173 5868 salvus
1197 5811 1340 5869 eris:
1376 5826 1437 5865 ac
1469 5825 1565 5881 per
1612 5812 1713 5866 hoc
1742 5811 1901 5868 istam

1925 4576 1973 4637 D

1989 1955 2133 2025 quod
2153 1955 2384 2027 aliquem
2418 1959 3007 2028 homineminvcnerit,
3046 1963 3137 2033 qui
3164 1963 3248 2018 vel
3275 1966 3569 2021 secundum

1990 2049 2577 2119 regenerationemjam
2604 2060 2746 2107 esset
2770 2068 2837 2108 ex
2872 2053 3003 2119 Deo,
3044 2054 3129 2110 vel
3159 2057 3455 2113 secundum
3482 2074 3574 2114 na-

1991 2149 2164 2194 turam
2185 2139 2299 2210 jam
2324 2157 2430 2197 non
2456 2151 2601 2199 esset
2627 2159 2694 2199 ex
2717 2146 2846 2201 Deo.
2872 2143 2893 2219 ]
2922 2146 2985 2200 Et
3006 2148 3094 2202 hic
3118 2149 3245 2204 dum
3273 2130 3568 2211 secundum

1988 2234 2511 2303 prmdestinationem
2559 2239 2688 2293 dicit
2736 2238 2972 2295 locutum
3016 2255 3135 2297 esse
3180 2243 3489 2317 Dominum,
3516 2256 3578 2321 ut

1989 2326 2152 2398 aliqui
2188 2330 2370 2385 ‘essent
2421 2344 2487 2385 ex
2530 2331 2658 2397 Deo,
2711 2332 2800 2386 alii
2855 2328 2973 2388 non
2997 2349 3063 2389 ex
3116 2334 3246 2401 Deo,
3297 2338 3568 2405 geminam

1989 2418 2229 2473 ostendit
2249 2420 2792 2488 prtedestinationem.
2817 2421 2951 2478 Item
2974 2424 3026 2478 in
3048 2425 3235 2481 eodem
3256 2427 3433 2499 (tract.
3457 2432 3567 2503 cx),

1990 2523 2112 2563 cum
2143 2508 2210 2565 de
2261 2510 2462 2566 mundo
2504 2510 2647 2568 ﬁdeli
2696 2512 2973 2569 et'inﬁdeli
3006 2514 3316 2593 loqueretur
3338 2520 3419 2575 sic
3450 2522 3526 2575 ait
3558 2541 3572 2576 :

1991 2595 2105 2671 [Isti
2128 2609 2306 2655 autem
2329 2618 2541 2668 omnes,
2564 2605 2691 2673 quid
2714 2618 2793 2662 εει
2820 2607 2925 2662 nisi
2951 2608 3216 2665 mundus?
3235 2610 3352 2668 Non
3367 2614 3578 2671 hostilis

1992 2689 2198 2759 utique,
2230 2690 2323 2745 sed
2372 2689 2564 2749 ﬁdelis.
2610 2691 2743 2748 Nam
2789 2710 2935 2761 ecce,
2976 2698 3066 2769 qui
3107 2700 3360 2761 dixerat:
3391 2687 3423 2756 ἰ
3456 2703 3573 2759 Non

1990 2793 2087 2849 pro
2133 2781 2331 2836 mundo
2371 2797 2501 2853 rogo
2528 2783 2709 2854 (Jaan.
2737 2785 2969 2859 xvn,9),
3014 2807 3033 2841 ι
3071 2803 3172 2859 pro
3199 2793 3398 2848 mundo
3423 2806 3580 2867 rogat

1992 2880 2050 2926 ut
2073 2873 2276 2939 credat,
2302 2876 2555 2944 quoniam
2582 2886 2664 2933 est
2685 2880 2916 2935 mundus
2944 2880 3010 2935 de
3033 2897 3140 2953 quo
3164 2884 3422 2955 scriptum
3450 2898 3568 2944 est:

1998 2985 2016 3017 ‹
2055 2963 2131 3020 Ne
2179 2980 2302 3020 cum
2350 2968 2550 3023 tnundo
2598 2969 2914 3028 damnemus
2942 2971 2996 3045 (Ι
3020 2971 3143 3030 Cor.
3176 2976 3388 3050 111,52).
3420 2999 3444 3050 i_
3472 2972 3577 3037 Pro

1994 3056 2099 3111 isto
2121 3058 2323 3114 mundo
2361 3074 2467 3115 non
2500 3070 2691 3132 rogat:
2722 3077 2899 3134 neque
2938 3065 3083 3121 enim
3125 3082 3233 3138 quo
3275 3069 3578 3143 sitlpraade-

1967 3147 2245 3215 stinatus,
2298 3149 2526 3220 ignorat.
2575 3152 2642 3207 Et
2689 3163 2771 3209 est
2816 3157 3044 3213 mundus
3092 3159 3160 3215 de
3187 3175 3296 3230 quo
3318 3163 3577 3234 scriptum

1994 3247 2112 3292 est:
2142 3258 2160 3289 ι
2189 3235 2305 3293 Νοιι
2331 3242 2479 3295 venit
2503 3238 2644 3297 ﬁlius
2672 3243 2902 3301 hominis
2941 3256 3002 3301 ut
3041 3246 3248 3321 judicet
3296 3254 3575 3322 mundum,

1995 3328 2087 3385 sed
2124 3337 2182 3383 ut
2229 3329 2467 3385 salvetur
2495 3333 2726 3389 mundus
2766 3349 2866 3404 per
2889 3336 3065 3407 ipsum
3095 3338 3276 3409 (Ιοαη.
3302 3358 3384 3407 ιιι,
3409 3343 3519 3415 I7).
3552 3364 3574 3415 ι

1996 3421 2150 3478 Unde
2181 3431 2237 3478 et
2278 3422 2604 3494 Apostolus:
2638 3447 2656 3478 ‹
2702 3426 2864 3491 Deus,
2900 3429 3096 3502 inquit,
3122 3444 3242 3489 erat
3270 3434 3326 3490 in
3361 3414 3578 3502 Christo

1994 3516 2253 3571 mundum
2280 3519 2638 3575 reconcilians
2690 3521 2791 3578 sibi
2832 3521 2918 3594 (11
2965 3522 3167 3594 Conv,
3192 3527 3302 3603 I9).
3330 3526 3395 3604 ι]
3444 3530 3578 3589 Cum

1994 3608 2138 3662 enim
2171 3608 2304 3664 dicit
2330 3612 2456 3680 quia
2504 3627 2610 3667 non
2660 3612 2870 3684 ignorat
2899 3629 3007 3686 quo
3058 3618 3129 3672 sit
3168 3620 3582 3697 praadestinatus

1995 3701 2249 3766 mundus,
2280 3716 2378 3770 pro
2414 3717 2522 3772 quo
2554 3718 2660 3758 non
2711 3713 2887 3775 rogat,
2935 3707 3222 3764 manifeste
3249 3709 3585 3783 demonstrat

1992 3792 2519 3862 praedestinationem
2561 3796 2933 3865 reproborum.
2956 3800 3021 3855 Et
3040 3802 3165 3871 quia
3191 3812 3275 3859 est
3295 3806 3577 3874 prazdesti-

1993 3882 2143 3938 natio
2165 3882 2457 3938 electorum
2507 3893 2562 3939 et
2612 3886 2988 3957 reproborum.
3038 3892 3250 3963 gemina
3275 3909 3398 3950 esse
3426 3912 3579 3952 mon-

1994 3984 2197 4033 stratur
2223 3978 2641 4047 praedestinatio.
2669 3977 2804 4034 Item
2832 3980 2884 4035 in
2910 3972 3098 4038 eodem
3121 3983 3300 4059 (εὸἰά.)
3337 4004 3351 4043 :
3372 3986 3581 4065 [Quan-
3624 4020 3629 4021 ί

1994 4067 2083 4122 diu
2105 4067 2248 4123 enim
2268 4066 2539 4123 credimus
2556 4068 2699 4139 quod
2724 4085 2831 4124 non
2853 4071 3115 4139 videmus,
3136 4075 3372 4133 nondum
3392 4094 3583 4145 sumus

1997 4159 2072 4214 ita
2095 4160 2455 4243 consummati
2478 4162 2935 4231 quemadmodum
2964 4167 3188 4237 erimus,
3215 4184 3338 4225 cum
3369 4188 3579 4230 merue-

1988 4250 2166 4327 rimus
2191 4252 2371 4309 videre
2417 4254 2560 4323 quod
2602 4255 2892 4312 credimus.
2937 4255 3455 4336 Rectissimegigitur
3485 4267 3577 4329 ibi,

1996 4364 2019 4425 _«
2063 4353 2120 4400 ut
2146 4347 2335 4401 credat
2370 4347 2603 4403 mundus
2631 4365 2647 4414 ;
2675 4348 2783 4416 hic,
2816 4358 2875 4405 ut
2918 4364 3210 4422 cognoscat
3257 4357 3522 4416 mundus:
3556 4381 3576 4413 ι

1999 4445 2176 4491 tamen
2202 4445 2256 4491 et
2281 4437 2354 4492 ibi
2382 4444 2437 4492 et
2457 4438 2545 4493 hic
2580 4457 2598 4490 ι
2631 4440 2755 4509 quia
2797 4448 2852 4496 tu
2880 4458 2966 4498 me
3010 4426 3205 4502 misisti
3233 4446 3415 4520 (Joan.
3444 4467 3575 4511 xvii.

1997 4526 2114 4597 21),
2140 4547 2159 4578 ι
2186 4535 2245 4581 ιιι
2271 4530 2581 4586 noverimus
2619 4542 2878 4601 quantum
2926 4536 3161 4609 pertinet
3204 4539 3272 4593 ad
3317 4539 3494 4595 Patris
3529 4553 3583 4601 et

2001 4618 2122 4674 Filii
2146 4619 2559 4690 insuperabilem
2583 4623 2921 4691 charitatem,
2938 4627 3041 4683 hoc
3062 4644 3160 4685 nos
3180 4631 3340 4686 modo
3361 4634 3580 4689 credere

2001 4713 2146 4783 quod
2175 4713 2447 4769 tendimus
2497 4714 2768 4771 credendo
2817 4732 3160 4789 cognoscere.
3193 4719 3250 4776 Si
3291 4732 3469 4778 autem
3501 4726 3581 4780 di-

1999 4809 2166 4865 ceret,
2192 4810 2250 4856 ut
2271 4811 2595 4874 cognoscant
2620 4806 2745 4875 quia
2768 4815 2824 4861 tu
2866 4822 2954 4864 me
2986 4810 3203 4876 misisti,
3248 4816 3578 4879 tantumdem

2001 4892 2198 4949 valeret
2245 4904 2502 4964 quantum
2532 4896 2637 4952 hoc
2665 4900 2806 4968 quod
2836 4900 2931 4966 ait,
2958 4919 2979 4953 ι
3010 4912 3067 4956 ιιι
3094 4915 3383 4975 cognoscat
3424 4923 3581 4963 ιιιιιιι-

2001 4986 2118 5041 dus.
2155 5004 2173 5038 ι
2199 4985 2304 5056 Ipsi
2330 4988 2616 5043 suntenim
2646 4990 2893 5054 mundus,
2922 5008 3026 5048 non
3054 5009 3376 5064 permanens
3402 4999 3578 5061 inimis

2001 5094 2119 5144 cus,
2153 5078 2329 5147 qualis
2370 5087 2453 5135 est
2498 5080 2729 5135 mundus
2772 5081 3101 5140 damnationi
3141 5076 3575 5159 przedestinatus,

2003 5174 2097 5227 sed
2133 5186 2199 5226 ex
2227 5169 2444 5225 inimico
2469 5172 2674 5226 amicus
2696 5170 2942 5239 effectus,
2964 5188 3185 5247 propter
3210 5194 3367 5248 quem
3395 5199 3414 5231 ι
3438 5172 3580 5238 Deus

2003 5270 2124 5316 erat
2151 5262 2204 5315 in
2232 5259 2448 5316 Christo
2468 5262 2724 5316 mundum
2763 5267 3117 5323 reconcilians
3137 5269 3237 5324 sibi
3269 5269 3353 5338 (II
3381 5272 3498 5327 Cor.
3523 5289 3576 5340 v,

2009 5351 2114 5420 I9).
2131 5373 2148 5405 ι
2169 5351 2293 5406 Ideo
2308 5350 2449 5405 dixi:
2475 5371 2494 5403 ι
2519 5352 2629 5424 Ego
2648 5351 2810 5419 ineis,
2828 5365 2881 5411 et
2903 5366 2957 5411 tu
2980 5358 3033 5413 in
3058 5374 3171 5426 me;
3195 5379 3216 5412 ι
3238 5369 3489 5432 tanquam
3507 5366 3579 5435 di:

2005 5454 2185 5501 ceret:
2208 5464 2226 5496 ι
2248 5445 2426 5515 Egoin
2447 5445 2526 5499 eis
2548 5466 2564 5496 ι
2587 5446 2652 5500 ad
2666 5462 2801 5517 quos
2816 5450 3006 5506 misisti
3019 5466 3106 5507 me
3131 5469 3145 5517 ;
3169 5472 3185 5504 ι
3207 5462 3261 5507 et
3284 5464 3337 5508 tu
3356 5455 3408 5509 in
3424 5472 3530 5521 me,
3553 5476 3573 5510 ι

2000 5537 2258 5592 mundum
2288 5532 2641 5593 reconcilians
2688 5539 2779 5593 tibi
2808 5556 2903 5611 per
2931 5558 3035 5597 me.
3075 5544 3366 5614 Propterea
3395 5548 3576 5616 sequi—

2000 5636 2089 5682 tur
2115 5629 2274 5682 ctiam
2315 5626 2444 5681 illud
2468 5629 2609 5699 quod
2641 5629 2715 5683 ait
2739 5647 2752 5682 :
2788 5650 2805 5681 ι
2857 5633 2922 5687 Et
2948 5634 3182 5689 dilexisti
3211 5651 3330 5702 eos,
3359 5638 3500 5693 sicut
3521 5645 3582 5696 Et

2001 5735 2087 5775 me
2129 5717 2365 5773 dilexisti
2402 5716 2591 5791 (Ibid.,
2630 5719 2747 5795 25).
2777 5742 2794 5773 ι
2827 5720 2884 5777 Ιιι
2910 5723 3045 5778 Filio
3082 5726 3277 5796 quippe
3303 5726 3581 5790 Paternos

2002 5810 2191 5881 diligit,
2217 5810 2337 5880 quia
2370 5831 2386 5862 ι
2423 5809 2478 5866 in
2504 5810 2620 5883 ipso
2660 5830 2758 5870 nos
2779 5815 2934 5886 elegit
2960 5827 3082 5871 ante
3112 5818 3294 5873 mundi
3323 5818 3582 5876 constitu-
