4088 6344
562 392 632 446 47
1548 411 1553 421 ·
1591 391 1953 448 RATRAMNI
1991 391 2441 449 CORBEIENSIS
2479 390 2783 449 MONACHI
3749 389 3819 444 48

558 502 802 577 tionem].
842 524 860 559 ι
894 506 960 561 Ει
1004 506 1092 562 hic
1118 506 1303 561 dicens
1335 505 1593 561 mundum
1629 506 1960 562 damnationi
2005 522 2143 578 pra:-
2169 508 2220 570 Λ
2246 514 2408 575 atque
2451 505 2755 575 huiusmodi
2799 517 3001 559 venena
3032 504 3175 569 fidei,
3200 503 3302 559 nisi
3325 502 3506 559 dicere
3544 504 3819 573 timerem,

555 596 884 651 destinatum
916 637 930 662 ,
989 598 1255 668 geminam
1304 596 1539 650 ostendit
1588 596 2138 666 praedestinationem.

555 690 691 745 Item
711 690 768 745 in
799 691 986 745 eodem
1004 690 1177 761 (tract.
1208 691 1284 760 χι)
1308 708 1319 742 ;
1345 688 1647 761 [Quomodo
1665 705 1794 761 ergo
1814 704 1921 747 non
1942 690 2142 745 erimus

559 796 683 835 cum
732 778 947 836 Christo
1000 781 1092 835 ubi
1140 789 1242 845 est,
1300 782 1515 851 quando
1565 782 1619 836 in
1670 780 1833 837 Patre
1876 798 1999 839 cum
2051 782 2142 840 illo

555 873 776 937 erimus,
832 872 887 927 in
932 886 1040 942 quo
1089 880 1192 928 est.
1244 871 1431 944 Neque
1477 874 1603 931 hinc
1644 868 1957 946 Apostolus
1988 875 2143 932 nobis

554 965 800 1034 quamvis
840 964 1077 1020 nondum
1126 979 1241 1021 rem
1270 966 1595 1034 tenentibus,
1625 969 1721 1024 sed
1765 977 1944 1023 tamen
1991 984 2139 1040 spem

560 1058 870 1128 gerentibus
897 1057 1099 1113 tacuit:
1134 1059 1211 1113 ait
1243 1059 1387 1114 enim
1414 1077 1427 1113 :
1457 1080 1475 1111 ι
1518 1059 1575 1115 Si
1620 1060 1990 1116 resurrexistis
2017 1077 2139 1116 cum

556 1150 792 1214 Christo,
814 1164 933 1220 qua:
962 1166 1175 1206 sursum
1216 1161 1343 1206 sunt
1369 1153 1619 1223 quaerite,
1646 1154 1737 1209 ubi
1769 1153 2015 1209 Christus
2058 1164 2141 1210 cst

555 1240 609 1294 in
640 1240 831 1296 dextra
866 1241 962 1297 Dei
990 1243 1184 1299 sedens
1211 1259 1226 1309 ;
1253 1259 1374 1313 quae
1408 1259 1621 1299 sursum
1651 1254 1777 1299 sunt
1811 1246 2002 1317 sapite,
2031 1262 2138 1301 non

556 1349 677 1403 utne
700 1349 863 1405 super
885 1343 1083 1391 terram
1107 1352 1122 1392 :
1151 1338 1349 1393 mortui
1372 1338 1513 1394 enim
1542 1340 1699 1404 estis,
1732 1350 1785 1394 et
1811 1341 1916 1394 vita
1959 1351 2138 1395 vestra

553 1426 869 1481 abscondita
893 1436 975 1482 est
1003 1442 1126 1482 cum
1155 1427 1374 1485 Christo
1422 1428 1477 1483 in
1516 1429 1626 1483 Deo
1672 1426 1806 1501 (Col.
1836 1443 1917 1493 ιιι,
1944 1428 2075 1499 1-5).
2113 1449 2131 1481 ι

548 1516 686 1573 Ecce
737 1518 956 1574 interim
1004 1533 1101 1589 per
1152 1519 1311 1575 fidem
1361 1535 1427 1575 ac
1472 1535 1622 1589 spem
1658 1521 1766 1575 vita
1818 1528 2002 1575 nostra
2045 1520 2135 1574 ubi

547 1606 800 1664 Christus
824 1616 928 1673 est,
956 1624 1079 1664 cum
1102 1608 1192 1663 illo
1219 1618 1323 1675 est,
1366 1610 1493 1680 quia
1521 1625 1642 1665 cum
1670 1609 1885 1667 Christo
1934 1611 1987 1665 in
2026 1610 2136 1665 Deo

544 1687 647 1755 est.
679 1700 819 1755 Ecce
849 1700 994 1756 velut
1013 1698 1127 1769 iam
1177 1699 1379 1756 factum
1405 1709 1489 1756 est
1517 1702 1660 1772 quod
1685 1703 1861 1757 oravit
1890 1710 1950 1758 ut
1982 1691 2137 1757 ﬁeret

546 1791 777 1846 dicens:
810 1809 829 1842 ι
867 1791 999 1846 Volo
1022 1802 1082 1846 ut
1109 1790 1204 1846 ubi
1226 1806 1325 1860 ego
1365 1808 1505 1857 sum,
1547 1800 1604 1847 et
1644 1791 1720 1847 illi
1767 1794 1873 1848 sint
1922 1808 2132 1848 mecum

2245 595 2475 652 fortasse
2522 596 2588 653 de
2636 596 2738 651 hac
2786 611 2846 651 re
2891 594 3114 650 delinire
3164 594 3362 666 aliquid
3409 610 3515 650 non
3545 594 3817 652 timerem.

2244 687 2457 756 Quanto
2486 687 2676 743 melius
2706 687 2867 758 igitur
2912 701 3020 742 non
3054 686 3343 756 separatim
3383 686 3449 742 de
3490 687 3671 742 anima
3701 688 3812 744 dis-

2241 786 2393 848 puto,
2422 787 2478 833 et
2520 775 2724 833 afﬁrmo
2760 776 2902 848 quod
2939 776 3141 840 nescio,
3175 776 3269 832 sed
3306 777 3449 847 quod
3475 777 3820 847 apertissime

2241 867 2557 937 Apostolum
2584 867 2742 923 video
2769 865 3018 923 docuisse
3044 865 3222 938 (Rom.
3270 881 3324 931 v,
3359 865 3472 939 18),
3498 866 3821 937 simpliciter

2243 967 2402 1014 teneo
2430 977 2443 1013 :
2479 978 2500 1012 ι
2542 959 2623 1013 Ex
2643 950 2751 1014 uno
2777 958 2994 1014 homine
3016 973 3202 1014 omnes
3225 958 3473 1014 homines
3497 958 3577 1014 ire
3606 959 3660 1015 in
3684 976 3818 1016 con-

2243 1051 2640 1107 demnationem
2695 1071 2714 1104 ι
2749 1052 2841 1122 qui
2888 1059 3181 1106 nascuntur
3224 1067 3291 1107 ex
3334 1052 3527 1117 Adam,
3583 1052 3689 1108 nisi
3743 1053 3818 1109 ita

2243 1150 2598 1197 renascantur
2621 1142 2676 1197 in
2702 1140 2943 1207 Christo,
2990 1142 3130 1197 sicut
3166 1142 3399 1197 instituit
3439 1151 3500 1197 ιιι
3527 1158 3821 1200 renascan-

2243 1241 2351 1297 tur,
2373 1242 2660 1304 antequam
2717 1248 2942 1303 corpore
2997 1228 3319 1299 moriantur,
3347 1249 3505 1305 quos
3544 1235 3818 1305 praadesti-

2244 1327 2391 1382 navit
2435 1328 2503 1383 a‘d
2552 1336 2809 1383 :eternam
2855 1328 3018 1382 vitam
3055 1327 3594 1383 misericordissimus
3631 1329 3819 1399 gratias

2245 1420 2469 1492 largitor
2500 1438 2511 1473 :
2544 1421 2634 1491 qui
2666 1429 2747 1476 est
2773 1429 2828 1476 et
2858 1421 2961 1476 illis
2985 1437 3122 1491 quos
3152 1421 3559 1491 praadestinavit
3590 1422 3657 1475 ad
3680 1438 3822 1476 mor-

2244 1519 2351 1565 tem
2379 1519 2642 1566 aeternam
2678 1510 3013 1580 iustissimus
3053 1510 3299 1581 supplicii
3344 1511 3659 1566 retributor.
3703 1510 3720 1584 ]
3760 1511 3817 1567 ιη

2246 1602 2330 1657 his
2389 1601 2600 1659 duobus
2671 1602 2994 1657 testimoniis
3048 1600 3488 1658 manifestissime
3549 1607 3820 1654 monstrat

2238 1692 2507 1764 geminam
2546 1692 2869 1748 venerabilis
2899 1692 3230 1761 Augustinus
3260 1692 3813 1765 praedestinationem.

2313 1785 2447 1842 Item
2488 1788 2545 1841 in
2586 1785 2723 1841 libro
2750 1786 2986 1842 secundo
3008 1787 3074 1841 de
3106 1785 3380 1856 Baptismo
3417 1783 3768 1855 parvulorum
3799 1797 3815 1838 :

545 1881 729 1949 (Joan.
758 1897 887 1946 xvu,
912 1881 1025 1952 Ἃ).
1058 1902 1075 1934 ι
1114 1881 1219 1936 Sed
1269 1897 1413 1937 nunc
1434 1898 1532 1953 per
1569 1881 1750 1949 ﬁdem,
1795 1885 2010 1955 quando
2041 1900 2134 1939 au-
2161 1874 2210 1937 B
2238 1877 2335 1951 [Ut
2366 1891 2546 1935 autem
2595 1879 2899 1934 innotescat
2948 1879 3091 1949 quod
3140 1878 3362 1943 latebat,
3406 1885 3464 1932 et
3507 1890 3673 1932 suave
3724 1874 3821 1929 flat

542 1979 651 2026 tem
682 1972 771 2026 fiet
797 1988 893 2043 per
914 1972 1185 2042 speciem?
1218 1991 1235 2023 ι
1270 1972 1405 2027 Cum
1444 1973 1712 2040 Christus,
1745 1975 1942 2045 inquit,
1967 1991 2133 2046 appa-

542 2063 712 2119 ruerit
738 2063 845 2118 vita
871 2068 1072 2129 vestra,
1104 2074 1231 2119 tunc
1259 2074 1314 2119 et
1336 2080 1429 2120 vos
1457 2067 1786 2137 apparebitis
1815 2083 1935 2122 cum
1960 2068 2052 2123 illo
2079 2070 2131 2124 in

542 2153 713 2223 gloria
736 2152 870 2225 (Gal.
897 2170 981 2220 ιιι,
1008 2154 1085 2225 4).
1111 2174 1130 2206 ι
1159 2155 1310 2211 Tunc
1327 2155 1706 2225 apparebimus
1731 2157 1872 2227 quod
1890 2159 2131 2213 tunceri-

541 2265 685 2317 mus,
718 2250 843 2319 quia
876 2258 1002 2304 tunc
1029 2250 1309 2321 apparebit
1334 2267 1441 2305 non
1480 2250 1715 2306 inaniter
1740 2266 1840 2307 nos
1884 2253 2133 2328 id'credi-

542 2341 684 2397 disse
708 2356 770 2396 ac
796 2356 1043 2411 sperasse
1056 2350 1347 2413 antequam
1373 2358 1616 2398 essemus
1636 2342 2130 2409 facti,etcuiFilius

542 2448 666 2488 cum
682 2434 939 2489 dixisset:
962 2452 981 2486 ι
1008 2433 1309 2491 Utvideant
1324 2434 1625 2491 claritatem
1650 2451 1848 2501 meam,
1866 2453 2026 2507 quam
2043 2439 2130 2493 de-

539 2528 668 2582 disti
699 2528 854 2595 mihi,
897 2551 917 2580 ι
948 2528 1206 2584 continuo
1246 2529 1525 2601 subiunxit
1557 2550 1576 2583 ι
1614 2532 1739 2601 quia
1775 2532 2013 2588 dilexisti
2043 2547 2129 2587 me

541 2626 668 2673 ante
700 2618 885 2673 mundi
934 2618 1374 2675 constitutionem
1416 2634 1431 2674 :
1475 2639 1495 2673 ι
1530 2621 1586 2676 in
1621 2620 1713 2676 illo
1757 2623 1902 2677 enim
1942 2621 2130 2677 dilexit

544 2722 644 2763 nos
670 2716 795 2762 ante
819 2708 1004 2762 mundi
1041 2710 1508 2777 constitutionem,
1533 2719 1589 2767 et
1614 2720 1742 2767 tunc
1770 2713 2127 2784 praedestina-

538 2799 637 2865 vit,
662 2800 804 2873 quod
831 2800 885 2854 in
924 2800 1030 2857 line
1074 2800 1313 2856 futurum
1345 2811 1431 2857 est
1469 2804 1679 2859 mundi.
1717 2824 1735 2855 ι
1766 2804 1947 2871 Pater,
1988 2826 2019 2878 »ν
2044 2808 2127 2861 in-

537 2890 674 2958 quit,
706 2908 725 2940 ι
761 2888 928 2958 iuste,
954 2892 1185 2947 mundus
1216 2902 1269 2948 te
1292 2908 1399 2947 non
1428 2895 1680 2966 cognovit
1721 2915 1739 2947 ι
1776 2897 1901 2968 quia
1943 2897 2125 2967 iustus

539 2992 623 3043 es,
650 2976 771 3033 ideo
796 2987 848 3033 te
883 2995 988 3034 non
1015 2980 1268 3049 cognovit
1298 2999 1312 3035 :
1354 2984 1589 3038 mundus
1617 2985 1813 3056 quippe
1854 2987 1942 3041 ille
1975 2986 2123 3044 dam-

540 3069 745 3125 nationi
774 3072 1189 3141 praedestinatus
1218 3073 1413 3128 merito
1433 3088 1539 3128 non
1569 3076 1854 3146 cognovit;
1884 3078 2121 3135 mundus

538 3179 687 3228 vero,
717 3178 876 3233 quem
905 3178 1001 3233 per
1025 3162 1303 3219 Christum
1332 3165 1722 3232 reconciliavit,
1766 3182 1874 3222 non
1904 3169 2117 3235 merito,

2247 1971 2388 2041 quod
2411 1987 2517 2026 non
2545 1970 2865 2035 delectabat,
2889 1972 3063 2041 gratia
3102 1970 3196 2025 Dei
3216 1978 3323 2034 est,
3346 1985 3454 2040 qua
3475 1969 3694 2039 adjuvat
3719 1968 3817 2023 ho-

2237 2062 2442 2117 minum
2467 2062 2771 2118 voluntates
2801 2078 2815 2117 :
2847 2079 2952 2133 qua
2985 2071 3045 2117 ut
3082 2078 3186 2117 non
3230 2060 3556 2132 adjuventur
3603 2063 3657 2116 in
3687 2062 3819 2132 ipsis

2235 2152 2420 2208 itidem
2456 2169 2617 2208 causa
2644 2163 2751 2218 est,
2802 2169 2909 2208 non
2954 2154 3009 2207 in
3043 2154 3174 2218 Deo,
3206 2154 3319 2210 sive
3357 2154 3646 2208 damnandi
3681 2168 3816 2223 pra:-

2234 2243 2489 2299 destinati
2539 2253 2664 2299 sunt
2713 2254 2937 2316 propter
2980 2244 3318 2315 iniquitatem
3371 2245 3669 2315 superbiae;
3702 2245 3817 2301 sive

2233 2346 2423 2392 contra
2452 2338 2622 2408 ipsam
2647 2339 2959 2410 superbiam
2981 2338 3259 2408 iudicandi
3289 2348 3345 2395 et
3362 2341 3558 2395 eruditi
3586 2339 3679 2394 lilii
3704 2340 3814 2395 sint

2231 2429 2643 2486 inisericordite.
2677 2430 2838 2487 Unde
2859 2429 3124 2487 Jeremias
3145 2449 3268 2488 cum
3292 2433 3517 2488 dixisset
3554 2450 3568 2487 :
3602 2452 3621 2485 ι
3665 2431 3811 2496 Scio,

2231 2518 2478 2585 Domine,
2505 2520 2628 2591 quia
2671 2536 2778 2576 non
2813 2531 2898 2577 est
2936 2522 2990 2577 in
3017 2522 3239 2579 homine
3280 2523 3387 2579 vita
3420 2522 3558 2593 ejus,
3588 2540 3690 2580 nec
3708 2525 3812 2580 viri

2230 2620 2313 2667 est
2339 2621 2396 2667 ut
2422 2613 2678 2679 ambulet,
2725 2622 2784 2670 ει
2810 2615 3012 2686 dirigat
3049 2630 3267 2687 gressus
3318 2633 3465 2683 suos,
3503 2619 3814 2674 {continuo

2230 2702 2538 2775 subiungit:
2574 2725 2593 2757 ι
2645 2706 2871 2777 Corripe
2896 2723 3005 2774 me,
3043 2710 3298 2777 Domine;
3344 2721 3718 2767 verumtamen
3755 2712 3809 2766 in

2222 2796 2446 2867 judicio,
2478 2807 2532 2855 et
2562 2815 2669 2856 non
2700 2800 2753 2855 in
2785 2801 2967 2857 furore
2992 2809 3084 2857 tuo
3113 2803 3247 2871 (Jer.
3273 2820 3331 2868 κ,
3352 2803 3445 2870 2'5,
3468 2804 3582 2874 24).
3618 2824 3636 2857 ι
3674 2804 3811 2860 Tan-

2226 2904 2388 2959 quam
2429 2889 2678 2946 diceret:
2724 2890 2850 2947 Scio
2879 2892 2946 2947 ad
2990 2895 3388 2964 correptionem
3425 2911 3601 2952 meam
3642 2897 3809 2968 perti-

2225 2997 2376 3048 nere,
2400 2982 2545 3054 quod
2578 2983 2759 3039 minus
2800 2985 2895 3040 abs
2938 2992 2991 3041 te
3028 2986 3271 3057 adiuvor,
3322 2995 3381 3042 ut
3412 2988 3652 3059 perfecte
3677 2989 3808 3044 diri-

2224 3081 2421 3145 gantur
2444 3088 2660 3144 gressus
2685 3075 2789 3131 mei
2817 3092 2830 3130 :
2859 3082 3230 3132 verumtamen
3258 3079 3361 3135 hoc
3388 3080 3563 3149 ipsum
3592 3079 3697 3134 noli
3721 3080 3802 3135 sic

2223 3178 2433 3218 mecum
2463 3179 2642 3236 agere,
2682 3174 2934 3237 tanquam
2966 3167 3021 3223 in
3054 3167 3235 3224 furore
3263 3186 3371 3241 quo
3396 3170 3610 3242 iniquos
3648 3172 3803 3226 dam-

533 3256 629 3310 sed
658 3248 832 3327 gratia
857 3258 1128 3326 cognovit.
1166 3255 1305 3323 Quid
1329 3265 1415 3313 est
1447 3258 1592 3313 enim
1616 3271 1743 3313 eum
1764 3274 2113 3331 cognoscere,
2145 3243 2190 3307 C
2221 3268 2354 3311 nare
2403 3256 2673 3318 statuisti:
2725 3258 2821 3312 θεά
2862 3265 3119 3329 tanquam
3158 3260 3212 3315 in
3249 3258 3469 3328 iudiciO,
3508 3276 3615 3331 riuo
3639 3262 3804 3317 doces

532 3347 637 3401 nisi
668 3347 780 3402 vita
807 3348 1046 3403 aeterna?
1084 3363 1249 3419 quam
1273 3349 1474 3404 mundo
1503 3350 1757 3407 damnato
1794 3352 1980 3423 utique
2005 3369 2114 3409 non

532 3439 698 3505 dedit,
729 3439 1077 3495 reconciliato
1098 3439 1269 3495 dedit.
1292 3439 1585 3511 Propterea
1614 3442 1802 3512 utique
1830 3463 1848 3497 ι
1885 3445 2118 3502 mundus

532 3546 638 3585 non
671 3531 948 3602 cognovit,
980 3551 999 3583 ι
1031 3532 1156 3603 quia
1180 3531 1359 3603 iustus
1390 3546 1473 3598 es,
1504 3534 1716 3590 meritis
1751 3536 1885 3605 ejus,
1918 3544 1977 3591 ut
2008 3554 2116 3593 non

529 3630 904 3692 cognosceret,
947 3622 1204 3689 tribuisti,
1238 3632 1296 3679 et
1329 3614 1621 3695 propterea
1662 3626 1896 3682 mundus
1922 3642 2114 3684 recon-

529 3714 743 3771 ciliatus
761 3717 1034 3788 cognovit,
1058 3716 1183 3787 quia
1211 3716 1524 3773 misericors
1545 3732 1624 3783 es,
1656 3720 1799 3772 ct'ut
1820 3733 2115 3790 cognosce-

529 3816 613 3861 ret
631 3822 738 3862 non
763 3808 813 3863 ei
834 3808 1053 3873 merito,
1073 3810 1171 3863 sed
1192 3808 1366 3878 gratia
1388 3807 1733 3881 subvenisti.]
1760 3809 1825 3863 Et
1847 3809 1935 3865 hic
1961 3826 2117 3865 mun-

528 3900 657 3954 dum
713 3899 1046 3955 damnationi
1089 3900 1533 3970 praedestinatum
1582 3900 1785 3967 dicens,
1844 3901 2112 3969 geminam

525 3977 1349 4059 praedestinationem'ostendit,
1389 3990 1645 4062 quoniam
1687 3992 2116 4061 praedestinatio-

528 4097 652 4137 nem
682 4097 869 4138 eorum
910 4084 1004 4153 qui
1046 4083 1323 4139 salvantur
1358 4083 1609 4154 superius
1662 4084 1836 4155 posita
1864 4086 2112 4156 exempla

533 4174 668 4228 satis
700 4189 971 4246 superque
998 4175 1391 4231 demonstrant.
1428 4173 1562 4229 item
1599 4174 1653 4228 in
1687 4172 1823 4229 libro
1860 4176 2114 4232 Enchiri-

532 4263 656 4320 dion
683 4264 820 4337 (cap.
840 4266 963 4337 100)
989 4265 1172 4340 ειΗωε
1194 4276 1320 4322 ειιιιι
1350 4286 1366 4318 ι
1389 4282 1586 4339 magna
1603 4282 1766 4336 opera
1783 4268 1992 4324 Domini
2018 4285 2114 4325 ex-

533 4356 729 4424 quisita
772 4356 823 4411 in
871 4372 1061 4413 omnes
1090 4358 1395 4413 voluntates
1432 4356 1549 4425 ejus
1573 4354 1745 4428 (Psal.
1776 4372 1865 4422 cx,
1894 4356 1973 4430 2),
2004 4378 2023 4412 ι
2058 4368 2112 4415 ει

461 4506 467 4520 τ
529 4458 641 4503 tam
668 4449 939 4519 sapienter
966 4442 1259 4520 exquisita,
1286 4459 1346 4504 ut
1370 4465 1493 4505 cum
1519 4448 1762 4518 angelica
1789 4458 1844 4505 et
1872 4449 2109 4506 humana

463 4536 469 4601 ξ
525 4536 774 4595 creatura
816 4548 1113 4611 peccasset,
1157 4540 1211 4595 id
1255 4550 1337 4596 est
1381 4556 1488 4595 non
1516 4541 1658 4610 quod
1702 4539 1810 4605 ille,
1844 4542 1938 4597 sed
1966 4543 2107 4614 quod

2224 3356 2345 3403 tuos
2372 3363 2478 3403 non
2510 3349 2808 3421 superbire.
2842 3348 2996 3405 Unde
3031 3351 3158 3406 alibi
3189 3351 3387 3407 dicitur
3414 3368 3428 3407 :
3467 3372 3486 3404 ι
3518 3353 3586 3408 Et
3599 3352 3802 3423 judicia

2221 3446 2314 3494 tua
2369 3437 2699 3508 adiuvabant
2745 3455 2832 3495 me
2867 3437 3043 3513 (Psal.
3098 3458 3272 3512 xvm,
3327 3444 3471 3514 175).
3524 3463 3544 3497 ι
3595 3443 3805 3501 Nullius

2219 3530 2444 3601 proinde
2493 3531 2741 3586 humanae
2767 3531 2938 3603 culpa:
2972 3534 3025 3588 in
3073 3535 3241 3590 Deum
3289 3535 3495 3591 referas
3532 3553 3753 3593 causam
3785 3555 3799 3593 :

2219 3620 2476 3676 vitiorum
2503 3636 2739 3692 namque
2763 3624 3006 3678 omnium
3046 3626 3401 3681 humanorum
3425 3643 3589 3682 causa
3616 3645 3804 3699 super-

2218 3713 2307 3769 hia
2330 3712 2460 3786 est.]
2492 3712 2606 3769 Hac
2633 3715 2900 3770 sententia
2939 3718 3177 3773 ostendit
3201 3719 3523 3775 venerabilis
3549 3721 3804 3792 Augusti-

2218 3819 2321 3859 nus
2349 3804 2521 3859 malos
2547 3812 2768 3876 propter
2799 3805 3140 3877 iniquitatem
3165 3807 3432 3879 superbia:
3462 3809 3795 3867 damnationi

2217 3896 2650 3967 przedestinatos,
2694 3914 2799 3954 non
2833 3907 3012 3954 autem
3062 3900 3128 3954 ad
3177 3888 3456 3972 peccatum
3491 3921 3502 3958 :
3544 3905 3798 3974 quoniam

2216 3998 2497 4058 peccatum
2529 4005 2636 4045 non
2665 3999 2749 4045 est
2773 4006 2839 4045 ex
2882 3991 3011 4047 Deo.
3063 3990 3247 4063 Neque
3271 3994 3415 4049 enim
3452 4003 3643 4050 auctor
3671 3995 3798 4050 mali

2214 4087 2297 4135 est
2318 4080 2484 4146 Deus,
2510 4094 2684 4151 poenae
2729 4095 2859 4135 vero
2900 4081 3129 4136 redditio
3166 4097 3231 4138 ex
3260 4083 3369 4139 Deo
3391 4092 3494 4139 est.
3543 4083 3677 4151 Quia
3712 4084 3798 4155 iu-

2215 4180 2358 4228 stum
2388 4182 2471 4229 est
2506 4174 2683 4245 utqui
2727 4175 2837 4229 Deo
2870 4189 2969 4245 per
3003 4175 3362 4232 humilitatem
3408 4178 3561 4233 subdi
3600 4177 3794 4242 noluit,

2213 4273 2433 4335 proliter
2488 4264 2795 4335 superbiam
2844 4266 3051 4323 caelesti
3102 4268 3304 4325 ultione
3356 4268 3601 4324 feriatur.
3644 4268 3796 4325 Unde

2213 4356 2615 4426 prmdestinatio
2667 4355 2762 4412 Dei
2809 4358 2876 4411 ad
2928 4374 3143 4429 pmnam
3192 4369 3299 4426 est,
3350 4377 3510 4432 quam
3566 4360 3793 4415 subituri

2213 4458 2338 4503 sunt
2368 4448 2516 4515 mali,
2554 4449 2644 4519 qui
2676 4450 3102 4520 perseverabunt
3126 4452 3177 4506 in
3202 4451 3488 4523 iniquitate
3516 4465 3531 4506 :
3561 4468 3664 4507 non
3698 4467 3793 4507 au-

2213 4548 2319 4595 tem
2339 4539 2407 4594 ad
2436 4547 2747 4610 peccatum;
2779 4540 2902 4610 quia
2931 4540 3071 4595 Deus
3091 4550 3280 4598 auctor
3301 4541 3425 4597 mali
3450 4557 3554 4597 non
3577 4550 3679 4606 est,
3702 4558 3795 4598 ne-

463 4656 471 4691 :
523 4631 694 4688 voluit
741 4604 856 4703 ipsa
907 4631 1144 4698 fecisset,
1193 4631 1356 4687 etiam
1403 4647 1501 4701 per
1532 4604 1802 4688 eamdem
1839 4604 2106 4691 creaturae
2132 4604 2185 4663 Ῑ)
2214 4646 2317 4701 que
2336 4604 2514 4701 placet
2535 4632 2644 4687 Deo
2664 4604 2941 4699 iniquitas,
2961 4642 3015 4686 et
3031 4648 3216 4688 corum
3241 4648 3359 4702 qua-
3381 4633 3793 4704 operaturDeus

461 4713 474 4779 ἱ
531 4723 885 4790 voluntatem,
937 4739 1043 4795 qua
1092 4723 1291 4778 factum
1324 4732 1407 4779 est
1460 4725 1602 4793 quod
1644 4723 1869 4781 Creator
1912 4726 2101 4792 noluit,

529 4813 777 4884 impleret
815 4816 931 4886 ipse
967 4814 1109 4884 quod
1138 4816 1328 4882 voluit,
1353 4816 1490 4872 bene
1521 4824 1678 4872 utens
1698 4826 1753 4873 et
1781 4818 1957 4885 malis,
1989 4829 2106 4874 tan-

524 4921 686 4974 quam
715 4922 928 4963 summe
970 4909 1162 4976 bonus,
1195 4910 1262 4964 ad
1303 4925 1491 4965 eorum
1530 4912 1933 4968 damnationem
1967 4898 2104 4983 quos

514 4995 660 5065 iuste
688 4998 1090 5069 praedestinavit
1117 4999 1182 5054 ad
1209 5014 1446 5071 poenam,
1476 5010 1531 5056 et
1561 5003 1629 5057 ad
1663 5017 1852 5058 eorum
1874 4988 2101 5059 salutem

520 5078 656 5159 quos
685 5090 916 5162 benigne
940 5092 1345 5161 praedestinavit
1366 5093 1434 5148 ad
1458 5094 1735 5168 gratiam]

592 5181 725 5238 ltem
764 5183 819 5237 in
844 5174 987 5238 libro
1028 5194 1221 5254 quarto
1253 5186 1322 5242 de
1363 5185 1564 5241 Natura
1585 5196 1639 5243 et
1664 5186 1885 5257 Origine
1905 5184 2099 5245 animm

520 5274 603 5330 ad
637 5272 979 5331 Vincentium
1028 5266 1300 5333 Victorem
1339 5278 1450 5350 (lib.
1487 5295 1560 5344 ιν,
1596 5297 1710 5350 cap.
1752 5279 1879 5351 tl):
1924 5278 2103 5351 [Absit

517 5364 664 5421 enim
691 5365 793 5422 hoc
818 5366 1003 5423 volens
1036 5367 1263 5435 diluere,
1286 5378 1344 5426 ut
1364 5372 1564 5437 dicam,
1589 5387 1710 5437 quae
1735 5371 1849 5441 ipse
1870 5371 2054 5428 dixisti
2083 5390 2095 5427 :

517 5456 673 5527 Quod
702 5459 880 5515 anima
903 5476 1000 5532 per
1026 5477 1243 5519 carnem
1272 5465 1551 5529 meruerit,
1585 5464 1877 5536 inquinari,
1899 5473 1954 5520 et
1973 5481 2095 5522 esse

513 5551 808 5622 peccatrix,
850 5553 1054 5608 nullum
1094 5554 1298 5610 habens
1320 5564 1444 5610 ante
1466 5564 1773 5625 peccatum,
1805 5571 1913 5625 quo
1946 5564 2091 5612 recte

513 5639 570 5695 id
599 5642 859 5699 meruisse
893 5643 1106 5700 dicatur
1139 5652 1251 5710 :et,
1278 5642 1430 5712 Quod
1472 5644 1637 5699 etiam
1668 5645 1783 5700 sine
1819 5644 2091 5716 baptismo

482 5730 792 5809 .originalia
816 5743 1037 5803 peccata
1063 5734 1341 5789 solvantur
1370 5751 1382 5787 :
1417 5744 1491 5799 ct,
1520 5734 1674 5801 Quod
1700 5726 1925 5809 regnum
1950 5753 2085 5807 quo-

510 5806 617 5893 que
643 5826 900 5882 ccelorum
939 5842 1043 5882 non
1074 5827 1365 5898 baptizatis
1410 5828 1461 5883 in
1506 5827 1610 5884 line
1641 5806 1926 5887 tribuatur.
1963 5806 2086 5893 Haec

2213 4721 2623 4790 prmdestinator
2647 4733 2761 4788 est;
2788 4722 3059 4785 videlicet,
3093 4723 3175 4778 vel
3213 4723 3476 4780 bonorum
3509 4741 3627 4795 qua:
3669 4726 3790 4780 red-

2215 4813 2426 4868 diturus
2464 4822 2546 4867 est
2569 4815 2793 4879 sanctis,
2829 4813 2912 4868 vel
2942 4828 3245 4884 prunarum,
3280 4832 3415 4886 quas
3461 4817 3660 4886 iniquis
3692 4833 3789 4889 pu-

2213 4905 2425 4960 niendis
2456 4904 2699 4960 illaturus
2728 4914 2830 4960 est.
2863 4905 2932 4958 At
2958 4921 3087 4961 vero
3125 4906 3387 4961 malorum
3414 4908 3553 4962 sicut
3577 4924 3682 4963 non
3706 4922 3791 4964 est

2214 5004 2425 5060 auctor,
2451 4995 2525 5048 ita
2551 5010 2648 5049 nec
2673 4996 3103 5064 praedestinator.
3155 4997 3270 5053 Non
3316 4999 3459 5053 enim
3506 5007 3786 5069 peccatum

2210 5102 2277 5142 ex
2301 5086 2411 5141 Deo
2439 5094 2541 5153 est,
2574 5087 2667 5141 sed
2692 5102 2759 5142 ex
2786 5087 3016 5145 diabolo.
3047 5088 3225 5160 Atque
3253 5098 3536 5160 propterea
3563 5106 3787 5147 suorum

2208 5196 2429 5252 cperunt
2459 5197 2579 5252 qua:
2624 5181 2708 5236 vel
2754 5182 3177 5240 misericorditer
3223 5185 3465 5255 respicit,
3513 5185 3596 5241 vel
3640 5183 3786 5255 iuste

2208 5273 2403 5351 punit,
2434 5274 2848 5344 przedestinator
2895 5284 2977 5331 est
3005 5290 3020 5330 :
3048 5291 3233 5332 eorum
3285 5286 3463 5332 autem
3509 5293 3628 5349 qua:
3677 5293 3783 5333 non

2207 5363 2336 5436 agit,
2369 5364 2508 5420 sicut
2550 5365 2745 5421 vindex
2789 5374 2893 5432 est,
2940 5365 3013 5421 ita
3060 5367 3473 5438 prmdestinator
3517 5384 3621 5423 non
3678 5380 3777 5425 est.

2207 5456 2335 5513 ltem
2359 5457 2412 5512 in
2444 5457 2580 5513 libro
2609 5458 2817 5513 decimo
2842 5457 3033 5527 quinto
3058 5458 3126 5513 de
3163 5458 3393 5514 Civitate
3420 5458 3512 5513 Dei
3546 5476 3557 5510 :
3606 5457 3781 5531 [Arbi—

2202 5556 2317 5603 tror
2345 5563 2442 5602 nos
2472 5547 2607 5602 satis
2631 5545 2744 5615 iam
2766 5546 2959 5603 fecisse
2979 5549 3187 5619 magnis
3214 5559 3268 5604 et
3291 5548 3618 5604 difﬁcillimis
3637 5562 3783 5618 quae--

2201 5641 2466 5695 stionihus
2490 5640 2557 5695 de
2590 5639 2743 5695 initio
2764 5639 2848 5695 vel
2877 5640 2943 5696 de
2971 5641 3077 5695 line
3101 5642 3305 5705 mundi,
3336 5641 3419 5695 vel
3454 5641 3666 5705 animae,
3691 5640 3778 5696 vel

2201 5732 2369 5801 ipsius
2406 5726 2621 5802 generis
2664 5730 2882 5786 humani
2917 5732 3095 5803 :quod
3141 5733 3193 5787 in
3234 5733 3339 5787 duo
3365 5746 3559 5803 genera
3592 5732 3777 5788 distri-

2200 5827 2446 5890 buimus;
2481 5842 2619 5882 unus
2659 5841 2843 5882 eorum
2872 5827 2962 5897 qui
2998 5828 3289 5883 secundum
3314 5829 3609 5894 hominem,
3641 5826 3773 5881 alte-
