4088 6344
495 417 580 501 δι’
1532 439 1882 496 RATRAMNI
1923 438 2363 496 COl'tBElENSlS
2395 441 2693 500 uoaacm
3679 440 3748 498 52

497 548 668 616 niitati
705 573 810 612 non
843 557 1014 620 cedat,
1061 554 1114 609 in
1156 553 1333 611 futura
1382 563 1557 608 autem
1599 553 1783 624 gratiae
1811 550 2072 606 beneficio
2099 552 2146 610 Α
2175 552 2397 624 punitio.
2426 553 2707 626 Nunquam
2755 555 2919 628 igitur
2941 553 3085 609 Deus
3111 553 3176 608 ad
3206 554 3308 608 hoc
3346 553 3620 609 hominem
3655 561 3749 626 po‘

497 639 863 704 inﬁrmitatem
891 661 997 701 non
1025 645 1256 713 habeat;
1285 655 1338 701 et
1361 661 1504 701 nunc
1522 653 1796 700 recreetur
1815 643 2072 699 continuo

2177 645 2275 700 tuit
2320 645 2718 716 praedestinare,
2753 644 2896 715 quod
2954 643 3068 716 ipse
3119 641 3472 715 disposuerat,
3517 655 3573 699 et
3603 659 3746 714 pra:-

489 735 768 806 jttvamine
809 735 1182 792 mediCanunis
1227 756 1240 792 :
1275 747 1400 792 tunc
1452 751 1578 792 vero
1629 734 1838 790 fruatur
1874 743 2072 789 aeterna
2173 748 2328 806 cepto
2353 737 2662 806 prohibere,
2690 745 2746 792 ct
2791 735 3160 791 misericordia
3210 733 3438 799 diluere,
3467 743 3522 790 et
3539 735 3746 806 iustitia

496 828 825 901 plenitudine
853 829 1122 886 sanitatis.
1151 827 1275 883 Haec
1299 837 1474 884 autem
1503 827 1663 890 Deus,
1695 826 1834 881 sicut
1855 825 1908 878 in
1937 839 2076 894 pra:-

495 905 856 977 destinatioiie
904 935 1118 990 semper
1161 917 1370 980 habuit,
1421 919 1498 973 sic
1541 933 1638 988 per
1671 919 1898 989 gratiam
1937 916 2075 970 sicut

494 1013 973 1084 pmtlestinavemt
1001 1011 1146 1066 facit.
1179 1009 1674 1066 Przcdestinationis
1705 1010 1885 1080 itaque
1909 1008 2074 1077 ipsius

499 1093 802 1162 insinuatur
827 1105 1050 1176 agnitio,
1086 1121 1209 1160 cum
1253 1104 1384 1159 dicit
1435 1103 1746 1174 Scriptura:
1783 1121 1800 1153 ι
1839 1102 1902 1154 Et
1933 1116 2072 1171 prte-

497 1185 722 1268 paratur
737 1197 984 1261 voluntas
1007 1213 1034 1250 a
1061 1198 1284 1252 Domino
1307 1196 1492 1267 (Prov.
1522 1195 1819 1265 Vlll,'juxla
1843 1193 1986 1246 LXX
1995 1195 2069 1265 ).›

497 1277 613 1343 Non
651 1295 829 1342 autem
879 1289 948 1342 ob
998 1287 1141 1343 aliud
1193 1295 1491 1358 praeparata
1541 1285 1757 1349 dicitur,
1804 1284 1906 1338 nisi
1952 1281 2076 1352 quia

425 1391 432 1404 ‘
499 1377 671 1436 danda
698 1377 1027 1450 praedieltur.
1055 1379 1092 1430 Α
1123 1394 1230 1450 quo
1259 1379 1404 1432 enim
1445 1383 1780 1448 prreparatur
1810 1390 1907 1444 per
1926 1374 2078 1430 boni-

500 1479 666 1528 tatem
699 1470 1103 1540 sempiternam,
1151 1469 1219 1523 ab
1268 1470 1384 1539 ipso
1433 1468 1594 1523 datur
1637 1479 1734 1537 per
1783 1464 2075 1520 indebitam

501 1560 881 1636 gratiam.]'ln
919 1562 1018 1616 hac
1059 1560 1326 1616 sententia
1375 1560 1502 1631 quid
1540 1560 1686 1615 Deus.
1710 1557 2079 1628 praedestinat,

501 1665 555 1708 et
585 1655 712 1724 quid
743 1643 849 1708 non
880 1653 1226 1724 praedestinat
1257 1651 1515 1722 probabili
1547 1649 1756 1704 ratione
1799 1648 2074 1712 discernit,

501 1747 624 1818 quia
655 1746 1285 1814 demoustratpeccatum
1315 1758 1423 1798 non
1454 1756 1576 1798 esse
1621 1741 1676 1795 in
1725 1739 2076 1811 praedestina-

503 1838 649 1891 tione
680 1837 796 1902 Dei,
831 1837 923 1892 sed
948 1849 1164 1907 poenam
1195 1837 1424 1906 peccati.
1461 1819 1682 1890 Athvero
1702 1835 1856 1889 beata
1883 1833 2074 1887 merita

500 1919 810 1983 Sanctorum
857 1935 912 1984 et
939 1928 1427 2009 remunerationem
1454 1935 1682 1998 utraque
1710 1927 1766 1981 in
1796 1925 2073 1998 praedesti-
2100 1913 2150 1975 B

501 2015 719 2077 natione
748 2019 842 2076 Dei
872 2035 989 2076 esse
1031 2021 1250 2086 fatetur,
1279 2021 1405 2091 quia
1430 2027 1657 2090 utraque
1699 2033 1729 2072 a
1771 2017 1887 2074 Deo
1927 2026 2072 2073 sunt.

498 2111 612 2166 Non
656 2112 800 2167 enim
847 2112 1046 2183 aliquid
1074 2112 1200 2166 boni
1231 2112 1428 2166 habent
1459 2111 1656 2176 sancti,
1683 2109 1785 2164 nisi
1810 2125 1839 2163 a
1866 2107 1998 2171 Deo,
2023 2115 2076 2162 et

499 2191 864 2258 remuneratio
903 2219 1000 2274 pro
1025 2203 1206 2268 bonis,
1232 2218 1352 2273 quae
1387 2211 1672 2270 gesserunt
1699 2201 1876 2264 electi,
1909 2215 1938 2254 a
1965 2201 2076 2256 Deo

497 2305 598 2358 est.
642 2305 925 2368 propterea
981 2307 1208 2366 utraque
1261 2312 1290 2350 a
1349 2296 1459 2351 Deo
1503 2304 1628 2350 sunt
1676 2293 2074 2365 prmdestinata.

496 2385 628 2443 ltem
662 2387 714 2440 in
740 2386 1089 2458 sequentibus
1113 2393 1250 2456 (cap.
1284 2387 1372 2456 12)
1405 2405 1416 2440 :
1446 2385 1590 2458 [Ideo
1619 2400 1746 2455 ergo
1774 2385 1826 2438 in
1857 2383 2078 2456 promis-

501 2467 576 2533 sis
604 2479 696 2535 Dei
729 2479 869 2534 nulla
899 2489 981 2534 est
1013 2480 1235 2546 falsitas,
1260 2479 1384 2549 quia
1409 2479 1461 2533 in
1487 2478 1746 2534 faciendis
1776 2477 1918 2532 nulla
1953 2475 2079 2530 Om-

502 2569 763 2638 nipotenti
807 2580 892 2624 est
933 2570 1236 2637 dillicultas,
1276 2579 1329 2626 et
1377 2552 1777 2644 propterea’ibi
1805 2583 2077 2640 nunquam

503 2659 652 2713 deest
687 2660 979 2716 voluntatis
1031 2659 1286 2727 ell'cctus;
1335 2662 1460 2732 quia
1514 2643 1924 2730 voluntas‘ipsa
1971 2673 2078 2713 non

505 2747 645 2801 aliud
677 2749 950 2804 invenitur
983 2765 1104 2806 esse
1150 2767 1312 2822 quam
1342 2752 1534 2805 virtus.
1582 2750 1850 2820 Quidquid
1899 2757 2080 2803 autem

505 2841 614 2893 Vult
639 2852 836 2912 potest,
866 2841 954 2912 qui
987 2855 1240 2910 quantum
1289 2841 1402 2896 vult
1452 2851 1653 2896 tantum
1701 2848 1894 2910 potest.
1949 2838 2081 2894 Pro-

505 2941 686 3002 pterea
733 2934 798 2988 de
830 2933 919 2988 illo
947 2933 1061 2988 solo
1089 2934 1249 3005 digne
1283 2933 1480 2988 dicitur
1513 2950 1526 2986 :
1567 2953 1584 2984 ‹
1617 2931 1808 2988 Omnia
1834 2945 2082 3002 quaecun-

508 3040 612 3095 que
645 3023 809 3078 voluit
834 3025 960 3080 fecit
993 3022 1168 3098 (Paul.
1195 3040 1325 3080 cxm
1346 3034 1393 3079 et
1419 3027 1660 3094 cxxxrv).
1701 3043 1720 3075 ι
1755 3021 1820 3077 Et
1845 3023 2036 3076 iterum
2065 3036 2077 3074 :

513 3134 528 3164 ι
569 3113 768 3171 Subest
787 3116 932 3170 enim
961 3117 1076 3182 tibi,
1101 3132 1225 3172 cum
1248 3117 1416 3180 voles,
1438 3129 1594 3186 posse
1625 3115 1774 3187 (Sap.
1801 3131 1900 3179 xu,
1925 3113 2032 3182 18).
2057 3131 2076 3163 ι

507 3206 888 3260 ldeodiximus
916 3215 1119 3260 tantam
1165 3189 1248 3261 ibi
1295 3221 1416 3262 esse
1467 3207 1716 3262 virtutem
1767 3202 2079 3266 voluntatis,

508 3308 708 3368 quanta
740 3306 794 3351 et
825 3297 1072 3353 voluntas
1128 3299 1244 3369 ipsa
1284 3298 1500 3354 virtutis
1529 3314 1543 3351 :
1571 3297 1695 3368 quia
1739 3297 1824 3350 cui
1867 3308 2080 3365 semper
2106 3273 2152 3337 (ἶ

505 3390 710 3453 subest,
737 3405 858 3444 cum
887 3389 1050 3455 volet,
1072 3406 1243 3461 posse,
1278 3405 1384 3444 non
1411 3390 1555 3445 aliud
1587 3398 1669 3444 est
1711 3389 1764 3444 in
1810 3388 1901 3442 illo
1920 3387 2075 3452 velle,

503 3498 664 3554 quam
697 3498 850 3554 posse
881 3483 1017 3554 (cap.
1053 3483 1161 3554 15).
1195 3483 1329 3550 Quia
1361 3499 1490 3554 ergo
1521 3482 1661 3538 Deus
1707 3481 1849 3536 nulla
1895 3495 2079 3536 neces-

505 3574 664 3630 sitate
721 3574 1100 3646 compellitur,
1159 3582 1218 3628 ut
1274 3573 1474 3644 aliquid
1529 3575 1715 3629 nolens
1758 3573 2075 3642 permittat,

510 3663 706 3720 nullius
770 3666 956 3736 utique
1017 3665 1361 3721 adversitatis
1413 3665 1699 3736 impeditur
1765 3663 2074 3728 obstaculo,

505 3773 610 3830 quo
669 3757 721 3812 id
781 3761 921 3828 quod
981 3759 1268 3830 promisit,
1330 3767 1423 3813 aut
1483 3759 1660 3825 minus
1713 3772 1872 3827 quam
1926 3755 2078 3823 vult,

505 3861 598 3906 aut
625 3851 830 3906 tardius
862 3851 1042 3908 faciat.
1071 3851 1302 3908 Proinde
1331 3852 1529 3922 potuit,
1557 3852 1698 3905 sicut
1721 3850 1910 3915 voluit,
1945 3864 2080 3920 prte—

498 3929 776 3996 destinare
801 3942 1061 4010 quosdam
1097 3942 1162 3993 ad
1193 3941 1439 4010 gloriam,
1463 3939 1720 4009 quosdam
1753 3941 1818 3992 ad
1839 3953 2076 4009 pmnam.

505 4031 610 4087 Sed
642 4048 777 4102 quos
800 4031 1200 4102 praedestinavit
1224 4033 1290 4086 ad
1317 4032 1566 4102 gloriam,
1591 4031 1986 4101 prazdestinavit
2011 4029 2080 4086 ad

495 4122 765 4192 justitiam
799 4143 811 4177 ς
839 4139 974 4194 quos
1011 4132 1191 4180 autem
1218 4123 1619 4192 praulestinavit
1637 4123 1701 4177 ad
1720 4137 2077 4193 pmnam,non

504 4217 908 4287 praedestinavit
921 4216 986 4271 ad
1002 4215 1260 4289 culpam]
1277 4215 1405 4272 Item
1418 4217 1576 4288 paulo
1590 4217 1814 4272 inferius
1831 4236 1842 4271 :
1861 4217 1940 4290 [In
1958 4233 2079 4273 san-

501 4306 1016 4378 ctisigiturcorouat
1031 4307 1170 4362 Deus
1188 4307 1473 4380 justitiam,
1495 4325 1656 4378 quam
1677 4309 1756 4363 eis
1776 4309 1944 4380 gratis
1967 4310 2078 4378 ipse

505 4399 714 4462 tribuit,
768 4398 938 4470 gratis
983 4399 1238 4465 servavit,
1281 4400 1554 4469 gratisque
1587 4401 1830 4469 perfecit.
1862 4399 2078 4470 lniquos

504 4493 680 4562 autem
725 4489 1106 4544 condemnavit
1158 4505 1254 4560 pro
1302 4489 1578 4560 impietate
1634 4491 1721 4546 vel
1778 4490 2075 4559 injustitia,

504 4599 665 4658 quam
697 4583 750 4638 in
781 4583 860 4639 eis
903 4583 1018 4656 ipse
1063 4600 1169 4638 non
1211 4584 1354 4640 fecit.
1401 4585 1456 4641 In
1481 4585 1587 4641 illis
1615 4586 1758 4641 enim
1787 4601 1951 4656 opera
1981 4599 2076 4639 sua

498 4676 799 4754 gloriﬁcat;
831 4678 884 4732 in
911 4679 1028 4734 istis
1056 4685 1236 4734 autem
1265 4695 1431 4752 opera
1463 4697 1570 4737 non
1609 4697 1705 4738 sua
1730 4681 2074 4736 condemnat.

501 4767 619 4828 Hoc
639 4771 821 4841 itaque
847 4772 1253 4842 praedestinavit
1278 4773 1436 4837 Deus,
1467 4774 1610 4846 quod
1634 4784 1753 4831 erat
1773 4776 1885 4846 ipse
1911 4773 2080 4831 factu-

505 4879 614 4928 rus,
646 4873 738 4917 aut
759 4865 902 4934 quod
927 4865 1102 4919 fuerat
1131 4865 1440 4936 largiturus.
1467 4865 1599 4922 Illud
1617 4885 1746 4924 vero
1773 4869 2080 4925 nullatenus

502 4953 926 5021 przrdestiuavit,
959 4955 1100 5024 quod
1129 4955 1250 5030 _sive
1273 4970 1371 5025 per
1395 4958 1644 5027 gratiam,
1689 4975 1780 5012 seu
1807 4973 1904 5028 per
1921 4959 2079 5028 justi-

505 5045 634 5098 tiam
666 5043 908 5112 facturus
955 5046 1067 5114 ipse
1107 5063 1209 5102 non
1255 5045 1400 5120 fuit.}
1443 5048 1572 5103 Item
1622 5049 1672 5103 in
1719 5051 1904 5105 eodem
1939 5049 2076 5121 (cap.

499 5135 593 5205 2'5)
647 5154 659 5188 :
712 5135 1010 5212 [Fidelibus
1056 5141 1305 5210 congruit
1345 5140 1565 5195 credere
1614 5152 1665 5194 et
1711 5140 1866 5195 fateri
1909 5141 2078 5196 Deum

505 5227 724 5309 bonum,
749 5225 1023 5296 etjustum
1073 5232 1354 5300 prmscisse
1397 5232 1610 5302 quidem
1642 5243 1953 5302 peccatores
1985 5234 2080 5288 ho-

505 5334 699 5384 niues,
727 5318 854 5390 quia
887 5319 1018 5373 nihil
1061 5336 1184 5374 eum
1237 5321 1403 5375 latere
1427 5321 1603 5390 potuit
1635 5321 1938 5378 fut-urorum
1963 5325 2080 5396 (ne-

503 5427 606 5482 que
635 5411 777 5466 enim
809 5409 892 5465 vel
935 5409 1116 5466 futura
1147 5420 1348 5476 essent,
1393 5413 1436 5466 si
1484 5413 1536 5466 in
1584 5411 1700 5482 ejus
1739 5417 2076 5486 praascientia

505 5517 611 5556 non
657 5501 903 5580 fuissent,
955 5519 1058 5557 non
1105 5513 1282 5557 tamen
1326 5503 1742 5574 przedestinasse
1788 5507 2081 5576 quemlibet

508 5597 774 5650 hominem
801 5598 867 5652 ad
897 5603 1210 5667 peccatum;
1252 5596 1378 5666 quia
1402 5596 1442 5651 si
1475 5596 1540 5650 ad
1567 5607 1842 5666 peceatum
1867 5599 2080 5671 aliquod

507 5689 647 5744 Deus
674 5690 945 5745 hominem
975 5689 1400 5760 pnetiestinarct,
1427 5705 1524 5760 pro
1549 5693 1784 5762 peccatis
1807 5693 2076 5748 hominem

507 5798 609 5834 non
633 5780 868 5850 puniret.
914 5779 1004 5832 Dei
1032 5779 1172 5832 enim
1219 5780 1690 5847 praedestinalione
1719 5792 1806 5836 aut
1831 5797 2080 5854 peccato-

508 5887 622 5926 rum
651 5877 946 5938 praeparata
969 5878 1051 5923 est
1069 5870 1152 5940 pia
1171 5869 1437 5936 remissio,
1465 5879 1558 5926 aut
1576 5881 1916 5941 peccatorum
1932 5873 2077 5945 justa

2103 4643 2158 4703 D

2175 829 2382 899 punire.
2416 827 2631 898 lniquos
2657 829 2855 900 itaque,
2888 826 3313 898 quosprmscivit
3342 827 3480 882 Deus
3501 826 3642 882 hanc
3672 826 3752 882 vi-

2177 931 2285 974 tam
2320 919 2370 973 in
2387 929 2608 989 peccato
2632 920 3033 982 terminaturos,
3058 916 3458 990 prmdestinavit
3489 917 3751 987 supplicio

2175 1009 2554 1064 interminabili
2591 1010 2890 1080 puniendos
2923 1023 2937 1062 :
2968 1009 3019 1062 in
3045 1023 3180 1078 quos
3201 1007 3340 1062 sicut
3361 992 3620 1077 culpanda
3643 1023 3752 1062 non

2178 1111 2260 1160 est
2289 1103 2634 1174 praescientia
2667 1103 2913 1157 humanae
2949 1099 3270 1169 iniquitatis,
3305 1099 3376 1154 ita
3401 1099 3754 1169 praedestina-

2178 1197 2252 1252 tio
2270 1195 2584 1265 justissima}
2609 1195 2872 1249 laudanda
2895 1203 2978 1249 est
3002 1192 3252 1258 ultionis;
3287 1199 3346 1246 ut
3372 1200 3756 1262 agnosceretur

2178 1303 2283 1343 non
2312 1287 2380 1344 ab
2408 1303 2472 1343 eo
2506 1286 2944 1358 praedestinatum
2979 1283 3252 1340 hominem
3285 1283 3350 1338 ad
3383 1282 3757 1353 qualecunque

2177 1395 2485 1458 peccatum,
2528 1400 2688 1456 quem
2741 1381 3147 1454 prmdestinavit
3185 1379 3392 1452 peccati
3440 1378 3634 1434 merito
3658 1394 3757 1450 pu-

2176 1479 2430 1535 niendum
2485 1476 2620 1550 (cap.
2680 1477 2795 1546 24).
2839 1477 2981 1532 Deus
3030 1475 3210 1544 itaque
3247 1473 3426 1528 omnia
3475 1472 3755 1528 hominum

2177 1584 2362 1640 Opera,
2389 1568 2502 1624 sive
2529 1569 2667 1622 bona
2690 1567 2803 1622 sive
2820 1565 2960 1622 mala
2985 1565 3273 1636 przescivit,
3296 1564 3418 1636 quia
3443 1578 3563 1618 eum
3588 1562 3758 1616 latere

2178 1660 2312 1715 nihil
2346 1659 2542 1729 potuit,
2573 1659 2665 1713 sed
2697 1657 2808 1712 sola
2841 1657 2980 1711 bona
3021 1654 3445 1728 przedestinavit,
3477 1667 3676 1723 quaese
3700 1651 3757 1706 in

2179 1750 2303 1806 ﬁliis
2327 1751 2514 1822 gratiae
2541 1749 2803 1804 facturum
2848 1764 2970 1804 esse
3000 1747 3304 1820 praescivit:
3335 1745 3476 1800 mala
3520 1759 3650 1801 vero
3675 1741 3760 1798 fu-

2178 1849 2299 1897 tura
2345 1857 2510 1914 opera
2542 1840 2756 1896 illorum
2793 1855 2931 1914 quos
2971 1853 3078 1894 non
3116 1834 3518 1908 prtedestinavit
3555 1834 3622 1888 ad
3667 1847 3756 1888 re-

2178 1949 2363 2006 gnum,
2393 1933 2488 1988 sed
2513 1933 2580 1988 ad
2623 1931 2897 1986 interitum
2942 1931 3212 2003 prmscivit
3237 1929 3612 2004 potentissima
3651 1927 3761 1983 dei-

2182 2035 2311 2093 tate,
2335 2036 2390 2082 et
2409 2023 2681 2080 ordinavit
2701 2023 2922 2093 provida
2943 2023 3186 2076 bonitate
3220 2039 3233 2074 :
3265 2028 3322 2076 et
3341 2019 3464 2092 quia
3493 2017 3750 2088 praescius

2179 2119 2302 2186 fuit,
2336 2117 2476 2190 quod
2503 2117 2690 2174 eadem
2716 2115 2854 2170 mala
2880 2129 2990 2170 non
3018 2113 3190 2169 solum
3231 2112 3349 2182 ipse
3377 2112 3619 2166 facturus
3648 2123 3755 2164 non

2179 2217 2344 2275 esset,
2382 2209 2478 2264 sed
2515 2222 2616 2262 nec
2644 2206 2805 2262 homo
2847 2207 2900 2260 in
2939 2212 3200 2275 quantum
3251 2202 3298 2257 ei
3355 2201 3631 2256 humiliter
3660 2198 3758 2254 ad-

2179 2303 2446 2368 hmsisset,
2482 2301 2533 2355 in
2560 2314 2626 2355 eo
2652 2299 2809 2355 nobis
2852 2295 3269 2368 insuperabilem
3297 2293 3592 2365 potentiam
3616 2307 3759 2364 pra:-

2179 2391 2420 2448 scicntia:
2446 2405 2555 2446 suae
2578 2389 2749 2461 magis
2771 2387 3032 2453 ostendit,
3069 2388 3196 2456 quia
3227 2400 3325 2441 nec
3357 2386 3409 2440 in
3442 2383 3597 2439 malis
3618 2399 3756 2454 pra:-

2180 2482 2596 2539 destinationem
2625 2480 2849 2553 justitiae
2878 2494 2988 2534 sum
3022 2491 3219 2533 vacare
3262 2475 3527 2547 permisit.
3566 2472 3761 2528 Osten-

2180 2590 2338 2631 surus
2365 2575 2544 2644 itaque
2572 2573 2712 2628 Deus
2745 2571 2874 2642 quid
2905 2569 3232 2626 reddendum
3253 2567 3610 2638 prtesciverit,
3630 2565 3764 2638 quid

2181 2663 2509 2729 donandum,
2561 2660 2968 2732 pratdestinavit
2994 2659 3111 2715 illos
3144 2660 3212 2714 ad
3248 2657 3592 2728 supplicium,
3623 2671 3762 2727 quos

2182 2771 2210 2810 a
2237 2771 2294 2810 se
2320 2753 2587 2824 prazscivit
2625 2752 2782 2808 mala:
2817 2751 3110 2806 voluntatis
3147 2750 3281 2806 vitio
3304 2749 3674 2814 discessuros;
3705 2755 3762 2803 et

2181 2846 2584 2920 prmdestinavit
2633 2845 2702 2900 ad
2747 2860 2993 2917 regnum,
3031 2858 3168 2914 quos
3191 2842 3258 2898 ad
3284 2858 3342 2899 se
3363 2841 3633 2914 praescivit
3665 2839 3762 2895 mi-

2183 2942 2492 3000 sericordia:
2517 2939 2900 3014 praavenientis
2948 2938 3150 2994 auxilio
3186 2937 3478 3002 redituros,
3513 2943 3570 2990 et
3604 2935 3661 2990 in
3699 2947 3760 2990 se

2185 3033 2571 3090 misericordiae
2609 3030 2989 3102 subsequentis
3035 3019 3240 3098 auxilio
3285 3042 3406 3084 esse
3452 3040 3755 3082 mansuros.

2182 3125 2240 3181 In
2280 3125 2398 3180 istis
2437 3123 2863 3178 misericordiam
2913 3122 3245 3186 custodiens,
3274 3120 3327 3175 in
3360 3119 3466 3174 illis
3491 3118 3760 3189 justitiam

2185 3227 2375 3274 tenens
2404 3235 2416 3271 :
2450 3217 2566 3272 istis
2595 3215 2736 3286 quod
2757 3213 3006 3285 promisit
3033 3214 3120 3285 pie
3143 3213 3405 3278 tribuens,
3426 3211 3546 3267 'illis
3569 3210 3764 3266 nihilo-

2183 3307 2362 3363 minus
2392 3305 2532 3377 quod
2577 3304 2829 3375 pnedixit
2873 3305 3019 3374 juste
3068 3302 3390 3358 retribuens.
3441 3300 3533 3358 Sic
3579 3309 3761 3360 autem

2183 3399 2324 3453 Deus
2372 3413 2477 3452 non
2523 3392 2720 3452 omnia
2750 3396 3001 3467 promisit
3048 3411 3167 3466 quae
3213 3395 3484 3465 prazdixit,
3515 3392 3764 3463 quamvis

2181 3488 2492 3561 praedixerit
2533 3487 2713 3540 omnia
2773 3501 2893 3556 quae
2942 3485 3189 3556 promisit
3237 3486 3377 3540 sicut
3424 3501 3528 3539 non
3579 3483 3763 3540 omnia

2181 3579 2586 3653 praedestinavit
2627 3594 2748 3650 quae
2777 3579 3070 3648 przescivit,
3121 3577 3370 3648 quamvis
3415 3576 3595 3632 omnia
3623 3591 3766 3646 prae-

2181 3669 2454 3726 destinata
2485 3669 2840 3738 pratsciverit.
2885 3667 3162 3723 Prazscivit
3189 3667 3332 3723 enim
3370 3667 3645 3721 hominum
3668 3681 3764 3721 voc

2180 3761 2412 3817 lnntates
2439 3763 2610 3817 bonas
2651 3770 2706 3816 et
2752 3761 2922 3815 malas
2951 3777 2962 3813 :
2996 3759 3400 3830 praidestinavit
3438 3766 3619 3812 autem
3645 3769 3760 3812 non

2189 3853 2380 3919 malas,
2409 3853 2502 3907 sed
2531 3852 2697 3907 bonas
2729 3851 2890 3907 solas.
2921 3851 2989 3906 Et
3027 3851 3149 3905 licet
3193 3851 3246 3904 in
3275 3850 3394 3920 ejus
3417 3849 3765 3920 praedestina-

2182 3945 2327 3998 tione
2358 3959 2463 3998 non
2510 3943 2695 4008 fuerit,
2730 3952 2788 3997 ut
2813 3942 3072 3996 malitiam
3099 3941 3360 3995 voluntati
3398 3941 3646 3996 humanae
3671 3941 3764 3994 de-

2183 4039 2370 4101 disset,
2407 4036 2506 4090 fuit
2537 4045 2722 4090 tamen
2765 4035 2817 4088 in
2841 4035 2958 4104 ejus
2985 4033 3480 4104 praedestinalione,
3507 4033 3636 4104 quid
3665 4032 3764 4088 bu-

2181 4144 2367 4185 manae.
2405 4127 2700 4182 voluntatis
2760 4126 2979 4181 malitiae
3018 4126 3341 4181 reddidisset
3395 4133 3618 4196 propter
3661 4124 3763 4179 hoc

2181 4220 2329 4291 quia,
2359 4219 2497 4274 sicut
2528 4217 2812 4273 Psalmista
2861 4224 3110 4280 testatur,
3148 4233 3167 4266 ς
3220 4217 3525 4271 Misericors
3549 4222 3633 4269 est
3663 4215 3766 4269 Do-

2180 4311 2360 4366 minus
2379 4317 2434 4364 et
2448 4307 2628 4377 justus
2647 4305 2820 4379 (Paul.
2841 4322 2986 4370 cxtv,
3009 4307 3089 4379 5),
3122 4327 3140 4357 ι
3173 4305 3764 4378 przedesunavitjustos

2181 4404 2246 4458 ad
2278 4402 2522 4474 gloriam,
2573 4401 2788 4471 iniquos
2826 4403 2892 4454 ad
2933 4413 3170 4471 poenam.
3221 4397 3587 4454 Justilicandis
3631 4411 3764 4470 ergo

2181 4503 2346 4563 atque
2381 4492 2746 4564 gloriﬁcandis
2775 4491 3218 4562 praedestinatum
3244 4489 3628 4547 misericordiae
3651 4503 3762 4545 sua

2181 4602 2319 4658 Opus
2365 4585 2614 4656 pnedixit
2645 4585 2868 4656 pariter,
2918 4590 2974 4636 et
3022 4582 3290 4653 promisit.
3339 4582 3544 4652 lniquis
3581 4591 3762 4637 autem

2182 4678 2622 4752 praedestinatum
2669 4675 2894 4746 iustitia:
2943 4690 3054 4730 suae
3082 4689 3218 4744 opus
3243 4675 3494 4746 praedixit
3526 4683 3762 4729 tantum-

2184 4775 2362 4838 modo,
2393 4789 2496 4828 non
2541 4769 2833 4843 promisit]
2868 4769 3000 4825 Item
3024 4768 3079 4824 in
3126 4771 3316 4826 eodem
3345 4769 3484 4841 (cap.
3517 4767 3608 4839 26)
3639 4766 3760 4841 :,[ln

2185 4865 2388 4919 sanctis
2430 4863 2590 4934 igitur
2617 4860 2954 4932 perfecturus
2981 4869 3062 4916 est
3106 4861 3382 4924 Dominus,
3409 4860 3552 4930 quod
3593 4867 3653 4912 ut
3682 4872 3764 4914 es-

2185 4954 2307 5011 sent
2353 4955 2497 5018 boni,
2550 4955 2720 5026 gratis
2767 4952 2934 5008 dedit.
2987 4953 3142 5020 Quod
3199 4961 3376 5006 autem
3410 4953 3660 5026 damnum
3702 4961 3762 5004 se

2183 5045 2474 5117 praescivit,
2505 5047 2556 5099 in
2580 5054 2781 5099 aeterna
2807 5044 3064 5100 bonitatis
3087 5043 3440 5116 dispositione
3468 5041 3763 5112 ’βητάρεῆ-

2187 5139 2354 5194 navit.
2382 5138 2498 5208 Ipsa
2537 5145 2625 5198 ,est
2670 5137 2814 5192 enim
2843 5137 3244 5208 prmdestinatio
3287 5135 3402 5202 Dei,
3433 5135 3760 5205 sempiterna

2187 5231 2396 5286 scilicet
2442 5229 2726 5302 dispositio
2777 5227 2941 5284 futuri
2982 5229 3162 5300 operis
3204 5227 3318 5282 Dei.
3369 5227 3538 5283 Porro
3579 5237 3756 5283 autem

2186 5323 2238 5378 in
2268 5323 2468 5392 iniquis
2486 5323 2777 5392 puniturus
2797 5330 2898 5383 est,
2928 5321 3070 5390 quod
3100 5328 3160 5374 ut
3180 5327 3364 5376 essent
3387 5320 3512 5376 mali
3536 5335 3640 5375 non
3669 5319 3762 5374 de-

2185 5415 2282 5480 dit;
2314 5429 2412 5471 nec
2435 5431 2530 5470 eos
2563 5413 2625 5469 ad
2671 5413 3011 5482 iniquitatem
3057 5412 3290 5482 aliquam
3321 5413 3756 5484 pnedestlnavit;

2185 5507 2311 5575 quia
2335 5514 2392 5559 ut
2415 5505 2598 5574 inique
2619 5504 2838 5568 vellent,
2878 5503 2980 5558 hoc
3001 5503 3082 5558 eis
3111 5505 3338 5559 daturus
3369 5504 3482 5574 ipse
3505 5516 3612 5558 non
3637 5502 3754 5556 fuit.

2183 5597 2249 5652 Et
2280 5597 2405 5667 quia
2430 5595 2584 5650 mala:
2608 5593 2898 5649 voluntatis
2930 5609 3287 5665 perseverans
3313 5595 3568 5664 iniquitas
3590 5593 3758 5649 inulta

2184 5704 2464 5744 remanere
2493 5703 2598 5744 non
2629 5688 2830 5752 debuit,
2854 5688 2988 5743 tales
3027 5689 3093 5742 ad
3116 5689 3394 5744 interitum
3417 5687 3760 5757 praedestina-

2187 5783 2280 5846 vit,
2320 5779 2443 5852 quia
2475 5778 2670 5834 talibus
2700 5778 2860 5848 justw
2885 5779 3181 5851 punitionis
3215 5780 3532 5850 supplicium
3556 5793 3759 5850 praipa-

2185 5873 2340 5928 ravit.
2374 5871 2526 5942 Quod
2551 5872 2738 5945 utique
2764 5873 3052 5932 manifesto
3076 5873 3342 5932 Dominus
3376 5874 3489 5946 ipse
3512 5885 3758 5929 sermone
