4088 6344
344 383 419 443 ts
1257 337 1260 342 ’
1304 375 1393 435 ns
1429 368 2095 445 rupesrtmrtous
2133 372 2263 433 DEI.
2306 404 2369 415 —
2409 372 2538 431 LIB.
2579 373 2642 430 ιι.
3532 376 3603 439 5t

337 491 647 563 perdocuit,
676 490 732 549 in
752 505 820 553 eo
847 490 991 561 quod
1017 503 1047 543 a
1076 503 1137 547 se
1163 488 1400 551 ostendit
1421 496 1671 562 paratum
1695 502 1802 543 non
1832 501 1919 543 so-
1945 491 1994 551 Α
2025 504 2132 544 non
2158 503 2276 545 esse
2295 490 2438 560 quod
2459 498 2541 544 est
2570 490 2711 545 male
2730 490 2806 547 .ab
2827 490 2905 545 eis
2946 488 3263 555 admissum,
3310 492 3403 547 sed
3461 495 3602 563 quod

339 583 450 641 lum
484 597 713 656 regnum
743 581 834 637 ubi
867 580 1117 637 laetentur
1157 579 1307 645 boni,
1331 580 1425 637 sed
1463 588 1518 635 et
1557 579 1736 651 ignem
1765 586 1924 634 aeter-

335 691 469 733 num
492 673 586 730 ubi
611 673 922 735 crucientur
939 672 1086 737 mali.
1120 671 1283 731 Bonis
1305 670 1506 733 etenim
1538 670 1782 726 dicturus
1803 677 1923 725 est:

341 785 362 819 ι
411 766 626 832 Venite,
672 765 940 823 benedicti
1000 763 1179 825 Patris
1217 764 1345 828 mei.
1390 763 1651 836 percipite
1702 778 1926 835 regnum

336 859 481 930 quod
552 859 705 915 vobis
763 867 1016 928 paratum
1083 864 1164 913 est
1202 872 1233 911 a
1290 856 1674 915 constitutione
1740 855 1927 911 mundi

337 949 557 1018 (lauit.
599 965 768 1013 xxxv,
790 948 903 1022 54).
933 969 952 1003 ι
978 947 1130 1004 Malis
1153 956 1334 1003 autem
1357 948 1600 1003 dicturus
1619 955 1703 1003 est
1733 964 1747 1002 :
1777 966 1794 999 ι
1827 934 1947 1013 Ιιθί

336 1040 635 1105 maledicti,
678 1040 731 1097 in
758 1040 934 1111 ignem
973 1050 1255 1104 aeternum,
1284 1039 1374 1109 qui
1413 1046 1634 1108 paratus
1671 1045 1755 1094 est
1807 1036 1927 1091 dia-

333 1129 461 1185 bolo
497 1139 553 1185 et
596 1129 802 1202 angelis
850 1129 966 1200 ejus
1011 1128 1204 1203 (Ibid.,
1257 1128 1369 1198 41).
1418 1148 1438 1180 ι
1486 1128 1625 1185 Ecce
1668 1128 1737 1184 ad
1783 1127 1924 1197 quod

334 1217 482 1276 Deus
514 1219 727 1291 iniquos
746 1229 801 1274 et
828 1219 1022 1291 impios
1048 1218 1475 1290 praedestinavit,
1504 1218 1558 1273 id
1595 1227 1681 1273 est
1710 1217 1778 1273 ad
1801 1231 1927 1287 sup-

335 1311 557 1383 plicium
581 1312 816 1384 justum,
846 1327 954 1377 non
980 1311 1196 1384 aliquod
1223 1327 1359 1382 opus
1381 1311 1672 1383 injustum;
1702 1310 1768 1367 ad
1812 1325 1927 1381 pte-

338 1419 486 1469 nam,
520 1419 627 1461 non
656 1405 724 1461 ad
747 1403 994 1478 culpam;
1032 1405 1102 1461 ad
1124 1404 1478 1475 punitionem,
1507 1418 1613 1459 non
1651 1403 1718 1458 ad
1750 1410 1926 1457 trans-

2029 588 2111 635 est
2158 578 2354 635 talibus
2403 578 2539 634 bene
2594 578 2857 634 redditum
2890 578 3025 651 (cap.
3065 578 3178 650 27).
3220 577 3364 634 Bene
3406 581 3604 656 quippe

2027 672 2185 728 malis
2212 671 2459 726 interitus
2484 688 2514 726 a
2541 669 2652 726 Deo
2681 670 2945 738 redditur,
2968 673 3214 744 quamvis
3238 672 3496 732 sitmalus
3517 673 3605 730 in-

2026 765 2217 820 teritus
2239 764 2319 818 eis
2343 763 2431 833 qui
2473 756 2616 819 nunc
2643 761 2787 831 juste
2820 764 3141 821 deseruntur
3179 775 3235 824 et
3260 750 3603 840 postmodum

2022 853 2167 925 juste
2198 854 2609 923 torquebuntur.
2657 851 2713 907 In
2747 851 2941 911 talibus
2970 858 3112 911 enim
3135 854 3399 927 judicium
3446 873 3603 917 suum

2026 945 2169 1002 Deus
2206 944 2510 1001 desertione
2557 945 2793 1012 inchoat,
2845 948 3176 1005 cruciatione
3228 958 3606 1017 consummat;

2028 1053 2152 1093 nam
2185 1038 2364 1092 ethoc
2403 1044 2662 1107 tempore,
2695 1053 2804 1109 quo
2824 1038 3162 1096 discedentes
3192 1042 3365 1099 malos
3388 1041 3608 1109 deserit,

2026 1129 2167 1185 Deus
2194 1145 2300 1183 non
2330 1138 2585 1201 operatur
2614 1130 2668 1184 in
2704 1130 2783 1184 eis
2809 1130 2950 1203 quod
2989 1131 3036 1185 ei
3067 1131 3334 1209 displicet,
3366 1133 3458 1188 sed
3484 1148 3613 1206 ope-

2025 1230 2179 1291 ratur
2205 1237 2306 1293 per
2332 1238 2425 1277 eos
2450 1223 2592 1295 quod
2621 1221 2672 1278 ei
2696 1221 2891 1297 placet,
2929 1224 3275 1295 postmodum
3306 1226 3386 1281 eis
3430 1227 3610 1283 reddi-

2027 1321 2179 1369 turus
2228 1314 2371 1387 quod
2438 1315 2505 1370 ab
2553 1313 2669 1385 ejus
2710 1313 2919 1387 justitia
2968 1324 3263 1372 merentur.
3323 1317 3610 1391 Recipient

2026 1404 2192 1470 enim,
2226 1421 2329 1459 non
2357 1420 2457 1477 pro
2483 1420 2547 1460 co
2576 1405 2717 1475 quod
2752 1405 2893 1461 Deus
2930 1406 3070 1462 bene
3116 1422 3248 1463 usus
3295 1416 3379 1467 est
3418 1423 3607 1464 eorum

335 1495 709 1566 gressionem;
759 1495 826 1551 ad
876 1496 1177 1562 interitum,
1224 1495 1384 1566 q'nem
1434 1497 1513 1550 ira
1547 1493 1680 1565 justi
1721 1491 1927 1548 Jndicis
2026 1493 3607 1568 operibusmalis,sedproeoquodipsimaleabusisuntDei

333 1586 690 1657 peccantibus
730 1586 993 1653 reddidit;
1023 1602 1128 1644 non
1155 1587 1223 1643 ad
1263 1586 1568 1652 interitum,
1615 1600 1724 1656 quo
1773 1584 1827 1640 in
1866 1599 1926 1640 se
2025 1587 2280 1658 operibus
2310 1586 2485 1643 bouis.
2512 1586 2669 1642 Tales
2713 1588 2894 1658 itaque
2917 1576 3073 1661 Deus
3095 1590 3302 1661 aptavit
3338 1591 3390 1645 in
3422 1591 3611 1648 interi-

335 1677 473 1732 iram
518 1676 612 1733 Dei
657 1679 999 1748 peccantium
1062 1678 1321 1750 iniquitas
1379 1678 1715 1748 provocavit.
1768 1673 1931 1745 Quod
2023 1684 2137 1731 tum
2166 1675 2483 1745 punitionis,
2511 1692 2670 1747 quem
2708 1658 3364 1751 peccatorijustusjudex
3408 1683 3612 1755 praede-

334 1767 481 1824 beati
502 1767 748 1839 Apostoli
771 1769 1083 1839 praedicatio
1105 1768 1430 1836 manifestat,
1456 1769 1549 1841 qui
1578 1768 1767 1835 malos,
1785 1781 1924 1839 quos
2026 1771 2318 1825 stinatione
2357 1768 2505 1840 justa
2563 1772 2823 1836 decrevit,
2865 1787 2972 1828 non
3012 1773 3066 1828 in
3119 1783 3423 1846 peccatum,
3461 1777 3604 1849 quod

334 1860 389 1916 in
422 1868 689 1931 aeternum
727 1861 1080 1917 damnaturus
1132 1871 1215 1917 est
1271 1861 1433 1929 Deus,
1481 1880 1497 1913 ι
1541 1876 1669 1917 vasa
1715 1881 1734 1913 ι
1768 1867 1927 1915 vocat
1952 1851 2001 1917 B
2028 1864 2191 1920 homo
2225 1880 2330 1919 non
2366 1880 2432 1919 ex
2459 1864 2933 1935 prmdestinatione
2964 1866 3162 1932 divina,
3203 1868 3298 1924 sed
3320 1885 3384 1924 ex
3418 1869 3605 1927 volun-

339 1970 358 2004 ι
397 1953 515 2018 irae,
541 1973 560 2005 ι
593 1968 702 2007 non
717 1952 905 2023 culpae.
932 1952 1024 2008 Ait
1047 1953 1190 2008 enim
1215 1970 1229 2007 :
1260 1971 1279 2005 ι
1308 1949 1460 2021 Quod
1483 1952 1526 2006 si
1550 1950 1734 2007 volens
1759 1950 1921 2015 Deus,
2027 1964 2135 2012 tate
2165 1972 2262 2012 sua
2292 1955 2431 2013 male
2459 1956 2889 2027 concupiscendo
2914 1958 3080 2030 cmpit
3099 1960 3307 2016 etmale
3333 1962 3607 2034 cperando

329 2044 621 2101 ostendere
643 2044 873 2109 iram.et
893 2052 1075 2098 “013m
1103 2042 1279 2099 facere
1299 2041 1597 2113 POlemiam
1620 2055 1925 2106 suam.sus-
2021 2048 2267 2120 perfecit.
2327 2066 2345 2099 σ
2408 2047 2854 2118 Concupiscentia
2889 2070 2908 2102 ι
2940 2050 3083 2106 enim
3122 2070 3140 2104 ι
3180 2052 3491 2125 concipiens
3515 2068 3607 2125 pe-

332 2136 494 2193 tinuit
522 2137 576 2191 in
604 2135 771 2193 multa
800 2135 1054 2206 patientia
1082 2150 1208 2190 vasa
1234 2134 1327 2189 irae
1351 2142 1529 2204 aptata
1558 2133 1610 2187 in
1640 2132 1919 2187 interitum
2022 2139 2162 2210 perit
2191 2146 2494 2210 peccatum,
2535 2146 2815 2209 peccatum
2859 2155 2988 2194 vero
3031 2152 3466 2200 consummatum
3513 2159 3606 2217 se-

328 2236 389 2287 ut
415 2227 727 2284 ostenderet
755 2226 970 2282 divitias
995 2226 1176 2301 gloria:
1210 2241 1322 2280 sua:
1357 2225 1411 2281 in
1440 2240 1568 2281 vasa
1614 2224 1921 2312 misericor-
2022 2229 2538 2304 nuit[al.,generat]
2556 2241 2781 2287 mortem
2799 2230 2936 2304 (Jac.
2957 2234 3273 2309 t,l5).»Non
3289 2217 3419 2309 ergo
3432 2238 3602 2312 iniqui

329 2320 455 2387 die,
487 2335 610 2391 quae
629 2320 952 2390 praeparavit
983 2319 1035 2373 in
1060 2317 1284 2387 gloriam
1307 2316 1487 2389 (Rom.
1515 2332 1589 2380 ix,
1611 2315 1704 2379 22,
1727 2313 1840 2387 23).
1868 2311 1913 2387 ι]

2019 2323 2383 2394 praedestinati
2398 2332 2523 2379 sunt
2545 2325 2610 2399 ad
2628 2334 2854 2380 mortem
2876 2327 3071 2384 animm
3082 2329 3339 2401 primam,
3361 2332 3454 2388 sed
3466 2347 3602 2403 pra:-

396 2428 455 2484 ιη
482 2429 587 2484 hac
612 2436 857 2486 extrema
878 2427 1143 2485 sententia
1170 2427 1463 2487 notandum
1488 2425 1630 2498 quod
1655 2425 1721 2480 de
1741 2425 1916 2481 Evan-
2018 2417 2274 2473 destinati
2313 2425 2437 2473 sunt
2471 2418 2536 2472 ad
2567 2418 2881 2485 secundam,
2900 2419 3051 2476 idest
3069 2439 3088 2474 ι
3111 2420 3176 2477 ad
3197 2432 3445 2496 stagnum
3462 2425 3602 2498 ignis

326 2519 469 2592 gelio
502 2535 725 2577 sumens
769 2519 1156 2584 testimonium,
1183 2518 1259 2575 ait
1294 2518 1707 2589 prmdestinatos
1745 2516 1915 2572 malos
2014 2519 2071 2566 et
2094 2511 2383 2582 sulphuris,
2419 2530 2438 2564 ι
2459 2510 2525 2567 de
2550 2526 2658 2583 quo
2676 2511 2868 2568 beatus
2887 2511 3125 2571 Joannes
3151 2514 3284 2572 dicit
3311 2534 3323 2570 :
3346 2536 3365 2567 ι
3395 2515 3463 2573 Ει
3483 2517 3603 2573 dia-

324 2609 380 2666 in
434 2610 618 2681 ignem
660 2618 947 2674 aeternum,
1001 2621 1068 2665 eo
1115 2606 1257 2678 quod
1308 2606 1553 2665 dicturus
1594 2614 1679 2662 est
1727 2605 1912 2679 Domi;-

327 2714 433 2754 nus
459 2699 515 2757 in
538 2696 765 2770 judicio,
792 2713 897 2755 non
934 2696 1109 2757 solum
1138 2697 1316 2763 bonis,
1368 2707 1426 2752 ut
1470 2696 1775 2767 percipiant
1822 2711 1911 2751 re-

324 2803 490 2861 gnum
542 2789 646 2844 sibi
687 2796 936 2859 paratum
971 2802 1001 2842 a
1037 2787 1419 2843 constitutione
1465 2787 1670 2853 mundi,
1722 2800 1908 2841 verum

325 2881 469 2952 quod
505 2880 662 2936 malis
686 2880 925 2937 dicturus
945 2890 1029 2941 est
1058 2898 1071 2934 :
1116 2897 1135 2931 ι
1170 2878 1269 2949 lte,
1305 2878 1595 2945 maledicti,
1635 2879 1689 2934 in
1731 2878 1907 2950 ignem

322 2980 611 3037 aeternum,
640 2972 733 3043 qui
753 2979 976 3043 paratus
998 2980 1083 3028 est
1113 2970 1328 3027 diabolo
1350 2979 1406 3026 et
1429 2969 1636 3042 angelis
1673 2970 1822 3043 ejus;
1881 2990 1900 3025 ι

2013 2603 2171 2660 holus
2193 2604 2283 2674 qui
2308 2603 2599 2660 seducebat
2628 2618 2721 2660 eos
2747 2604 2944 2661 missus
2987 2613 3070 2661 est
3094 2607 3147 2661 in
3174 2614 3425 2680 stagnum
3457 2608 3598 2681 ignis

2012 2703 2066 2753 et
2087 2696 2360 2767 sulphuris
2384 2696 2566 2768 (Apoc.
2600 2711 2692 2761 xx,
2720 2694 2807 2767 9);
2832 2715 2851 2748 ι
2904 2702 2956 2752 et
2984 2695 3088 2751 alio
3111 2696 3266 2753 loco:
3301 2718 3319 2751 ι
3358 2698 3424 2753 Ει
3449 2714 3599 2767 mors

2013 2796 2067 2843 et
2107 2786 2351 2843 infernus
2408 2787 2557 2841 missi
2615 2793 2739 2841 sunt
2788 2786 2840 2840 in
2894 2795 3144 2859 stagnum
3201 2788 3342 2859 ignis
3389 2789 3590 2856 (Ibid.,

2012 2875 2122 2948 15).
2164 2896 2182 2928 ι
2209 2874 2334 2931 Haec
2364 2892 2512 2931 mors
2535 2875 2769 2931 secunda
2807 2884 2889 2932 est
2918 2896 2937 2929 ι
2978 2885 3226 2950 stagnum
3277 2879 3446 2951 ignis;
3479 2904 3496 2934 ι
3542 2895 3596 2938 et

2010 2966 2103 3041 qui
2127 2982 2231 3021 non
2261 2974 2346 3022 est
2369 2966 2619 3021 inventus
2643 2966 2696 3020 in
2718 2964 2858 3021 libro
2879 2967 3001 3022 vita:
3040 2970 3295 3040 scriptus,
3333 2989 3351 3023 ι
3394 2972 3594 3029 missus

323 3078 391 3119 ex
421 3064 527 3119 hoc
551 3063 694 3121 enim
717 3062 979 3134 approbat
1006 3062 1149 3132 quod
1182 3062 1396 3132 iniquos
1417 3069 1473 3117 et
1494 3060 1689 3133 impios
1719 3059 1903 3117 Domi.
2009 3068 2093 3113 εει
2117 3057 2171 3111 in
2197 3064 2445 3128 stagnum
2470 3055 2630 3128 ignis.
2666 3075 2685 3108 ι
2722 3054 2930 3112 Rursus
2951 3057 3080 3113 dicit
3105 3077 3118 3113 :
3156 3078 3173 3109 ι
3206 3059 3391 3116 Dubiis
3414 3071 3593 3117 autem

324 3170 431 3211 nus
454 3151 924 3225 praedestinaverit
947 3154 1014 3208 ad
1056 3152 1395 3224 supplicium,
1418 3168 1485 3217 eo
1510 3154 1654 3223 quod
1684 3152 1790 3209 illis
1819 3152 1902 3208 di-
1938 3212 1975 3225 Α
2007 3156 2063 3204 et
2098 3146 2425 3213 inﬁdelibus,
2450 3147 2852 3213 contaminatis,
2882 3157 2936 3202 et
2989 3148 3293 3214 homicidis,
3342 3159 3399 3205 et
3423 3150 3596 3225 impu—

324 3212 516 3304 cturus
541 3254 626 3303 est
649 3264 661 3301 :
692 3265 710 3299 ι
747 3245 894 3302 ltein
920 3247 1098 3319 ignem
1122 3212 1413 3302 internum.
1484 3212 1784 3318 Undenqui
1813 3262 1906 3304 vo.
1931 3212 1978 3278 Ο
2008 3240 2163 3303 dicis,
2188 3247 2243 3294 et
2269 3212 2524 3293 veneﬁcis
2552 3244 2607 3292 et
2648 3237 2803 3293 idolis
2834 3212 3216 3305 servientibus,
3240 3212 3295 3294 et
3341 3212 3591 3297 omnibus

323 3336 444 3393 lunt
466 3337 648 3393 dicere
673 3337 817 3409 quod
840 3350 1001 3409 paena
1029 3336 1410 3409 praedestinata
1438 3336 1507 3392 sit
1536 3335 1771 3406 injustis,
1796 3352 1904 3392 non
2007 3328 2376 3389 mendacibus,
2414 3342 2543 3399 pars
2583 3342 2772 3382 eorum
2799 3327 2852 3381 in
2884 3335 3076 3399 stagno
3121 3329 3331 3384 ardenti
3377 3339 3433 3385 et
3478 3331 3592 3386 sul-

324 3428 512 3497 injusti
543 3428 909 3500 praedestinati
930 3436 1058 3484 sunt
1087 3427 1154 3483 ad
1192 3443 1428 3499 pmnam,
1462 3427 1698 3484 viderint
1735 3427 1905 3499 quali-

2019 3422 2197 3489 phure,
2238 3418 2378 3507 quod
2415 3426 2498 3475 est
2539 3433 2686 3474 mors
2719 3420 2954 3474 secunda
2993 3419 3177 3491 (Apoc.
3224 3435 3334 3485 ut,
3366 3421 3441 3491 8).
3479 3443 3498 3476 ι
3534 3423 3598 3478 ll-

326 3528 411 3576 ter
440 3519 599 3590 hujus
628 3520 870 3578 auctoris
897 3521 1036 3577 dicta
1067 3520 1368 3591 intelligant
1402 3536 1415 3575 :
1451 3522 1537 3577 cui
1576 3523 1721 3577 enim
1748 3536 1906 3593 para-
2006 3515 2113 3570 lam
2153 3513 2440 3570 secundam
2486 3520 2759 3584 nuncupat
2801 3520 3029 3568 mortem
3076 3527 3197 3583 qua:
3240 3515 3485 3585 sequitur
3525 3531 3589 3572 ex

325 3620 416 3666 tur
442 3626 626 3683 pmna,
653 3612 699 3669 is
726 3611 982 3668 nimirum
1029 3621 1367 3685 praeparatur
1404 3612 1472 3667 ad
1501 3626 1739 3683 poenam.
1773 3612 1905 3667 Item
2008 3609 2273 3665 sententia
2297 3608 2514 3679 judicis,
2554 3623 2661 3662 non
2695 3606 2838 3661 illam
2871 3622 2993 3678 quae
3021 3610 3303 3678 praecessit
3354 3611 3406 3665 in
3450 3611 3591 3668 mala

326 3705 382 3760 in
412 3705 605 3760 eodem
636 3704 773 3777 (cap.
799 3703 928 3775 26):
962 3702 1144 3777 [Vasis
1170 3719 1299 3763 vero
1323 3704 1417 3759 ira:
1449 3719 1725 3774 nunquam
1764 3705 1908 3760 Deus

328 3799 580 3854 redderet
611 3798 908 3863 interitum,
963 3798 1008 3863 si
1038 3814 1143 3863 non
1185 3807 1542 3870 spontaneum
1574 3797 1907 3853 inveniretur

326 3893 491 3949 homo
548 3892 749 3946 habere
795 3894 1077 3962 peccatum
1120 3889 1287 3961 :quia
1333 3902 1434 3945 nec
1483 3888 1625 3944 Deus
1660 3888 1907 3959 peccanti

327 3982 535 4038 homini
558 3980 706 4051 juste
744 3980 970 4037 inferret
1016 3980 1175 4047 iram,
1205 3981 1250 4039 si
1279 3980 1438 4036 homo
1465 3995 1532 4035 ex
1560 3980 1904 4049 prmdestina-

327 4076 475 4130 tione
503 4075 596 4131 Dei
626 4074 910 4130 cecidisset
926 4074 979 4133 in
1002 4073 1213 4144 culpam
1254 4090 1267 4126 :
1296 4072 1388 4128 sed
1411 4071 1535 4143 quia
1559 4087 1778 4128 causam
1808 4072 1906 4127 ini-

325 4168 555 4240 quitatis
578 4182 689 4224 suae
713 4182 779 4223 ex
808 4167 1023 4239 propria
1048 4168 1209 4235 homo
1238 4166 1425 4222 habuit
1445 4166 1742 4231 voluntate,
1778 4183 1907 4239 pro-

324 4270 513 4332 pterea
561 4262 756 4319 beatus
787 4260 984 4332 Paulus
1027 4280 1045 4312 ι
1086 4260 1407 4339 sustinuisse
1443 4278 1462 4312 ι
1496 4260 1693 4319 asserit
1741 4262 1906 4315 Deum

332 4371 353 4404 ι
386 4352 436 4407 in
464 4351 633 4407 multa
681 4352 938 4423 patientia
991 4366 1118 4411 vasa
1165 4351 1260 4407 ira:
1306 4360 1487 4422 aptata
1527 4353 1581 4406 in
1630 4351 1906 4407 interitum

327 4444 504 4513 (Rom.
529 4461 605 4513 ix,
633 4445 746 4516 2|).
780 4465 799 4499 ι
826 4444 953 4503 Haec
978 4444 1140 4517 igitur
1166 4445 1245 4500 ira
1270 4443 1390 4502 ideo
1404 4443 1597 4501 talibus
1612 4445 1754 4501 vasis
1778 4445 1908 4501 inte-

327 4537 493 4593 ritum
516 4535 772 4601 reddidit,
802 4535 928 4607 quia
956 4534 1010 4591 in
1032 4535 1113 4593 eis
1140 4535 1392 4595 meritum
1438 4534 1751 4595 voluntariae
1801 4536 1905 4589 ini-

326 4626 554 4697 quitatis
579 4625 802 4683 invenit.
836 4625 1116 4693 Quomodo
1137 4635 1317 4693 autem
1344 4626 1551 4698 peccati
1585 4642 1743 4689 servo
1770 4628 1904 4682 iram

317 4720 498 4791 justus
521 4718 780 4789 Dominus
810 4718 1096 4784 intulisset,
1128 4719 1173 4775 si
1218 4733 1407 4775 servus
1448 4732 1515 4774 ex
1553 4718 1906 4788 prmdestina-

328 4812 473 4868 tione
520 4810 734 4873 Domini
782 4810 1092 4887 peccasset?
1138 4809 1196 4865 ln
1245 4810 1347 4867 hoc
1400 4810 1583 4881 itaque
1625 4811 1727 4865 ista
1783 4824 1908 4863 rasa

326 4908 472 4969 Deus
499 4906 724 4979 aptavit,
758 4905 814 4960 in
838 4921 947 4978 quo
976 4905 1402 4979 praedestinavit,
1427 4904 1533 4960 hoc
1559 4912 1641 4960 est
1680 4905 1733 4960 in
1774 4903 1907 4958 inle~

329 4998 495 5061 ritum
521 4984 720 5053 :ﬂum
736 4995 920 5068 utique
947 4994 1224 5051 interitum
1240 5010 1400 5066 quem
1428 4992 1628 5049 Paulus
1649 4992 1804 5048 malis
1830 5008 1908 5048 re-

326 5100 491 5162 pente
515 5095 962 5159 superventurum
984 5087 1265 5143 denuntiat
1292 5086 1477 5141 dicens
1502 5104 1516 5139 :
1555 5104 1573 5137 ‹
1605 5084 1738 5143 Cum
1764 5086 1907 5140 enim

326 5179 589 5242 dixerint,
617 5175 728 5243 Pas
757 5185 811 5231 et
847 5177 1131 5248 securitas,
1175 5187 1303 5231 tunc
1347 5176 1663 5249 repentinus
1707 5177 1785 5231 cis
1816 5192 1906 5230 su-

327 5269 614 5343 perveniet
636 5268 886 5325 interitus
931 5266 982 5339 (1
1019 5266 1196 5322 Thess.
1230 5283 1281 5331 v,
1328 5267 1403 5337 3).
1448 5288 1466 5322 ι
1497 5267 1648 5334 Quod
1678 5268 1723 5323 si
1768 5268 1910 5323 Deus

331 5360 469 5419 tales
509 5361 564 5419 in
593 5368 873 5431 peccatum
901 5356 1327 5430 prmdcstinaret,
1358 5375 1464 5414 non
1495 5374 1590 5414 eos
1625 5358 1912 5430 Apostolus

336 5472 361 5504 ι
403 5467 531 5508 vasa
565 5452 660 5507 ira:
697 5470 715 5501 ι
759 5450 939 5506 mallet
995 5450 1293 5517 nominare,
1343 5450 1435 5515 sed
1483 5450 1685 5520 culpae;
1719 5465 1818 5505 nec
1857 5450 1909 5504 in

333 5542 615 5599 interitum
667 5541 789 5596 talia
846 5555 995 5604 vasa,
1050 5540 1142 5594 sed
1193 5540 1248 5596 in
1277 5550 1560 5613 peccatum
1605 5540 1919 5595 dicerentur

337 5643 543 5707 aptata.
573 5631 727 5688 Nunc
752 5643 931 5688 autem
964 5631 1084 5687 ideo
1118 5652 1136 5683 ι
1176 5648 1300 5687 vasa
1332 5632 1427 5687 ira:
1465 5653 1485 5685 ι
1521 5634 1799 5697 dicuntur,
1859 5643 1919 5686 ut

338 5728 651 5783 ostendatur
682 5725 735 5779 in
779 5723 973 5779 talibus
1019 5739 1087 5778 ex
1136 5724 1229 5778 Dei
1285 5724 1760 5797 prtedestinatione
1817 5724 1919 5780 hoc

418 5871 443 5899 ι
470 5858 548 5920 De
576 5856 867 5923 Hincmaro
890 5864 947 5917 et
972 5855 1257 5920 similibus;

2008 3701 2441 3773 concupiscentia
2470 3698 2815 3773 peccatoris.]

2078 3791 2182 3848 Per
2215 3792 2393 3846 omnia
2423 3792 2609 3845 doctor
2651 3791 2751 3846 iste
2794 3791 3006 3861 iniquos
3036 3791 3436 3864 pmordinatos
3464 3810 3585 3852 esse
3638 3859 3651 3865 ρ

2010 3887 2076 3942 ad
2106 3885 2374 3959 poenalem
2420 3884 2582 3940 vitam
2639 3884 3012 3956 iniquitatibus
3062 3886 3175 3943 suis
3213 3887 3587 3960 dogmatizat:

2009 3979 2075 4035 ad
2104 3988 2389 4050 peccatum
2413 3993 2540 4034 vero
2569 3993 2674 4033 non
2722 3992 2844 4034 esse
2887 3979 3294 4050 praeordinatos,
3337 3983 3593 4051 quoniam

2010 4071 2269 4143 iniquitas
2299 4072 2409 4127 Deo
2441 4088 2545 4127 non
2580 4072 2778 4142 placet,
2820 4087 2919 4127 nec
2951 4088 3139 4127 eorum
3186 4081 3272 4129 est
3320 4076 3597 4146 praedesti-

2009 4177 2191 4235 nator,
2217 4182 2447 4238 quorum
2479 4183 2585 4222 non
2614 4178 2695 4222 est
2742 4174 2952 4222 auctor.
2989 4165 3095 4223 Sed
3119 4184 3242 4223 cum
3272 4169 3458 4225 scierit
3488 4172 3588 4227 ho-

2011 4261 2209 4317 minem
2253 4267 2622 4330 peccaturum,
2659 4269 2712 4315 et
2752 4259 2806 4313 in
2854 4260 3095 4332 peccatis
3148 4276 3588 4332 permansurum,

2008 4353 2409 4425 praedestinavit
2429 4368 2550 4408 eum
2576 4352 2641 4408 ad
2672 4368 2861 4423 pmnas
2888 4368 3023 4424 quas
3046 4352 3190 4425 juste
3236 4363 3381 4412 esset
3410 4370 3595 4425 passu-

2011 4463 2123 4510 rus,
2147 4461 2246 4501 nec
2266 4447 2384 4501 haec
2421 4445 2824 4517 praedestinatio
2859 4444 3118 4515 compulit
3144 4458 3265 4499 eum
3294 4446 3362 4501 ad
3399 4461 3591 4516 pecca-

2013 4546 2146 4604 tum,
2176 4546 2269 4592 aut
2291 4546 2438 4593 certe
2480 4552 2546 4591 ex
2589 4534 2906 4591 necessitate
2936 4535 3002 4589 ad
3031 4549 3219 4607 pmnas
3249 4552 3264 4591 :
3313 4536 3586 4606 quoniam,

2016 4629 2153 4683 sicut
2184 4628 2298 4698 ipse
2328 4635 2555 4683 testatur
2586 4646 2603 4677 ι
2643 4626 2733 4697 qui
2760 4626 2940 4681 omnia
2977 4624 3145 4689 novit,
3181 4645 3200 4678 ι
3231 4625 3382 4680 novit
3419 4627 3584 4681 etiam

2016 4729 2070 4774 et
2105 4718 2436 4789 singulorum
2465 4718 2625 4781 facta,
2659 4718 2807 4772 novit
2838 4725 2891 4772 et
2940 4716 3075 4771 lines
3121 4716 3453 4788 singulorum
3476 4759 3490 4783 ,
3540 4728 3595 4775 et

2015 4825 2078 4885 ex
2103 4826 2168 4863 eo
2211 4809 2351 4879 quod
2388 4809 2443 4862 in
2485 4809 2565 4863 eis
2586 4809 2720 4864 vidit
2753 4818 2807 4864 et
2833 4807 3101 4880 cognovit,
3134 4823 3196 4862 ex
3224 4822 3291 4864 eo
3324 4809 3488 4864 etiam
3533 4819 3588 4865 et

2016 4900 2409 4969 praedestinavit
2439 4899 2567 4971 quid
2597 4900 2662 4956 de
2709 4898 2935 4973 singulis
2966 4907 3107 4954 esset
3147 4908 3390 4956 acturus.
3434 4899 3588 4958 Sicut

2013 4993 2155 5049 enim
2184 4992 2517 5064 praescientia
2554 4992 2670 5065 ejus
2693 4995 2961 5048 neminem
2984 4992 3254 5063 compellit
3297 4995 3364 5050 ad
3399 5009 3593 5066 pecca-

2019 5096 2151 5144 tum.
2179 5101 2301 5141 cum
2333 5086 2519 5155 utique
2547 5085 2845 5158 prmscierit
2869 5085 3199 5158 singulorum
3231 5095 3358 5143 ante
3396 5088 3591 5144 saecula

2018 5187 2216 5234 acterna
2240 5184 2480 5248 peccata,
2504 5178 2575 5231 ita
2598 5191 2811 5251 quoque
2834 5184 2889 5233 et
2914 5178 3319 5249 prtedestinatio
3349 5177 3465 5248 ejus
3493 5195 3591 5235 ue-

2020 5270 2218 5323 minem
2254 5267 2525 5347 compellit
2553 5266 2621 5323 ad
2655 5283 2895 5340 poenam,
2922 5268 3047 5325 licet
3073 5278 3127 5325 et
3154 5278 3443 5340 antequam
3471 5285 3597 5326 uas-

2019 5369 2173 5415 catur
2197 5360 2410 5430 aliquis,
2438 5360 2847 5432 prmdestinatus
2888 5362 3048 5428 sit,-si
3077 5377 3461 5434 permansurus
3510 5372 3595 5420 est

2021 5450 2076 5504 in
2100 5450 2402 5522 iniquitate,
2425 5452 2489 5506 ad
2519 5466 2753 5522 poenam.
2786 5453 2863 5509 Ex
2886 5467 2953 5510 eo
2976 5454 3119 5510 enim
3150 5453 3291 5523 quod
3324 5452 3591 5525 praescivit

2024 5540 2261 5610 singulos
2316 5540 2442 5610 quid
2483 5552 2665 5598 essent
2692 5545 2861 5599 acturi
2893 5558 2960 5599 ex
3002 5558 3068 5599 eo
3105 5552 3161 5599 et
3197 5542 3593 5614 prmdestiuavit

2024 5634 2324 5689 aeternitate
2343 5635 2549 5691 consilii
2580 5637 2658 5691 sui
2686 5637 2814 5707 quid
2836 5646 2976 5693 esset
2997 5637 3063 5693 de
3083 5636 3307 5708 singulis
3335 5635 3595 5698 facturus.

2023 5727 2153 5784 ltem
2181 5727 2535 5786 Cassiodorus
2582 5730 2634 5785 in
2691 5729 3025 5801 expositione
3076 5728 3266 5800 psalmi
3293 5743 3445 5794 cvm,
3473 5741 3599 5785 mm
