4088 6344
440 430 447 435 -
504 416 572 471 ss
1567 378 1929 471 anesum
1969 408 2419 467 commensus
2447 406 2779 466 nossem-
2816 394 2823 397 “
3706 412 3777 468 56

503 541 763 588 tractaret
793 502 1119 588 versiculum
1164 546 1288 586 eum
1316 531 1411 601 qui
1466 531 1600 587 dicit
1634 549 1647 585 :
1700 549 1719 583 ‹
1764 529 1924 585 Fiant
1967 527 2080 583 nati
2110 530 2159 587 Α
2186 523 2274 579 hic
2296 524 2475 597 justus
2499 524 2728 596 amplius
2748 516 3329 597 justiﬁeatinrdmplius
3349 524 3579 597 amplius
3602 528 3780 584 sordi-

501 620 620 693 cjus
648 622 701 677 in
731 618 1033 688 interitum,
1061 622 1115 676 in
1150 621 1498 692 generatione
1539 636 1644 676 una
1694 620 1934 677 deleatur
1982 636 2083 677 no-

500 728 625 769 men
654 711 789 782 ejus,
823 734 842 768 ι
874 714 988 768 Ιιωο
1015 706 1349 780 subiunxit“:
1403 711 1785 785 [Eosdemque
1818 724 1976 768 natos
2006 713 2087 769 di—

500 804 596 869 cit,
643 821 780 876 quos
821 804 1071 874 superius
1117 804 1348 874 pupillos
1387 804 1480 859 ait.
1514 804 1581 859 Et
1629 806 1885 876 quoniam
1914 806 2088 861 solent

498 895 663 967 aliqui
715 905 1058 966 peccatorum
1120 912 1292 968 genus
1351 912 1652 970 propagare
1714 898 2082 969 longinquum,

500 989 674 1068 ipsam
703 1003 916 1059 quoque
963 1004 1113 1059 spem
1160 989 1266 1045 illis
1309 990 1685 1060 prosperitatis
1726 991 1977 1060 abscidit,
2018 1009 2087 1049 ne

497 1094 607 1150 quo
656 1095 713 1135 se
767 1079 911 1135 bono
954 1080 1203 1149 pessimae
1242 1089 1453 1136 mentes
1505 1081 1914 1137 consolarentur
1974 1085 2088 1141 sive

497 1170 671 1240 magis
699 1185 805 1225 una
836 1172 1114 1243 generatio
1141 1171 1230 1227 illa
1261 1172 1487 1228 dicenda
1520 1182 1620 1236 est,
1650 1178 1869 1246 quando
1905 1177 2083 1234 nasci-

498 1277 622 1315 mur
662 1263 717 1317 in
767 1267 1043 1334 peccatis;
1073 1273 1128 1320 et
1175 1264 1295 1321 ideo
1320 1266 1454 1336 petit
1482 1274 1541 1322 ut
1584 1269 1650 1323 ad
1678 1270 2005 1341 secundam,
2035 1271 2086 1326 id

495 1354 679 1425 estad
709 1356 1198 1426 regenerationem,
1229 1373 1334 1413 non
1369 1362 1689 1428 perveniant
1720 1378 1732 1414 :
1783 1361 1874 1432 qui
1908 1370 2094 1447 tamen»

497 1445 549 1500 in
575 1447 1047 1515 praedestinatione
1088 1450 1287 1520 repulsi
1310 1460 1434 1507 sunt
1465 1462 1524 1507 ut
1550 1453 1601 1508 in
1630 1455 1801 1524 prima
1835 1464 2085 1526 peccato-

498 1553 877 1597 rumsuorum
928 1542 1057 1598 faece
1105 1542 1436 1614 dispereant,
1483 1560 1551 1599 ne
1592 1546 1842 1601 secundae
1894 1548 2089 1602 nativi-

497 1629 624 1683 tatis
671 1629 932 1688 beneticio
984 1633 1233 1711 laqueum
1271 1636 1461 1690 mortis
1492 1636 1775 1710 revadaut.]
1820 1636 1925 1693 Sed
1974 1639 2089 1693 haec

493 1730 548 1773 ct
584 1719 688 1773 illis
712 1722 908 1776 similia
953 1724 1208 1780 dicuntur
1238 1725 1305 1781 de
1330 1726 1436 1781 illis
1475 1728 1564 1797 qui
1594 1728 1646 1782 in
1693 1726 1903 1784 Domini
1949 1729 2089 1798 judi-

493 1810 709 1867 catione
732 1813 1022 1869 damnandi
1050 1824 1196 1881 sunt,
1224 1824 1283 1885 et
1316 1816 1405 1872 hic
1434 1832 1531 1889 per
1556 1820 2085 1888 praedestinationem

2188 616 2365 673 datur.
2392 617 2561 675 Malus
2581 619 2647 674 ad
2671 619 2870 675 bonum
2894 617 3184 688 aliquando
3221 618 3576 685 convertitur,
3603 619 3780 678 bonus

2187 710 2256 766 ad
2279 710 2476 767 malum
2504 711 2792 784 aliquando
2819 714 3143 781 reﬂectitur;
3168 712 3421 784 vultquis
3446 726 3569 770 esse
3599 713 3789 771 bonus

2185 812 2374 860 etnon
2419 805 2589 872 valet;
2625 806 2737 862 vult
2769 806 2908 862 alter
2948 820 3069 863 esse
3117 806 3308 869 malus,
3340 815 3521 863 etnon
3552 808 3780 877 permit-

2186 894 2320 949 titur
2358 895 2580 952 interire
2611 938 2626 962 ,
2655 897 2816 953 datur
2843 897 2892 953 ei
2919 897 3010 967 qui
3040 896 3177 961 vult,
3224 910 3344 952 esse
3382 896 3594 952 bonus:
3637 897 3779 954 alius

2187 1002 2286 1044 nec
2306 988 2438 1055 vult,
2472 1005 2573 1046 nec
2594 990 2753 1045 datur
2780 991 2851 1055 ei,
2875 999 2933 1044 ut
2964 990 3034 1046 sit
3058 988 3270 1046 bonus:
3313 989 3415 1044 iste
3454 990 3696 1047 nascitur
3723 992 3776 1046 in

2188 1097 2373 1138 errore
2398 1091 2451 1138 et
2477 1084 2734 1150 moritur;
2787 1083 2877 1139 ille
2907 1084 2960 1139 in
3003 1083 3146 1138 bono
3167 1098 3276 1153 quo
3301 1083 3467 1154 coepit
3508 1097 3681 1153 usque
3724 1084 3778 1137 in

2187 1171 2347 1227 finem
2374 1174 2650 1244 perdurat.
2687 1173 2892 1229 Tandiu
2921 1174 3024 1229 iste
3047 1183 3154 1229 stat
3175 1188 3455 1245 quousque
3476 1174 3662 1239 cadat;
3691 1173 3781 1228 ille

2189 1264 2327 1320 male
2368 1266 2457 1321 diu
2496 1265 2744 1331 vivendo,
2801 1265 2855 1320 in
2908 1264 3012 1319 ﬂne
3057 1263 3320 1330 salvatur,
3392 1272 3782 1334 respectusque

2188 1358 2549 1423 convertitur;
2580 1357 2692 1413 vult
2720 1358 2982 1428 prodesse
3013 1357 3068 1413 in
3113 1358 3257 1413 bono
3295 1355 3479 1425 justus
3511 1370 3611 1412 nec
3646 1371 3781 1427 pra:-

2186 1448 2343 1511 valet,
2367 1449 2482 1503 vult
2518 1463 2713 1504 nocere
2740 1449 2913 1504 malus
2934 1458 2988 1505 et
3012 1447 3171 1504 valet.
3194 1447 3302 1504 Iste
3330 1447 3441 1503 vult
3464 1447 3577 1503 Deo
3613 1462 3778 1503 vaca-

2187 1553 2268 1604 re,
2295 1546 2351 1593 et
2377 1538 2570 1594 saeculo
2602 1539 2895 1610 impeditur
2927 1555 2940 1591 :
2976 1538 3066 1593 ille
3118 1539 3171 1593 in
3224 1538 3456 1609 negotiis
3507 1537 3777 1609 implicari

2187 1629 2335 1698 cupit
2378 1643 2480 1685 nec
2524 1627 2756 1700 perficit.
2801 1628 3124 1684 nominatur
3176 1627 3353 1683 malus
3389 1627 3556 1693 bono,
3602 1628 3779 1683 bonus

2185 1721 2478 1775 damnatur
2512 1735 2611 1791 pro
2639 1722 2827 1796 impio,
2852 1720 3050 1791 impius
3077 1720 3380 1775 honoratur
3398 1734 3496 1790 pro
3514 1717 3692 1789 justo;
3720 1729 3781 1773 et

2188 1812 2241 1868 in
2273 1813 2372 1867 hac
2414 1820 2563 1867 tanta
2615 1810 2955 1867 obscuritate,
2995 1825 3102 1865 non
3147 1808 3291 1864 valet
3345 1809 3512 1865 homo
3536 1806 3775 1864 divinam

493 1902 740 1971 repulsos
768 1904 925 1969 dixit,
952 1922 1090 1977 quos
1119 1907 1171 1962 in
1196 1917 1456 1963 aeternam
1480 1907 1885 1965 damnationem
1913 1909 1965 1965 in
1989 1909 2083 1981 jus
2112 1897 2160 1958 Β
2188 1906 2521 1978 perscrutari
2566 1904 2977 1977 dispositionem
3014 1912 3069 1961 et
3106 1902 3379 1960 occultum
3425 1901 3778 1973 prtedestina-

488 1990 632 2049 dicio
657 1996 949 2053 mittendos
978 2001 1294 2070 pronuntiat
1324 2020 1335 2055 :
1367 2002 1501 2057 vidit
1526 2002 1670 2057 enim
1700 2002 1871 2059 malos
1896 1998 2085 2075 perse;

487 2095 772 2142 veraturos
802 2087 945 2144 Deus
972 2089 1026 2145 in
1057 2090 1221 2159 malo,
1248 2101 1303 2147 et
1328 2090 1450 2148 ideo
1497 2093 1637 2163 apud
1658 2080 1915 2149 aeternam
1942 2111 2083 2166 pra:-

486 2174 771 2233 scientiam
796 2194 952 2234 suam
999 2180 1198 2238 talibus
1250 2183 1653 2253 praedestinavit
1696 2200 1935 2256 poenam.
1965 2188 2079 2244 Non

486 2267 609 2325 ideo
634 2279 815 2327 tamen
847 2274 1244 2344 compelluntur
1271 2276 1337 2330 ad
1366 2290 1582 2347 poenam
1621 2279 1749 2348 quia
1780 2294 1884 2333 non
1910 2295 1973 2334 ex
2014 2296 2080 2334 eo

490 2363 634 2433 quod
661 2365 1029 2434 prmdestiuati
1074 2377 1200 2423 sunt
1246 2368 1580 2439 iudicantur,
1618 2372 1714 2427 sed
1744 2387 1808 2428 ex
1840 2388 1905 2428 co
1934 2374 2079 2446 quod

487 2461 801 2523 peccatores
827 2457 1061 2526 pnes-citi
1102 2468 1249 2525 sunt,
1280 2461 1347 2514 ad
1367 2475 1559 2531 poenas
1587 2463 1955 2534 praedestinati
1983 2480 2078 2520 co-

486 2555 820 2612 gnoscuntur
850 2564 863 2600 :
897 2548 1040 2604 sicut
1083 2549 1226 2604 enim
1256 2565 1414 2608 nemo
1438 2561 1617 2623 potest
1669 2554 1937 2626 imputare
1971 2542 2091 2612 Deo

485 2636 627 2705 quod
658 2648 865 2707 peccat,
899 2639 969 2693 ita
1000 2656 1214 2713 quoque
1242 2645 1385 2713 quod
1432 2660 1531 2716 pro
1570 2647 1809 2717 peccatis
1854 2651 2080 2719 punien-

486 2727 587 2783 dus
624 2731 712 2785 sit.
753 2730 948 2787 Peccat
988 2735 1132 2789 enim
1162 2737 1382 2807 propria
1410 2738 1687 2797 voluntate
1734 2741 2075 2813 delinquens,

485 2821 791 2889 puniendus
822 2831 1002 2878 autem
1031 2824 1278 2894 estjusto
1297 2825 1507 2897 judicio
1527 2829 1825 2899 iudicantis
1853 2849 1867 2889 :
1898 2842 1952 2888 et
1998 2836 2074 2890 si-

486 2922 577 2965 cut
606 2915 813 2981 peccati
844 2931 1008 2971 causa
1049 2932 1156 2972 non
1195 2934 1260 2973 ex
1297 2920 1388 2975 Dei
1416 2914 1752 2990 prarscientia
1774 2924 2074 2993 descendit,

485 3005 611 3076 quia
636 3005 811 3062 nullus
834 3005 1036 3064 idcirco
1057 3019 1244 3080 peccat
1265 3012 1390 3083 quia
1421 3012 1564 3069 Deus
1583 3012 1702 3070 cum
1727 3024 2075 3084 peccaturum

484 3098 807 3168 prccscierit,
838 3099 933 3155 sed
982 3101 1186 3158 idcirco
1213 3102 1338 3174 quia
1369 3105 1540 3176 magis
1562 3107 1794 3177 propriae
1821 3110 2075 3179 concupi-

484 3191 708 3270 scentiae
729 3191 912 3247 obedit
948 3210 1111 3264 quam
1140 3204 1409 3268 pnecepto
1430 3198 1766 3267 prohibentis
1793 3198 1884 3254 Dei
1908 3214 1937 3253 a
1956 3214 2076 3269 pec-

487 3264 651 3339 cato:
701 3284 775 3339 ita
814 3262 1029 3356 quoque
1067 3262 1247 3343 nullus
1292 3262 1497 3345 idcirco
1543 3289 1611 3344 ad
1642 3305 1857 3360 poenam
1904 3262 2072 3357 vadit,
2104 3262 2148 3325 Ο

484 3379 612 3447 quia
643 3379 748 3433 hoc
777 3379 831 3433 in
862 3378 958 3437 Dei
987 3381 1460 3452 praedestinatione
1491 3392 1616 3438 ante
1663 3382 1841 3438 fuerat
1866 3400 1880 3439 :
1910 3399 1975 3439 ex
2006 3376 2085 3440 eo'

485 3469 630 3524 enim
654 3472 797 3540 quod
824 3472 1108 3542 praescitus
1128 3481 1212 3528 est
1240 3473 1292 3527 in
1320 3473 1560 3544 peccatis
1589 3466 1994 3545 permansurus,
2020 3462 2087 3530 et;

484 3559 601 3615 sine
640 3561 974 3630 paenitentiae
1020 3560 1198 3618 fructu
1219 3563 1383 3619 vitam
1407 3575 1728 3635 przesentem
1756 3567 2075 3623 terminatu-

484 3668 600 3717 rus,
628 3644 782 3710 exeo
805 3655 1089 3726 deputatus
1114 3666 1196 3712 est
1240 3656 1308 3710 ad
1348 3671 1582 3727 pmnam.
1620 3656 1688 3712 Et
1730 3658 1868 3713 sicut
1910 3674 2073 3715 causa

486 3745 695 3815 peccati
729 3747 1167 3817 concupiscentia
1202 3756 1316 3811 est,
1354 3763 1461 3818 qua
1509 3749 1679 3820 magis
1705 3749 1955 3805 obeditur
1975 3766 2073 3805 vo-

483 3837 679 3893 luntati
698 3840 879 3894 carnis
897 3854 1059 3909 quam
1083 3848 1351 3910 praecepto
1375 3840 1579 3905 divino,
1607 3840 1683 3895 ita
1708 3855 1884 3911 poenae
1909 3844 2075 3912 depu-

490 3930 708 3986 tationis
736 3946 899 3986 causa
926 3940 1010 3985 cst
1046 3932 1254 4001 peccati
1300 3933 1650 4002 perpetratio,
1682 3940 1736 3987 et
1760 3943 1943 4004 postea
1975 3951 2074 4004 pro

491 4031 713 4096 peccato
743 4022 884 4076 nulla
909 4024 1066 4095 digna
1102 4022 1419 4080 satisfactio.
1466 4024 1604 4080 Hinc
1644 4034 1862 4083 sanctus
1909 4025 2080 4083 lsido-'

490 4132 582 4169 rus
613 4114 941 4185 Hispalensis
969 4115 1275 4187 episcopus,
1306 4115 1433 4171 vitae
1474 4116 1681 4172 meritis
1719 4125 1775 4172 et
1798 4117 2076 4188 sapientiae

490 4208 689 4262 lumine
738 4207 1047 4277 przcclarus,
1083 4207 1469 4263 catholicorum
1512 4223 1745 4279 sequens
1775 4196 2076 4265 doctrinam

492 4303 897 4373 magistrorum,
926 4300 977 4355 in
1002 4300 1139 4354 libro
1163 4301 1401 4361 secundo
1422 4300 1828 4356 Sententiarum
1862 4302 1999 4373 (cap.
2018 4301 2074 4375 6)

492 4393 763 4467 geminam
787 4391 902 4447 fore
927 4391 1456 4462 praedestinationem
1496 4398 1605 4445 tam
1630 4405 1886 4447 sensuum
1913 4408 2074 4463 quam

492 4486 780 4544 verborum
831 4486 1181 4542 attestatione
1228 4487 1405 4550 docet,
1435 4484 1658 4542 dicens:
1698 4485 1950 4560 [Gemina
1994 4494 2078 4542 est

492 4580 935 4653 praedestinatio,
988 4580 1102 4635 sive
1156 4578 1452 4635 electorum
1504 4578 1571 4633 ad
1632 4580 1913 4651 requiem,
1960 4580 2076 4635 sive

492 4637 843 4743 reproborum
876 4637 943 4727 ad
975 4677 1223 4726 mortem.
1259 4668 1500 4741 Utraque
1527 4637 2075 4742 divino‘agiturjudi-
2099 4637 2153 4700 Β

489 4767 597 4833 cio,
629 4774 687 4821 ut
723 4780 938 4837 semper
956 4764 1158 4820 electos
1183 4778 1413 4833 superna
1435 4772 1489 4819 et
1511 4763 1769 4819 interiora
1801 4763 1952 4833 sequi
1991 4762 2074 4819 fa-

490 4860 616 4924 ciat,
643 4873 965 4929 semperque
982 4858 1264 4929 reprobos,
1293 4866 1351 4912 ut
1377 4856 1558 4912 intima
1586 4867 1642 4913 et
1683 4857 1954 4913 exteriora
1985 4857 2078 4914 de-

492 4951 707 5012 lectent,
753 4948 1054 5004 deserendo
1103 4947 1401 5019 permittat.
1457 4946 1609 5004 Sicut
1651 4950 1862 5020 ignorat
1915 4950 2077 5005 homo

492 5042 780 5099 terminum
812 5041 948 5097 lucis
968 5050 1023 5096 et
1049 5040 1415 5107 tenebrarum,
1442 5041 1526 5096 vel
1553 5042 1830 5113 utriusque
1859 5043 1933 5097 rei
1957 5042 2078 5112 quis

493 5136 615 5191 ilnis
639 5134 729 5201 sit,
753 5134 825 5189 ita
848 5132 1062 5205 plenius
1088 5133 1258 5190 nescit
1284 5134 1405 5203 quis
1431 5141 1555 5188 ante
1581 5147 1734 5186 suum
1766 5133 1923 5188 tinem
1956 5132 2074 5189 luce

482 5210 708 5297 iustitia:
737 5224 1114 5296 przeveniatur,
1165 5223 1251 5280 vel
1279 5224 1401 5294 quis
1454 5230 1801 5294 peccatorum
1839 5225 2076 5282 tenebris

492 5335 661 5391 usque
710 5320 762 5375 in
802 5333 957 5374 suum
991 5317 1279 5373 terminum
1311 5316 1651 5380 obscuretur,
1683 5323 1776 5369 aut
1808 5318 1929 5387 quis
1956 5327 2076 5388 post

492 5416 704 5485 lapsum
736 5398 1077 5469 tenebrarum
1133 5425 1426 5468 conversus
1485 5418 1733 5481 resurgat
1774 5412 1838 5465 ad
1878 5409 2074 5467 lucem.

492 5505 697 5564 Cuncta
725 5488 835 5560 hzec
857 5503 966 5559 Deo
988 5511 1193 5574 patent,
1219 5500 1493 5556 hominem
1511 5513 1641 5554 vero
1663 5499 1829 5557 latent
1853 5518 1865 5554 :
1890 5516 2077 5571 quam-

490 5595 860 5668 visjustorum
905 5592 1245 5650 conversatio
1297 5590 1350 5645 in
1380 5591 1480 5646 hac
1508 5590 1618 5646 vita
1664 5591 1958 5663 probabilis
1985 5594 2073 5659 sit,

493 5689 759 5745 incertum
788 5697 966 5743 tamen
988 5683 1296 5741 hominibus
1330 5696 1469 5748 esse,
1494 5682 1559 5735 ad
1587 5698 1748 5753 quem
1777 5683 1885 5738 sint
1914 5683 2077 5741 ﬁnem

493 5764 891 5855 praedestinati,
922 5779 1016 5835 sed
1059 5776 1241 5834 omnia
1270 5776 1537 5832 reservari
1588 5773 1769 5831 futuro
1815 5779 2071 5836 examini.

496 5875 628 5935 Mira
655 5872 938 5947 dispositio
957 5879 1040 5929 est
1065 5884 1312 5943 supernae
1334 5868 1748 5936 distributionis,
1779 5884 1876 5941 per
1912 5888 2073 5944 quam

2184 2000 2347 2055 tionis
2374 2000 2708 2072 perpendere
2736 1997 3028 2072 ordinem]

2252 2090 2459 2159 Quibus
2485 2090 2667 2148 verbis
2698 2106 2805 2146 non
2840 2090 3017 2146 solum
3046 2090 3193 2162 quod
3225 2090 3298 2145 sit
3334 2082 3637 2145 electorum
3673 2106 3775 2145 nu-

2184 2194 2365 2237 merus
2391 2181 2612 2252 prtemio
2632 2182 2997 2246 coronandus,
3022 2188 3077 2236 et
3104 2179 3457 2251 reproborum
3481 2178 3772 2235 multitudo
3832 2204 3839 2209 -

2182 2288 2341 2345 poena
2375 2275 2429 2329 in
2471 2274 2675 2343 judicio
2717 2260 2981 2340 ferienda,
3031 2274 3226 2329 divinae
3279 2271 3777 2344 praedestinationis

2180 2366 2370 2421 ordine
2391 2365 2708 2435 dispositum
2732 2365 2849 2421 fore
2869 2365 3173 2422 clarissime
3196 2364 3554 2430 demonstrat,
3584 2378 3779 2433 verum
3832 2376 3835 2377 '

2180 2457 2460 2526 utriusque
2483 2456 2711 2522 ordinis,
2748 2456 2804 2511 id
2826 2464 2909 2510 est
2939 2465 3048 2511 tam
3068 2454 3369 2510 electorum
3394 2468 3560 2526 quam
3586 2468 3775 2525 repro-

2180 2552 2396 2616 borum,
2427 2550 2539 2605 vita
2566 2565 2675 2621 quo
2703 2565 2864 2606 cursu
2896 2563 3075 2621 quove
3098 2548 3317 2605 tramite
3343 2546 3596 2604 volubilis
3621 2562 3777 2603 mult-

2180 2641 2232 2698 di
2270 2650 2508 2712 tempora
2557 2649 2917 2714 pertranseat,
2952 2642 3093 2697 sicut
3137 2639 3355 2711 superni
3384 2637 3775 2696 moderaminis

2180 2734 2353 2806 legem
2401 2749 2510 2789 non
2560 2734 2859 2806 egreditur,
2899 2734 2973 2789 ita
3012 2732 3250 2790 ctelestis
3285 2731 3639 2804 dispositione
3680 2746 3773 2788 sed

2180 2832 2315 2887 creti
2331 2831 2488 2887 docet
2514 2843 2634 2886 esse
2655 2829 3115 2900 praedestinatum.
3143 2824 3509 2896 Utrorumque
3548 2825 3616 2880 de
3639 2823 3768 2890 (ine,

2180 2924 2434 2981 videlicet
2483 2923 2781 2980 electorum
2823 2937 2919 2978 seu
2977 2920 3350 2992 reproborum,
3381 2918 3610 2989 loquens
3649 2917 3769 2973 ait:

2182 3016 2432 3090 [Gemina
2478 3024 2563 3070 est
2614 3012 3042 3084 praedestinatio,
3083 3012 3197 3067 sive
3242 3010 3540 3067 electorum
3584 3009 3652 3064 ad
3688 3023 3774 3064 re-

2178 3108 2382 3179 quiem,
2419 3107 2533 3172 sive
2560 3105 2910 3176 reproborum
2960 3104 3026 3159 ad
3077 3100 3354 3174 mortem]
3417 3101 3543 3157 Haec
3588 3109 3769 3158 autem

2178 3201 2583 3274 prtedestiuatio
2627 3197 3084 3271 quemadmodum
3130 3197 3184 3252 in
3239 3195 3470 3268 singulis
3509 3204 3770 3267 operetur

2181 3293 2429 3363 sequenti
2473 3291 2743 3347 sententia
2787 3296 3075 3344 monstrat.
3140 3286 3435 3360 [Utraque,
3489 3286 3763 3358 inquiens,

2179 3383 2361 3440 divino
2388 3383 2566 3454 agitur
2594 3378 2822 3447 judicio,
2850 3388 2912 3433 ut
2961 3392 3177 3449 semper
3202 3376 3406 3434 electos
3446 3390 3677 3447 superna
3713 3384 3771 3431 et

2180 3473 2439 3529 interiora
2465 3470 2617 3542 sequi
2643 3469 2827 3534 faciat,
2849 3482 3069 3538 semper
3100 3467 3381 3538 reprobos,
3415 3474 3475 3521 ut
3500 3465 3686 3522 intima
3712 3474 3769 3522 et

2177 3564 2449 3620 exteriora
2515 3560 2801 3626 delectent,
2865 3558 3164 3615 deserendo
3204 3557 3550 3630 permittat.]
3602 3557 3772 3613 Docet

2138 3724 2145 3731 ,
2177 3659 2319 3715 enim
2346 3656 2488 3730 quod
2515 3654 3010 3728 praedestinationis
3032 3654 3166 3710 ordo
3190 3652 3429 3709 caelestis
3450 3651 3768 3708 discrimine

2172 3750 2361 3819 iudicii
2412 3748 2692 3812 liberetur,
2745 3756 2802 3801 et
2830 3746 3031 3802 electos
3067 3745 3235 3801 divini
3285 3744 3489 3800 amoris
3523 3743 3763 3807 ﬂamma,

2178 3841 2529 3906 succendens,
2562 3839 2843 3905 interiora,
2870 3839 2924 3894 id
2949 3847 3034 3895 est
3062 3836 3325 3908 spiritalia
3352 3846 3405 3893 et
3428 3851 3683 3908 superna,
3710 3836 3765 3891 id

2178 3946 2261 3994 est
2285 3935 2546 4000 cmlestia,
2573 3935 2957 4004 concupiscere
2984 3947 3199 4003 semper
3246 3932 3416 3988 faciat
3462 3940 3517 3987 et
3565 3932 3717 4001 sequi
3748 3948 3761 3985 :

2178 4037 2233 4085 at
2256 4029 2515 4101 reprobos
2532 4028 2681 4099 justo
2710 4028 2924 4099 quidem
2945 4025 3199 4098 judicio,
3226 4024 3549 4082 mortalibus
3585 4034 3765 4080 tamen

2176 4119 2410 4182 occulto,
2440 4120 2566 4190 dum
2586 4118 2855 4174 desiderio
2874 4132 3123 4189 supernas
3161 4118 3352 4189 patria:
3382 4134 3489 4173 non
3518 4117 3761 4177 irradiat.

2178 4223 2341 4283 atque
2366 4227 2461 4267 eos
2484 4210 2770 4267 invisibilis
2791 4211 2917 4266 boui
2939 4224 3124 4266 amore
3143 4218 3392 4267 extorres
3414 4208 3763 4279 derelinquit,

2178 4320 2285 4360 non
2318 4303 2593 4368 interiora,
2621 4303 2717 4359 sed
2746 4304 3040 4370 exteriora,
3087 4318 3195 4359 non
3241 4315 3494 4373 superna,
3529 4301 3622 4358 sed
3677 4302 3763 4357 in-

2179 4395 2325 4461 tima,
2353 4395 2458 4451 hoc
2501 4403 2586 4451 est
2606 4409 2717 4451 non
2743 4394 3007 4465 spiritalia
3030 4394 3124 4450 sed
3154 4394 3477 4465 corporalia,
3518 4408 3626 4449 non
3650 4407 3764 4448 co:-

2178 4487 2331 4544 lestia
2362 4488 2456 4544 sed
2490 4497 2705 4544 terrena
2734 4486 2877 4542 bona
2920 4486 3144 4555 diligere
3172 4502 3231 4543 se
3258 4487 3459 4558 quique
3479 4485 3760 4559 permittit.

2178 4578 2296 4637 Non
2327 4581 2470 4636 enim
2492 4581 2736 4637 veritatis
2761 4581 3043 4651 quisquam
3069 4580 3267 4636 bonum
3291 4597 3306 4647 ;
3336 4580 3424 4638 vel
3450 4595 3636 4636 amare
3669 4596 3767 4652 po-

2183 4679 2309 4739 test,
2332 4671 2418 4727 vel
2446 4672 2683 4742 assequi,
2708 4671 2812 4726 nisi
2834 4669 3083 4726 veritatis
3114 4669 3231 4727 luce
3259 4672 3622 4727 commonitus
3649 4671 3765 4741 ipsa

2181 4754 2792 4837 protestante'veritate.
2833 4785 2851 4815 ι
2889 4762 3059 4820 Nemo
3080 4764 3229 4820 venit
3255 4765 3324 4819 ad
3343 4779 3451 4831 me,
3477 4763 3580 4819 nisi
3600 4754 3767 4819 Pater

2184 4860 2470 4915 attraxerit
2493 4840 2617 4913 enim
2641 4856 2820 4929 (Joan.
2849 4871 2924 4922 γι,
2951 4855 3064 4927 4M);
3102 4876 3122 4909 ι
3158 4866 3213 4912 et
3232 4856 3357 4930 alibi
3388 4874 3401 4909 :
3431 4874 3452 4909 ι
3484 4853 3654 4912 Nemo
3675 4870 3768 4911 n0-

2182 4951 2261 5006 vit
2281 4948 2497 5025 Patrem
2517 4948 2622 5004 nisi
2652 4947 2839 5014 Filius,
2872 4956 2928 5003 et
2948 4948 3034 5003 cui
3050 4948 3301 5013 voluerit,
3324 4940 3769 5033 Filius‘revelare

2185 5004 2399 5115 (Matth.
2423 5022 2506 5107 xi,
2526 5039 2652 5121 27);
2676 5060 2697 5094 ι
2724 5004 2929 5097 attrahi
2952 5051 3132 5097 autem
3155 5043 3222 5096 ad
3233 5004 3523 5097 Christum
3534 5040 3662 5111 quid
3684 5006 3769 5096 est

2183 5132 2286 5189 nisi
2315 5140 2375 5188 ut
2421 5132 2477 5187 in
2526 5146 2648 5187 eum
2691 5133 2945 5189 credatur
2971 5143 3026 5190 et
3050 5133 3321 5191 credendo
3356 5143 3631 5205 sequatur.
3675 5130 3769 5188 Sic

2182 5241 2397 5300 quoque
2426 5241 2524 5298 per
2546 5225 2742 5285 Filium
2763 5228 2994 5286 revelari
3024 5227 3241 5284 Patrem
3267 5244 3374 5285 non
3388 5237 3472 5285 est
3490 5228 3634 5284 aliud
3660 5228 3765 5284 nisi

2182 5320 2305 5377 tldei
2357 5306 2529 5379 oculis
2582 5321 2798 5378 Patrem
2835 5322 3041 5388 videre,
3077 5330 3136 5376 et
3180 5319 3482 5378 dilectionis
3510 5320 3767 5392 obsequio

2183 5413 2474 5481 venerari;
2525 5429 2686 5486 quem
2728 5426 2859 5469 vero
2895 5410 3058 5468 Pater
3094 5412 3273 5467 trahat
3300 5413 3369 5468 ad
3389 5411 3687 5478 Christum,
3712 5420 3769 5467 et

2185 5504 2276 5559 cui
2320 5503 2487 5561 Filius
2531 5503 2731 5562 revelet
2785 5503 3024 5572 Patrem,
3048 5520 3156 5560 non
3182 5504 3443 5570 humano,
3471 5517 3661 5558 verum
3687 5501 3767 5556 di-

2186 5597 2313 5652 vino
2340 5597 2831 5668 censeturjudicio.
2858 5599 2925 5655 Et
2964 5599 3018 5654 in
3053 5598 3158 5655 hac
3185 5597 3405 5670 quidem
3434 5595 3768 5652 mortalitate

2187 5687 2315 5746 nulli
2340 5689 2615 5761 cognitum
2641 5691 2765 5764 quis
2783 5691 2857 5746 ita
2880 5691 3127 5748 trahatur
3151 5686 3218 5745 ad
3242 5689 3545 5756 Christum,
3569 5687 3654 5744 vel
3676 5687 3765 5745 cui

2186 5783 2264 5838 sic
2291 5780 2456 5837 Filius
2487 5781 2686 5837 revelet
2715 5782 2949 5849 Patrem,
2986 5790 3047 5837 ut
3084 5791 3156 5839 sit
3183 5781 3249 5837 de
3295 5794 3524 5836 numero
3556 5779 3765 5836 electo-

2186 5890 2324 5930 rum.
2382 5873 2519 5931 llinc
2567 5874 2759 5931 beatus
2809 5873 3046 5931 Isidorus
3108 5873 3475 5946 prosequitur,
3521 5873 3761 5930 dicens;
