4088 6344
282 427 348 483 57
1241 415 1326 473 DE
1363 403 2033 471 PREDESTINATIONE
2075 406 2206 462 DEI.
2249 437 2316 448 -
2355 405 2483 462 LIB.
2527 404 2588 460 II.
2904 462 2906 464 ,
3485 399 3554 458 58

286 539 466 614 [Sicut
497 535 708 606 ignorat
737 532 898 585 homo
916 527 1207 588 terminum
1233 526 1370 582 lucis
1389 535 1445 581 et
1472 524 1865 585 "tenebrarum,
1894 519 1948 580 Α
1974 519 2166 574 mortis
2186 519 2390 572 exitum
2415 532 2520 573 non
2546 516 2868 586 relinquent.
2899 512 3044 569 Bene
3072 513 3372 578 autemait,
3402 531 3425 564 ι
3456 529 3558 584 per

286 633 368 688 vel
417 631 704 699 utriusque
735 625 814 679 rei
863 623 987 694 quis
1024 621 1149 676 finis
1174 622 1243 676 sit
1276 639 1288 695 ;
1337 620 1408 675 ita
1462 618 1673 691 plenius
1699 614 1874 669 nescit

286 726 409 797 quis
448 733 578 777 ante
626 733 782 775 suum
821 716 984 773 finem
1043 713 1161 770 luce
1206 712 1434 783 justitire
1492 707 1872 782 praeveniatur,

289 817 372 873 vel
400 817 524 887 quis
565 819 911 884 peccatorum
939 807 1178 863 tenebris
1217 820 1386 875 usque
1418 803 1469 857 in
1495 816 1648 857 suum
1686 797 1875 854 termi-

291 924 417 965 num
450 907 792 967 obscuretur,
820 910 913 956 aut
937 901 1058 970 quis
1087 907 1209 970 post
1254 897 1460 968 lapsum
1508 879 1874 954 tenebrarum,

288 1013 583 1057 conversus
603 1001 852 1064 resurgat
894 991 962 1046 ad
997 987 1215 1061 lucem.]
1267 987 1588 1043 Terminum
1639 983 1778 1036 lucis
1825 989 1880 1036 et

295 1093 642 1149 tenebrarum
694 1087 906 1159 ignorat
952 1084 1137 1148 homo,
1171 1080 1426 1152 quoniam
1473 1077 1647 1132 nescit
1684 1075 1738 1130 in
1771 1089 1880 1144 quo

287 1184 619 1256 justitizelux
642 1193 811 1250 usque
843 1179 909 1232 ad
939 1176 1230 1250 terminum
1258 1173 1404 1238 vitae,
1433 1169 1589 1241 quasi
1617 1181 1788 1238 usque
1810 1165 1880 1220 ad

295 1275 458 1330 finem
486 1272 594 1329 diei
616 1268 1018 1343 perseverabit;
1045 1280 1220 1336 neque
1249 1262 1504 1336 cognovit
1553 1261 1606 1316 in
1635 1274 1743 1329 quo
1770 1257 1877 1312 ini-

294 1367 518 1438 quitatis
558 1364 793 1420 tenebrae
843 1369 1096 1430 tanquam
1139 1357 1316 1413 noctis
1365 1354 1571 1410 umbra:
1617 1360 1878 1421 perpetuo

292 1459 529 1514 debeant
556 1469 897 1527 permanere.
919 1453 1052 1521 Quis
1071 1451 1218 1507 enim
1244 1450 1314 1505 sit
1343 1449 1409 1504 de
1436 1461 1662 1502 numero
1683 1443 1879 1498 electo-

296 1568 436 1615 rum,
479 1558 573 1605 aut
618 1549 738 1618 quis
785 1547 1049 1602 habeatur
1078 1545 1146 1599 de
1188 1551 1334 1598 sorte
1385 1539 1737 1610 reproborum
1769 1535 1879 1589 Deo

294 1646 516 1717 quidem
543 1641 888 1698 manifestum
917 1639 1169 1703 habetur,
1202 1637 1452 1692 humanae
1479 1647 1610 1686 vero
1639 1627 1879 1685 scientiae

295 1740 511 1811 penitus
557 1746 643 1792 εει
694 1735 1034 1790 absconsum.
1086 1727 1240 1798 Quod
1294 1725 1453 1796 hujus
1475 1723 1714 1780 auctoris
1753 1734 1879 1775 sen-

297 1834 466 1890 tentia
515 1830 755 1886 declarat
789 1842 914 1883 cum
969 1826 1064 1880 ait.
1098 1822 1328 1896 [Cuncta
1375 1820 1490 1875 haec
1525 1819 1636 1872 Deo
1667 1822 1877 1886 patent,

298 1923 576 1980 hominem
605 1935 736 1976 vero
764 1915 980 1988 latent.]
1011 1893 1214 1970 Deinde
1235 1926 1453 1984 quoque
1497 1907 1777 1964 inculcans
1799 1904 1872 1958 di-
1910 1893 1958 1954 Β

297 2018 435 2072 vinze
465 2009 957 2086 praedestinationis
987 2013 1260 2062 secretum
1287 2000 1470 2058 infert.
1493 1997 1774 2072 [Quamvis
1799 1995 1886 2065 ju-

297 2119 508 2164 storum
537 2103 880 2161 conversatio
905 2101 960 2156 iu
983 2100 1084 2154 hac
1116 2097 1226 2151 vita
1256 2094 1552 2166 probabilis
1587 2093 1678 2155 sit,
1713 2090 1886 2144 incer-

299 2210 411 2254 tum
441 2206 530 2254 est
569 2207 748 2251 tamen
779 2192 1088 2250 hominibus
1113 2190 1182 2245 ad
1208 2203 1369 2258 quem
1398 2186 1558 2241 ﬂuent
1597 2183 1706 2238 sint
1748 2195 1888 2252 prte‘

298 2287 578 2350 destinati,
601 2285 694 2341 sed
730 2283 912 2340 omnia
943 2279 1212 2337 reservari
1257 2277 1438 2331 futuro
1479 2270 1761 2344 examini.]
1795 2269 1883 2325 Si-

298 2384 520 2456 quidem
549 2393 858 2452 quanquam
888 2374 1182 2449 probabilis
1228 2372 1350 2427 vitae
1393 2386 1556 2426 cursu
1601 2367 1888 2422 videantur

294 2481 427 2551 justi
480 2475 832 2539 contendere,
881 2471 1010 2542 quid
1062 2479 1238 2524 tamen
1296 2466 1481 2522 divino
1519 2461 1888 2534 dispositionis

302 2583 518 2633 secreto
546 2587 735 2628 eorum
773 2571 840 2626 de
869 2567 977 2623 fine
999 2567 1346 2634 decernatur,
1376 2560 1522 2615 illius
1548 2555 1888 2613 solummodo

302 2668 585 2741 sapientiae
606 2663 952 2722 manifestum
975 2668 1080 2724 est,
1098 2657 1253 2728 cujus
1279 2651 1687 2724 amplitudinem
1712 2647 1890 2704 scien-

305 2739 392 2817 tiae
417 2759 552 2816 nihil
575 2765 755 2829 potest
783 2755 970 2810 latere.
993 2751 1065 2806 At
1084 2763 1212 2804 vero
1236 2743 1583 2803 mortalitatis
1605 2739 1762 2810 hujus
1792 2741 1890 2795 ho-

307 2856 508 2911 minem
537 2851 789 2908 tenebras
813 2846 1109 2918 patientem
1138 2850 1298 2897 tantae
1319 2834 1702 2909 profunditatis
1732 2832 1890 2903 abys-

309 2965 398 3004 sns
433 2959 777 3017 nequaquam
812 2940 1068 3002 illustrat,
1096 2947 1284 2989 verum
1333 2928 1666 2985 densissima:
1715 2921 1890 2978 noctis

305 3039 540 3110 caligine
567 3013 917 3091 involvuntur
932 3027 1138 3090 omnia,
1161 3024 1330 3081 donec
1356 3017 1569 3075 venturi
1595 3016 1776 3070 lumen
1803 3013 1890 3083 ju-

305 3132 430 3188 dicii
459 3128 796 3198 singulorum
822 3123 960 3178 facta
976 3136 1084 3191 quo
1101 3118 1207 3173 fine
1223 3114 1536 3172 sudaverint
1561 3112 1884 3166 innotescat.

306 3224 568 3294 Tuncque
594 3228 906 3276 sanctorum
939 3215 1049 3270 vita
1099 3226 1218 3282 quae
1246 3205 1512 3280 probabili
1545 3219 1701 3259 cursu
1729 3202 1890 3272 hujus

1975 628 2137 683 quam
2169 611 2309 684 viam
2340 610 2609 682 spargitur
2651 609 2763 674 lux,
2785 619 2838 664 et
2867 607 3213 663 tenebrarum
3255 605 3377 676 quis
3403 605 3554 665 locus

1977 706 2066 760 sit.
2104 725 2123 756 ι
2152 704 2265 764 Lux
2309 703 2451 769 enim
2481 702 2672 758 divinae
2712 700 3034 756 visitationis
3064 715 3171 755 non
3201 713 3330 764 uno,
3363 713 3552 756 verum

1979 799 2256 870 multiplici
2285 799 2443 854 modo
2457 797 2750 854 electorum
2781 799 2943 852 corda
2963 794 3257 865 perfundit,
3275 793 3410 849 alios
3429 795 3556 865 isto,

1979 891 2111 946 alios
2159 891 2248 945 illo
2273 890 2581 945 elarilicans
2617 903 2864 953 munere,
2916 898 3078 959 atque
3119 889 3253 945 istos
3283 886 3354 943 ab
3401 899 3558 945 utero

1980 982 2191 1046 matris,
2237 980 2355 1035 illos
2400 996 2430 1034 a
2476 978 2714 1050 pueritiae
2752 973 3012 1049 te’mpore,
3067 981 3166 1035 hos
3189 991 3367 1037 autem
3409 997 3440 1035 a
3472 981 3561 1052 ju-

1979 1075 2214 1132 ventutis
2243 1074 2477 1139 fervore,
2515 1071 2802 1128 nonnullos
2830 1087 2960 1127 vero
3003 1073 3056 1127 in
3103 1075 3396 1130 senectutis
3440 1089 3561 1144 pro-

1981 1185 2132 1226 cessu
2167 1169 2233 1224 de
2261 1177 2603 1238 peccatorum
2634 1166 2867 1222 tenebris
2889 1166 2956 1220 ad
2985 1165 3157 1222 lucem
3176 1167 3401 1236 justitiae
3432 1181 3564 1223 con-

1981 1268 2160 1323 vertit.
2189 1267 2357 1338 Igitur
2387 1266 2641 1336 quoniam
2667 1264 2880 1319 diverso
2901 1263 3193 1334 gratiarum
3223 1279 3446 1319 munere
3472 1279 3560 1318 su-

1981 1376 2182 1432 pernus
2204 1358 2375 1415 Iudex
2413 1358 2614 1414 electos
2637 1356 2967 1427 magnificat,
3002 1357 3337 1427 diversisque
3385 1357 3564 1413 :etatis

1984 1452 2316 1522 temporibus
2339 1450 2405 1505 ad
2437 1450 2680 1506 veritatis
2704 1450 2846 1504 viam
2883 1458 3094 1515 evocat,
3123 1450 3318 1506 merito
3342 1449 3562 1514 dicitur,

1989 1563 2005 1596 ι
2044 1560 2141 1614 per
2165 1559 2326 1615 quam
2356 1543 2496 1596 viam
2529 1542 2800 1613 spargitur
2821 1541 2912 1596 lux
2942 1561 2954 1596 :
2992 1561 3010 1593 ι
3043 1541 3095 1597 id
3123 1549 3236 1606 est,
3263 1540 3354 1595 lux
3398 1539 3563 1595 coale-

1983 1636 2082 1691 stis
2116 1636 2306 1705 gratia:
2341 1645 2551 1690 mentes
2603 1634 2897 1690 electorum
2933 1633 3263 1698 illuminans,
3305 1647 3411 1702 qua
3461 1630 3567 1696 via,

1985 1729 2035 1783 id
2063 1736 2145 1783 est
2174 1742 2280 1798 quo
2320 1741 2565 1798 supernae
2594 1725 2957 1796 dispositionis
2979 1725 3168 1781 ordine
3199 1723 3567 1795 dispertiatur,

1985 1835 2092 1876 non
2138 1820 2389 1875 humanae
2439 1819 2635 1874 mentis
2680 1817 2968 1874 infirmitas
3011 1815 3442 1887 comprehendit,
3475 1813 3572 1869 sed

1985 1914 2224 1971 caelestis
2252 1913 2440 1982 judicii
2493 1922 2703 1968 secreta
2749 1921 3036 1967 noverunt.
3068 1910 3332 1967 Similiter
3358 1921 3572 1980 quoque

1992 2026 2010 2057 ‹
2059 2006 2178 2076 quis
2233 2005 2381 2061 locus
2427 2005 2496 2059 sit
2543 2005 2911 2068 tenebrarum,
2950 2023 2967 2054 ι
3003 2003 3056 2058 id
3108 2011 3210 2069 est,
3243 2001 3298 2056 in
3341 2014 3572 2071 quorum

1986 2098 2239 2155 cordibus
2277 2096 2359 2152 vel
2391 2095 2783 2152 incredulitatis
2826 2095 3033 2150 umbrae
3064 2093 3150 2148 vel
3179 2091 3408 2148 actionis
3451 2105 3576 2163 per-

1987 2205 2157 2245 versae
2176 2187 2408 2245 debeant
2431 2203 2600 2258 usque
2638 2188 2692 2242 in
2731 2186 2891 2242 finem
2919 2187 3154 2242 tenebrae
3196 2198 3573 2255 perseverare,

1987 2281 2236 2336 humanae
2257 2279 2471 2350 quidem
2501 2278 2743 2334 scientiae
2766 2292 2872 2333 non
2896 2285 3064 2348 patet,
3093 2276 3289 2332 divinze
3315 2289 3449 2330 vero
3484 2289 3574 2329 sa-

1988 2373 2204 2444 pientiae
2228 2381 2414 2427 notum
2442 2380 2545 2428 est.
2582 2371 2719 2427 Hinc
2747 2371 2912 2426 etiam
2943 2371 3177 2427 infertur
3208 2389 3221 2425 :
3259 2389 3278 2422 ι
3316 2379 3376 2424 ιιι
3407 2370 3576 2425 ducas

1991 2465 2412 2536 unumquodque
2432 2465 2499 2518 ad
2525 2463 2787 2519 terminos
2803 2478 2950 2519 suos.
2989 2483 3009 2516 ι
3045 2462 3123 2518 Ad
3154 2462 3418 2518 terminos
3447 2447 3578 2516 suos

1992 2558 2414 2632 unumquodque
2461 2558 2694 2622 ducitur,
2752 2559 2968 2628 quando
3023 2558 3116 2627 qui
3181 2555 3306 2611 finis
3353 2555 3579 2610 merito-

1994 2669 2113 2710 rum
2161 2651 2336 2725 gratia
2407 2665 2626 2705 suorum
2695 2649 2936 2720 singulos
2990 2656 3228 2712 maneat,
3287 2645 3580 2714 unicuique

1993 2744 2289 2810 confertur,
2357 2750 2415 2796 ut
2471 2742 2634 2797 istum
2702 2755 2802 2810 pro
2877 2739 3012 2795 bene
3078 2746 3352 2810 gestorum
3411 2743 3584 2790 certa-

1995 2837 2139 2891 mine
2180 2834 2482 2889 studiorum
2530 2830 2698 2902 gloria
2731 2827 3086 2895 condecoret;
3134 2827 3284 2882 illum
3327 2841 3456 2882 vero
3483 2839 3585 2895 pro

1995 2925 2135 2981 male
2174 2923 2440 2979 factorum
2493 2922 2794 2976 intentione
2829 2919 3074 2975 laborum
3121 2931 3282 2990 pcena
3312 2922 3582 2980 coerceat,

1994 3025 2262 3089 quatenus
2290 3013 2436 3068 illum
2468 3013 2547 3067 sui
2579 3027 2772 3067 cursus
2801 3010 2962 3066 finem
2990 3009 3248 3080 accipiat,
3277 3021 3436 3077 quem
3465 3021 3586 3061 cer-

1997 3108 2215 3164 taminis
2255 3106 2336 3162 sui
2369 3104 2642 3175 proposito
2683 3103 2934 3174 petebat,
2979 3110 3040 3157 ut
3073 3100 3324 3156 videlicet
3365 3099 3455 3169 qui
3487 3113 3586 3168 pro

1996 3202 2195 3258 laboris
2237 3200 2318 3255 sui
2357 3197 2536 3253 studio
2577 3195 2815 3252 caelestis
2855 3195 3043 3266 patriae
3071 3193 3319 3264 quaesivit
3347 3189 3584 3246 retribu-

309 3319 363 3371 in
397 3277 581 3370 mundi
607 3310 942 3367 volubilitate
966 3277 1176 3362 videtur
1219 3277 1472 3373 dirigere,
1523 3295 1889 3352 manifestabi—
1917 3277 1963 3340 ο
1997 3298 2216 3358 tionem,
2250 3291 2480 3363 accipiat
2515 3291 2567 3345 in
2607 3303 2830 3345 munere
2870 3288 3011 3358 quod
3048 3285 3309 3357 expetivit
3337 3282 3589 3339 certantia

308 3408 396 3464 tur
416 3417 602 3462 utrum
631 3404 774 3476 quod
805 3402 983 3472 egisse
1011 3398 1297 3453 videbatur
1333 3394 1558 3456 bonum,
1585 3402 1770 3444 amore
1797 3401 1896 3442 sae-

307 3500 414 3556 culi
454 3515 522 3554 an
555 3512 744 3552 amore
764 3494 1004 3550 caelestis
1030 3490 1222 3562 patriae
1247 3487 1554 3559 peregerit:
1589 3483 1784 3539 divinae
1814 3489 1894 3536 ta-
1939 3513 1949 3525 ι

310 3612 430 3653 men
445 3597 579 3649 dicit
594 3587 1090 3664 praedestinationis
1113 3583 1359 3641 examine
1380 3578 1720 3648 dispositum,
1735 3589 1897 3646 quem

309 3691 415 3744 sint
445 3685 646 3756 singuli
674 3686 832 3738 linem
857 3679 1097 3737 sortituri
1127 3694 1142 3742 ;
1179 3677 1282 3731 hoc
1305 3681 1390 3728 est
1412 3672 1504 3742 qui
1527 3668 1762 3726 caelestis
1807 3681 1900 3737 pa-

311 3779 427 3834 trize
457 3765 849 3832 beatitudinem
875 3767 1208 3842 percepturi,
1238 3766 1436 3835 quique
1455 3760 1711 3832 perennis
1739 3759 1902 3812 mise-

310 3871 404 3925 ria
431 3867 801 3924 calamitatem
825 3861 1054 3918 subituri
1086 3860 1212 3915 sint.
1248 3855 1396 3912 Unde
1427 3852 1664 3910 secundo
1704 3849 1920 3915 inloco.

311 3963 540 4035 gemina:
569 3953 1060 4032 praedestinationis
1101 3951 1314 4006 intimat
1360 3955 1629 4003 secretum
1657 3944 1785 3997 dum
1821 3941 1902 3996 di-

311 4057 426 4111 cit:
455 4052 715 4128 [Sanctos
745 4046 990 4119 quamvis
1016 4046 1072 4100 in
1097 4046 1200 4098 hac
1235 4041 1344 4096 vita
1390 4035 1746 4109 probabiliter
1778 4048 1902 4088 con-

313 4125 618 4208 verse—ntur,
644 4145 910 4198 incertum
938 4147 1120 4191 tamen
1146 4149 1266 4190 esse
1300 4131 1367 4186 ad
1405 4143 1564 4199 quem
1596 4128 1704 4182 sint
1739 4125 1900 4180 finem

313 4235 728 4314 praedestinatij
782 4232 1017 4289 Dicendo
1072 4241 1306 4298 namque
1357 4225 1622 4279 incertum
1670 4234 1791 4275 esse
1836 4218 1903 4273 ad

314 4349 476 4407 quem
501 4332 613 4388 sint
639 4327 802 4383 finem
850 4318 1240 4396 praedestinati,
1288 4314 1526 4372 ostendit
1567 4326 1672 4367 non
1714 4323 1904 4365 omnes

316 4399 567 4483 homines
611 4421 680 4476 ad
731 4432 895 4473 unum
949 4407 1428 4470 consummationis
1475 4401 1802 4460 contendere
1842 4399 1906 4455 fi-

285 4521 439 4574 ‘nem
475 4536 488 4571 :
520 4529 706 4570 verum
759 4510 895 4564 alios
946 4506 1028 4562 sui
1076 4501 1278 4558 laboris
1326 4499 1745 4568 finemmternte
1772 4506 1906 4563 prm-

318 4611 488 4666 mium
517 4599 972 4661 remunerationis
1006 4604 1372 4658 assecuturos,
1400 4591 1534 4646 alios
1565 4601 1693 4642 vero
1719 4599 1906 4656 perpe-

322 4645 488 4666 ...ιυιη
519 4645 971 4661 .ν.......ν,....ν...-
1007 4645 1371 4658 unum“,
1723 4645 1738 4656 _
1820 4645 1836 4656 .

322 4717 425 4761 tua:
451 4700 815 4759 damnationis
869 4702 1136 4752 tormenta
1193 4690 1484 4759 adepturos
1514 4703 1528 4740 :
1553 4683 1645 4754 qui
1673 4696 1803 4738 vero
1843 4680 1906 4735 il-
1932 4645 1986 4706 Β

324 4800 451 4861 lum,
485 4797 647 4868 quive
673 4793 739 4848 ad
765 4792 924 4847 istum
952 4786 1259 4859 pertineant
1302 4781 1486 4844 finem,
1534 4778 1589 4832 in
1632 4777 1732 4831 hac
1762 4789 1907 4829 mor-

325 4891 552 4948 talitatis
573 4888 804 4958 ealigine
829 4883 973 4938 nulla
1001 4878 1246 4935 veritatis
1291 4871 1723 4930 manifestatione
1763 4883 1908 4923 com-

326 4980 713 5055 prehenditur;
738 4987 984 5046 supernae
999 4979 1178 5025 tamen
1199 4961 1617 5036 dispensationis
1637 4959 1906 5025 examine,

325 5051 766 5145 praedestinatum
797 5066 912 5120 fore
941 5063 1133 5118 doctor
1161 5059 1264 5114 iste
1315 5062 1561 5112 testatur.
1594 5051 1760 5122 Cujus
1790 5066 1910 5106 sen-

330 5143 513 5218 tentia:
559 5159 817 5215 Dominus
857 5155 925 5210 ad
970 5151 1070 5207 Job
1111 5151 1340 5220 loquens
1364 5144 1672 5202 consentire
1699 5143 1913 5198 videtur

329 5254 554 5310 dicens:
588 5270 606 5304 ι
645 5251 743 5306 Dic
771 5247 902 5304 mihi
932 5246 976 5301 si
1006 5243 1149 5299 nosti
1176 5240 1358 5297 omnia
1400 5257 1415 5293 :
1450 5254 1546 5310 per
1571 5251 1733 5308 quam
1772 5235 1912 5290 viam

333 5346 604 5418 spargitur
627 5344 740 5409 lux,
771 5349 828 5396 et
856 5339 1202 5395 tenebrarum
1237 5332 1359 5404 quis
1387 5331 1537 5387 locus
1564 5331 1634 5386 sit
1660 5348 1675 5396 ;
1715 5337 1776 5384 ut
1819 5328 1916 5384 du-

333 5455 426 5495 cas
459 5423 878 5505 unumquodque
926 5431 993 5486 ad
1047 5427 1308 5484 terminos
1347 5439 1474 5480 suos
1529 5421 1914 5495 (Job‘xaxvtu,

338 5529 544 5602 1&20).
579 5549 598 5583 ι
633 5527 795 5583 Lucis
824 5526 1039 5580 nomine
1074 5530 1384 5580 sanctorum
1429 5518 1619 5581 vitam,
1665 5516 1916 5570 tenebra-

338 5615 459 5681 rum
487 5638 619 5680 vero
648 5621 1043 5690 nuncupatione
1073 5615 1423 5686 reproborum
1473 5611 1758 5692 designata
1793 5608 1916 5678 quia

339 5716 589 5774 videlicet
613 5715 744 5781 Deo,
774 5715 860 5770 cui
905 5711 1189 5768 manifesta
1217 5717 1346 5765 sunt
1386 5706 1589 5770 omnia,
1619 5702 1920 5760 certissime

343 5811 510 5866 claret
538 5825 672 5880 quos
694 5809 782 5864 lux
813 5820 1060 5879 superate
1091 5802 1276 5875 gratiae
1303 5816 1474 5870 usque
1505 5799 1554 5854 iu
1586 5799 1708 5852 vita:
1739 5796 1922 5852 termi-

343 5920 470 5960 num
497 5901 806 5966 illustrabit,
837 5909 893 5958 et
938 5913 1074 5971 quos
1124 5893 1452 5952 infidelitatis
1507 5889 1740 5947 tenebrae
1789 5898 1916 5945 ante

1999 3407 2066 3447 ne
2106 3389 2240 3460 :qui
2283 3401 2413 3442 vero
2462 3394 2676 3440 terrena
2725 3397 2822 3453 pro
2872 3379 3202 3443 coelestibus,
3251 3377 3456 3433 caduca
3491 3388 3592 3445 pro

1999 3483 2340 3542 manentibus
2371 3466 2661 3551 appetivit,
2691 3491 2798 3531 non
2827 3485 3042 3530 aeternae
3067 3471 3416 3528 beatitudinis
3450 3485 3592 3540 prte-

2000 3576 2207 3640 mimu,
2259 3573 2401 3644 quod
2453 3587 2557 3626 non
2613 3567 2955 3638 concupivit,
2999 3580 3189 3620 verum
3247 3562 3593 3633 sempiterna!

2001 3667 2362 3725 damnationis
2386 3680 2597 3736 poenam
2622 3661 2878 3724 inveniet,
2901 3675 2998 3730 pro
3021 3673 3126 3728 qua
3149 3655 3433 3719 laboravit;
3460 3669 3593 3724 quo-

2002 3763 2147 3818 niam
2185 3761 2428 3830 quamvis
2467 3757 2666 3812 invitus
2706 3754 2773 3808 ad
2815 3768 2934 3807 eam
2979 3749 3284 3822 perveniat,
3318 3763 3417 3803 nec
3460 3747 3593 3802 licet

2002 3851 2141 3909 male
2169 3863 2398 3921 operans
2426 3861 2613 3918 pinnas
2649 3845 2702 3899 in
2740 3843 2845 3898 fine
2868 3883 2884 3908 ,
2929 3841 3020 3896 sed
3067 3839 3292 3911 gloriam
3333 3837 3592 3908 concupi-

2004 3955 2157 4010 scat,
2205 3941 2418 4015 quando
2465 3950 2646 3997 tamen
2691 3949 2910 3994 aeternae
2945 3934 3166 4006 przemia
3192 3933 3318 3988 vitae
3359 3947 3466 3986 non
3511 3941 3594 3987 cst

2004 4046 2356 4107 accepturus,
2401 4049 2498 4104 pro
2541 4048 2645 4103 qua
2689 4047 2794 4087 non
2844 4028 3128 4094 laboravit,
3178 4041 3368 4099 poenas
3417 4025 3598 4095 capiat

2005 4127 2367 4186 damnationis
2419 4134 2649 4180 aeternas
2701 4141 2714 4177 :
2777 4120 3023 4192 quisquis
3077 4119 3219 4174 enim
3275 4116 3592 4188 sempiterni

2004 4222 2131 4279 boni
2165 4221 2254 4275 ﬁet
2278 4233 2492 4290 expers,
2526 4215 2770 4288 perpetui
2799 4228 3020 4284 compos
3050 4212 3177 4267 mali
3211 4208 3461 4265 eﬂicitur.
3486 4207 3591 4275 Qui

2005 4316 2116 4370 sint
2147 4322 2348 4375 autem,
2375 4309 2461 4367 vel
2489 4311 2602 4365 haec
2626 4307 2710 4362 vel
2757 4306 2846 4362 illa
2884 4303 3212 4376 percepturi,
3256 4302 3345 4356 ille
3371 4290 3598 4355 tantum

2007 4407 2175 4472 novit,
2204 4424 2223 4456 ι
2254 4404 2346 4474 qui
2377 4403 2526 4458 ducit
2551 4399 2970 4471 unumquodque
3003 4396 3070 4450 ad
3118 4377 3378 4450 terminos
3409 4407 3590 4449 suos.»

2009 4498 2166 4554 Solus
2203 4495 2400 4553 etenim
2434 4492 2766 4564 singulorum
2797 4489 3056 4545 terminos
3099 4488 3268 4552 novit,
3292 4486 3384 4556 qui
3415 4485 3598 4540 cordis

2011 4589 2364 4645 intentionem
2385 4584 2806 4656 uniuscujusque
2831 4581 3102 4653 cognovit,
3131 4589 3291 4650 atque
3314 4593 3420 4648 quo
3447 4577 3517 4632 sit
3543 4577 3598 4630 iu

2011 4682 2288 4756 proposito
2311 4679 2510 4736 mentis
2534 4683 2978 4749 perseveraturus
3021 4688 3128 4728 non
3171 4672 3400 4741 ignorat.
3440 4667 3598 4739 Isque

2017 4795 2034 4828 ι
2067 4786 2503 4844 unumquemque
2531 4767 2598 4823 ad
2641 4767 2898 4824 terminos
2927 4780 3052 4820 suos
3088 4762 3335 4834 perducit
3363 4780 3380 4813 ι
3416 4779 3427 4814 :
3473 4761 3599 4832 quia

2011 4866 2160 4923 illum
2187 4863 2411 4936 singulis
2441 4860 2813 4916 retributionis
2835 4858 3058 4913 daturus
3087 4863 3168 4910 est
3195 4852 3509 4915 terminum,
3532 4852 3600 4907 ad

2013 4974 2172 5032 quem
2214 4957 2414 5012 mentis
2457 4953 2683 5010 intentio
2731 4966 2882 5008 suam
2932 4950 3128 5005 direxit
3168 4935 3458 5010 pactionem.
3510 4945 3600 5004 Sic

2013 5066 2142 5122 ergo
2181 5063 2368 5104 verum
2399 5061 2518 5102 csse
2545 5042 2880 5100 convincitur
2899 5081 2914 5107 ,
2946 5038 3088 5110 quod
3120 5047 3339 5094 sanctus
3367 5037 3600 5094 Isidorus

2019 5145 2149 5201 dicit
2183 5142 2308 5214 quia
2351 5160 2362 5195 :
2400 5137 2678 5213 [Quamvis
2708 5135 2976 5204 justorum
3011 5134 3348 5190 conversatio
3397 5135 3451 5188 in
3497 5133 3599 5189 hac

2019 5242 2127 5296 vita
2175 5235 2464 5310 probabilis
2495 5233 2584 5298 sit,
2615 5233 2880 5287 incertum
2927 5238 3104 5285 tamen
3139 5225 3445 5283 hominibus
3481 5239 3600 5280 esse

2022 5333 2090 5388 ad
2133 5345 2292 5401 quem
2337 5327 2445 5383 sint
2476 5326 2635 5381 finem
2662 5323 3044 5396 praedestinati,
3078 5321 3171 5376 sed
3203 5319 3384 5374 omnia
3427 5333 3601 5374 reser-

2022 5425 2139 5481 vari
2165 5423 2345 5480 futuro
2369 5416 2652 5491 examini.]
2703 5415 2842 5471 Hinc
2870 5416 3032 5472 etiam
3071 5413 3434 5484 subjungens,
3474 5410 3596 5465 ait:

2026 5517 2181 5592 [Mira
2203 5512 2481 5586 dispositio
2504 5520 2587 5566 est
2614 5523 2861 5581 supernae
2883 5504 3294 5586 distributionis,
3317 5518 3415 5576 per
3439 5516 3598 5573 quam

2023 5611 2112 5666 hic
2144 5609 2320 5680 justus
2350 5604 2579 5675 amplius
2608 5601 2959 5672 justificatur,
2987 5597 3184 5670 impius
3229 5595 3456 5667 amplius
3485 5608 3600 5650 sor—

2024 5696 2283 5770 didatur,]
2315 5706 2369 5752 et
2397 5711 2515 5766 qua:
2549 5701 2864 5764 sequuntur.
2899 5689 3159 5760 Superius
3183 5687 3248 5742 de
3277 5687 3384 5741 fine
3420 5685 3602 5755 singu-

2024 5795 2199 5850 lorum
2228 5805 2458 5861 superna
2491 5783 2963 5860 praedestinatione
3001 5780 3261 5853 disposito
3286 5776 3600 5850 disputavit,

2025 5899 2167 5942 nunc
2198 5884 2311 5955 jam
2334 5879 2531 5951 docere
2558 5877 2765 5948 incipit,
2788 5875 2933 5948 quod
2968 5882 3079 5930 tam
3112 5872 3405 5931 electorum
3437 5883 3601 5942 quam
