4088 6344
481 373 550 435 I9
1540 363 1896 427 RATRAMNI
1936 363 2386 427 COBBBIENSlS
2421 362 2724 425 IONACHI
3664 370 3735 431 ho

481 486 829 557 "proborum
854 484 962 539 vita
992 480 1579 553 divinze‘dispositiouis
1619 481 1807 537 ordine
1851 480 2053 551 diriga-
2081 482 2134 544 Δ
2158 483 2343 553 coepit,
2384 497 2553 554 usque
2600 483 2654 539 in
2697 483 2820 539 vita
2861 483 3150 551 terminum
3183 497 3290 539 non
3335 483 3620 557 relinquat,
3650 485 3733 542 vel

481 586 570 639 tur
610 576 665 633 in
694 573 854 644 hujus
887 572 1158 633 curriculo
1190 571 1465 643 temporis.
1507 571 1577 627 Et
1603 571 2052 643 quemadmodum

482 670 817 742 singulorum
855 669 1095 727 actiones
1136 666 1192 722 in
1234 665 1337 721 hac
1369 665 1479 720 vita
1523 664 1781 722 Conditor
1806 665 2054 735 disponat

481 763 813 833 sempiterno
832 760 1180 832 proridentim
1202 774 1315 816 suae
1340 758 1586 826 consilio,
1616 760 2053 830 praedestinatum

480 854 661 917 habet.
700 853 812 913 Etsi
840 853 984 908 enim
1024 851 1264 908 actiones
1293 851 1541 906 humanae
1582 865 1733 907 novre
1760 858 1887 907 sunt
1928 850 2053 922 quia

482 943 839 1015 temporales,
890 941 1083 999 divinae
1136 949 1315 998 tamen
1366 939 1731 1011 dispositionis
1770 940 2053 997 consilium

480 1048 586 1093 non
616 1042 697 1089 est
727 1048 927 1091 novum
950 1073 965 1098 ,
994 1032 1120 1103 quia
1169 1041 1452 1087 aeternum.
1494 1031 1583 1086 Ait
1628 1039 1808 1089 autem
1850 1049 1864 1086 :
1899 1029 2053 1104 [Mira

476 1137 561 1185 est
579 1128 758 1198 itaque
781 1128 1059 1199 dispositio
1079 1141 1323 1196 supernae
1345 1125 1759 1190 distributionis,
1782 1140 2055 1195 perquam

478 1221 565 1279 hic
610 1221 793 1291 justus
832 1220 1061 1292 amplius
1097 1204 1446 1289 justiﬁeatur,
1484 1228 1539 1275 et
1587 1220 1782 1289 impius
1825 1219 2055 1290 amplius

476 1310 829 1384 sordidatum]
859 1310 1012 1371 Unde
1045 1311 1300 1367 scribitur
1328 1311 1382 1365 in
1420 1309 1739 1380 Apocalypsi
1769 1328 1783 1364 :
1821 1328 1840 1362 ι
1870 1308 2055 1366 Justus

416 1428 427 1447 ο
469 1400 799 1473 justiﬁcetur
826 1401 1036 1467 adhuc,
1066 1410 1121 1461 et
1155 1402 1245 1472 qui
1278 1401 1331 1456 in
1363 1400 1610 1456 sordibus
1632 1409 1752 1464 est,
1779 1400 2056 1461 sordescat

475 1492 648 1548 adhuc
680 1492 865 1564 (Apoc.
890 1509 1027 1559 xm,
1054 1493 1161 1563 ll).
1194 1512 1215 1547 ι
1246 1492 1413 1549 Malus
1437 1493 1503 1548 ad
1530 1492 1729 1549 bonum
1769 1492 2053 1562 aliquando

473 1585 822 1647 convertitur,
864 1586 1037 1643 bonus
1067 1584 1132 1639 ad
1178 1584 1375 1641 malum
1424 1584 1709 1653 aliquando
1741 1582 2050 1639 reﬂectitur.

472 1675 539 1732 Et.
568 1677 856 1745 Apostolus
884 1695 897 1732 :
932 1697 948 1728 ι
985 1678 1125 1748 Ergo
1157 1677 1310 1747 cujus
1341 1675 1453 1731 vult
1488 1675 1629 1731 Deus
1663 1676 1967 1741 miseretur,
1998 1684 2053 1731 et

471 1781 629 1835 quem
656 1768 771 1823 vult
817 1768 1033 1824 indurat
1061 1766 1232 1839 (Rom.
1274 1784 1347 1831 rx,
1381 1767 1488 1836 l8).
1524 1787 1542 1820 ι
1580 1765 1727 1839 [Vult
1769 1768 1889 1838 quis
1933 1782 2053 1823 esse

470 1858 672 1921 bonus,
704 1868 758 1913 et
794 1874 898 1913 non
927 1859 1070 1914 valet
1098 1876 1111 1913 :
1140 1858 1253 1913 vult
1285 1857 1418 1921 alter
1459 1874 1580 1913 esse
1621 1858 1811 1924 malus,
1855 1867 1910 1914 et
1940 1874 2047 1917 non

469 1953 801 2027 permittitur
853 1953 1119 2026 interire]
1172 1954 1244 2010 Et
1292 1953 1571 2027 Scriptura
1619 1964 1805 2011 sancta
1854 1956 1985 2011 dicit
2031 1974 2043 2008 :

473 2065 491 2111 ς
523 2045 815 2102 Considera
838 2063 1017 2118 'opera
1042 2048 1289 2113 Domini,
1322 2050 1447 2118 quia
1478 2064 1637 2104 nemo
1664 2057 1843 2120 potest
1880 2049 2050 2104 corri-

465 2149 591 2217 gere
618 2151 776 2206 quem
804 2135 893 2192 ille
914 2137 1222 2207 despexerit
1252 2137 1447 2211 (Eccle.
1479 2155 1577 2203 vn,
1604 2138 1715 2210 Η).
1740 2159 1757 2191 ι
1780 2138 1973 2212 [Datur
1996 2138 2049 2195 ei

467 2228 559 2296 qui
588 2227 703 2282 vult
729 2242 848 2284 esse
886 2229 1089 2292 bonus;
1123 2229 1261 2285 alius
1290 2244 1387 2284 nec
1414 2230 1559 2293 vult,
1595 2245 1697 2285 nec
1724 2231 1772 2286 ei
1802 2231 1962 2287 datur
1990 2238 2053 2287 ut

466 2319 535 2375 sit
559 2319 781 2393 bonus]
808 2320 1097 2392 Apostolus
1123 2337 1378 2394 quoque:
1415 2342 1434 2375 ι
1460 2323 1542 2378 An
1586 2340 1690 2380 non
1739 2323 1901 2380 habet
1947 2339 2049 2395 po-

466 2419 713 2481 testatem
748 2412 938 2484 ﬁgulus
985 2413 1082 2469 luti
1133 2429 1199 2469 ex
1237 2415 1428 2470 eadem
1474 2430 1650 2471 massa
1690 2414 1869 2471 facere
1904 2414 2049 2473 aliud

465 2504 678 2574 quidem
724 2519 821 2559 vas
869 2496 939 2559 in'
968 2506 1267 2573 honorem,
1316 2506 1459 2561 aliud
1496 2522 1623 2562 vero
1672 2506 1725 2560 in
1765 2514 2045 2565 contume-

463 2591 590 2655 liam
619 2592 789 2664 (Rom.
816 2610 895 2662 ix,
924 2594 1036 2666 2|).
1068 2615 1086 2647 ι
1120 2595 1251 2670 [iste
1279 2596 1517 2652 nascitur
1549 2596 1603 2652 in
1629 2611 1816 2652 errore
1848 2606 1901 2655 et
1929 2611 2046 2655 mo-

463 2685 619 2749 ritur,
653 2685 738 2741 ille
769 2687 820 2743 in
852 2688 993 2743 bono
1020 2704 1127 2759 quo
1162 2690 1327 2761 coepit
1363 2705 1530 2759 usque
1569 2690 1620 2744 in
1652 2690 1812 2745 ﬁnem
1855 2689 2047 2762 perdu-

463 2775 592 2849 rat.]
621 2776 691 2833 Et
718 2779 782 2832 de
802 2778 1073 2850 Sapientia
1102 2780 1345 2851 psallitur
1373 2798 1387 2834 :
1424 2801 1442 2831 ι
1472 2779 1601 2849 Qum
1631 2784 1841 2850 aperis,
1868 2791 1921 2837 et
1956 2795 2049 2836 ne-

463 2883 552 2923 mo
581 2871 755 2940 aperit
785 2871 967 2949 (Apoc.
998 2887 1093 2938 nt,
1127 2871 1203 2941 7).
1248 2891 1265 2923 ι
1303 2870 1532 2944 [Tandiu
1573 2881 1681 2927 stat
1731 2873 1865 2937 iste,
1916 2888 2048 2943 quo-

471 2974 643 3030 usque
672 2961 862 3028 cadat;
902 2961 989 3018 ille
1022 2963 1110 3017 diu
1149 2963 1289 3018 male
1315 2964 1544 3018 vivendo
1573 2964 1626 3019 in
1659 2964 1765 3019 ﬁne
1785 2964 2047 3032 salvatur,

462 3060 847 3123 respectusque
867 3052 1248 3127 convertitur..]
1278 3054 1341 3110 Et
1372 3054 1628 3110 Dominus
1663 3070 1760 3126 per
1789 3055 2002 3127 Moysen
2030 3046 2048 3111 ἑ

469 3163 485 3194 ι
516 3142 626 3215 Ego
653 3144 892 3199 occidam
918 3154 972 3199 ct
998 3144 1302 3211 viviﬁcabo,
1326 3146 1627 3215 percutiam
1653 3153 1709 3201 et
1744 3162 1843 3218 ego
1870 3146 2046 3201 salva-

2153 579 2275 649 quis
2290 592 2465 648 quove
2495 590 2735 649 tempore
2757 579 2824 635 de
2846 577 2986 633 malo
3020 575 3090 633 ad
3115 578 3314 633 bonum
3337 587 3686 636 convertatur
3715 598 3728 634 :

2153 685 2248 728 seu
2274 670 2397 740 quis
2426 670 2746 741 quandoque
2773 671 2842 727 de
2880 670 3022 726 bono
3065 670 3133 725 ad
3178 668 3377 727 malum
3406 669 3731 740 reﬁeetatur,

2153 764 2346 821 divina:
2397 765 2528 820 dicit
2578 763 3058 836 praedestinatiouis
3107 761 3296 818 ordine
3339 744 3571 833 disponi.
3623 763 3735 820 Nec

2153 856 2324 914 solum
2354 844 2475 919 ista,
2514 858 2904 913 verumetiam
2944 873 3163 913 cursum
3192 858 3329 913 vitae
3364 858 3615 914 humanm
3654 857 3737 913 di-

2150 950 2289 1006 vina:
2338 950 2471 1022 legis
2528 950 2900 1006 moderatione
2940 957 3171 1005 testatur
3220 950 3484 1005 contineri
3521 967 3535 1004 ε
3575 947 3733 1020 cujus

2152 1056 2366 1111 quoque
2409 1041 2571 1097 dictis
2599 1056 2872 1096 sacrarum
2903 1040 3124 1112 paginas
3173 1039 3575 1112 Scripturarum
3605 1054 3730 1096 cer-

2152 1132 2330 1186 nimus
2351 1132 2616 1187 attestari.
2641 1132 2772 1200 Quae
2807 1148 2929 1188 cum
2966 1132 3039 1186 ita
3090 1132 3198 1187 sint
3233 1145 3435 1202 negare
3460 1133 3730 1201 geminam

2152 1222 2268 1278 fore
2305 1224 2830 1293 prmdestinationem
2862 1222 3045 1279 nescio
3084 1237 3189 1294 qua
3237 1221 3413 1277 fronte
3440 1223 3728 1293 possimus.

2152 1312 2304 1380 Quod
2340 1315 2384 1369 si
2409 1315 2531 1384 quis
2557 1315 2791 1371 auctoris
2820 1313 2977 1383 hujus
2995 1314 3317 1371 sententiam
3338 1314 3615 1385 repudiat,
3646 1314 3729 1368 vi-

2152 1408 2276 1463 deat
2324 1409 2773 1478 quemadmodum
2801 1406 3094 1480 Scripturae
3121 1416 3322 1464 sanctae
3371 1408 3728 1471 contradicat,

2152 1497 2306 1567 cujus
2341 1499 2643 1554 testimonia
2679 1501 3040 1557 condemnare
3080 1499 3236 1568 hujus
3281 1500 3516 1555 doctoris
3559 1500 3733 1555 sensi-

2118 1644 2123 1651 .
2151 1591 2252 1646 bus
2284 1591 2506 1647 omnino
2539 1592 2932 1661 cognoscimus.
2968 1590 3082 1647 Nisi
3118 1590 3260 1647 forte
3299 1590 3445 1647 dicat
3476 1589 3671 1659 aliquis
3700 1604 3729 1643 a

2152 1681 2262 1738 Deo
2284 1682 2537 1737 mundum
2565 1698 2671 1738 non
2709 1683 2839 1753 regi.
2877 1681 3029 1750 Quod
3055 1682 3181 1752 quia
3225 1680 3609 1738 catholicorum
3636 1693 3725 1734 ne.

2152 1788 2240 1827 mo
2269 1788 2465 1843 negare
2489 1774 2788 1844 prmsumit.
2816 1772 2983 1830 claret
3016 1773 3142 1842 quia
3174 1771 3351 1826 divina
3383 1770 3731 1840 dispositione

2077 1841 2124 1909 Β
2151 1876 2255 1917 non
2282 1841 2455 1917 solum
2483 1841 2786 1933 praesentia,
2812 1878 3001 1918 verum
3033 1841 3194 1917 etiam
3232 1860 3501 1931 praeterita
3530 1874 3729 1932 regun-

2152 1961 2260 2017 tur,
2287 1960 2343 2008 et
2366 1951 2563 2007 futura.
2611 1952 2762 2020 Quod
2789 1968 2913 2008 cum
2943 1952 3015 2007 ita
3050 1952 3121 2007 sit
3147 1951 3322 2009 nullus
3354 1950 3589 2009 ﬁdelium
3632 1949 3729 2004 dn¢

2152 2044 2291 2099 bitat
2315 2044 2369 2099 in
2402 2043 2510 2099 Deo
2534 2044 2667 2101 nihil
2695 2044 2971 2110 mutabile,
3002 2044 3240 2114 nihilque
3266 2043 3525 2103 variahile
3565 2042 3680 2099 ﬁeri
3710 2058 3726 2097 :

2150 2137 2292 2207 quod
2344 2152 2474 2192 cum
2536 2138 2837 2193 certissime
2887 2139 3158 2203 credatur,
3206 2137 3468 2207 sequitur,
3504 2144 3581 2191 utt
3627 2150 3731 2191 nec

2150 2242 2346 2284 novum
2366 2228 2649 2284 consilium
2701 2244 2801 2285 nec
2837 2244 3028 2285 novam
3055 2228 3480 2299 dispositionem,
3507 2241 3607 2283 nec
3630 2240 3729 2282 no-

2149 2332 2274 2373 vum
2331 2318 2470 2389 apud
2502 2318 2668 2373 Deum
2721 2319 2968 2374 ordinem
3013 2334 3134 2375 esse
3180 2318 3496 2375 sentiamus.
3548 2317 3728 2386 Quare

2150 2408 2412 2479 sequitur,
2443 2418 2501 2464 ut
2525 2409 2794 2475 universa,
2824 2425 2942 2480 quae
2968 2425 3066 2482 per
3092 2409 3238 2465 varia
3272 2418 3572 2483 temporum
3600 2424 3726 2465 cur-

2150 2498 2316 2556 ricula
2333 2498 2538 2569 judirat
2569 2499 2734 2567 Deus,
2762 2511 2854 2565 aut
2878 2502 3110 2574 disponit
3136 2509 3229 2557 aut
3252 2502 3470 2559 ordinat
3497 2502 3549 2558 in
3584 2517 3731 2558 crea-

2151 2598 2273 2649 tura
2322 2608 2439 2658 sua,
2471 2606 2683 2663 semper
2715 2593 2768 2648 in
2805 2594 3106 2649 teteruitate
3145 2592 3353 2657 consilii
3387 2594 3494 2659 sui,
3538 2593 3617 2649 sic
3643 2593 3728 2664 ju-

2149 2683 2346 2747 dicata,
2393 2683 2670 2755 disposita,
2709 2684 2955 2739 ordinata
3002 2682 3247 2751 fuerunt,
3276 2682 3726 2754 quemadmodum

2151 2777 2206 2833 in
2229 2777 2560 2847 temporibus
2599 2776 2666 2831 ab
2703 2776 2819 2847 ipso
2857 2776 3189 2848 judicantur,
3222 2775 3602 2847 disponuntur,
3633 2788 3726 2828 or-

2152 2870 2423 2927 dinantur.
2448 2868 2596 2924 Finis
2616 2878 2794 2923 autem
2819 2876 2927 2923 tam
2953 2866 3235 2931 malorum,
3258 2881 3419 2938 quam
3443 2865 3727 2930 bonorum,

2152 2964 2219 3018 ad
2240 2963 2473 3017 divinam
2506 2961 2726 3033 respicit
2761 2961 3197 3030 dispositionem;
3244 2959 3492 3015 humanae
3518 2969 3729 3027 quoque

2152 3072 2340 3113 cursus
2366 3057 2488 3112 vitae
2509 3056 2701 3111 divina:
2723 3054 3089 3125 dispositionis
3109 3052 3368 3123 judicium
3391 3065 3726 3122 nequaquam

2153 3145 2289 3218 fugit
2314 3164 2327 3200 :
2354 3157 2584 3217 utraque
2607 3147 2768 3218 igitur
2799 3145 3111 3217 sempiterni
3140 3143 3486 3215 dispositione
3517 3140 3729 3198 consilii

462 3232 552 3294 ho,
579 3242 632 3288 et
659 3248 762 3288 non
789 3243 873 3290 est
895 3234 988 3305 qui
1016 3235 1082 3289 de
1108 3251 1269 3289 manu
1294 3250 1411 3290 mea
1436 3236 1608 3306 possit
1635 3251 1826 3291 eruere
1852 3235 2032 3307 (Deut.
2066 3224 2109 3287 C
2139 3242 2516 3312 prmdestinata
2544 3249 2688 3295 sunt.
2727 3238 2968 3309 Cumque
2996 3253 3098 3293 non
3128 3236 3297 3303 idem,
3327 3251 3509 3292 verum
3539 3234 3728 3290 distin-

461 3342 634 3392 Χικιιι
664 3326 776 3397 ~59)-
806 3347 823 3378 ι
855 3327 1006 3402 [vnit
1027 3328 1281 3399 Pl‘OdeSSe
1310 3325 1488 3407 Ῑυδιίιδ
1513 3329 1566 3383 in
1596 3328 1758 3393 bono.
1787 3344 1886 3384 nec
1910 3344 2043 3398 ρνειξ-
2117 3344 2261 3403 ⁷ειυς
2312 3335 2383 3390 sit
2427 3333 2549 3389 ﬁnis
2580 3332 2895 3395 electorum,
2935 3346 3026 3387 seu
3057 3329 3424 3400 reproborum,
3466 3327 3725 3399 quemad-

460 3416 620 3480 valet.
656 3418 767 3475 vult
794 3433 988 3475 nocere
1031 3418 1201 3474 malus
1232 3427 1289 3475 et
1311 3419 1454 3479 valet
1488 3434 1503 3474 :
1541 3420 1643 3475 iste
1669 3418 1781 3475 vult
1809 3420 2040 3474 Deo~va-

2143 3426 2357 3481 modum
2403 3425 2563 3480 etiam
2592 3424 2718 3479 vita:
2772 3437 2964 3479 cursus
2991 3436 3202 3487 eorum,
3241 3420 3505 3491 sequitur,
3537 3425 3596 3473 ut
3645 3416 3726 3471 di-

460 3524 585 3579 care
636 3519 691 3565 et
736 3508 930 3567 sreculo
980 3511 1305 3584 impeditur;
1365 3510 1455 3567 ille
1498 3511 1728 3583 negotiis
1780 3511 2041 3582 implicari
2141 3520 2279 3579 vina:
2313 3516 2809 3596 praedestinationis
2831 3517 2987 3581 ordo,
3015 3531 3120 3587 quo
3156 3516 3276 3571 ﬁnis
3303 3514 3564 3570 bonorum
3608 3526 3725 3565 ma-

460 3603 637 3674 cupit,
672 3618 769 3659 nec
797 3603 1025 3675 perﬁcit.
1058 3604 1377 3663 Dominatur
1424 3605 1599 3660 malus
1644 3605 1785 3660 bono
1807 3646 1822 3669 ,
1869 3606 2042 3661 bonus

459 3694 745 3751 damnatur
768 3710 867 3766 pro
895 3697 1080 3768 impio,
1122 3697 1316 3769 impius
1365 3698 1664 3753 honoratur
1706 3713 1805 3769 pro
1846 3696 2038 3771 justo.]

457 3786 809 3847 Ecclesiastes
846 3806 1058 3861 quoque
1090 3810 1102 3845 :
1139 3811 1157 3843 ι
1190 3791 1286 3849 Est
1323 3792 1552 3859 malum,
1598 3796 1741 3864 quod
1784 3793 1888 3851 vidi
1940 3793 2039 3848 sub

458 3879 571 3937 sole
593 3882 749 3952 quasi
792 3897 890 3953 per
920 3896 1162 3943 errorem
1184 3883 1466 3953 egrediens
1497 3898 1527 3936 a
1555 3883 1693 3941 facie
1729 3883 1988 3955 principis
2023 3901 2035 3935 :

456 3970 690 4043 positum
724 3970 944 4029 stultum
977 3974 1029 4033 in
1058 3973 1312 4044 dignitate
1339 3974 1590 4039 sublimi,
1633 3985 1685 4030 et
1732 3976 1927 4032 divites
1956 3992 2039 4032 se-

457 4062 587 4117 dere
618 4061 900 4129 deorsum;
946 4064 1051 4119 vidi
1094 4080 1278 4129 servos
1327 4065 1379 4123 in
1429 4066 1621 4135 equis,
1672 4076 1726 4121 et
1769 4067 2039 4138 principes

458 4153 793 4210 ambulantes
834 4156 987 4225 quasi
1016 4171 1202 4212 servos
1244 4171 1406 4228 super
1437 4167 1637 4215 terram
1664 4158 1861 4230 (Eccle.
1895 4177 1951 4226 x,
1981 4162 2039 4216 5-

456 4241 531 4312 7).
568 4262 587 4295 ι
620 4242 748 4297 Item
782 4258 798 4298 :
832 4263 850 4295 ι
884 4245 997 4300 Vidi
1043 4247 1142 4303 sub
1180 4244 1290 4301 sole
1319 4247 1371 4300 in
1402 4246 1519 4302 loco
1558 4247 1748 4316 iudicii
1796 4251 2035 4322 impieta-

456 4341 584 4405 tem,
609 4342 663 4387 et
689 4334 740 4389 in
771 4333 887 4391 loco
910 4333 1133 4405 iustitiae
1163 4335 1498 4408 iniquitatem
1530 4339 1728 4407 (Eccle.
1753 4358 1836 4405 ut,
1870 4342 1978 4414 16).
2010 4362 2029 4395 ι

453 4423 622 4479 Annae
648 4442 860 4496 quoque
907 4429 1183 4500 prophetia
1237 4448 1249 4483 :
1300 4449 1317 4480 ι
1351 4429 1610 4491 Dominus
1651 4434 1939 4489 mortilicat
1983 4442 2037 4488 et

454 4518 708 4585 viviﬁcat,
735 4518 950 4586 deducit
979 4520 1046 4575 ad
1074 4519 1276 4575 inferos
1293 4531 1345 4575 et
1376 4522 1601 4577 reducit.
1624 4523 1879 4580 Dominus
1900 4541 2031 4595 pau-

2141 3610 2421 3680 lorumque
2472 3609 2762 3671 dirimitur.
2822 3624 2928 3664 non
2982 3609 3120 3665 idem
3173 3607 3263 3671 sit,
3312 3606 3404 3663 sed
3459 3605 3722 3661 diversus.

2140 3702 2602 3771 Quemadmodum
2658 3700 2894 3756 doctoris
2941 3699 3096 3755 istius
3149 3696 3413 3753 sententia
3468 3695 3726 3751 docemur

2140 3796 2369 3881 dicentis
2398 3813 2410 3850 :
2441 3793 2669 3851 Gemina
2689 3802 2774 3849 est
2803 3791 3225 3862 praedestinatio,
3245 3796 3348 3845 etc.
3380 3786 3525 3844 Satis
3565 3786 3728 3857 igitur

2139 3891 2416 3945 doctorum
2458 3886 2777 3942 auctoritate
2823 3883 3215 3940 catholicorum
3257 3881 3502 3936 instructi
3533 3894 3720 3935 sumus

2139 3982 2407 4054 geminam
2428 3994 2549 4035 esse
2567 3977 3109 4049 przedestinationem.
3154 3973 3354 4030 Verum
3381 3989 3450 4028 ne
3478 3972 3580 4028 ista
3618 3970 3725 4027 for-

2139 4071 2300 4127 tassis
2324 4070 2483 4125 alicui
2508 4069 2687 4124 minus
2709 4065 2997 4132 sulliciant,
3037 4067 3298 4121 addamus
3320 4063 3481 4120 etiam
3527 4060 3726 4133 aliquid

2136 4179 2199 4219 ex
2255 4161 2407 4217 libris
2443 4161 2599 4217 istius
2631 4160 2800 4230 ipsius
2830 4158 3068 4215 auctoris
3091 4198 3106 4222 ,
3138 4172 3274 4227 quos
3302 4171 3464 4211 nosse
3508 4154 3725 4224 cupien-

2137 4255 2280 4310 tibus
2306 4252 2553 4316 satisﬁat,
2575 4259 2631 4307 et
2659 4251 3003 4322 acquiescere
3028 4248 3271 4304 nolentes
3298 4245 3725 4303 testimoniorum

2135 4346 2290 4417 copia
2340 4352 2680 4415 superentur.
2735 4342 2795 4411 in
2839 4341 2978 4396 libro
3026 4342 3210 4410 itaque
3254 4337 3723 4402 Diti‘erentiarum,

2135 4440 2260 4493 dum
2314 4436 2512 4491 divinae
2572 4433 2759 4507 gratia:
2816 4430 3140 4491 inlusionem
3186 4431 3254 4486 ab
3284 4429 3502 4485 humani
3538 4427 3724 4483 distin-

2135 4535 2325 4599 gueret
2377 4525 2590 4582 arbitrii
2644 4524 2913 4589 libertate,
2965 4524 3044 4577 sic
3099 4522 3175 4577 ait
3240 4520 3477 4593 (lsidon,
3518 4518 3611 4576 lib.
3660 4535 3722 4585 ιι,

455 4624 637 4679 perem
657 4610 783 4667 facit
801 4619 855 4665 et
871 4611 1024 4677 ditat,
1044 4611 1287 4666 humiliat
1301 4619 1354 4667 et
1374 4611 1623 4668 sublimat
1639 4614 1688 4686 (I
1709 4613 1833 4686 Reg.
1853 4587 1991 4687 11,6).
2007 4637 2024 4669 ι

2143 4587 2250 4674 Eia:
2285 4634 2453 4682 χχχιι,
2491 4587 2908 4684 liS-ll9,122)
2946 4633 2959 4669 ι

451 4704 692 4774 Cumque
713 4705 825 4761 haec
836 4704 1015 4760 omnia
1032 4705 1213 4760 divino
1227 4703 1340 4760 ﬁeri
1352 4703 1555 4774 judicio
1571 4722 1727 4762 nemo
1741 4708 2028 4765 catholico-

2208 4711 2376 4785 [lnter
2393 4710 2580 4785 gratire
2603 4711 2796 4765 divina:
2822 4707 3163 4777 inlusionem,
3187 4717 3242 4764 et
3268 4707 3493 4764 humani
3513 4704 3721 4762 arbitrii

453 4812 571 4861 rum
594 4798 839 4855 dubitare
859 4798 1086 4864 debeat,
1109 4812 1271 4853 causa
1294 4812 1391 4852 cur
1418 4798 1489 4855 ita
1525 4807 1783 4870 gerantur
1804 4800 1899 4856 soli
1924 4799 2034 4857 Deo
2135 4802 2466 4857 voluntatem
2497 4800 2599 4855 hoc
2636 4799 2864 4865 interest
2893 4817 2905 4853 :
2941 4799 3223 4854 arbitrium
3263 4806 3348 4854 est
3372 4796 3620 4854 voluntas
3662 4793 3723 4850 li-

452 4896 578 4943 nota
592 4898 692 4954 est,
708 4905 826 4961 quae
851 4898 1027 4959 tamen
1046 4903 1152 4947 non
1170 4896 1347 4959 potest
1360 4904 1478 4947 esse
1492 4890 1590 4945 nisi
1610 4891 1776 4962 justa,
1793 4892 2032 4948 estenim
2135 4893 2280 4949 herae
2298 4890 2603 4963 potestatis,
2635 4905 2752 4960 qua:
2772 4905 2870 4961 per
2895 4904 2953 4945 se
2982 4898 3171 4960 sponte
3192 4889 3276 4945 vel
3306 4888 3444 4945 bona
3474 4887 3555 4942 vel
3584 4888 3721 4943 maht

451 4980 655 5047 abillo,
682 4979 834 5050 cujus
876 4980 1157 5049 dispositio
1184 4994 1290 5037 non
1331 4989 1509 5051 potest
1543 4998 1681 5039 esse.
1702 4982 1914 5052 iujusta.
1970 4983 2035 5039 Et
2136 4990 2386 5054 appetere
2409 4988 2605 5051 potest.
2639 4979 2822 5035 Gratia
2855 4988 3034 5036 autem
3060 4989 3144 5038 est
3179 4980 3371 5035 divina
3404 4979 3718 5035 misericor-

450 5074 701 5144 quoniam
735 5073 971 5133 humana
999 5072 1185 5144 nequit
1217 5074 1439 5131 scientia
1474 5076 1851 5147 comprehendi
1879 5116 1890 5139 ,
1924 5089 2033 5128 me—
2080 5070 2089 5078 ’
2143 5074 2244 5130 dire
2263 5073 2551 5144 gratuitum
2579 5073 2778 5128 donum
2801 5113 2817 5139 ,
2849 5088 2947 5144 per
2972 5073 3115 5144 quod
3153 5082 3207 5127 et
3233 5074 3383 5127 home
3432 5069 3721 5127 voluntatis

450 5165 554 5220 rito
576 5165 652 5219 sic
680 5163 836 5234 hujus
869 5164 1149 5221 sententia:
1178 5164 1336 5220 ﬁnem
1363 5167 1554 5222 beatus
1582 5166 1818 5221 lsidorus
1844 5165 2029 5219 terrui-

448 5266 542 5313 nat
567 5259 750 5313 dicens
792 5276 805 5312 :
849 5256 938 5330 [Et
968 5259 1019 5313 in
1074 5259 1175 5319 hac
1207 5267 1350 5317 tanta
1378 5260 1706 5315 obscuritate
1733 5274 1836 5313 non
1889 5258 2030 5313 valet

424 5350 613 5411 ‘homo
657 5350 891 5406 divinam
931 5353 1258 5425 perscrutari
1302 5351 1736 5422 dispositionem,
1771 5358 1825 5405 et
1849 5351 2027 5406 occul-

449 5450 558 5513 tum
610 5443 1096 5515 prmdestinationis
1142 5443 1474 5515 perpendere
1525 5439 1835 5514 ordinem]
1886 5441 2025 5498 Ecce

446 5531 699 5603 praefatus
725 5534 913 5599 doctor
945 5536 1227 5591 manifeste
1257 5549 1354 5601 nos
1389 5532 1571 5601 docuit
1603 5531 1734 5588 ﬁnes
1778 5543 1885 5588 tam
1913 5532 2022 5588 ele-

445 5635 655 5695 etorqu
675 5667 688 5689 ,
718 5642 879 5698 quam
925 5616 1274 5698 reprObornm
1317 5624 1725 5695 praedestinatos
1749 5642 1777 5680 a
1811 5625 1941 5695 Deo,
1971 5637 2025 5680 et

445 5732 551 5779 non
579 5718 752 5776 solum
780 5719 935 5786 ﬁnes,
971 5736 1155 5785 verum
1179 5719 1342 5776 etiam
1369 5718 1487 5791 quis
1522 5718 1574 5773 in
1612 5717 1752 5774 bono
1789 5732 1894 5789 quo
1918 5733 2025 5772 coe-

445 5814 524 5889 pit
555 5828 725 5889 usque
748 5814 801 5873 in
835 5814 991 5871 ﬁnem
1024 5820 1353 5889 perseveret,
1376 5812 1601 5891 quisque
1637 5811 1854 5877 malum,
1885 5812 2025 5887 quod

2141 5165 2394 5229 initium,
2444 5171 2499 5219 et
2552 5161 2732 5233 operis
2786 5177 3161 5235 promeremur
3206 5158 3473 5216 effectum.
3531 5158 3717 5212 Divina

2135 5257 2331 5328 quippe
2362 5254 2533 5326 gratia
2585 5257 2913 5326 praevenitur
2963 5255 3123 5310 homo
3172 5261 3231 5310 ut
3280 5254 3452 5310 bonus
3501 5253 3589 5317 sit,
3621 5266 3721 5306 nec

2135 5350 2430 5409 humanum
2460 5348 2740 5405 arbitrium
2777 5349 2870 5404 Dei
2897 5350 3124 5420 gratiam
3170 5347 3456 5411 antecedit,
3486 5346 3577 5401 sed
3604 5347 3716 5417 ipsa

2132 5441 2303 5511 gratia
2325 5440 2417 5496 Dei
2447 5442 2717 5496 nolentem
2749 5442 3020 5495 hominem
3049 5440 3331 5513 praevenit,
3354 5441 3596 5493 utetiam
3628 5438 3720 5492 bc-

2132 5549 2201 5589 ne
2230 5533 2375 5590 velit.
2416 5533 2548 5588 Nam
2579 5533 2816 5605 pondere
2843 5534 3023 5589 carnis
3055 5534 3214 5589 homo
3243 5533 3320 5589 sic
3349 5532 3547 5605 agitur.
3570 5540 3628 5587 nt
3650 5532 3717 5584 sit

2132 5627 2198 5680 ad
2222 5635 2498 5696 peccatum
2523 5624 2716 5690 facilis,
2750 5626 2818 5680 ad
2865 5628 3233 5697 paenitendum
3292 5625 3495 5680 tardus.
3546 5622 3717 5679 Ilabct

2135 5717 2201 5771 de
2223 5732 2279 5772 se
2308 5717 2446 5770 unde
2472 5698 2711 5785 corruai,
2743 5726 2795 5773 et
2825 5734 2929 5773 non
2972 5718 3134 5773 habet
3181 5718 3319 5772 unde
3377 5725 3582 5788 surgat,
3615 5715 3716 5770 nisi

2137 5808 2309 5879 gratia
2338 5807 2666 5879 Conditoris,
2695 5816 2754 5864 ut
2777 5810 3037 5885 erigatur,
3066 5825 3286 5865 manum
3304 5809 3511 5881 jacenti
3532 5818 3713 5867 exten~
