4088 6344
337 414 399 472 Ol
1300 415 1387 470 DE
1420 405 2091 469 PREDESTINA'I‘IDNE
2132 407 2260 462 DEI.
2301 437 2370 449 --
2408 407 2532 463 LIB.
2572 408 2638 463 ll.
3528 406 3601 463 ῦς

336 531 449 584 dat.
477 530 718 600 Denique
748 529 1070 598 homini‘per
1092 527 1185 583 Dei
1208 527 1438 597 gratiam
1466 526 1692 581 liberum
1714 530 1920 578 restau-
1953 527 1995 583 Α
2024 534 2250 590 summe
2297 521 2657 591 perpendere,
2685 522 2930 579 fortassis
2974 525 3041 580 ad
3070 524 3353 595 praesentis
3381 539 3601 580 causam

339 631 491 677 ratur
545 622 853 687 arbitrium,
901 622 1045 691 quod
1090 622 1295 691 primus
1344 622 1504 676 homo
1560 618 1912 690 perdiderat:

339 731 465 769 nam
496 714 588 770 ille
629 715 815 770 habuit
844 715 1129 771 inchoandi
1178 715 1302 770 boni
1337 714 1567 770 liberum
1613 711 1925 775 arbitrium,

336 809 480 878 quod
517 818 695 864 tamen
725 808 819 865 Dei
846 808 1109 879 adjutorio
1145 810 1515 879 perficeretur.
1546 808 1656 863 Nos
1694 822 1823 863 vero
1866 815 1924 863 et

338 905 736 960 inchoationem
768 904 921 960 liberi
967 907 1199 971 arbitrii,
1225 914 1283 960 et
1308 905 1691 976 perfectionem
1723 903 1793 957 de
1825 901 1921 956 Dei

333 995 603 1050 sumimus
626 995 821 1064 gratia,
850 997 973 1066 quia
1002 1003 1055 1050 et
1084 996 1320 1066 incipere
1350 1005 1402 1050 et
1429 994 1691 1066 perlicere
1720 994 1921 1049 bonum

333 1087 401 1141 de
432 1088 551 1157 ipso
578 1086 858 1152 habemus,
883 1104 910 1141 a
937 1103 1044 1158 quo
1082 1095 1138 1142 et
1164 1087 1350 1158 gratim
1376 1088 1573 1143 donum
1618 1087 1799 1141 datmn
1827 1128 1839 1151 ,
1863 1094 1920 1141 et

333 1177 566 1233 liberum
593 1180 876 1234 arbitrium
901 1180 954 1234 in
984 1179 1139 1235 nobis
1156 1188 1239 1235 est
1268 1186 1649 1234 restauratum.
1676 1178 1769 1233 Dei
1791 1194 1920 1250 ergo

332 1275 419 1322 est
462 1253 663 1322 bonum
692 1270 832 1339 quod
880 1270 1120 1340 agimus,
1167 1279 1390 1342 propter
1432 1271 1659 1340 gratiam
1713 1284 1919 1341 praeve‘

331 1360 572 1414 nientem
603 1368 657 1414 et
683 1363 1099 1431 subsequentem
1149 1377 1165 1416 :
1212 1372 1456 1418 nostrum
1505 1376 1668 1427 vero,
1698 1369 1919 1433 prepter

329 1455 717 1524 obsequentem
746 1454 900 1511 liberi
940 1457 1145 1511 arbitrii
1175 1457 1527 1513 voluntatem.
1571 1455 1703 1510 Nam
1748 1455 1792 1510 si
1821 1454 1916 1509 Dei

330 1559 438 1598 non
484 1553 588 1607 est,
622 1560 719 1600 cur
748 1544 822 1599 illi
848 1546 1052 1616 gratias
1080 1546 1321 1616 agimus?
1345 1547 1410 1601 Et
1457 1546 1502 1601 si
1532 1554 1776 1601 nostrum
1808 1561 1916 1600 non

326 1645 432 1700 est,
472 1652 573 1692 cur
623 1637 1029 1693 retributionem
1063 1641 1323 1695 bonorum
1373 1654 1594 1709 operum
1639 1648 1959 1709 exspecta--

328 1729 488 1782 mus?
511 1727 753 1784 Proinde
789 1743 920 1802 ergo
949 1730 1002 1785 in
1036 1746 1101 1786 eo
1130 1730 1271 1802 quod
1298 1730 1472 1803 gratia
1513 1731 1604 1787 Dei
1653 1731 1917 1803 praeveni-

326 1836 470 1883 mur,
512 1821 608 1876 Dei
630 1831 713 1877 est
747 1841 761 1877 :
799 1822 852 1877 in
880 1837 944 1879 eo
968 1838 1103 1879 vero
1144 1825 1284 1895 quod
1311 1826 1377 1880 ad
1405 1826 1540 1881 bene
1582 1826 1912 1896 opcrandum

324 1913 745 1980 pmvenientem
775 1908 1004 1986 gratiam
1031 1916 1323 1985 sequimur,
1350 1924 1592 1973 nostrum
1620 1924 1721 1972 est.
1745 1915 1916 1972 Nemo

326 2012 509 2057 autem
534 2002 746 2059 Domini
774 2006 1004 2077 gratiam
1056 2008 1265 2063 meritis
1305 2008 1602 2074 antecedit,
1647 2017 1706 2063 ut
1734 2017 1917 2063 tenere

322 2110 447 2149 eum
472 2096 632 2166 quasi
662 2097 960 2152 debitorem
989 2100 1159 2168 possit
1195 2118 1208 2154 :
1239 2101 1331 2155 sed
1373 2101 1510 2156 miro
1533 2099 1692 2155 modo
1730 2116 1916 2172 aequus

322 2186 577 2241 omnibus
629 2186 912 2252 Conditor,
955 2188 1087 2244 alios
1137 2191 1570 2261 praedestinando
1618 2191 1913 2263 praeelegit,

323 2275 461 2331 alios
499 2292 632 2332 vero
664 2278 718 2332 in
748 2279 860 2334 suis
883 2281 1064 2349 pravis
1089 2282 1329 2339 moribus
1347 2283 1496 2353 justo
1531 2280 1735 2350 judicio
1761 2283 1916 2337 dere-

324 2365 504 2435 liquit.
542 2366 699 2423 Unde
733 2369 1074 2425 verissimum
1106 2379 1189 2426 est
1232 2373 1418 2443 gratia:
1464 2387 1657 2427 munus
1693 2387 1798 2428 non
1847 2387 1915 2427 ex

324 2457 563 2513 humana
589 2448 806 2526 virtute,
835 2460 919 2516 vel
946 2476 1013 2516 ex
1046 2464 1241 2518 merito
1272 2449 1794 2535 arbitrii’eonsequi,
1820 2465 1915 2521 sed

324 2550 439 2604 sda
469 2552 668 2607 divina:
713 2554 929 2622 pietatis
956 2552 1198 2610 bonitate
1239 2556 1444 2627 largiri.
1503 2556 1730 2621 Quidam
1767 2557 1911 2612 enim

322 2641 648 2709 gratissimae
672 2644 1058 2701 misericordiae
1082 2646 1198 2718 ejus
1224 2648 1603 2717 praevenientis
1625 2650 1765 2704 dono
1798 2648 1909 2703 sal-

321 2744 541 2801 vantur,
569 2734 745 2792 el'ecti
798 2757 815 2789 ι
848 2753 977 2794 vasa
1010 2739 1426 2807 misericordiae;
1465 2760 1485 2793 ι
1516 2741 1731 2811 quidam
1782 2756 1911 2795 vero

322 2828 627 2896 reprobati,
681 2830 749 2884 ad
799 2844 1120 2901 poenamque
1156 2832 1521 2901 prmdestinati
1562 2833 1907 2898 damnantur,

320 2916 497 2972 allecti
526 2936 545 2969 ι
576 2934 706 2975 vasa
742 2919 858 2975 irae.
891 2939 911 2971 ι
945 2921 1098 2988 Quod
1127 2922 1375 2992 exemplo
1400 2923 1466 2978 de
1492 2940 1512 2975 ο
1552 2923 1693 2978 Esau
1727 2931 1783 2977 et
1820 2921 1911 2977 Jac

318 3011 425 3064 τοι»
454 3029 474 3061 ι
525 3010 757 3065 necdum
786 3011 926 3068 natis
952 3013 1241 3085 colligitur,
1274 3015 1366 3085 qui
1413 3016 1538 3070 dum
1582 3024 1765 3071 essent
1805 3029 1908 3073 uua

319 3102 674 3171 conceptione
701 3102 786 3157 vel
807 3112 963 3172 partu
988 3105 1141 3170 editi,
1180 3107 1413 3177 parique,
1436 3122 1597 3183 .nexu
1627 3106 1909 3177 originalis

322 3195 531 3261 peccati
558 3195 790 3260 astricti,
819 3195 1047 3251 alterum
1079 3205 1254 3255 tamen
1280 3214 1467 3253 eorum
1495 3199 1562 3253 ad
1588 3214 1648 3255 se
1697 3200 1910 3254 miseri-

2019 612 2223 682 Iegotii
2254 611 2387 667 nihil
2411 613 2467 667 in
2490 629 2551 668 ea
2573 613 2901 686 superﬂuum
2926 630 3028 674 nos
3051 617 3299 689 posuisse
3312 615 3596 687 iudicabit.

2019 704 2437 762 Commendatur
2483 706 2625 762 enim
2676 708 2731 763 in
2783 724 2847 765 ea
2882 711 3015 781 quid
3065 712 3300 766 humano
3355 711 3598 776 arbitrio,

2018 797 2147 866 quid
2185 797 2379 853 divine
2431 798 2621 869 gratim
2664 800 2951 863 debeamus
2997 803 3278 875 assignare
3301 844 3317 870 ,
3353 805 3605 874 quodque

2019 891 2257 961 ejusdem
2302 894 2488 964 gratim
2516 895 2714 949 donum
2756 910 2863 950 non
2904 898 3137 954 hominis
3175 899 3388 963 merito,
3411 913 3601 953 verum

2019 983 2234 1053 superni
2265 984 2503 1038 muneris
2542 985 2870 1054 benignitate
2908 988 3235 1053 conferatur,
3264 988 3459 1062 cuique
3490 988 3601 1042 hir-

2018 1081 2215 1151 giatur.
2240 1081 2434 1152 cuique
2456 1090 2699 1151 negetur,
2739 1080 2901 1135 divini
2930 1080 3312 1134 moderaminis
3345 1080 3416 1135 sit
3435 1079 3603 1149 tequi-

2021 1182 2130 1228 tate
2151 1173 2488 1243 dispositum.
2518 1171 2611 1228 Sic
2641 1188 2771 1244 ergo
2791 1173 3180 1228 commendans
3208 1188 3428 1228 causam
3455 1215 3469 1237 ,
3492 1186 3600 1243 qua

2017 1267 2101 1321 vel
2125 1266 2280 1321 electi
2302 1265 2693 1334 justiﬁeautur,
2722 1265 2808 1321 vel
2832 1264 3045 1335 reprobi
3073 1264 3391 1320 deseruntur
3420 1279 3434 1318 :
3463 1278 3602 1335 prce.

2018 1356 2389 1412 destinationis
2408 1357 2653 1412 ordinem
2679 1357 2834 1412 docet
2859 1370 2979 1411 esse
3005 1357 3302 1420 diversum,
3338 1369 3443 1409 non
3472 1354 3602 1407 sim-

2016 1449 2242 1520 plicem;
2268 1459 2326 1503 ut
2351 1459 2531 1504 autem
2556 1464 2677 1520 qius
2701 1450 2932 1504 diximus
2960 1446 3306 1503 manifestata
3330 1446 3492 1511 ﬁant,
3518 1454 3601 1500 to-

2017 1539 2125 1594 tius
2156 1540 2285 1594 texti
2313 1539 2604 1611 capitulum
2627 1540 2863 1595 breviter
2882 1538 3268 1610 expendamus.

2089 1633 2255 1707 [lnter
2296 1637 2504 1704 gratiae,
2536 1635 2730 1705 inquit,
2762 1634 2957 1689 divinae
3005 1631 3332 1686 inlusionem
3359 1668 3376 1693 ,
3405 1636 3461 1683 et
3494 1628 3597 1683 hu-

2017 1725 2161 1780 mani
2203 1725 2414 1781 arbitrii
2469 1725 2796 1781 voluntatem
2849 1724 2953 1779 hoc
3008 1723 3249 1777 interest.
3302 1720 3599 1775 Arbitrium

2018 1828 2101 1873 est
2150 1818 2397 1873 voluntas
2431 1819 2612 1873 libene
2658 1816 2964 1887 potestatis,
2990 1830 3109 1885 quze
3154 1828 3252 1884 per
3284 1828 3344 1869 se
3388 1821 3596 1883 sponte,

1945 1882 1992 1943 Β
2019 1911 2103 1967 vel
2128 1913 2269 1967 bona
2297 1912 2380 1966 vel
2405 1911 2544 1966 mala
2569 1882 2825 1981 appetere
2855 1882 3033 1979 potest
3058 1927 3069 1962 :
3103 1882 3276 1979 gratia
3313 1882 3491 1961 autem
3519 1910 3604 1960 est

2018 2004 2213 2059 divinae
2240 2003 2625 2060 misericordia:
2654 2003 2948 2072 gratuitum
2974 2002 3172 2055 donum
3191 2040 3207 2064 ,
3245 2014 3344 2070 per
3372 1999 3514 2069 quod
3546 2004 3603 2053 et

2017 2097 2171 2151 bona
2199 2096 2489 2151 voluntatis
2534 2095 2745 2150 initium
2774 2102 2830 2149 et
2850 2093 3030 2165 operis
3072 2106 3445 2162 promeremur
3471 2088 3602 2146 etle—

2016 2187 2209 2261 ctum.]
2242 2188 2368 2244 "me
2393 2188 2579 2244 dicens
2625 2186 2881 2251 insinuat,
2910 2185 3051 2256 quod
3082 2185 3234 2239 liberi
3272 2183 3346 2239 sit
3369 2182 3599 2248 arbitrii,

2015 2291 2075 2337 ut
2118 2283 2350 2353 propriae
2377 2281 2670 2336 voluntatis
2715 2279 3091 2343 intentionem,
3118 2277 3204 2333 vel
3232 2277 3303 2332 ad
3339 2276 3477 2332 bona
3505 2274 3602 2330 eli-

2016 2376 2212 2446 genda,
2241 2374 2329 2429 vel
2351 2374 2419 2429 ad
2441 2372 2581 2428 mala
2610 2373 2951 2445 reprobanda
2974 2371 3190 2443 dirigat,
3220 2378 3280 2425 ut
3300 2378 3480 2424 autem
3511 2366 3599 2427 vel

2014 2466 2168 2523 bona:
2220 2464 2511 2521 voluntatis
2553 2465 2868 2531 exordium,
2926 2464 3011 2519 vel
3058 2471 3223 2518 rectae
3273 2459 3602 2532 operationis

2012 2557 2259 2614 obtineat
2285 2556 2563 2624 ell‘ectum,
2583 2573 2690 2612 non
2720 2557 2833 2612 suis
2863 2555 3100 2621 viribus,
3135 2568 3321 2609 verum
3364 2552 3602 2607 caelestis

2012 2656 2198 2727 gratiae
2223 2656 2362 2731 dono
2385 2663 2764 2725 consequatur.
2795 2651 2931 2707 Nam
2960 2651 3103 2720 quod
3120 2652 3275 2705 bonae
3308 2645 3602 2703 voluntatis

2012 2748 2409 2802 inchoationem
2442 2747 2642 2801 habere
2663 2759 3010 2814 nequeamus,
3038 2741 3138 2796 nisi
3171 2739 3386 2811 superni
3426 2737 3600 2808 gratia

2012 2839 2304 2910 largitoris,
2330 2837 2615 2908 Apostolus
2644 2836 2794 2891 testis
2823 2843 2934 2900 est,
2966 2834 3057 2904 qui
3089 2834 3167 2886 ait
3197 2851 3210 2886 :
3260 2849 3281 2882 ε
3324 2829 3463 2898 Quid
3501 2828 3601 2884 ba-

2011 2929 2106 2983 bes
2128 2929 2272 2998 quod
2294 2944 2400 2983 non
2431 2927 2716 2999 accepisti?
2738 2947 2756 2979 ι
2779 2925 2827 2997 (l
2848 2925 2969 2980 Cor.
2990 2930 3065 2991 tv',
3082 2924 3236 2998 7.)Si
3262 2937 3391 2994 ergo
3410 2922 3485 2977 nil
3503 2922 3599 2977 ha-

2011 3020 2202 3075 bemus
2226 3019 2328 3075 nisi
2355 3020 2497 3089 quod
2514 3033 2747 3090 superno
2758 3032 3073 3073 concessum
3089 3031 3308 3072 munere
3322 3015 3476 3070 nobis
3493 3012 3604 3069 fue-

2013 3115 2101 3179 rit,
2128 3129 2229 3170 nee
2267 3115 2427 3170 bona:
2459 3112 2753 3168 voluntatis
2795 3111 3335 3182 quantulumcunque
3358 3108 3600 3164 valemus

2014 3204 2237 3274 adipisci
2255 3204 2461 3259 arbitrii
2484 3204 2688 3259 viribus
2712 3203 2951 3267 humani,
2967 3203 3011 3257 si
3036 3217 3142 3257 non
3168 3201 3334 3257 divini
3360 3199 3600 3255 muneris

321 3257 521 3339 cordia:
580 3257 783 3340 divinae
818 3288 1151 3356 praeveniens
1201 3272 1413 3344 bonitas
1463 3291 1691 3360 gratuita
1736 3292 1907 3363 gratia
1931 3257 1985 3327 ο
2012 3257 2832 3351 emanaverit":
2862 3257 3005 3365 quod
3039 3300 3219 3348 autem
3243 3290 3443 3372 aliquid
3472 3288 3598 3343 boni

323 3378 520 3440 traxit;
554 3379 783 3448 alterum
819 3381 1049 3451 quadam
1085 3382 1309 3453 justitia:
1342 3383 1631 3441 severitate
1654 3384 1779 3440 odio
1812 3384 1908 3438 ha-

323 3470 496 3526 bitum
520 3472 579 3526 in
608 3488 782 3527 massa
808 3474 1131 3544 perditionis
1160 3475 1402 3530 relictum
1421 3477 1713 3532 damnavit.
1757 3475 1909 3531 Sicut

319 3572 378 3617 et
415 3578 515 3633 per
542 3567 861 3635 prophetam
902 3568 1042 3621 idem
1090 3566 1347 3624 Dominus
1394 3570 1632 3640 loquitur
1678 3571 1903 3625 dicens:

326 3672 345 3705 ι
380 3653 550 3711 Jacob
593 3657 797 3724 dilexi,
840 3659 979 3713 Esau
1031 3670 1211 3715 autem
1267 3662 1391 3716 odio
1447 3662 1605 3716 habui
1654 3662 1808 3732 (Mal.
1851 3678 1902 3729 1;

323 3740 475 3800 Rom.
508 3746 609 3818 ix).
643 3767 662 3799 ι
705 3747 856 3805 Unde
877 3765 1212 3821 consequens
1248 3760 1334 3806 est
1371 3752 1531 3807 nullis
1576 3753 1925 3823 praevenien-l

325 3838 469 3894 tibus
517 3840 728 3895 meritis
750 3839 1008 3917 'conl'erri
1060 3842 1286 3913 gratiam
1308 3884 1323 3909 ,
1350 3843 1443 3899 sed
1482 3844 1592 3898 sola
1622 3844 1907 3900 vocatione

322 3930 540 3986 divina?
567 3930 751 4001 Neque
778 3948 1103 4005 quemquam
1132 3934 1326 3990 salvari
1356 3935 1467 3990 sive
1486 3936 1753 4002 damnari,
1781 3936 1904 4007 eligi

327 4023 407 4077 vel
433 4025 734 4094 reprobari,
773 4026 876 4081 nisi
911 4040 977 4080 ex
1009 4027 1284 4097 proposito
1316 4028 1747 4097 prmdestiuantis
1790 4029 1904 4095 Dei,

321 4120 414 4189 qui
439 4118 623 4188 justus
652 4129 737 4175 est
763 4122 816 4175 in
866 4121 1200 4192 reprobatis,
1234 4122 1543 4178 misericors
1591 4123 1643 4177 in
1674 4123 1860 4178 electis
1888 4140 1903 4178 :

327 4228 349 4262 ι
416 4211 693 4267 Universae
739 4213 840 4268 viae
900 4213 1112 4270 Domini
1172 4214 1538 4270 misericordia
1594 4223 1647 4269 et
1704 4217 1908 4271 veritas

319 4302 498 4372 (Prol.
524 4318 674 4368 xxiv,
720 4303 824 4373 l0).
861 4324 880 4356 ι
907 4303 1079 4359 Omne
1102 4313 1281 4359 autem
1314 4306 1509 4361 donum
1558 4306 1744 4377 gratiae
1799 4320 1904 4360 non

319 4396 575 4452 omnibus
611 4396 679 4450 ad
708 4397 973 4468 integrum
1023 4397 1201 4461 datur,
1231 4397 1325 4452 sed
1378 4397 1602 4469 singulis
1627 4398 1764 4451 dona
1793 4398 1905 4452 sin-

319 4489 443 4560 gula
470 4490 783 4545 dividuntur
820 4490 1060 4555 scilicet,
1089 4500 1148 4545 ut
1171 4492 1326 4560 quasi
1372 4491 1617 4561 corporis
1663 4492 1903 4545 membra

319 4580 527 4651 singula
559 4580 733 4635 ollieia
760 4580 1011 4643 habeant,
1041 4589 1096 4636 et
1129 4580 1267 4636 alter
1290 4580 1559 4652 indulgeat
1587 4579 1742 4634 alteri
1781 4578 1901 4651 [al.,

320 4674 560 4745 indigeat
589 4672 803 4746 altero]
839 4715 853 4737 ,
906 4674 1049 4744 quod
1098 4688 1202 4728 non
1255 4675 1415 4729 habet
1468 4673 1624 4729 alter.
1671 4672 1904 4728 Proinde

319 4767 562 4821 omnium
586 4765 720 4821 ﬂant
751 4766 1057 4822 communia
1088 4768 1213 4822 dum
1244 4766 1380 4839 fiunt
1407 4767 1623 4822 sibimet
1662 4767 1903 4821 membra

321 4858 554 4912 invicem
577 4857 930 4930 necessaria.)
968 4856 1156 4912 Totius
1203 4858 1425 4930 capituli
1471 4866 1673 4912 textum
1704 4872 1906 4927 ponere

319 4950 500 5013 libuit,
523 4964 597 5004 ne
629 4950 752 5020 quis
780 4951 934 5005 nobis
964 4950 1289 5005 calumniam
1318 4952 1668 5022 intorqueret,
1709 4951 1753 5006 si
1780 4966 1905 5020 par-

318 5050 426 5096 tem
475 5052 785 5110 excerpere,
816 5051 1026 5112 partem
1056 5058 1188 5098 vero
1232 5044 1585 5099 voluissemus
1629 5044 1899 5109 omittere,

319 5143 577 5204 tauquam
615 5134 1085 5205 corrumpentibus
1110 5143 1387 5190 auctorum
1412 5135 1727 5199 sententias,
1761 5147 1814 5189 et
1837 5134 1902 5186 ad

318 5234 522 5281 nostrae
575 5226 769 5281 seriem
814 5227 1210 5282 adiuventiouis
1247 5227 1709 5296 detorquentibus.
1742 5226 1906 5296 Cujus

316 5330 539 5385 quinque
561 5316 845 5372 calumniae
879 5318 1278 5373 deuotationem
1305 5319 1481 5374 vitare
1529 5321 1768 5375 volentes
1815 5335 1905 5375 su-

316 5420 419 5475 pra
444 5406 745 5476 positorum
788 5411 1084 5464 sententias
1106 5419 1387 5466 auctorum
1411 5451 1425 5475 ,
1455 5408 1733 5478 Augustini
1762 5411 1907 5464 vide-

317 5498 449 5552 licet
473 5506 529 5552 et
562 5497 897 5568 'reliquorum
928 5500 1155 5572 longiori
1182 5501 1404 5566 circulo,
1449 5517 1512 5556 ac
1558 5517 1695 5572 pene
1721 5517 1909 5572 super-

320 5592 429 5646 ﬂuo
458 5591 721 5647 adnotare
746 5592 1060 5660 maluimus;
1098 5594 1391 5666 deligentes
1428 5595 1608 5666 potius
1651 5595 1905 5666 superﬂui

319 5681 390 5738 de
435 5681 763 5751 loquacitate
790 5684 979 5748 videri,
1014 5700 1175 5755 quam
1225 5687 1657 5756 reprehensionis
1701 5689 1904 5743 crimen

317 5771 391 5826 de
428 5774 816 5829 sententiarum
853 5776 1143 5832 violatione
1182 5778 1523 5835 contrahere.
1558 5776 1616 5833 Si
1659 5779 1780 5848 quis
1819 5788 1902 5833 ta-

319 5878 447 5925 mea
479 5866 639 5941 huius
668 5870 953 5929 sententia;
977 5867 1548 5942 volurit‘ditigentius
1577 5873 1739 5927 verba
1783 5887 1904 5928 sen-

2010 3387 2128 3443 sine
2157 3387 2335 3442 diviua
2362 3387 2530 3457 gratia
2562 3401 2891 3457 nequeamus
2915 3385 3147 3450 edicere,
3180 3384 3347 3455 ipsius
3377 3396 3473 3438 ore
3492 3378 3600 3436 Ve-

2009 3478 2187 3532 ritatis
2217 3478 2535 3533 instruimur
2567 3479 2638 3533 ita
2668 3477 2937 3548 loquentis
2963 3496 2976 3532 :
3012 3495 3032 3529 α
3077 3476 3207 3532 Sine
3235 3490 3322 3530 me
3348 3473 3478 3529 nihil
3504 3486 3597 3542 po-

2010 3569 2163 3624 testis
2202 3569 2380 3626 l’acere
2424 3567 2606 3630 (Joan.
2631 3586 2724 3634 xv,
2754 3571 2831 3641 5).
2865 3590 2885 3623 ι
2919 3568 3036 3625 Jam
3065 3582 3214 3633 vero,
3244 3566 3385 3637 quod
3419 3564 3596 3620 divina

2012 3662 2183 3732 gratia
2230 3663 2639 3733 praeveniamur,
2672 3671 2726 3717 et
2772 3664 2839 3717 ad
2886 3663 3024 3717 bene
3064 3661 3388 3729 volendum,
3427 3669 3481 3713 et
3528 3658 3596 3713 ad

1984 3759 2157 3808 recte
2216 3754 2481 3825 agendum
2537 3753 2783 3823 sequenti
2842 3754 3033 3809 beatus
3081 3751 3317 3807 Isidorus
3367 3749 3596 3806 lectione

2010 3851 2240 3900 testatur
2266 3846 2501 3901 dicens:
2543 3845 2755 3918 [Divina
2805 3846 3002 3916 quippe
3051 3844 3219 3915 gratia
3269 3844 3596 3918 praevenitur

2009 3936 2203 4001 homo,
2236 3946 2296 3991 ut
2324 3938 2498 3992 Inuus
2527 3912 2635 4003 sit,
2677 3948 2779 3992 nec
2825 3912 3119 3993 humanum
3169 3912 3450 3990 arbitrium
3477 3912 3593 3989 ‘Dei

2008 4028 2239 4100 gratiam
2270 4029 2558 4093 antecedit,
2595 4029 2687 4084 sed
2727 4030 2840 4100 ipsa
2869 4029 3038 4100 gratia
3075 4028 3171 4084 Dei
3200 4027 3468 4083 nolentem
3502 4028 3596 4083 bo-

2008 4120 2209 4174 minem
2259 4120 2538 4191 praevenit,
2574 4129 2634 4174 ut
2678 4120 2839 4177 etiam
2878 4120 3016 4175 bene
3057 4117 3232 4191 velit.]
3266 4119 3399 4174 Cum
3447 4117 3595 4173 enim

2010 4213 2183 4268 malus
2218 4221 2379 4277 esset,
2412 4212 2619 4267 arbitrii
2650 4213 2731 4267 sui
2762 4212 3094 4267 voluntatem
3125 4212 3190 4265 ad
3222 4210 3420 4265 malum
3447 4225 3595 4263 com.

2008 4307 2270 4361 mittendo
2296 4306 2476 4362 divina
2524 4306 2820 4361 clementer
2862 4320 2983 4360 eum
3031 4305 3201 4375 gratia
3245 4304 3502 4372 respexit,
3540 4310 3595 4357 et

2005 4400 2298 4456 voluntatis
2340 4399 2496 4455 bona:
2542 4398 2863 4470 principium
2907 4397 3237 4468 luspirando,
3271 4394 3590 4451 desiderium

2007 4490 2225 4545 malitia:
2251 4492 2317 4547 ad
2347 4489 2603 4545 bonitatis
2631 4496 2870 4544 amorem
2897 4488 3180 4549 convertit,
3212 4494 3272 4540 ut
3297 4486 3388 4556 qui
3418 4484 3593 4540 malus

2004 4580 2186 4636 {itcrat
2233 4580 2500 4653 diligendo
2524 4623 2537 4644 ,
2570 4581 2884 4652 agendoque
2929 4580 3127 4634 malum
3152 4620 3165 4643 ,
3220 4579 3397 4633 bonus
3438 4577 3594 4630 ﬂeret

2007 4675 2262 4739 amando,
2283 4675 2625 4746 gerendoque
2647 4675 2866 4728 bonum.
2897 4672 3046 4728 lianc
3067 4669 3447 4742 praeventkmis
3468 4684 3591 4739 gra-

2008 4768 2136 4821 tiam
2164 4765 2551 4821 commendans
2577 4765 2857 4835 Scriptura
2889 4763 3019 4819 dicit
3051 4775 3067 4815 :
3105 4778 3124 4812 ι
3159 4760 3293 4828 Quis
3327 4758 3473 4829 prior
3498 4759 3591 4814 de-

2006 4859 2087 4912 dit
2116 4858 2164 4911 ei
2186 4898 2199 4922 ,
2240 4863 2295 4912 et
2326 4857 2659 4912 retribuetur
2697 4855 2807 4910 illi?
2834 4854 3086 4925 quoniam
3117 4868 3183 4907 ex
3227 4852 3373 4922 ipso,
3410 4861 3466 4907 et
3495 4863 3590 4923 per

2004 4950 2179 5020 ipsum
2204 4990 2216 5013 ,
2259 4956 2313 5003 et
2352 4948 2405 5002 in
2446 4948 2561 5018 ipso
2598 4955 2724 5001 sunt
2761 4946 2938 5001 omnia
2969 4943 3147 5013 (Rom.
3178 4959 3234 4999 XI
3259 4985 3273 5010 ,
3303 4942 3392 5010 35,
3419 4944 3530 5016 56).
3563 4962 3582 4997 ι

1996 5040 2326 5103 Annectitur
2354 5047 2532 5094 autem
2558 5054 2741 5101 causa,
2782 5053 2901 5107 qua:
2936 5038 3077 5091 vires
3106 5038 3338 5092 hominis
3360 5037 3426 5092 ad
3451 5036 3588 5091 bene

2009 5134 2271 5204 agendum
2296 5116 2459 5188 edicit
2496 5132 2809 5197 imbecillas,
2834 5131 2936 5187 nisi
2964 5131 3128 5186 divini
3161 5131 3397 5186 muneris
3426 5131 3588 5186 fuerit

2008 5222 2208 5279 auxilio
2232 5222 2544 5285 roboratus;
2572 5223 2895 5292 dicititaque
2922 5242 2935 5276 :
2963 5221 3120 5295 [Nam
3147 5223 3382 5292 pondere
3406 5209 3586 5278 carnis

2009 5317 2172 5371 homo
2199 5317 2279 5371 sic
2303 5316 2499 5388 agitur,
2524 5323 2583 5370 ut
2607 5315 2676 5369 sit
2710 5316 2777 5369 ad
2803 5308 3128 5386 peccandum
3154 5314 3351 5380 facilis,
3380 5316 3446 5369 ad
3475 5326 3587 5387 pm-

2009 5408 2284 5463 nitendum
2323 5409 2526 5463 tardus.
2554 5407 2727 5464 Habet
2768 5409 2833 5464 de
2863 5424 2921 5465 se
2946 5407 3088 5464 unde
3116 5417 3357 5470 corruat,
3392 5417 3446 5463 et
3479 5422 3584 5462 non

2016 5501 2177 5555 habet
2212 5501 2353 5555 unde
2380 5509 2599 5573 surgat,
2636 5502 2737 5558 nisi
2764 5503 2935 5574 gratia
2963 5501 3268 5557 Conditoris
3286 5541 3301 5567 ,
3329 5507 3389 5556 ut
3415 5502 3588 5572 eriga-

2015 5602 2120 5660 tur,
2156 5611 2371 5650 manum
2402 5594 2598 5664 iacenti
2627 5592 2909 5669 porrigat]
2946 5595 3148 5650 Pontus
3186 5596 3364 5666 itaque
3410 5594 3590 5650 carnis

2014 5687 2141 5757 quid
2169 5697 2283 5751 est,
2316 5688 2417 5742 nisi
2447 5688 2751 5758 corruptela
2788 5686 3039 5756 peccati?
3070 5686 3216 5741 Hane
3255 5687 3437 5756 itaque
3463 5700 3588 5740 σοι·-

2014 5779 2278 5851 ruptelam
2317 5781 2543 5847 incidit,
2595 5781 2810 5851 quando
2852 5788 2970 5850 post
3015 5780 3139 5850 ligni
3184 5780 3334 5835 vetiti
3374 5786 3587 5852 gustum

2012 5876 2184 5951 aperti
2230 5884 2354 5935 sunt
2400 5877 2449 5932 ei
2501 5876 2640 5933 oculi
2667 5916 2683 5943 ,
2729 5884 2781 5929 et
2823 5876 3101 5931 nuditatls-
3131 5891 3242 5931 suae
3284 5874 3587 5944 aqualem
