4088 6344
473 388 540 444 65
1503 383 1857 439 RATRAMNI
1893 381 2338 440 CORBEIENSIS
2379 379 2680 437 MONACHI
3668 380 3737 432 64

474 505 712 576 aspexit;
742 505 949 576 apertio
974 506 1206 576 denique
1233 502 1319 557 illa
1341 500 1639 566 oculorum,
1665 501 2048 571 concupiscen-
2073 500 2125 560 Α
2150 503 2375 567 parente
2399 493 2574 564 primo
2603 493 2956 563 perdidimus,
2987 491 3153 546 divini
3181 491 3421 547 muneris
3450 491 3624 562 gratia
3644 507 3742 547 no-
3819 559 3821 561 ι

476 599 550 654 tia
579 596 875 652 carnalium
901 597 1108 652 exstitit
1133 595 1442 665 passionum
1471 635 1486 659 ,
1527 603 1580 649 et
1609 594 1732 648 inde
1765 609 1824 649 se
1852 591 2055 647 nudum

476 687 772 757 obstupuit,
801 701 908 757 quo
941 701 1000 741 se
1030 686 1284 740 virtutum
1315 693 1459 740 veste
1480 685 1763 755 spoliatum
1796 684 2011 739 erubuit
2037 701 2052 738 :

478 792 578 832 nec
601 775 714 845 jam
742 778 793 831 in
825 776 1001 831 calore
1037 775 1253 844 superni
1284 775 1484 830 amoris
1515 775 1841 842 consistens,
1867 789 2057 829 verum

477 869 546 924 ad
596 869 829 923 carnalis
880 859 1328 936 cencupiscentiae
1386 867 1710 922 desiderium
1759 881 2053 930 corruens,

479 959 672 1014 divinae
711 959 1035 1013 visitationis
1075 958 1362 1028 alloquium
1411 959 1477 1013 ad
1523 973 1709 1013 auram
1758 959 1908 1012 audit
1941 966 2062 1027 post

479 1048 776 1104 meridiem.
834 1047 947 1103 Hoc
995 1049 1178 1119 itaque
1231 1048 1468 1119 pondere
1517 1049 1766 1119 peccati,
1814 1045 2061 1103 videlicet

481 1139 912 1209 concupiscentia
950 1140 1244 1197 carnalium
1285 1143 1630 1212 passionum,
1663 1142 1840 1211 agitur
1879 1143 2056 1204 homo,

479 1242 540 1288 ut
565 1233 636 1288 sit
662 1233 728 1288 ad
758 1236 1082 1302 peccandum
1125 1234 1296 1292 facilis
1317 1277 1330 1296 ,
1381 1236 1448 1290 ad
1477 1236 1844 1306 paenitendum
1881 1243 2062 1290 autem

482 1327 666 1380 tardus
695 1344 707 1379 :
743 1327 866 1394 quia
895 1343 962 1381 ex
986 1342 1093 1397 quo
1126 1327 1304 1382 cordis
1332 1327 1515 1383 oculos
1556 1327 1623 1380 ad
1656 1327 2064 1382 delectationem

482 1416 689 1486 peccati
735 1411 978 1487 aperuit,
1023 1432 1086 1471 ex
1117 1433 1181 1472 eo
1209 1417 1420 1472 clausos
1454 1417 1520 1472 ad
1565 1431 1803 1471 amorem
1841 1415 2064 1483 justitize

485 1512 685 1576 tenuit,
723 1519 778 1566 et
806 1521 1088 1584 postquam
1115 1513 1331 1568 virtutis
1354 1522 1557 1567 vestem
1594 1511 1809 1576 amisit,
1843 1509 2066 1566 infirmi-

485 1602 612 1657 tatis
659 1604 953 1659 nuditatem
993 1604 1218 1674 accepit.
1245 1603 1359 1672 Qua
1402 1603 1467 1659 de
1504 1617 1563 1657 re
1597 1619 1719 1658 cum
1764 1618 1862 1673 per
1889 1602 2066 1657 cordis

484 1693 780 1748 cmeitatem
800 1681 994 1766 nequit
1016 1695 1216 1750 bonum
1247 1697 1586 1765 conspicere,
1615 1710 1712 1766 per
1738 1693 2065 1750 infirmitatis

485 1797 663 1841 autem
687 1787 1044 1854 debilitatem,
1066 1805 1184 1859 quae
1212 1798 1356 1844 recta
1383 1798 1507 1844 sunt
1533 1804 1637 1843 non
1663 1787 1805 1842 valet
1831 1787 2062 1859 Operari,

2154 587 2238 642 bis
2268 586 2638 649 restituuntur,
2672 593 2731 638 ut
2775 591 2831 637 et
2860 583 3112 654 incipere,
3152 591 3208 638 et
3233 584 3496 654 perlicere
3542 582 3739 638 bonum

2153 697 2251 752 per
2280 681 2374 734 Dei
2411 679 2639 751 gratiam
2665 678 2774 749 jam
2808 676 3100 743 valeamus,
3131 677 3222 746 qui
3254 677 3406 746 prius
3441 675 3744 733 inefﬁcaces

2156 791 2253 845 per
2311 773 2640 828 infirmitatis
2684 771 3014 826 debilitatem
3065 774 3134 825 ad
3192 770 3292 826 ista
3340 770 3742 826 reddebamur:

2157 866 2298 920 unde
2327 868 2520 920 bonum
2551 867 2694 936 quod
2719 865 2928 934 agimus
2961 872 3202 918 nostrum
3230 865 3433 934 pariter
3468 864 3748 933 divinique

2159 959 2396 1012 muneris
2437 973 2557 1012 esse
2600 958 2992 1032 subsequenter
3034 957 3328 1012 erudimur.
3366 957 3506 1011 Dicit
3533 957 3745 1025 itaque:

2161 1048 2279 1122 [Dei
2325 1064 2451 1117 ergo
2479 1058 2561 1102 est
2591 1050 2790 1104 bonum
2839 1048 2980 1118 quod
3012 1048 3243 1118 agimus,
3278 1057 3498 1118 propter
3521 1047 3749 1118 gratiam

2161 1140 2574 1209 praevenientem
2629 1147 2683 1193 et
2733 1138 3146 1207 subsequentem
3191 1157 3204 1192 :
3251 1149 3494 1193 nostrum
3547 1147 3748 1201 autem,

2161 1243 2382 1303 propter
2419 1232 2802 1300 obsequentem
2837 1231 2988 1284 liberi
3019 1231 3227 1284 arbitrii
3269 1231 3575 1286 facultatem
3627 1230 3751 1302 [al.,

2163 1321 2540 1393 voluntatem].
2573 1321 2706 1375 Nam
2752 1322 2816 1384 si,
2871 1322 2960 1375 Dei
3009 1337 3112 1375 uou
3159 1331 3261 1385 est,
3305 1337 3403 1375 cur
3433 1322 3506 1375 illi
3554 1323 3756 1390 gratias

2166 1413 2410 1482 agimus?
2455 1421 2509 1465 et
2552 1413 2596 1466 si
2627 1421 2869 1467 nostrum
2919 1426 3023 1465 non
3070 1421 3173 1476 est,
3207 1428 3305 1466 cur
3345 1412 3758 1466 retributionem

2166 1507 2428 1562 bonarum
2454 1521 2676 1574 operum
2723 1504 3172 1578 exspectamus?]
3210 1504 3390 1560 Claret
3436 1507 3616 1574 itaque
3663 1507 3761 1561 b0-

2168 1614 2297 1654 num
2325 1598 2464 1667 quod
2491 1605 2652 1668 agunt
2697 1598 2893 1661 sancti,
2923 1613 3019 1652 nec
3050 1598 3129 1653 sic
3154 1597 3349 1652 divina:
3378 1597 3566 1667 gratias
3594 1597 3761 1666 depu-

2171 1688 2294 1754 tari,
2324 1696 2383 1742 ut
2412 1688 2564 1742 liberi
2609 1689 2819 1743 arbitrii
2863 1688 3088 1746 facultas
3113 1687 3408 1753 auferatur,
3437 1699 3530 1744 aut
3574 1689 3654 1744 sic
3697 1688 3762 1742 li-

2169 1781 2301 1836 bero
2347 1779 2710 1849 deputandum
2743 1781 2990 1847 arbitrio,
3021 1790 3081 1836 ut
3109 1781 3304 1836 divinze
3331 1783 3518 1852 gratiae
3565 1797 3764 1836 munus

487 1886 699 1933 constat
745 1878 983 1947 profecto
1028 1879 1184 1948 juxta
1235 1880 1405 1935 sancti
1458 1879 1617 1950 hujus
1675 1879 1997 1934 sententiam
2049 1868 2144 1934 :B
2173 1869 2502 1934 abdicemus,
2533 1887 2762 1940 quorum
2790 1872 3018 1927 alterum
3042 1873 3260 1927 humani
3286 1872 3482 1928 laboris
3506 1871 3761 1927 meritum

487 1971 638 2040 Quod
678 1974 974 2030 mortalitas
1005 1982 1191 2030 nostra
1235 1975 1395 2030 habet
1439 1977 1503 2029 de
1539 1989 1596 2029 se
1643 1974 1785 2028 unde
1829 1981 2068 2038 corruat,

487 2072 542 2118 et
571 2080 676 2120 non
716 2066 878 2121 habet
905 2053 1275 2138 unde-surgat.
1307 2066 1372 2120 Et
1401 2067 1538 2121 bene
1568 2066 1633 2120 de
1662 2080 1721 2121 se
1749 2065 1890 2136 quod
1917 2065 2070 2120 infir-

489 2156 692 2212 mitatis
721 2166 804 2212 est
829 2158 991 2214 homo
1020 2158 1219 2215 habere
1265 2158 1462 2212 dicitur
1490 2175 1504 2210 :
1536 2157 1790 2228 quoniam
1819 2165 1876 2214 et
1917 2157 2073 2212 casei-

489 2251 616 2304 tatis
645 2251 928 2315 damnum,
957 2259 1013 2304 et
1041 2249 1372 2305 infirmitatis
1400 2250 1681 2320 penuriam
1711 2250 1776 2306 de
1801 2265 1860 2306 se
1887 2265 2075 2306 susce-

488 2343 588 2414 pit,
618 2345 830 2414 quando
869 2344 1086 2414 superni
1124 2342 1340 2399 luminis
1368 2342 1700 2414 praesidium,
1731 2358 1838 2414 quo
1863 2343 2075 2414 sapien-

489 2433 578 2490 tiae
615 2435 825 2502 lumen,
857 2445 916 2492 et
961 2435 1152 2491 salutis
1192 2436 1442 2491 virtutem
1485 2437 1942 2507 consequebatur,
1981 2450 2078 2508 per

490 2527 906 2585 iuobedientiam
938 2531 1202 2601 superbus
1239 2531 1421 2586 amisit
1463 2550 1476 2586 :
1517 2547 1693 2601 neque
1721 2532 1836 2588 suis
1875 2532 2078 2588 viribus

491 2616 714 2687 adipisci
741 2619 853 2689 jam
886 2619 1046 2686 valet,
1076 2621 1216 2691 quod
1244 2621 1414 2691 culpa}
1445 2637 1556 2676 sua:
1589 2622 1801 2678 meritis
1823 2620 2077 2692 perdidit,

381 2708 391 2720 ’
490 2707 594 2762 nisi
642 2709 845 2779 gratia,
876 2707 1186 2766 Conditoris
1216 2712 1603 2768 misericordia:
1631 2727 1743 2768 suae
1791 2728 1986 2777 manu,
2026 2721 2083 2766 et

490 2797 670 2860 cordis
696 2799 993 2856 caecitatem
1024 2810 1315 2868 removeat,
1340 2813 1396 2857 et
1415 2803 1629 2858 virtutis
1658 2801 2081 2858 incolumitatem

494 2889 715 2954 tribuat,
747 2900 1015 2960 quatenus
1041 2894 1092 2948 ei
1132 2893 1356 2963 justitire
1386 2895 1566 2949 lumen
1612 2893 1907 2966 refulgent,
1939 2901 1995 2950 et
2031 2895 2082 2950 ei

494 2993 654 3049 quam
681 2981 886 3048 cernit,
913 2983 1138 3053 justitize
1164 3001 1260 3055 per
1288 2987 1507 3041 virtutis
1547 3000 1788 3057 gressum
1820 2987 2082 3044 inhaerere

495 3073 684 3141 possit.
717 3072 870 3140 Quod
907 3084 1090 3130 autem
1131 3076 1461 3147 prot0plasto
1509 3076 1665 3132 liberi
1698 3079 1840 3133 vires
1871 3078 2082 3132 arbitrii

497 3166 858 3221 successerint
888 3175 1016 3222 ante
1061 3169 1504 3238 transgressionis
1551 3171 1799 3234 ruinam,
1849 3170 2084 3224 insinuat

2175 1965 2331 2029 tollit,
2363 1964 2593 2019 alterum
2615 1976 2795 2020 autem
2822 1967 3010 2036 gratiae
3038 1966 3237 2020 donum
3265 1965 3528 2035 denegat:
3553 1974 3764 2020 utrum-

2175 2073 2279 2129 que
2313 2057 2702 2128 blaspbemum,
2728 2067 3016 2129 utrumque
3046 2059 3312 2113 catholico
3331 2058 3567 2129 dogmati
3591 2058 3766 2113 claret

2175 2168 2294 2208 esse
2345 2153 2698 2208 contrarium.
2749 2151 3086 2224 Quapropter
3128 2163 3187 2207 ut
3227 2163 3282 2207 et
3335 2151 3530 2206 divinae
3576 2153 3766 2223 gratia:

2177 2261 2372 2300 munus
2398 2244 2773 2311 confiteamur,
2803 2254 2858 2300 et
2893 2245 3109 2300 immani
3145 2245 3318 2300 meriti
3349 2244 3630 2314 praemium
3656 2259 3763 2299 non

2177 2352 2435 2408 negemus
2464 2338 2758 2398 secundum
2803 2339 3039 2393 doctoris
3084 2338 3242 2408 hujus
3285 2337 3638 2392 eruditionem
3671 2337 3770 2391 bo-

2179 2447 2305 2486 num
2328 2431 2470 2500 quod
2491 2431 2748 2502 gerimus,
2773 2440 2827 2485 et
2847 2431 2940 2487 Dei
2966 2445 3084 2485 esse
3110 2431 3374 2496 dicamus,
3407 2439 3462 2486 et
3487 2439 3764 2497 nostrum;

2180 2524 2274 2579 Dei
2299 2533 2518 2594 propter
2545 2523 2776 2595 gratiam
2801 2523 3214 2594 praevenientem
3243 2532 3297 2578 et
3324 2523 3764 2594 subsequentem.

2181 2615 2435 2671 Nostrum
2477 2626 2696 2688 propter
2743 2617 2949 2671 arbitrii
3005 2617 3310 2672 libertatem
3357 2619 3766 2689 obsequentem.

2183 2709 2415 2764 Proinde
2466 2710 2630 2782 igitur
2678 2710 2817 2764 sicut
2862 2710 3000 2764 idem
3051 2710 3238 2766 doctor
3282 2710 3505 2783 ait:[|n
3535 2727 3601 2767 eo
3627 2713 3775 2782 quod

2185 2803 2355 2874 gratia
2378 2805 2735 2874 praevenimur
2755 2803 2848 2858 Dei
2870 2813 2951 2860 est
2977 2822 2989 2858 :
3015 2805 3068 2858 in
3098 2820 3164 2859 eo
3193 2821 3342 2870 vero,
3372 2807 3513 2876 quod
3537 2807 3604 2862 ad
3632 2805 3773 2862 bene

2185 2895 2515 2964 operaudum
2578 2895 2991 2966 praevenientem
3046 2899 3274 2967 gratiam
3328 2898 3624 2966 sequimur,
3676 2913 3774 2954 no-

2186 2993 2358 3040 strum
2385 2994 2468 3040 est
2491 3003 2504 3038 :
2529 3001 2687 3040 nemo
2717 2995 2894 3040 autem
2927 2987 3019 3041 Dei
3067 2987 3295 3057 gratiam
3323 2990 3528 3043 meritis
3556 2999 3775 3046 antece-

2187 3077 2288 3141 dit,
2320 3084 2379 3130 ut
2410 3087 2592 3132 tenere
2618 3094 2740 3134 cum
2773 3079 2924 3147 quasi
2954 3079 3252 3133 debitorem
3285 3079 3495 3153 possit.]
3526 3081 3582 3135 Si
3616 3098 3774 3137 nemo

2187 3169 2400 3225 Domini
2439 3172 2663 3240 gratiam
2710 3171 3000 3229 antecedit.
3026 3186 3126 3226 nec
3161 3172 3214 3224 in
3251 3172 3429 3241 aliquo
3457 3173 3598 3228 bono
3628 3175 3776 3244 quis-

497 3268 621 3308 cum
659 3255 973 3327 subjungit:
1009 3255 1273 3329 [Denique
1320 3259 1523 3314 homini
1571 3273 1666 3328 per
1712 3260 1806 3314 Dei
1855 3260 2084 3330 gratiam
2113 3249 2160 3314 C
2189 3278 2350 3333 quam
2382 3277 2544 3332 opere
2573 3263 2872 3316 debitorem
2902 3277 3024 3316 cum
3057 3269 3239 3316 tenere
3287 3272 3483 3332 potest,
3532 3265 3776 3333 sequitur

473 3341 722 3399 liberum
770 3355 1110 3402 restauratur
1140 3349 1457 3416 arbitrium,
1507 3351 1650 3420 quod
1680 3350 1885 3420 primus
1924 3351 2086 3406 homo

496 3433 822 3504 perdiderat.
857 3436 990 3492 Nam
1017 3438 1107 3493 ille
1145 3439 1334 3494 habuit
1370 3440 1497 3494 boni
1538 3439 1822 3495 inchoaudi
1858 3440 2086 3496 liberum

500 3525 782 3584 arbitrium
807 3569 822 3596 ,
859 3532 999 3600 quod
1034 3540 1212 3587 tamen
1242 3533 1338 3589 Dei
1386 3535 1651 3603 adjutorio
1689 3533 2041 3605 perficeretur
2071 3553 2083 3587 :

501 3636 601 3676 nos
622 3637 750 3679 vero
776 3634 830 3680 et
858 3626 1254 3684 inchoationem
1287 3629 1440 3684 liberi
1469 3630 1703 3696 arbitrii,
1729 3639 1784 3686 et
1804 3630 2088 3700 perfectio-

500 3729 625 3770 nem
655 3716 722 3769 de
774 3716 870 3771 Dei
920 3719 1182 3775 sumimus
1228 3720 1436 3791 gratia;
1485 3721 1610 3791 quia
1655 3730 1708 3776 et
1751 3721 2007 3791 incipere,
2035 3730 2092 3777 et

501 3803 762 3874 perlicere
790 3805 989 3862 bonum
1022 3809 1087 3863 de
1133 3809 1249 3878 ipso
1282 3811 1560 3876 habemus,
1595 3827 1626 3864 a
1665 3827 1774 3882 quo
1807 3821 1861 3866 et
1903 3812 2089 3882 gratiae

503 3897 701 3952 donum
745 3898 951 3965 datum,
995 3908 1051 3954 et
1097 3900 1327 3956 liberum
1374 3902 1657 3957 arbitrium
1697 3903 1757 3968 ἃ)
1805 3902 1960 3958 nobis
2007 3911 2088 3958 cst

504 3989 912 4062 restauratum.]
963 3991 1228 4047 Doeemur
1271 3993 1452 4064 itaque
1495 4001 1620 4049 ante
1663 3994 1857 4049 divinae
1905 3994 2089 4065 gratia:

502 4087 899 4152 perceptionem
929 4084 1087 4155 longe
1115 4101 1214 4141 nos
1254 4086 1437 4157 jacere
1472 4085 1609 4141 infra
1653 4087 1813 4157 primi
1853 4085 2087 4143 hominis

504 4174 888 4230 conditionem.
934 4175 1026 4231 llle
1055 4177 1288 4248 denique
1333 4177 1455 4232 talis
1492 4179 1739 4234 conditus
1784 4178 1988 4243 fuerat,
2030 4186 2091 4232 ut

503 4265 660 4322 liberi
718 4267 927 4323 arbitrii
973 4279 1242 4340 potestate
1286 4268 1512 4338 iustitia:
1561 4271 1759 4327 bonum
1787 4311 1802 4336 ,
1849 4280 1905 4325 et
1953 4269 2088 4325 velle

505 4366 715 4428 posset,
744 4368 800 4414 et
837 4362 1082 4430 operari,
1114 4377 1212 4416 nos
1248 4375 1378 4416 vero
1414 4376 1664 4416 caremus
1692 4369 1959 4430 utroque:
1988 4375 2089 4416 nec

503 4451 648 4506 enim
683 4453 764 4507 vel
805 4452 978 4519 velle,
1034 4452 1116 4508 vel
1172 4453 1350 4510 facere
1408 4453 1609 4508 bonum
1664 4453 1874 4522 adjacet
1909 4453 2085 4519 nobis,

505 4543 609 4598 nisi
647 4544 811 4600 divini
851 4545 1091 4601 muneris
1131 4546 1380 4616 largitate
1421 4545 1582 4602 fuerit
1620 4546 1940 4616 praestitum.
1977 4545 2088 4600 Ma-

2189 3365 2249 3410 ut
2283 3370 2443 3410 omne
2473 3370 2608 3425 opus
2632 3354 2854 3417 bonum,
2887 3362 2940 3407 et
2966 3353 3144 3408 omnis
3190 3362 3337 3408 recta
3387 3353 3630 3409 voluntas
3681 3354 3774 3408 Dei

2190 3449 2360 3520 gratia
2391 3447 2752 3518 prmveniente
2789 3447 3138 3501 conferantur
3169 3447 3373 3502 homini
3401 3466 3412 3501 :
3443 3462 3562 3517 quae
3603 3449 3646 3502 si
3679 3445 3775 3500 Dei

2191 3537 2362 3607 gratia
2397 3538 2726 3600 tribuuntur,
2774 3545 2985 3591 constat
3010 3552 3197 3591 omnes
3239 3536 3408 3592 malos
3449 3552 3570 3592 esse
3619 3546 3776 3592 antc-

2189 3644 2350 3699 quam
2373 3628 2561 3698 gratiae
2585 3628 2724 3683 dono
2752 3629 3096 3698 corrigantur
3120 3645 3133 3682 :
3157 3627 3200 3682 si
3229 3638 3408 3682 autem
3437 3641 3627 3681 omnes
3655 3639 3780 3682 sunt

2192 3720 2318 3774 mali
2374 3730 2660 3790 antequam
2719 3721 2888 3790 gratia
2942 3721 3300 3789 prteveniente
3336 3721 3401 3775 de
3451 3720 3604 3774 malis
3653 3720 3778 3775 boni

2192 3811 2506 3873 eiliciantur,
2539 3811 2712 3866 nullus
2739 3821 2822 3866 est
2847 3813 3038 3876 bonus,
3072 3812 3174 3867 nisi
3201 3827 3361 3881 quem
3396 3813 3568 3883 gratia
3592 3810 3780 3866 fecerit

2190 3907 2409 3960 bonum.
2433 3904 2500 3958 Et
2525 3905 2568 3959 si
2591 3903 2766 3958 nullus
2794 3903 2966 3958 bonus
2988 3913 3090 3968 est,
3121 3904 3224 3959 nisi
3250 3920 3411 3974 quem
3440 3905 3636 3959 bonum
3659 3920 3782 3976 gra-

2194 3997 2265 4051 tia
2291 4003 2534 4066 praestat,
2578 4005 2636 4049 ut
2682 3995 2874 4064 aliquis
2904 3995 3076 4051 bonus
3123 3997 3190 4050 sit
3215 3998 3386 4065 gratia
3416 3997 3777 4067 praevenitur:

2193 4096 2251 4142 ut
2276 4095 2454 4140 autem
2483 4085 2678 4155 aliquis
2708 4101 2812 4140 non
2860 4086 3034 4140 bonus
3054 4085 3346 4151 eﬂiciatur,
3371 4087 3560 4141 eadem
3608 4087 3777 4156 gratia

2191 4179 2477 4239 deseritur,
2511 4178 2708 4246 quibus
2755 4186 2933 4231 autem
2981 4179 3179 4232 donum
3223 4180 3410 4248 gratiae
3460 4181 3677 4245 tribuat,
3727 4190 3781 4235 et

2191 4269 2386 4339 quibus
2415 4269 2710 4324 abscondat
2741 4269 2793 4322 in
2839 4269 2982 4324 illius
3009 4281 3092 4324 est
3115 4269 3340 4339 judicio,
3392 4271 3544 4340 cujus
3588 4281 3642 4324 et
3685 4273 3779 4326 do-

2192 4377 2341 4416 num.
2391 4359 2542 4417 Unde
2595 4368 2650 4415 et
2699 4361 2978 4430 sequitur:
3009 4358 3156 4431 [Sed
3205 4361 3345 4416 miro
3397 4363 3554 4417 modo
3601 4377 3784 4432 aequus

2193 4452 2445 4507 omnibus
2475 4450 2767 4517 Conditor,
2820 4450 2954 4507 alios
3000 4452 3433 4522 praedestinaudo
3480 4454 3780 4526 praeelegit,

2194 4545 2329 4600 alios
2355 4560 2483 4599 vero
2512 4545 2563 4599 in
2589 4545 2700 4599 suis
2747 4545 2928 4613 pravis
2965 4543 3206 4598 moribus
3229 4542 3380 4612 justo
3403 4543 3604 4612 judicio
3635 4546 3786 4598 dere-

504 4651 694 4693 nemus
751 4638 932 4708 itaque
988 4640 1042 4694 in
1099 4640 1337 4710 ejusdem
1403 4649 1550 4695 sorte
1608 4640 1967 4707 conditionis,
2031 4641 2086 4696 in
2121 4609 2167 4670 υ
2192 4634 2405 4704 linquit.
2427 4634 2447 4707 ]
2473 4635 2596 4690 Haec
2617 4644 2700 4689 cst
2722 4635 2885 4706 igitur
2905 4634 3115 4705 gemina
3143 4635 3543 4705 prtedestiuatio
3569 4637 3784 4705 superni

504 4745 668 4799 quam
724 4729 904 4800 lapsus
959 4731 1048 4786 ille
1102 4733 1300 4788 decidit
1352 4741 1474 4804 post
1527 4735 2013 4804 transgressionem
2069 4754 2083 4790 :

497 4831 566 4874 ut
636 4822 782 4878 enim
853 4823 940 4884 illi.
1002 4825 1316 4896 priusquam
1375 4836 1655 4895 peccasset
1685 4868 1698 4892 ,
1757 4836 1813 4882 et
1864 4828 2087 4885 inchoa-

506 4909 622 4975 tio,
679 4920 736 4966 et
790 4917 1185 4972 consummatio
1241 4919 1362 4972 boni
1419 4933 1515 4988 per
1568 4918 1722 4975 liberi
1777 4919 2086 4976 facultatem

507 5001 727 5073 patebat
791 5003 1042 5071 arbitrii;
1113 5007 1186 5061 ita
1247 5017 1370 5077 post
1430 5007 1606 5065 delicti
1677 5019 1884 5066 reatum
1913 5052 1928 5077 ,
1989 5026 2089 5068 nec

500 5088 769 5163 incipere,
821 5108 924 5148 nec
983 5096 1242 5166 perficere
1293 5098 1489 5154 bonum
1534 5098 1608 5155 illi
1652 5100 1903 5170 possibile
1943 5116 2092 5154 man-

512 5183 602 5239 sit.
640 5183 974 5241 lufirmitatis
1017 5187 1282 5258 siquidem
1308 5191 1539 5261 propriae
1564 5191 1718 5260 culpa
1749 5189 2094 5261 premebatur

515 5277 584 5334 ad
622 5276 849 5349 lapsum,
893 5281 986 5350 qui
1039 5281 1209 5337 noluit
1255 5282 1592 5338 rectitudinis
1635 5292 1834 5339 statum
1877 5299 2095 5339 servare

503 5373 642 5427 'ante
676 5381 904 5428 reatum.
934 5371 1044 5428 Nos
1072 5387 1283 5443 quoque
1329 5373 1470 5430 illius
1507 5376 1572 5430 de
1616 5375 1795 5431 radice
1840 5375 2096 5447 germinis

512 5465 811 5536 propagati,
842 5481 966 5542 cum
991 5464 1172 5523 delicti
1201 5467 1448 5538 contagio
1483 5469 1746 5524 traximus
1771 5469 2100 5526 infirmitatis

496 5558 896 5624 ,conditionem,
943 5570 1004 5616 ut
1045 5576 1145 5616 nec
1183 5561 1382 5616 bonum
1412 5562 1666 5618 inchoare
1689 5578 1784 5634 per
1807 5562 2100 5620 voluntatis

517 5649 672 5704 bona;
715 5650 984 5722 possimus
1033 5649 1378 5718 desiderium,
1429 5667 1528 5708 nec
1573 5652 1700 5707 illud
1741 5653 1960 5722 exsequi
2004 5670 2102 5725 per

496 5752 718 5808 ,sancue
730 5741 1030 5797 devotionis
1043 5743 1382 5815 obsequium.
1407 5746 1522 5811 Qua
1545 5745 1610 5800 de
1635 5759 1710 5809 re,
1727 5753 1785 5800 ut
1805 5745 1872 5800 ad
1894 5753 2100 5802 utrum-

517 5853 623 5908 que
653 5836 945 5894 reddemur
986 5837 1164 5896 idonei
1218 5837 1371 5899 liberi
1415 5840 1558 5898 vires
1603 5839 1837 5909 arbitrii,
1867 5855 2000 5912 quas
2045 5841 2099 5896 in

2184 4723 2370 4795 judicii
2403 4723 2594 4778 librata
2621 4723 2954 4789 discrimine,
2984 4723 3238 4779 videlicet
3264 4735 3322 4780 ut
3344 4726 3424 4781 eis
3457 4726 3644 4796 gratiae
3667 4740 3786 4778 mu-

2190 4832 2292 4873 nus
2317 4817 2572 4872 divinitus
2598 4816 2877 4886 largiatur,
2908 4831 3044 4887 quos
3068 4818 3390 4873 aeternitatis
3414 4833 3525 4874 sua:
3554 4817 3785 4874 consilio

2191 4909 2428 4966 caelestis
2454 4917 2642 4964 auctor
2676 4908 2743 4963 ad
2789 4910 2895 4965 hoc
2939 4909 3243 4982 disposuit:
3269 4912 3348 4968 eis
3385 4926 3514 4968 vero
3545 4913 3785 4966 muneris

2191 5003 2352 5073 hujus
2382 5002 2581 5056 donum
2613 5002 2932 5068 abscondat,
2961 5018 3096 5073 quos
3141 5003 3422 5074 dispositio
3457 5003 3672 5074 superni
3692 5001 3784 5072 ju-

2193 5094 2329 5150 dicis
2358 5095 2412 5149 in
2443 5093 2554 5150 suis
2576 5093 2881 5166 relinquere
2909 5095 3267 5165 pravitatibus
3288 5094 3546 5149 decrevit.
3573 5094 3784 5149 Etenim

2196 5192 2323 5247 dum
2353 5190 2723 5260 unusquisque
2751 5190 2914 5262 (sicut
2945 5190 3223 5261 superiora
3250 5186 3540 5260 testantur)
3572 5203 3677 5242 non
3702 5187 3787 5242 sui

2197 5284 2410 5347 merito,
2443 5283 2536 5338 sed
2561 5284 2740 5338 divina
2767 5283 2940 5354 gratia
2971 5284 3037 5338 ad
3066 5266 3355 5337 bonum‘de
3386 5281 3528 5336 malo
3556 5296 3784 5336 conver-

2200 5374 2352 5438 titur,
2385 5373 2473 5429 ille
2503 5373 2871 5428 tantummodo
2900 5374 3076 5445 gratia
3110 5373 3462 5444 praevenitur,
3490 5388 3650 5443 quem
3677 5385 3789 5429 cm-

2202 5463 2338 5520 leste
2358 5463 2621 5534 judicium
2650 5465 2835 5520 statuit
2866 5465 3324 5535 praeveniendum.
3357 5464 3449 5520 Ille
3475 5480 3605 5520 vero
3633 5462 3790 5533 hujus

2203 5563 2436 5618 extorris
2464 5563 2648 5632 gratiae
2676 5562 2963 5627 deseritur,
2991 5578 3152 5633 quem
3180 5577 3445 5633 supernus
3472 5561 3675 5617 arbiter
3700 5561 3792 5617 de-

2203 5658 2372 5713 crevit
2401 5672 2506 5711 non
2538 5656 2998 5727 praeveniendum.
3023 5655 3162 5712 Hinc
3183 5672 3400 5727 quoque
3420 5655 3788 5726 subjungitur:

2205 5749 2394 5824 [Unde
2422 5749 2762 5806 verissimum
2787 5758 2870 5806 est
2895 5749 3084 5820 gratiae
3102 5765 3297 5806 munus
3322 5764 3430 5804 non
3452 5763 3522 5804 ex
3555 5748 3791 5803 humana

2206 5842 2438 5907 virtute,
2469 5841 2553 5897 vel
2597 5856 2664 5898 ex
2714 5842 2906 5900 merito
2957 5840 3204 5915 arbitrii,
3245 5839 3340 5898 sed
3383 5839 3554 5899 solius
3597 5837 3794 5896 divina
