4088 6344
297 375 363 430 65
1261 373 1350 428 DE
1384 370 2062 429 PREDESTINATIONE
2102 370 2238 426 DEI.
2279 400 2349 409 —
2385 369 2516 426 LIB.
2555 370 2621 425 ll.
3511 375 3582 433 66

298 488 558 546 bonitatis
582 486 787 558 pietate
816 483 1060 557 largiri]
1089 483 1300 540 Etenim
1329 501 1452 540 eum
1482 495 1693 541 constet
1726 500 1887 540 omne
1915 491 1965 550 Α
1994 491 2166 537 terum
2198 496 2326 538 vero
2349 481 2576 552 justitiae
2617 479 2907 537 severitate
2948 477 3002 534 in
3044 493 3223 536 massa
3266 482 3584 552 perditionis

299 596 468 654 genus
496 581 794 636 humanum
829 577 881 631 in
911 577 1093 632 radice
1121 591 1231 632 suae
1266 577 1493 648 originis
1535 575 1703 632 fuisse
1736 576 1890 632 dam-

299 682 486 731 natum
533 673 672 728 sicut
715 685 904 727 omnes
953 670 1022 725 ab
1055 685 1162 724 uno
1203 679 1429 740 parente
1477 670 1774 735 nascimur,
1812 668 1890 724 sic

299 780 490 822 omnes
516 765 570 820 in
619 779 727 818 uno
770 763 988 818 homine
1020 763 1212 818 mortis
1261 763 1528 818 sententia
1567 763 1778 818 multati
1801 779 1891 818 su-

299 872 456 912 mus:
483 856 576 926 qui
607 869 735 908 vero
765 853 833 908 ab
863 869 926 908 ea
971 852 1289 920 liberantur,
1317 853 1510 908 divinae
1548 853 1764 924 pietatis
1789 853 1886 908 bo-

299 951 470 1005 nitate
513 948 843 1013 liberantur;
894 946 986 1017 qui
1021 955 1202 1001 antem
1235 946 1303 1001 ab
1332 961 1394 1000 ea
1426 961 1532 1000 non
1572 945 1886 1010 liberantur,

297 1045 349 1099 in
395 1059 461 1100 ea
495 1059 600 1114 qua
633 1042 872 1097 damnati
919 1050 1045 1096 sunt
1077 1041 1348 1097 sententia
1379 1042 1740 1096 dimittuntur.
1779 1039 1890 1096 Nec

297 1137 498 1192 habent
563 1151 666 1190 non
733 1133 943 1188 liberati
1009 1133 1150 1203 quod
1214 1133 1278 1189 de
1349 1131 1710 1187 damnationis
1780 1147 1888 1186 suae

295 1245 454 1305 paena
505 1228 1120 1300 queranturzquoniam
1164 1227 1269 1282 hoc
1311 1227 1392 1282 eis
1435 1226 1694 1288 redditur,
1745 1224 1887 1294 quod

289 1321 434 1390 iuste
482 1329 777 1376 merentur.
823 1319 1035 1374 Habent
1078 1333 1206 1372 vero
1234 1319 1449 1374 liberati
1495 1315 1635 1372 unde
1682 1318 1887 1386 gratias

295 1414 535 1486 ereptori
567 1428 665 1468 suo
695 1412 925 1476 solvant,
972 1412 1226 1482 quoniam
1259 1411 1452 1466 similis
1491 1419 1546 1465 et
1589 1411 1685 1465 hos
1728 1425 1885 1481 poena

292 1505 618 1568 contineret,
649 1503 696 1558 si
723 1502 916 1556 divinae
953 1501 1169 1571 pietatis
1197 1502 1412 1556 bonitas
1445 1501 1525 1555 eis
1553 1516 1660 1554 non
1687 1501 1882 1555 subve-

232 1609 237 1615 '
293 1596 483 1651 nisset.
513 1596 659 1665 Ergo
705 1595 790 1648 cui
827 1594 1014 1664 gratia:
1064 1609 1259 1648 munus
1305 1591 1668 1662 impertiatur,
1701 1599 1756 1645 et
1798 1590 1883 1645 cui

294 1704 400 1743 non
431 1689 705 1743 tribuatur
734 1687 928 1740 divinae
956 1685 1326 1756 dispositionis
1364 1681 1569 1752 judicio
1622 1683 1885 1752 pondera-

294 1789 399 1833 tur.
452 1779 798 1849 Quapropter
845 1787 1071 1848 apparet
1116 1777 1341 1847 gemina:
1388 1773 1884 1846 przedestinationis

1995 575 2343 642 derelictum;
2391 576 2618 632 alterum
2652 576 2762 633 Deo
2806 577 3062 633 dilectum
3099 577 3264 647 fuisse
3289 598 3313 644 ,·
3354 579 3582 638 alterum

1995 677 2179 724 autem
2229 685 2259 723 a
2309 659 2613 725 dilectionis
2653 671 2825 740 gratia
2878 670 3067 742 procul
3119 672 3422 742 repulsum.
3473 674 3586 732 Nec

1995 771 2178 818 tamen
2206 763 2410 834 aliquid
2438 775 2533 820 aut
2571 763 2736 830 hunc,
2761 775 2856 821 aut
2905 766 3054 821 illum
3083 766 3283 838 egisse,
3314 768 3456 825 unde
3498 769 3585 827 vel

1994 856 2082 911 ille
2131 856 2304 928 diligi,
2355 856 2441 911 vel
2470 857 2559 912 hic
2593 857 2719 912 odio
2769 856 2956 913 haberi
3005 858 3318 915 meruisset.
3379 861 3484 917 Sed
3528 861 3586 919 in

1992 958 2223 1020 utroque
2253 950 2450 1006 divina:
2479 949 2852 1020 dispositionis
2866 950 3127 1021 judicium
3159 952 3431 1009 diversam
3467 971 3583 1012 me-

1993 1041 2221 1096 ritorum
2243 1049 2443 1096 sortem
2472 1033 2734 1104 exhibuit,
2767 1053 2827 1095 ut
2853 1040 3021 1097 Jacob
3049 1043 3307 1101 videlicet
3331 1045 3584 1118 eligeret,

1991 1132 2137 1187 Esau
2172 1149 2302 1188 vero
2325 1135 2662 1204 reprobaret.
2687 1133 2840 1202 Quod
2867 1134 2934 1189 de
2969 1134 3178 1191 duobus
3223 1139 3456 1209 geminis
3499 1139 3582 1195 di-

1994 1228 2119 1282 vina
2149 1229 2471 1283 auctoritate
2499 1229 2757 1284 docemur
2786 1230 2955 1285 Deum
2991 1228 3210 1297 fecisse,
3249 1232 3351 1288 hoc
3370 1249 3586 1305 quoque

1991 1323 2057 1378 de
2088 1323 2344 1378 universo
2372 1325 2589 1395 generis
2629 1325 2851 1379 humani
2889 1340 3120 1396 corpore
3155 1326 3394 1381 divinam
3423 1344 3586 1400 agere

1993 1414 2404 1484 dispositionem
2429 1415 2675 1472 dubitare
2697 1431 3037 1487 nequaquam
3082 1417 3358 1474 debemus.
3402 1418 3587 1492 Neque

1991 1506 2137 1561 enim
2163 1508 2582 1578 dispensationis
2625 1524 2736 1564 sua:
2785 1507 3254 1579 gubernationem,
3289 1526 3395 1580 qua
3434 1527 3588 1566 mun-

1990 1600 2116 1654 dum
2149 1602 2285 1672 regit
2314 1602 2649 1670 universum,
2675 1601 2812 1656 infra
2846 1604 3075 1657 duorum
3108 1603 3385 1669 hominum
3417 1619 3589 1676 angu-

1990 1690 2123 1745 stias
2171 1693 2486 1746 coarctavit.
2539 1691 2738 1748 Verum
2784 1694 2838 1748 in
2869 1694 3058 1762 paucis
3093 1709 3192 1749 nos
3219 1695 3440 1750 erudire
3472 1710 3586 1751 cm-

1990 1780 2142 1837 lestis
2186 1782 2472 1853 prudentia
2523 1785 2726 1850 voluit,
2773 1787 2902 1856 quid
2951 1786 3018 1840 de
3071 1787 3339 1842 universis
3383 1788 3587 1844 sentire

293 1886 410 1926 esse
459 1885 767 1932 censuram.
816 1869 1071 1938 quoniam
1103 1867 1240 1921 alter
1281 1881 1466 1919 eorum
1494 1866 1628 1920 ordo
1655 1873 1756 1929 εει,
1794 1863 1888 1933 ιιιιὶ
1917 1867 1966 1928 Β
1993 1876 2274 1932 debemus.
2315 1875 2469 1933 Unde
2522 1878 2744 1934 caeleste
2791 1880 3070 1934 oraculum
3119 1881 3281 1934 matri
3331 1880 3385 1934 in
3431 1889 3586 1936 utero

292 1977 386 2032 per
409 1961 644 2032 gratiam
673 1961 994 2024 liberantur,
1025 1969 1079 2013 et
1106 1958 1245 2012 alter
1269 1974 1453 2012 eorum
1481 1957 1572 2026 qui
1604 1957 1703 2011 sub
1728 1955 1883 2010 dam-

293 2053 530 2107 nationis
566 2066 677 2106 suae
708 2050 977 2105 sententia
1007 2051 1346 2105 deseruntur.
1377 2047 1634 2117 Sequitur
1660 2057 1838 2101 autem
1865 2063 1880 2101 :

289 2144 542 2218 [Quidam
572 2144 718 2199 enim
746 2143 1068 2214 gratissimae
1091 2141 1475 2197 misericordia?
1517 2139 1634 2209 ejus
1675 2155 1886 2215 praavee

289 2239 489 2293 nientis
529 2237 732 2292 auxilio
770 2236 1082 2300 salvantur,
1127 2233 1302 2289 eil‘ecti
1345 2254 1363 2284 ‹
1409 2247 1536 2288 vasa
1577 2233 1886 2289 misericor-

289 2331 417 2386 diae:
457 2352 475 2384 ι
515 2331 734 2401 quidam
762 2345 892 2384 vero
920 2330 1136 2399 reprobi
1172 2329 1239 2384 ad
1266 2342 1480 2399 poenam
1511 2327 1882 2398 praedestinati

289 2424 654 2489 damnantur,
696 2422 872 2478 effecti
918 2440 936 2472 ι
994 2437 1123 2476 vasa
1171 2422 1283 2476 iraa.
1319 2419 1396 2492 ει]
1455 2419 1556 2486 Qui
1607 2419 1884 2475 salvantur

289 2516 638 2586 gratiae'dono
660 2513 970 2579 salvantur;
1003 2513 1095 2582 qui
1127 2521 1307 2568 autem
1339 2527 1370 2566 a
1393 2511 1566 2566 salute
1599 2519 1886 2566 remanent

287 2609 465 2672 alieni,
497 2624 604 2663 non
634 2607 785 2662 fuere
816 2606 884 2662 de
913 2621 1142 2660 numero
1174 2607 1242 2660 ad
1270 2605 1499 2660 salutem
1526 2605 1882 2674 praedestina-

287 2708 482 2755 torum.
525 2698 606 2753 llli
636 2698 868 2769 denique
914 2698 1080 2753 divini
1125 2699 1368 2752 muneris
1410 2697 1720 2768 dignatione
1756 2705 1882 2751 sunt

287 2793 410 2849 facti
441 2813 459 2844 ι
493 2809 623 2848 vasa
648 2792 1068 2857 misericordiae;
1108 2810 1125 2843 ›
1155 2791 1244 2847 isti
1271 2805 1403 2845 vero
1425 2792 1692 2845 sententia
1720 2790 1881 2860 justae

287 2885 650 2942 damnationis
671 2882 847 2939 effecti
876 2903 894 2935 ι
923 2898 1054 2939 vasa
1079 2884 1173 2938 ira:
1201 2900 1213 2936 :
1255 2902 1274 2935 ι
1304 2882 1520 2951 utrique
1544 2881 1724 2952 itaque
1743 2898 1880 2952 prae-

287 2975 571 3039 destinati;
615 2975 742 3044 quia
787 2983 843 3029 et
892 2974 992 3040 illi,
1027 2954 1319 3043 qui'salute
1367 2971 1514 3043 digni
1554 2970 1878 3037 efﬁciuntur,

284 3085 349 3125 ex
391 3071 886 3142 praedestinationis
913 3073 1189 3142 proposito
1221 3090 1240 3123 ‹
1275 3087 1406 3126 vasa
1437 3070 1823 3126 misericordia
1853 3088 1871 3121 ›

285 3162 458 3218 eil‘ecti
486 3173 636 3230 sunt,
664 3175 720 3220 et
740 3165 848 3231 isti,
883 3165 973 3234 qui
999 3165 1171 3221 salute
1199 3165 1501 3221 redduntur
1524 3163 1764 3234 indigni,
1796 3161 1873 3216 si-

1990 1969 2231 2036 habenti,
2285 1978 2341 2026 et
2391 1984 2552 2042 super
2582 1971 2786 2026 eisdem
2843 1971 3085 2042 parvulis
3135 1973 3434 2027 sciscitanti
3462 1973 3582 2027 ait:

1994 2083 2014 2116 ι
2046 2063 2174 2117 Duae
2203 2072 2392 2134 gentes
2427 2063 2480 2117 in
2511 2073 2666 2118 utero
2717 2075 2809 2118 tuo
2855 2073 3004 2129 sunt,
3055 2071 3112 2119 et
3154 2063 3261 2119 duo
3299 2065 3478 2136 pepuli
3517 2080 3586 2120 ex

1988 2164 2144 2210 utero
2172 2163 2264 2209 tuo
2310 2154 2657 2226 egredientur
2701 2153 2854 2224 (Cen.
2889 2172 3015 2221 xxv,
3043 2155 3164 2227 23),
3206 2156 3258 2211 id
3286 2165 3371 2212 est
3411 2158 3582 2229 figura

1987 2250 2100 2305 sive
2124 2249 2406 2321 prophetia
2429 2250 2658 2304 duorum
2687 2248 3006 2319 populorum
3040 2268 3052 2302 :
3102 2264 3278 2318 neque
3317 2249 3466 2304 enim
3509 2249 3584 2305 illi

1989 2341 2096 2397 duo
2125 2340 2305 2412 populi
2336 2349 2583 2410 poterant
2613 2340 2896 2412 appellari,
2927 2341 3019 2396 sed
3045 2341 3294 2416 appellati
3325 2350 3452 2396 sunt
3490 2357 3586 2396 no—
3630 2368 3634 2371 -

1988 2434 2157 2498 mine,
2186 2433 2328 2502 quod
2363 2433 2624 2504 gerebant
2671 2432 2962 2504 mysterio;
3004 2431 3255 2488 videlicet
3297 2433 3425 2488 dicti
3460 2442 3586 2488 sunt

1974 2525 2092 2581 ‘duo
2143 2523 2358 2594 populi,
2405 2524 2662 2594 quoniam
2706 2524 2872 2580 totius
2923 2525 3145 2580 humani
3186 2525 3400 2596 generis
3451 2526 3585 2596 figu-

1985 2632 2103 2670 ram
2131 2616 2411 2686 gerebant,
2439 2617 2494 2672 in
2524 2616 2660 2672 duas
2689 2625 2864 2672 sortes
2897 2626 3154 2687 tanquam
3179 2617 3232 2670 in
3254 2615 3389 2671 duos
3416 2631 3585 2688 popu-
3637 2615 3652 2628 “

1981 2707 2063 2764 los
2091 2692 2402 2771 distributi,
2444 2723 2609 2763 unam
2659 2707 2912 2763 videlicet
2949 2708 3248 2764 electorum
3276 2748 3292 2773 ,
3337 2723 3457 2778 qua:
3481 2709 3582 2764 sub

1981 2797 2152 2854 Iacob
2184 2839 2199 2866 ,
2242 2798 2466 2853 alteram
2518 2797 2872 2868 reproborum
2921 2813 3042 2867 qua:
3077 2797 3180 2852 sub
3222 2797 3367 2853 Esau
3403 2798 3582 2868 specie

1981 2890 2336 2962 ﬁgurabatur.
2379 2889 2481 2958 Qui
2527 2891 2634 2945 duo
2677 2889 2860 2961 populi
2885 2891 3095 2946 duabus
3131 2906 3346 2961 quoque
3391 2891 3582 2947 civita-

1981 2983 2122 3039 tibus
2158 2997 2257 3053 per
2297 2992 2610 3039 sanctamm
2661 2984 2887 3054 paginas
2929 2982 3377 3055 Scripturarum,
3420 2982 3579 3040 Jeru-

1979 3075 2145 3131 salem
2201 3075 2454 3131 videlicet
2502 3090 2565 3131 ac
2610 3075 2887 3147 Babylon,
2953 3075 3350 3147 signiﬁcantur.
3412 3075 3581 3149 Igitur

1981 3167 2441 3236 quemadmodum
2481 3167 2710 3222 duorum
2763 3166 3103 3238 geminorum
3153 3167 3399 3224 videmus
3445 3167 3582 3223 alte-

287 3259 486 3314 militer
532 3275 601 3315 ex
655 3259 1145 3330 przedestinationis
1199 3260 1480 3329 proposito
1535 3255 1710 3311 effecti
1754 3263 1881 3310 sunt
1907 3247 1952 3312 C
1984 3273 2104 3314 rum
2134 3257 2353 3328 quidem
2383 3257 2665 3314 electionis
2689 3259 2866 3328 gratia
2913 3258 3191 3330 dilectum
3217 3260 3447 3314 alterum
3489 3273 3581 3315 ve-

293 3367 313 3400 σ
347 3366 479 3406 vasa
511 3351 627 3404 iraa.
660 3369 680 3402 ι
714 3349 992 3421 Siquidem
1032 3351 1172 3406 sicut
1216 3349 1497 3420 proposuit
1527 3348 1710 3403 divina
1751 3362 1878 3402 cen-

288 3458 431 3507 sura,
466 3457 606 3513 quos
633 3444 822 3513 gratias
850 3458 961 3497 sua:
986 3443 1128 3497 dono
1149 3441 1495 3512 justifiearet,
1540 3441 1620 3497 sic
1665 3454 1879 3511 quoque

285 3536 570 3604 proposuit
599 3550 737 3604 quos
760 3535 826 3589 ab
853 3534 1012 3602 hujus
1037 3536 1227 3606 gratia:
1249 3548 1472 3588 munere
1491 3548 1691 3588 vacuos
1718 3531 1879 3587 relin-

288 3636 498 3694 queret.
525 3625 694 3694 Cujus
721 3625 1212 3696 praedestinationis
1243 3625 1518 3695 geminum
1560 3623 1748 3678 doctor
1775 3622 1878 3676 iste

289 3718 678 3772 commendans
726 3719 1086 3788 propositum,
1134 3718 1200 3772 de
1240 3717 1536 3782 electorum
1587 3715 1762 3769 salute
1799 3713 1878 3768 sic

289 3811 464 3866 intulit
495 3827 510 3865 :
542 3811 793 3884 [Quidam
827 3813 970 3865 enim
1016 3810 1326 3883 gratissimo
1353 3805 1736 3863 misericordiae
1762 3804 1878 3874 ejus

287 3903 671 3972 pnevenientis
695 3901 895 3957 auxilio
920 3902 1215 3964 salvantur,
1245 3899 1424 3955 effecti
1451 3917 1470 3950 ι
1507 3913 1635 3952 vasa
1666 3897 1876 3952 miseri-

288 3994 502 4048 cordiae.
541 4014 558 4045 ι
597 3993 738 4048 Ecce
786 3994 947 4048 unius
976 3991 1468 4064 prmdestinationis
1514 3990 1872 4061 propositum,

287 4088 426 4156 quod
457 4087 849 4152 commendans
870 4086 1161 4157 Apostolus
1190 4087 1266 4140 ait
1297 4103 1311 4139 :
1346 4105 1363 4137 ι
1407 4085 1554 4152 Quos
1583 4083 1871 4154 prmscivit,

287 4177 387 4232 hos
412 4188 470 4232 et
496 4177 904 4247 praedestinavit
949 4175 1128 4248 (Rom.
1179 4187 1310 4238 VIII,
1352 4174 1465 4244 29).
1504 4192 1522 4224 ι
1556 4175 1627 4227 At
1649 4187 1780 4227 vero
1809 4172 1876 4226 de

288 4268 640 4338 reproborum
690 4267 1040 4322 damnatione
1081 4267 1271 4321 doctor
1317 4265 1554 4320 lsidorus
1580 4267 1651 4318 ita
1697 4264 1872 4318 dicit:

284 4362 516 4430 Quidam
538 4378 666 4417 vero
696 4361 970 4432 reprobati
999 4359 1066 4414 ad
1099 4374 1316 4429 pinnam
1337 4358 1701 4428 praedestinati
1725 4357 1875 4411 dam-

285 4467 506 4521 nantur,
537 4454 713 4511 effecti
748 4475 766 4508 ‹
786 4470 913 4510 vasa
942 4455 1052 4519 irae,
1091 4473 1108 4504 ι
1141 4453 1490 4508 nihilominus
1525 4451 1669 4505 aliud
1694 4459 1875 4506 osten—

287 4554 419 4605 dens
461 4550 952 4622 pnedestinationis
1015 4547 1368 4618 propositum.
1439 4545 1684 4601 Doctoris
1744 4559 1873 4615 ergo

1983 3365 2046 3405 ro
2095 3350 2392 3405 severitate
2448 3349 2675 3420 justitiae
2731 3350 2856 3406 odio
2908 3349 3156 3406 habitum
3209 3368 3222 3404 :
3287 3351 3366 3406 sic
3413 3351 3578 3406 nimi-

1983 3457 2107 3495 rum
2162 3440 2576 3512 intelligendum
2627 3450 2712 3496 est
2763 3441 3044 3497 electionis
3096 3441 3349 3513 populum
3403 3443 3578 3514 gratia

1981 3532 2165 3588 divina
2213 3532 2501 3596 salvatum,
2554 3533 2910 3600 reproborum
2944 3541 3126 3587 autem
3175 3533 3577 3589 multitudinem

1979 3625 2223 3696 caelestis
2255 3625 2486 3694 justitiae
2512 3624 2807 3680 severitate
2839 3626 3178 3692 damnatam,
3200 3635 3361 3697 atque
3387 3627 3442 3682 in
3492 3628 3576 3682 di-

1979 3715 2118 3772 vinae
2177 3716 2554 3787 dispositionis
2595 3715 2802 3786 judicio
2859 3717 3138 3772 deﬁnitum
3188 3732 3349 3788 quem
3403 3718 3574 3788 gratia

1979 3809 2171 3873 salvet,
2209 3818 2303 3864 aut
2325 3824 2486 3878 quem
2511 3806 2723 3877 justitia
2753 3808 2992 3864 damnet.
3025 3807 3166 3864 Hinc
3193 3823 3410 3880 quoque
3449 3809 3578 3865 bea-

1983 3909 2067 3956 tus
2105 3900 2372 3956 Isidorust
2395 3899 2558 3955 infert
2604 3917 2618 3954 :
2666 3898 2844 3973 [Unde
2888 3914 3228 3971 consequens
3281 3909 3368 3955 est
3415 3899 3579 3956 nullis

1977 3990 2437 4063 praevenientibus
2482 3990 2694 4046 meritis
2733 3989 2970 4046 conferri
3015 3993 3267 4059 gratiam,
3317 3992 3411 4048 sed
3461 3992 3577 4048 sola

1976 4086 2258 4141 vocatione
2314 4083 2531 4150 divina,
2600 4098 2777 4154 neque
2830 4098 3156 4154 quemquam
3203 4083 3409 4139 salvari
3460 4083 3577 4140 sive

1977 4175 2246 4239 damnari,
2276 4175 2382 4230 nisi
2427 4189 2495 4229 ex
2531 4174 2806 4245 proposito
2835 4175 3271 4245 praedestinantis
3313 4175 3430 4250 Dei,
3477 4175 3572 4245 qui

1969 4266 2150 4337 justus
2169 4275 2252 4323 est
2278 4268 2331 4321 in
2359 4267 2683 4336 reprobatis,
2716 4266 3028 4322 misericors
3051 4267 3106 4322 in
3136 4266 3326 4322 electis
3354 4281 3369 4320 :
3409 4266 3574 4322 «Uni-

1975 4379 2146 4420 versae
2176 4363 2277 4418 via:
2329 4361 2544 4416 Domini
2588 4360 2991 4424 misericordia,
3041 4369 3090 4415 et
3142 4359 3344 4414 veritas
3396 4355 3569 4430 (Psal.

1976 4453 2298 4527 xxiv,10).]
2339 4473 2357 4506 ι
2397 4452 2455 4508 Si
2480 4453 2624 4508 enim
2651 4451 2820 4508 Jacob
2861 4451 3189 4524 justilicatus
3220 4450 3436 4520 quidem
3466 4457 3570 4512 est,

1976 4549 2140 4604 nullis
2169 4556 2349 4601 tamen
2391 4545 2825 4617 praecedentibus
2872 4544 3101 4606 meritis,
3132 4543 3226 4597 sed
3257 4541 3371 4596 sola
3404 4555 3570 4594 voca-

288 4642 445 4696 istius
478 4642 812 4697 institutione
853 4641 1232 4712 cognoscimus
1273 4637 1556 4694 manifeste
1601 4639 1868 4706 geminam
1897 4614 1950 4673 σί)
1979 4643 2122 4696 tione
2144 4641 2342 4702 divina,
2378 4653 2717 4707 consequens
2744 4644 2827 4691 est
2865 4644 2925 4690 ut
2971 4649 3158 4689 omnes
3203 4631 3360 4687 electi
3407 4630 3568 4684 nullis

287 4733 838 4802 praedestinationem,
865 4746 1024 4801 quam
1054 4730 1217 4784 etiam
1245 4729 1346 4783 sub
1368 4728 1617 4797 exemplo
1644 4729 1872 4780 duorum

287 4827 624 4894 geminorum
646 4807 977 4880 confirmans
1003 4822 1323 4878 subintulit:
1351 4820 1502 4888 Quod
1545 4821 1610 4874 de
1649 4819 1790 4873 Esau
1819 4826 1873 4873 et

287 4918 453 4974 Jacob
480 4920 710 4974 necdum
753 4919 896 4972 natis
923 4917 1222 4988 colligitur,
1260 4917 1353 4987 qui
1384 4917 1511 4970 dum
1543 4922 1728 4969 essent
1763 4928 1872 4966 una

287 5012 642 5082 conceptione
680 5022 734 5066 et
754 5021 907 5082 partu
937 5011 1089 5075 editi,
1122 5010 1344 5079 parique
1367 5024 1506 5064 nexu
1529 5008 1732 5077 peccati
1759 5008 1872 5062 ori-

290 5104 483 5174 ginalis
514 5102 746 5167 astricti,
777 5102 1005 5157 alterum
1035 5110 1431 5170 tamenieorum
1467 5100 1534 5153 ad
1561 5115 1620 5154 se
1662 5099 1874 5154 miseri-

290 5199 488 5254 cordiae
534 5197 732 5252 divina:
776 5197 1115 5267 przeveniens
1163 5194 1380 5250 bonitas
1421 5193 1655 5264 gratuita
1702 5192 1873 5263 gratia

294 5295 486 5357 traxit,
511 5292 741 5346 alterum
766 5291 998 5361 quadam
1026 5288 1251 5358 justitia:
1281 5288 1572 5342 severitate
1611 5287 1736 5342 odio
1775 5287 1872 5340 ha-

292 5385 460 5441 bitum
489 5386 543 5440 in
591 5400 770 5440 massa
805 5383 1122 5454 perditionis
1165 5381 1412 5437 relictum
1450 5379 1755 5444 damnavit;
1797 5378 1875 5434 sic

293 5487 345 5532 et
366 5493 462 5548 per
482 5477 804 5549 prophetam
854 5475 995 5531 idem
1044 5475 1307 5529 Dominus
1355 5472 1593 5542 loquitur
1645 5471 1868 5526 dicens:

298 5589 317 5622 ι
350 5569 517 5626 Iacob
548 5570 735 5636 dilexi,
790 5570 928 5624 Esau
960 5579 1140 5624 autem
1169 5568 1294 5623 odio
1321 5567 1503 5621 habui.
1548 5564 1595 5638 ι]
1626 5562 1873 5620 Ostendit

295 5663 476 5734 itaque
501 5665 688 5720 doctor
712 5663 1010 5718 catholicus
1033 5671 1326 5731 utrumque
1358 5659 1580 5714 fratrem
1612 5656 1731 5728 pari
1759 5656 1874 5728 lege

295 5755 549 5810 nascendi
576 5755 739 5810 simili
777 5755 1087 5811 conditione
1126 5753 1336 5824 peccati
1373 5750 1540 5806 fuisse
1573 5750 1871 5815 devinctos,

295 5848 526 5905 alterum
549 5864 736 5906 eorum
761 5849 1000 5906 caelestis
1025 5848 1210 5920 gratiae
1239 5860 1460 5902 munero
1484 5845 1764 5908 salvatum,
1795 5844 1874 5901 al-

1976 4732 2413 4803 pmcedentibus
2445 4729 2848 4797 ,meritis,gsed
2897 4727 3010 4783 sola
3051 4724 3334 4780 vocatione
3384 4723 3566 4777 divina

1969 4828 2355 4898 justificentur,
2395 4832 2456 4877 ut
2482 4822 2624 4892 quod
2647 4821 2699 4875 in
2726 4835 2835 4876 uno
2861 4818 3168 4888 accepimus
3193 4817 3394 4871 factum
3416 4853 3431 4879 ,
3464 4814 3567 4870 hoc

1975 4921 2029 4976 in
2084 4919 2337 4974 universo
2382 4915 2681 4970 electorum
2739 4926 2966 4967 numero
3014 4923 3404 4980 cognoscamus
3455 4906 3560 4978 agi.

1975 5015 2222 5082 Dumque
2248 5008 2380 5064 dicit
2403 5019 2842 5075 unumquemque
2880 5001 3078 5057 salvari
3118 5001 3233 5056 sive
3262 4999 3561 5074 reprobari,

1976 5106 2098 5177 eligi
2125 5104 2209 5160 vel
2235 5100 2510 5174 reprobari
2540 5115 2605 5153 ex
2643 5095 2921 5168 proposito
2957 5093 3395 5165 praedestinantis
3442 5091 3557 5155 Dei,

1977 5201 2132 5255 docet
2160 5193 2444 5252 manifeste
2473 5190 2702 5264 geminis
2743 5186 3236 5258 praedestinationis
3277 5197 3557 5240 arcanum.

1978 5291 2162 5362 Neque
2213 5293 2358 5346 enim
2409 5285 2534 5342 novi
2589 5283 2943 5354 conceptione
2991 5280 3223 5346 consilii,
3279 5286 3374 5333 aut
3416 5278 3560 5332 hunc

1977 5385 2170 5450 salvat,
2199 5383 2348 5438 illum
2393 5381 2630 5445 damnat,
2663 5386 2756 5433 aut
2792 5377 2936 5433 hunc
2969 5375 3137 5447 eligit,
3184 5373 3350 5430 illum.
3378 5385 3560 5443 repro-

1978 5479 2071 5534 bat
2095 5495 2108 5531 :
2137 5491 2322 5532 verum
2352 5475 2426 5529 ita
2451 5473 2517 5528 de
2558 5471 2784 5545 singulis
2815 5486 2913 5541 per
2939 5479 3244 5540 temporum
3290 5471 3559 5521 momenta

1981 5567 2219 5626 decrevit
2239 5583 2254 5632 ;
2279 5566 2421 5620 sicut
2438 5565 2491 5619 in
2507 5563 2831 5619 aeternitatis
2845 5577 2955 5617 suae
2974 5559 3206 5617 consilio
3227 5567 3354 5612 ante
3377 5555 3556 5612 omnia

1983 5669 2224 5729 tempora
2252 5655 2682 5726 przedestinavit,
2699 5653 2841 5709 sicut
2853 5659 2910 5707 et
2923 5651 2990 5707 de
3003 5665 3070 5706 eo
3084 5648 3364 5719 Scriptura
3387 5644 3520 5702 dicit
3541 5660 3555 5698 :

1989 5770 2007 5802 ε
2032 5748 2406 5818 Quifecitqua:
2428 5746 2604 5802 fultura
2621 5755 2744 5802 sunt
2773 5744 2909 5816 (lsa.
2929 5759 3054 5807 xcv,
3081 5743 3139 5797 ll
3180 5757 3282 5795 sec.
3300 5734 3470 5807 LXX)
3495 5753 3510 5791 :
3532 5754 3552 5790 ι

1985 5843 2036 5897 id
2067 5850 2150 5897 est
2182 5841 2362 5897 omnia
2388 5855 2507 5910 quae
2529 5839 2841 5897 diversitate
2874 5835 3170 5893 labentium
3206 5842 3503 5902 temporum
3526 5845 3571 5910 α,
