4088 6344
531 438 595 497 67

1564 426 1923 494 suasum
1959 398 2409 494 coaustsNSIs
2448 430 2749 491 MONACHI
3714 434 3809 492 σε’

535 554 760 609 Domino
790 526 942 618 llunt,
999 522 1052 606 in
1094 530 1567 623 praedestinatipne
1614 550 1916 607 divinitatis
1960 549 2102 605 facta
2208 549 2379 613 navit,
2412 549 2464 603 id
2496 555 2579 603 est
2622 546 3018 616 praeordinavit,
3048 562 3141 602 eos
3177 547 3243 601 ad
3275 547 3613 617 supplicium,
3662 565 3785 619 qure

532 660 745 715 semper
774 632 1010 700 fuerunt.
1032 643 1243 709 Habent
1265 644 1483 715 quidem
1510 658 1672 713 opera
1688 642 1782 698 Dei
1805 642 2102 698 secundum

531 745 709 792 status
738 736 820 791 sui
848 735 1176 790 creationem
1203 746 1340 789 nova
1370 733 1666 803 principia,
1700 747 1884 788 verum
1914 747 2106 788 secun-

534 829 658 882 dum
681 826 953 893 Creatoris
1000 816 1411 895 dispositionem
1451 801 1725 894 nunqu‘am
1774 837 1895 878 esse
1922 837 2102 878 cessa-

537 925 695 983 runt,
739 926 796 970 nt
841 930 1146 986 quanquam
1196 916 1249 970 in
1297 915 1613 971 substantiae
1655 929 1767 969 suae
1816 915 1996 984 specie
2038 929 2105 969 ex

535 1016 773 1077 tempore
802 1005 1092 1075 coepissent
1139 1004 1389 1068 existere,
1422 1019 1697 1074 nunquam
1725 1011 1902 1058 tamen
1948 1012 2107 1058 teter-

534 1114 600 1153 na
632 1098 893 1167 sapientia
928 1096 1275 1166 temporalem
1306 1088 1653 1166 sumpserunt
1684 1096 2103 1175 inchoationem.

534 1190 597 1244 Et
634 1191 756 1260 quia
775 1191 1036 1245 honorum
1061 1188 1273 1253 electio,
1299 1189 1668 1258 malorumque
1696 1188 2022 1258 reproliatio,
2050 1187 2106 1241 in

536 1284 727 1339 divina:
750 1283 1001 1337 consistit
1028 1282 1395 1353 dispositionis
1424 1281 1668 1344 consilio,
1695 1280 1836 1335 sicut
1855 1280 2105 1334 universa

536 1375 847 1447 priusquam
880 1374 1009 1427 (iant
1054 1373 1196 1429 facta
1230 1382 1352 1429 sunt
1404 1390 1432 1428 a
1478 1374 1604 1438 Deo,
1638 1373 1718 1428 sic
1750 1373 2000 1426 nimirum
2052 1368 2106 1425 et

530 1454 645 1521 hate
678 1464 1127 1533 quemadmodum
1161 1464 1213 1520 in
1244 1460 1528 1518 eﬂicientia
1558 1479 1657 1533 per
1698 1461 1937 1533 singulos
1966 1471 2105 1516 tem-

530 1556 785 1627 poraliter
814 1556 1128 1619 actitantur,
1162 1554 1302 1625 apud
1345 1554 1627 1609 Dominum
1674 1568 1888 1624 semper
1915 1551 2105 1608 eﬂ‘ecta

530 1654 864 1701 manserunt.
896 1645 1027 1713 Quis
1072 1660 1305 1714 namque
1351 1645 1417 1700 ad
1461 1644 1742 1700 electionis
1784 1644 2011 1716 gratiam
2037 1660 2105 1699 ex

530 1748 770 1809 tempore
799 1736 960 1792 fuerit
986 1736 1374 1802 assumendus,
1420 1750 1633 1807 semper
1676 1737 1730 1790 in
1778 1735 1973 1789 divina:
2012 1750 2105 1790 sa-

525 1831 739 1902 pientiae
769 1829 1116 1900 dispositione
1144 1828 1342 1882 mansit
1372 1837 1697 1898 assumptus,
1725 1830 1955 1899 quisque
1977 1842 2105 1884 vero

2206 648 2384 695 tamen
2412 639 2813 709 praeordinatio,
2841 638 2954 693 sive
2975 639 3395 707 praedestinatio,
3421 654 3524 694 non
3561 653 3655 695 eos
3682 655 3783 696 ne-

2206 728 2456 784 cessitate
2475 729 2705 798 quadam
2729 727 3070 798 constringit,
3093 728 3179 783 vel
3204 728 3428 799 impellit
3452 729 3517 783 ad
3533 744 3746 799 poenam
3767 749 3781 784 :

2205 820 2450 890 quamvis
2477 833 2696 875 necesse
2726 820 2797 875 sit
2822 818 2960 884 fieri,
2987 820 3129 889 quod
3174 819 3313 874 Deus
3360 818 3782 890 praedestinavit,
3862 866 3869 873 .

2206 923 2307 964 nec
2336 909 2504 979 possit
2533 909 2748 972 mutari,
2777 909 2920 978 quod
2947 909 3230 979 dispesuit,
3263 924 3362 965 nec
3390 909 3550 964 aliter
3575 911 3790 966 ccutia-

2206 1006 2317 1071 gat,
2366 1014 2526 1069 quam
2576 999 2863 1054 ordinavit.
2909 997 3044 1054 Cum
3077 1001 3223 1055 enim
3272 1001 3456 1056 omnia
3505 1003 3676 1068 novit,
3733 1011 3791 1059 et

2206 1097 2340 1151 nihil
2380 1112 2504 1151 eum
2530 1097 2699 1167 possit
2741 1096 2928 1160 latere,
2960 1096 3193 1166 disponit
3223 1096 3288 1153 de
3317 1098 3568 1154 omnibus
3586 1110 3786 1154 secutu-

2207 1188 2332 1243 dum
2362 1188 2655 1245 voluntatis
2680 1204 2790 1243 suae
2812 1188 3096 1244 consilium
3115 1188 3262 1257 justo
3282 1188 3505 1259 judicio.
3539 1190 3789 1259 quamvis
3834 1224 3839 1227 -

2207 1278 2525 1335 mortalibus
2550 1279 2815 1335 abswnso
2837 1295 2852 1333 :
2875 1288 2931 1334 ut
2961 1289 3141 1336 autem
3172 1282 3544 1351 unusquisque
3572 1282 3640 1336 ad
3667 1296 3787 1353 pm—

2207 1386 2307 1428 nas
2350 1373 2636 1443 deputetur
2682 1375 3057 1445 sempiternas,
3105 1388 3209 1428 non
3260 1384 3341 1428 est
3391 1389 3453 1429 ex
3502 1374 3788 1444 iniquitate

2201 1462 2514 1535 iudicantis,
2573 1464 2666 1518 sed
2707 1480 2774 1520 ex
2813 1464 3021 1535 justitia
3061 1465 3419 1521 decernentis.
3457 1465 3615 1522 Tales
3642 1467 3786 1521 enim

2208 1555 2356 1609 novit
2383 1569 2474 1609 eos
2505 1568 2640 1625 quos
2679 1554 2744 1608 ad
2772 1568 2962 1624 pmnas
2989 1553 3268 1624 disposuit,
3308 1564 3367 1609 nt
3398 1555 3543 1626 digni
3582 1564 3784 1617 essent,

2208 1644 2276 1701 de
2302 1646 2498 1715 quibus
2525 1646 2604 1700 sic
2640 1645 3048 1715 disponeretur:
3074 1646 3288 1717 propria
3328 1649 3471 1701 enim
3512 1647 3787 1703 voluntate

2204 1736 2564 1807 deliquerunt;
2608 1744 2663 1791 et
2700 1745 3087 1809 cognoscentes
3128 1739 3266 1791 viam
3303 1739 3566 1802 veritatis,
3594 1739 3787 1794 nolue-

2210 1836 2335 1883 runt
2362 1828 2511 1897 sequi
2538 1846 2550 1881 :
2578 1827 2853 1899 elegerunt
2877 1829 3019 1883 enim
3051 1830 3408 1899 iniquitatem,
3437 1839 3490 1884 et
3517 1830 3655 1885 hanc
3697 1845 3785 1886 se-

528 1923 595 1977 ah
626 1922 729 1976 hac
752 1920 971 1975 salutari
1000 1919 1173 1990 gratia
1199 1918 1458 1990 reprobus
1486 1920 1553 1975 ad
1588 1920 1950 1975 damnationis
1977 1935 2101 1991 per-
2132 1907 2182 1971 Β
2206 1918 2316 1973 cuti
2346 1926 2500 1984 sunt;
2533 1928 2587 1972 et
2614 1920 2739 1988 quia
2773 1918 3053 1973 veritatem
3094 1927 3434 1988 respuerunt,
3472 1920 3664 1975 merito
3691 1935 3788 1977 eos

526 2014 660 2069 tinet
682 2022 904 2076 sortem,
932 2026 1147 2081 seraper
1170 2011 1224 2066 in
1248 2012 1445 2067 divinae
1489 2011 1858 2083 dispositionis
1902 2013 2108 2084 judicio

529 2103 789 2174 reprobus
817 2102 1042 2168 exstitit,
1094 2103 1169 2156 ita
1213 2101 1458 2173 quisquis
1501 2113 1717 2157 aeternae
1756 2102 2108 2158 beatitudinis

526 2197 893 2252 hmreditatem
922 2205 1007 2251 est
1031 2205 1374 2265 accepturus,
1421 2209 1636 2265 semper
1661 2209 1781 2248 eam
1830 2195 1882 2249 in
1912 2192 2108 2249 divina:

528 2286 1015 2359 pracilestinatiouis
1036 2301 1236 2341 arcano
1260 2285 1497 2356 possedit
1534 2301 1550 2340 :
1582 2293 1637 2339 et
1666 2284 1914 2355 quisquis
1951 2293 2110 2339 8181‘-

526 2394 715 2435 narum
740 2392 931 2450 pcenas
956 2379 1293 2434 ﬂammarum
1324 2388 1406 2435 est
1430 2380 1738 2444 sortiturus,
1771 2380 1823 2433 in
1871 2378 2109 2434 caelestis

518 2470 705 2541 judicii
733 2470 1209 2541 praedeStinatione
1237 2484 1451 2541 semper
1483 2470 1550 2525 ad
1577 2486 1669 2526 eas
1703 2470 1911 2525 exstitit
1938 2470 2107 2541 depu-

444 2620 455 2633 ,
527 2573 673 2619 tatus
700 2572 755 2618 et
777 2563 917 2619 sicut
945 2562 1267 2618 aeternitatis
1316 2562 1600 2618 consilium
1646 2575 1922 2632 nunquam
1967 2561 2108 2617 valet

525 2654 793 2710 inﬁrmari
828 2673 840 2710 :
872 2656 950 2711 sic
975 2655 1154 2711 omnis
1180 2656 1469 2710 electorum
1494 2669 1751 2709 numerus
1789 2653 2104 2719 salvabitur,

525 2758 701 2813 neque
724 2758 910 2799 eorum
941 2744 1135 2813 aliquis
1164 2744 1365 2814 poterit
1400 2743 1600 2815 perire.
1639 2741 1730 2798 Sic
1753 2758 1967 2814 quoque
1989 2743 2107 2798 uni-

522 2848 715 2891 versus
739 2835 1088 2905 reproborum
1114 2843 1287 2891 cintus
1308 2834 1670 2899 damnabitur,
1696 2850 1795 2890 nec
1820 2836 2106 2904 quisquam

526 2940 714 2993 eorum
743 2924 937 2982 salutis
964 2936 1182 2982 mternae
1226 2927 1495 2997 particeps
1536 2925 1817 2980 eﬂicietur.
1861 2925 1988 2981 Haec
2025 2932 2107 2980 est

526 3018 691 3089 igitur
738 3017 965 3089 gemina
1022 3015 1517 3087 prmdestinatiouis
1572 3017 1886 3086 dispositio,
1939 3032 2103 3087 quam

524 3108 717 3165 beatus
742 3108 978 3165 lsidorus
1004 3109 1292 3165 manifesta
1336 3110 1467 3165 satis
1493 3108 1869 3179 catholieaque
1896 3109 2105 3164 ratione

2209 2008 2383 2064 debita
2421 2024 2579 2079 paena
2610 2010 3062 2080 comprehendet:
3086 2010 3339 2079 quoniam
3370 2026 3495 2067 vero
3523 2027 3629 2067 non
3658 2027 3784 2081 pos-

2208 2106 2334 2153 sunt
2363 2098 2530 2154 latere
2552 2099 2715 2153 Deum
2734 2100 2912 2154 omnia
2928 2100 3490 2168 comprehendentem,
3514 2102 3785 2169 praeterita

2207 2198 2262 2245 et
2290 2186 2489 2255 futura,
2528 2198 2782 2259 tauquam
2811 2192 3096 2260 pnusentia
3128 2200 3489 2253 contuentem,
3518 2193 3609 2262 qui
3638 2194 3789 2248 novit

2208 2294 2370 2349 opera
2414 2280 2671 2349 ipsorum,
2721 2281 2982 2350 disposuit
3025 2289 3083 2336 et
3127 2281 3364 2348 debitum
3411 2284 3672 2354 judicium
3719 2287 3787 2341 de

2207 2371 2459 2441 operibus
2511 2387 2697 2427 eorum
2714 2374 2735 2425 ‘:
2772 2387 2877 2427 non
2921 2380 3100 2427 tamen
3138 2388 3205 2428 ex
3238 2388 3304 2428 eo
3352 2375 3492 2443 quod
3541 2375 3681 2445 apud
3726 2391 3786 2431 se

2209 2460 2525 2530 dispositqu
2570 2460 2903 2531 est,judicat
2948 2462 3211 2532 aliquem;
3258 2462 3353 2517 sed
3390 2477 3459 2517 ex
3506 2477 3591 2528 eo,
3638 2464 3783 2535 quod

2207 2554 2576 2624 unusquisque
2619 2562 2889 2623 operatur.
2935 2554 3002 2609 Et
3042 2555 3289 2624 quamvis
3327 2555 3381 2609 in
3417 2555 3644 2611 occultis
3690 2557 3783 2611 Dei

2201 2643 2419 2715 judiciis
2462 2646 2790 2716 singulorum
2840 2645 2921 2701 vel
2971 2647 3160 2701 merita
3192 2646 3275 2702 vel
3316 2662 3477 2717 ptena
3507 2657 3777 2709 maneant,

2208 2742 2334 2788 tunc
2371 2734 2644 2805 judicatur
2691 2736 3057 2806 unusquisque
3103 2736 3318 2806 quando
3366 2738 3449 2792 vel
3494 2752 3617 2808 pro
3644 2740 3783 2795 bene

2205 2826 2369 2898 gestis
2391 2837 2707 2898 recepturus
2730 2837 2811 2882 est
2834 2829 3134 2898 praemium,
3168 2830 3249 2884 vel
3274 2844 3373 2900 pro
3397 2831 3579 2899 pravis
3601 2833 3780 2902 operi-

2205 2918 2307 2973 bus
2331 2927 2675 2973 tormentum.
2701 2917 2853 2974 Sicut
2872 2920 3014 2975 enim
3037 2921 3130 2975 Dei
3150 2922 3487 2991 praescientia
3510 2923 3781 2977 neminem

2206 3012 2476 3081 compellit
2500 3012 2565 3066 ad
2578 3022 2881 3083 peccatum,
2913 3014 2984 3067 ita
3013 3022 3069 3068 et
3096 3013 3306 3070 occulta
3327 3025 3654 3071 secretorum
3667 3017 3783 3087 ejus

2205 3101 2283 3172 (in
2310 3103 2504 3172 quibus
2532 3118 2862 3174 quascunque
2892 3103 3133 3160 facturus
3171 3113 3257 3161 est
3277 3104 3389 3174 jam
3428 3107 3781 3178 praedestina-

418 3271 425 3276 Α
527 3201 883 3256 commendat.
919 3198 1085 3256 Nemo
1106 3211 1286 3256 tamen
1310 3200 1461 3256 dicat
1503 3200 1708 3255 idcirco
1750 3200 2011 3271 mprobos
2037 3200 2103 3256 ad
2148 3272 2171 3276 Α
2202 3192 2303 3263 vit)
2348 3193 2619 3247 neminem
2668 3194 3049 3261 condemnant,
3095 3196 3365 3252 neminem
3414 3207 3779 3255 remunerant.

527 3300 808 3363 peccatum
826 3291 1243 3361 prmdestinatos
1263 3332 1277 3357 ,
1302 3290 1428 3361 quia
1468 3291 1832 3363 praedestinati
1866 3300 1996 3346 sunt
2037 3292 2105 3347 ad
2131 3272 2178 3337 C
2210 3281 2316 3339 Sed
2349 3285 2717 3355 unusquisque
2739 3287 2957 3356 proprio
2980 3294 3132 3351 actu,
3161 3286 3248 3342 vel
3273 3298 3669 3355 remuneratur,
3701 3291 3783 3347 vel

526 3400 736 3457 ptenas.
772 3384 846 3439 Ea
876 3400 1112 3455 namque
1136 3398 1256 3455 quae
1276 3383 1517 3441 facturus
1541 3395 1627 3440 est
1665 3386 1806 3441 Deus
1828 3387 2108 3456 praedesti-

527 3477 697 3541 navit,
729 3492 834 3532 non
862 3475 951 3531 illa
979 3490 1098 3546 quae
1120 3476 1428 3546 puniturus.
1461 3476 1726 3531 Facturus
1764 3476 1984 3547 quidem
2023 3484 2109 3531 est

518 3566 808 3638 judiciiuu,
852 3567 1042 3624 electis
1087 3566 1272 3631 vitam,
1326 3566 1572 3638 reprobis
1616 3578 1747 3623 vero
1791 3579 1979 3637 pinnas
2025 3577 2107 3624 est

530 3663 855 3718 redditurus.
881 3660 994 3716 Hac
1017 3660 1468 3731 quemadmodum
1494 3660 1552 3714 in
1578 3660 1759 3730 operis
1777 3660 2107 3731 exhibitione

529 3753 773 3807 facienda
804 3761 951 3817 sunt,
978 3752 1057 3807 sic
1080 3751 1192 3821 jam
1234 3752 1287 3805 in
1333 3760 1534 3806 :eterna
1565 3751 1916 3820 dispositione
1961 3750 2105 3807 facta

527 3852 653 3898 sunt
679 3860 694 3896 :
726 3844 979 3911 quoniam
1022 3844 1166 3914 apud
1208 3842 1397 3907 Deum,
1428 3856 1532 3898 nec
1566 3856 1763 3896 novum
1794 3842 2103 3907 consilium,

524 3948 627 3989 nec
648 3948 785 3988 nova
814 3933 1118 4002 dispositio,
1148 3946 1247 3987 nec
1277 3947 1415 3987 nova
1444 3932 1583 3986 ratio
1609 3941 1789 4001 potest
1821 3948 1962 3988 esse.
2013 3932 2105 3987 Ni-

527 4022 602 4077 hil
643 4022 786 4077 enim
835 4022 1087 4077 accidens
1135 4022 1245 4077 Deo
1288 4031 1417 4077 est:
1463 4031 1518 4077 at
1565 4036 1695 4077 vero
1732 4024 1936 4093 peccati
1963 4024 2105 4079 sicut

526 4113 669 4169 Deus
693 4121 882 4169 auctor
906 4128 1009 4168 non
1042 4121 1144 4178 est,
1168 4114 1248 4169 sic
1277 4127 1491 4185 quoque
1529 4130 1629 4169 nec
1654 4115 2100 4185 praedestinatum

525 4221 634 4262 non
682 4207 827 4261 enim
883 4208 1024 4276 quod
1072 4206 1272 4261 malum
1328 4214 1412 4262 est
1460 4207 1532 4261 ab
1583 4206 1674 4261 illo
1724 4216 1901 4278 potest
1945 4208 2099 4273 oriri,

528 4298 619 4368 qui
692 4312 960 4353 summum
1039 4298 1238 4352 bonum
1300 4299 1503 4353 existit.
1568 4298 1856 4353 Peccatum
1922 4308 2103 4354 autem

525 4390 727 4446 malum
783 4404 902 4446 esse
962 4391 1086 4461 quis
1145 4390 1426 4461 ignorat?
1503 4389 1616 4445 Non
1674 4391 1837 4461 igitur
1894 4408 1922 4446 a
1994 4392 2103 4448 Deo

525 4484 616 4553 qui
662 4494 873 4539 Summe
915 4482 1092 4537 bonus
1131 4489 1216 4536 est
1261 4482 1555 4537 descendit.
1611 4483 1762 4538 Unde
1800 4485 1944 4554 quod
1993 4500 2101 4540 non

525 4575 760 4646 pertinet
820 4573 886 4627 ad
948 4573 1066 4641 eius
1117 4573 1487 4642 operationem
1516 4612 1532 4639 ,
1584 4588 1692 4630 non
1756 4575 1979 4644 respicit
2031 4576 2098 4630 ad

526 4669 669 4724 illius
716 4664 1262 4739 pmtlestinationem.
1320 4665 1492 4722 Homo
1543 4676 1721 4722 autem
1776 4668 1947 4722 honus
1986 4684 2099 4722 ma—

525 4761 676 4816 lusve
729 4761 818 4826 sit,
876 4758 1045 4816 divini
1101 4768 1183 4815 eSt
1232 4760 1413 4830 operis
1459 4772 1475 4814 :
1530 4776 1633 4815 non
1693 4760 1910 4830 quidem
1956 4761 2098 4831 quod

529 4851 701 4905 malus
752 4861 867 4917 est,
918 4851 1119 4907 bonum
1178 4850 1324 4905 enim
1384 4850 1532 4906 illum
1586 4851 1729 4907 Deus
1782 4850 1942 4919 fecit,
2004 4852 2100 4908 sed

526 4942 668 5012 quod
717 4941 894 4996 omnis
946 4948 1203 4996 creatura
1259 4952 1395 5011 opus
1438 4949 1522 4997 est
1583 4941 1697 4995 Dei.
1763 4941 2102 5013 Quapropter

527 5032 700 5086 bonus
724 5029 814 5093 sit,
839 5028 1011 5084 malus
1032 5031 1103 5084 sit
1126 5031 1312 5096 homo,
1340 5031 1640 5102 disponitur
1666 5048 1697 5086 a
1732 5033 1860 5087 Deo.
1894 5033 2098 5102 thnid

527 5120 595 5175 de
617 5117 841 5189 singulis
870 5118 952 5173 vel
976 5119 1030 5172 in
1054 5121 1305 5187 prmsenti
1334 5121 1464 5186 vita,
1497 5119 1580 5176 vel
1610 5122 1662 5175 in
1696 5120 1876 5175 futuro
1896 5120 2101 5191 judicio

528 5210 645 5276 ﬁat,
673 5222 786 5263 sua:
813 5209 1295 5279 praedestinationis
1337 5212 1562 5266 consilio
1600 5210 1875 5267 deﬁnitum
1933 5221 2097 5267 tenet.

527 5298 938 5355 Prredestinavit
972 5299 1141 5369 igitur,
1170 5299 1315 5356 Deus
1360 5302 1631 5359 hominem
1667 5303 1734 5358 ad
1760 5302 1908 5369 illud,
1955 5304 2099 5375 quod

516 5392 771 5449 tacturus
811 5400 895 5448 est
939 5391 1007 5447 de
1045 5406 1135 5457 eo,
1180 5406 1287 5447 non
1330 5394 1401 5448 ad
1450 5395 1597 5459 illud,
1630 5397 1771 5466 quod
1815 5396 2099 5465 puniturus

518 5484 705 5541 fuerat
732 5486 783 5540 in
817 5499 903 5540 eo.
936 5483 1292 5540 Estimamus
1318 5486 1461 5556 quod
1492 5503 1598 5542 non
1629 5489 1813 5558 paucis
1837 5488 2094 5545 ecclesia-

526 5576 781 5633 sticarum
823 5575 1103 5630 doctorum
1138 5576 1423 5633 sententiis
1447 5587 1801 5635 monstratum
1830 5579 1902 5635 sit
1929 5578 2096 5635 malos

528 5665 593 5718 ad
624 5678 834 5735 pinnam
878 5664 1304 5735 praedestinatos,
1347 5682 1451 5721 non
1492 5675 1670 5723 tamen
1699 5669 1765 5723 ad
1795 5678 2091 5740 peccatum.

526 5756 801 5828 Siquidem
829 5769 893 5811 ex
920 5768 985 5811 eo
1028 5758 1169 5827 quod
1196 5758 1469 5829 praeseivit
1508 5758 1647 5814 Deus
1669 5773 1763 5814 eos
1790 5768 2098 5829 peccatores

526 5849 734 5906 inituros
758 5859 816 5904 et
848 5849 901 5903 in
931 5851 1045 5904 suis
1075 5852 1307 5922 pet't‘alis
1332 5862 1789 5922 perseveraturos,
1825 5856 2098 5923 praedesti—

2206 3375 2611 3431 coudemnatur.
2644 3375 2712 3429 Et
2750 3376 2875 3432 licet
2911 3377 3025 3432 haec
3052 3378 3357 3448 supradicta
3398 3381 3531 3437 satis
3555 3383 3787 3439 doceant

2206 3464 2486 3521 doctorum
2512 3466 2843 3533 testimonia,
2878 3467 3083 3524 nullum
3108 3469 3174 3524 ad
3200 3480 3482 3541 peccatum
3508 3474 3787 3544 praedesti-

2207 3569 2414 3624 natum,
2444 3574 2567 3613 cum
2592 3570 2771 3614 tamen
2795 3569 3003 3615 constet
3028 3563 3286 3632 reprobos
3313 3564 3381 3619 ad
3409 3580 3623 3635 penam
3645 3583 3785 3638 pra:-

2206 3651 2525 3717 destinatos,
2555 3651 2867 3707 conabimur
2890 3660 3072 3707 tamen
3119 3653 3172 3708 id
3218 3654 3554 3714 manifestius
3586 3673 3781 3729 appro-

2206 3747 2366 3813 bare;
2402 3749 2646 3817 quamvis
2674 3763 2832 3818 supra
2875 3751 3035 3821 positi
3061 3751 3310 3806 doctores
3346 3751 3478 3806 satis
3497 3750 3786 3806 manifeste

2206 3838 2260 3891 id
2288 3839 2536 3905 doceant,
2562 3840 2655 3910 qui
2684 3840 2873 3895 dicunt
2903 3841 3068 3897 Deum
3107 3842 3174 3896 ad
3199 3851 3481 3912 peccatum
3504 3844 3783 3897 neminem

2205 3930 2631 3998 praedestinasse.
2667 3932 3109 4002 Quandoquidem
3158 3933 3248 3989 illa
3296 3935 3782 4005 praedestinaverit,

2205 4035 2324 4089 quae
2353 4020 2423 4075 sit
2457 4020 2569 4091 ipse
2599 4019 2857 4085 facturus,
2888 4024 2940 4078 id
2965 4033 3049 4079 est
3073 4040 3235 4094 opera
3263 4040 3359 4081 sua
3384 4026 3441 4081 in
3466 4028 3786 4082 aeternitatis

2204 4110 2431 4167 consilio
2447 4112 2790 4181 disposuerit,
2807 4115 2873 4169 de
2886 4130 2994 4184 quo
3010 4115 3285 4183 scribitur,
3309 4118 3454 4187 quod
3472 4135 3492 4170 ι
3517 4118 3704 4174 fecerit
3716 4133 3784 4174 ea

2205 4217 2324 4272 quae
2344 4202 2585 4258 facturus
2599 4212 2679 4259 est
2703 4204 2840 4275 (Isa.
2872 4222 2997 4272 xcv,
3024 4208 3081 4262 ll
3100 4225 3203 4263 sec.
3228 4208 3416 4281 LXX),
3437 4229 3457 4264 υ
3483 4212 3536 4266 id
3556 4220 3644 4269 est
3663 4227 3787 4281 quc

2202 4311 2301 4365 per
2329 4296 2605 4352 intervalla
2624 4307 2926 4368 temporum
2954 4316 2985 4354 a
3014 4302 3122 4356 Deo
3142 4300 3386 4359 facienda
3410 4314 3553 4371 sunt,
3572 4306 3624 4359 in
3638 4321 3783 4376 pra:-

2203 4389 2578 4445 destinationis
2602 4393 2827 4447 consilio
2844 4394 2955 4464 jam
2983 4394 3123 4450 facta
3146 4406 3289 4451 sunt.
3318 4399 3387 4453 At
3411 4414 3541 4455 vero
3561 4412 3781 4470 peccata

2202 4484 2326 4553 quia
2348 4499 2453 4539 non
2478 4493 2605 4539 sunt
2629 4500 2659 4539 a
2687 4485 2817 4552 Deo,
2841 4487 2893 4541 id
2918 4498 3001 4543 est
3026 4504 3131 4543 non
3154 4499 3424 4561 suntopus
3446 4492 3557 4553 Dei,
3575 4494 3667 4546 sed
3690 4509 3784 4548 ra-

2206 4573 2694 4631 tionaliscreaturtc
2714 4594 2747 4632 a
2772 4577 2881 4633 Deo
2903 4582 3283 4648 apostatantis,
3312 4599 3417 4637 non
3433 4594 3556 4639 sunt
3572 4586 3624 4640 in
3649 4602 3783 4656 prae-

2204 4666 2562 4724 destinatione
2586 4669 2699 4724 Dei.
2724 4670 3017 4727 Damnator
3038 4684 3120 4729 est
3141 4674 3285 4729 enim
3316 4680 3522 4740 eorum,
3552 4694 3657 4732 non
3686 4695 3784 4733 au-

2205 4765 2351 4822 ctor;
2367 4773 2596 4828 quorum
2611 4771 2791 4815 autem
2805 4772 2994 4819 auctor
3012 4780 3120 4820 non
3132 4775 3240 4833 est,
3254 4783 3353 4823 nec
3367 4770 3783 4839 prmdestinator

2203 4857 2304 4903 est.
2334 4847 2506 4905 Porro
2523 4850 2777 4920 qttoniam
2802 4853 3003 4911 electos
3025 4871 3154 4913 suos
3175 4857 3596 4916 immortalitatis
3611 4862 3783 4934 gloria

2203 4952 2287 4997 est
2308 4952 2707 5011 muneratnrus,
2729 4954 2781 4999 et
2802 4948 3061 5017 reprobos
3071 4959 3269 5005 aeterna
3285 4966 3440 5023 pmna
3472 4955 3779 5024 puniturus,

2205 5032 2318 5087 haec
2332 5035 2748 5103 praedestinavit,
2768 5037 2818 5092 id
2834 5046 2917 5093 est
2937 5048 2993 5093 et
3010 5043 3229 5111 prmmia
3244 5058 3364 5112 qua:
3379 5044 3676 5101 donaturus
3696 5056 3782 5102 est

2203 5124 2423 5189 sanctis,
2453 5134 2506 5179 et
2533 5126 2791 5197 supplicia
2819 5144 2941 5198 qua:
2976 5146 3076 5201 pro
3105 5134 3284 5201 pravis
3317 5135 3569 5205 operibus
3597 5138 3780 5191 reddi-

2203 5224 2356 5272 turus
2378 5225 2462 5272 est
2486 5218 2681 5289 impiis.
2700 5219 2759 5276 Si
2783 5223 3000 5291 quidem
3028 5238 3223 5294 pteram,
3241 5242 3376 5296 quas
3397 5229 3625 5285 subituri
3653 5239 3779 5286 sunt

2201 5309 2435 5378 reprobi,
2466 5311 2713 5379 quamvis
2736 5312 2842 5368 illis
2866 5314 3151 5390 videantur
3177 5317 3352 5383 malae,
3380 5319 3473 5388 qui
3517 5328 3776 5390 torquen-

2199 5408 2316 5464 tur;
2344 5401 2497 5455 bona!
2525 5409 2703 5457 tamen
2738 5412 2862 5458 sunt
2884 5406 3011 5474 quia
3032 5406 3214 5476 iuste,
3256 5416 3312 5464 et
3340 5424 3501 5465 omne
3522 5412 3664 5481 quod
3691 5410 3779 5480 ju-

2199 5499 2339 5546 stum
2364 5502 2451 5548 est
2474 5494 2670 5549 bonum
2690 5504 2793 5551 est.
3014 5548 3015 5551 η

2250 5582 2388 5639 Hinc
2400 5584 2589 5639 beatus
2598 5584 2930 5655 Augustinus
2941 5588 2996 5643 in
3008 5587 3148 5645 libro
3159 5589 3618 5649 Retractationum
3635 5593 3773 5665 (cap.

2205 5674 2261 5746 9)
2276 5691 2301 5728 νε
2331 5672 2654 5747 (labrum,
2685 5676 2878 5747 inquit,
2904 5693 3084 5749 paena,
3113 5695 3235 5750 qua:
3256 5696 3287 5737 a
3317 5681 3426 5737 Deo
3447 5692 3551 5749 est,
3576 5684 3773 5740 malum

2205 5774 2288 5823 est
2316 5766 2532 5837 quidem
2583 5768 2760 5834 malis,
2808 5770 2901 5827 sed
2932 5771 2986 5825 in
3038 5771 3196 5828 bonis
3227 5775 3317 5830 Dei
3364 5776 3617 5845 operibus
3660 5786 3770 5843 est;

2210 5856 2461 5928 quoniam
2501 5857 2703 5927 justum
2750 5868 2854 5925 est,
2894 5868 2951 5914 ut
2994 5860 3116 5916 mali
3156 5865 3469 5932 puniantur,
3500 5875 3553 5921 et
3593 5867 3775 5938 utique
