  <div class='ocr_page' id='page_1' title='image "/cluster/home/n/w/nwhite01/storage/ocr_20150623/121/hvd.32044015471642/040.png"; bbox 0 0 4088 6344; ppageno 0'>
   <div class='ocr_carea' id='block_1_1' title="bbox 264 393 3531 465">
    <p class='ocr_par' dir='ltr' id='par_1_1' title="bbox 264 393 3531 465">
     <span class='ocr_line' id='line_1_1' title="bbox 264 393 3531 465; baseline 0.004 -12"><span class='ocrx_word' id='word_1_1' title='bbox 264 407 329 461; x_wconf 75' lang='lat'><strong>09</strong></span> <span class='ocrx_word' id='word_1_2' title='bbox 1239 400 1326 457; x_wconf 82' lang='lat' dir='ltr'><strong>DE</strong></span> <span class='ocrx_word' id='word_1_3' title='bbox 1361 397 2034 458; x_wconf 62' lang='lat' dir='ltr'><strong>PREDESTINA&#39;I‘IONE</strong></span> <span class='ocrx_word' id='word_1_4' title='bbox 2071 393 2203 458; x_wconf 75' lang='lat' dir='ltr'><strong>DEI;</strong></span> <span class='ocrx_word' id='word_1_5' title='bbox 2238 434 2307 444; x_wconf 94' lang='lat'><strong><em>—</em></strong></span> <span class='ocrx_word' id='word_1_6' title='bbox 2346 399 2476 459; x_wconf 82' lang='lat' dir='ltr'><strong>LIB.</strong></span> <span class='ocrx_word' id='word_1_7' title='bbox 2515 399 2580 458; x_wconf 89' lang='lat' dir='ltr'><strong>ll.</strong></span> <span class='ocrx_word' id='word_1_8' title='bbox 3467 412 3531 465; x_wconf 76' lang='lat'><strong>70</strong></span> 
     </span>
    </p>
   </div>
   <div class='ocr_carea' id='block_1_2' title="bbox 262 515 3524 596">
    <p class='ocr_par' dir='ltr' id='par_1_2' title="bbox 262 515 3524 596">
     <span class='ocr_line' id='line_1_2' title="bbox 262 515 3524 596; baseline 0.001 -20"><span class='ocrx_word' id='word_1_9' title='bbox 262 524 462 576; x_wconf 79' lang='lat' dir='ltr'><strong>bonum</strong></span> <span class='ocrx_word' id='word_1_10' title='bbox 512 526 599 574; x_wconf 91' lang='lat' dir='ltr'><strong>est</strong></span> <span class='ocrx_word' id='word_1_11' title='bbox 645 532 823 581; x_wconf 90' lang='lat' dir='ltr'><strong>omne,</strong></span> <span class='ocrx_word' id='word_1_12' title='bbox 875 517 1015 587; x_wconf 91' lang='lat' dir='ltr'><strong>quod</strong></span> <span class='ocrx_word' id='word_1_13' title='bbox 1060 519 1262 588; x_wconf 87' lang='lat' dir='ltr'><strong>justum</strong></span> <span class='ocrx_word' id='word_1_14' title='bbox 1309 515 1452 587; x_wconf 73' lang='lat' dir='ltr'><strong>est.]</strong></span> <span class='ocrx_word' id='word_1_15' title='bbox 1497 515 1634 572; x_wconf 92' lang='lat' dir='ltr'><strong>Sunt</strong></span> <span class='ocrx_word' id='word_1_16' title='bbox 1681 517 1844 586; x_wconf 87' lang='lat' dir='ltr'><strong>igitur</strong></span> <span class='ocrx_word' id='word_1_17' title='bbox 1869 528 1921 586; x_wconf 75' lang='grc' dir='ltr'><strong>Α</strong></span> <span class='ocrx_word' id='word_1_18' title='bbox 1948 526 2131 587; x_wconf 87' lang='lat' dir='ltr'><strong>tegens</strong></span> <span class='ocrx_word' id='word_1_19' title='bbox 2169 518 2236 572; x_wconf 90' lang='lat' dir='ltr'><strong>de</strong></span> <span class='ocrx_word' id='word_1_20' title='bbox 2287 519 2464 574; x_wconf 88' lang='lat' dir='ltr'><strong>medio</strong></span> <span class='ocrx_word' id='word_1_21' title='bbox 2515 519 2746 589; x_wconf 78' lang='lat' dir='ltr'><strong>lapidum</strong></span> <span class='ocrx_word' id='word_1_22' title='bbox 2795 520 3081 590; x_wconf 86' lang='lat' dir='ltr'><strong>iguitorum</strong></span> <span class='ocrx_word' id='word_1_23' title='bbox 3113 521 3305 593; x_wconf 66' lang='grc' dir='ltr'><strong>(Μαι,</strong></span> <span class='ocrx_word' id='word_1_24' title='bbox 3359 528 3462 596; x_wconf 79' lang='lat' dir='ltr'><strong>lo‘).</strong></span> <span class='ocrx_word' id='word_1_25' title='bbox 3509 549 3524 577; x_wconf 76' lang='grc' dir='ltr'>ι</span> 
     </span>
    </p>
   </div>
   <div class='ocr_carea' id='block_1_3' title="bbox 262 608 1848 680">
    <p class='ocr_par' dir='ltr' id='par_1_3' title="bbox 262 608 1848 680">
     <span class='ocr_line' id='line_1_3' title="bbox 262 608 1848 680; baseline -0.001 -16"><span class='ocrx_word' id='word_1_26' title='bbox 262 609 524 680; x_wconf 87' lang='lat' dir='ltr'><strong>supplicia</strong></span> <span class='ocrx_word' id='word_1_27' title='bbox 553 623 856 678; x_wconf 66' lang='lat' dir='ltr'><strong>pinnarum,</strong></span> <span class='ocrx_word' id='word_1_28' title='bbox 887 623 1006 676; x_wconf 71' lang='lat' dir='ltr'><strong>quae</strong></span> <span class='ocrx_word' id='word_1_29' title='bbox 1027 608 1151 662; x_wconf 91' lang='lat' dir='ltr'><strong>mali</strong></span> <span class='ocrx_word' id='word_1_30' title='bbox 1183 609 1290 662; x_wconf 90' lang='lat' dir='ltr'><strong>Deo</strong></span> <span class='ocrx_word' id='word_1_31' title='bbox 1315 609 1591 679; x_wconf 86' lang='lat' dir='ltr'><strong>judicante</strong></span> <span class='ocrx_word' id='word_1_32' title='bbox 1616 609 1848 664; x_wconf 86' lang='lat' dir='ltr'><strong>subeunt</strong></span> 
     </span>
    </p>
   </div>
   <div class='ocr_carea' id='block_1_4' title="bbox 262 699 1846 771">
    <p class='ocr_par' dir='ltr' id='par_1_4' title="bbox 262 699 1846 771">
     <span class='ocr_line' id='line_1_4' title="bbox 262 699 1846 771; baseline -0.001 -15"><span class='ocrx_word' id='word_1_33' title='bbox 262 715 424 771; x_wconf 81' lang='lat' dir='ltr'><strong>opera</strong></span> <span class='ocrx_word' id='word_1_34' title='bbox 453 700 549 754; x_wconf 92' lang='lat' dir='ltr'><strong>Dei</strong></span> <span class='ocrx_word' id='word_1_35' title='bbox 573 708 627 754; x_wconf 86' lang='lat' dir='ltr'><strong>et</strong></span> <span class='ocrx_word' id='word_1_36' title='bbox 652 707 934 770; x_wconf 77' lang='lat' dir='ltr'><strong>propterea</strong></span> <span class='ocrx_word' id='word_1_37' title='bbox 962 699 1364 768; x_wconf 62' lang='lat' dir='ltr'><strong>predestinata,</strong></span> <span class='ocrx_word' id='word_1_38' title='bbox 1394 715 1500 754; x_wconf 93' lang='lat' dir='ltr'><strong>non</strong></span> <span class='ocrx_word' id='word_1_39' title='bbox 1523 708 1702 754; x_wconf 89' lang='lat' dir='ltr'><strong>autem</strong></span> <span class='ocrx_word' id='word_1_40' title='bbox 1727 715 1846 769; x_wconf 88' lang='lat' dir='ltr'><strong>pec-</strong></span> 
     </span>
    </p>
   </div>
   <div class='ocr_carea' id='block_1_5' title="bbox 263 790 1849 864">
    <p class='ocr_par' dir='ltr' id='par_1_5' title="bbox 263 790 1849 864">
     <span class='ocr_line' id='line_1_5' title="bbox 263 790 1849 864; baseline -0.003 -14"><span class='ocrx_word' id='word_1_41' title='bbox 263 802 381 850; x_wconf 85' lang='lat' dir='ltr'><strong>cata</strong></span> <span class='ocrx_word' id='word_1_42' title='bbox 413 793 560 848; x_wconf 90' lang='lat' dir='ltr'><strong>inter</strong></span> <span class='ocrx_word' id='word_1_43' title='bbox 589 807 755 862; x_wconf 86' lang='lat' dir='ltr'><strong>opera</strong></span> <span class='ocrx_word' id='word_1_44' title='bbox 787 793 876 847; x_wconf 88' lang='lat' dir='ltr'><strong>Dei</strong></span> <span class='ocrx_word' id='word_1_45' title='bbox 902 790 1222 860; x_wconf 90' lang='lat' dir='ltr'><strong>reputanda,</strong></span> <span class='ocrx_word' id='word_1_46' title='bbox 1252 807 1315 846; x_wconf 90' lang='lat' dir='ltr'><strong>ac</strong></span> <span class='ocrx_word' id='word_1_47' title='bbox 1342 806 1440 864; x_wconf 90' lang='lat' dir='ltr'><strong>per</strong></span> <span class='ocrx_word' id='word_1_48' title='bbox 1461 794 1563 847; x_wconf 90' lang='lat' dir='ltr'><strong>hoc</strong></span> <span class='ocrx_word' id='word_1_49' title='bbox 1592 807 1690 846; x_wconf 90' lang='lat' dir='ltr'><strong>nec</strong></span> <span class='ocrx_word' id='word_1_50' title='bbox 1715 807 1849 862; x_wconf 67' lang='lat' dir='ltr'><strong>prte-</strong></span> 
     </span>
    </p>
   </div>
   <div class='ocr_carea' id='block_1_6' title="bbox 263 883 1850 953">
    <p class='ocr_par' dir='ltr' id='par_1_6' title="bbox 263 883 1850 953">
     <span class='ocr_line' id='line_1_6' title="bbox 263 883 1850 953; baseline -0.004 -12"><span class='ocrx_word' id='word_1_51' title='bbox 263 884 532 941; x_wconf 88' lang='lat' dir='ltr'><strong>destinata</strong></span> <span class='ocrx_word' id='word_1_52' title='bbox 556 892 683 938; x_wconf 91' lang='lat' dir='ltr'><strong>sunt</strong></span> <span class='ocrx_word' id='word_1_53' title='bbox 709 898 739 936; x_wconf 92' lang='lat' dir='ltr'><strong>a</strong></span> <span class='ocrx_word' id='word_1_54' title='bbox 773 883 902 947; x_wconf 87' lang='lat' dir='ltr'><strong>Deo,</strong></span> <span class='ocrx_word' id='word_1_55' title='bbox 920 897 1016 937; x_wconf 90' lang='lat' dir='ltr'><strong>nec</strong></span> <span class='ocrx_word' id='word_1_56' title='bbox 1039 883 1130 952; x_wconf 92' lang='lat' dir='ltr'><strong>qui</strong></span> <span class='ocrx_word' id='word_1_57' title='bbox 1159 890 1386 952; x_wconf 88' lang='lat' dir='ltr'><strong>peccant</strong></span> <span class='ocrx_word' id='word_1_58' title='bbox 1412 898 1477 938; x_wconf 77' lang='lat' dir='ltr'><strong>ex</strong></span> <span class='ocrx_word' id='word_1_59' title='bbox 1501 883 1850 953; x_wconf 64' lang='lat' dir='ltr'><strong>praedestina-</strong></span> 
     </span>
    </p>
   </div>
   <div class='ocr_carea' id='block_1_7' title="bbox 265 974 1852 1047">
    <p class='ocr_par' dir='ltr' id='par_1_7' title="bbox 265 974 1852 1047">
     <span class='ocr_line' id='line_1_7' title="bbox 265 974 1852 1047; baseline -0.003 -15"><span class='ocrx_word' id='word_1_60' title='bbox 265 977 407 1032; x_wconf 89' lang='lat' dir='ltr'><strong>tione</strong></span> <span class='ocrx_word' id='word_1_61' title='bbox 422 986 686 1047; x_wconf 87' lang='lat' dir='ltr'><strong>peccant;</strong></span> <span class='ocrx_word' id='word_1_62' title='bbox 709 977 803 1030; x_wconf 89' lang='lat' dir='ltr'><strong>sed</strong></span> <span class='ocrx_word' id='word_1_63' title='bbox 827 974 1039 1046; x_wconf 91' lang='lat' dir='ltr'><strong>propria</strong></span> <span class='ocrx_word' id='word_1_64' title='bbox 1054 975 1484 1044; x_wconf 70' lang='lat' dir='ltr'><strong>concupiscentia</strong></span> <span class='ocrx_word' id='word_1_65' title='bbox 1510 975 1768 1028; x_wconf 91' lang='lat' dir='ltr'><strong>abstracti</strong></span> <span class='ocrx_word' id='word_1_66' title='bbox 1795 983 1852 1028; x_wconf 91' lang='lat' dir='ltr'><strong>et</strong></span> 
     </span>
    </p>
   </div>
   <div class='ocr_carea' id='block_1_8' title="bbox 264 1064 1852 1140">
    <p class='ocr_par' dir='ltr' id='par_1_8' title="bbox 264 1064 1852 1140">
     <span class='ocr_line' id='line_1_8' title="bbox 264 1064 1852 1140; baseline -0.004 -17"><span class='ocrx_word' id='word_1_67' title='bbox 264 1069 476 1140; x_wconf 69' lang='lat' dir='ltr'><strong>deiecti.</strong></span> <span class='ocrx_word' id='word_1_68' title='bbox 504 1066 570 1121; x_wconf 80' lang='lat' dir='ltr'><strong>Et</strong></span> <span class='ocrx_word' id='word_1_69' title='bbox 591 1065 806 1137; x_wconf 87' lang='lat' dir='ltr'><strong>quidem</strong></span> <span class='ocrx_word' id='word_1_70' title='bbox 829 1065 951 1118; x_wconf 90' lang='lat' dir='ltr'><strong>mali</strong></span> <span class='ocrx_word' id='word_1_71' title='bbox 979 1065 1043 1119; x_wconf 92' lang='lat' dir='ltr'><strong>ad</strong></span> <span class='ocrx_word' id='word_1_72' title='bbox 1068 1080 1254 1135; x_wconf 71' lang='lat' dir='ltr'><strong>pcenas</strong></span> <span class='ocrx_word' id='word_1_73' title='bbox 1281 1079 1404 1120; x_wconf 88' lang='lat' dir='ltr'><strong>cum</strong></span> <span class='ocrx_word' id='word_1_74' title='bbox 1425 1065 1533 1118; x_wconf 91' lang='lat' dir='ltr'><strong>sint</strong></span> <span class='ocrx_word' id='word_1_75' title='bbox 1575 1064 1852 1133; x_wconf 61' lang='lat' dir='ltr'><strong>praedesti-</strong></span> 
     </span>
    </p>
   </div>
   <div class='ocr_carea' id='block_1_9' title="bbox 264 1157 1848 1228">
    <p class='ocr_par' dir='ltr' id='par_1_9' title="bbox 264 1157 1848 1228">
     <span class='ocr_line' id='line_1_9' title="bbox 264 1157 1848 1228; baseline -0.003 -12"><span class='ocrx_word' id='word_1_76' title='bbox 264 1162 371 1216; x_wconf 88' lang='lat' dir='ltr'><strong>nati</strong></span> <span class='ocrx_word' id='word_1_77' title='bbox 403 1177 510 1214; x_wconf 92' lang='lat' dir='ltr'><strong>non</strong></span> <span class='ocrx_word' id='word_1_78' title='bbox 534 1171 714 1214; x_wconf 91' lang='lat' dir='ltr'><strong>tamen</strong></span> <span class='ocrx_word' id='word_1_79' title='bbox 736 1157 1097 1228; x_wconf 69' lang='lat' dir='ltr'><strong>prmdestinati</strong></span> <span class='ocrx_word' id='word_1_80' title='bbox 1121 1167 1247 1213; x_wconf 90' lang='lat' dir='ltr'><strong>sunt</strong></span> <span class='ocrx_word' id='word_1_81' title='bbox 1267 1157 1330 1212; x_wconf 89' lang='lat' dir='ltr'><strong>ad</strong></span> <span class='ocrx_word' id='word_1_82' title='bbox 1356 1169 1661 1228; x_wconf 89' lang='lat' dir='ltr'><strong>peccatmn,</strong></span> <span class='ocrx_word' id='word_1_83' title='bbox 1687 1173 1848 1226; x_wconf 85' lang='lat' dir='ltr'><strong>supra</strong></span> 
     </span>
    </p>
   </div>
   <div class='ocr_carea' id='block_1_10' title="bbox 264 1249 1848 1318">
    <p class='ocr_par' dir='ltr' id='par_1_10' title="bbox 264 1249 1848 1318">
     <span class='ocr_line' id='line_1_10' title="bbox 264 1249 1848 1318; baseline -0.004 -12"><span class='ocrx_word' id='word_1_84' title='bbox 264 1251 665 1306; x_wconf 88' lang='lat' dir='ltr'><strong>nominatorum</strong></span> <span class='ocrx_word' id='word_1_85' title='bbox 713 1250 996 1304; x_wconf 91' lang='lat' dir='ltr'><strong>doctorum</strong></span> <span class='ocrx_word' id='word_1_86' title='bbox 1031 1249 1316 1303; x_wconf 87' lang='lat' dir='ltr'><strong>sententiis</strong></span> <span class='ocrx_word' id='word_1_87' title='bbox 1344 1249 1476 1303; x_wconf 87' lang='lat' dir='ltr'><strong>satis</strong></span> <span class='ocrx_word' id='word_1_88' title='bbox 1519 1249 1848 1318; x_wconf 82' lang='lat' dir='ltr'><strong>patefactum</strong></span> 
     </span>
    </p>
   </div>
   <div class='ocr_carea' id='block_1_11' title="bbox 262 1341 1848 1410">
    <p class='ocr_par' dir='ltr' id='par_1_11' title="bbox 262 1341 1848 1410">
     <span class='ocr_line' id='line_1_11' title="bbox 262 1341 1848 1410; baseline -0.003 -12"><span class='ocrx_word' id='word_1_89' title='bbox 262 1353 359 1398; x_wconf 87' lang='lat' dir='ltr'><strong>est.</strong></span> <span class='ocrx_word' id='word_1_90' title='bbox 379 1343 448 1398; x_wconf 87' lang='lat' dir='ltr'><strong>Ut</strong></span> <span class='ocrx_word' id='word_1_91' title='bbox 463 1358 596 1397; x_wconf 87' lang='lat' dir='ltr'><strong>vero</strong></span> <span class='ocrx_word' id='word_1_92' title='bbox 610 1342 809 1396; x_wconf 87' lang='lat' dir='ltr'><strong>clarius</strong></span> <span class='ocrx_word' id='word_1_93' title='bbox 827 1343 926 1396; x_wconf 92' lang='lat' dir='ltr'><strong>hoc</strong></span> <span class='ocrx_word' id='word_1_94' title='bbox 941 1341 1257 1410; x_wconf 88' lang='lat' dir='ltr'><strong>eliquescat,</strong></span> <span class='ocrx_word' id='word_1_95' title='bbox 1273 1341 1448 1410; x_wconf 81' lang='lat' dir='ltr'><strong>placet</strong></span> <span class='ocrx_word' id='word_1_96' title='bbox 1468 1356 1534 1394; x_wconf 78' lang='lat' dir='ltr'><strong>ex</strong></span> <span class='ocrx_word' id='word_1_97' title='bbox 1557 1341 1658 1395; x_wconf 91' lang='lat' dir='ltr'><strong>hoc</strong></span> <span class='ocrx_word' id='word_1_98' title='bbox 1673 1341 1848 1394; x_wconf 88' lang='lat' dir='ltr'><strong>adhuc</strong></span> 
     </span>
    </p>
   </div>
   <div class='ocr_carea' id='block_1_12' title="bbox 263 1430 1850 1504">
    <p class='ocr_par' dir='ltr' id='par_1_12' title="bbox 263 1430 1850 1504">
     <span class='ocr_line' id='line_1_12' title="bbox 263 1430 1850 1504; baseline -0.003 -15"><span class='ocrx_word' id='word_1_99' title='bbox 263 1434 465 1504; x_wconf 83' lang='lat' dir='ltr'><strong>aliquid</strong></span> <span class='ocrx_word' id='word_1_100' title='bbox 508 1434 803 1502; x_wconf 87' lang='lat' dir='ltr'><strong>disputare.</strong></span> <span class='ocrx_word' id='word_1_101' title='bbox 867 1433 970 1486; x_wconf 86' lang='lat' dir='ltr'><strong>Sed</strong></span> <span class='ocrx_word' id='word_1_102' title='bbox 1022 1433 1273 1501; x_wconf 90' lang='lat' dir='ltr'><strong>quoniam</strong></span> <span class='ocrx_word' id='word_1_103' title='bbox 1327 1431 1564 1486; x_wconf 90' lang='lat' dir='ltr'><strong>nonnulli</strong></span> <span class='ocrx_word' id='word_1_104' title='bbox 1603 1430 1850 1484; x_wconf 84' lang='lat' dir='ltr'><strong>fortassis</strong></span> 
     </span>
    </p>
   </div>
   <div class='ocr_carea' id='block_1_13' title="bbox 263 1524 1846 1594">
    <p class='ocr_par' dir='ltr' id='par_1_13' title="bbox 263 1524 1846 1594">
     <span class='ocr_line' id='line_1_13' title="bbox 263 1524 1846 1594; baseline -0.003 -12"><span class='ocrx_word' id='word_1_105' title='bbox 263 1542 382 1582; x_wconf 85' lang='lat' dir='ltr'><strong>cum</strong></span> <span class='ocrx_word' id='word_1_106' title='bbox 410 1527 640 1580; x_wconf 88' lang='lat' dir='ltr'><strong>audiunt</strong></span> <span class='ocrx_word' id='word_1_107' title='bbox 664 1525 874 1594; x_wconf 83' lang='lat' dir='ltr'><strong>iniquos</strong></span> <span class='ocrx_word' id='word_1_108' title='bbox 909 1526 976 1578; x_wconf 89' lang='lat' dir='ltr'><strong>ad</strong></span> <span class='ocrx_word' id='word_1_109' title='bbox 1002 1539 1215 1594; x_wconf 76' lang='lat' dir='ltr'><strong>ptenam</strong></span> <span class='ocrx_word' id='word_1_110' title='bbox 1240 1524 1669 1593; x_wconf 76' lang='lat' dir='ltr'><strong>przedestinatos,</strong></span> <span class='ocrx_word' id='word_1_111' title='bbox 1698 1524 1846 1578; x_wconf 79' lang='lat' dir='ltr'><strong>arbi-</strong></span> 
     </span>
    </p>
   </div>
   <div class='ocr_carea' id='block_1_14' title="bbox 263 1613 1849 1686">
    <p class='ocr_par' dir='ltr' id='par_1_14' title="bbox 263 1613 1849 1686">
     <span class='ocr_line' id='line_1_14' title="bbox 263 1613 1849 1686; baseline -0.004 -13"><span class='ocrx_word' id='word_1_112' title='bbox 263 1627 478 1673; x_wconf 86' lang='lat' dir='ltr'><strong>trantur</strong></span> <span class='ocrx_word' id='word_1_113' title='bbox 507 1618 751 1686; x_wconf 88' lang='lat' dir='ltr'><strong>qu:edam</strong></span> <span class='ocrx_word' id='word_1_114' title='bbox 802 1616 1120 1670; x_wconf 80' lang='lat' dir='ltr'><strong>necessitate</strong></span> <span class='ocrx_word' id='word_1_115' title='bbox 1150 1615 1217 1669; x_wconf 89' lang='lat' dir='ltr'><strong>ad</strong></span> <span class='ocrx_word' id='word_1_116' title='bbox 1253 1629 1373 1670; x_wconf 92' lang='lat' dir='ltr'><strong>eam</strong></span> <span class='ocrx_word' id='word_1_117' title='bbox 1418 1615 1582 1680; x_wconf 85' lang='lat' dir='ltr'><strong>trahi,</strong></span> <span class='ocrx_word' id='word_1_118' title='bbox 1635 1629 1732 1669; x_wconf 86' lang='lat' dir='ltr'><strong>nec</strong></span> <span class='ocrx_word' id='word_1_119' title='bbox 1780 1613 1849 1667; x_wconf 92' lang='lat' dir='ltr'><strong>ab</strong></span> 
     </span>
    </p>
   </div>
   <div class='ocr_carea' id='block_1_15' title="bbox 262 1705 1849 1775">
    <p class='ocr_par' dir='ltr' id='par_1_15' title="bbox 262 1705 1849 1775">
     <span class='ocr_line' id='line_1_15' title="bbox 262 1705 1849 1775; baseline -0.003 -13"><span class='ocrx_word' id='word_1_120' title='bbox 262 1709 363 1762; x_wconf 89' lang='lat' dir='ltr'><strong>hac</strong></span> <span class='ocrx_word' id='word_1_121' title='bbox 395 1707 721 1761; x_wconf 81' lang='lat' dir='ltr'><strong>necessitate</strong></span> <span class='ocrx_word' id='word_1_122' title='bbox 753 1707 931 1774; x_wconf 85' lang='lat' dir='ltr'><strong>aliquo</strong></span> <span class='ocrx_word' id='word_1_123' title='bbox 987 1706 1144 1759; x_wconf 92' lang='lat' dir='ltr'><strong>modo</strong></span> <span class='ocrx_word' id='word_1_124' title='bbox 1178 1720 1333 1775; x_wconf 88' lang='lat' dir='ltr'><strong>posse</strong></span> <span class='ocrx_word' id='word_1_125' title='bbox 1362 1707 1578 1770; x_wconf 86' lang='lat' dir='ltr'><strong>mutari,</strong></span> <span class='ocrx_word' id='word_1_126' title='bbox 1631 1721 1734 1760; x_wconf 90' lang='lat' dir='ltr'><strong>non</strong></span> <span class='ocrx_word' id='word_1_127' title='bbox 1769 1705 1849 1758; x_wconf 89' lang='lat' dir='ltr'><strong>in-</strong></span> 
     </span>
    </p>
   </div>
   <div class='ocr_carea' id='block_1_16' title="bbox 262 1795 1850 1865">
    <p class='ocr_par' dir='ltr' id='par_1_16' title="bbox 262 1795 1850 1865">
     <span class='ocr_line' id='line_1_16' title="bbox 262 1795 1850 1865; baseline -0.004 -11"><span class='ocrx_word' id='word_1_128' title='bbox 262 1798 591 1854; x_wconf 76' lang='lat' dir='ltr'><strong>conveniens</strong></span> <span class='ocrx_word' id='word_1_129' title='bbox 622 1796 776 1851; x_wconf 92' lang='lat' dir='ltr'><strong>nobis</strong></span> <span class='ocrx_word' id='word_1_130' title='bbox 796 1797 1006 1850; x_wconf 90' lang='lat' dir='ltr'><strong>videtur</strong></span> <span class='ocrx_word' id='word_1_131' title='bbox 1033 1795 1367 1850; x_wconf 80' lang='lat' dir='ltr'><strong>manifestius</strong></span> <span class='ocrx_word' id='word_1_132' title='bbox 1407 1797 1457 1850; x_wconf 91' lang='lat' dir='ltr'><strong>id</strong></span> <span class='ocrx_word' id='word_1_133' title='bbox 1487 1796 1760 1865; x_wconf 84' lang='lat' dir='ltr'><strong>pateﬁeri,</strong></span> <span class='ocrx_word' id='word_1_134' title='bbox 1791 1804 1850 1848; x_wconf 91' lang='lat' dir='ltr'><strong>ut</strong></span> 
     </span>
    </p>
   </div>
   <div class='ocr_carea' id='block_1_17' title="bbox 1948 609 3532 686">
    <p class='ocr_par' dir='ltr' id='par_1_17' title="bbox 1948 609 3532 686">
     <span class='ocr_line' id='line_1_17' title="bbox 1948 609 3532 686; baseline 0.006 -22"><span class='ocrx_word' id='word_1_135' title='bbox 1948 609 2120 664; x_wconf 84' lang='lat' dir='ltr'><strong>Causa</strong></span> <span class='ocrx_word' id='word_1_136' title='bbox 2144 625 2359 680; x_wconf 89' lang='lat' dir='ltr'><strong>quoque</strong></span> <span class='ocrx_word' id='word_1_137' title='bbox 2406 610 2704 678; x_wconf 88' lang='lat' dir='ltr'><strong>ejectionis,</strong></span> <span class='ocrx_word' id='word_1_138' title='bbox 2747 620 2801 665; x_wconf 91' lang='lat' dir='ltr'><strong>et</strong></span> <span class='ocrx_word' id='word_1_139' title='bbox 2827 612 3142 680; x_wconf 76' lang='lat' dir='ltr'><strong>perditionis</strong></span> <span class='ocrx_word' id='word_1_140' title='bbox 3188 615 3304 686; x_wconf 73' lang='lat' dir='ltr'><strong>ejus</strong></span> <span class='ocrx_word' id='word_1_141' title='bbox 3332 619 3532 674; x_wconf 85' lang='lat' dir='ltr'><strong>subue-</strong></span> 
     </span>
    </p>
   </div>
   <div class='ocr_carea' id='block_1_18' title="bbox 1947 704 3532 780">
    <p class='ocr_par' dir='ltr' id='par_1_18' title="bbox 1947 704 3532 780">
     <span class='ocr_line' id='line_1_18' title="bbox 1947 704 3532 780; baseline 0.004 -22"><span class='ocrx_word' id='word_1_142' title='bbox 1947 705 2110 758; x_wconf 78' lang='lat' dir='ltr'><strong>ctitur</strong></span> <span class='ocrx_word' id='word_1_143' title='bbox 2134 723 2146 757; x_wconf 89' lang='lat'>:</span> <span class='ocrx_word' id='word_1_144' title='bbox 2185 724 2202 757; x_wconf 74' lang='grc' dir='ltr'>ί</span> <span class='ocrx_word' id='word_1_145' title='bbox 2229 704 2506 759; x_wconf 80' lang='lat' dir='ltr'><strong>Elevatum</strong></span> <span class='ocrx_word' id='word_1_146' title='bbox 2552 713 2634 759; x_wconf 91' lang='lat' dir='ltr'><strong>est</strong></span> <span class='ocrx_word' id='word_1_147' title='bbox 2660 720 2753 759; x_wconf 89' lang='lat' dir='ltr'><strong>cor</strong></span> <span class='ocrx_word' id='word_1_148' title='bbox 2779 709 2928 759; x_wconf 90' lang='lat' dir='ltr'><strong>tuum</strong></span> <span class='ocrx_word' id='word_1_149' title='bbox 2955 706 3010 760; x_wconf 84' lang='lat' dir='ltr'><strong>in</strong></span> <span class='ocrx_word' id='word_1_150' title='bbox 3045 707 3242 763; x_wconf 89' lang='lat' dir='ltr'><strong>decore</strong></span> <span class='ocrx_word' id='word_1_151' title='bbox 3271 717 3384 775; x_wconf 89' lang='lat' dir='ltr'><strong>tuo,</strong></span> <span class='ocrx_word' id='word_1_152' title='bbox 3411 727 3532 780; x_wconf 89' lang='lat' dir='ltr'><strong>per-</strong></span> 
     </span>
    </p>
   </div>
   <div class='ocr_carea' id='block_1_19' title="bbox 1949 795 3529 874">
    <p class='ocr_par' dir='ltr' id='par_1_19' title="bbox 1949 795 3529 874">
     <span class='ocr_line' id='line_1_19' title="bbox 1949 795 3529 874; baseline 0.004 -26"><span class='ocrx_word' id='word_1_153' title='bbox 1949 795 2130 849; x_wconf 90' lang='lat' dir='ltr'><strong>didisti</strong></span> <span class='ocrx_word' id='word_1_154' title='bbox 2154 796 2476 865; x_wconf 75' lang='lat' dir='ltr'><strong>sapientiam</strong></span> <span class='ocrx_word' id='word_1_155' title='bbox 2513 805 2657 850; x_wconf 89' lang='lat' dir='ltr'><strong>tuam</strong></span> <span class='ocrx_word' id='word_1_156' title='bbox 2696 797 2750 850; x_wconf 93' lang='lat' dir='ltr'><strong>in</strong></span> <span class='ocrx_word' id='word_1_157' title='bbox 2777 798 2970 854; x_wconf 85' lang='lat' dir='ltr'><strong>decore</strong></span> <span class='ocrx_word' id='word_1_158' title='bbox 2995 807 3087 854; x_wconf 90' lang='lat' dir='ltr'><strong>tuo</strong></span> <span class='ocrx_word' id='word_1_159' title='bbox 3119 799 3310 870; x_wconf 52' lang='lat' dir='ltr'><strong>(Ibid,</strong></span> <span class='ocrx_word' id='word_1_160' title='bbox 3359 803 3529 874; x_wconf 65' lang='lat'><strong>17);»</strong></span> 
     </span>
    </p>
   </div>
   <div class='ocr_carea' id='block_1_20' title="bbox 1950 887 3530 964">
    <p class='ocr_par' dir='ltr' id='par_1_20' title="bbox 1950 887 3530 964">
     <span class='ocr_line' id='line_1_20' title="bbox 1950 887 3530 964; baseline 0.006 -22"><span class='ocrx_word' id='word_1_161' title='bbox 1950 887 2003 942; x_wconf 90' lang='lat' dir='ltr'><strong>id</strong></span> <span class='ocrx_word' id='word_1_162' title='bbox 2027 896 2132 951; x_wconf 91' lang='lat' dir='ltr'><strong>est,</strong></span> <span class='ocrx_word' id='word_1_163' title='bbox 2161 904 2263 943; x_wconf 90' lang='lat' dir='ltr'><strong>non</strong></span> <span class='ocrx_word' id='word_1_164' title='bbox 2288 903 2388 960; x_wconf 91' lang='lat' dir='ltr'><strong>ego</strong></span> <span class='ocrx_word' id='word_1_165' title='bbox 2411 897 2463 943; x_wconf 88' lang='lat' dir='ltr'><strong>te</strong></span> <span class='ocrx_word' id='word_1_166' title='bbox 2483 891 2551 943; x_wconf 88' lang='lat' dir='ltr'><strong>ad</strong></span> <span class='ocrx_word' id='word_1_167' title='bbox 2577 890 2930 959; x_wconf 88' lang='lat' dir='ltr'><strong>perditionem</strong></span> <span class='ocrx_word' id='word_1_168' title='bbox 2952 895 3207 964; x_wconf 85' lang='lat' dir='ltr'><strong>compuli,</strong></span> <span class='ocrx_word' id='word_1_169' title='bbox 3233 898 3326 951; x_wconf 89' lang='lat' dir='ltr'><strong>sed</strong></span> <span class='ocrx_word' id='word_1_170' title='bbox 3355 906 3408 950; x_wconf 88' lang='lat' dir='ltr'><strong>tu</strong></span> <span class='ocrx_word' id='word_1_171' title='bbox 3431 898 3530 953; x_wconf 84' lang='lat' dir='ltr'><strong>tibi</strong></span> 
     </span>
    </p>
   </div>
   <div class='ocr_carea' id='block_1_21' title="bbox 1949 980 3530 1055">
    <p class='ocr_par' dir='ltr' id='par_1_21' title="bbox 1949 980 3530 1055">
     <span class='ocr_line' id='line_1_21' title="bbox 1949 980 3530 1055; baseline 0.006 -23"><span class='ocrx_word' id='word_1_172' title='bbox 1949 993 2111 1032; x_wconf 74' lang='lat' dir='ltr'><strong>causa</strong></span> <span class='ocrx_word' id='word_1_173' title='bbox 2138 980 2453 1049; x_wconf 85' lang='lat' dir='ltr'><strong>perditionis</strong></span> <span class='ocrx_word' id='word_1_174' title='bbox 2482 980 2650 1045; x_wconf 83' lang='lat' dir='ltr'><strong>fuisti,</strong></span> <span class='ocrx_word' id='word_1_175' title='bbox 2697 981 2788 1050; x_wconf 90' lang='lat' dir='ltr'><strong>qui</strong></span> <span class='ocrx_word' id='word_1_176' title='bbox 2813 992 3035 1052; x_wconf 86' lang='lat' dir='ltr'><strong>propter</strong></span> <span class='ocrx_word' id='word_1_177' title='bbox 3083 987 3389 1055; x_wconf 87' lang='lat' dir='ltr'><strong>superbiam</strong></span> <span class='ocrx_word' id='word_1_178' title='bbox 3434 989 3530 1042; x_wconf 87' lang='lat' dir='ltr'><strong>ad-</strong></span> 
     </span>
    </p>
   </div>
   <div class='ocr_carea' id='block_1_22' title="bbox 1951 1069 3530 1146">
    <p class='ocr_par' dir='ltr' id='par_1_22' title="bbox 1951 1069 3530 1146">
     <span class='ocr_line' id='line_1_22' title="bbox 1951 1069 3530 1146; baseline 0.006 -25"><span class='ocrx_word' id='word_1_179' title='bbox 1951 1081 2134 1123; x_wconf 89' lang='lat' dir='ltr'><strong>versus</strong></span> <span class='ocrx_word' id='word_1_180' title='bbox 2160 1077 2435 1123; x_wconf 87' lang='lat' dir='ltr'><strong>auctorem</strong></span> <span class='ocrx_word' id='word_1_181' title='bbox 2465 1069 2786 1134; x_wconf 90' lang='lat' dir='ltr'><strong>intumuisti,</strong></span> <span class='ocrx_word' id='word_1_182' title='bbox 2818 1081 2873 1125; x_wconf 94' lang='lat' dir='ltr'><strong>ct</strong></span> <span class='ocrx_word' id='word_1_183' title='bbox 2894 1072 3211 1141; x_wconf 87' lang='lat' dir='ltr'><strong>sapientiam</strong></span> <span class='ocrx_word' id='word_1_184' title='bbox 3238 1091 3399 1146; x_wconf 85' lang='lat' dir='ltr'><strong>quam</strong></span> <span class='ocrx_word' id='word_1_185' title='bbox 3433 1078 3530 1132; x_wconf 91' lang='lat' dir='ltr'><strong>tibi</strong></span> 
     </span>
    </p>
   </div>
   <div class='ocr_carea' id='block_1_23' title="bbox 1952 1161 3532 1232">
    <p class='ocr_par' dir='ltr' id='par_1_23' title="bbox 1952 1161 3532 1232">
     <span class='ocr_line' id='line_1_23' title="bbox 1952 1161 3532 1232; baseline 0.005 -17"><span class='ocrx_word' id='word_1_186' title='bbox 1952 1162 2112 1215; x_wconf 90' lang='lat' dir='ltr'><strong>tribui</strong></span> <span class='ocrx_word' id='word_1_187' title='bbox 2148 1161 2425 1230; x_wconf 84' lang='lat' dir='ltr'><strong>perdidisti</strong></span> <span class='ocrx_word' id='word_1_188' title='bbox 2453 1179 2466 1227; x_wconf 92' lang='lat'><strong>;</strong></span> <span class='ocrx_word' id='word_1_189' title='bbox 2515 1163 2641 1216; x_wconf 88' lang='lat' dir='ltr'><strong>dmn</strong></span> <span class='ocrx_word' id='word_1_190' title='bbox 2669 1178 2764 1232; x_wconf 89' lang='lat' dir='ltr'><strong>per</strong></span> <span class='ocrx_word' id='word_1_191' title='bbox 2790 1178 2909 1217; x_wconf 86' lang='lat' dir='ltr'><strong>eam</strong></span> <span class='ocrx_word' id='word_1_192' title='bbox 2941 1165 3159 1220; x_wconf 88' lang='lat' dir='ltr'><strong>noluisti</strong></span> <span class='ocrx_word' id='word_1_193' title='bbox 3189 1168 3382 1224; x_wconf 87' lang='lat' dir='ltr'><strong>timore</strong></span> <span class='ocrx_word' id='word_1_194' title='bbox 3405 1184 3532 1225; x_wconf 86' lang='lat' dir='ltr'><strong>san-</strong></span> 
     </span>
    </p>
   </div>
   <div class='ocr_carea' id='block_1_24' title="bbox 1949 1253 3532 1317">
    <p class='ocr_par' dir='ltr' id='par_1_24' title="bbox 1949 1253 3532 1317">
     <span class='ocr_line' id='line_1_24' title="bbox 1949 1253 3532 1317; baseline 0.006 -9"><span class='ocrx_word' id='word_1_195' title='bbox 1949 1263 2036 1308; x_wconf 94' lang='lat' dir='ltr'><strong>cto</strong></span> <span class='ocrx_word' id='word_1_196' title='bbox 2073 1253 2316 1308; x_wconf 90' lang='lat' dir='ltr'><strong>subditus</strong></span> <span class='ocrx_word' id='word_1_197' title='bbox 2368 1255 2480 1309; x_wconf 82' lang='lat' dir='ltr'><strong>tieri</strong></span> <span class='ocrx_word' id='word_1_198' title='bbox 2507 1254 2820 1311; x_wconf 85' lang='lat' dir='ltr'><strong>Conditori:</strong></span> <span class='ocrx_word' id='word_1_199' title='bbox 2853 1257 2946 1311; x_wconf 90' lang='lat' dir='ltr'><strong>sed</strong></span> <span class='ocrx_word' id='word_1_200' title='bbox 2989 1260 3337 1316; x_wconf 86' lang='lat' dir='ltr'><strong>considerans</strong></span> <span class='ocrx_word' id='word_1_201' title='bbox 3371 1262 3532 1317; x_wconf 89' lang='lat' dir='ltr'><strong>celsi-</strong></span> 
     </span>
    </p>
   </div>
   <div class='ocr_carea' id='block_1_25' title="bbox 1952 1345 3530 1423">
    <p class='ocr_par' dir='ltr' id='par_1_25' title="bbox 1952 1345 3530 1423">
     <span class='ocr_line' id='line_1_25' title="bbox 1952 1345 3530 1423; baseline 0.007 -26"><span class='ocrx_word' id='word_1_202' title='bbox 1952 1346 2150 1399; x_wconf 90' lang='lat' dir='ltr'><strong>tudinis</strong></span> <span class='ocrx_word' id='word_1_203' title='bbox 2181 1354 2285 1400; x_wconf 72' lang='lat' dir='ltr'><strong>tuae</strong></span> <span class='ocrx_word' id='word_1_204' title='bbox 2312 1345 2561 1415; x_wconf 75' lang='lat' dir='ltr'><strong>gloriam,</strong></span> <span class='ocrx_word' id='word_1_205' title='bbox 2613 1347 2752 1401; x_wconf 90' lang='lat' dir='ltr'><strong>unde</strong></span> <span class='ocrx_word' id='word_1_206' title='bbox 2779 1349 3053 1418; x_wconf 84' lang='lat' dir='ltr'><strong>subjectus</strong></span> <span class='ocrx_word' id='word_1_207' title='bbox 3074 1366 3194 1406; x_wconf 89' lang='lat' dir='ltr'><strong>esse</strong></span> <span class='ocrx_word' id='word_1_208' title='bbox 3219 1353 3530 1423; x_wconf 80' lang='lat' dir='ltr'><strong>despexisti,</strong></span> 
     </span>
    </p>
   </div>
   <div class='ocr_carea' id='block_1_26' title="bbox 1949 1437 3529 1512">
    <p class='ocr_par' dir='ltr' id='par_1_26' title="bbox 1949 1437 3529 1512">
     <span class='ocr_line' id='line_1_26' title="bbox 1949 1437 3529 1512; baseline 0.005 -21"><span class='ocrx_word' id='word_1_209' title='bbox 1949 1437 2073 1492; x_wconf 90' lang='lat' dir='ltr'><strong>inde</strong></span> <span class='ocrx_word' id='word_1_210' title='bbox 2118 1437 2485 1493; x_wconf 87' lang='lat' dir='ltr'><strong>celsitudinem</strong></span> <span class='ocrx_word' id='word_1_211' title='bbox 2539 1440 2785 1503; x_wconf 85' lang='lat' dir='ltr'><strong>amisisti,</strong></span> <span class='ocrx_word' id='word_1_212' title='bbox 2833 1449 2993 1512; x_wconf 90' lang='lat' dir='ltr'><strong>atque</strong></span> <span class='ocrx_word' id='word_1_213' title='bbox 3024 1443 3248 1508; x_wconf 85' lang='lat' dir='ltr'><strong>idcirco,</strong></span> <span class='ocrx_word' id='word_1_214' title='bbox 3284 1463 3303 1494; x_wconf 84' lang='grc'><strong><em>‹</em></strong></span> <span class='ocrx_word' id='word_1_215' title='bbox 3336 1445 3388 1498; x_wconf 93' lang='lat' dir='ltr'><strong>in</strong></span> <span class='ocrx_word' id='word_1_216' title='bbox 3420 1455 3529 1499; x_wconf 88' lang='lat' dir='ltr'><strong>ler-</strong></span> 
     </span>
    </p>
   </div>
   <div class='ocr_carea' id='block_1_27' title="bbox 1951 1527 3532 1601">
    <p class='ocr_par' dir='ltr' id='par_1_27' title="bbox 1951 1527 3532 1601">
     <span class='ocr_line' id='line_1_27' title="bbox 1951 1527 3532 1601; baseline 0.007 -22"><span class='ocrx_word' id='word_1_217' title='bbox 1951 1542 2064 1580; x_wconf 92' lang='lat' dir='ltr'><strong>ram</strong></span> <span class='ocrx_word' id='word_1_218' title='bbox 2090 1527 2290 1596; x_wconf 88' lang='lat' dir='ltr'><strong>projeci</strong></span> <span class='ocrx_word' id='word_1_219' title='bbox 2323 1538 2394 1593; x_wconf 90' lang='lat' dir='ltr'><strong>te,</strong></span> <span class='ocrx_word' id='word_1_220' title='bbox 2424 1539 2548 1583; x_wconf 91' lang='lat' dir='ltr'><strong>ante</strong></span> <span class='ocrx_word' id='word_1_221' title='bbox 2576 1529 2766 1584; x_wconf 82' lang='lat' dir='ltr'><strong>faciem</strong></span> <span class='ocrx_word' id='word_1_222' title='bbox 2794 1546 2981 1601; x_wconf 89' lang='lat' dir='ltr'><strong>regum</strong></span> <span class='ocrx_word' id='word_1_223' title='bbox 3013 1532 3133 1586; x_wconf 92' lang='lat' dir='ltr'><strong>dedi</strong></span> <span class='ocrx_word' id='word_1_224' title='bbox 3164 1542 3236 1588; x_wconf 90' lang='lat' dir='ltr'><strong>te.</strong></span> <span class='ocrx_word' id='word_1_225' title='bbox 3265 1533 3322 1588; x_wconf 92' lang='lat' dir='ltr'><strong>ln</strong></span> <span class='ocrx_word' id='word_1_226' title='bbox 3348 1535 3532 1590; x_wconf 89' lang='lat' dir='ltr'><strong>multi-</strong></span> 
     </span>
    </p>
   </div>
   <div class='ocr_carea' id='block_1_28' title="bbox 1952 1620 3590 1698">
    <p class='ocr_par' dir='ltr' id='par_1_28' title="bbox 1952 1620 3590 1698">
     <span class='ocr_line' id='line_1_28' title="bbox 1952 1620 3590 1698; baseline 0.004 -24"><span class='ocrx_word' id='word_1_227' title='bbox 1952 1620 2136 1674; x_wconf 88' lang='lat' dir='ltr'><strong>tudine</strong></span> <span class='ocrx_word' id='word_1_228' title='bbox 2163 1621 2500 1690; x_wconf 88' lang='lat' dir='ltr'><strong>iniquitatum</strong></span> <span class='ocrx_word' id='word_1_229' title='bbox 2519 1631 2752 1686; x_wconf 90' lang='lat' dir='ltr'><strong>tuarum,</strong></span> <span class='ocrx_word' id='word_1_230' title='bbox 2775 1623 3127 1692; x_wconf 89' lang='lat' dir='ltr'><strong>etiniquitate</strong></span> <span class='ocrx_word' id='word_1_231' title='bbox 3153 1626 3537 1696; x_wconf 75' lang='lat' dir='ltr'><strong>negoriationis</strong></span> <span class='ocrx_word' id='word_1_232' title='bbox 3587 1695 3590 1698; x_wconf 8' lang='grc' dir='ltr'><strong><em>ἢ</em></strong></span> 
     </span>
    </p>
   </div>
   <div class='ocr_carea' id='block_1_29' title="bbox 1953 1709 3535 1786">
    <p class='ocr_par' dir='ltr' id='par_1_29' title="bbox 1953 1709 3535 1786">
     <span class='ocr_line' id='line_1_29' title="bbox 1953 1709 3535 1786; baseline 0.006 -24"><span class='ocrx_word' id='word_1_233' title='bbox 1953 1717 2057 1763; x_wconf 68' lang='lat' dir='ltr'><strong>tua:</strong></span> <span class='ocrx_word' id='word_1_234' title='bbox 2082 1709 2313 1777; x_wconf 90' lang='lat' dir='ltr'><strong>polluisti</strong></span> <span class='ocrx_word' id='word_1_235' title='bbox 2346 1709 2824 1766; x_wconf 82' lang='lat' dir='ltr'><strong>sanctificationem</strong></span> <span class='ocrx_word' id='word_1_236' title='bbox 2853 1723 3021 1768; x_wconf 89' lang='lat' dir='ltr'><strong>tuam.</strong></span> <span class='ocrx_word' id='word_1_237' title='bbox 3075 1714 3376 1770; x_wconf 85' lang='lat' dir='ltr'><strong>Producam</strong></span> <span class='ocrx_word' id='word_1_238' title='bbox 3402 1731 3535 1786; x_wconf 87' lang='lat' dir='ltr'><strong>ergo</strong></span> 
     </span>
    </p>
   </div>
   <div class='ocr_carea' id='block_1_30' title="bbox 1953 1800 3536 1872">
    <p class='ocr_par' dir='ltr' id='par_1_30' title="bbox 1953 1800 3536 1872">
     <span class='ocr_line' id='line_1_30' title="bbox 1953 1800 3536 1872; baseline 0.005 -19"><span class='ocrx_word' id='word_1_239' title='bbox 1953 1800 2129 1870; x_wconf 82' lang='lat' dir='ltr'><strong>ignem</strong></span> <span class='ocrx_word' id='word_1_240' title='bbox 2173 1801 2446 1857; x_wconf 75' lang='lat' dir='ltr'><strong>de&#39;medio</strong></span> <span class='ocrx_word' id='word_1_241' title='bbox 2498 1803 2594 1866; x_wconf 93' lang='lat' dir='ltr'><strong>tui,</strong></span> <span class='ocrx_word' id='word_1_242' title='bbox 2641 1803 2731 1872; x_wconf 92' lang='lat' dir='ltr'><strong>qui</strong></span> <span class='ocrx_word' id='word_1_243' title='bbox 2758 1806 3003 1859; x_wconf 87' lang='lat' dir='ltr'><strong>comedat</strong></span> <span class='ocrx_word' id='word_1_244' title='bbox 3030 1816 3102 1871; x_wconf 89' lang='lat' dir='ltr'><strong>te,</strong></span> <span class='ocrx_word' id='word_1_245' title='bbox 3149 1815 3202 1861; x_wconf 92' lang='lat' dir='ltr'><strong>et</strong></span> <span class='ocrx_word' id='word_1_246' title='bbox 3229 1808 3366 1862; x_wconf 87' lang='lat' dir='ltr'><strong>dabo</strong></span> <span class='ocrx_word' id='word_1_247' title='bbox 3398 1817 3447 1862; x_wconf 90' lang='lat' dir='ltr'><strong>te</strong></span> <span class='ocrx_word' id='word_1_248' title='bbox 3482 1809 3536 1861; x_wconf 87' lang='lat' dir='ltr'><strong>in</strong></span> 
     </span>
    </p>
   </div>
   <div class='ocr_carea' id='block_1_31' title="bbox 263 1886 3536 1964">
    <p class='ocr_par' dir='ltr' id='par_1_31' title="bbox 263 1886 3536 1964">
     <span class='ocr_line' id='line_1_31' title="bbox 263 1886 3536 1964; baseline 0.002 -18"><span class='ocrx_word' id='word_1_249' title='bbox 263 1901 316 1946; x_wconf 93' lang='lat' dir='ltr'><strong>et</strong></span> <span class='ocrx_word' id='word_1_250' title='bbox 337 1890 743 1962; x_wconf 58' lang='lat' dir='ltr'><strong>praedestinatio</strong></span> <span class='ocrx_word' id='word_1_251' title='bbox 791 1889 1147 1942; x_wconf 79' lang='lat' dir='ltr'><strong>malorumad</strong></span> <span class='ocrx_word' id='word_1_252' title='bbox 1177 1903 1388 1958; x_wconf 67' lang='lat' dir='ltr'><strong>purnam</strong></span> <span class='ocrx_word' id='word_1_253' title='bbox 1428 1889 1704 1953; x_wconf 85' lang='lat' dir='ltr'><strong>doceatur,</strong></span> <span class='ocrx_word' id='word_1_254' title='bbox 1754 1903 1852 1942; x_wconf 86' lang='lat' dir='ltr'><strong>nec</strong></span> <span class='ocrx_word' id='word_1_255' title='bbox 1879 1886 1926 1946; x_wconf 90' lang='lat' dir='ltr'><strong>B</strong></span> <span class='ocrx_word' id='word_1_256' title='bbox 1955 1892 2189 1945; x_wconf 85' lang='lat' dir='ltr'><strong>cinerem</strong></span> <span class='ocrx_word' id='word_1_257' title='bbox 2227 1907 2390 1962; x_wconf 88' lang='lat' dir='ltr'><strong>super</strong></span> <span class='ocrx_word' id='word_1_258' title='bbox 2420 1902 2618 1948; x_wconf 88' lang='lat' dir='ltr'><strong>terram</strong></span> <span class='ocrx_word' id='word_1_259' title='bbox 2661 1894 2713 1947; x_wconf 90' lang='lat' dir='ltr'><strong>in</strong></span> <span class='ocrx_word' id='word_1_260' title='bbox 2741 1905 3030 1964; x_wconf 90' lang='lat' dir='ltr'><strong>conspectu</strong></span> <span class='ocrx_word' id='word_1_261' title='bbox 3081 1898 3320 1952; x_wconf 90' lang='lat' dir='ltr'><strong>omnium</strong></span> <span class='ocrx_word' id='word_1_262' title='bbox 3351 1899 3536 1952; x_wconf 81' lang='lat' dir='ltr'><strong>viden-</strong></span> 
     </span>
    </p>
   </div>
   <div class='ocr_carea' id='block_1_32' title="bbox 265 1980 1850 2052">
    <p class='ocr_par' dir='ltr' id='par_1_32' title="bbox 265 1980 1850 2052">
     <span class='ocr_line' id='line_1_32' title="bbox 265 1980 1850 2052; baseline -0.001 -17"><span class='ocrx_word' id='word_1_263' title='bbox 265 1993 442 2036; x_wconf 86' lang='lat' dir='ltr'><strong>tatnen</strong></span> <span class='ocrx_word' id='word_1_264' title='bbox 472 1983 594 2036; x_wconf 88' lang='lat' dir='ltr'><strong>ideo</strong></span> <span class='ocrx_word' id='word_1_265' title='bbox 637 1982 703 2036; x_wconf 87' lang='lat' dir='ltr'><strong>ad</strong></span> <span class='ocrx_word' id='word_1_266' title='bbox 757 1997 875 2035; x_wconf 89' lang='lat' dir='ltr'><strong>eam</strong></span> <span class='ocrx_word' id='word_1_267' title='bbox 923 1981 1256 2051; x_wconf 82' lang='lat' dir='ltr'><strong>perveniant,</strong></span> <span class='ocrx_word' id='word_1_268' title='bbox 1305 1981 1430 2052; x_wconf 84' lang='lat' dir='ltr'><strong>quia</strong></span> <span class='ocrx_word' id='word_1_269' title='bbox 1484 1980 1850 2050; x_wconf 68' lang='lat' dir='ltr'><strong>pra-destinati</strong></span> 
     </span>
    </p>
   </div>
   <div class='ocr_carea' id='block_1_33' title="bbox 265 2073 1850 2145">
    <p class='ocr_par' dir='ltr' id='par_1_33' title="bbox 265 2073 1850 2145">
     <span class='ocr_line' id='line_1_33' title="bbox 265 2073 1850 2145; baseline -0.003 -15"><span class='ocrx_word' id='word_1_270' title='bbox 265 2085 404 2139; x_wconf 89' lang='lat' dir='ltr'><strong>sunt,</strong></span> <span class='ocrx_word' id='word_1_271' title='bbox 438 2077 531 2130; x_wconf 88' lang='lat' dir='ltr'><strong>sed</strong></span> <span class='ocrx_word' id='word_1_272' title='bbox 556 2090 717 2130; x_wconf 89' lang='lat' dir='ltr'><strong>causa</strong></span> <span class='ocrx_word' id='word_1_273' title='bbox 737 2075 1104 2145; x_wconf 87' lang='lat' dir='ltr'><strong>perventionis</strong></span> <span class='ocrx_word' id='word_1_274' title='bbox 1142 2090 1209 2129; x_wconf 78' lang='lat' dir='ltr'><strong>ex</strong></span> <span class='ocrx_word' id='word_1_275' title='bbox 1246 2073 1401 2144; x_wconf 87' lang='lat' dir='ltr'><strong>culpa</strong></span> <span class='ocrx_word' id='word_1_276' title='bbox 1437 2075 1509 2128; x_wconf 89' lang='lat' dir='ltr'><strong>sit</strong></span> <span class='ocrx_word' id='word_1_277' title='bbox 1530 2074 1850 2142; x_wconf 87' lang='lat' dir='ltr'><strong>delinquen-</strong></span> 
     </span>
    </p>
   </div>
   <div class='ocr_carea' id='block_1_34' title="bbox 267 2163 1851 2235">
    <p class='ocr_par' dir='ltr' id='par_1_34' title="bbox 267 2163 1851 2235">
     <span class='ocr_line' id='line_1_34' title="bbox 267 2163 1851 2235; baseline -0.002 -14"><span class='ocrx_word' id='word_1_278' title='bbox 267 2169 350 2231; x_wconf 87' lang='lat' dir='ltr'><strong>tis,</strong></span> <span class='ocrx_word' id='word_1_279' title='bbox 395 2183 505 2222; x_wconf 92' lang='lat' dir='ltr'><strong>non</strong></span> <span class='ocrx_word' id='word_1_280' title='bbox 533 2182 600 2222; x_wconf 78' lang='lat' dir='ltr'><strong>ex</strong></span> <span class='ocrx_word' id='word_1_281' title='bbox 643 2167 968 2221; x_wconf 90' lang='lat' dir='ltr'><strong>necessitate</strong></span> <span class='ocrx_word' id='word_1_282' title='bbox 1011 2166 1460 2235; x_wconf 70' lang='lat' dir='ltr'><strong>pnndestinantis.</strong></span> <span class='ocrx_word' id='word_1_283' title='bbox 1506 2163 1658 2220; x_wconf 91' lang='lat' dir='ltr'><strong>Sicut</strong></span> <span class='ocrx_word' id='word_1_284' title='bbox 1707 2165 1851 2218; x_wconf 90' lang='lat' dir='ltr'><strong>enim</strong></span> 
     </span>
    </p>
   </div>
   <div class='ocr_carea' id='block_1_35' title="bbox 267 2260 1848 2330">
    <p class='ocr_par' dir='ltr' id='par_1_35' title="bbox 267 2260 1848 2330">
     <span class='ocr_line' id='line_1_35' title="bbox 267 2260 1848 2330; baseline -0.001 -16"><span class='ocrx_word' id='word_1_285' title='bbox 267 2261 459 2330; x_wconf 87' lang='lat' dir='ltr'><strong>iniqui,</strong></span> <span class='ocrx_word' id='word_1_286' title='bbox 512 2261 637 2330; x_wconf 87' lang='lat' dir='ltr'><strong>quia</strong></span> <span class='ocrx_word' id='word_1_287' title='bbox 675 2261 1040 2330; x_wconf 66' lang='lat' dir='ltr'><strong>praedestinati</strong></span> <span class='ocrx_word' id='word_1_288' title='bbox 1088 2270 1213 2314; x_wconf 91' lang='lat' dir='ltr'><strong>sunt</strong></span> <span class='ocrx_word' id='word_1_289' title='bbox 1241 2261 1307 2314; x_wconf 88' lang='lat' dir='ltr'><strong>ad</strong></span> <span class='ocrx_word' id='word_1_290' title='bbox 1354 2274 1590 2330; x_wconf 66' lang='lat' dir='ltr'><strong>pinnam,</strong></span> <span class='ocrx_word' id='word_1_291' title='bbox 1623 2275 1728 2314; x_wconf 91' lang='lat' dir='ltr'><strong>non</strong></span> <span class='ocrx_word' id='word_1_292' title='bbox 1767 2260 1848 2313; x_wconf 87' lang='lat' dir='ltr'><strong>id-</strong></span> 
     </span>
    </p>
   </div>
   <div class='ocr_carea' id='block_1_36' title="bbox 265 2351 1851 2422">
    <p class='ocr_par' dir='ltr' id='par_1_36' title="bbox 265 2351 1851 2422">
     <span class='ocr_line' id='line_1_36' title="bbox 265 2351 1851 2422; baseline -0.001 -16"><span class='ocrx_word' id='word_1_293' title='bbox 265 2353 407 2406; x_wconf 87' lang='lat' dir='ltr'><strong>circo</strong></span> <span class='ocrx_word' id='word_1_294' title='bbox 452 2351 819 2422; x_wconf 68' lang='lat' dir='ltr'><strong>praedestinati</strong></span> <span class='ocrx_word' id='word_1_295' title='bbox 852 2361 977 2405; x_wconf 91' lang='lat' dir='ltr'><strong>sunt</strong></span> <span class='ocrx_word' id='word_1_296' title='bbox 1014 2352 1080 2406; x_wconf 89' lang='lat' dir='ltr'><strong>ad</strong></span> <span class='ocrx_word' id='word_1_297' title='bbox 1118 2360 1436 2421; x_wconf 88' lang='lat' dir='ltr'><strong>peccatum:</strong></span> <span class='ocrx_word' id='word_1_298' title='bbox 1486 2351 1851 2421; x_wconf 87' lang='lat' dir='ltr'><strong>unusquisque</strong></span> 
     </span>
    </p>
   </div>
   <div class='ocr_carea' id='block_1_37' title="bbox 266 2443 1850 2515">
    <p class='ocr_par' dir='ltr' id='par_1_37' title="bbox 266 2443 1850 2515">
     <span class='ocr_line' id='line_1_37' title="bbox 266 2443 1850 2515; baseline -0.001 -18"><span class='ocrx_word' id='word_1_299' title='bbox 266 2445 404 2497; x_wconf 88' lang='lat' dir='ltr'><strong>enim</strong></span> <span class='ocrx_word' id='word_1_300' title='bbox 437 2443 654 2514; x_wconf 90' lang='lat' dir='ltr'><strong>propria</strong></span> <span class='ocrx_word' id='word_1_301' title='bbox 690 2444 1123 2515; x_wconf 86' lang='lat' dir='ltr'><strong>concupiscentia</strong></span> <span class='ocrx_word' id='word_1_302' title='bbox 1161 2443 1332 2498; x_wconf 92' lang='lat' dir='ltr'><strong>victus</strong></span> <span class='ocrx_word' id='word_1_303' title='bbox 1361 2443 1591 2497; x_wconf 87' lang='lat' dir='ltr'><strong>trahitur</strong></span> <span class='ocrx_word' id='word_1_304' title='bbox 1631 2444 1696 2495; x_wconf 85' lang='lat' dir='ltr'><strong>ad</strong></span> <span class='ocrx_word' id='word_1_305' title='bbox 1727 2457 1850 2512; x_wconf 86' lang='lat' dir='ltr'><strong>pec-</strong></span> 
     </span>
    </p>
   </div>
   <div class='ocr_carea' id='block_1_38' title="bbox 267 2536 1849 2607">
    <p class='ocr_par' dir='ltr' id='par_1_38' title="bbox 267 2536 1849 2607">
     <span class='ocr_line' id='line_1_38' title="bbox 267 2536 1849 2607; baseline -0.003 -15"><span class='ocrx_word' id='word_1_306' title='bbox 267 2537 497 2592; x_wconf 85' lang='lat' dir='ltr'><strong>candum</strong></span> <span class='ocrx_word' id='word_1_307' title='bbox 524 2553 538 2601; x_wconf 92' lang='lat'><strong>;</strong></span> <span class='ocrx_word' id='word_1_308' title='bbox 574 2539 645 2590; x_wconf 90' lang='lat' dir='ltr'><strong>ita</strong></span> <span class='ocrx_word' id='word_1_309' title='bbox 671 2545 724 2591; x_wconf 90' lang='lat' dir='ltr'><strong>et</strong></span> <span class='ocrx_word' id='word_1_310' title='bbox 775 2537 865 2606; x_wconf 92' lang='lat' dir='ltr'><strong>qui</strong></span> <span class='ocrx_word' id='word_1_311' title='bbox 897 2547 1144 2606; x_wconf 90' lang='lat' dir='ltr'><strong>peccant,</strong></span> <span class='ocrx_word' id='word_1_312' title='bbox 1193 2545 1476 2607; x_wconf 87' lang='lat' dir='ltr'><strong>propterea</strong></span> <span class='ocrx_word' id='word_1_313' title='bbox 1503 2536 1626 2604; x_wconf 89' lang='lat' dir='ltr'><strong>quia</strong></span> <span class='ocrx_word' id='word_1_314' title='bbox 1656 2549 1849 2604; x_wconf 88' lang='lat' dir='ltr'><strong>pecca-</strong></span> 
     </span>
    </p>
   </div>
   <div class='ocr_carea' id='block_1_39' title="bbox 269 2625 1849 2698">
    <p class='ocr_par' dir='ltr' id='par_1_39' title="bbox 269 2625 1849 2698">
     <span class='ocr_line' id='line_1_39' title="bbox 269 2625 1849 2698; baseline -0.002 -17"><span class='ocrx_word' id='word_1_315' title='bbox 269 2636 407 2682; x_wconf 88' lang='lat' dir='ltr'><strong>tores</strong></span> <span class='ocrx_word' id='word_1_316' title='bbox 454 2627 690 2698; x_wconf 67' lang='lat' dir='ltr'><strong>prtesciti</strong></span> <span class='ocrx_word' id='word_1_317' title='bbox 722 2635 880 2693; x_wconf 90' lang='lat' dir='ltr'><strong>sunt,</strong></span> <span class='ocrx_word' id='word_1_318' title='bbox 913 2642 1013 2682; x_wconf 89' lang='lat' dir='ltr'><strong>nec</strong></span> <span class='ocrx_word' id='word_1_319' title='bbox 1057 2642 1156 2697; x_wconf 92' lang='lat' dir='ltr'><strong>pro</strong></span> <span class='ocrx_word' id='word_1_320' title='bbox 1197 2626 1431 2696; x_wconf 86' lang='lat' dir='ltr'><strong>peccatis</strong></span> <span class='ocrx_word' id='word_1_321' title='bbox 1476 2625 1849 2694; x_wconf 71' lang='lat' dir='ltr'><strong>prnuitentiam</strong></span> 
     </span>
    </p>
   </div>
   <div class='ocr_carea' id='block_1_40' title="bbox 265 2715 1849 2789">
    <p class='ocr_par' dir='ltr' id='par_1_40' title="bbox 265 2715 1849 2789">
     <span class='ocr_line' id='line_1_40' title="bbox 265 2715 1849 2789; baseline -0.003 -14"><span class='ocrx_word' id='word_1_322' title='bbox 265 2721 492 2788; x_wconf 83' lang='lat' dir='ltr'><strong>gessnri,</strong></span> <span class='ocrx_word' id='word_1_323' title='bbox 536 2721 738 2776; x_wconf 89' lang='lat' dir='ltr'><strong>idcirco</strong></span> <span class='ocrx_word' id='word_1_324' title='bbox 771 2721 839 2774; x_wconf 89' lang='lat' dir='ltr'><strong>ad</strong></span> <span class='ocrx_word' id='word_1_325' title='bbox 866 2734 1079 2789; x_wconf 69' lang='lat' dir='ltr'><strong>poenam</strong></span> <span class='ocrx_word' id='word_1_326' title='bbox 1107 2717 1474 2788; x_wconf 65' lang='lat' dir='ltr'><strong>praedestinati</strong></span> <span class='ocrx_word' id='word_1_327' title='bbox 1497 2724 1640 2771; x_wconf 82' lang='lat' dir='ltr'><strong>sunt.</strong></span> <span class='ocrx_word' id='word_1_328' title='bbox 1695 2715 1849 2783; x_wconf 85' lang='lat' dir='ltr'><strong>Quod</strong></span> 
     </span>
    </p>
   </div>
   <div class='ocr_carea' id='block_1_41' title="bbox 264 2807 1847 2881">
    <p class='ocr_par' dir='ltr' id='par_1_41' title="bbox 264 2807 1847 2881">
     <span class='ocr_line' id='line_1_41' title="bbox 264 2807 1847 2881; baseline -0.006 -13"><span class='ocrx_word' id='word_1_329' title='bbox 264 2829 326 2868; x_wconf 82' lang='lat' dir='ltr'><strong>ex</strong></span> <span class='ocrx_word' id='word_1_330' title='bbox 364 2813 625 2881; x_wconf 83' lang='lat' dir='ltr'><strong>subjectis</strong></span> <span class='ocrx_word' id='word_1_331' title='bbox 679 2813 904 2868; x_wconf 87' lang='lat' dir='ltr'><strong>forsitan</strong></span> <span class='ocrx_word' id='word_1_332' title='bbox 931 2853 945 2877; x_wconf 97' lang='lat'><strong>,</strong></span> <span class='ocrx_word' id='word_1_333' title='bbox 995 2811 1192 2865; x_wconf 89' lang='lat' dir='ltr'><strong>clarius</strong></span> <span class='ocrx_word' id='word_1_334' title='bbox 1227 2809 1510 2864; x_wconf 89' lang='lat' dir='ltr'><strong>elucescet.</strong></span> <span class='ocrx_word' id='word_1_335' title='bbox 1569 2807 1847 2877; x_wconf 86' lang='lat' dir='ltr'><strong>Scriptura</strong></span> 
     </span>
    </p>
   </div>
   <div class='ocr_carea' id='block_1_42' title="bbox 263 2898 1845 2977">
    <p class='ocr_par' dir='ltr' id='par_1_42' title="bbox 263 2898 1845 2977">
     <span class='ocr_line' id='line_1_42' title="bbox 263 2898 1845 2977; baseline -0.006 -16"><span class='ocrx_word' id='word_1_336' title='bbox 263 2923 414 2962; x_wconf 85' lang='lat' dir='ltr'><strong>sacra</strong></span> <span class='ocrx_word' id='word_1_337' title='bbox 444 2909 675 2962; x_wconf 82' lang='lat' dir='ltr'><strong>docente</strong></span> <span class='ocrx_word' id='word_1_338' title='bbox 714 2906 1084 2977; x_wconf 89' lang='lat' dir='ltr'><strong>cognovimus,</strong></span> <span class='ocrx_word' id='word_1_339' title='bbox 1133 2903 1273 2972; x_wconf 89' lang='lat' dir='ltr'><strong>quod</strong></span> <span class='ocrx_word' id='word_1_340' title='bbox 1305 2903 1351 2956; x_wconf 90' lang='lat' dir='ltr'><strong>is</strong></span> <span class='ocrx_word' id='word_1_341' title='bbox 1373 2901 1464 2972; x_wconf 89' lang='lat' dir='ltr'><strong>qui</strong></span> <span class='ocrx_word' id='word_1_342' title='bbox 1493 2915 1634 2955; x_wconf 92' lang='lat' dir='ltr'><strong>nunc</strong></span> <span class='ocrx_word' id='word_1_343' title='bbox 1665 2898 1845 2968; x_wconf 84' lang='lat' dir='ltr'><strong>perdi-</strong></span> 
     </span>
    </p>
   </div>
   <div class='ocr_carea' id='block_1_43' title="bbox 268 2993 1842 3069">
    <p class='ocr_par' dir='ltr' id='par_1_43' title="bbox 268 2993 1842 3069">
     <span class='ocr_line' id='line_1_43' title="bbox 268 2993 1842 3069; baseline -0.006 -15"><span class='ocrx_word' id='word_1_344' title='bbox 268 3010 436 3054; x_wconf 89' lang='lat' dir='ltr'><strong>torum</strong></span> <span class='ocrx_word' id='word_1_345' title='bbox 470 3001 722 3069; x_wconf 89' lang='lat' dir='ltr'><strong>princeps</strong></span> <span class='ocrx_word' id='word_1_346' title='bbox 747 3007 830 3052; x_wconf 90' lang='lat' dir='ltr'><strong>est</strong></span> <span class='ocrx_word' id='word_1_347' title='bbox 873 2997 1185 3068; x_wconf 77' lang='lat' dir='ltr'><strong>angelorum</strong></span> <span class='ocrx_word' id='word_1_348' title='bbox 1221 3012 1251 3049; x_wconf 86' lang='lat' dir='ltr'><strong>a</strong></span> <span class='ocrx_word' id='word_1_349' title='bbox 1299 2995 1563 3063; x_wconf 90' lang='lat' dir='ltr'><strong>principio</strong></span> <span class='ocrx_word' id='word_1_350' title='bbox 1595 2993 1646 3046; x_wconf 90' lang='lat' dir='ltr'><strong>in</strong></span> <span class='ocrx_word' id='word_1_351' title='bbox 1683 3007 1842 3062; x_wconf 84' lang='lat' dir='ltr'><strong>para-</strong></span> 
     </span>
    </p>
   </div>
   <div class='ocr_carea' id='block_1_44' title="bbox 263 3086 1846 3162">
    <p class='ocr_par' dir='ltr' id='par_1_44' title="bbox 263 3086 1846 3162">
     <span class='ocr_line' id='line_1_44' title="bbox 263 3086 1846 3162; baseline -0.003 -16"><span class='ocrx_word' id='word_1_352' title='bbox 263 3093 377 3148; x_wconf 83' lang='lat' dir='ltr'><strong>diso</strong></span> <span class='ocrx_word' id='word_1_353' title='bbox 407 3092 504 3146; x_wconf 88' lang='lat' dir='ltr'><strong>Dei</strong></span> <span class='ocrx_word' id='word_1_354' title='bbox 554 3092 782 3162; x_wconf 88' lang='lat' dir='ltr'><strong>positus,</strong></span> <span class='ocrx_word' id='word_1_355' title='bbox 823 3090 962 3144; x_wconf 90' lang='lat' dir='ltr'><strong>inter</strong></span> <span class='ocrx_word' id='word_1_356' title='bbox 1003 3088 1240 3144; x_wconf 61' lang='lat' dir='ltr'><strong>celestis</strong></span> <span class='ocrx_word' id='word_1_357' title='bbox 1285 3086 1491 3140; x_wconf 78' lang='lat' dir='ltr'><strong>militia:</strong></span> <span class='ocrx_word' id='word_1_358' title='bbox 1517 3086 1846 3156; x_wconf 78' lang='lat' dir='ltr'><strong>principatus</strong></span> 
     </span>
    </p>
   </div>
   <div class='ocr_carea' id='block_1_45' title="bbox 263 3178 1838 3252">
    <p class='ocr_par' dir='ltr' id='par_1_45' title="bbox 263 3178 1838 3252">
     <span class='ocr_line' id='line_1_45' title="bbox 263 3178 1838 3252; baseline -0.001 -18"><span class='ocrx_word' id='word_1_359' title='bbox 263 3183 454 3252; x_wconf 84' lang='lat' dir='ltr'><strong>plenus</strong></span> <span class='ocrx_word' id='word_1_360' title='bbox 499 3181 800 3252; x_wconf 90' lang='lat' dir='ltr'><strong>sapientia,</strong></span> <span class='ocrx_word' id='word_1_361' title='bbox 851 3191 905 3236; x_wconf 93' lang='lat' dir='ltr'><strong>et</strong></span> <span class='ocrx_word' id='word_1_362' title='bbox 953 3180 1222 3250; x_wconf 88' lang='lat' dir='ltr'><strong>perfectus</strong></span> <span class='ocrx_word' id='word_1_363' title='bbox 1269 3179 1464 3233; x_wconf 87' lang='lat' dir='ltr'><strong>decore</strong></span> <span class='ocrx_word' id='word_1_364' title='bbox 1513 3178 1838 3241; x_wconf 87' lang='lat' dir='ltr'><strong>constiterit,</strong></span> 
     </span>
    </p>
   </div>
   <div class='ocr_carea' id='block_1_46' title="bbox 1954 1984 3536 2058">
    <p class='ocr_par' dir='ltr' id='par_1_46' title="bbox 1954 1984 3536 2058">
     <span class='ocr_line' id='line_1_46' title="bbox 1954 1984 3536 2058; baseline 0.002 -20"><span class='ocrx_word' id='word_1_365' title='bbox 1954 1986 2085 2038; x_wconf 89' lang='lat' dir='ltr'><strong>tium</strong></span> <span class='ocrx_word' id='word_1_366' title='bbox 2116 1995 2186 2038; x_wconf 87' lang='lat' dir='ltr'><strong>te.</strong></span> <span class='ocrx_word' id='word_1_367' title='bbox 2237 1984 2436 2039; x_wconf 89' lang='lat' dir='ltr'><strong>Omnes</strong></span> <span class='ocrx_word' id='word_1_368' title='bbox 2459 1986 2549 2055; x_wconf 91' lang='lat' dir='ltr'><strong>qui</strong></span> <span class='ocrx_word' id='word_1_369' title='bbox 2580 1986 2829 2040; x_wconf 87' lang='lat' dir='ltr'><strong>viderunt</strong></span> <span class='ocrx_word' id='word_1_370' title='bbox 2871 1996 2921 2042; x_wconf 89' lang='lat' dir='ltr'><strong>te</strong></span> <span class='ocrx_word' id='word_1_371' title='bbox 2959 1987 3014 2040; x_wconf 92' lang='lat' dir='ltr'><strong>in</strong></span> <span class='ocrx_word' id='word_1_372' title='bbox 3043 1989 3312 2058; x_wconf 78' lang='lat' dir='ltr'><strong>gentibus,</strong></span> <span class='ocrx_word' id='word_1_373' title='bbox 3350 1989 3536 2043; x_wconf 79' lang='lat' dir='ltr'><strong>obstu-</strong></span> 
     </span>
    </p>
   </div>
   <div class='ocr_carea' id='block_1_47' title="bbox 1952 2074 3536 2147">
    <p class='ocr_par' dir='ltr' id='par_1_47' title="bbox 1952 2074 3536 2147">
     <span class='ocr_line' id='line_1_47' title="bbox 1952 2074 3536 2147; baseline 0.002 -18"><span class='ocrx_word' id='word_1_374' title='bbox 1952 2085 2170 2146; x_wconf 86' lang='lat' dir='ltr'><strong>pescent</strong></span> <span class='ocrx_word' id='word_1_375' title='bbox 2191 2089 2353 2144; x_wconf 90' lang='lat' dir='ltr'><strong>super</strong></span> <span class='ocrx_word' id='word_1_376' title='bbox 2383 2083 2453 2129; x_wconf 90' lang='lat' dir='ltr'><strong>te.</strong></span> <span class='ocrx_word' id='word_1_377' title='bbox 2484 2074 2626 2128; x_wconf 80' lang='lat' dir='ltr'><strong>Nihil</strong></span> <span class='ocrx_word' id='word_1_378' title='bbox 2656 2075 2829 2130; x_wconf 87' lang='lat' dir='ltr'><strong>factus</strong></span> <span class='ocrx_word' id='word_1_379' title='bbox 2856 2090 2939 2141; x_wconf 91' lang='lat' dir='ltr'><strong>es,</strong></span> <span class='ocrx_word' id='word_1_380' title='bbox 2983 2085 3038 2131; x_wconf 93' lang='lat' dir='ltr'><strong>et</strong></span> <span class='ocrx_word' id='word_1_381' title='bbox 3061 2093 3169 2132; x_wconf 90' lang='lat' dir='ltr'><strong>non</strong></span> <span class='ocrx_word' id='word_1_382' title='bbox 3196 2077 3304 2132; x_wconf 91' lang='lat' dir='ltr'><strong>eris</strong></span> <span class='ocrx_word' id='word_1_383' title='bbox 3332 2078 3385 2132; x_wconf 88' lang='lat' dir='ltr'><strong>in</strong></span> <span class='ocrx_word' id='word_1_384' title='bbox 3412 2092 3536 2147; x_wconf 80' lang='lat' dir='ltr'><strong>per-</strong></span> 
     </span>
    </p>
   </div>
   <div class='ocr_carea' id='block_1_48' title="bbox 1951 2167 3536 2240">
    <p class='ocr_par' dir='ltr' id='par_1_48' title="bbox 1951 2167 3536 2240">
     <span class='ocr_line' id='line_1_48' title="bbox 1951 2167 3536 2240; baseline 0.002 -18"><span class='ocrx_word' id='word_1_385' title='bbox 1951 2177 2168 2238; x_wconf 89' lang='lat' dir='ltr'><strong>petuum</strong></span> <span class='ocrx_word' id='word_1_386' title='bbox 2218 2167 2409 2238; x_wconf 79' lang='lat' dir='ltr'><strong>(lbid.,</strong></span> <span class='ocrx_word' id='word_1_387' title='bbox 2450 2168 2534 2230; x_wconf 86' lang='lat' dir='ltr'><strong>l8,</strong></span> <span class='ocrx_word' id='word_1_388' title='bbox 2593 2169 2701 2224; x_wconf 69' lang='lat' dir='ltr'><strong>l9).</strong></span> <span class='ocrx_word' id='word_1_389' title='bbox 2734 2188 2753 2220; x_wconf 77' lang='grc' dir='ltr'><strong><em>ι</em></strong></span> <span class='ocrx_word' id='word_1_390' title='bbox 2791 2169 2927 2224; x_wconf 84' lang='lat' dir='ltr'><strong>Ecce</strong></span> <span class='ocrx_word' id='word_1_391' title='bbox 2969 2182 3128 2238; x_wconf 65' lang='lat' dir='ltr'><strong>paena</strong></span> <span class='ocrx_word' id='word_1_392' title='bbox 3173 2169 3536 2240; x_wconf 84' lang='lat' dir='ltr'><strong>superbientis</strong></span> 
     </span>
    </p>
   </div>
   <div class='ocr_carea' id='block_1_49' title="bbox 1951 2259 3537 2334">
    <p class='ocr_par' dir='ltr' id='par_1_49' title="bbox 1951 2259 3537 2334">
     <span class='ocr_line' id='line_1_49' title="bbox 1951 2259 3537 2334; baseline 0.003 -20"><span class='ocrx_word' id='word_1_393' title='bbox 1951 2259 2148 2330; x_wconf 78' lang='lat' dir='ltr'><strong>angeli,</strong></span> <span class='ocrx_word' id='word_1_394' title='bbox 2180 2269 2238 2314; x_wconf 94' lang='lat' dir='ltr'><strong>ut</strong></span> <span class='ocrx_word' id='word_1_395' title='bbox 2257 2261 2324 2314; x_wconf 91' lang='lat' dir='ltr'><strong>de</strong></span> <span class='ocrx_word' id='word_1_396' title='bbox 2347 2261 2599 2329; x_wconf 88' lang='lat' dir='ltr'><strong>paradiso</strong></span> <span class='ocrx_word' id='word_1_397' title='bbox 2623 2261 2674 2314; x_wconf 93' lang='lat' dir='ltr'><strong>in</strong></span> <span class='ocrx_word' id='word_1_398' title='bbox 2700 2269 2898 2315; x_wconf 87' lang='lat' dir='ltr'><strong>terram</strong></span> <span class='ocrx_word' id='word_1_399' title='bbox 2929 2261 3202 2330; x_wconf 78' lang='lat' dir='ltr'><strong>projectus</strong></span> <span class='ocrx_word' id='word_1_400' title='bbox 3231 2264 3324 2326; x_wconf 87' lang='lat' dir='ltr'><strong>sit,</strong></span> <span class='ocrx_word' id='word_1_401' title='bbox 3352 2271 3408 2318; x_wconf 90' lang='lat' dir='ltr'><strong>et</strong></span> <span class='ocrx_word' id='word_1_402' title='bbox 3436 2278 3537 2334; x_wconf 89' lang='lat' dir='ltr'><strong>pro</strong></span> 
     </span>
    </p>
   </div>
   <div class='ocr_carea' id='block_1_50' title="bbox 1952 2351 3538 2424">
    <p class='ocr_par' dir='ltr' id='par_1_50' title="bbox 1952 2351 3538 2424">
     <span class='ocr_line' id='line_1_50' title="bbox 1952 2351 3538 2424; baseline 0.001 -18"><span class='ocrx_word' id='word_1_403' title='bbox 1952 2352 2375 2407; x_wconf 75' lang='lat' dir='ltr'><strong>sanctiﬁcatione</strong></span> <span class='ocrx_word' id='word_1_404' title='bbox 2418 2351 2767 2422; x_wconf 90' lang='lat' dir='ltr'><strong>pollutionem</strong></span> <span class='ocrx_word' id='word_1_405' title='bbox 2817 2355 3247 2417; x_wconf 75' lang='lat' dir='ltr'><strong>cormnutaverit,</strong></span> <span class='ocrx_word' id='word_1_406' title='bbox 3298 2369 3394 2424; x_wconf 88' lang='lat' dir='ltr'><strong>pro</strong></span> <span class='ocrx_word' id='word_1_407' title='bbox 3446 2355 3538 2408; x_wconf 81' lang='lat' dir='ltr'><strong>de-</strong></span> 
     </span>
    </p>
   </div>
   <div class='ocr_carea' id='block_1_51' title="bbox 1952 2443 3537 2512">
    <p class='ocr_par' dir='ltr' id='par_1_51' title="bbox 1952 2443 3537 2512">
     <span class='ocr_line' id='line_1_51' title="bbox 1952 2443 3537 2512; baseline 0 -14"><span class='ocrx_word' id='word_1_408' title='bbox 1952 2458 2075 2498; x_wconf 92' lang='lat' dir='ltr'><strong>core</strong></span> <span class='ocrx_word' id='word_1_409' title='bbox 2128 2443 2388 2506; x_wconf 87' lang='lat' dir='ltr'><strong>cinerem,</strong></span> <span class='ocrx_word' id='word_1_410' title='bbox 2451 2458 2549 2512; x_wconf 90' lang='lat' dir='ltr'><strong>pro</strong></span> <span class='ocrx_word' id='word_1_411' title='bbox 2585 2443 2866 2512; x_wconf 80' lang='lat' dir='ltr'><strong>sapientia:</strong></span> <span class='ocrx_word' id='word_1_412' title='bbox 2917 2443 3117 2499; x_wconf 87' lang='lat' dir='ltr'><strong>lumine</strong></span> <span class='ocrx_word' id='word_1_413' title='bbox 3152 2445 3537 2499; x_wconf 87' lang='lat' dir='ltr'><strong>combustionis</strong></span> 
     </span>
    </p>
   </div>
   <div class='ocr_carea' id='block_1_52' title="bbox 1953 2535 3533 2607">
    <p class='ocr_par' dir='ltr' id='par_1_52' title="bbox 1953 2535 3533 2607">
     <span class='ocr_line' id='line_1_52' title="bbox 1953 2535 3533 2607; baseline 0.001 -17"><span class='ocrx_word' id='word_1_414' title='bbox 1953 2536 2150 2607; x_wconf 85' lang='lat' dir='ltr'><strong>ignem,</strong></span> <span class='ocrx_word' id='word_1_415' title='bbox 2198 2544 2258 2590; x_wconf 91' lang='lat' dir='ltr'><strong>ut</strong></span> <span class='ocrx_word' id='word_1_416' title='bbox 2296 2537 2362 2589; x_wconf 89' lang='lat' dir='ltr'><strong>ad</strong></span> <span class='ocrx_word' id='word_1_417' title='bbox 2389 2535 2612 2590; x_wconf 85' lang='lat' dir='ltr'><strong>nihilum</strong></span> <span class='ocrx_word' id='word_1_418' title='bbox 2665 2537 2914 2592; x_wconf 90' lang='lat' dir='ltr'><strong>redactus</strong></span> <span class='ocrx_word' id='word_1_419' title='bbox 2959 2538 3093 2592; x_wconf 86' lang='lat' dir='ltr'><strong>nihil</strong></span> <span class='ocrx_word' id='word_1_420' title='bbox 3144 2539 3215 2592; x_wconf 90' lang='lat' dir='ltr'><strong>sit</strong></span> <span class='ocrx_word' id='word_1_421' title='bbox 3257 2539 3311 2592; x_wconf 93' lang='lat' dir='ltr'><strong>in</strong></span> <span class='ocrx_word' id='word_1_422' title='bbox 3339 2553 3533 2607; x_wconf 88' lang='lat' dir='ltr'><strong>perpe-</strong></span> 
     </span>
    </p>
   </div>
   <div class='ocr_carea' id='block_1_53' title="bbox 1952 2627 3532 2698">
    <p class='ocr_par' dir='ltr' id='par_1_53' title="bbox 1952 2627 3532 2698">
     <span class='ocr_line' id='line_1_53' title="bbox 1952 2627 3532 2698; baseline 0 -17"><span class='ocrx_word' id='word_1_423' title='bbox 1952 2636 2121 2681; x_wconf 89' lang='lat' dir='ltr'><strong>tuum.</strong></span> <span class='ocrx_word' id='word_1_424' title='bbox 2155 2627 2472 2683; x_wconf 82' lang='lat' dir='ltr'><strong>Audivimus</strong></span> <span class='ocrx_word' id='word_1_425' title='bbox 2519 2628 2661 2682; x_wconf 90' lang='lat' dir='ltr'><strong>enim</strong></span> <span class='ocrx_word' id='word_1_426' title='bbox 2703 2629 2829 2696; x_wconf 79' lang='lat' dir='ltr'><strong>quia</strong></span> <span class='ocrx_word' id='word_1_427' title='bbox 2863 2638 2983 2698; x_wconf 91' lang='lat' dir='ltr'><strong>post</strong></span> <span class='ocrx_word' id='word_1_428' title='bbox 3033 2630 3532 2698; x_wconf 65' lang='lat' dir='ltr'><strong>praevaricationem</strong></span> 
     </span>
    </p>
   </div>
   <div class='ocr_carea' id='block_1_54' title="bbox 1951 2719 3538 2789">
    <p class='ocr_par' dir='ltr' id='par_1_54' title="bbox 1951 2719 3538 2789">
     <span class='ocr_line' id='line_1_54' title="bbox 1951 2719 3538 2789; baseline 0.001 -17"><span class='ocrx_word' id='word_1_429' title='bbox 1951 2719 2308 2788; x_wconf 86' lang='lat' dir='ltr'><strong>superbientis</strong></span> <span class='ocrx_word' id='word_1_430' title='bbox 2353 2719 2550 2789; x_wconf 88' lang='lat' dir='ltr'><strong>angeli,</strong></span> <span class='ocrx_word' id='word_1_431' title='bbox 2585 2720 2710 2772; x_wconf 86' lang='lat' dir='ltr'><strong>data</strong></span> <span class='ocrx_word' id='word_1_432' title='bbox 2759 2719 2830 2773; x_wconf 87' lang='lat' dir='ltr'><strong>sit</strong></span> <span class='ocrx_word' id='word_1_433' title='bbox 2875 2719 3095 2774; x_wconf 90' lang='lat' dir='ltr'><strong>ultionis</strong></span> <span class='ocrx_word' id='word_1_434' title='bbox 3120 2721 3408 2785; x_wconf 90' lang='lat' dir='ltr'><strong>sententia,</strong></span> <span class='ocrx_word' id='word_1_435' title='bbox 3440 2719 3538 2774; x_wconf 89' lang='lat' dir='ltr'><strong>sed</strong></span> 
     </span>
    </p>
   </div>
   <div class='ocr_carea' id='block_1_55' title="bbox 1951 2812 3537 2883">
    <p class='ocr_par' dir='ltr' id='par_1_55' title="bbox 1951 2812 3537 2883">
     <span class='ocr_line' id='line_1_55' title="bbox 1951 2812 3537 2883; baseline 0 -16"><span class='ocrx_word' id='word_1_436' title='bbox 1951 2815 2188 2882; x_wconf 90' lang='lat' dir='ltr'><strong>nunquid</strong></span> <span class='ocrx_word' id='word_1_437' title='bbox 2229 2823 2510 2883; x_wconf 75' lang='lat' dir='ltr'><strong>postquam</strong></span> <span class='ocrx_word' id='word_1_438' title='bbox 2565 2812 2786 2882; x_wconf 87' lang='lat' dir='ltr'><strong>angelus</strong></span> <span class='ocrx_word' id='word_1_439' title='bbox 2832 2813 3095 2883; x_wconf 86' lang='lat' dir='ltr'><strong>peccavit,</strong></span> <span class='ocrx_word' id='word_1_440' title='bbox 3149 2822 3276 2868; x_wconf 89' lang='lat' dir='ltr'><strong>tunc</strong></span> <span class='ocrx_word' id='word_1_441' title='bbox 3302 2813 3537 2883; x_wconf 90' lang='lat' dir='ltr'><strong>primum</strong></span> 
     </span>
    </p>
   </div>
   <div class='ocr_carea' id='block_1_56' title="bbox 1948 2908 3538 2979">
    <p class='ocr_par' dir='ltr' id='par_1_56' title="bbox 1948 2908 3538 2979">
     <span class='ocr_line' id='line_1_56' title="bbox 1948 2908 3538 2979; baseline -0.004 -12"><span class='ocrx_word' id='word_1_442' title='bbox 1948 2910 2207 2979; x_wconf 83' lang='lat' dir='ltr'><strong>cogitavit</strong></span> <span class='ocrx_word' id='word_1_443' title='bbox 2239 2908 2592 2978; x_wconf 85' lang='lat' dir='ltr'><strong>Omnipotens</strong></span> <span class='ocrx_word' id='word_1_444' title='bbox 2627 2924 2792 2978; x_wconf 89' lang='lat' dir='ltr'><strong>quam</strong></span> <span class='ocrx_word' id='word_1_445' title='bbox 2822 2908 3046 2963; x_wconf 89' lang='lat' dir='ltr'><strong>inferret</strong></span> <span class='ocrx_word' id='word_1_446' title='bbox 3073 2908 3124 2962; x_wconf 90' lang='lat' dir='ltr'><strong>ei</strong></span> <span class='ocrx_word' id='word_1_447' title='bbox 3170 2921 3384 2978; x_wconf 72' lang='lat' dir='ltr'><strong>pmnam</strong></span> <span class='ocrx_word' id='word_1_448' title='bbox 3413 2921 3538 2978; x_wconf 85' lang='lat' dir='ltr'><strong>peo-</strong></span> 
     </span>
    </p>
   </div>
   <div class='ocr_carea' id='block_1_57' title="bbox 1949 2998 3535 3068">
    <p class='ocr_par' dir='ltr' id='par_1_57' title="bbox 1949 2998 3535 3068">
     <span class='ocr_line' id='line_1_57' title="bbox 1949 2998 3535 3068; baseline 0 -14"><span class='ocrx_word' id='word_1_449' title='bbox 1949 3000 2129 3054; x_wconf 88' lang='lat' dir='ltr'><strong>canti?</strong></span> <span class='ocrx_word' id='word_1_450' title='bbox 2155 3000 2212 3054; x_wconf 91' lang='lat' dir='ltr'><strong>Si</strong></span> <span class='ocrx_word' id='word_1_451' title='bbox 2248 3001 2348 3054; x_wconf 92' lang='lat' dir='ltr'><strong>hoc</strong></span> <span class='ocrx_word' id='word_1_452' title='bbox 2375 3009 2477 3065; x_wconf 91' lang='lat' dir='ltr'><strong>est,</strong></span> <span class='ocrx_word' id='word_1_453' title='bbox 2520 3015 2627 3054; x_wconf 91' lang='lat' dir='ltr'><strong>non</strong></span> <span class='ocrx_word' id='word_1_454' title='bbox 2647 3000 2751 3054; x_wconf 91' lang='lat' dir='ltr'><strong>erit</strong></span> <span class='ocrx_word' id='word_1_455' title='bbox 2782 3013 2966 3053; x_wconf 88' lang='lat' dir='ltr'><strong>verum</strong></span> <span class='ocrx_word' id='word_1_456' title='bbox 3013 2998 3158 3068; x_wconf 90' lang='lat' dir='ltr'><strong>quod</strong></span> <span class='ocrx_word' id='word_1_457' title='bbox 3188 2998 3260 3052; x_wconf 86' lang='lat' dir='ltr'><strong>ait</strong></span> <span class='ocrx_word' id='word_1_458' title='bbox 3303 2999 3535 3067; x_wconf 83' lang='lat' dir='ltr'><strong>Aposto-</strong></span> 
     </span>
    </p>
   </div>
   <div class='ocr_carea' id='block_1_58' title="bbox 1949 3088 3540 3160">
    <p class='ocr_par' dir='ltr' id='par_1_58' title="bbox 1949 3088 3540 3160">
     <span class='ocr_line' id='line_1_58' title="bbox 1949 3088 3540 3160; baseline -0.001 -16"><span class='ocrx_word' id='word_1_459' title='bbox 1949 3091 2052 3155; x_wconf 91' lang='lat' dir='ltr'><strong>lus,</strong></span> <span class='ocrx_word' id='word_1_460' title='bbox 2105 3091 2245 3159; x_wconf 86' lang='lat' dir='ltr'><strong>quod</strong></span> <span class='ocrx_word' id='word_1_461' title='bbox 2288 3109 2306 3142; x_wconf 71' lang='grc' dir='ltr'>ι</span> <span class='ocrx_word' id='word_1_462' title='bbox 2347 3091 2484 3160; x_wconf 90' lang='lat' dir='ltr'><strong>apud</strong></span> <span class='ocrx_word' id='word_1_463' title='bbox 2522 3089 2690 3144; x_wconf 91' lang='lat' dir='ltr'><strong>Deum</strong></span> <span class='ocrx_word' id='word_1_464' title='bbox 2719 3089 2861 3144; x_wconf 87' lang='lat' dir='ltr'><strong>nulla</strong></span> <span class='ocrx_word' id='word_1_465' title='bbox 2918 3089 2990 3143; x_wconf 91' lang='lat' dir='ltr'><strong>sit</strong></span> <span class='ocrx_word' id='word_1_466' title='bbox 3033 3088 3403 3151; x_wconf 89' lang='lat' dir='ltr'><strong>commutatio,</strong></span> <span class='ocrx_word' id='word_1_467' title='bbox 3439 3102 3540 3142; x_wconf 89' lang='lat' dir='ltr'><strong>nec</strong></span> 
     </span>
    </p>
   </div>
   <div class='ocr_carea' id='block_1_59' title="bbox 1946 3178 3538 3250">
    <p class='ocr_par' dir='ltr' id='par_1_59' title="bbox 1946 3178 3538 3250">
     <span class='ocr_line' id='line_1_59' title="bbox 1946 3178 3538 3250; baseline -0.001 -15"><span class='ocrx_word' id='word_1_468' title='bbox 1946 3181 2334 3238; x_wconf 86' lang='lat' dir='ltr'><strong>vicissitudinis</strong></span> <span class='ocrx_word' id='word_1_469' title='bbox 2367 3180 2866 3250; x_wconf 72' lang='lat' dir='ltr'><strong>obunibratianc.</strong></span> <span class='ocrx_word' id='word_1_470' title='bbox 2904 3195 2944 3245; x_wconf 89' lang='grc' dir='ltr'><strong>ι,</strong></span> <span class='ocrx_word' id='word_1_471' title='bbox 2981 3179 3085 3250; x_wconf 90' lang='lat' dir='ltr'><strong>l7).</strong></span> <span class='ocrx_word' id='word_1_472' title='bbox 3118 3199 3138 3232; x_wconf 70' lang='grc' dir='ltr'>ι</span> <span class='ocrx_word' id='word_1_473' title='bbox 3170 3178 3270 3235; x_wconf 86' lang='lat' dir='ltr'><strong>Ubi</strong></span> <span class='ocrx_word' id='word_1_474' title='bbox 3303 3192 3538 3247; x_wconf 87' lang='lat' dir='ltr'><strong>namque</strong></span> 
     </span>
    </p>
   </div>
   <div class='ocr_carea' id='block_1_60' title="bbox 255 3256 3538 3345">
    <p class='ocr_par' dir='ltr' id='par_1_60' title="bbox 255 3256 3538 3345">
     <span class='ocr_line' id='line_1_60' title="bbox 255 3256 3538 3345; baseline -0.002 -14"><span class='ocrx_word' id='word_1_475' title='bbox 255 3271 409 3340; x_wconf 78' lang='lat' dir='ltr'><strong>juxta</strong></span> <span class='ocrx_word' id='word_1_476' title='bbox 441 3276 588 3344; x_wconf 89' lang='lat' dir='ltr'><strong>quod</strong></span> <span class='ocrx_word' id='word_1_477' title='bbox 634 3273 894 3344; x_wconf 80' lang='lat' dir='ltr'><strong>propheta</strong></span> <span class='ocrx_word' id='word_1_478' title='bbox 949 3271 1018 3325; x_wconf 88' lang='lat' dir='ltr'><strong>de</strong></span> <span class='ocrx_word' id='word_1_479' title='bbox 1064 3286 1128 3326; x_wconf 80' lang='lat' dir='ltr'><strong>eo</strong></span> <span class='ocrx_word' id='word_1_480' title='bbox 1174 3271 1409 3339; x_wconf 76' lang='lat' dir='ltr'><strong>loquitur</strong></span> <span class='ocrx_word' id='word_1_481' title='bbox 1451 3269 1671 3324; x_wconf 83' lang='lat' dir='ltr'><strong>dicens:</strong></span> <span class='ocrx_word' id='word_1_482' title='bbox 1712 3289 1730 3320; x_wconf 72' lang='grc' dir='ltr'><strong><em>ι</em></strong></span> <span class='ocrx_word' id='word_1_483' title='bbox 1765 3267 1845 3322; x_wconf 84' lang='lat' dir='ltr'><strong>Tu</strong></span> <span class='ocrx_word' id='word_1_484' title='bbox 1875 3256 1921 3322; x_wconf 64' lang='grc' dir='ltr'><strong>(ἶ</strong></span> <span class='ocrx_word' id='word_1_485' title='bbox 1951 3274 2225 3345; x_wconf 87' lang='lat' dir='ltr'><strong>cogitatio,</strong></span> <span class='ocrx_word' id='word_1_486' title='bbox 2280 3289 2399 3343; x_wconf 66' lang='lat' dir='ltr'><strong>quae</strong></span> <span class='ocrx_word' id='word_1_487' title='bbox 2450 3273 2598 3342; x_wconf 91' lang='lat' dir='ltr'><strong>prius</strong></span> <span class='ocrx_word' id='word_1_488' title='bbox 2633 3289 2736 3328; x_wconf 93' lang='lat' dir='ltr'><strong>non</strong></span> <span class='ocrx_word' id='word_1_489' title='bbox 2780 3279 2899 3326; x_wconf 89' lang='lat' dir='ltr'><strong>erat</strong></span> <span class='ocrx_word' id='word_1_490' title='bbox 2948 3272 3145 3334; x_wconf 89' lang='lat' dir='ltr'><strong>oritur,</strong></span> <span class='ocrx_word' id='word_1_491' title='bbox 3196 3271 3344 3342; x_wconf 86' lang='lat' dir='ltr'><strong>prior</strong></span> <span class='ocrx_word' id='word_1_492' title='bbox 3389 3285 3538 3324; x_wconf 85' lang='lat' dir='ltr'><strong>men—</strong></span> 
     </span>
    </p>
   </div>
   <div class='ocr_carea' id='block_1_61' title="bbox 264 3357 1864 3435">
    <p class='ocr_par' dir='ltr' id='par_1_61' title="bbox 264 3357 1864 3435">
     <span class='ocr_line' id='line_1_61' title="bbox 264 3357 1864 3435; baseline -0.003 -16"><span class='ocrx_word' id='word_1_493' title='bbox 264 3364 598 3435; x_wconf 87' lang='lat' dir='ltr'><strong>signaculum</strong></span> <span class='ocrx_word' id='word_1_494' title='bbox 645 3361 1014 3417; x_wconf 88' lang='lat' dir='ltr'><strong>similitudinis</strong></span> <span class='ocrx_word' id='word_1_495' title='bbox 1063 3360 1250 3430; x_wconf 86' lang='lat' dir='ltr'><strong>plenus</strong></span> <span class='ocrx_word' id='word_1_496' title='bbox 1277 3360 1562 3430; x_wconf 87' lang='lat' dir='ltr'><strong>sapientia,</strong></span> <span class='ocrx_word' id='word_1_497' title='bbox 1593 3368 1649 3414; x_wconf 91' lang='lat' dir='ltr'><strong>et</strong></span> <span class='ocrx_word' id='word_1_498' title='bbox 1671 3357 1864 3428; x_wconf 73' lang='lat' dir='ltr'><strong>perfe-&#39;</strong></span> 
     </span>
    </p>
   </div>
   <div class='ocr_carea' id='block_1_62' title="bbox 263 3450 1893 3522">
    <p class='ocr_par' dir='ltr' id='par_1_62' title="bbox 263 3450 1893 3522">
     <span class='ocr_line' id='line_1_62' title="bbox 263 3450 1893 3522; baseline -0.006 -11"><span class='ocrx_word' id='word_1_499' title='bbox 263 3466 380 3511; x_wconf 89' lang='lat' dir='ltr'><strong>ctus</strong></span> <span class='ocrx_word' id='word_1_500' title='bbox 402 3458 619 3517; x_wconf 87' lang='lat' dir='ltr'><strong>decore,</strong></span> <span class='ocrx_word' id='word_1_501' title='bbox 648 3455 700 3509; x_wconf 90' lang='lat' dir='ltr'><strong>in</strong></span> <span class='ocrx_word' id='word_1_502' title='bbox 749 3454 955 3508; x_wconf 85' lang='lat' dir='ltr'><strong>deliciis</strong></span> <span class='ocrx_word' id='word_1_503' title='bbox 982 3452 1215 3522; x_wconf 85' lang='lat' dir='ltr'><strong>paradisi</strong></span> <span class='ocrx_word' id='word_1_504' title='bbox 1244 3452 1336 3506; x_wconf 90' lang='lat' dir='ltr'><strong>Dei</strong></span> <span class='ocrx_word' id='word_1_505' title='bbox 1365 3451 1534 3517; x_wconf 84' lang='lat' dir='ltr'><strong>fuisti,</strong></span> <span class='ocrx_word' id='word_1_506' title='bbox 1561 3451 1738 3506; x_wconf 91' lang='lat' dir='ltr'><strong>omnis</strong></span> <span class='ocrx_word' id='word_1_507' title='bbox 1766 3450 1845 3503; x_wconf 84' lang='lat' dir='ltr'><strong>la-</strong></span> <span class='ocrx_word' id='word_1_508' title='bbox 1889 3453 1893 3456; x_wconf 82' lang='grc'><strong>’</strong></span> 
     </span>
    </p>
   </div>
   <div class='ocr_carea' id='block_1_63' title="bbox 265 3539 1844 3619">
    <p class='ocr_par' dir='ltr' id='par_1_63' title="bbox 265 3539 1844 3619">
     <span class='ocr_line' id='line_1_63' title="bbox 265 3539 1844 3619; baseline -0.008 -12"><span class='ocrx_word' id='word_1_509' title='bbox 265 3550 343 3607; x_wconf 84' lang='lat' dir='ltr'><strong>Dis</strong></span> <span class='ocrx_word' id='word_1_510' title='bbox 371 3549 647 3619; x_wconf 89' lang='lat' dir='ltr'><strong>pretiosus</strong></span> <span class='ocrx_word' id='word_1_511' title='bbox 670 3539 1060 3618; x_wconf 84' lang='lat' dir='ltr'><strong>operimentum</strong></span> <span class='ocrx_word' id='word_1_512' title='bbox 1093 3553 1239 3599; x_wconf 92' lang='lat' dir='ltr'><strong>tuum</strong></span> <span class='ocrx_word' id='word_1_513' title='bbox 1267 3543 1480 3615; x_wconf 77' lang='lat' dir='ltr'><strong>(Ezech.</strong></span> <span class='ocrx_word' id='word_1_514' title='bbox 1508 3560 1660 3607; x_wconf 80' lang='lat' dir='ltr'><strong>xvul,</strong></span> <span class='ocrx_word' id='word_1_515' title='bbox 1686 3543 1797 3613; x_wconf 75' lang='lat' dir='ltr'><strong>l2).</strong></span> <span class='ocrx_word' id='word_1_516' title='bbox 1824 3562 1844 3595; x_wconf 72' lang='grc' dir='ltr'><strong><em>ι</em></strong></span> 
     </span>
    </p>
   </div>
   <div class='ocr_carea' id='block_1_64' title="bbox 268 3636 1848 3708">
    <p class='ocr_par' dir='ltr' id='par_1_64' title="bbox 268 3636 1848 3708">
     <span class='ocr_line' id='line_1_64' title="bbox 268 3636 1848 3708; baseline -0.001 -17"><span class='ocrx_word' id='word_1_517' title='bbox 268 3639 512 3708; x_wconf 74' lang='lat' dir='ltr'><strong>Nunquid</strong></span> <span class='ocrx_word' id='word_1_518' title='bbox 566 3655 689 3694; x_wconf 91' lang='lat' dir='ltr'><strong>cum</strong></span> <span class='ocrx_word' id='word_1_519' title='bbox 740 3640 792 3694; x_wconf 91' lang='lat' dir='ltr'><strong>in</strong></span> <span class='ocrx_word' id='word_1_520' title='bbox 819 3638 1143 3694; x_wconf 91' lang='lat' dir='ltr'><strong>conditionis</strong></span> <span class='ocrx_word' id='word_1_521' title='bbox 1181 3654 1291 3692; x_wconf 70' lang='lat' dir='ltr'><strong>suae</strong></span> <span class='ocrx_word' id='word_1_522' title='bbox 1325 3637 1592 3707; x_wconf 90' lang='lat' dir='ltr'><strong>principio</strong></span> <span class='ocrx_word' id='word_1_523' title='bbox 1622 3636 1744 3691; x_wconf 90' lang='lat' dir='ltr'><strong>talis</strong></span> <span class='ocrx_word' id='word_1_524' title='bbox 1793 3637 1848 3689; x_wconf 90' lang='lat' dir='ltr'><strong>in</strong></span> 
     </span>
    </p>
   </div>
   <div class='ocr_carea' id='block_1_65' title="bbox 267 3729 1845 3801">
    <p class='ocr_par' dir='ltr' id='par_1_65' title="bbox 267 3729 1845 3801">
     <span class='ocr_line' id='line_1_65' title="bbox 267 3729 1845 3801; baseline -0.003 -16"><span class='ocrx_word' id='word_1_525' title='bbox 267 3733 516 3801; x_wconf 85' lang='lat' dir='ltr'><strong>paradiso</strong></span> <span class='ocrx_word' id='word_1_526' title='bbox 546 3732 816 3795; x_wconf 88' lang='lat' dir='ltr'><strong>manebat,</strong></span> <span class='ocrx_word' id='word_1_527' title='bbox 854 3731 1064 3800; x_wconf 92' lang='lat' dir='ltr'><strong>qualem</strong></span> <span class='ocrx_word' id='word_1_528' title='bbox 1087 3730 1416 3800; x_wconf 89' lang='lat' dir='ltr'><strong>prophetalis</strong></span> <span class='ocrx_word' id='word_1_529' title='bbox 1437 3745 1616 3783; x_wconf 88' lang='lat' dir='ltr'><strong>sermo</strong></span> <span class='ocrx_word' id='word_1_530' title='bbox 1644 3729 1845 3782; x_wconf 84' lang='lat' dir='ltr'><strong>descri-</strong></span> 
     </span>
    </p>
   </div>
   <div class='ocr_carea' id='block_1_66' title="bbox 267 3821 1852 3892">
    <p class='ocr_par' dir='ltr' id='par_1_66' title="bbox 267 3821 1852 3892">
     <span class='ocr_line' id='line_1_66' title="bbox 267 3821 1852 3892; baseline -0.003 -15"><span class='ocrx_word' id='word_1_531' title='bbox 267 3825 363 3883; x_wconf 83' lang='lat' dir='ltr'><strong>bit,</strong></span> <span class='ocrx_word' id='word_1_532' title='bbox 399 3824 542 3877; x_wconf 89' lang='lat' dir='ltr'><strong>Deus</strong></span> <span class='ocrx_word' id='word_1_533' title='bbox 564 3823 655 3891; x_wconf 85' lang='lat' dir='ltr'><strong>qui</strong></span> <span class='ocrx_word' id='word_1_534' title='bbox 684 3824 864 3878; x_wconf 76' lang='lat' dir='ltr'><strong>Omnia</strong></span> <span class='ocrx_word' id='word_1_535' title='bbox 898 3823 1044 3877; x_wconf 92' lang='lat' dir='ltr'><strong>novit</strong></span> <span class='ocrx_word' id='word_1_536' title='bbox 1069 3822 1380 3892; x_wconf 89' lang='lat' dir='ltr'><strong>priusquam</strong></span> <span class='ocrx_word' id='word_1_537' title='bbox 1414 3821 1562 3883; x_wconf 76' lang='lat' dir='ltr'><strong>fiant,</strong></span> <span class='ocrx_word' id='word_1_538' title='bbox 1587 3836 1709 3875; x_wconf 91' lang='lat' dir='ltr'><strong>eum</strong></span> <span class='ocrx_word' id='word_1_539' title='bbox 1732 3834 1852 3888; x_wconf 81' lang='lat' dir='ltr'><strong>pro-</strong></span> 
     </span>
    </p>
   </div>
   <div class='ocr_carea' id='block_1_67' title="bbox 264 3909 1847 3984">
    <p class='ocr_par' dir='ltr' id='par_1_67' title="bbox 264 3909 1847 3984">
     <span class='ocr_line' id='line_1_67' title="bbox 264 3909 1847 3984; baseline -0.004 -16"><span class='ocrx_word' id='word_1_540' title='bbox 264 3923 380 3984; x_wconf 90' lang='lat' dir='ltr'><strong>pter</strong></span> <span class='ocrx_word' id='word_1_541' title='bbox 410 3915 722 3984; x_wconf 73' lang='lat' dir='ltr'><strong>superbiant</strong></span> <span class='ocrx_word' id='word_1_542' title='bbox 761 3913 829 3967; x_wconf 87' lang='lat' dir='ltr'><strong>ab</strong></span> <span class='ocrx_word' id='word_1_543' title='bbox 865 3914 965 3967; x_wconf 90' lang='lat' dir='ltr'><strong>hac</strong></span> <span class='ocrx_word' id='word_1_544' title='bbox 1007 3912 1334 3966; x_wconf 88' lang='lat' dir='ltr'><strong>beatitudine</strong></span> <span class='ocrx_word' id='word_1_545' title='bbox 1363 3927 1614 3966; x_wconf 91' lang='lat' dir='ltr'><strong>casurum</strong></span> <span class='ocrx_word' id='word_1_546' title='bbox 1640 3909 1847 3964; x_wconf 87' lang='lat' dir='ltr'><strong>nescie-</strong></span> 
     </span>
    </p>
   </div>
   <div class='ocr_carea' id='block_1_68' title="bbox 265 4001 1850 4073">
    <p class='ocr_par' dir='ltr' id='par_1_68' title="bbox 265 4001 1850 4073">
     <span class='ocr_line' id='line_1_68' title="bbox 265 4001 1850 4073; baseline -0.002 -13"><span class='ocrx_word' id='word_1_547' title='bbox 265 4006 394 4060; x_wconf 82' lang='lat' dir='ltr'><strong>bat?</strong></span> <span class='ocrx_word' id='word_1_548' title='bbox 419 4007 529 4061; x_wconf 85' lang='lat' dir='ltr'><strong>Aut</strong></span> <span class='ocrx_word' id='word_1_549' title='bbox 552 4007 780 4061; x_wconf 88' lang='lat' dir='ltr'><strong>scientia</strong></span> <span class='ocrx_word' id='word_1_550' title='bbox 817 4007 908 4060; x_wconf 87' lang='lat' dir='ltr'><strong>Dei</strong></span> <span class='ocrx_word' id='word_1_551' title='bbox 933 4005 1188 4073; x_wconf 89' lang='lat' dir='ltr'><strong>compulit</strong></span> <span class='ocrx_word' id='word_1_552' title='bbox 1217 4021 1339 4058; x_wconf 90' lang='lat' dir='ltr'><strong>eum</strong></span> <span class='ocrx_word' id='word_1_553' title='bbox 1363 4005 1428 4058; x_wconf 87' lang='lat' dir='ltr'><strong>ad</strong></span> <span class='ocrx_word' id='word_1_554' title='bbox 1458 4004 1664 4057; x_wconf 89' lang='lat' dir='ltr'><strong>ruinam</strong></span> <span class='ocrx_word' id='word_1_555' title='bbox 1688 4004 1710 4056; x_wconf 65' lang='grc' dir='ltr'>ἵ</span> <span class='ocrx_word' id='word_1_556' title='bbox 1734 4001 1850 4057; x_wconf 86' lang='lat' dir='ltr'><strong>Non</strong></span> 
     </span>
    </p>
   </div>
   <div class='ocr_carea' id='block_1_69' title="bbox 264 4098 1851 4169">
    <p class='ocr_par' dir='ltr' id='par_1_69' title="bbox 264 4098 1851 4169">
     <span class='ocr_line' id='line_1_69' title="bbox 264 4098 1851 4169; baseline 0.001 -18"><span class='ocrx_word' id='word_1_557' title='bbox 264 4098 470 4168; x_wconf 83' lang='lat' dir='ltr'><strong>utique,</strong></span> <span class='ocrx_word' id='word_1_558' title='bbox 499 4098 594 4154; x_wconf 86' lang='lat' dir='ltr'><strong>sed</strong></span> <span class='ocrx_word' id='word_1_559' title='bbox 619 4114 738 4168; x_wconf 67' lang='lat' dir='ltr'><strong>qua:</strong></span> <span class='ocrx_word' id='word_1_560' title='bbox 776 4114 862 4154; x_wconf 91' lang='lat' dir='ltr'><strong>res</strong></span> <span class='ocrx_word' id='word_1_561' title='bbox 901 4098 1174 4169; x_wconf 90' lang='lat' dir='ltr'><strong>impulerit</strong></span> <span class='ocrx_word' id='word_1_562' title='bbox 1201 4114 1323 4152; x_wconf 91' lang='lat' dir='ltr'><strong>eum</strong></span> <span class='ocrx_word' id='word_1_563' title='bbox 1353 4099 1419 4152; x_wconf 87' lang='lat' dir='ltr'><strong>ad</strong></span> <span class='ocrx_word' id='word_1_564' title='bbox 1450 4098 1663 4164; x_wconf 83' lang='lat' dir='ltr'><strong>ruinam</strong></span> <span class='ocrx_word' id='word_1_565' title='bbox 1695 4112 1851 4153; x_wconf 87' lang='lat' dir='ltr'><strong>sacra</strong></span> 
     </span>
    </p>
   </div>
   <div class='ocr_carea' id='block_1_70' title="bbox 265 4190 1851 4261">
    <p class='ocr_par' dir='ltr' id='par_1_70' title="bbox 265 4190 1851 4261">
     <span class='ocr_line' id='line_1_70' title="bbox 265 4190 1851 4261; baseline -0.001 -17"><span class='ocrx_word' id='word_1_566' title='bbox 265 4190 424 4246; x_wconf 88' lang='lat' dir='ltr'><strong>lectio</strong></span> <span class='ocrx_word' id='word_1_567' title='bbox 479 4207 585 4245; x_wconf 90' lang='lat' dir='ltr'><strong>non</strong></span> <span class='ocrx_word' id='word_1_568' title='bbox 622 4200 784 4256; x_wconf 88' lang='lat' dir='ltr'><strong>tacet,</strong></span> <span class='ocrx_word' id='word_1_569' title='bbox 834 4208 951 4261; x_wconf 69' lang='lat' dir='ltr'><strong>quae</strong></span> <span class='ocrx_word' id='word_1_570' title='bbox 1005 4191 1169 4246; x_wconf 89' lang='lat' dir='ltr'><strong>dicit:</strong></span> <span class='ocrx_word' id='word_1_571' title='bbox 1224 4209 1242 4241; x_wconf 75' lang='grc' dir='ltr'>ι</span> <span class='ocrx_word' id='word_1_572' title='bbox 1279 4190 1334 4244; x_wconf 90' lang='lat' dir='ltr'><strong>ln</strong></span> <span class='ocrx_word' id='word_1_573' title='bbox 1388 4190 1565 4245; x_wconf 88' lang='lat' dir='ltr'><strong>medio</strong></span> <span class='ocrx_word' id='word_1_574' title='bbox 1617 4190 1851 4259; x_wconf 90' lang='lat' dir='ltr'><strong>lapidum</strong></span> 
     </span>
    </p>
   </div>
   <div class='ocr_carea' id='block_1_71' title="bbox 266 4283 1850 4354">
    <p class='ocr_par' dir='ltr' id='par_1_71' title="bbox 266 4283 1850 4354">
     <span class='ocr_line' id='line_1_71' title="bbox 266 4283 1850 4354; baseline -0.002 -15"><span class='ocrx_word' id='word_1_575' title='bbox 266 4285 560 4354; x_wconf 84' lang='lat' dir='ltr'><strong>ignitorum</strong></span> <span class='ocrx_word' id='word_1_576' title='bbox 581 4284 865 4340; x_wconf 90' lang='lat' dir='ltr'><strong>ambulasti</strong></span> <span class='ocrx_word' id='word_1_577' title='bbox 887 4283 1160 4354; x_wconf 88' lang='lat' dir='ltr'><strong>perfectus</strong></span> <span class='ocrx_word' id='word_1_578' title='bbox 1188 4284 1241 4337; x_wconf 91' lang='lat' dir='ltr'><strong>in</strong></span> <span class='ocrx_word' id='word_1_579' title='bbox 1268 4283 1373 4337; x_wconf 89' lang='lat' dir='ltr'><strong>viis</strong></span> <span class='ocrx_word' id='word_1_580' title='bbox 1403 4283 1510 4337; x_wconf 94' lang='lat' dir='ltr'><strong>tuis</strong></span> <span class='ocrx_word' id='word_1_581' title='bbox 1535 4299 1564 4336; x_wconf 91' lang='lat' dir='ltr'><strong>a</strong></span> <span class='ocrx_word' id='word_1_582' title='bbox 1597 4283 1685 4337; x_wconf 88' lang='lat' dir='ltr'><strong>die</strong></span> <span class='ocrx_word' id='word_1_583' title='bbox 1714 4297 1850 4337; x_wconf 88' lang='lat' dir='ltr'><strong>con-</strong></span> 
     </span>
    </p>
   </div>
   <div class='ocr_carea' id='block_1_72' title="bbox 266 4374 1853 4445">
    <p class='ocr_par' dir='ltr' id='par_1_72' title="bbox 266 4374 1853 4445">
     <span class='ocr_line' id='line_1_72' title="bbox 266 4374 1853 4445; baseline -0.003 -13"><span class='ocrx_word' id='word_1_584' title='bbox 266 4377 488 4433; x_wconf 87' lang='lat' dir='ltr'><strong>ditionis</strong></span> <span class='ocrx_word' id='word_1_585' title='bbox 529 4385 654 4440; x_wconf 67' lang='lat' dir='ltr'><strong>tuie,</strong></span> <span class='ocrx_word' id='word_1_586' title='bbox 700 4376 871 4432; x_wconf 91' lang='lat' dir='ltr'><strong>donec</strong></span> <span class='ocrx_word' id='word_1_587' title='bbox 909 4377 1127 4432; x_wconf 87' lang='lat' dir='ltr'><strong>inventa</strong></span> <span class='ocrx_word' id='word_1_588' title='bbox 1175 4387 1256 4430; x_wconf 91' lang='lat' dir='ltr'><strong>est</strong></span> <span class='ocrx_word' id='word_1_589' title='bbox 1294 4375 1551 4445; x_wconf 89' lang='lat' dir='ltr'><strong>iniquitas</strong></span> <span class='ocrx_word' id='word_1_590' title='bbox 1590 4376 1641 4429; x_wconf 93' lang='lat' dir='ltr'><strong>in</strong></span> <span class='ocrx_word' id='word_1_591' title='bbox 1686 4384 1756 4428; x_wconf 90' lang='lat' dir='ltr'><strong>te.</strong></span> <span class='ocrx_word' id='word_1_592' title='bbox 1794 4374 1853 4428; x_wconf 92' lang='lat' dir='ltr'><strong>ln</strong></span> 
     </span>
    </p>
   </div>
   <div class='ocr_carea' id='block_1_73' title="bbox 269 4469 1854 4540">
    <p class='ocr_par' dir='ltr' id='par_1_73' title="bbox 269 4469 1854 4540">
     <span class='ocr_line' id='line_1_73' title="bbox 269 4469 1854 4540; baseline -0.002 -17"><span class='ocrx_word' id='word_1_593' title='bbox 269 4469 614 4524; x_wconf 90' lang='lat' dir='ltr'><strong>multitudine</strong></span> <span class='ocrx_word' id='word_1_594' title='bbox 643 4469 1023 4540; x_wconf 80' lang='lat' dir='ltr'><strong>negotiationis</strong></span> <span class='ocrx_word' id='word_1_595' title='bbox 1078 4478 1180 4523; x_wconf 67' lang='lat' dir='ltr'><strong>tua:</strong></span> <span class='ocrx_word' id='word_1_596' title='bbox 1208 4469 1412 4538; x_wconf 85' lang='lat' dir='ltr'><strong>repleta</strong></span> <span class='ocrx_word' id='word_1_597' title='bbox 1443 4476 1571 4523; x_wconf 89' lang='lat' dir='ltr'><strong>sunt</strong></span> <span class='ocrx_word' id='word_1_598' title='bbox 1593 4469 1854 4523; x_wconf 89' lang='lat' dir='ltr'><strong>interiora</strong></span> 
     </span>
    </p>
   </div>
   <div class='ocr_carea' id='block_1_74' title="bbox 269 4559 1855 4633">
    <p class='ocr_par' dir='ltr' id='par_1_74' title="bbox 269 4559 1855 4633">
     <span class='ocr_line' id='line_1_74' title="bbox 269 4559 1855 4633; baseline 0 -19"><span class='ocrx_word' id='word_1_599' title='bbox 269 4570 356 4615; x_wconf 92' lang='lat' dir='ltr'><strong>tua</strong></span> <span class='ocrx_word' id='word_1_600' title='bbox 386 4561 694 4631; x_wconf 88' lang='lat' dir='ltr'><strong>iniquitate,</strong></span> <span class='ocrx_word' id='word_1_601' title='bbox 738 4568 790 4615; x_wconf 91' lang='lat' dir='ltr'><strong>et</strong></span> <span class='ocrx_word' id='word_1_602' title='bbox 818 4561 1048 4630; x_wconf 91' lang='lat' dir='ltr'><strong>peccasti</strong></span> <span class='ocrx_word' id='word_1_603' title='bbox 1076 4561 1263 4632; x_wconf 54' lang='grc' dir='ltr'><strong>(Μήτι,</strong></span> <span class='ocrx_word' id='word_1_604' title='bbox 1303 4559 1439 4633; x_wconf 78' lang='grc'><strong>14).]</strong></span> <span class='ocrx_word' id='word_1_605' title='bbox 1468 4580 1486 4612; x_wconf 73' lang='grc' dir='ltr'><strong><em>ι</em></strong></span> <span class='ocrx_word' id='word_1_606' title='bbox 1535 4560 1672 4615; x_wconf 90' lang='lat' dir='ltr'><strong>Ecce</strong></span> <span class='ocrx_word' id='word_1_607' title='bbox 1715 4561 1855 4615; x_wconf 88' lang='lat' dir='ltr'><strong>unde</strong></span> 
     </span>
    </p>
   </div>
   <div class='ocr_carea' id='block_1_75' title="bbox 217 4649 1853 4718">
    <p class='ocr_par' dir='ltr' id='par_1_75' title="bbox 217 4649 1853 4718">
     <span class='ocr_line' id='line_1_75' title="bbox 217 4649 1853 4718; baseline 0 -12"><span class='ocrx_word' id='word_1_608' title='bbox 217 4697 228 4706; x_wconf 90' lang='lat'><strong>.</strong></span> <span class='ocrx_word' id='word_1_609' title='bbox 268 4654 481 4708; x_wconf 87' lang='lat' dir='ltr'><strong>cecidit.</strong></span> <span class='ocrx_word' id='word_1_610' title='bbox 517 4652 634 4708; x_wconf 85' lang='lat' dir='ltr'><strong>Non</strong></span> <span class='ocrx_word' id='word_1_611' title='bbox 660 4654 803 4708; x_wconf 91' lang='lat' dir='ltr'><strong>enim</strong></span> <span class='ocrx_word' id='word_1_612' title='bbox 829 4649 947 4709; x_wconf 74' lang='lat' dir='ltr'><strong>ideo</strong></span> <span class='ocrx_word' id='word_1_613' title='bbox 974 4655 1226 4710; x_wconf 88' lang='lat' dir='ltr'><strong>conditus</strong></span> <span class='ocrx_word' id='word_1_614' title='bbox 1257 4663 1424 4709; x_wconf 89' lang='lat' dir='ltr'><strong>estut</strong></span> <span class='ocrx_word' id='word_1_615' title='bbox 1467 4655 1706 4718; x_wconf 86' lang='lat' dir='ltr'><strong>caderet,</strong></span> <span class='ocrx_word' id='word_1_616' title='bbox 1754 4668 1853 4707; x_wconf 92' lang='lat' dir='ltr'><strong>nec</strong></span> 
     </span>
    </p>
   </div>
   <div class='ocr_carea' id='block_1_76' title="bbox 269 4744 1849 4816">
    <p class='ocr_par' dir='ltr' id='par_1_76' title="bbox 269 4744 1849 4816">
     <span class='ocr_line' id='line_1_76' title="bbox 269 4744 1849 4816; baseline 0.001 -19"><span class='ocrx_word' id='word_1_617' title='bbox 269 4745 472 4800; x_wconf 86' lang='lat' dir='ltr'><strong>idcirco</strong></span> <span class='ocrx_word' id='word_1_618' title='bbox 497 4745 812 4800; x_wconf 67' lang='lat' dir='ltr'><strong>ccclestibns</strong></span> <span class='ocrx_word' id='word_1_619' title='bbox 839 4744 1090 4815; x_wconf 63' lang='lat' dir='ltr'><strong>praelatus</strong></span> <span class='ocrx_word' id='word_1_620' title='bbox 1115 4746 1416 4816; x_wconf 88' lang='lat' dir='ltr'><strong>agminibus</strong></span> <span class='ocrx_word' id='word_1_621' title='bbox 1440 4785 1456 4809; x_wconf 93' lang='lat'><strong>,</strong></span> <span class='ocrx_word' id='word_1_622' title='bbox 1503 4754 1562 4799; x_wconf 92' lang='lat' dir='ltr'><strong>ut</strong></span> <span class='ocrx_word' id='word_1_623' title='bbox 1603 4746 1849 4815; x_wconf 86' lang='lat' dir='ltr'><strong>superbi-</strong></span> 
     </span>
    </p>
   </div>
   <div class='ocr_carea' id='block_1_77' title="bbox 271 4839 1852 4909">
    <p class='ocr_par' dir='ltr' id='par_1_77' title="bbox 271 4839 1852 4909">
     <span class='ocr_line' id='line_1_77' title="bbox 271 4839 1852 4909; baseline 0 -17"><span class='ocrx_word' id='word_1_624' title='bbox 271 4848 390 4902; x_wconf 86' lang='lat' dir='ltr'><strong>ret;</strong></span> <span class='ocrx_word' id='word_1_625' title='bbox 445 4853 546 4892; x_wconf 90' lang='lat' dir='ltr'><strong>nec</strong></span> <span class='ocrx_word' id='word_1_626' title='bbox 571 4848 853 4909; x_wconf 87' lang='lat' dir='ltr'><strong>propterea</strong></span> <span class='ocrx_word' id='word_1_627' title='bbox 886 4840 1155 4909; x_wconf 83' lang='lat' dir='ltr'><strong>perfectus</strong></span> <span class='ocrx_word' id='word_1_628' title='bbox 1203 4841 1383 4894; x_wconf 87' lang='lat' dir='ltr'><strong>inviis</strong></span> <span class='ocrx_word' id='word_1_629' title='bbox 1429 4840 1541 4893; x_wconf 89' lang='lat' dir='ltr'><strong>suis</strong></span> <span class='ocrx_word' id='word_1_630' title='bbox 1581 4847 1663 4893; x_wconf 89' lang='lat' dir='ltr'><strong>est</strong></span> <span class='ocrx_word' id='word_1_631' title='bbox 1697 4854 1726 4891; x_wconf 93' lang='lat' dir='ltr'><strong>a</strong></span> <span class='ocrx_word' id='word_1_632' title='bbox 1765 4839 1852 4892; x_wconf 88' lang='lat' dir='ltr'><strong>die</strong></span> 
     </span>
    </p>
   </div>
   <div class='ocr_carea' id='block_1_78' title="bbox 268 4931 1847 5001">
    <p class='ocr_par' dir='ltr' id='par_1_78' title="bbox 268 4931 1847 5001">
     <span class='ocr_line' id='line_1_78' title="bbox 268 4931 1847 5001; baseline -0.001 -15"><span class='ocrx_word' id='word_1_633' title='bbox 268 4931 596 4986; x_wconf 87' lang='lat' dir='ltr'><strong>conditionis</strong></span> <span class='ocrx_word' id='word_1_634' title='bbox 617 4947 749 4996; x_wconf 62' lang='lat' dir='ltr'><strong>suae,</strong></span> <span class='ocrx_word' id='word_1_635' title='bbox 783 4944 841 4986; x_wconf 89' lang='lat' dir='ltr'><strong>ut</strong></span> <span class='ocrx_word' id='word_1_636' title='bbox 871 4934 937 4985; x_wconf 89' lang='lat' dir='ltr'><strong>ad</strong></span> <span class='ocrx_word' id='word_1_637' title='bbox 966 4933 1301 5001; x_wconf 83' lang='lat' dir='ltr'><strong>iniquitatem</strong></span> <span class='ocrx_word' id='word_1_638' title='bbox 1334 4933 1644 4996; x_wconf 81' lang='lat' dir='ltr'><strong>declinaret,</strong></span> <span class='ocrx_word' id='word_1_639' title='bbox 1676 4939 1729 4987; x_wconf 90' lang='lat' dir='ltr'><strong>et</strong></span> <span class='ocrx_word' id='word_1_640' title='bbox 1750 4932 1847 4984; x_wconf 82' lang='lat' dir='ltr'><strong>ad-</strong></span> 
     </span>
    </p>
   </div>
   <div class='ocr_carea' id='block_1_79' title="bbox 269 5019 1850 5092">
    <p class='ocr_par' dir='ltr' id='par_1_79' title="bbox 269 5019 1850 5092">
     <span class='ocr_line' id='line_1_79' title="bbox 269 5019 1850 5092; baseline 0.001 -18"><span class='ocrx_word' id='word_1_641' title='bbox 269 5036 461 5076; x_wconf 82' lang='lat' dir='ltr'><strong>versus</strong></span> <span class='ocrx_word' id='word_1_642' title='bbox 487 5021 571 5075; x_wconf 90' lang='lat' dir='ltr'><strong>sui</strong></span> <span class='ocrx_word' id='word_1_643' title='bbox 596 5019 901 5076; x_wconf 85' lang='lat' dir='ltr'><strong>Conditoris</strong></span> <span class='ocrx_word' id='word_1_644' title='bbox 929 5022 1311 5092; x_wconf 89' lang='lat' dir='ltr'><strong>benignitatem</strong></span> <span class='ocrx_word' id='word_1_645' title='bbox 1335 5022 1581 5092; x_wconf 84' lang='lat' dir='ltr'><strong>superbia</strong></span> <span class='ocrx_word' id='word_1_646' title='bbox 1614 5022 1850 5076; x_wconf 89' lang='lat' dir='ltr'><strong>tumidus</strong></span> 
     </span>
    </p>
   </div>
   <div class='ocr_carea' id='block_1_80' title="bbox 269 5112 1854 5182">
    <p class='ocr_par' dir='ltr' id='par_1_80' title="bbox 269 5112 1854 5182">
     <span class='ocr_line' id='line_1_80' title="bbox 269 5112 1854 5182; baseline 0 -16"><span class='ocrx_word' id='word_1_647' title='bbox 269 5112 643 5168; x_wconf 75' lang='lat' dir='ltr'><strong>extolleretur.</strong></span> <span class='ocrx_word' id='word_1_648' title='bbox 683 5113 776 5168; x_wconf 87' lang='lat' dir='ltr'><strong>llle</strong></span> <span class='ocrx_word' id='word_1_649' title='bbox 806 5122 982 5167; x_wconf 86' lang='lat' dir='ltr'><strong>tamen</strong></span> <span class='ocrx_word' id='word_1_650' title='bbox 1011 5114 1099 5182; x_wconf 89' lang='lat' dir='ltr'><strong>qui</strong></span> <span class='ocrx_word' id='word_1_651' title='bbox 1128 5114 1276 5168; x_wconf 92' lang='lat' dir='ltr'><strong>novit</strong></span> <span class='ocrx_word' id='word_1_652' title='bbox 1299 5116 1500 5176; x_wconf 90' lang='lat' dir='ltr'><strong>omnia,</strong></span> <span class='ocrx_word' id='word_1_653' title='bbox 1525 5125 1579 5168; x_wconf 91' lang='lat' dir='ltr'><strong>et</strong></span> <span class='ocrx_word' id='word_1_654' title='bbox 1602 5114 1688 5168; x_wconf 90' lang='lat' dir='ltr'><strong>cui</strong></span> <span class='ocrx_word' id='word_1_655' title='bbox 1720 5112 1854 5167; x_wconf 89' lang='lat' dir='ltr'><strong>nihil</strong></span> 
     </span>
    </p>
   </div>
   <div class='ocr_carea' id='block_1_81' title="bbox 269 5203 1856 5274">
    <p class='ocr_par' dir='ltr' id='par_1_81' title="bbox 269 5203 1856 5274">
     <span class='ocr_line' id='line_1_81' title="bbox 269 5203 1856 5274; baseline -0.001 -16"><span class='ocrx_word' id='word_1_656' title='bbox 269 5213 355 5258; x_wconf 85' lang='lat' dir='ltr'><strong>est</strong></span> <span class='ocrx_word' id='word_1_657' title='bbox 383 5204 736 5274; x_wconf 73' lang='lat' dir='ltr'><strong>prmteritum,</strong></span> <span class='ocrx_word' id='word_1_658' title='bbox 761 5203 1002 5273; x_wconf 83' lang='lat' dir='ltr'><strong>nihilque</strong></span> <span class='ocrx_word' id='word_1_659' title='bbox 1024 5203 1284 5266; x_wconf 90' lang='lat' dir='ltr'><strong>futurum,</strong></span> <span class='ocrx_word' id='word_1_660' title='bbox 1320 5204 1412 5258; x_wconf 89' lang='lat' dir='ltr'><strong>sed</strong></span> <span class='ocrx_word' id='word_1_661' title='bbox 1447 5205 1692 5259; x_wconf 84' lang='lat' dir='ltr'><strong>universa</strong></span> <span class='ocrx_word' id='word_1_662' title='bbox 1721 5219 1856 5273; x_wconf 62' lang='lat' dir='ltr'><strong>pra:-</strong></span> 
     </span>
    </p>
   </div>
   <div class='ocr_carea' id='block_1_82' title="bbox 273 5293 1852 5363">
    <p class='ocr_par' dir='ltr' id='par_1_82' title="bbox 273 5293 1852 5363">
     <span class='ocr_line' id='line_1_82' title="bbox 273 5293 1852 5363; baseline 0 -16"><span class='ocrx_word' id='word_1_663' title='bbox 273 5293 412 5347; x_wconf 88' lang='lat' dir='ltr'><strong>scnti</strong></span> <span class='ocrx_word' id='word_1_664' title='bbox 442 5293 837 5363; x_wconf 84' lang='lat' dir='ltr'><strong>contemplatur</strong></span> <span class='ocrx_word' id='word_1_665' title='bbox 883 5294 1101 5358; x_wconf 87' lang='lat' dir='ltr'><strong>intuitu,</strong></span> <span class='ocrx_word' id='word_1_666' title='bbox 1154 5301 1377 5348; x_wconf 88' lang='lat' dir='ltr'><strong>noverat</strong></span> <span class='ocrx_word' id='word_1_667' title='bbox 1411 5293 1558 5347; x_wconf 90' lang='lat' dir='ltr'><strong>illum</strong></span> <span class='ocrx_word' id='word_1_668' title='bbox 1594 5295 1667 5347; x_wconf 87' lang='lat' dir='ltr'><strong>ita</strong></span> <span class='ocrx_word' id='word_1_669' title='bbox 1693 5309 1852 5348; x_wconf 84' lang='lat' dir='ltr'><strong>casu-</strong></span> 
     </span>
    </p>
   </div>
   <div class='ocr_carea' id='block_1_83' title="bbox 275 5386 1856 5455">
    <p class='ocr_par' dir='ltr' id='par_1_83' title="bbox 275 5386 1856 5455">
     <span class='ocr_line' id='line_1_83' title="bbox 275 5386 1856 5455; baseline 0.004 -20"><span class='ocrx_word' id='word_1_670' title='bbox 275 5397 428 5450; x_wconf 88' lang='lat' dir='ltr'><strong>rum;</strong></span> <span class='ocrx_word' id='word_1_671' title='bbox 479 5397 582 5438; x_wconf 86' lang='lat' dir='ltr'><strong>nec</strong></span> <span class='ocrx_word' id='word_1_672' title='bbox 619 5394 747 5440; x_wconf 88' lang='lat' dir='ltr'><strong>tunc</strong></span> <span class='ocrx_word' id='word_1_673' title='bbox 791 5395 998 5440; x_wconf 90' lang='lat' dir='ltr'><strong>tantum</strong></span> <span class='ocrx_word' id='word_1_674' title='bbox 1051 5387 1199 5441; x_wconf 87' lang='lat' dir='ltr'><strong>novit</strong></span> <span class='ocrx_word' id='word_1_675' title='bbox 1233 5386 1448 5455; x_wconf 90' lang='lat' dir='ltr'><strong>quando</strong></span> <span class='ocrx_word' id='word_1_676' title='bbox 1499 5386 1714 5450; x_wconf 85' lang='lat' dir='ltr'><strong>cecidit,</strong></span> <span class='ocrx_word' id='word_1_677' title='bbox 1763 5395 1856 5441; x_wconf 86' lang='lat' dir='ltr'><strong>aut</strong></span> 
     </span>
    </p>
   </div>
   <div class='ocr_carea' id='block_1_84' title="bbox 275 5476 1855 5548">
    <p class='ocr_par' dir='ltr' id='par_1_84' title="bbox 275 5476 1855 5548">
     <span class='ocr_line' id='line_1_84' title="bbox 275 5476 1855 5548; baseline 0.002 -20"><span class='ocrx_word' id='word_1_678' title='bbox 275 5477 490 5544; x_wconf 84' lang='lat' dir='ltr'><strong>quando</strong></span> <span class='ocrx_word' id='word_1_679' title='bbox 519 5476 772 5532; x_wconf 88' lang='lat' dir='ltr'><strong>interiora</strong></span> <span class='ocrx_word' id='word_1_680' title='bbox 823 5494 922 5532; x_wconf 90' lang='lat' dir='ltr'><strong>sua</strong></span> <span class='ocrx_word' id='word_1_681' title='bbox 959 5478 1181 5548; x_wconf 84' lang='lat' dir='ltr'><strong>replevit</strong></span> <span class='ocrx_word' id='word_1_682' title='bbox 1221 5478 1525 5548; x_wconf 88' lang='lat' dir='ltr'><strong>iniquitate,</strong></span> <span class='ocrx_word' id='word_1_683' title='bbox 1575 5479 1668 5532; x_wconf 90' lang='lat' dir='ltr'><strong>sed</strong></span> <span class='ocrx_word' id='word_1_684' title='bbox 1700 5487 1855 5531; x_wconf 86' lang='lat' dir='ltr'><strong>ante-</strong></span> 
     </span>
    </p>
   </div>
   <div class='ocr_carea' id='block_1_85' title="bbox 277 5565 1854 5638">
    <p class='ocr_par' dir='ltr' id='par_1_85' title="bbox 277 5565 1854 5638">
     <span class='ocr_line' id='line_1_85' title="bbox 277 5565 1854 5638; baseline 0.001 -20"><span class='ocrx_word' id='word_1_685' title='bbox 277 5580 437 5634; x_wconf 83' lang='lat' dir='ltr'><strong>quam</strong></span> <span class='ocrx_word' id='word_1_686' title='bbox 473 5565 621 5620; x_wconf 89' lang='lat' dir='ltr'><strong>illum</strong></span> <span class='ocrx_word' id='word_1_687' title='bbox 668 5577 904 5632; x_wconf 86' lang='lat' dir='ltr'><strong>crearet,</strong></span> <span class='ocrx_word' id='word_1_688' title='bbox 952 5569 1065 5623; x_wconf 56' lang='lat' dir='ltr'><strong>haec</strong></span> <span class='ocrx_word' id='word_1_689' title='bbox 1107 5569 1506 5638; x_wconf 87' lang='lat' dir='ltr'><strong>cognoscebat;</strong></span> <span class='ocrx_word' id='word_1_690' title='bbox 1539 5582 1636 5622; x_wconf 90' lang='lat' dir='ltr'><strong>nec</strong></span> <span class='ocrx_word' id='word_1_691' title='bbox 1678 5577 1854 5621; x_wconf 88' lang='lat' dir='ltr'><strong>tamen</strong></span> 
     </span>
    </p>
   </div>
   <div class='ocr_carea' id='block_1_86' title="bbox 276 5660 1858 5731">
    <p class='ocr_par' dir='ltr' id='par_1_86' title="bbox 276 5660 1858 5731">
     <span class='ocr_line' id='line_1_86' title="bbox 276 5660 1858 5731; baseline -0.001 -17"><span class='ocrx_word' id='word_1_692' title='bbox 276 5660 515 5731; x_wconf 83' lang='lat' dir='ltr'><strong>cognitio</strong></span> <span class='ocrx_word' id='word_1_693' title='bbox 545 5660 636 5716; x_wconf 89' lang='lat' dir='ltr'><strong>Dei</strong></span> <span class='ocrx_word' id='word_1_694' title='bbox 665 5660 925 5730; x_wconf 89' lang='lat' dir='ltr'><strong>compulit</strong></span> <span class='ocrx_word' id='word_1_695' title='bbox 952 5677 1074 5716; x_wconf 92' lang='lat' dir='ltr'><strong>eum</strong></span> <span class='ocrx_word' id='word_1_696' title='bbox 1109 5661 1176 5716; x_wconf 88' lang='lat' dir='ltr'><strong>ad</strong></span> <span class='ocrx_word' id='word_1_697' title='bbox 1219 5662 1451 5726; x_wconf 90' lang='lat' dir='ltr'><strong>ruinam,</strong></span> <span class='ocrx_word' id='word_1_698' title='bbox 1481 5662 1575 5717; x_wconf 85' lang='lat' dir='ltr'><strong>sed</strong></span> <span class='ocrx_word' id='word_1_699' title='bbox 1604 5661 1858 5730; x_wconf 88' lang='lat' dir='ltr'><strong>iniquitas</strong></span> 
     </span>
    </p>
   </div>
   <div class='ocr_carea' id='block_1_87' title="bbox 277 5737 1859 5824">
    <p class='ocr_par' dir='ltr' id='par_1_87' title="bbox 277 5737 1859 5824">
     <span class='ocr_line' id='line_1_87' title="bbox 277 5737 1859 5824; baseline -0.001 -18"><span class='ocrx_word' id='word_1_700' title='bbox 277 5750 412 5820; x_wconf 79' lang='lat' dir='ltr'><strong>eius.</strong></span> <span class='ocrx_word' id='word_1_701' title='bbox 470 5737 670 5809; x_wconf 84' lang='lat' dir='ltr'><strong>Deinde</strong></span> <span class='ocrx_word' id='word_1_702' title='bbox 723 5769 901 5808; x_wconf 87' lang='lat' dir='ltr'><strong>sermo</strong></span> <span class='ocrx_word' id='word_1_703' title='bbox 946 5752 1272 5824; x_wconf 86' lang='lat' dir='ltr'><strong>prophetalis</strong></span> <span class='ocrx_word' id='word_1_704' title='bbox 1312 5754 1690 5824; x_wconf 84' lang='lat' dir='ltr'><strong>prosequitur:</strong></span> <span class='ocrx_word' id='word_1_705' title='bbox 1740 5773 1756 5803; x_wconf 84' lang='grc'><strong>‹</strong></span> <span class='ocrx_word' id='word_1_706' title='bbox 1795 5753 1859 5806; x_wconf 78' lang='lat' dir='ltr'><strong>Et</strong></span> 
     </span>
    </p>
   </div>
   <div class='ocr_carea' id='block_1_88' title="bbox 279 5845 1858 5918">
    <p class='ocr_par' dir='ltr' id='par_1_88' title="bbox 279 5845 1858 5918">
     <span class='ocr_line' id='line_1_88' title="bbox 279 5845 1858 5918; baseline 0 -17"><span class='ocrx_word' id='word_1_707' title='bbox 279 5845 413 5914; x_wconf 69' lang='lat' dir='ltr'><strong>eieci</strong></span> <span class='ocrx_word' id='word_1_708' title='bbox 443 5855 495 5900; x_wconf 82' lang='lat' dir='ltr'><strong>te</strong></span> <span class='ocrx_word' id='word_1_709' title='bbox 537 5848 602 5902; x_wconf 83' lang='lat' dir='ltr'><strong>de</strong></span> <span class='ocrx_word' id='word_1_710' title='bbox 630 5857 809 5902; x_wconf 86' lang='lat' dir='ltr'><strong>monte</strong></span> <span class='ocrx_word' id='word_1_711' title='bbox 839 5847 956 5912; x_wconf 88' lang='lat' dir='ltr'><strong>Dei,</strong></span> <span class='ocrx_word' id='word_1_712' title='bbox 981 5857 1035 5902; x_wconf 84' lang='lat' dir='ltr'><strong>et</strong></span> <span class='ocrx_word' id='word_1_713' title='bbox 1058 5848 1261 5918; x_wconf 84' lang='lat' dir='ltr'><strong>perdidi</strong></span> <span class='ocrx_word' id='word_1_714' title='bbox 1292 5855 1367 5912; x_wconf 79' lang='lat' dir='ltr'><strong>te,</strong></span> <span class='ocrx_word' id='word_1_715' title='bbox 1395 5863 1428 5902; x_wconf 91' lang='lat'><strong>0</strong></span> <span class='ocrx_word' id='word_1_716' title='bbox 1470 5846 1704 5910; x_wconf 87' lang='lat' dir='ltr'><strong>Cherub,</strong></span> <span class='ocrx_word' id='word_1_717' title='bbox 1737 5862 1858 5916; x_wconf 83' lang='lat' dir='ltr'><strong>pro-</strong></span> 
     </span>
    </p>
   </div>
   <div class='ocr_carea' id='block_1_89' title="bbox 1952 3360 3536 3434">
    <p class='ocr_par' dir='ltr' id='par_1_89' title="bbox 1952 3360 3536 3434">
     <span class='ocr_line' id='line_1_89' title="bbox 1952 3360 3536 3434; baseline -0.003 -14"><span class='ocrx_word' id='word_1_718' title='bbox 1952 3367 2020 3420; x_wconf 90' lang='lat' dir='ltr'><strong>tis</strong></span> <span class='ocrx_word' id='word_1_719' title='bbox 2075 3375 2284 3428; x_wconf 89' lang='lat' dir='ltr'><strong>status,</strong></span> <span class='ocrx_word' id='word_1_720' title='bbox 2340 3374 2722 3420; x_wconf 88' lang='lat' dir='ltr'><strong>commutatur.</strong></span> <span class='ocrx_word' id='word_1_721' title='bbox 2780 3363 2887 3418; x_wconf 65' lang='lat' dir='ltr'><strong>Na:</strong></span> <span class='ocrx_word' id='word_1_722' title='bbox 2941 3372 3119 3434; x_wconf 89' lang='lat' dir='ltr'><strong>potest</strong></span> <span class='ocrx_word' id='word_1_723' title='bbox 3174 3363 3238 3417; x_wconf 90' lang='lat' dir='ltr'><strong>de</strong></span> <span class='ocrx_word' id='word_1_724' title='bbox 3295 3377 3404 3417; x_wconf 93' lang='lat' dir='ltr'><strong>uno</strong></span> <span class='ocrx_word' id='word_1_725' title='bbox 3467 3360 3536 3415; x_wconf 83' lang='lat' dir='ltr'><strong>ad</strong></span> 
     </span>
    </p>
   </div>
   <div class='ocr_carea' id='block_1_90' title="bbox 1951 3455 3538 3527">
    <p class='ocr_par' dir='ltr' id='par_1_90' title="bbox 1951 3455 3538 3527">
     <span class='ocr_line' id='line_1_90' title="bbox 1951 3455 3538 3527; baseline -0.003 -12"><span class='ocrx_word' id='word_1_726' title='bbox 1951 3461 2181 3516; x_wconf 90' lang='lat' dir='ltr'><strong>alterum</strong></span> <span class='ocrx_word' id='word_1_727' title='bbox 2236 3474 2344 3514; x_wconf 94' lang='lat' dir='ltr'><strong>non</strong></span> <span class='ocrx_word' id='word_1_728' title='bbox 2393 3458 2678 3513; x_wconf 84' lang='lat' dir='ltr'><strong>transferri</strong></span> <span class='ocrx_word' id='word_1_729' title='bbox 2733 3459 2986 3524; x_wconf 90' lang='lat' dir='ltr'><strong>animus,</strong></span> <span class='ocrx_word' id='word_1_730' title='bbox 3043 3472 3202 3527; x_wconf 89' lang='lat' dir='ltr'><strong>quem</strong></span> <span class='ocrx_word' id='word_1_731' title='bbox 3257 3455 3538 3526; x_wconf 90' lang='lat' dir='ltr'><strong>cogitatio-</strong></span> 
     </span>
    </p>
   </div>
   <div class='ocr_carea' id='block_1_91' title="bbox 1952 3549 3534 3606">
    <p class='ocr_par' dir='ltr' id='par_1_91' title="bbox 1952 3549 3534 3606">
     <span class='ocr_line' id='line_1_91' title="bbox 1952 3549 3534 3606; baseline -0.004 0"><span class='ocrx_word' id='word_1_732' title='bbox 1952 3553 2036 3606; x_wconf 90' lang='lat' dir='ltr'><strong>nis</strong></span> <span class='ocrx_word' id='word_1_733' title='bbox 2085 3553 2321 3606; x_wconf 89' lang='lat' dir='ltr'><strong>varietas</strong></span> <span class='ocrx_word' id='word_1_734' title='bbox 2353 3551 2633 3606; x_wconf 84' lang='lat' dir='ltr'><strong>conl&#39;undit</strong></span> <span class='ocrx_word' id='word_1_735' title='bbox 2664 3565 2678 3602; x_wconf 91' lang='lat'><strong>:</strong></span> <span class='ocrx_word' id='word_1_736' title='bbox 2711 3550 2805 3604; x_wconf 91' lang='lat' dir='ltr'><strong>sed</strong></span> <span class='ocrx_word' id='word_1_737' title='bbox 2840 3550 2964 3603; x_wconf 90' lang='lat' dir='ltr'><strong>talia</strong></span> <span class='ocrx_word' id='word_1_738' title='bbox 3006 3549 3205 3604; x_wconf 89' lang='lat' dir='ltr'><strong>sentire</strong></span> <span class='ocrx_word' id='word_1_739' title='bbox 3234 3549 3300 3602; x_wconf 85' lang='lat' dir='ltr'><strong>de</strong></span> <span class='ocrx_word' id='word_1_740' title='bbox 3326 3549 3534 3602; x_wconf 88' lang='lat' dir='ltr'><strong>incom-</strong></span> 
     </span>
    </p>
   </div>
   <div class='ocr_carea' id='block_1_92' title="bbox 1954 3637 3526 3710">
    <p class='ocr_par' dir='ltr' id='par_1_92' title="bbox 1954 3637 3526 3710">
     <span class='ocr_line' id='line_1_92' title="bbox 1954 3637 3526 3710; baseline -0.004 -15"><span class='ocrx_word' id='word_1_741' title='bbox 1954 3643 2198 3697; x_wconf 89' lang='lat' dir='ltr'><strong>mutabili</strong></span> <span class='ocrx_word' id='word_1_742' title='bbox 2265 3657 2476 3696; x_wconf 88' lang='lat' dir='ltr'><strong>summa</strong></span> <span class='ocrx_word' id='word_1_743' title='bbox 2538 3641 2783 3710; x_wconf 89' lang='lat' dir='ltr'><strong>impietas</strong></span> <span class='ocrx_word' id='word_1_744' title='bbox 2847 3648 2948 3694; x_wconf 92' lang='lat' dir='ltr'><strong>est.</strong></span> <span class='ocrx_word' id='word_1_745' title='bbox 3013 3639 3349 3708; x_wconf 84' lang='lat' dir='ltr'><strong>Quapropter</strong></span> <span class='ocrx_word' id='word_1_746' title='bbox 3401 3637 3526 3705; x_wconf 90' lang='lat' dir='ltr'><strong>quia</strong></span> 
     </span>
    </p>
   </div>
   <div class='ocr_carea' id='block_1_93' title="bbox 1952 3727 3528 3800">
    <p class='ocr_par' dir='ltr' id='par_1_93' title="bbox 1952 3727 3528 3800">
     <span class='ocr_line' id='line_1_93' title="bbox 1952 3727 3528 3800; baseline -0.004 -14"><span class='ocrx_word' id='word_1_747' title='bbox 1952 3732 2096 3786; x_wconf 87' lang='lat' dir='ltr'><strong>nulla</strong></span> <span class='ocrx_word' id='word_1_748' title='bbox 2142 3731 2490 3786; x_wconf 88' lang='lat' dir='ltr'><strong>commutatio</strong></span> <span class='ocrx_word' id='word_1_749' title='bbox 2537 3729 2676 3800; x_wconf 89' lang='lat' dir='ltr'><strong>apud</strong></span> <span class='ocrx_word' id='word_1_750' title='bbox 2714 3729 2881 3784; x_wconf 84' lang='lat' dir='ltr'><strong>Deum</strong></span> <span class='ocrx_word' id='word_1_751' title='bbox 2919 3737 3034 3792; x_wconf 89' lang='lat' dir='ltr'><strong>est,</strong></span> <span class='ocrx_word' id='word_1_752' title='bbox 3087 3727 3232 3781; x_wconf 88' lang='lat' dir='ltr'><strong>nulla</strong></span> <span class='ocrx_word' id='word_1_753' title='bbox 3268 3736 3352 3781; x_wconf 83' lang='lat' dir='ltr'><strong>est</strong></span> <span class='ocrx_word' id='word_1_754' title='bbox 3387 3741 3528 3780; x_wconf 90' lang='lat' dir='ltr'><strong>nova</strong></span> 
     </span>
    </p>
   </div>
   <div class='ocr_carea' id='block_1_94' title="bbox 1955 3820 3537 3895">
    <p class='ocr_par' dir='ltr' id='par_1_94' title="bbox 1955 3820 3537 3895">
     <span class='ocr_line' id='line_1_94' title="bbox 1955 3820 3537 3895; baseline -0.005 -15"><span class='ocrx_word' id='word_1_755' title='bbox 1955 3825 2230 3895; x_wconf 89' lang='lat' dir='ltr'><strong>cogitatio,</strong></span> <span class='ocrx_word' id='word_1_756' title='bbox 2261 3833 2314 3878; x_wconf 93' lang='lat' dir='ltr'><strong>et</strong></span> <span class='ocrx_word' id='word_1_757' title='bbox 2344 3825 2387 3879; x_wconf 88' lang='lat' dir='ltr'><strong>si</strong></span> <span class='ocrx_word' id='word_1_758' title='bbox 2418 3823 2561 3878; x_wconf 75' lang='lat' dir='ltr'><strong>nuila</strong></span> <span class='ocrx_word' id='word_1_759' title='bbox 2606 3838 2742 3879; x_wconf 88' lang='lat' dir='ltr'><strong>nova</strong></span> <span class='ocrx_word' id='word_1_760' title='bbox 2789 3822 3064 3893; x_wconf 87' lang='lat' dir='ltr'><strong>cogitatio,</strong></span> <span class='ocrx_word' id='word_1_761' title='bbox 3094 3820 3296 3875; x_wconf 88' lang='lat' dir='ltr'><strong>nullum</strong></span> <span class='ocrx_word' id='word_1_762' title='bbox 3339 3833 3537 3875; x_wconf 80' lang='lat' dir='ltr'><strong>novum</strong></span> 
     </span>
    </p>
   </div>
   <div class='ocr_carea' id='block_1_95' title="bbox 1955 3911 3536 3982">
    <p class='ocr_par' dir='ltr' id='par_1_95' title="bbox 1955 3911 3536 3982">
     <span class='ocr_line' id='line_1_95' title="bbox 1955 3911 3536 3982; baseline -0.006 -9"><span class='ocrx_word' id='word_1_763' title='bbox 1955 3917 2265 3982; x_wconf 89' lang='lat' dir='ltr'><strong>consilium,</strong></span> <span class='ocrx_word' id='word_1_764' title='bbox 2314 3917 2357 3971; x_wconf 89' lang='lat' dir='ltr'><strong>si</strong></span> <span class='ocrx_word' id='word_1_765' title='bbox 2393 3916 2594 3971; x_wconf 90' lang='lat' dir='ltr'><strong>nullum</strong></span> <span class='ocrx_word' id='word_1_766' title='bbox 2650 3931 2846 3970; x_wconf 88' lang='lat' dir='ltr'><strong>novum</strong></span> <span class='ocrx_word' id='word_1_767' title='bbox 2895 3913 3178 3970; x_wconf 88' lang='lat' dir='ltr'><strong>consilium</strong></span> <span class='ocrx_word' id='word_1_768' title='bbox 3225 3911 3368 3966; x_wconf 89' lang='lat' dir='ltr'><strong>nulla</strong></span> <span class='ocrx_word' id='word_1_769' title='bbox 3399 3925 3536 3964; x_wconf 84' lang='lat' dir='ltr'><strong>nova</strong></span> 
     </span>
    </p>
   </div>
   <div class='ocr_carea' id='block_1_96' title="bbox 1956 4003 3536 4078">
    <p class='ocr_par' dir='ltr' id='par_1_96' title="bbox 1956 4003 3536 4078">
     <span class='ocr_line' id='line_1_96' title="bbox 1956 4003 3536 4078; baseline -0.008 -12"><span class='ocrx_word' id='word_1_770' title='bbox 1956 4010 2221 4075; x_wconf 82' lang='lat' dir='ltr'><strong>definitio,</strong></span> <span class='ocrx_word' id='word_1_771' title='bbox 2242 4009 2445 4064; x_wconf 88' lang='lat' dir='ltr'><strong>nullum</strong></span> <span class='ocrx_word' id='word_1_772' title='bbox 2470 4025 2665 4063; x_wconf 84' lang='lat' dir='ltr'><strong>novum</strong></span> <span class='ocrx_word' id='word_1_773' title='bbox 2686 4005 3066 4078; x_wconf 77' lang='lat' dir='ltr'><strong>judicium.‘Et</strong></span> <span class='ocrx_word' id='word_1_774' title='bbox 3093 4005 3309 4076; x_wconf 78' lang='lat' dir='ltr'><strong>quidem</strong></span> <span class='ocrx_word' id='word_1_775' title='bbox 3333 4003 3536 4071; x_wconf 76' lang='lat' dir='ltr'><strong>judicia</strong></span> 
     </span>
    </p>
   </div>
   <div class='ocr_carea' id='block_1_97' title="bbox 1955 4095 3541 4169">
    <p class='ocr_par' dir='ltr' id='par_1_97' title="bbox 1955 4095 3541 4169">
     <span class='ocr_line' id='line_1_97' title="bbox 1955 4095 3541 4169; baseline -0.006 -12"><span class='ocrx_word' id='word_1_776' title='bbox 1955 4101 2052 4157; x_wconf 86' lang='lat' dir='ltr'><strong>Dei</strong></span> <span class='ocrx_word' id='word_1_777' title='bbox 2092 4111 2222 4156; x_wconf 91' lang='lat' dir='ltr'><strong>tunc</strong></span> <span class='ocrx_word' id='word_1_778' title='bbox 2251 4116 2391 4156; x_wconf 86' lang='lat' dir='ltr'><strong>nova</strong></span> <span class='ocrx_word' id='word_1_779' title='bbox 2425 4101 2695 4165; x_wconf 89' lang='lat' dir='ltr'><strong>videntur,</strong></span> <span class='ocrx_word' id='word_1_780' title='bbox 2719 4099 2935 4169; x_wconf 85' lang='lat' dir='ltr'><strong>quando</strong></span> <span class='ocrx_word' id='word_1_781' title='bbox 2962 4099 3030 4153; x_wconf 89' lang='lat' dir='ltr'><strong>ab</strong></span> <span class='ocrx_word' id='word_1_782' title='bbox 3069 4096 3266 4152; x_wconf 87' lang='lat' dir='ltr'><strong>interni</strong></span> <span class='ocrx_word' id='word_1_783' title='bbox 3309 4095 3541 4164; x_wconf 75' lang='lat' dir='ltr'><strong>disposi-</strong></span> 
     </span>
    </p>
   </div>
   <div class='ocr_carea' id='block_1_98' title="bbox 1957 4186 3572 4262">
    <p class='ocr_par' dir='ltr' id='par_1_98' title="bbox 1957 4186 3572 4262">
     <span class='ocr_line' id='line_1_98' title="bbox 1957 4186 3572 4262; baseline -0.004 -16"><span class='ocrx_word' id='word_1_784' title='bbox 1957 4193 2104 4248; x_wconf 91' lang='lat' dir='ltr'><strong>tione</strong></span> <span class='ocrx_word' id='word_1_785' title='bbox 2155 4192 2349 4248; x_wconf 87' lang='lat' dir='ltr'><strong>secreti</strong></span> <span class='ocrx_word' id='word_1_786' title='bbox 2392 4190 2535 4246; x_wconf 85' lang='lat' dir='ltr'><strong>foras</strong></span> <span class='ocrx_word' id='word_1_787' title='bbox 2571 4192 2908 4262; x_wconf 80' lang='lat' dir='ltr'><strong>procedunt,</strong></span> <span class='ocrx_word' id='word_1_788' title='bbox 2956 4189 3048 4244; x_wconf 86' lang='lat' dir='ltr'><strong>sed</strong></span> <span class='ocrx_word' id='word_1_789' title='bbox 3105 4189 3158 4256; x_wconf 86' lang='lat' dir='ltr'><strong>in</strong></span> <span class='ocrx_word' id='word_1_790' title='bbox 3224 4186 3572 4242; x_wconf 67' lang='lat' dir='ltr'><strong>aeternitatis</strong></span> 
     </span>
    </p>
   </div>
   <div class='ocr_carea' id='block_1_99' title="bbox 1958 4282 3541 4353">
    <p class='ocr_par' dir='ltr' id='par_1_99' title="bbox 1958 4282 3541 4353">
     <span class='ocr_line' id='line_1_99' title="bbox 1958 4282 3541 4353; baseline -0.004 -15"><span class='ocrx_word' id='word_1_791' title='bbox 1958 4284 2184 4338; x_wconf 90' lang='lat' dir='ltr'><strong>consilio</strong></span> <span class='ocrx_word' id='word_1_792' title='bbox 2224 4299 2498 4353; x_wconf 89' lang='lat' dir='ltr'><strong>nunquam</strong></span> <span class='ocrx_word' id='word_1_793' title='bbox 2545 4292 2672 4338; x_wconf 89' lang='lat' dir='ltr'><strong>sunt</strong></span> <span class='ocrx_word' id='word_1_794' title='bbox 2722 4297 2877 4347; x_wconf 88' lang='lat' dir='ltr'><strong>nova,</strong></span> <span class='ocrx_word' id='word_1_795' title='bbox 2905 4282 3031 4351; x_wconf 89' lang='lat' dir='ltr'><strong>quia</strong></span> <span class='ocrx_word' id='word_1_796' title='bbox 3062 4294 3395 4350; x_wconf 67' lang='lat' dir='ltr'><strong>quaecunque</strong></span> <span class='ocrx_word' id='word_1_797' title='bbox 3445 4293 3541 4348; x_wconf 88' lang='lat' dir='ltr'><strong>per</strong></span> 
     </span>
    </p>
   </div>
   <div class='ocr_carea' id='block_1_100' title="bbox 1960 4369 3542 4446">
    <p class='ocr_par' dir='ltr' id='par_1_100' title="bbox 1960 4369 3542 4446">
     <span class='ocr_line' id='line_1_100' title="bbox 1960 4369 3542 4446; baseline -0.004 -17"><span class='ocrx_word' id='word_1_798' title='bbox 1960 4375 2237 4430; x_wconf 85' lang='lat' dir='ltr'><strong>intervalla</strong></span> <span class='ocrx_word' id='word_1_799' title='bbox 2285 4385 2587 4446; x_wconf 87' lang='lat' dir='ltr'><strong>temporum</strong></span> <span class='ocrx_word' id='word_1_800' title='bbox 2618 4391 2647 4429; x_wconf 89' lang='lat' dir='ltr'><strong>a</strong></span> <span class='ocrx_word' id='word_1_801' title='bbox 2680 4375 2790 4430; x_wconf 91' lang='lat' dir='ltr'><strong>Deo</strong></span> <span class='ocrx_word' id='word_1_802' title='bbox 2815 4369 3024 4430; x_wconf 66' lang='lat' dir='ltr'><strong>no&#39;viter</strong></span> <span class='ocrx_word' id='word_1_803' title='bbox 3061 4373 3217 4437; x_wconf 86' lang='lat' dir='ltr'><strong>ﬁunt,</strong></span> <span class='ocrx_word' id='word_1_804' title='bbox 3249 4373 3302 4426; x_wconf 93' lang='lat' dir='ltr'><strong>in</strong></span> <span class='ocrx_word' id='word_1_805' title='bbox 3343 4369 3542 4425; x_wconf 81' lang='lat' dir='ltr'><strong>divini-</strong></span> 
     </span>
    </p>
   </div>
   <div class='ocr_carea' id='block_1_101' title="bbox 1962 4466 3542 4536">
    <p class='ocr_par' dir='ltr' id='par_1_101' title="bbox 1962 4466 3542 4536">
     <span class='ocr_line' id='line_1_101' title="bbox 1962 4466 3542 4536; baseline -0.005 -14"><span class='ocrx_word' id='word_1_806' title='bbox 1962 4469 2086 4523; x_wconf 87' lang='lat' dir='ltr'><strong>tatis</strong></span> <span class='ocrx_word' id='word_1_807' title='bbox 2127 4469 2427 4522; x_wconf 72' lang='lat' dir='ltr'><strong>aeternitate</strong></span> <span class='ocrx_word' id='word_1_808' title='bbox 2469 4482 2682 4536; x_wconf 90' lang='lat' dir='ltr'><strong>semper</strong></span> <span class='ocrx_word' id='word_1_809' title='bbox 2719 4467 2856 4522; x_wconf 91' lang='lat' dir='ltr'><strong>facta</strong></span> <span class='ocrx_word' id='word_1_810' title='bbox 2911 4466 3154 4520; x_wconf 82' lang='lat' dir='ltr'><strong>fuerunt.</strong></span> <span class='ocrx_word' id='word_1_811' title='bbox 3207 4466 3542 4532; x_wconf 80' lang='lat' dir='ltr'><strong>Quapropter</strong></span> 
     </span>
    </p>
   </div>
   <div class='ocr_carea' id='block_1_102' title="bbox 1959 4556 3536 4632">
    <p class='ocr_par' dir='ltr' id='par_1_102' title="bbox 1959 4556 3536 4632">
     <span class='ocr_line' id='line_1_102' title="bbox 1959 4556 3536 4632; baseline -0.007 -15"><span class='ocrx_word' id='word_1_812' title='bbox 1959 4563 2060 4617; x_wconf 89' lang='lat' dir='ltr'><strong>etsi</strong></span> <span class='ocrx_word' id='word_1_813' title='bbox 2089 4562 2300 4632; x_wconf 90' lang='lat' dir='ltr'><strong>culpam</strong></span> <span class='ocrx_word' id='word_1_814' title='bbox 2323 4563 2679 4632; x_wconf 86' lang='lat' dir='ltr'><strong>superbientis</strong></span> <span class='ocrx_word' id='word_1_815' title='bbox 2700 4560 2870 4631; x_wconf 87' lang='lat' dir='ltr'><strong>angeli</strong></span> <span class='ocrx_word' id='word_1_816' title='bbox 2904 4570 3022 4630; x_wconf 89' lang='lat' dir='ltr'><strong>post</strong></span> <span class='ocrx_word' id='word_1_817' title='bbox 3054 4556 3536 4628; x_wconf 88' lang='lat' dir='ltr'><strong>transgressionem</strong></span> 
     </span>
    </p>
   </div>
   <div class='ocr_carea' id='block_1_103' title="bbox 1959 4646 3538 4719">
    <p class='ocr_par' dir='ltr' id='par_1_103' title="bbox 1959 4646 3538 4719">
     <span class='ocr_line' id='line_1_103' title="bbox 1959 4646 3538 4719; baseline -0.005 -12"><span class='ocrx_word' id='word_1_818' title='bbox 1959 4655 2194 4709; x_wconf 90' lang='lat' dir='ltr'><strong>vindicta</strong></span> <span class='ocrx_word' id='word_1_819' title='bbox 2241 4663 2427 4709; x_wconf 90' lang='lat' dir='ltr'><strong>secuta</strong></span> <span class='ocrx_word' id='word_1_820' title='bbox 2458 4663 2561 4719; x_wconf 89' lang='lat' dir='ltr'><strong>est,</strong></span> <span class='ocrx_word' id='word_1_821' title='bbox 2600 4655 2650 4707; x_wconf 89' lang='lat' dir='ltr'><strong>in</strong></span> <span class='ocrx_word' id='word_1_822' title='bbox 2687 4652 2984 4706; x_wconf 90' lang='lat' dir='ltr'><strong>divinitatis</strong></span> <span class='ocrx_word' id='word_1_823' title='bbox 3019 4660 3194 4704; x_wconf 88' lang='lat' dir='ltr'><strong>tamen</strong></span> <span class='ocrx_word' id='word_1_824' title='bbox 3233 4646 3538 4716; x_wconf 89' lang='lat' dir='ltr'><strong>cognitione</strong></span> 
     </span>
    </p>
   </div>
   <div class='ocr_carea' id='block_1_104' title="bbox 1959 4737 3542 4817">
    <p class='ocr_par' dir='ltr' id='par_1_104' title="bbox 1959 4737 3542 4817">
     <span class='ocr_line' id='line_1_104' title="bbox 1959 4737 3542 4817; baseline -0.009 -13"><span class='ocrx_word' id='word_1_825' title='bbox 1959 4762 2172 4817; x_wconf 89' lang='lat' dir='ltr'><strong>semper</strong></span> <span class='ocrx_word' id='word_1_826' title='bbox 2202 4747 2322 4811; x_wconf 91' lang='lat' dir='ltr'><strong>fuit,</strong></span> <span class='ocrx_word' id='word_1_827' title='bbox 2358 4748 2611 4816; x_wconf 89' lang='lat' dir='ltr'><strong>quoniam</strong></span> <span class='ocrx_word' id='word_1_828' title='bbox 2647 4746 2787 4801; x_wconf 91' lang='lat' dir='ltr'><strong>sicut</strong></span> <span class='ocrx_word' id='word_1_829' title='bbox 2812 4755 3098 4812; x_wconf 85' lang='lat' dir='ltr'><strong>antequam</strong></span> <span class='ocrx_word' id='word_1_830' title='bbox 3130 4745 3401 4808; x_wconf 83' lang='lat' dir='ltr'><strong>peccaret,</strong></span> <span class='ocrx_word' id='word_1_831' title='bbox 3437 4737 3542 4791; x_wconf 88' lang='lat' dir='ltr'><strong>sci-</strong></span> 
     </span>
    </p>
   </div>
   <div class='ocr_carea' id='block_1_105' title="bbox 1960 4837 3536 4908">
    <p class='ocr_par' dir='ltr' id='par_1_105' title="bbox 1960 4837 3536 4908">
     <span class='ocr_line' id='line_1_105' title="bbox 1960 4837 3536 4908; baseline -0.006 -16"><span class='ocrx_word' id='word_1_832' title='bbox 1960 4841 2034 4893; x_wconf 87' lang='lat' dir='ltr'><strong>vit</strong></span> <span class='ocrx_word' id='word_1_833' title='bbox 2060 4840 2201 4893; x_wconf 90' lang='lat' dir='ltr'><strong>Dcus</strong></span> <span class='ocrx_word' id='word_1_834' title='bbox 2241 4853 2362 4893; x_wconf 91' lang='lat' dir='ltr'><strong>eum</strong></span> <span class='ocrx_word' id='word_1_835' title='bbox 2408 4847 2711 4908; x_wconf 88' lang='lat' dir='ltr'><strong>peccatum,</strong></span> <span class='ocrx_word' id='word_1_836' title='bbox 2751 4837 2823 4891; x_wconf 89' lang='lat' dir='ltr'><strong>ita</strong></span> <span class='ocrx_word' id='word_1_837' title='bbox 2863 4849 3075 4905; x_wconf 91' lang='lat' dir='ltr'><strong>quoque</strong></span> <span class='ocrx_word' id='word_1_838' title='bbox 3107 4847 3340 4902; x_wconf 65' lang='lat' dir='ltr'><strong>poenam,</strong></span> <span class='ocrx_word' id='word_1_839' title='bbox 3377 4844 3536 4900; x_wconf 88' lang='lat' dir='ltr'><strong>quam</strong></span> 
     </span>
    </p>
   </div>
   <div class='ocr_carea' id='block_1_106' title="bbox 1958 4921 3541 5000">
    <p class='ocr_par' dir='ltr' id='par_1_106' title="bbox 1958 4921 3541 5000">
     <span class='ocr_line' id='line_1_106' title="bbox 1958 4921 3541 5000; baseline -0.005 -17"><span class='ocrx_word' id='word_1_840' title='bbox 1958 4930 2200 5000; x_wconf 74' lang='lat' dir='ltr'><strong>peccanti</strong></span> <span class='ocrx_word' id='word_1_841' title='bbox 2234 4929 2539 4983; x_wconf 88' lang='lat' dir='ltr'><strong>redditurus</strong></span> <span class='ocrx_word' id='word_1_842' title='bbox 2573 4936 2713 4992; x_wconf 89' lang='lat' dir='ltr'><strong>erat,</strong></span> <span class='ocrx_word' id='word_1_843' title='bbox 2745 4927 2796 4980; x_wconf 89' lang='lat' dir='ltr'><strong>in</strong></span> <span class='ocrx_word' id='word_1_844' title='bbox 2836 4924 3154 4980; x_wconf 66' lang='lat' dir='ltr'><strong>tetcrnitatis</strong></span> <span class='ocrx_word' id='word_1_845' title='bbox 3186 4922 3412 4977; x_wconf 89' lang='lat' dir='ltr'><strong>consilio</strong></span> <span class='ocrx_word' id='word_1_846' title='bbox 3445 4921 3541 4975; x_wconf 87' lang='lat' dir='ltr'><strong>de-</strong></span> 
     </span>
    </p>
   </div>
   <div class='ocr_carea' id='block_1_107' title="bbox 1959 5010 3539 5090">
    <p class='ocr_par' dir='ltr' id='par_1_107' title="bbox 1959 5010 3539 5090">
     <span class='ocr_line' id='line_1_107' title="bbox 1959 5010 3539 5090; baseline -0.006 -16"><span class='ocrx_word' id='word_1_847' title='bbox 1959 5020 2163 5075; x_wconf 71' lang='lat' dir='ltr'><strong>ﬁnitam</strong></span> <span class='ocrx_word' id='word_1_848' title='bbox 2215 5035 2427 5090; x_wconf 88' lang='lat' dir='ltr'><strong>semper</strong></span> <span class='ocrx_word' id='word_1_849' title='bbox 2471 5018 2674 5073; x_wconf 86' lang='lat' dir='ltr'><strong>habuit.</strong></span> <span class='ocrx_word' id='word_1_850' title='bbox 2730 5017 2838 5072; x_wconf 85' lang='lat' dir='ltr'><strong>Sed</strong></span> <span class='ocrx_word' id='word_1_851' title='bbox 2881 5018 3021 5072; x_wconf 88' lang='lat' dir='ltr'><strong>sicut</strong></span> <span class='ocrx_word' id='word_1_852' title='bbox 3063 5013 3402 5085; x_wconf 68' lang='lat' dir='ltr'><strong>praescientia</strong></span> <span class='ocrx_word' id='word_1_853' title='bbox 3447 5010 3539 5066; x_wconf 88' lang='lat' dir='ltr'><strong>Dei</strong></span> 
     </span>
    </p>
   </div>
   <div class='ocr_carea' id='block_1_108' title="bbox 1963 5105 3543 5182">
    <p class='ocr_par' dir='ltr' id='par_1_108' title="bbox 1963 5105 3543 5182">
     <span class='ocr_line' id='line_1_108' title="bbox 1963 5105 3543 5182; baseline -0.006 -16"><span class='ocrx_word' id='word_1_854' title='bbox 1963 5129 2069 5166; x_wconf 91' lang='lat' dir='ltr'><strong>non</strong></span> <span class='ocrx_word' id='word_1_855' title='bbox 2096 5110 2353 5182; x_wconf 91' lang='lat' dir='ltr'><strong>compulit</strong></span> <span class='ocrx_word' id='word_1_856' title='bbox 2385 5110 2654 5166; x_wconf 87' lang='lat' dir='ltr'><strong>diabolum</strong></span> <span class='ocrx_word' id='word_1_857' title='bbox 2685 5109 2751 5162; x_wconf 88' lang='lat' dir='ltr'><strong>ad</strong></span> <span class='ocrx_word' id='word_1_858' title='bbox 2781 5107 3300 5178; x_wconf 66' lang='lat' dir='ltr'><strong>prevaricationem,</strong></span> <span class='ocrx_word' id='word_1_859' title='bbox 3336 5105 3414 5160; x_wconf 89' lang='lat' dir='ltr'><strong>sic</strong></span> <span class='ocrx_word' id='word_1_860' title='bbox 3443 5117 3543 5157; x_wconf 88' lang='lat' dir='ltr'><strong>nec</strong></span> 
     </span>
    </p>
   </div>
   <div class='ocr_carea' id='block_1_109' title="bbox 1962 5195 3542 5275">
    <p class='ocr_par' dir='ltr' id='par_1_109' title="bbox 1962 5195 3542 5275">
     <span class='ocr_line' id='line_1_109' title="bbox 1962 5195 3542 5275; baseline -0.007 -16"><span class='ocrx_word' id='word_1_861' title='bbox 1962 5204 2346 5275; x_wconf 77' lang='lat' dir='ltr'><strong>praeordinatio</strong></span> <span class='ocrx_word' id='word_1_862' title='bbox 2387 5217 2556 5272; x_wconf 63' lang='lat' dir='ltr'><strong>pana:</strong></span> <span class='ocrx_word' id='word_1_863' title='bbox 2604 5201 2768 5255; x_wconf 73' lang='lat' dir='ltr'><strong>traxit</strong></span> <span class='ocrx_word' id='word_1_864' title='bbox 2802 5212 2925 5255; x_wconf 87' lang='lat' dir='ltr'><strong>eum</strong></span> <span class='ocrx_word' id='word_1_865' title='bbox 2974 5199 3040 5253; x_wconf 84' lang='lat' dir='ltr'><strong>ad</strong></span> <span class='ocrx_word' id='word_1_866' title='bbox 3077 5198 3320 5252; x_wconf 78' lang='lat' dir='ltr'><strong>ruinam.</strong></span> <span class='ocrx_word' id='word_1_867' title='bbox 3364 5195 3542 5250; x_wconf 77' lang='lat' dir='ltr'><strong>Bonus</strong></span> 
     </span>
    </p>
   </div>
   <div class='ocr_carea' id='block_1_110' title="bbox 1964 5287 3542 5368">
    <p class='ocr_par' dir='ltr' id='par_1_110' title="bbox 1964 5287 3542 5368">
     <span class='ocr_line' id='line_1_110' title="bbox 1964 5287 3542 5368; baseline -0.008 -16"><span class='ocrx_word' id='word_1_868' title='bbox 1964 5299 2106 5368; x_wconf 86' lang='lat' dir='ltr'><strong>enim</strong></span> <span class='ocrx_word' id='word_1_869' title='bbox 2135 5298 2407 5359; x_wconf 88' lang='lat' dir='ltr'><strong>conditus,</strong></span> <span class='ocrx_word' id='word_1_870' title='bbox 2431 5311 2528 5350; x_wconf 88' lang='lat' dir='ltr'><strong>suo</strong></span> <span class='ocrx_word' id='word_1_871' title='bbox 2559 5294 2687 5348; x_wconf 92' lang='lat' dir='ltr'><strong>vitio</strong></span> <span class='ocrx_word' id='word_1_872' title='bbox 2709 5293 2884 5349; x_wconf 78' lang='lat' dir='ltr'><strong>malus</strong></span> <span class='ocrx_word' id='word_1_873' title='bbox 2909 5292 3084 5347; x_wconf 88' lang='lat' dir='ltr'><strong>factus</strong></span> <span class='ocrx_word' id='word_1_874' title='bbox 3104 5298 3209 5353; x_wconf 92' lang='lat' dir='ltr'><strong>est,</strong></span> <span class='ocrx_word' id='word_1_875' title='bbox 3240 5300 3295 5343; x_wconf 91' lang='lat' dir='ltr'><strong>et</strong></span> <span class='ocrx_word' id='word_1_876' title='bbox 3325 5287 3542 5342; x_wconf 79' lang='lat' dir='ltr'><strong>malitia:</strong></span> 
     </span>
    </p>
   </div>
   <div class='ocr_carea' id='block_1_111' title="bbox 1966 5381 3544 5459">
    <p class='ocr_par' dir='ltr' id='par_1_111' title="bbox 1966 5381 3544 5459">
     <span class='ocr_line' id='line_1_111' title="bbox 1966 5381 3544 5459; baseline -0.009 -14"><span class='ocrx_word' id='word_1_877' title='bbox 1966 5402 2171 5445; x_wconf 88' lang='lat' dir='ltr'><strong>reatum</strong></span> <span class='ocrx_word' id='word_1_878' title='bbox 2218 5390 2378 5444; x_wconf 84' lang='lat' dir='ltr'><strong>ultrix</strong></span> <span class='ocrx_word' id='word_1_879' title='bbox 2424 5403 2579 5459; x_wconf 68' lang='lat' dir='ltr'><strong>poena</strong></span> <span class='ocrx_word' id='word_1_880' title='bbox 2634 5386 3060 5457; x_wconf 89' lang='lat' dir='ltr'><strong>comprehendit.</strong></span> <span class='ocrx_word' id='word_1_881' title='bbox 3118 5381 3281 5436; x_wconf 88' lang='lat' dir='ltr'><strong>Primi</strong></span> <span class='ocrx_word' id='word_1_882' title='bbox 3331 5392 3544 5448; x_wconf 88' lang='lat' dir='ltr'><strong>quoque</strong></span> 
     </span>
    </p>
   </div>
   <div class='ocr_carea' id='block_1_112' title="bbox 1965 5469 3545 5551">
    <p class='ocr_par' dir='ltr' id='par_1_112' title="bbox 1965 5469 3545 5551">
     <span class='ocr_line' id='line_1_112' title="bbox 1965 5469 3545 5551; baseline -0.008 -17"><span class='ocrx_word' id='word_1_883' title='bbox 1965 5491 2220 5551; x_wconf 88' lang='lat' dir='ltr'><strong>parentes</strong></span> <span class='ocrx_word' id='word_1_884' title='bbox 2257 5479 2472 5534; x_wconf 91' lang='lat' dir='ltr'><strong>humani</strong></span> <span class='ocrx_word' id='word_1_885' title='bbox 2507 5478 2720 5549; x_wconf 88' lang='lat' dir='ltr'><strong>generis</strong></span> <span class='ocrx_word' id='word_1_886' title='bbox 2758 5479 2874 5532; x_wconf 90' lang='lat' dir='ltr'><strong>sine</strong></span> <span class='ocrx_word' id='word_1_887' title='bbox 2911 5473 3157 5544; x_wconf 83' lang='lat' dir='ltr'><strong>cOntagio</strong></span> <span class='ocrx_word' id='word_1_888' title='bbox 3189 5469 3389 5540; x_wconf 85' lang='lat' dir='ltr'><strong>peccati</strong></span> <span class='ocrx_word' id='word_1_889' title='bbox 3421 5477 3545 5522; x_wconf 83' lang='lat' dir='ltr'><strong>ante</strong></span> 
     </span>
    </p>
   </div>
   <div class='ocr_carea' id='block_1_113' title="bbox 1967 5554 3546 5639">
    <p class='ocr_par' dir='ltr' id='par_1_113' title="bbox 1967 5554 3546 5639">
     <span class='ocr_line' id='line_1_113' title="bbox 1967 5554 3546 5639; baseline -0.01 -15"><span class='ocrx_word' id='word_1_890' title='bbox 1967 5571 2232 5639; x_wconf 89' lang='lat' dir='ltr'><strong>serpentis</strong></span> <span class='ocrx_word' id='word_1_891' title='bbox 2261 5567 2582 5636; x_wconf 84' lang='lat' dir='ltr'><strong>colloquium</strong></span> <span class='ocrx_word' id='word_1_892' title='bbox 2624 5568 2685 5622; x_wconf 88' lang='lat' dir='ltr'><strong>in</strong></span> <span class='ocrx_word' id='word_1_893' title='bbox 2702 5566 2952 5636; x_wconf 88' lang='lat' dir='ltr'><strong>paradiso</strong></span> <span class='ocrx_word' id='word_1_894' title='bbox 2977 5561 3261 5634; x_wconf 81' lang='lat' dir='ltr'><strong>degebant.</strong></span> <span class='ocrx_word' id='word_1_895' title='bbox 3297 5554 3546 5626; x_wconf 79' lang='lat' dir='ltr'><strong>Nunquid</strong></span> 
     </span>
    </p>
   </div>
   <div class='ocr_carea' id='block_1_114' title="bbox 1966 5646 3548 5728">
    <p class='ocr_par' dir='ltr' id='par_1_114' title="bbox 1966 5646 3548 5728">
     <span class='ocr_line' id='line_1_114' title="bbox 1966 5646 3548 5728; baseline -0.008 -15"><span class='ocrx_word' id='word_1_896' title='bbox 1966 5677 2096 5715; x_wconf 88' lang='lat' dir='ltr'><strong>vero</strong></span> <span class='ocrx_word' id='word_1_897' title='bbox 2132 5659 2273 5714; x_wconf 91' lang='lat' dir='ltr'><strong>Deus</strong></span> <span class='ocrx_word' id='word_1_898' title='bbox 2311 5670 2598 5728; x_wconf 87' lang='lat' dir='ltr'><strong>antequam</strong></span> <span class='ocrx_word' id='word_1_899' title='bbox 2642 5664 2931 5728; x_wconf 89' lang='lat' dir='ltr'><strong>peccarent</strong></span> <span class='ocrx_word' id='word_1_900' title='bbox 2974 5660 3292 5724; x_wconf 85' lang='lat' dir='ltr'><strong>peccaturos</strong></span> <span class='ocrx_word' id='word_1_901' title='bbox 3341 5646 3548 5702; x_wconf 81' lang='lat' dir='ltr'><strong>nescie-</strong></span> 
     </span>
    </p>
   </div>
   <div class='ocr_carea' id='block_1_115' title="bbox 1967 5736 3545 5818">
    <p class='ocr_par' dir='ltr' id='par_1_115' title="bbox 1967 5736 3545 5818">
     <span class='ocr_line' id='line_1_115' title="bbox 1967 5736 3545 5818; baseline -0.013 -11"><span class='ocrx_word' id='word_1_902' title='bbox 1967 5753 2095 5807; x_wconf 88' lang='lat' dir='ltr'><strong>bat?</strong></span> <span class='ocrx_word' id='word_1_903' title='bbox 2124 5751 2231 5806; x_wconf 83' lang='lat' dir='ltr'><strong>Nec</strong></span> <span class='ocrx_word' id='word_1_904' title='bbox 2269 5760 2447 5805; x_wconf 85' lang='lat' dir='ltr'><strong>tamen</strong></span> <span class='ocrx_word' id='word_1_905' title='bbox 2487 5752 2599 5806; x_wconf 65' lang='lat' dir='ltr'><strong>hinc</strong></span> <span class='ocrx_word' id='word_1_906' title='bbox 2645 5750 2738 5805; x_wconf 83' lang='lat' dir='ltr'><strong>Dei</strong></span> <span class='ocrx_word' id='word_1_907' title='bbox 2785 5744 3115 5818; x_wconf 62' lang='lat' dir='ltr'><strong>prudentia</strong></span> <span class='ocrx_word' id='word_1_908' title='bbox 3143 5741 3264 5796; x_wconf 83' lang='lat' dir='ltr'><strong>illos</strong></span> <span class='ocrx_word' id='word_1_909' title='bbox 3288 5736 3545 5807; x_wconf 73' lang='lat' dir='ltr'><strong>contpulit</strong></span> 
     </span>
    </p>
   </div>
   <div class='ocr_carea' id='block_1_116' title="bbox 1969 5826 3544 5912">
    <p class='ocr_par' dir='ltr' id='par_1_116' title="bbox 1969 5826 3544 5912">
     <span class='ocr_line' id='line_1_116' title="bbox 1969 5826 3544 5912; baseline -0.011 -16"><span class='ocrx_word' id='word_1_910' title='bbox 1969 5844 2033 5896; x_wconf 83' lang='lat' dir='ltr'><strong>ad</strong></span> <span class='ocrx_word' id='word_1_911' title='bbox 2059 5851 2363 5912; x_wconf 88' lang='lat' dir='ltr'><strong>peccatum,</strong></span> <span class='ocrx_word' id='word_1_912' title='bbox 2392 5842 2482 5894; x_wconf 86' lang='lat' dir='ltr'><strong>scd</strong></span> <span class='ocrx_word' id='word_1_913' title='bbox 2505 5857 2665 5908; x_wconf 81' lang='lat' dir='ltr'><strong>causa</strong></span> <span class='ocrx_word' id='word_1_914' title='bbox 2701 5837 2906 5908; x_wconf 78' lang='lat' dir='ltr'><strong>peccati</strong></span> <span class='ocrx_word' id='word_1_915' title='bbox 2950 5833 3048 5887; x_wconf 92' lang='lat' dir='ltr'><strong>fuit</strong></span> <span class='ocrx_word' id='word_1_916' title='bbox 3073 5832 3151 5887; x_wconf 84' lang='lat' dir='ltr'><strong>eis</strong></span> <span class='ocrx_word' id='word_1_917' title='bbox 3177 5829 3338 5884; x_wconf 87' lang='lat' dir='ltr'><strong>astuti</strong></span> <span class='ocrx_word' id='word_1_918' title='bbox 3376 5826 3544 5882; x_wconf 79' lang='lat' dir='ltr'><strong>hostis</strong></span> 
     </span>
    </p>
   </div>
  </div>
