4088 6344
544 391 605 446 7i
1566 383 1924 442 RATRAMNI
1960 381 2410 443 CORBEIENSIS
2449 380 2755 439 MONACHI
3136 377 3146 386 ’
3742 377 3812 438 Π

547 507 738 564 callida
774 505 1083 579 persuasio,
1125 511 1183 560 et
1218 502 1383 558 divini
1430 503 1686 574 praecepti
1736 503 2130 575 praevaricatio.
2160 510 2212 569 Α
2239 503 2380 559 Deus
2398 503 2631 573 qualiter
2652 501 2848 573 impius
2875 499 3146 570 parricida
3170 498 3473 570 puniretur,
3499 507 3555 556 et
3578 516 3736 564 reces.

547 599 665 655 Non
697 599 839 656 enim
862 599 982 654 ideo
1004 603 1381 668 peccaverunt,
1409 595 1535 664 quia
1564 595 1838 665 praescivit
1867 595 2008 650 Deus
2039 610 2132 650 eos

548 702 884 764 peccaturos,
923 690 1024 747 sed
1047 690 1167 746 ideo
1196 689 1320 759 quia
1349 687 1458 743 dati
1495 688 1749 760 przecepti
1781 687 2133 759 neglexerunt

549 797 668 839 esse
698 785 1021 846 servatores,
1055 787 1110 834 et
1148 778 1607 850 praevaricationis
1648 787 1855 834 reatum
1892 793 2132 850 praesens

551 892 725 950 poena:
754 878 1039 932 subsecuta
1066 883 1170 940 est,
1221 883 1280 928 ut
1334 873 1706 929 inobedieutiae
1743 873 1898 944 culpa
1943 872 2134 928 mortis

555 968 820 1026 sententia
878 967 1224 1039 plecteretur.
1284 965 1397 1020 Non
1463 975 1588 1022 tunc
1642 975 1821 1022 tamen
1877 965 2131 1036 primum,

552 1061 766 1132 quando
793 1060 1033 1132 peccavit
1065 1061 1246 1124 homo,
1279 1059 1607 1131 excogitavit
1633 1059 1796 1124 Deus,
1835 1075 1939 1130 qua
1967 1057 2134 1113 delin-

551 1161 802 1223 quentem
845 1151 1047 1208 ultione
1090 1149 1298 1216 feriret,
1348 1165 1524 1222 neque
1571 1160 1699 1207 tunc
1741 1151 1957 1222 quando
2001 1149 2136 1205 dans

550 1243 870 1298 obedientiaa
893 1253 1242 1313 prwceptum,
1283 1242 1443 1297 simul
1475 1251 1530 1299 et
1555 1243 1813 1298 ultionem
1843 1243 2136 1298 commina-

552 1344 637 1390 tus
665 1344 750 1391 est
779 1334 1002 1392 dicens:
1043 1355 1060 1386 ι
1096 1334 1152 1390 1η
1195 1350 1514 1406 quacunque
1557 1337 1641 1391 die
1687 1336 2034 1393 comederitis
2067 1351 2133 1390 ex

550 1442 636 1493 eo,
660 1447 677 1480 ι
705 1427 757 1482 id
785 1436 868 1482 est
893 1427 958 1482 de
982 1427 1127 1498 ligno
1157 1427 1504 1498 experientia:
1524 1428 1648 1483 boni
1671 1437 1725 1482 et
1757 1428 1903 1493 mali,
1927 1446 1944 1478 ‹
1967 1436 2137 1482 morte

552 1517 855 1573 moriemini
880 1515 1031 1589 (Gen.
1049 1533 1107 1581 tt,
1139 1515 1248 1589 l7).
1283 1537 1301 1569 ι
1327 1516 1429 1572 Sed
1445 1516 1971 1588 sicutejusscientiae
2000 1517 2134 1572 nihil

552 1609 672 1664 novi
701 1618 880 1680 potest
903 1609 1240 1680 contingere,
1272 1609 1346 1664 ita
1375 1625 1474 1666 nec
1493 1609 1716 1679 judicio.
1752 1611 1822 1666 Ut
1851 1613 1994 1666 enim
2026 1611 2134 1666 sei-

551 1706 683 1760 vita
713 1705 977 1777 principio
1008 1705 1281 1760 hominem
1310 1713 1656 1775 peccaturum
1687 1722 1698 1757 :
1739 1702 1817 1758 sic
1846 1711 1900 1758 et
1923 1718 1954 1756 a
1991 1703 2130 1773 prin-

551 1796 692 1866 cipio
728 1798 873 1852 novit
906 1797 1354 1867 quemadmodum
1393 1805 1704 1868 peccantem
1737 1795 1972 1864 puniret,
2000 1809 2135 1864 quo-

2233 597 2429 653 delicto
2455 595 2768 652 commissio
2801 595 3013 666 impulit
3047 609 3171 651 eum
3203 593 3255 648 in
3294 593 3419 649 novi
3447 593 3657 650 consilii
3697 613 3806 645 ...ε-

2232 690 2546 745 ditationem
2595 697 2657 744 ut
2695 685 3147 759 quemadmodum
3175 685 3349 742 adhuc
3393 686 3810 759 inexcogitatmu

2233 781 2407 836 scelus
2429 780 2674 837 confudit
2703 781 2914 845 orbem,
2956 779 3033 834 sic
3067 777 3236 834 Deum
3265 777 3636 849 inexcogitata-
3665 779 3814 849 prius

2238 889 2412 944 poenae
2449 873 2765 929 deliberatio
2808 878 3181 943 permoveret;
3209 868 3348 940 Quod
3377 869 3500 940 quia
3537 870 3816 942 prudentis

2239 979 2397 1020 aures
2444 980 2552 1020 non
2606 961 2877 1034 reeipiunt
2925 970 3138 1018 constat
3173 962 3298 1032 quia
3348 962 3487 1017 sicut
3521 962 3819 1033 praescierit

2236 1055 2379 1110 Deus
2411 1053 2667 1108 malitiam
2715 1051 2845 1108 Cain
2891 1051 3147 1115 futuram.
3182 1052 3260 1107 sic
3300 1067 3512 1122 quoque
3559 1052 3818 1122 quemad-

2238 1145 2451 1200 modum
2480 1146 2782 1217 puniretur,
2831 1145 2970 1216 apud
3020 1162 3079 1200 se
3127 1144 3404 1200 definitum
3451 1145 3656 1200 habuit.
3707 1141 3820 1200 Nec

2238 1247 2419 1293 tamen
2467 1238 2670 1294 idcirco
2699 1237 2788 1292 ille
2815 1237 3035 1308 punitus
3062 1245 3162 1299 est,
3199 1237 3324 1307 quia
3367 1236 3421 1290 in
3469 1235 3821 1306 prcedestiua-

2237 1331 2382 1386 tione
2431 1346 2529 1386 sua
2567 1330 2708 1386 Deus
2760 1345 2883 1398 eum
2947 1331 3262 1385 decreverat
3312 1329 3670 1401 puniendum,
3726 1329 3820 1384 sed

2237 1425 2361 1495 quia
2411 1425 2524 1497 ipse
2576 1424 2886 1489 admiserit,
2937 1431 2996 1478 ut
3029 1424 3327 1495 puniretur.
3383 1421 3498 1477 Non
3555 1422 3700 1477 enim
3752 1437 3820 1476 ex

2237 1517 2709 1590 praadestinatione
2747 1518 2888 1573 Deus
2926 1517 3158 1588 aliquem
3203 1507 3548 1582 condemnat,
3587 1516 3726 1572 sicut
3753 1531 3823 1571 ex

2237 1609 2576 1682 pragscientia
2613 1611 2882 1666 neminem
2913 1625 3140 1680 peccare
3167 1608 3469 1678 compellit;
3509 1607 3599 1662 sed
3632 1616 3826 1677 peccat

2239 1704 2609 1774 unuSQuisque
2640 1704 2854 1775 propria
2882 1703 3173 1774 cupiditate
3201 1703 3433 1766 illectus,
3461 1712 3515 1757 et
3543 1701 3665 1770 quia
3699 1716 3826 1772 pec-

2239 1796 2412 1861 cavit,
2457 1810 2704 1866 supernaa
2748 1795 2969 1850 ultionis
3003 1795 3232 1850 vindicta
3271 1793 3483 1848 feritur.
3513 1791 3828 1862 Completur

555 1887 696 1940 niam
725 1888 864 1957 apud
893 1887 1084 1954 Deum,
1129 1889 1266 1944 sicut
1299 1904 1406 1943 non
1450 1897 1534 1944 est
1567 1904 1703 1943 nova
1747 1887 2020 1956 cogitatio,
2055 1887 2133 1942 sic
2163 1882 2208 1942 Β
2235 1885 2382 1941 orbis
2409 1884 2750 1940 multitudine
2793 1885 3092 1950 hominum,
3124 1893 3179 1939 et
3211 1900 3334 1939 eum
3387 1883 3604 1954 generis
3642 1881 3825 1936 multi-

553 1995 652 2034 nec
685 1996 878 2036 novum
905 1981 1213 2048 consilium,
1234 1989 1290 2037 et
1318 1983 1458 2038 sicut
1477 1998 1582 2037 non
1607 1998 1804 2037 novum
1828 1981 2132 2046 consilium,

555 2069 628 2124 ita
660 2085 758 2126 nec
784 2086 983 2126 novum
1016 2072 1298 2143 judicium.
1330 2073 1484 2144 Apud
1515 2088 1673 2143 quem
1699 2073 1844 2128 enim
1877 2071 2022 2127 nulla
2054 2080 2136 2128 est

553 2161 925 2227 commutatio,
958 2162 1101 2217 nulla
1137 2162 1467 2228 vicissitudo,
1503 2163 1786 2219 uniformis
1810 2171 1894 2219 est
1923 2164 2135 2234 sapien-

557 2254 650 2318 tia,
684 2263 738 2309 et
778 2255 1106 2324 sempiterna
1143 2255 1458 2312 deliberatio
1493 2273 1506 2310 :
1536 2272 1643 2328 qua
1679 2257 1744 2312 de
1782 2272 1842 2311 re
1873 2257 2013 2312 sicut
2047 2272 2137 2310 an-

557 2354 770 2414 tequam
811 2355 1064 2417 peccaret
1101 2349 1281 2415 homo,
1321 2359 1546 2404 noverat
1592 2365 1714 2406 eum
1751 2360 2132 2420 peccaturum;

554 2437 631 2491 sic
657 2448 942 2509 antequam
976 2440 1189 2510 puniret
1221 2440 1388 2507 illum,
1417 2442 1734 2498 decreverat
1773 2458 2137 2513 ptenam,qua

556 2527 732 2583 fuerat
772 2531 1093 2599 puniendus.
1130 2530 1239 2587 Nec
1275 2540 1453 2587 tamen
1496 2544 1808 2604 propterea,
1841 2535 1965 2603 quia
1997 2535 2138 2589 Deus

555 2622 868 2677 decreverat
895 2623 1166 2678 hominem
1195 2624 1545 2694 puniendum,
1570 2625 1768 2681 ideirco
1791 2627 2010 2696 punitus
2030 2636 2136 2692 est,

555 2712 648 2766 sed
677 2721 960 2784 propterea
990 2714 1113 2783 quia
1151 2715 1414 2785 peccavit.
1447 2713 1599 2770 Sicut
1644 2731 1750 2772 non
1781 2716 1983 2772 idcirco
2009 2715 2140 2770 deli-

554 2804 692 2874 quit,
711 2805 836 2874 quia
859 2803 999 2860 Deus
1027 2805 1174 2859 illum
1205 2813 1552 2876 peccaturum
1579 2807 1868 2877 prasscivit,
1896 2807 1987 2862 sed
2012 2807 2137 2877 quia

557 2896 822 2966 serpentis
849 2897 1250 2965 persuasionem
1277 2898 1470 2969 magis,
1499 2915 1660 2969 quam
1690 2898 1783 2954 Dei
1814 2908 2139 2970 praeceptum

556 2987 779 3042 audivit.
801 2986 1239 3059 ConsurgitCain
1270 2991 1528 3045 adversus
1549 2990 1682 3046 Ab‘el
1711 2989 1933 3047 fratrem
1961 3007 2136 3056 suum,

555 3088 610 3135 et
655 3079 866 3134 invidia:
910 3080 1077 3136 livore
1118 3091 1352 3137 emeatus
1387 3082 1726 3139 innocentem
1777 3083 2136 3154 persequitur,

557 3170 812 3228 fraterna:
859 3175 1021 3230 caedis
1072 3190 1264 3231 cruore
1319 3186 1518 3232 terram
1577 3179 1945 3234 contaminat?
1985 3179 2140 3246 Quod

2237 1982 2525 2054 plieatione
2551 1981 2748 2037 crescit
2780 1980 3142 2036 numerositas
3160 1979 3434 2043 vitiorum,
3469 1978 3658 2033 videns
3683 1976 3830 2031 Deus

2236 2075 2456 2130 humani
2487 2075 2666 2130 cordis
2705 2074 2964 2129 malitiam
3009 2074 3076 2128 ad
3125 2073 3324 2128 malum
3352 2071 3419 2127 de
3459 2071 3546 2128 die
3586 2071 3638 2125 in
3682 2069 3830 2127 diem

2240 2168 2478 2223 deterius
2506 2182 2684 2231 ruere,
2711 2174 2766 2221 et
2793 2165 3095 2234 iniquitatis
3113 2163 3385 2220 cumulum
3413 2163 3466 2218 in
3494 2161 3647 2234 pejus
3677 2177 3828 2218 sem-

2238 2274 2335 2329 per
2363 2273 2669 2330 assurgere,
2703 2266 2865 2328 atque
2893 2258 3070 2314 cordis
3103 2256 3327 2312 humani
3351 2256 3650 2311 intentione
3676 2255 3830 2312 omni

2239 2362 2480 2422 tempore
2519 2351 2583 2406 ad
2620 2351 2871 2405 vitiorum
2915 2348 3176 2422 profunda
3214 2348 3562 2412 descendere,
3619 2362 3720 2403 nec
3759 2349 3832 2404 ad

2238 2444 2366 2500 boni
2401 2445 2635 2515 aliquem
2666 2445 2748 2499 vel
2779 2443 3203 2508 meditationem,
3253 2442 3335 2497 vel
3366 2442 3604 2498 studium
3636 2457 3833 2497 manus

2240 2535 2553 2600 extendere,
2578 2535 2672 2590 sed
2701 2534 3094 2606 malignitatum
3125 2535 3389 2605 gurgitem
3425 2532 3835 2603 przecipitanter

2245 2638 2582 2701 expetere“:
2619 2628 2869 2700 paenituit
2913 2643 3036 2682 eum
3065 2626 3298 2697 (dicente
3344 2624 3647 2698 Scriptura)
3683 2624 3832 2694 quod

2243 2722 2514 2777 hominem
2537 2719 2892 2792 fecerittGen.
2915 2735 2989 2784 vt,
3017 2719 3071 2791 6)
3099 2734 3114 2774 :
3138 2739 3156 2772 ι
3183 2728 3346 2790 utque
3385 2728 3531 2774 tanta
3562 2718 3833 2774 malorum

2241 2813 2482 2884 pernicie
2513 2812 2772 2868 mundum
2795 2812 3062 2884 expiaret,
3098 2828 3304 2878 arcam,
3340 2813 3393 2868 in
3431 2829 3534 2884 qua
3578 2825 3835 2868 servare-

2245 2914 2332 2959 tnr
2362 2904 2559 2960 saaculo
2586 2920 2794 2969 semen,
2836 2903 3086 2960 fabricari
3112 2903 3288 2974 jubet,
3329 2904 3528 2960 mundo
3568 2902 3831 2958 diluvium

2245 2995 2462 3058 indicit,
2510 3005 2711 3051 terram
2764 2997 3073 3052 universam
3119 3012 3385 3067 aquarum
3427 2995 3596 3052 moles
3625 2995 3833 3061 obruit,

2244 3089 2505 3142 montium
2535 3089 2818 3144 cacumina
2856 3089 3083 3144 vastitas
3125 3089 3304 3161 abyssi
3337 3089 3634 3160 cooperuit,
3668 3097 3836 3160 atque

2244 3194 2343 3250 per
2364 3189 2533 3235 totum
2562 3179 2750 3236 orbem
2778 3181 2967 3236 oceani
2994 3195 3190 3252 gurges
3204 3195 3324 3236 sese
3349 3178 3577 3246 diffudit,
3599 3189 3654 3234 et
3679 3179 3839 3248 quid-

557 3261 737 3316 scelus
771 3278 1111 3335 nequaquam
1143 3265 1310 3322 Deum
1341 3266 1515 3321 latuit.
1561 3267 1837 3324 Parricida
1871 3260 2214 3341 redargui-C
2245 3273 2375 3342 quid
2422 3274 2525 3329 sub
2581 3272 2722 3329 ctelo
2776 3272 2972 3337 fuerat,
3024 3273 3246 3345 pelagus
3301 3273 3635 3344 superduxit.
3689 3272 3835 3340 Quid

560 3362 664 3420 tur,
719 3355 820 3410 fusi
881 3358 1159 3426 sanguinis
1216 3359 1419 3414 clamor
1482 3361 1753 3415 convincit
1804 3369 2136 3432 negantem:

560 3444 808 3515 Nunquid
838 3457 1017 3503 autem
1051 3449 1192 3504 Deus
1219 3458 1346 3506 tunc
1377 3449 1512 3506 Cain
1557 3452 1732 3522 primo
1758 3463 1984 3508 noverat
2013 3469 2138 3525 par-

561 3537 806 3602 ricidam,
837 3540 1051 3610 quando
1093 3539 1315 3594 fratrem
1346 3544 1624 3598 eneeavit?
1664 3543 1722 3598 Si
1754 3545 1854 3599 hoc
1894 3545 2142 3600 concedi-

562 3639 670 3696 tur,
707 3633 950 3702 sequitur
980 3641 1040 3686 ut
1072 3632 1274 3704 aliquid
1304 3635 1514 3706 ignoret
1541 3638 1683 3692 Deus
1711 3637 1853 3707 quod
1886 3652 1983 3707 per
2008 3647 2142 3694 tem-

559 3721 705 3791 poris
721 3721 995 3777 intervalla
1017 3723 1225 3778 discat:
1249 3725 1342 3779 sed
1369 3727 1502 3782 nihil
1530 3737 1706 3798 potest
1730 3727 1940 3784 discere
1968 3730 2130 3796 Deus,

560 3811 700 3878 quod
730 3813 881 3881 prius
899 3813 1202 3883 ignorabat.
1224 3813 1416 3872 Omnia
1454 3833 1687 3888 namque
1719 3819 1868 3874 novit
1901 3835 2140 3890 praesen-

560 3900 657 3963 tia,
691 3903 983 3970 prteterita,
1014 3912 1070 3958 et
1104 3903 1304 3958 futura.
1353 3906 1520 3976 Igitur
1559 3909 1688 3978 quid
1731 3918 1850 3964 erat
1879 3909 2010 3966 Cain
2051 3912 2143 3967 ad-

561 4003 754 4044 versus
803 3989 1023 4046 fratrem
1072 4001 1334 4059 acturus,
1387 4011 1660 4065 nunquam
1719 3999 1984 4068 ignoravit
2029 4020 2040 4055 :
2098 4002 2142 4056 si

564 4097 837 4152 nunquam
871 4083 1157 4154 ignoravit,
1194 4102 1408 4158 semper
1443 4089 1617 4144 scivit.
1658 4089 1910 4162 Nunquid
1940 4104 2138 4158 autem,

564 4175 687 4245 quia
718 4176 859 4246 quod
883 4177 987 4232 scit
1013 4178 1153 4234 Deus
1175 4178 1413 4234 futurum
1434 4195 1553 4236 esse
1579 4181 1695 4237 sine
1720 4183 1882 4238 dubio
1903 4183 2143 4240 futurum

563 4268 688 4332 erit,
715 4283 814 4322 nec
845 4269 1013 4323 averti
1042 4279 1136 4326 aut
1161 4271 1432 4325 innnutari
1467 4281 1664 4343 potest,
1692 4273 1894 4330 ideirco
1916 4276 2141 4331 scientia

565 4358 659 4412 Dei
687 4360 945 4428 compulit
987 4360 1119 4415 Cain
1166 4362 1232 4415 ad
1277 4378 1462 4418 necem
1497 4363 1835 4420 fraternam?
1881 4367 2012 4434 Quis
2043 4368 2143 4424 hoc

565 4451 760 4520 impius
812 4452 1038 4507 dixerit?
1092 4454 1221 4520 Quae
1278 4469 1364 4510 res
1411 4456 1553 4511 enim
1591 4457 1864 4529 impulerit
1909 4476 2031 4514 enin
2076 4461 2143 4514 ad

567 4543 698 4596 tanti
740 4543 960 4599 sceleris
990 4545 1348 4614 patrationem
1389 4565 1402 4600 :
1449 4547 1720 4605 Geneseos
1748 4550 1908 4606 lectio
1943 4566 2145 4621 nequa-

563 4653 724 4706 quam
783 4638 940 4705 silet,
983 4655 1101 4710 quae
1152 4640 1307 4696 docet
1374 4643 1657 4701 Dominum
1717 4649 2017 4718 respexisse
2077 4649 2143 4703 ad

553 4729 718 4794 ‘Ahel,
754 4739 808 4784 et
834 4731 901 4784 ad
931 4747 1153 4786 munera
1180 4730 1317 4800 ejus,
1337 4735 1404 4789 ad
1425 4736 1557 4792 Cain
1578 4754 1706 4795 vero
1740 4749 1794 4794 et
1826 4741 1892 4796 ad
1918 4757 2144 4797 munera

564 4816 681 4886 ejus
725 4835 830 4874 non
882 4821 1183 4890 respexisse
1212 4820 1364 4891 (Gen.
1403 4841 1475 4890 tv,
1506 4826 1580 4898 4).
1628 4828 1761 4884 Hinc
1809 4831 2144 4900 parricidalis

568 4906 877 4965 immanitas
907 4912 1150 4966 odiorum
1188 4910 1423 4969 fomenta
1445 4932 1798 4986 ‘eoacervans,
1827 4937 1927 4976 nec
1961 4923 2141 4976 divina

566 5001 920 5071 castigatione
951 5005 1335 5074 compescitur,
1365 5009 1457 5063 sed
1483 5013 1644 5080 ccepti
1692 5012 1889 5068 furoris
1933 5013 2141 5068 insania

569 5092 806 5148 fraterna
828 5093 974 5150 caede
996 5095 1312 5170 completur.
1351 5098 1466 5154 Non
1501 5101 1664 5171 igitur
1687 5101 1777 5157 Dei
1804 5104 2142 5172 praescientia

567 5185 874 5255 compulsus
925 5195 1008 5241 est
1053 5186 1185 5244 Cain
1231 5191 1299 5245 ad
1353 5191 1734 5262 parricidium,
1784 5195 1876 5248 sed
1931 5194 2146 5252 invidia:

572 5279 926 5350 malignitate,
959 5290 1050 5335 aut
1083 5280 1283 5338 furoris
1315 5284 1543 5348 insania,
1573 5285 1662 5354 qui
1697 5284 1882 5340 fratris
1917 5287 2144 5358 gloriam

569 5371 749 5426 videre
776 5388 878 5427 non
904 5375 1095 5444 potuit,
1119 5374 1262 5431 ferre
1285 5377 1546 5446 nequivit,
1564 5379 1903 5449 exstinguere
1928 5381 2144 5438 molitus

568 5470 670 5516 est.
698 5461 768 5516 At
793 5463 1028 5520 caelestis
1057 5464 1190 5520 ultio
1223 5475 1330 5519 tam
1360 5466 1526 5521 ferale
1562 5468 1739 5523 scelus
1767 5485 1873 5524 non
1905 5471 2144 5543 impuni-

570 5559 682 5606 tum
710 5553 942 5625 reliquit,
987 5577 1004 5608 ι
1041 5574 1206 5630 vagus
1227 5568 1280 5614 et
1312 5558 1568 5630 profugus
1587 5577 1750 5632 super
1768 5572 1964 5620 terram
1990 5587 2007 5620 ι
2030 5569 2143 5638 agi-

571 5648 678 5709 tur,
705 5653 760 5700 et
787 5647 1113 5716 patricidalis
1140 5649 1397 5721 iniquitas
1427 5649 1645 5707 ultionis
1673 5657 1998 5726 septenaria:
2023 5674 2141 5716 ver-

539 5749 542 5754 '
569 5735 787 5793 beribus
810 5739 1072 5810 expiatur.
1100 5739 1234 5797 Num
1258 5759 1387 5800 vero
1414 5754 1698 5816 postquam
1726 5749 1860 5805 lauti
1883 5750 2140 5808 facinoris

502 5895 512 5901 _
569 5828 834 5900 piaculum
874 5840 956 5886 est
995 5832 1310 5904 admissum,
1355 5846 1481 5896 tunc
1535 5841 1764 5912 primum
1821 5843 2140 5904 deliberavit

2169 4617 2222 4677 D

2240 3365 2430 3436 plura?
2455 3365 2531 3418 «Α
2547 3364 2724 3435 reptili
2751 3379 2921 3435 usque
2941 3365 3008 3421 ad
3030 3365 3303 3422 volucrem
3330 3365 3398 3421 ab
3431 3365 3644 3420 homine
3659 3379 3838 3434 usque

2242 3456 2309 3511 ad
2347 3457 2608 3526 pecudem
2648 3456 2898 3510 universa
2933 3475 2951 3506 ι
2999 3455 3247 3512 delentur
3292 3475 3304 3510 :
3358 3456 3504 3512 solus
3552 3455 3664 3511 Noe
3704 3471 3835 3512 cum

2241 3548 2401 3604 domo
2424 3565 2518 3603 sua
2547 3563 2686 3604 area:
2705 3548 2970 3604 beneficio
2999 3549 3257 3613 salvatur,
3284 3561 3341 3606 et
3366 3545 3432 3605 iis
3455 3559 3682 3616 tantum,
3709 3567 3838 3622 qua:

2245 3655 2385 3696 arcae
2411 3642 2563 3696 sinus
2593 3642 2951 3706 continuerat,
2985 3643 3222 3706 salvatis,
3247 3643 3506 3714 quidquid
3532 3645 3833 3701 viventium

2242 3742 2396 3788 extra
2437 3731 2608 3788 fuerat
2644 3747 2752 3788 uno
2783 3733 2984 3789 diluvio
3012 3733 3238 3789 deletur.
3283 3733 3398 3790 Hoc
3431 3735 3504 3789 ita
3545 3733 3712 3812 fuisse
3741 3751 3836 3807 ge-

2245 3835 2388 3880 stum
2422 3824 2718 3896 Scriptura:
2753 3825 2956 3882 veritas
2991 3836 3340 3898 protestatur.
3371 3826 3621 3898 Nunquid
3647 3837 3832 3886 tamen

2246 3916 2485 3986 cogitare
2523 3913 2806 3983 debemus,
2853 3917 2995 3985 quod
3024 3918 3312 3988 impiorum
3343 3921 3648 3990 profanatio
3697 3930 3830 3992 tunc

2246 4007 2477 4076 primum
2505 4006 2614 4063 Deo
2649 4016 2776 4063 nota
2807 4008 2947 4064 facta
2987 4008 3168 4074 fuerit,
3198 4013 3413 4080 quando
3439 4013 3539 4083 ipsi
3571 4027 3832 4084 peccave-

2245 4105 2412 4158 runt?
2445 4103 2580 4157 Cum
2611 4103 2678 4158 de
2711 4103 2802 4160 illo
2825 4105 3084 4177 scriptum
3124 4107 3212 4167 sit,
3249 4109 3390 4178 quod
3425 4126 3444 4159 ‹
3474 4108 3685 4164 noverit
3709 4125 3828 4165 om-

2171 4251 2182 4262 ,
2246 4195 2335 4249 nia
2387 4195 2700 4265 priusquam
2737 4196 2869 4252 fiant
2895 4197 3057 4267 (Dan.
3099 4215 3217 4264 xm,
3244 4199 3362 4271 42),
3395 4220 3414 4253 ι
3457 4210 3511 4258 et
3541 4201 3823 4258 Psalmistn

2245 4287 2581 4357 proclamet:
2615 4309 2632 4340 ι
2663 4289 2975 4344 Intellexisti
3004 4292 3360 4362 cogitationes
3404 4308 3552 4350 meas
3587 4310 3617 4348 a
3670 4292 3827 4366 longe

2247 4379 2363 4452 (Ps.
2387 4396 2646 4446 cxxxvm,
2666 4381 2758 4454 3)?
2784 4403 2802 4435 ι
2832 4382 2889 4437 Si
2916 4385 3268 4456 cogitationes
3294 4401 3324 4442 a
3348 4385 3502 4458 longe
3526 4403 3630 4442 non
3653 4387 3826 4444 solum

2245 4474 2538 4544 cognoscit,
2578 4489 2763 4529 verum
2803 4474 2968 4530 etiam
3022 4477 3296 4549 intelligit;
3332 4479 3686 4536 humanorum
3737 4497 3828 4537 ac-

2251 4573 2396 4620 tuum
2429 4565 2626 4621 seriem
2657 4575 2942 4636 antequam
2977 4568 3106 4623 fiant
3134 4570 3250 4625 sine
3273 4571 3434 4627 dubio
3461 4588 3489 4625 a
3523 4571 3676 4640 longe
3702 4588 3829 4644 cog-

2249 4657 2442 4722 noscit,
2476 4673 2580 4728 qua
2634 4657 2699 4712 de
2743 4673 2802 4712 re
2844 4673 3050 4726 eorum,
3103 4676 3236 4730 quos
3295 4670 3577 4734 spumante
3625 4663 3827 4719 diluvio

2247 4748 2496 4818 perdidit,
2535 4757 2660 4803 ante
2704 4749 2853 4826 novit
2894 4765 3080 4820 opera,
3131 4769 3293 4823 quam
3348 4755 3490 4812 facta
3537 4757 3683 4813 sint:
3719 4773 3824 4813 non

2246 4844 2425 4892 tamen
2447 4847 2666 4908 propter
2693 4837 2810 4907 ejus
2837 4840 3104 4908 notitiam,
3129 4859 3232 4912 qua
3266 4853 3513 4915 gesturos
3547 4845 3668 4901 illos
3701 4846 3824 4902 talia

2244 4927 2420 4996 qualia
2450 4938 2729 4998 gesserunt
2767 4945 2798 4984 a
2838 4929 2994 5003 longe
3027 4935 3296 5004 cognovit,
3329 4936 3423 4991 sed
3462 4947 3686 5007 propter
3716 4953 3826 4995 sua:

2251 5009 2598 5088 malignitatis
2639 5021 3074 5090 adinventiones,
3104 5040 3166 5079 ea
3211 5025 3452 5082 fecerunt
3490 5044 3586 5100 pro
3633 5031 3826 5102 quibus

2249 5110 2426 5178 perire
2469 5122 2800 5168 meruerunt.
2836 5113 2968 5170 Nam
3005 5117 3049 5171 si
3089 5119 3496 5174 eonsiderentur
3537 5105 3677 5176 facta
3715 5122 3825 5176 illo-

2253 5218 2393 5268 rum,
2425 5212 2481 5260 et
2525 5203 2620 5260 Dei
2653 5208 3026 5275 przeseieutia:
3061 5226 3164 5264 non
3220 5211 3362 5267 facta
3407 5228 3593 5268 eormn
3615 5213 3698 5268 ex
3734 5215 3824 5270 Dei

2252 5300 2586 5368 przeseientia
2612 5301 3048 5370 descenderunt,
3089 5307 3182 5361 sed
3211 5307 3348 5363 infra
3383 5309 3618 5364 divinam
3645 5311 3823 5365 scien-

2252 5389 2400 5454 tiam,
2418 5407 2537 5460 quze
2563 5392 2813 5447 universa
2835 5397 3267 5464 comprehendit,
3286 5399 3448 5453 etiam
3473 5399 3558 5454 illa
3583 5398 3817 5455 fuerunt.

2249 5480 2478 5537 Causam
2507 5498 2634 5538 vero
2659 5492 2713 5538 et
2753 5485 3016 5556 originem
3067 5504 3172 5544 non
3203 5505 3269 5545 ex
3318 5490 3408 5546 illa
3456 5503 3819 5562 sumpserunt,

2248 5575 2342 5629 sed
2372 5576 2589 5630 humani
2613 5576 2793 5632 cordis
2828 5582 3264 5650 praesumptione,
3291 5598 3396 5639 non
3419 5585 3563 5639 enim
3586 5587 3651 5640 de
3679 5585 3822 5642 fonte

2247 5663 2525 5731 bonitatis,
2575 5666 2679 5721 nisi
2728 5665 2941 5724 bonitas
2984 5686 3203 5729 manare
3233 5683 3438 5744 potest;
3495 5691 3594 5731 nec
3631 5677 3822 5732 vitium

2246 5754 2532 5826 aliquando
2562 5759 2627 5814 de
2653 5759 2852 5816 virtute
2876 5765 3108 5834 sumpsit
3134 5766 3418 5838 originem.
3458 5768 3641 5841 Itaque
3684 5771 3821 5826 sicut

2244 5846 2462 5916 delicta,
2492 5850 2687 5921 quibus
2713 5849 3052 5912 offenderunt
3087 5857 3226 5914 intra
3263 5859 3596 5919 latitudinem
3626 5864 3816 5921 divina:
