4088 6344
299 357 370 415 7⁵
1270 356 1361 413 DE
1392 350 1898 413 PREDESTINAT

2000 352 2069 407 IE
2104 352 2238 409 DEI.
2275 382 2348 398 --
2381 354 2511 411 LIB.
2549 356 2610 411 ll.
3501 364 3569 419 74

299 472 543 530 scientia
567 470 820 528 conclusa
841 470 1097 529 fuerunt:
1132 472 1212 530 sic
1238 487 1452 545 quoque
1483 480 1541 529 et
1574 486 1756 543 poena,
1782 483 1890 540 qua
1918 470 1967 530 Α
1995 466 2216 535 fuerint,
2262 469 2404 525 Deus
2428 472 2764 542 cognoverit,
2819 479 2874 528 et
2908 472 3127 531 ultionis
3164 474 3461 534 vindictam
3518 480 3573 535 in

293 565 522 640 iudica“
557 575 706 634 δυηιι
734 581 844 623 non
890 576 1173 638 postquam
1225 580 1522 640 peccavere
1569 564 1890 622 :eternitatis

299 656 529 715 consilio
558 664 817 729 concepta
857 666 964 725 est,
994 659 1091 715 sed
1136 658 1277 715 sicut
1305 658 1402 715 Dei
1440 656 1725 715 scientiam
1752 672 1892 713 nun-

299 764 465 823 quam
489 764 684 806 eorum
722 746 869 806 facta
912 748 1210 818 latuerunt,
1240 749 1320 806 sic
1340 765 1442 806 nec
1469 764 1646 822 plena:
1673 748 1888 815 modus,

298 857 405 914 qua
457 839 592 898 talia
635 849 787 915 gesta
817 841 1226 909 damnarentur,
1261 840 1431 898 divini
1459 839 1888 913 praedestinatio-

299 948 421 990 nem
472 932 668 1005 iudicii
709 932 997 1004 aliquando
1047 933 1365 1006 praterivit.
1396 930 1594 988 Verum
1626 930 1886 1003 quemad-

298 1023 520 1082 modum
543 1033 748 1081 aaterna
780 1023 884 1081 fuit
905 1025 1126 1082 illorum
1161 1025 1427 1083 scelerum
1453 1023 1679 1082 scientia
1696 1065 1713 1092 ,
1736 1023 1811 1080 ita
1837 1030 1893 1079 et

295 1117 523 1175 deﬁnita
575 1119 632 1174 in
684 1122 908 1176 secretis
954 1118 1266 1176 caelestibus
1288 1133 1464 1191 poenae
1497 1115 1762 1176 sententia
1795 1134 1809 1170 :
1838 1122 1893 1172 et

298 1214 442 1271 sicut
465 1214 804 1286 prazscientia
823 1214 1069 1271 veritatis
1091 1228 1201 1271 non
1238 1228 1333 1269 eos
1365 1210 1576 1284 impulit
1594 1211 1663 1267 ad
1701 1208 1895 1282 nequi-

299 1305 454 1373 tiam,
486 1305 564 1361 ita
589 1320 695 1363 nec
716 1306 1119 1378 praedestinatio
1146 1305 1325 1377 coegit
1355 1304 1423 1361 ad
1461 1317 1701 1375 pmnam.
1733 1300 1894 1358 Deni-

297 1412 405 1471 que
436 1397 892 1469 concupiscentia
939 1397 1143 1454 malum
1194 1397 1362 1453 traxit
1396 1412 1492 1453 eos
1538 1395 1606 1453 ad
1654 1394 1890 1467 culpam,

299 1491 457 1564 culpa
487 1491 641 1548 misit
667 1492 735 1549 ad
764 1504 1003 1563 pmnam.
1050 1491 1220 1548 Porro
1247 1490 1511 1546 Divinitas
1538 1489 1891 1560 quemadmo-

298 1583 426 1640 dum
458 1585 611 1640 omni
661 1584 904 1642 scientia:
931 1584 1195 1655 sapientia
1247 1599 1344 1639 sua
1383 1582 1535 1639 novit
1575 1581 1776 1645 omnia,
1816 1580 1895 1636 sic

299 1675 678 1733 universitatis
707 1674 936 1733 consilio
976 1675 1214 1747 disponit
1240 1676 1513 1742 universa,
1560 1681 1615 1729 et
1651 1689 1772 1746 quae
1819 1672 1896 1728 fa-

295 1777 488 1825 cturus
534 1776 621 1825 est
670 1768 726 1825 in
757 1776 1023 1840 tempore,
1055 1768 1110 1825 in
1153 1768 1474 1826 aeternitatis
1516 1767 1743 1824 consilio
1775 1766 1891 1837 jam

1993 561 2481 631 praedestinationis
2506 580 2618 620 suae
2653 562 2859 633 judicio
2895 574 3187 638 antequam
3213 584 3310 627 eos
3331 585 3580 642 comprc-

1992 653 2276 722 henderet,
2301 655 2618 727 dispositam
2643 658 2932 715 habuerit?
2960 662 3055 718 sed
3078 663 3261 720 carnis
3295 664 3579 722 desideriis

1994 743 2371 803 inservientes
2392 745 2701 813 Sodomitas,
2750 750 2818 806 ad
2868 758 3018 808 tanta
3061 753 3270 811 scelera
3317 770 3580 828 prorupe-

1995 845 2143 905 runt,
2193 846 2256 895 ut
2289 853 2478 896 eorum
2505 841 2703 898 merito
2733 841 2940 900 caelesti
2994 845 3120 918 igne
3157 846 3574 922 conflagrareut.

1993 925 2137 984 Fons
2189 928 2354 1000 igitur
2404 939 2462 990 et
2495 932 2646 1005 origo
2702 941 2970 990 tantorum
3026 937 3290 995 scelerum
3330 939 3581 1012 voluptas

1994 1022 2176 1078 carnis
2212 1023 2459 1090 exstitit;
2494 1033 2553 1080 at
2581 1040 2710 1082 vero
2735 1036 3081 1098 peccatorum
3111 1030 3281 1088 moles
3325 1032 3578 1088 vindicta:

1994 1114 2316 1172 sententiam
2342 1118 2590 1173 extorsit.
2617 1116 2729 1174 Nec
2764 1119 3223 1190 praedestinationi
3248 1138 3379 1196 ergo
3406 1123 3581 1180 ascri-

1993 1207 2229 1264 bendum
2243 1217 2327 1263 est
2345 1209 2489 1280 quod
2507 1210 2740 1282 periere,
2760 1226 2861 1268 nec
2892 1213 3200 1283 praescienti
3223 1216 3364 1286 quod
3396 1231 3581 1288 pecca-

1995 1315 2142 1356 vere.
2172 1299 2441 1374 Ai‘gyptus
2467 1303 2564 1359 Dei
2591 1303 2846 1377 populum
2869 1304 3001 1378 jugo
3043 1307 3429 1365 dominationis
3457 1326 3577 1382 pre-

1996 1390 2116 1458 mit,
2144 1391 2331 1449 labore
2349 1394 2626 1450 servitutis
2654 1396 2859 1468 afﬂigit,
2888 1397 3182 1455 liberorum
3205 1400 3585 1458 interfectione

1993 1483 2239 1554 percellit
2265 1502 2278 1539 :
2304 1484 2515 1558 Moyses
2533 1488 2788 1556 mittitur,
2815 1497 2877 1545 ut
2899 1489 3130 1561 populus
3149 1490 3244 1547 Dei
3280 1492 3585 1548 dimittatur

1997 1577 2198 1648 (Exod.
2241 1596 2335 1635 vni
2390 1591 2439 1635 et
2472 1583 2625 1655 αφ).
2678 1582 2890 1640 Pharao
2931 1578 3238 1651 induratur,
3277 1593 3337 1641 ut
3395 1584 3583 1641 multis

1994 1668 2165 1742 plagis
2224 1668 2493 1743 Egyptus
2546 1672 2811 1742 feriatur;
2870 1675 3168 1732 novissime
3226 1676 3585 1749 primogenita

1994 1764 2369 1837 Egyptiorum
2390 1768 2730 1837 occiduntur,
2760 1779 2818 1826 et
2842 1772 3057 1829 tandem
3082 1772 3248 1829 Israel
3272 1774 3584 1831 dimittitur.

294 1861 673 1933 pra:destinati
703 1861 1021 1919 consistunt.
1041 1860 1275 1916 Proinde
1299 1874 1514 1931 quoque
1542 1858 1885 1931 supplicium,
1913 1853 1963 1915 B
1990 1854 2200 1913 Rursus
2239 1857 2526 1932 Egyptios
2568 1862 2885 1931 ptenitentia
2936 1864 3162 1933 invadit,
3211 1864 3464 1923 lsraelem
3499 1867 3587 1923 di-

295 1971 401 2024 quo
424 1964 558 2010 tunc
574 1954 653 2009 illi
672 1954 918 2011 mulctati
944 1962 1088 2017 sunt.
1116 1954 1172 2009 in
1191 1963 1398 2010 aeterna
1416 1953 1890 2025 praedestinatione

285 2044 399 2115 jam
454 2046 734 2102 decretum
776 2043 1062 2112 manebat;
1108 2044 1187 2100 illi
1237 2060 1368 2102 vero
1410 2054 1536 2100 tunc
1560 2044 1725 2100 dediti
1766 2053 1892 2100 sunt

290 2152 489 2210 preme,
506 2136 729 2210 quando
758 2136 1021 2193 scelerum
1045 2137 1541 2208 immanitas'pgena
1554 2136 1746 2209 dignos
1770 2152 1891 2193 esse

286 2220 572 2302 patefecit.
606 2228 702 2285 Sic
726 2228 910 2302 itaque
934 2244 1036 2285 nec
1061 2228 1403 2301 praescientia
1427 2242 1521 2285 eos
1545 2226 1805 2299 compulit
1824 2226 1891 2282 ad

291 2333 529 2389 reatum,
565 2339 668 2380 nec
694 2321 1096 2395 praedestinatio
1125 2323 1291 2379 traxit
1308 2322 1376 2378 ad
1402 2336 1644 2394 poenam.
1666 2322 1737 2378 At
1762 2330 1892 2379 tunc

287 2415 611 2488 Pentapolin
636 2414 945 2473 ccelestibus
970 2415 1202 2471 flammis
1226 2422 1546 2471 :estuautem
1570 2413 1628 2469 in
1655 2413 1891 2470 medium

289 2510 648 2575 deducamus,
661 2517 718 2567 et
734 2523 956 2567 causam
975 2508 1311 2580 perditionis,
1327 2517 1383 2564 et
1396 2506 1650 2564 vindicta:
1662 2506 1893 2578 qualita-

291 2611 402 2659 tem
431 2602 806 2674 inspiciamus.
852 2600 987 2658 Cum
1012 2602 1157 2658 enim
1185 2601 1425 2659 omnium
1456 2600 1787 2672 turpitudine
1806 2601 1890 2655 vi-

290 2699 496 2753 tiorum
515 2696 912 2762 detinerentur,
942 2709 1047 2752 nec
1070 2702 1215 2751 esset
1240 2694 1449 2750 facinus
1468 2708 1577 2764 quo
1604 2706 1711 2748 non
1734 2708 1890 2749 vexa-

290 2799 519 2847 rentur:
554 2798 713 2847 erant
741 2789 891 2846 enim
909 2789 1166 2862 superbia
1186 2788 1400 2857 tumidi,
1428 2790 1635 2848 ventris
1654 2780 1892 2860 ingluvie

293 2884 516 2955 turgidi,
569 2884 798 2940 luxuriae
843 2883 1093 2941 foeditate
1146 2886 1420 2957 corrupti,
1462 2883 1755 2943 otiositatis
1798 2897 1895 2937 vc-

297 2986 455 3032 terno
478 2977 713 3048 gravati,
758 2976 1171 3032 inhumanitatis
1212 2975 1428 3033 feritate
1460 2976 1602 3043 duri,
1652 2973 1894 3045 hospita-

293 3065 467 3123 litatis
497 3067 832 3139 benignitate
861 3066 1044 3135 alieni,
1079 3076 1355 3125 tantorum
1404 3066 1669 3124 scelerum
1696 3063 1892 3121 tumul-

293 3167 383 3216 tus
403 3175 534 3216 aera
562 3175 727 3232 supra
757 3159 922 3227 volat,
951 3160 1122 3217 nubes
1140 3159 1360 3225 scindit,
1391 3159 1589 3217 caelum
1615 3139 1920 3229 irrumpit,‘

1995 1951 2218 2007 missum
2258 1952 2587 2025 insequitur,
2624 1956 2866 2027 pristinae
2886 1958 3134 2014 servituti
3160 1958 3429 2030 subjicere
3455 1976 3583 2031 pro-

1992 2054 2177 2115 perat;
2226 2046 2442 2101 demum
2492 2047 2674 2103 divina
2712 2048 2985 2106 mirabilia
3029 2051 3376 2119 innovantur,
3436 2067 3588 2109 mare

1993 2137 2237 2194 Rubrum
2262 2138 2521 2195 dividitur
2551 2140 2606 2195 in
2637 2139 2989 2197 similitudine
3027 2157 3342 2209 murorum,
3395 2143 3588 2224 ἀξια-λι

1993 2228 2233 2302 laevaque
2258 2231 2478 2303 pelagus
2523 2232 2892 2304 suspenditur,
2935 2234 3171 2290 nudatur
3205 2235 3363 2292 tellus
3394 2235 3448 2290 in
3476 2251 3589 2291 me-

1993 2324 2099 2380 diis
2136 2323 2406 2391 ﬂuctibus,
2437 2333 2494 2381 et
2521 2325 2685 2383 sicco.
2696 2326 2833 2398 pede
2856 2325 3168 2383 Israelitica:
3193 2326 3369 2396 plebis
3404 2327 3587 2383 multi.

1997 2414 2124 2471 tudo
2143 2430 2241 2487 per
2252 2423 2526 2488 patentem
2543 2418 2709 2473 maris
2728 2416 2940 2474 alveum
2955 2418 3188 2487 incedit;
3210 2417 3493 2491 Egyptios
3511 2420 3589 2475 in-

1994 2518 2281 2580 sequentes
2304 2509 2572 2566 undarum
2602 2510 2836 2568 vortices
2865 2510 3125 2578 obruunt,
3148 2510 3587 2576 ﬂuctusinvadit,

1992 2601 2217 2674 pelagus
2246 2602 2527 2663 absorbet.
2576 2602 2638 2659 fit
2664 2604 2913 2660 mirabile
2942 2605 3086 2661 inter
3114 2605 3235 2675 pios
3286 2604 3589 2675 impiosque

1994 2693 2316 2750 discrimen:
2337 2694 2471 2751 istos
2492 2696 2719 2767 abyssus
2738 2695 2953 2762 liberat,
2984 2696 3107 2752 illos
3131 2696 3423 2769 demergit:
3453 2698 3587 2754 istos

1993 2785 2190 2857 placito
2212 2801 2399 2857 gressu
2432 2787 2487 2842 in
2516 2787 2669 2843 littus
2695 2788 2934 2859 exponit,
2963 2788 3084 2845 illos
3109 2805 3308 2863 vorago
3332 2791 3591 2863 profundi

1995 2894 2202 2935 mersos
2226 2886 2478 2935 retentat.
2512 2877 2604 2935 Sic
2628 2879 3029 2951 Omnipotentis
3059 2883 3436 2940 misericordia
3466 2885 3587 2954 pios

1994 2967 2210 3035 liberat,
2256 2976 2313 3025 ct
2350 2983 2579 3026 censura
2608 2969 2809 3041 judicis
2852 2971 3047 3043 impios
3087 2972 3327 3029 damnat.
3382 2972 3510 3031 Haac
3541 2976 3589 3031 si

1994 3060 2158 3117 libeat
2181 3061 2491 3132 diligentius
2515 3063 2746 3130 intueri,
2793 3063 3096 3122 videbimus
3135 3072 3190 3120 et
3216 3065 3586 3123 lsraelitarum

1996 3152 2340 3210 alllictionem
2366 3164 2421 3211 et
2446 3154 2841 3225 liberationem,
2867 3165 2922 3212 et
2939 3155 3320 3230 Egyptiorum
3348 3161 3586 3218 crudeli—

296 3264 350 3311 et
373 3271 549 3326 usque
574 3255 642 3311 ad
666 3254 862 3312 solium
885 3254 1082 3311 divinae
1107 3256 1407 3328 majestatis
1434 3257 1733 3328 procurrit:
1764 3255 1892 3312 hinc
1917 3242 1965 3306 C
1998 3256 2184 3314 tatem,
2212 3258 2266 3304 et
2288 3249 2789 3308 condemnationem
2817 3293 2832 3318 ,
2867 3260 2923 3308 et
2952 3252 3008 3307 in
3032 3253 3378 3324 praescientia
3401 3257 3586 3314 divina

296 3361 364 3402 ex
406 3361 643 3417 persona
691 3345 914 3416 superni
956 3346 1156 3417 judicis
1205 3347 1478 3405 Geneseos
1502 3348 1664 3406 lectio
1711 3347 1889 3405 dicit:

303 3457 323 3491 ι
362 3436 587 3495 Clamor
615 3438 975 3495 Sodomorum
1022 3440 1169 3497 venit
1211 3441 1281 3498 ad
1322 3457 1441 3509 me,
1483 3441 1808 3499 descendam
1837 3450 1896 3498 et

297 3532 535 3590 videbo:
581 3540 766 3588 utrum
813 3531 1128 3601 clamorem,
1179 3534 1272 3604 qui
1304 3535 1452 3591 venit
1480 3534 1550 3591 ad
1589 3550 1678 3591 me
1732 3550 1895 3605 opere

299 3623 713 3695 oompleverint,
742 3640 813 3680 an
837 3637 946 3681 non
974 3632 1058 3680 est
1082 3624 1181 3692 ita,
1203 3633 1267 3681 ut
1294 3626 1466 3682 sciam
1501 3646 1520 3679 ι
1552 3623 1709 3698 (Gen.
1733 3641 1891 3691 xvm,

299 3717 390 3783 20,
413 3717 533 3786 2t).
588 3715 845 3788 Nunquid
871 3716 917 3773 is
944 3732 1104 3788 quem
1125 3717 1261 3774 nihil
1287 3718 1440 3785 latet,
1465 3711 1606 3774 etde
1631 3733 1738 3789 quo
1764 3719 1897 3776 scri—

303 3808 449 3864 bitur
473 3808 622 3880 quod
644 3808 829 3865 omnia
855 3809 999 3865 nuda
1025 3817 1081 3864 et
1107 3816 1295 3880 aperta
1338 3809 1447 3865 sint
1474 3807 1646 3865 oculis
1673 3808 1811 3879 ejus,
1841 3818 1897 3865 et

302 3920 407 3962 non
454 3912 542 3961 est
575 3902 682 3959 ulla
729 3910 981 3959 creatura
1020 3901 1310 3959 invisibilis
1353 3901 1409 3957 in
1453 3909 1747 3971 conspectu
1780 3902 1896 3973 ejus

302 3997 491 4069 (Hebr.
532 4014 612 4066 iv,
654 3997 767 4069 15),
817 3995 1093 4054 nesciebat
1126 4009 1309 4066 (Opera
1354 3993 1803 4053 Sodomitarum?
1841 4006 1898 4052 et

301 4108 599 4163 paucorum
632 4090 912 4147 hominum
933 4104 1043 4146 non
1068 4088 1286 4145 videbat
1315 4096 1490 4156 actus,
1526 4089 1683 4161 cujus
1707 4088 1896 4145 oculus

301 4184 706 4257 contemplatur
737 4185 910 4242 bonos
950 4190 1007 4241 et
1033 4184 1223 4242 malos.
1263 4182 1371 4239 Sed
1396 4183 1707 4240 dissimulat
1755 4184 1898 4240 scire

302 4283 445 4355 quod
496 4297 607 4340 non
660 4280 776 4336 vult
829 4279 1033 4345 videre,
1084 4286 1141 4335 et
1193 4277 1398 4334 mavult
1438 4278 1689 4350 ignorare
1755 4277 1900 4349 quod

302 4384 457 4447 optat
476 4391 585 4431 non
604 4374 821 4446 punire.
851 4372 1024 4441 Quam
1050 4373 1123 4429 sit
1144 4380 1324 4429 autem
1347 4385 1550 4443 pronus
1572 4370 1641 4426 ad
1659 4367 1911 4436 veniam,‘

304 4478 359 4525 et
389 4467 624 4524 diliicilis
652 4467 720 4522 ad
749 4466 1011 4522 ultionem
1047 4465 1371 4531 ostenditur,
1403 4478 1530 4521 cum
1558 4460 1900 4535 propter‘de-

305 4573 423 4617 cem
451 4561 631 4633 justos
674 4558 789 4615 vult
819 4558 1002 4614 multis
1041 4557 1278 4613 millibus
1302 4571 1530 4628 parcere
1549 4564 1898 4627 peccatorum

1994 3340 2122 3397 olim
2151 3340 2338 3407 fuisse,
2387 3353 2444 3398 ct
2467 3342 2701 3413 qualiter
2728 3345 2798 3400 de
2825 3352 3055 3416 utroque
3097 3347 3295 3418 popqu
3335 3358 3591 3421 ageretur

1994 3434 2435 3505 praedestinatum
2484 3452 2625 3493 esse.
2657 3437 2739 3492 Ad
2783 3438 3058 3496 Abraham
3114 3441 3256 3498 Deus
3300 3442 3581 3514 loquitur:

2002 3547 2020 3579 ι
2068 3528 2219 3586 Scito
2253 3544 2619 3600 praenoscens,
2670 3531 2812 3601 quod
2841 3533 3188 3604 peregrinum
3219 3533 3461 3590 futurum
3516 3538 3593 3592 sit

1997 3634 2182 3677 semen
2209 3628 2361 3676 tuum
2390 3622 2445 3676 in
2474 3630 2620 3678 terra
2644 3638 2750 3678 non
2779 3638 2900 3689 sua,
2923 3633 2979 3679 et
3004 3625 3293 3695 subjicient
3315 3628 3586 3691 servituti,

1996 3720 2052 3767 et
2086 3712 2325 3785 aliiigent
2365 3714 2775 3785 quadringentis
2805 3716 2997 3772 annis:
3058 3727 3431 3775 verumtamen
3459 3734 3589 3790 gen-

2000 3814 2130 3872 tem,
2155 3805 2243 3862 cui
2270 3805 2560 3861 servierint
2591 3822 2692 3878 ego
2730 3806 3005 3877 judicabo,
3056 3818 3254 3881 etpost
3278 3811 3382 3868 hoc
3431 3826 3591 3883 egre-

1998 3897 2237 3959 dientur
2265 3913 2389 3954 cum
2438 3914 2667 3971 magna.
2711 3900 3010 3956 substantia
3039 3898 3191 3972 (Gen.
3241 3903 3355 3973 xv).
3391 3925 3409 3957 ι
3447 3902 3587 3959 Non.

1999 3991 2126 4047 dum
2154 3990 2266 4046 nati
2292 4000 2467 4058 erant,
2507 4000 2564 4047 et
2589 3992 2767 4049 adhuc
2795 3992 2849 4048 in
2895 3992 3094 4051 lumbis
3132 3994 3367 4052 Abraba:
3411 3997 3589 4053 consi-

2000 4085 2235 4149 stebant,
2287 4093 2344 4140 et
2385 4083 2498 4153 jam
2528 4085 2781 4140 servituri
2838 4086 3242 4156 pnedicuntur,
3290 4086 3404 4157 jam
3459 4088 3592 4147 libe-

2003 4175 2158 4239 randi
2186 4172 2596 4258 promittuntur,
2619 4176 2733 4248 jam
2762 4175 3031 4249 AEgyptus
3051 4176 3343 4248 iudicanda
3361 4182 3591 4237 commi-

2001 4274 2180 4323 natur.
2221 4266 2304 4321 Ad
2348 4265 2568 4339 Moysen
2614 4283 2851 4338 quoquc,
2881 4284 3006 4326 cum
3032 4270 3274 4328 mitteret
3299 4286 3423 4328 eum
3450 4272 3594 4330 Deus

2002 4361 2318 4433 :‘Egyptum,
2349 4360 2430 4415 sic
2452 4359 2693 4431 loquitur
2720 4379 2733 4414 :
2764 4378 2783 4411 ι
2821 4360 3247 4433 lngredieris_tu,
3270 4371 3326 4417 et
3350 4363 3593 4420 seniores

2002 4452 2168 4508 lsracl
2196 4452 2265 4507 ad
2292 4467 2474 4524 regem
2501 4450 2757 4525 Egypti;
2789 4462 2846 4508 ct
2872 4454 3021 4510 dices
3041 4455 3108 4510 ad
3132 4470 3258 4525 eum
3288 4472 3302 4509 :
3333 4454 3596 4510 Dominus

2005 4546 2147 4602 Deus
2195 4544 2543 4602 Hebraeorum
2589 4546 2807 4601 vocavit
2845 4561 2966 4614 nos,
3004 4547 3214 4616 ibimus
3251 4548 3390 4603 viam
3431 4548 3595 4603 trium

309 4651 466 4723 (Gen.
498 4668 657 4717 ινιιι,
683 4650 795 4723 52).
828 4650 968 4720 Quid
993 4650 1208 4706 multa?
1234 4649 1326 4705 ubi
1355 4648 1637 4705 universos
1660 4664 1770 4703 uno
1808 4648 1906 4703 im-
1934 4643 1984 4704 D
2010 4639 2221 4695 dierum
2244 4653 2341 4711 per
2362 4638 2727 4705 solitudinem,
2770 4647 2831 4694 ut
2865 4639 3205 4695 immolemus
3229 4639 3458 4694 Domino
3484 4638 3598 4694 Deo

307 4754 435 4818 petu
465 4744 646 4801 cernit
667 4744 736 4798 ad
776 4741 1004 4807 malum,
1033 4754 1135 4796 nec
1175 4740 1230 4795 in
1263 4748 1414 4796 tanta
1441 4739 1785 4795 multitudine
1808 4738 1908 4794 ali-

308 4838 435 4909 quis
457 4836 750 4902 invenitur,
774 4835 865 4906 qui
888 4835 957 4890 de
975 4833 1119 4889 malo
1140 4840 1350 4903 quaerat
1372 4832 1441 4887 ad
1461 4831 1908 4897 bonumreverti,

313 4930 560 4988 caelestis
602 4928 850 4985 flammas
893 4935 1124 4985 cunctos
1160 4926 1373 4993 iuoluit,
1415 4937 1472 4982 et
1500 4924 1709 4983 Scelere
1751 4940 1911 4997 pares

311 5040 414 5096 par
432 5025 680 5081 vindicta
707 5023 999 5081 consumit.
1031 5021 1089 5077 Si
1127 5020 1270 5079 facta
1312 5036 1530 5079 reorum
1565 5020 1911 5078 consideren-

316 5126 429 5184 tur,
455 5117 586 5189 quid
604 5118 825 5189 justius,
855 5132 1020 5188 quam
1042 5116 1231 5172 talium
1256 5112 1464 5173 scelera
1487 5114 1669 5186 puniri
1695 5132 1709 5169 :
1734 5115 1778 5171 si
1800 5114 1909 5169 cle-

315 5200 578 5270 mentiam
618 5210 820 5282 judicis
866 5210 1241 5283 respiciamus,
1298 5209 1432 5281 quid
1482 5204 1909 5275 misericordius,

317 5317 485 5375 quam
541 5302 680 5360 tales
724 5301 870 5358 nolle
920 5300 1114 5358 feriri?
1161 5300 1241 5356 En
1289 5300 1534 5357 videmus
1570 5299 1912 5371 iniquitatem

316 5411 543 5454 reorum
596 5394 800 5452 scelere
837 5388 935 5451 suo
971 5393 1170 5452 omium
1213 5388 1459 5465 fatigare,
1515 5391 1734 5463 superni
1774 5391 1917 5464 regis

321 5502 596 5549 secretum
627 5491 953 5561 irrumpere,
987 5496 1044 5543 et
1076 5496 1257 5544 tamen
1309 5486 1739 5543 misericordiam
1766 5484 1914 5555 judi-

321 5584 405 5641 cis
430 5582 726 5639 vindictam
749 5581 969 5639 difl'erre
989 5623 1003 5648 ,
1029 5574 1370 5640 occasionem
1395 5596 1500 5653 qua
1529 5572 1719 5650 parcat
1743 5578 1920 5650 inqui-

324 5693 470 5735 rere.
521 5677 632 5736 Sed
662 5679 864 5736 mentis
893 5678 1083 5736 oculos
1116 5677 1232 5749 jam
1278 5677 1347 5734 ad
1397 5676 1491 5733 Dei
1520 5674 1918 5751 praascientiam

325 5769 655 5837 referamus,
684 5778 741 5829 et
773 5770 1056 5827 videamus
1090 5770 1234 5841 quod
1263 5767 1663 5827 Sodomitarum
1686 5767 1918 5834 scelera,

323 5881 437 5927 Ion
483 5868 659 5924 solum
690 5877 977 5941 oostquam
1003 5866 1166 5932 facta,
1217 5879 1405 5922 verum
1436 5864 1751 5936 priusquam
1775 5862 1916 5918 facta

816 5961 1089 6023 Parnm.
1135 5956 1362 6021 CXXI.

2010 4744 2216 4787 noStro.
2270 4730 2377 4786 Sed
2422 4747 2523 4801 ego
2563 4730 2675 4787 scio
2726 4732 2869 4801 quod
2932 4746 3040 4786 non
3091 4730 3324 4785 dimittet
3361 4744 3458 4786 vos
3498 4744 3599 4786 rex

2011 4822 2256 4895 Egypti,
2283 4822 2383 4877 nisi
2411 4838 2509 4893 per
2553 4837 2769 4877 manum
2818 4822 3044 4876 validam
3080 4839 3092 4875 :
3134 4821 3424 4877 extendam
3450 4822 3597 4877 enim

2012 4933 2232 4974 manum
2289 4931 2486 4979 meam,
2536 4924 2593 4971 et
2633 4916 2932 4986 percutiam
2971 4912 3263 4986 Egyptum
3293 4912 3363 4983 in.
3388 4916 3600 4971 cunctis

2014 5008 2355 5064 mirabilibus
2389 5008 2546 5073 meis,
2598 5022 2719 5075 qtae
2766 5006 3011 5062 facturus
3040 5020 3158 5061 sum
3191 5006 3247 5062 in
3286 5007 3466 5064 medio
3500 5021 3597 5061 eo-

2015 5119 2158 5170 rum,
2180 5111 2237 5160 et
2270 5110 2394 5174 post
2422 5101 2540 5157 lucc
2563 5099 2805 5167 dimittet
2831 5115 2929 5155 vos
2970 5096 3170 5172 (Exod.
3212 5114 3268 5155 Ix
3296 5108 3344 5154 et
3368 5099 3543 5171 αφ).
3577 5118 3596 5149 ι

2015 5197 2202 5253 Nonne
2254 5194 2538 5251 manifeste
2585 5194 2845 5249 docemur
2882 5191 3113 5262 qualiter
3148 5191 3473 5262 punirentur
3500 5188 3598 5246 AE-

2016 5292 2184 5364 gyptii
2211 5290 2551 5361 dispositum,
2594 5286 2645 5342 id
2672 5294 2769 5342 est
2805 5285 3247 5358 prmdestinatum
3285 5282 3489 5338 fuisse?
3517 5280 3602 5338 Au

2017 5384 2162 5440 aliud
2188 5392 2273 5441 est
2300 5383 2443 5454 quod
2471 5381 2583 5437 ait:
2613 5397 2633 5431 ι
2663 5378 2967 5453 Percutiam
2991 5375 3281 5449 Egyptum
3310 5373 3365 5429 in
3392 5371 3603 5428 cunctis

2019 5478 2358 5536 mirabilibus
2402 5475 2557 5541 meis,
2599 5488 2721 5545 qua:
2749 5472 2993 5529 facturus
3021 5486 3144 5527 sum
3196 5469 3250 5524 in
3303 5464 3484 5522 medio
3508 5479 3603 5522 eo-

2022 5574 2179 5631 rum?
2211 5593 2230 5628 ι
2286 5570 2602 5628 Ostenditur
2642 5568 2788 5623 enim
2828 5567 2882 5622 in
2920 5562 3397 5638 praedestinatione
3422 5559 3606 5617 divina

2023 5666 2208 5734 fuisse,
2232 5665 2453 5737 quibus
2480 5672 2535 5719 et
2571 5671 2703 5734 quot
2738 5660 2911 5733 plagis
2942 5657 3197 5715 feriretur
3233 5653 3521 5726 Egyptus,
3552 5660 3610 5743 et

2022 5760 2238 5834 quando
2284 5760 2580 5815 dimitteret
2635 5754 2920 5819 lsraelem;
2967 5750 3098 5823 quid
3144 5756 3232 5806 est
3274 5746 3420 5803 enim
3466 5742 3608 5814 quod

2023 5855 2100 5911 ait
2128 5871 2182 5908 :c
2214 5851 2327 5922 Ego
2352 5849 2621 5911 induralio
2647 5863 2743 5903 cor
2764 5843 3084 5907 Pharaonis,
3110 5849 3168 5898 et
3186 5838 3500 5897 induratum
3524 5840 3611 5890 est

3131 5936 3173 5997 3

2339 6012 2395 6027 ’.ᾖ
