4088 6344
446 356 523 424 78
544 356 553 361 1
1472 344 1827 411 RATRAMNI
1865 340 2314 406 GORBEENSIS
2358 334 2666 400 MONACHI
3666 326 3738 384 το

449 490 544 537 cor
570 478 869 538 Pharaonis
902 496 915 532 :
952 494 972 529 ι
1009 475 1111 531 nisi
1137 473 1279 545 quod
1300 487 1409 527 non
1431 467 1587 540 prius
1617 463 1951 530 emolliretur
1969 462 2039 518 ad
2068 467 2112 526 Α
2143 467 2198 515 et
2220 474 2287 515 ex
2309 456 2561 513 omnibus
2590 454 2896 510 divinorum
2912 450 3241 545 judiciorum
3265 448 3433 545 gestis
3450 446 3739 545 praesciem

453 574 830 633 dimittendum
884 569 979 625 Dei
1029 538 1306 638 populum.
1351 538 1524 618 donec
1583 559 1756 631 plagis
1791 554 2046 612 omnibus
2150 552 2302 615 tiam,
2329 545 2941 638 etpraedestiuationem
2969 542 3065 638 Dei
3092 541 3467 611 comprobare.
3502 539 3568 595 Et
3585 538 3737 638 quod

362 662 370 671 ’
453 667 709 725 feriretur
736 662 1026 736 Egyptus,
1057 658 1257 730 quibus
1287 652 1467 710 divina
1498 663 1731 709 censura
1757 648 2043 718 disposue-

456 769 539 817 rat
565 768 687 817 eam
715 755 1034 815 feriendam.
1067 747 1224 807 Unde
1267 762 1390 803 cum
1429 758 1622 801 novem
1646 739 1823 814 plagis
1850 737 2046 793 fuisset

458 852 725 926 Egyptus
770 848 976 909 attrita,
1021 858 1123 901 nec
1151 840 1328 897 adhuc
1363 826 1473 895 cor‘
1502 833 1804 892 Pharaonis
1832 828 2045 926 emolli-

458 919 725 1008 tumf,'ait'
748 939 1008 994 Dominus
1043 934 1110 990 ad
1159 933 1375 1004 Moysen
1414 944 1425 984 :
1472 948 1488 979 ι
1527 926 1715 982 Adhuc
1744 936 1849 977 una
1886 919 2045 991 plaga

455 1034 753 1108 percutiam
785 1026 1103 1100 JEgyptum,
1131 1031 1188 1080 et
1209 1032 1339 1078 tunc
1368 1020 1601 1074 dimittet
1627 1028 1723 1069 vos
1746 1011 1978 1108 Pharao.
2020 1027 2039 1060 ι

455 1102 598 1200 lErgo
628 1129 687 1183 in
707 1123 874 1182 divini
903 1120 1254 1193 dispositione
1274 1113 1466 1187 judicii
1492 1108 1908 1200 praedestinatus
1928 1102 2046 1158 fue—

455 1199 541 1277 rat
567 1230 847 1284 numerus,
882 1225 939 1273 et
986 1216 1179 1271 modus
1232 1209 1512 1283 plagarum
1552 1203 1747 1275 quibus
1778 1199 2047 1271 Egyptus

455 1314 643 1371 attrita
664 1319 771 1378 est,-
802 1316 858 1367 et
879 1305 1167 1365 obduratio
1193 1301 1373 1359 cordis
1394 1296 1695 1356 Pharaonis
1721 1308 1843 1350 mox
1872 1290 2042 1347 emol-

454 1410 546 1466 lita
572 1416 678 1473 est,
702 1418 826 1464 cum
850 1403 1103 1460 decretus
1128 1395 1350 1453 ultionis
1391 1393 1583 1448 modus
1607 1387 1912 1472 completus
1937 1393 2041 1441 est.

452 1500 521 1562 Et
546 1501 690 1574 quod
720 1497 1012 1555 novissime
1046 1494 1101 1549 in
1129 1491 1266 1548 mari
1292 1478 1480 1544 Rubro
1502 1485 1714 1541 Pharao
1742 1490 1865 1536 cum
1887 1492 2046 1574 eser-

454 1569 583 1654 (εἰιιιἦ
613 1608 711 1650 suo
739 1589 984 1665 perierit,
1017 1596 1072 1642 et
1108 1583 1275 1642 Israel
1318 1580 1516 1636 illaesus
1557 1572 1854 1638 transierit,
1904 1569 2046 1625 sicut

453 1687 633 1762 magni
684 1683 927 1744 continet
961 1678 1281 1752 mysterium
1331 1669 1679 1734 sacramenti,
1720 1667 1793 1721 ita
1828 1669 2045 1720 constat

2146 657 2246 698 nec
2255 639 2598 714 pratscientia
2617 636 2906 709 compellat
2921 635 2988 690 ad
3005 643 3312 707 peccatum,
3328 648 3431 689 nec
3451 632 3735 703 praedesti-

2147 735 2294 791 natio
2308 736 2376 789 ad
2390 746 2629 805 ptenam.
2646 730 2714 786 Et
2731 728 2978 786 fortassis
3004 742 3110 783 non
3122 727 3197 783 sit
3208 724 3599 792 necessarium,
3611 740 3677 780 cu
3686 741 3737 779 ιιι

2146 840 2342 901 etquae
2371 844 2534 901 supra
2558 828 2796 883 diximus
2826 825 2965 883 forte
2990 822 3281 891 snﬂiciant,
3310 832 3365 880 'et
3390 824 3564 896 pietas
3584 824 3736 889 ﬁdei,

2147 922 2287 977 sicut
2308 920 2479 975 Deum
2501 917 2634 974 nihll
2665 918 2919 988 ignorare
2945 916 3140 983 credit,
3169 915 3249 971 sic
3261 914 3380 984 ejus
3394 914 3739 986 prtescientia

2147 1015 2417 1070 neminem
2439 1012 2637 1084 impelli
2653 1012 2719 1067 ad
2736 1018 3036 1083 peccatum.
3051 1009 3295 1081 Cumque
3309 1010 3502 1065 divinae
3515 1009 3744 1082 disposi-

2148 1106 2308 1162 tionis
2324 1101 2528 1175 judicio
2553 1103 2877 1159 conﬁteatur
2899 1101 3077 1157 omnia
3098 1100 3234 1172 regi,
3260 1100 3531 1157 neminem
3560 1110 3742 1157 tamen

2146 1216 2213 1256 ex
2256 1199 2733 1271 pradestlnatione
2776 1196 3143 1252 damnandum
3187 1195 3447 1267 recipiat,
3493 1197 3744 1267 quamvis

2146 1294 2557 1365 praedestinatos
2598 1291 2771 1348 malos
2808 1290 2873 1346 ad
2904 1304 3121 1362 pinnam
3168 1304 3277 1346 non
3324 1289 3556 1361 ignoret.
3596 1288 3744 1345 Prat-

2147 1389 2399 1445 destinati
2430 1388 2573 1444 enim
2605 1395 2733 1444 sunt
2780 1387 2906 1441 mali
2938 1387 3006 1442 ad
3032 1400 3278 1458 poenam;
3312 1385 3565 1456 quoniam
3595 1396 3743 1452 qum-

2147 1468 2358 1552 cunque
2387 1480 2630 1536 facturus
2660 1488 2745 1536 est
2770 1478 2911 1534 Deus
2935 1479 2989 1533 in
3020 1478 3343 1533 aeternitatis
3368 1474 3741 1547 dispositione,

2139 1569 2253 1642 jam
2306 1570 2752 1644 praedestinatum
2805 1571 2969 1626 habet
3010 1586 3024 1624 :
3064 1570 3404 1643 jndicatnrus
3452 1568 3597 1624 enim
3656 1572 3744 1622 est

2148 1664 2370 1736 impios,
2409 1672 2466 1719 et
2511 1677 2671 1735 poma
2719 1660 3051 1733 sempiterna
3098 1662 3472 1716 damnaturus.
3507 1660 3573 1713 Et
3615 1659 3744 1729 quia

453 1752 649 1840 divina
691 1774 1111 1850 dispensationls
1140 1778 1353 1828 secreto
1398 1774 1635 1840 gestum,
1669 1770 1729 1816 ut
1782 1758 1858 1814 illi
1921 1771 2045 1828 per-
2146 1758 2250 1813 hoc
2280 1757 2421 1812 inter
2449 1769 2613 1827 opera
2651 1755 2745 1811 Dei
2779 1763 3146 1825 computatur,
3191 1752 3375 1823 negari
3424 1768 3528 1807 non
3569 1758 3748 1821 potest

459 1874 623 1939 irent,
652 1871 727 1926 illi
753 1843 1113 1925 salvarentur.
1143 1862 1277 1919 Cum
1302 1874 1431 1931 ergo
1453 1858 1636 1926 liquet,
1670 1850 1812 1922 quod
1835 1849 1887 1905 in
1909 1861 2046 1920 prab-
2072 1846 2121 1911 B
2148 1849 2585 1921 praedestinatum
2625 1865 2638 1903 :
2668 1848 2772 1905 nisi
2805 1846 2951 1921 forte,
2965 1846 3225 1915 judicium
3246 1885 3261 1913 ,
3288 1860 3398 1917 quo
3418 1843 3746 1914 iudicandus

452 1964 678 2021 scientia
703 1961 819 2025 Dei,
849 1959 989 2014 sicut
1013 1954 1231 2011 aﬂlictio
1256 1942 1651 2011 lsraelitarnm,
1676 1952 1732 1999 et
1749 1940 2044 1998 crudelitas
2149 1952 2234 1999 est
2260 1945 2514 2010 mundus,
2544 1941 2741 2015 aliquis
2770 1943 2913 1998 dicat
2941 1957 3078 2012 opus
3124 1941 3218 1997 Dei
3267 1954 3374 1997 non
3422 1954 3540 1997 esse
3591 1939 3747 2007 Quod

452 2052 832 2128 Egyptio‘rum
879 2047 1189 2106 constiterit
1220 2063 1233 2099 :
1268 2044 1341 2100 ita
1383 2053 1599 2113 quoque
1636 2045 1693 2091 et
1726 2030 2045 2128 istorum-li-

452 2121 685 2213 beratis,
730 2154 789 2200 et
828 2142 1043 2199 illorum
1071 2136 1304 2209 perditio
1343 2135 1396 2189 in
1433 2122 1930 2213 prtedestinationis
1952 2121 2041 2213 ju-

453 2211 594 2299 dicio
622 2211 840 2308 semper
870 2232 1051 2288 l‘uerit.
1086 2228 1201 2284 Non
1236 2235 1417 2281 tamen
1445 2218 1738 2278 crudelitas
1762 2211 2045 2308 Aigyptio-

453 2346 579 2389 rum
621 2305 818 2385 divinae
872 2321 1227 2397 prmscientiae
1282 2312 1567 2373 tribuenda
1609 2316 1712 2372 est,
1766 2305 1920 2397 sicut
1947 2315 2046 2357 nec

451 2420 831 2484 condemnatio
858 2394 1355 2489 praedestinationis
1385 2404 1612 2464 occulta:
1637 2406 1867 2457 secreto.
1893 2394 2044 2450 Prae-

453 2518 614 2578 scivit
637 2515 783 2572 enim
806 2488 952 2567 Dteus
977 2507 1168 2580 quales
1200 2502 1365 2559 futuri
1399 2499 1578 2555 forent
1601 2491 1862 2566 Egyptii,
1888 2488 1943 2544 id
1963 2494 2048 2543 est

454 2609 835 2668 crudelitatem
862 2617 1055 2659 eorum
1098 2611 1317 2668 semper
1345 2603 1530 2648 notam
1573 2587 1779 2650 habuit,
1824 2598 1933 2638 non
1963 2589 2045 2635 ta-

452 2706 575 2760 men
599 2700 846 2759 crudeles
871 2694 1069 2751 eil‘ecit.
1114 2687 1372 2759 Quamvis
1410 2681 1697 2739 Psalmista
1745 2676 1813 2732 de
1846 2675 1928 2730 eis
1962 2681 2045 2729 te-

452 2800 630 2851 stetur
682 2807 697 2845 ι
744 2789 891 2861 quod
946 2805 964 2838 ι
1032 2778 1375 2841 Couverterit
1422 2791 1517 2830 cor
1576 2784 1765 2827 eorum
1818 2764 2046 2861 (id-est

458 2856 862 2959 Egyptiorum)
880 2882 1041 2944 Deus,
1059 2886 1119 2932 nt
1134 2875 1347 2931 odirent
1360 2867 1616 2943 populum
1634 2865 1771 2959 ejus,
1796 2868 1849 2916 et
1865 2856 2049 2915 dolum

455 2954 701 3037 facerent
725 2978 779 3032 in
806 2988 993 3030 servos
1020 2969 1136 3038 ejus
1169 2964 1342 3039 (Paul.
1374 2978 1484 3028 ctv,
1504 2959 1624 3031 .25).
1665 2977 1682 3009 ι
1718 2954 1836 3009 Non
1868 2960 2047 3007 tamen

455 3088 550 3131 eos
598 3068 742 3125 Dens
783 3074 877 3122 aut
904 3064 1121 3120 dolosos
1164 3059 1326 3123 fecit,
1384 3063 1477 3110 aut
1519 3046 1873 3120 malignitatis
1923 3042 2050 3099 odio

458 3161 811 3221 inﬂammavit
839 3173 852 3212 :
886 3156 982 3214 sed
1011 3166 1136 3210 cum
1169 3150 1306 3206 tales
1329 3152 1514 3203 essent
1546 3141 1638 3212 qui
1677 3147 1733 3194 et
1752 3136 1876 3193 odio
1901 3133 2053 3189 saevi-

2146 2050 2268 2090 cum
2287 2050 2447 2091 nemo
2475 2035 2712 2091 ﬁdelium
2735 2036 2955 2099 abnuat,
2981 2034 3166 2105 negari
3189 2047 3404 2105 quoque
3431 2047 3537 2086 non
3567 2039 3747 2103 potest

2145 2144 2177 2182 a
2205 2127 2314 2181 Deo
2341 2127 2394 2182 in
2420 2125 2899 2199 prtedestinatione
2927 2125 3266 2196 dispositum,
3292 2124 3747 2195 quemadmodum

2147 2220 2212 2274 de
2248 2218 2471 2289 singulis
2493 2216 2699 2287 judicet
2744 2225 2851 2272 :ut
2890 2217 3037 2272 enim
3082 2231 3191 2272 non
3237 2215 3405 2271 estin
3453 2214 3564 2270 Deo
3607 2228 3748 2268 nova

2146 2312 2406 2375 scientia,
2460 2310 2540 2365 sic
2585 2323 2800 2381 quoque
2850 2323 2951 2365 nec
2996 2322 3133 2363 nova
3168 2306 3471 2378 dispositio.
3508 2303 3748 2375 Simplex

2145 2404 2345 2460 etenim
2382 2412 2577 2459 natura
2625 2404 2955 2468 divinitatis,
2989 2402 3130 2457 sicut
3170 2399 3304 2455 nihil
3336 2397 3535 2469 recipit
3567 2405 3745 2452 muta-

2146 2494 2277 2560 bile,
2302 2494 2382 2549 sic
2411 2492 2542 2549 nihil
2584 2494 2966 2565 compositum.
3005 2493 3154 2550 Unde
3183 2492 3236 2546 in
3286 2492 3395 2546 Deo
3440 2489 3664 2545 scientia
3693 2494 3753 2543 et

2148 2582 2431 2652 dispositio
2461 2598 2565 2636 non
2593 2582 2895 2647 variantur,
2931 2594 2989 2637 ut
3020 2581 3127 2636 alio
3156 2590 3396 2652 tempore
3422 2580 3565 2633 Deus
3590 2578 3748 2644 sciat,

2149 2684 2204 2729 et
2248 2673 2354 2728 alio
2382 2674 2665 2743 disponat;
2703 2675 2798 2729 sed
2825 2672 2986 2729 simul
3019 2673 3141 2739 scit,
3173 2671 3336 2727 simul
3360 2672 3525 2725 etiam
3571 2670 3753 2740 dispo-

2152 2765 2262 2830 nit,
2292 2780 2603 2835 quanquam
2644 2763 2902 2819 nonnulla
2944 2763 3112 2826 sciat,
3152 2777 3275 2833 qua:
3320 2778 3426 2816 non
3470 2762 3747 2831 disponat,

2151 2859 2291 2914 sicut
2334 2866 2460 2914 sunt
2506 2867 2774 2929 peccata:
2809 2873 2985 2929 neque
3032 2858 3178 2912 enim
3226 2857 3292 2912 ad
3336 2857 3751 2927 dispositionem

2152 2956 2293 3011 illius
2321 2957 2615 3027 pertinent,
2640 2970 2760 3026 qua!
2786 2957 2899 3026 ipse
2930 2970 3034 3010 non
3068 2955 3215 3021 facit,
3239 2955 3488 3026 quamvis
3509 2956 3599 3025 qui
3627 2969 3756 3026 pec-

2152 3053 2303 3108 cant,
2346 3045 2544 3100 divinae
2592 3046 2876 3115 potestatis
2919 3044 3183 3116 judicium
3232 3059 3338 3101 non
3381 3046 3648 3112 evadant,
3696 3053 3755 3102 et

2155 3126 2297 3191 unde
2328 3137 2610 3207 pravitatis
2634 3152 2747 3193 sua:
2766 3138 3063 3207 nequitiam
3087 3145 3365 3204 exercent,
3388 3137 3511 3193 inde
3537 3136 3755 3193 occulto

458 3263 600 3319 rent,
653 3263 709 3308 et
757 3250 881 3307 dolo
913 3247 1245 3317 deciperent,
1299 3254 1396 3312 per
1446 3251 1542 3293 eos
1586 3231 1844 3304 populum
1892 3240 2048 3319 suum
2074 3221 2123 3285 C
2156 3234 2250 3289 Dei
2278 3234 2482 3304 judicio
2504 3234 2828 3290 deserviant.
2861 3234 3047 3304 itaque
3073 3248 3180 3290 non
3200 3233 3360 3289 estin
3387 3233 3495 3288 Deo
3523 3234 3752 3290 scientia

457 3314 733 3417 ﬂagellari:
771 3314 1058 3410 disposuit,
1090 3343 1152 3389 ut
1188 3332 1281 3404 qui
1311 3345 1411 3401 per
1443 3336 1702 3399 prospera
1726 3320 1895 3417 Deum
1923 3314 2051 3372 reli-

456 3410 671 3510 quarat,
730 3431 956 3505 ﬂagellis
1010 3426 1318 3483 admonitus
1370 3421 1437 3476 ad
1485 3419 1656 3510 Deum
1688 3410 2047 3510 confugeret.

459 3504 741 3586 f’nescivit
768 3524 932 3596 igitur
957 3522 1100 3576 Deus
1126 3514 1501 3588 Egyptiorum
1520 3504 1919 3596 crudelitatem,
1943 3514 2051 3596 non

463 3636 583 3679 eam
615 3619 743 3675 fecit
765 3592 917 3685 {nec
959 3614 1083 3669 ideo
1113 3609 1249 3666 tales
1276 3604 1456 3663 effecti
1479 3608 1626 3667 sunt,
1650 3597 1779 3670 quia
1804 3594 1942 3652 tales
1969 3592 2053 3648 l'u-

465 3712 574 3768 turi
602 3724 726 3767 esse
761 3706 997 3779 praesciti
1041 3713 1197 3769 sunt;
1245 3713 1342 3756 sua
1382 3695 1616 3765 denique
1644 3688 1912 3761 nequitia,
1940 3701 2048 3741 non

463 3805 559 3862 Dei
591 3800 933 3874 praescieutia
960 3796 1083 3853 mali
1111 3793 1289 3852 effecti
1335 3798 1481 3855 sunt,
1523 3796 1578 3843 et
1620 3786 1742 3841 ideo
1772 3780 2051 3854 praedesti-

462 3897 579 3954 nati
608 3893 823 3951 occulta
851 3889 1204 3961 dispositione
1222 3883 1412 3955 judicii
1449 3880 1518 3936 ad
1555 3893 1775 3950 [lienam
1811 3890 1916 3946 qua
1952 3889 2050 3944 pu-

462 3990 563 4045 niti
589 3996 733 4044 sunt.
748 3983 885 4040 Nam
908 3981 1054 4053 quod
1075 3994 1182 4035 non
1204 3993 1273 4034 ex
1294 3969 1769 4047 praedestinatione
1788 3968 2053 4023 damnan-

463 4091 553 4137 tur
581 4069 774 4150 impii,
792 4075 889 4132 sed
911 4089 980 4129 ex
1010 4088 1104 4128 sua
1138 4068 1425 4143 iniquitate
1455 4072 1687 4121 testatur
1709 4075 1865 4116 sacra
1896 4056 2047 4150 Scrit

465 4146 796 4243 ptnra,'quaa
823 4166 890 4222 de
910 4161 1242 4218 Amorrhaais
1270 4159 1338 4214 ad
1366 4154 1642 4214 Abraham
1678 4152 1883 4207 dictum
1905 4146 2051 4220 quod

470 4282 489 4315 ε
526 4270 712 4317 semen
765 4257 884 4328 ejus
927 4253 1274 4327 peregrinum
1325 4249 1567 4306 futurum
1617 4251 1762 4301 esset
1796 4244 1850 4298 in
1907 4249 2078 4326 terra.

465 4353 639 4408 aliena
659 4346 1071 4421 quadringentis
1095 4344 1307 4409 annis,t
1331 4350 1455 4413 post
1482 4340 1601 4395 ham
1630 4335 1848 4393 intulit:
1876 4331 2053 4388 Gene-

466 4446 679 4502 ratlone
700 4452 881 4499 autem
903 4449 1095 4512 quarta
1115 4444 1457 4495 revertentur
1478 4435 1585 4489 huc
1611 4450 1625 4486 :
1649 4430 1877 4486 necdum
1904 4426 2050 4482 enim

468 4536 751 4608 completa:
789 4543 917 4591 sunt
963 4532 1280 4604 iniquitates
1307 4527 1749 4583 Amorrhaeorum
1786 4535 1956 4592 usque
1982 4518 2051 4574 ad

466 4646 705 4707 praesens
743 4640 955 4703 tempus
985 4624 1139 4701 (Gen.
1170 4641 1260 4690 xv,
1306 4622 1413 4694 l6).
1443 4619 1650 4688 Quibus
1670 4618 1851 4673 verbis
1869 4623 2052 4672 osten-

466 4726 615 4781 ditur
639 4734 771 4780 tunc
792 4721 1110 4792 iniquitates
1133 4731 1323 4773 eorum
1349 4714 1417 4769 ad
1440 4728 1711 4769 summum
1744 4710 2050 4782 malignita-

471 4818 544 4873 tis
569 4825 953 4888 perventuras,
985 4813 1201 4884 quando
1243 4823 1426 4866 semen
1483 4806 1755 4862 Abraham
1794 4805 1859 4860 de
1887 4803 2055 4860 servi-

472 4908 601 4964 tutis
625 4904 1035 4978 jugoliherari,
1071 4911 1127 4958 et
1166 4901 1237 4956 ad
1290 4908 1492 4956 terram
1524 4897 1763 4968 perduci,
1793 4903 2055 4965 etgentes

470 4998 913 5055 Amorrhaaerum
953 4994 1119 5052 deleri
1156 5000 1517 5050 mererentur.
1554 4989 1785 5059 thuod
1809 4988 2055 5043 nationes

473 5091 613 5155 illae,
640 5088 944 5160 quarpnius
979 5096 1183 5142 terram
1229 5081 1667 5156 repromissionis
1685 5080 2056 5146 obtinuerant,

473 5181 663 5239 deletae
689 5189 839 5245 sunt,
895 5194 1003 5237 non
1050 5179 1248 5235 divina:
1287 5174 1799 5250 praedestinationis,
1830 5173 1923 5230 sed
1949 5186 2060 5230 sua:

473 5274 825 5346 malignitatis
858 5272 1028 5329 fuisse
1072 5281 1428 5327 monstretur.
1464 5270 1650 5340 Itaque
1697 5282 1857 5324 nemo
1883 5282 1950 5322 ex
1979 5267 2061 5323 di-

474 5364 614 5421 vlnte
641 5363 1135 5435 pradestinationis
1158 5377 1392 5418 censura
1419 5361 1842 5425 condemnatur,
1869 5374 2060 5429 quam-

473 5454 557 5511 vis
592 5462 1038 5526 perseveraturos
1061 5454 1117 5509 in
1147 5452 1618 5525 peccatisjustitia
1639 5452 1840 5522 judicis
1864 5452 2055 5508 decre-

471 5545 613 5603 verit
635 5545 1008 5601 damnandos:
1048 5545 1144 5601 sed
1169 5545 1544 5615 unusquisque
1569 5554 1704 5601 tunc
1729 5544 2059 5601 condemna-

472 5645 587 5706 tur,
622 5640 837 5710 quando
886 5641 1135 5695 damnari
1172 5647 1519 5711 peccatorum
1566 5638 1763 5695 merito
1781 5647 2054 5697 censetur.

468 5727 716 5805 longum
741 5732 866 5798 erit,
906 5742 961 5789 et
1005 5733 1224 5789 modum
1252 5731 1533 5788 brevitatis
1562 5732 1871 5798 excederet,
1897 5732 1942 5790 si
1967 5749 2059 5790 vo-

470 5817 733 5883 hian
759 5824 956 5881 seriem
974 5824 1275 5881 divinarum
1297 5822 1574 5896 Scriptura
1584 5839 1700 5878 rum
1716 5839 2058 5894 percurrere,

2154 3325 2272 3381 sine
2299 3324 2649 3395 dispositione
2670 3364 2685 3391 ,
2716 3339 2815 3381 uec
2856 3325 3140 3395 dispositio
3167 3325 3286 3381 sine
3317 3326 3566 3381 scientia.
3600 3325 3752 3380 Alio-

2155 3420 2283 3490 quin
2332 3420 2376 3474 si
2416 3419 2642 3475 scientia
2675 3420 2817 3475 inest
2858 3421 2910 3475 ei
2956 3419 3074 3476 sine
3120 3419 3508 3490 dispositione,
3538 3429 3598 3474 ttt
3644 3417 3754 3474 alio

2157 3521 2398 3585 tenipore
2417 3516 2556 3569 sciat
2579 3521 2634 3568 et
2657 3513 2764 3568 alio
2789 3514 3058 3585 disponat,
3088 3513 3203 3584 jam
3227 3529 3333 3570 non
3354 3514 3460 3568 erit
3488 3511 3753 3583 simplicis

2155 3613 2362 3660 natura:
2410 3605 2583 3670 Deus,
2638 3604 2752 3675 jam
2804 3620 2910 3662 non
2957 3605 3064 3661 erit
3114 3604 3605 3671 incommutabilis;
3655 3606 3751 3662 ubi

2156 3715 2390 3773 namque
2423 3700 2706 3756 intervalla
2732 3711 3034 3772 temporum
3063 3702 3380 3766 succedunt,
3418 3698 3755 3757 mutabilitas

2158 3794 2333 3861 inest;
2362 3803 2418 3850 et
2462 3795 2519 3849 in
2562 3796 2673 3851 Deo
2714 3796 2976 3866 temporis
3018 3796 3125 3852 erit
3164 3795 3509 3851 intervallum
3550 3796 3596 3852 si
3642 3810 3754 3852 non

2155 3886 2315 3943 simul
2341 3888 2466 3953 scit,
2498 3886 2658 3942 simul
2687 3888 2855 3941 etiam
2882 3887 3142 3958 disponit,
3165 3895 3224 3942 nt
3252 3888 3539 3944 antecedat
3571 3886 3754 3943 scien-

2157 3979 2266 4043 tia,
2294 3987 2351 4034 et
2377 3988 2566 4049 postea
2594 3987 2856 4050 sequatur
2899 3980 3201 4051 dispositio.
3245 3979 3398 4046 Quod
3448 3993 3570 4034 cum
3614 3978 3748 4034 sim-

2154 4070 2311 4141 plicis
2355 4077 2561 4125 naturm
2607 4071 2747 4126 ratio
2790 4085 2897 4126 non
2928 4070 3218 4137 admittat,
3247 4069 3513 4141 sequitur,
3538 4078 3597 4125 ut
3624 4084 3752 4126 cum

2156 4162 2381 4218 scientia
2429 4162 2558 4226 Dei,
2606 4162 2811 4233 pariter
2844 4163 2916 4217 sit
2960 4170 3017 4218 et
3063 4162 3390 4233 dispositio:
3424 4176 3532 4232 qua
3580 4162 3648 4217 de
3693 4177 3756 4219 re

2157 4268 2293 4324 quos
2310 4252 2414 4309 scit
2434 4252 2487 4308 in
2510 4251 2672 4310 tinem
2696 4254 2752 4309 in
2778 4253 2923 4309 maio
2943 4261 3407 4324 perseveraturos,
3431 4253 3753 4324 dispositum

2157 4345 2320 4403 habet
2347 4344 2476 4415 quid
2523 4345 2593 4400 sit
2640 4345 2708 4400 de
2752 4345 2835 4401 eis
2883 4353 3127 4401 acturus.
3180 4343 3298 4399 Non
3333 4354 3508 4400 tamen
3550 4344 3756 4400 idcirco

2157 4437 2414 4507 puniendi
2454 4446 2583 4493 sunt
2624 4437 2751 4507 quia
2793 4436 2873 4493 sic
2911 4435 3156 4507 dispositi
3201 4444 3364 4500 sunt,
3410 4435 3507 4492 sed
3549 4436 3756 4493 idcirco

2157 4530 2380 4600 quodin
2411 4531 2554 4587 malo
2582 4531 2980 4602 perseveratnri
3020 4540 3165 4586 sunt.
3209 4529 3319 4585 Sed
3354 4528 3755 4585 Antichristum

2162 4624 2217 4679 in
2265 4623 2501 4680 medium
2532 4625 2887 4689 devocemus,
2917 4625 2983 4680 de
3022 4639 3132 4695 quo
3179 4638 3340 4680 nemo
3378 4622 3619 4679 ﬁdelium
3657 4624 3758 4679 du-

2163 4716 2320 4784 bitat,
2352 4717 2494 4787 quod
2521 4724 2577 4771 et
2605 4717 2887 4786 pmscitus
2907 4726 2993 4772 est
3022 4715 3198 4772 malus
3232 4713 3469 4782 futurus,
3496 4724 3551 4771 et
3568 4715 3756 4772 divino

2157 4806 2363 4879 judicio
2387 4808 2804 4879 praedestinatus
2836 4809 3195 4879 adxptenam,
3247 4816 3303 4863 et
3329 4823 3397 4864 ex
3440 4823 3506 4863 eo
3556 4823 3760 4879 cogno-

2166 4915 2409 4967 scamna,
2436 4901 2581 4971 quod
2616 4917 2716 4957 nec
2741 4900 3081 4971 praescientia
3114 4900 3206 4957 Dei
3234 4900 3522 4972 compellat
3547 4903 3616 4957 ad
3642 4901 3760 4957 cul-

2166 5009 2327 5064 pam,
2373 5006 2473 5048 nec
2506 4993 2908 5062 praedestinatie
2938 4994 3118 5049 trahat
3145 4994 3212 5049 ad
3250 5007 3498 5064 ptenam,
3529 5002 3587 5049 et
3612 4992 3759 5064 quod

2166 5086 2234 5141 de
2261 5085 2439 5155 capite
2477 5084 2806 5151 dixerimus,
2845 5086 2911 5141 de
2938 5101 3167 5156 corpore
3196 5085 3339 5142 illius
3370 5086 3755 5157 intelligamus.

2166 5176 2319 5233 Sicut
2340 5177 2483 5232 enim
2506 5185 2670 5246 caput
2702 5175 2998 5233 electorum
3039 5175 3317 5243 Christus,
3361 5177 3443 5233 sic
3483 5174 3760 5232 Antichri-

2164 5278 2281 5326 stus
2326 5278 2488 5343 caput
2526 5278 2610 5327 est
2653 5272 3005 5342 repmborum
3036 5289 3049 5325 :
3076 5281 3131 5327 et
3180 5270 3259 5326 sic
3309 5284 3509 5341 corpus
3551 5267 3755 5325 Christi

2163 5380 2354 5420 omnes
2383 5364 2576 5430 sancti,
2626 5363 2699 5418 ita
2742 5378 2940 5435 corpus
2967 5361 3291 5418 Antichristi
3336 5377 3527 5418 omnes
3561 5359 3755 5429 iniqui.

2165 5455 2257 5511 Ille
2281 5463 2430 5512 certe
2456 5456 2619 5511 homo
2652 5454 2971 5527 perditionis
3008 5454 3246 5512 nondum
3287 5464 3446 5510 natus
3491 5463 3546 5510 et
3577 5462 3759 5509 tamen

2161 5548 2273 5619 jam
2303 5550 2420 5619 ejus
2446 5549 2649 5607 malitia
2676 5549 2747 5605 ab
2766 5549 3020 5605 omnibus
3044 5546 3480 5619 praescitur,jam
3501 5548 3570 5609 ad
3594 5547 3760 5602 inter»
3836 5554 3841 5559 ‘

2167 5641 2301 5696 itum
2354 5641 2767 5711 praedestinatus
2834 5653 2956 5699 esse
3012 5655 3122 5697 non
3182 5639 3495 5710 ignoratur,
3540 5639 3608 5705 de
3648 5650 3760 5709 quo

2164 5733 2455 5804 Apostolus
2476 5732 2542 5787 ad
2568 5731 3082 5791 Thessalonicenses
3109 5731 3354 5788 scribens
3375 5730 3451 5784 ait
3472 5728 3557 5799 (II
3577 5727 3756 5784 Thess.
3841 5735 3848 5741 '
3932 5720 3939 5731 ’

2168 5825 2227 5897 ιι)
2262 5842 2272 5876 :
2306 5844 2321 5875 ‹
2372 5824 2447 5878 Ne
2479 5825 2601 5894 quis
2630 5840 2723 5879 vos
2751 5824 2975 5881 sedncat
3006 5822 3112 5879 ullo
3147 5823 3335 5889 modo,
3369 5822 3621 5893 quoniam
3653 5818 3759 5879 nisi
