  <div class='ocr_page' id='page_1' title='image "/cluster/home/n/w/nwhite01/storage/ocr_20150623/121/hvd.32044015471642/045.png"; bbox 0 0 4088 6344; ppageno 0'>
   <div class='ocr_carea' id='block_1_1' title="bbox 457 349 534 406">
    <p class='ocr_par' dir='ltr' id='par_1_1' title="bbox 457 349 534 406">
     <span class='ocr_line' id='line_1_1' title="bbox 457 349 534 406; baseline 0.026 -2"><span class='ocrx_word' id='word_1_1' title='bbox 457 349 534 406; x_wconf 58' lang='grc' dir='ltr'><strong>79η</strong></span> 
     </span>
    </p>
   </div>
   <div class='ocr_carea' id='block_1_2' title="bbox 1471 329 2734 398">
    <p class='ocr_par' dir='ltr' id='par_1_2' title="bbox 1471 329 2734 398">
     <span class='ocr_line' id='line_1_2' title="bbox 1471 329 2734 398; baseline -0.011 0"><span class='ocrx_word' id='word_1_2' title='bbox 1471 337 1831 398; x_wconf 75' lang='lat' dir='ltr'><strong>llATRAMNl</strong></span> <span class='ocrx_word' id='word_1_3' title='bbox 1866 331 2312 395; x_wconf 75' lang='lat' dir='ltr'><strong>COIlBElENSlS</strong></span> <span class='ocrx_word' id='word_1_4' title='bbox 2352 329 2658 388; x_wconf 76' lang='lat' dir='ltr'><strong>MONACHI</strong></span> <span class='ocrx_word' id='word_1_5' title='bbox 2732 381 2734 384; x_wconf 75' lang='grc'><strong>,</strong></span> 
     </span>
    </p>
   </div>
   <div class='ocr_carea' id='block_1_3' title="bbox 3652 319 3721 375">
    <p class='ocr_par' dir='ltr' id='par_1_3' title="bbox 3652 319 3721 375">
     <span class='ocr_line' id='line_1_3' title="bbox 3652 319 3721 375; baseline 0 0"><span class='ocrx_word' id='word_1_6' title='bbox 3652 319 3721 375; x_wconf 79' lang='lat'><strong>80</strong></span> 
     </span>
    </p>
   </div>
   <div class='ocr_carea' id='block_1_4' title="bbox 455 428 3724 542">
    <p class='ocr_par' dir='ltr' id='par_1_4' title="bbox 455 428 3724 542">
     <span class='ocr_line' id='line_1_4' title="bbox 455 428 3724 542; baseline -0.014 -13"><span class='ocrx_word' id='word_1_7' title='bbox 455 484 674 542; x_wconf 72' lang='lat' dir='ltr'><strong>poenam</strong></span> <span class='ocrx_word' id='word_1_8' title='bbox 705 467 887 526; x_wconf 88' lang='lat' dir='ltr'><strong>subire</strong></span> <span class='ocrx_word' id='word_1_9' title='bbox 920 465 1286 522; x_wconf 76' lang='lat' dir='ltr'><strong>merebantur.</strong></span> <span class='ocrx_word' id='word_1_10' title='bbox 1321 461 1455 520; x_wconf 85' lang='lat' dir='ltr'><strong>Nam</strong></span> <span class='ocrx_word' id='word_1_11' title='bbox 1485 463 1552 519; x_wconf 92' lang='lat' dir='ltr'><strong>de</strong></span> <span class='ocrx_word' id='word_1_12' title='bbox 1573 460 1772 534; x_wconf 84' lang='lat' dir='ltr'><strong>quibus</strong></span> <span class='ocrx_word' id='word_1_13' title='bbox 1791 457 1870 513; x_wconf 94' lang='lat' dir='ltr'><strong>ait</strong></span> <span class='ocrx_word' id='word_1_14' title='bbox 1892 456 2033 526; x_wconf 88' lang='lat' dir='ltr'><strong>Apo-</strong></span> <span class='ocrx_word' id='word_1_15' title='bbox 2059 456 2109 516; x_wconf 83' lang='grc' dir='ltr'>Α</span> <span class='ocrx_word' id='word_1_16' title='bbox 2137 467 2255 506; x_wconf 90' lang='lat' dir='ltr'><strong>sum</strong></span> <span class='ocrx_word' id='word_1_17' title='bbox 2283 458 2367 506; x_wconf 87' lang='lat' dir='ltr'><strong>est</strong></span> <span class='ocrx_word' id='word_1_18' title='bbox 2393 448 2458 504; x_wconf 92' lang='lat' dir='ltr'><strong>de</strong></span> <span class='ocrx_word' id='word_1_19' title='bbox 2482 447 2597 502; x_wconf 91' lang='lat' dir='ltr'><strong>Deo</strong></span> <span class='ocrx_word' id='word_1_20' title='bbox 2621 443 2824 500; x_wconf 88' lang='lat' dir='ltr'><strong>sentire</strong></span> <span class='ocrx_word' id='word_1_21' title='bbox 2851 439 2995 511; x_wconf 88' lang='lat' dir='ltr'><strong>quod</strong></span> <span class='ocrx_word' id='word_1_22' title='bbox 3025 456 3043 489; x_wconf 77' lang='grc' dir='ltr'><strong>ι</strong></span> <span class='ocrx_word' id='word_1_23' title='bbox 3084 433 3212 492; x_wconf 80' lang='lat' dir='ltr'><strong>fecit</strong></span> <span class='ocrx_word' id='word_1_24' title='bbox 3239 443 3361 504; x_wconf 72' lang='lat' dir='ltr'><strong>quae</strong></span> <span class='ocrx_word' id='word_1_25' title='bbox 3389 428 3572 486; x_wconf 77' lang='lat' dir='ltr'><strong>futura</strong></span> <span class='ocrx_word' id='word_1_26' title='bbox 3595 439 3724 486; x_wconf 84' lang='lat' dir='ltr'><strong>sunt</strong></span> 
     </span>
    </p>
   </div>
   <div class='ocr_carea' id='block_1_5' title="bbox 453 557 2032 640">
    <p class='ocr_par' dir='ltr' id='par_1_5' title="bbox 453 557 2032 640">
     <span class='ocr_line' id='line_1_5' title="bbox 453 557 2032 640; baseline -0.015 -15"><span class='ocrx_word' id='word_1_27' title='bbox 453 566 626 640; x_wconf 86' lang='lat' dir='ltr'><strong>stolus</strong></span> <span class='ocrx_word' id='word_1_28' title='bbox 667 557 881 638; x_wconf 13' lang='lat' dir='ltr'><strong>quod}.</strong></span> <span class='ocrx_word' id='word_1_29' title='bbox 932 563 1057 634; x_wconf 92' lang='lat' dir='ltr'><strong>quia</strong></span> <span class='ocrx_word' id='word_1_30' title='bbox 1108 559 1392 616; x_wconf 74' lang='lat' dir='ltr'><strong>veritatem</strong></span> <span class='ocrx_word' id='word_1_31' title='bbox 1433 572 1539 612; x_wconf 88' lang='lat' dir='ltr'><strong>non</strong></span> <span class='ocrx_word' id='word_1_32' title='bbox 1575 559 1920 626; x_wconf 88' lang='lat' dir='ltr'><strong>receperunt,</strong></span> <span class='ocrx_word' id='word_1_33' title='bbox 1973 557 2032 604; x_wconf 89' lang='lat' dir='ltr'><strong>ut</strong></span> 
     </span>
    </p>
   </div>
   <div class='ocr_carea' id='block_1_6' title="bbox 453 646 2029 723">
    <p class='ocr_par' dir='ltr' id='par_1_6' title="bbox 453 646 2029 723">
     <span class='ocr_line' id='line_1_6' title="bbox 453 646 2029 723; baseline -0.013 -7"><span class='ocrx_word' id='word_1_34' title='bbox 453 659 590 716; x_wconf 85' lang='lat' dir='ltr'><strong>salvi</strong></span> <span class='ocrx_word' id='word_1_35' title='bbox 621 658 832 723; x_wconf 84' lang='lat' dir='ltr'><strong>tierent,</strong></span> <span class='ocrx_word' id='word_1_36' title='bbox 856 657 979 714; x_wconf 91' lang='lat' dir='ltr'><strong>ideo</strong></span> <span class='ocrx_word' id='word_1_37' title='bbox 1008 654 1191 710; x_wconf 81' lang='lat' dir='ltr'><strong>mittet</strong></span> <span class='ocrx_word' id='word_1_38' title='bbox 1225 650 1328 706; x_wconf 88' lang='lat' dir='ltr'><strong>illis</strong></span> <span class='ocrx_word' id='word_1_39' title='bbox 1358 648 1502 704; x_wconf 84' lang='lat' dir='ltr'><strong>Deus</strong></span> <span class='ocrx_word' id='word_1_40' title='bbox 1538 646 1906 720; x_wconf 82' lang='lat' dir='ltr'><strong>operationem</strong></span> <span class='ocrx_word' id='word_1_41' title='bbox 1939 659 2029 698; x_wconf 83' lang='lat' dir='ltr'><strong>er-</strong></span> 
     </span>
    </p>
   </div>
   <div class='ocr_carea' id='block_1_7' title="bbox 452 737 2029 818">
    <p class='ocr_par' dir='ltr' id='par_1_7' title="bbox 452 737 2029 818">
     <span class='ocr_line' id='line_1_7' title="bbox 452 737 2029 818; baseline -0.01 -14"><span class='ocrx_word' id='word_1_42' title='bbox 452 750 614 818; x_wconf 88' lang='lat' dir='ltr'><strong>roris,</strong></span> <span class='ocrx_word' id='word_1_43' title='bbox 641 757 703 804; x_wconf 89' lang='lat' dir='ltr'><strong>ut</strong></span> <span class='ocrx_word' id='word_1_44' title='bbox 743 748 971 807; x_wconf 84' lang='lat' dir='ltr'><strong>credant</strong></span> <span class='ocrx_word' id='word_1_45' title='bbox 1009 743 1319 808; x_wconf 89' lang='lat' dir='ltr'><strong>mendacio;</strong></span> <span class='ocrx_word' id='word_1_46' title='bbox 1370 749 1431 796; x_wconf 91' lang='lat' dir='ltr'><strong>ut</strong></span> <span class='ocrx_word' id='word_1_47' title='bbox 1473 737 1782 809; x_wconf 77' lang='lat' dir='ltr'><strong>iudicentur</strong></span> <span class='ocrx_word' id='word_1_48' title='bbox 1820 749 2029 799; x_wconf 90' lang='lat' dir='ltr'><strong>omnes,</strong></span> 
     </span>
    </p>
   </div>
   <div class='ocr_carea' id='block_1_8' title="bbox 450 825 2033 912">
    <p class='ocr_par' dir='ltr' id='par_1_8' title="bbox 450 825 2033 912">
     <span class='ocr_line' id='line_1_8' title="bbox 450 825 2033 912; baseline -0.013 -13"><span class='ocrx_word' id='word_1_49' title='bbox 450 842 544 912; x_wconf 87' lang='lat' dir='ltr'><strong>qui</strong></span> <span class='ocrx_word' id='word_1_50' title='bbox 570 857 681 900; x_wconf 88' lang='lat' dir='ltr'><strong>non</strong></span> <span class='ocrx_word' id='word_1_51' title='bbox 721 838 1066 896; x_wconf 89' lang='lat' dir='ltr'><strong>crediderunt</strong></span> <span class='ocrx_word' id='word_1_52' title='bbox 1094 833 1346 899; x_wconf 82' lang='lat' dir='ltr'><strong>veritati;</strong></span> <span class='ocrx_word' id='word_1_53' title='bbox 1384 831 1479 888; x_wconf 91' lang='lat' dir='ltr'><strong>sed</strong></span> <span class='ocrx_word' id='word_1_54' title='bbox 1511 835 1902 886; x_wconf 90' lang='lat' dir='ltr'><strong>consenserunt</strong></span> <span class='ocrx_word' id='word_1_55' title='bbox 1931 825 2033 880; x_wconf 88' lang='lat' dir='ltr'><strong>ini-</strong></span> 
     </span>
    </p>
   </div>
   <div class='ocr_carea' id='block_1_9' title="bbox 450 917 2033 1004">
    <p class='ocr_par' dir='ltr' id='par_1_9' title="bbox 450 917 2033 1004">
     <span class='ocr_line' id='line_1_9' title="bbox 450 917 2033 1004; baseline -0.011 -14"><span class='ocrx_word' id='word_1_56' title='bbox 450 933 646 1004; x_wconf 88' lang='lat' dir='ltr'><strong>quitati</strong></span> <span class='ocrx_word' id='word_1_57' title='bbox 676 931 761 1003; x_wconf 89' lang='lat' dir='ltr'><strong>(II</strong></span> <span class='ocrx_word' id='word_1_58' title='bbox 786 929 964 985; x_wconf 75' lang='lat' dir='ltr'><strong>Thess.</strong></span> <span class='ocrx_word' id='word_1_59' title='bbox 996 927 1080 999; x_wconf 89' lang='grc' dir='ltr'>ιι).</span> <span class='ocrx_word' id='word_1_60' title='bbox 1097 945 1115 978; x_wconf 77' lang='grc' dir='ltr'><strong>ι</strong></span> <span class='ocrx_word' id='word_1_61' title='bbox 1142 924 1332 981; x_wconf 87' lang='lat' dir='ltr'><strong>Nonne</strong></span> <span class='ocrx_word' id='word_1_62' title='bbox 1351 924 1450 980; x_wconf 91' lang='lat' dir='ltr'><strong>bos</strong></span> <span class='ocrx_word' id='word_1_63' title='bbox 1471 934 1661 977; x_wconf 90' lang='lat' dir='ltr'><strong>omnes</strong></span> <span class='ocrx_word' id='word_1_64' title='bbox 1681 926 1736 975; x_wconf 87' lang='lat' dir='ltr'><strong>et</strong></span> <span class='ocrx_word' id='word_1_65' title='bbox 1756 917 2033 988; x_wconf 74' lang='lat' dir='ltr'><strong>praescitos</strong></span> 
     </span>
    </p>
   </div>
   <div class='ocr_carea' id='block_1_10' title="bbox 449 1006 2031 1098">
    <p class='ocr_par' dir='ltr' id='par_1_10' title="bbox 449 1006 2031 1098">
     <span class='ocr_line' id='line_1_10' title="bbox 449 1006 2031 1098; baseline -0.012 -18"><span class='ocrx_word' id='word_1_66' title='bbox 449 1038 573 1098; x_wconf 83' lang='lat' dir='ltr'><strong>esse</strong></span> <span class='ocrx_word' id='word_1_67' title='bbox 604 1029 819 1078; x_wconf 86' lang='lat' dir='ltr'><strong>constat</strong></span> <span class='ocrx_word' id='word_1_68' title='bbox 860 1019 1032 1076; x_wconf 91' lang='lat' dir='ltr'><strong>malos</strong></span> <span class='ocrx_word' id='word_1_69' title='bbox 1080 1015 1311 1077; x_wconf 81' lang='lat' dir='ltr'><strong>futuros,</strong></span> <span class='ocrx_word' id='word_1_70' title='bbox 1361 1021 1554 1069; x_wconf 88' lang='lat' dir='ltr'><strong>etnon</strong></span> <span class='ocrx_word' id='word_1_71' title='bbox 1599 1008 1856 1081; x_wconf 89' lang='lat' dir='ltr'><strong>ignorari,</strong></span> <span class='ocrx_word' id='word_1_72' title='bbox 1889 1006 2031 1076; x_wconf 88' lang='lat' dir='ltr'><strong>quod</strong></span> 
     </span>
    </p>
   </div>
   <div class='ocr_carea' id='block_1_11' title="bbox 449 1100 2033 1190">
    <p class='ocr_par' dir='ltr' id='par_1_11' title="bbox 449 1100 2033 1190">
     <span class='ocr_line' id='line_1_11' title="bbox 449 1100 2033 1190; baseline -0.011 -20"><span class='ocrx_word' id='word_1_73' title='bbox 449 1115 518 1170; x_wconf 79' lang='lat' dir='ltr'><strong>ad</strong></span> <span class='ocrx_word' id='word_1_74' title='bbox 538 1122 739 1190; x_wconf 87' lang='lat' dir='ltr'><strong>sortem</strong></span> <span class='ocrx_word' id='word_1_75' title='bbox 763 1111 1075 1181; x_wconf 88' lang='lat' dir='ltr'><strong>pertineant</strong></span> <span class='ocrx_word' id='word_1_76' title='bbox 1101 1104 1513 1164; x_wconf 85' lang='lat' dir='ltr'><strong>damnatorum?</strong></span> <span class='ocrx_word' id='word_1_77' title='bbox 1533 1102 1685 1169; x_wconf 86' lang='lat' dir='ltr'><strong>Quod</strong></span> <span class='ocrx_word' id='word_1_78' title='bbox 1708 1102 1753 1156; x_wconf 88' lang='lat' dir='ltr'><strong>si</strong></span> <span class='ocrx_word' id='word_1_79' title='bbox 1780 1100 1848 1156; x_wconf 89' lang='lat' dir='ltr'><strong>ad</strong></span> <span class='ocrx_word' id='word_1_80' title='bbox 1879 1101 1999 1155; x_wconf 88' lang='lat' dir='ltr'><strong>dam</strong></span> <span class='ocrx_word' id='word_1_81' title='bbox 2018 1129 2033 1139; x_wconf 89' lang='lat'><strong>-</strong></span> 
     </span>
    </p>
   </div>
   <div class='ocr_carea' id='block_1_12' title="bbox 448 1191 2033 1285">
    <p class='ocr_par' dir='ltr' id='par_1_12' title="bbox 448 1191 2033 1285">
     <span class='ocr_line' id='line_1_12' title="bbox 448 1191 2033 1285; baseline -0.011 -23"><span class='ocrx_word' id='word_1_82' title='bbox 448 1215 699 1285; x_wconf 86' lang='lat' dir='ltr'><strong>natorum</strong></span> <span class='ocrx_word' id='word_1_83' title='bbox 729 1213 936 1262; x_wconf 86' lang='lat' dir='ltr'><strong>sortem</strong></span> <span class='ocrx_word' id='word_1_84' title='bbox 989 1202 1284 1275; x_wconf 82' lang='lat' dir='ltr'><strong>pertinent,</strong></span> <span class='ocrx_word' id='word_1_85' title='bbox 1336 1211 1517 1254; x_wconf 90' lang='lat' dir='ltr'><strong>nonne</strong></span> <span class='ocrx_word' id='word_1_86' title='bbox 1551 1195 1618 1250; x_wconf 89' lang='lat' dir='ltr'><strong>ad</strong></span> <span class='ocrx_word' id='word_1_87' title='bbox 1646 1209 1765 1249; x_wconf 88' lang='lat' dir='ltr'><strong>eam</strong></span> <span class='ocrx_word' id='word_1_88' title='bbox 1789 1191 2033 1262; x_wconf 87' lang='lat' dir='ltr'><strong>deputati</strong></span> 
     </span>
    </p>
   </div>
   <div class='ocr_carea' id='block_1_13' title="bbox 446 1282 2033 1362">
    <p class='ocr_par' dir='ltr' id='par_1_13' title="bbox 446 1282 2033 1362">
     <span class='ocr_line' id='line_1_13' title="bbox 446 1282 2033 1362; baseline -0.011 -9"><span class='ocrx_word' id='word_1_89' title='bbox 446 1284 605 1359; x_wconf 81' lang='lat' dir='ltr'><strong>sunt?</strong></span> <span class='ocrx_word' id='word_1_90' title='bbox 634 1303 691 1351; x_wconf 89' lang='lat' dir='ltr'><strong>et</strong></span> <span class='ocrx_word' id='word_1_91' title='bbox 719 1294 766 1351; x_wconf 89' lang='lat' dir='ltr'><strong>si</strong></span> <span class='ocrx_word' id='word_1_92' title='bbox 800 1294 868 1350; x_wconf 91' lang='lat' dir='ltr'><strong>ad</strong></span> <span class='ocrx_word' id='word_1_93' title='bbox 895 1291 1041 1348; x_wconf 87' lang='lat' dir='ltr'><strong>illam</strong></span> <span class='ocrx_word' id='word_1_94' title='bbox 1066 1288 1307 1362; x_wconf 90' lang='lat' dir='ltr'><strong>deputati</strong></span> <span class='ocrx_word' id='word_1_95' title='bbox 1332 1296 1494 1362; x_wconf 81' lang='lat' dir='ltr'><strong>sunt,</strong></span> <span class='ocrx_word' id='word_1_96' title='bbox 1511 1299 1691 1340; x_wconf 90' lang='lat' dir='ltr'><strong>nonne</strong></span> <span class='ocrx_word' id='word_1_97' title='bbox 1717 1282 1877 1337; x_wconf 88' lang='lat' dir='ltr'><strong>etiam</strong></span> <span class='ocrx_word' id='word_1_98' title='bbox 1896 1297 2033 1352; x_wconf 73' lang='lat' dir='ltr'><strong>prte-</strong></span> 
     </span>
    </p>
   </div>
   <div class='ocr_carea' id='block_1_14' title="bbox 452 1369 2031 1464">
    <p class='ocr_par' dir='ltr' id='par_1_14' title="bbox 452 1369 2031 1464">
     <span class='ocr_line' id='line_1_14' title="bbox 452 1369 2031 1464; baseline -0.015 -18"><span class='ocrx_word' id='word_1_99' title='bbox 452 1386 712 1446; x_wconf 85' lang='lat' dir='ltr'><strong>destinati</strong></span> <span class='ocrx_word' id='word_1_100' title='bbox 738 1385 900 1442; x_wconf 87' lang='lat' dir='ltr'><strong>sunt?</strong></span> <span class='ocrx_word' id='word_1_101' title='bbox 919 1382 1046 1464; x_wconf 31' lang='lat' dir='ltr'><strong>’Non</strong></span> <span class='ocrx_word' id='word_1_102' title='bbox 1078 1390 1259 1437; x_wconf 88' lang='lat' dir='ltr'><strong>tamen</strong></span> <span class='ocrx_word' id='word_1_103' title='bbox 1287 1379 1489 1435; x_wconf 89' lang='lat' dir='ltr'><strong>idcirco</strong></span> <span class='ocrx_word' id='word_1_104' title='bbox 1514 1375 1641 1446; x_wconf 89' lang='lat' dir='ltr'><strong>quia</strong></span> <span class='ocrx_word' id='word_1_105' title='bbox 1665 1369 2031 1444; x_wconf 65' lang='lat' dir='ltr'><strong>prmdestinati</strong></span> 
     </span>
    </p>
   </div>
   <div class='ocr_carea' id='block_1_15' title="bbox 444 1459 2031 1548">
    <p class='ocr_par' dir='ltr' id='par_1_15' title="bbox 444 1459 2031 1548">
     <span class='ocr_line' id='line_1_15' title="bbox 444 1459 2031 1548; baseline -0.014 -14"><span class='ocrx_word' id='word_1_106' title='bbox 444 1487 733 1548; x_wconf 85' lang='lat' dir='ltr'><strong>propterea</strong></span> <span class='ocrx_word' id='word_1_107' title='bbox 769 1459 1083 1539; x_wconf 87' lang='lat' dir='ltr'><strong>damnandi,</strong></span> <span class='ocrx_word' id='word_1_108' title='bbox 1130 1471 1270 1527; x_wconf 88' lang='lat' dir='ltr'><strong>sicut</strong></span> <span class='ocrx_word' id='word_1_109' title='bbox 1301 1484 1408 1526; x_wconf 92' lang='lat' dir='ltr'><strong>non</strong></span> <span class='ocrx_word' id='word_1_110' title='bbox 1453 1473 1744 1538; x_wconf 84' lang='lat' dir='ltr'><strong>propterea</strong></span> <span class='ocrx_word' id='word_1_111' title='bbox 1785 1460 1913 1516; x_wconf 90' lang='lat' dir='ltr'><strong>mali</strong></span> <span class='ocrx_word' id='word_1_112' title='bbox 1945 1459 2031 1513; x_wconf 80' lang='lat' dir='ltr'><strong>l&#39;u-</strong></span> 
     </span>
    </p>
   </div>
   <div class='ocr_carea' id='block_1_16' title="bbox 443 1549 2031 1637">
    <p class='ocr_par' dir='ltr' id='par_1_16' title="bbox 443 1549 2031 1637">
     <span class='ocr_line' id='line_1_16' title="bbox 443 1549 2031 1637; baseline -0.011 -15"><span class='ocrx_word' id='word_1_113' title='bbox 443 1567 552 1622; x_wconf 86' lang='lat' dir='ltr'><strong>turi</strong></span> <span class='ocrx_word' id='word_1_114' title='bbox 604 1574 749 1632; x_wconf 88' lang='lat' dir='ltr'><strong>sunt,</strong></span> <span class='ocrx_word' id='word_1_115' title='bbox 801 1565 926 1637; x_wconf 88' lang='lat' dir='ltr'><strong>quia</strong></span> <span class='ocrx_word' id='word_1_116' title='bbox 968 1564 1084 1619; x_wconf 88' lang='lat' dir='ltr'><strong>.boc</strong></span> <span class='ocrx_word' id='word_1_117' title='bbox 1133 1577 1226 1617; x_wconf 92' lang='lat' dir='ltr'><strong>eos</strong></span> <span class='ocrx_word' id='word_1_118' title='bbox 1253 1559 1464 1615; x_wconf 82' lang='lat' dir='ltr'><strong>futuros</strong></span> <span class='ocrx_word' id='word_1_119' title='bbox 1501 1553 1902 1628; x_wconf 75' lang='lat' dir='ltr'><strong>praescientiam</strong></span> <span class='ocrx_word' id='word_1_120' title='bbox 1935 1549 2031 1606; x_wconf 90' lang='lat' dir='ltr'><strong>Dei</strong></span> 
     </span>
    </p>
   </div>
   <div class='ocr_carea' id='block_1_17' title="bbox 443 1639 2031 1736">
    <p class='ocr_par' dir='ltr' id='par_1_17' title="bbox 443 1639 2031 1736">
     <span class='ocr_line' id='line_1_17' title="bbox 443 1639 2031 1736; baseline -0.012 -24"><span class='ocrx_word' id='word_1_121' title='bbox 443 1675 579 1736; x_wconf 1' lang='lat' dir='ltr'><strong>non,</strong></span> <span class='ocrx_word' id='word_1_122' title='bbox 612 1658 762 1713; x_wconf 82' lang='lat' dir='ltr'><strong>latet.</strong></span> <span class='ocrx_word' id='word_1_123' title='bbox 813 1655 1226 1711; x_wconf 89' lang='lat' dir='ltr'><strong>Damnabuntur</strong></span> <span class='ocrx_word' id='word_1_124' title='bbox 1290 1649 1436 1704; x_wconf 88' lang='lat' dir='ltr'><strong>enim</strong></span> <span class='ocrx_word' id='word_1_125' title='bbox 1490 1654 1713 1718; x_wconf 89' lang='lat' dir='ltr'><strong>propter</strong></span> <span class='ocrx_word' id='word_1_126' title='bbox 1765 1639 2031 1698; x_wconf 72' lang='lat' dir='ltr'><strong>malitiam</strong></span> 
     </span>
    </p>
   </div>
   <div class='ocr_carea' id='block_1_18' title="bbox 442 1729 2032 1820">
    <p class='ocr_par' dir='ltr' id='par_1_18' title="bbox 442 1729 2032 1820">
     <span class='ocr_line' id='line_1_18' title="bbox 442 1729 2032 1820; baseline -0.014 -14"><span class='ocrx_word' id='word_1_127' title='bbox 442 1733 618 1816; x_wconf 88' lang='lat' dir='ltr'><strong>suam,</strong></span> <span class='ocrx_word' id='word_1_128' title='bbox 650 1762 758 1805; x_wconf 90' lang='lat' dir='ltr'><strong>non</strong></span> <span class='ocrx_word' id='word_1_129' title='bbox 784 1754 1008 1820; x_wconf 87' lang='lat' dir='ltr'><strong>propter</strong></span> <span class='ocrx_word' id='word_1_130' title='bbox 1049 1743 1145 1801; x_wconf 88' lang='lat' dir='ltr'><strong>Dei</strong></span> <span class='ocrx_word' id='word_1_131' title='bbox 1182 1738 1736 1814; x_wconf 68' lang='lat' dir='ltr'><strong>prtedestinationem.</strong></span> <span class='ocrx_word' id='word_1_132' title='bbox 1762 1729 2032 1801; x_wconf 88' lang='lat' dir='ltr'><strong>Quemad-</strong></span> 
     </span>
    </p>
   </div>
   <div class='ocr_carea' id='block_1_19' title="bbox 2137 521 3723 612">
    <p class='ocr_par' dir='ltr' id='par_1_19' title="bbox 2137 521 3723 612">
     <span class='ocr_line' id='line_1_19' title="bbox 2137 521 3723 612; baseline -0.014 -15"><span class='ocrx_word' id='word_1_133' title='bbox 2137 540 2270 612; x_wconf 79' lang='lat' dir='ltr'><strong>(Isa.</strong></span> <span class='ocrx_word' id='word_1_134' title='bbox 2297 554 2422 604; x_wconf 64' lang='grc' dir='ltr'>χεν,</span> <span class='ocrx_word' id='word_1_135' title='bbox 2453 536 2542 610; x_wconf 76' lang='lat' dir='ltr'><strong>il)</strong></span> <span class='ocrx_word' id='word_1_136' title='bbox 2569 554 2583 592; x_wconf 89' lang='lat'><strong>:</strong></span> <span class='ocrx_word' id='word_1_137' title='bbox 2620 556 2638 588; x_wconf 73' lang='grc' dir='ltr'><strong>ι</strong></span> <span class='ocrx_word' id='word_1_138' title='bbox 2663 543 2718 592; x_wconf 90' lang='grc' dir='ltr'><strong>ει</strong></span> <span class='ocrx_word' id='word_1_139' title='bbox 2751 551 2764 588; x_wconf 90' lang='lat'><strong>:</strong></span> <span class='ocrx_word' id='word_1_140' title='bbox 2800 552 2819 585; x_wconf 74' lang='grc' dir='ltr'><strong>ι</strong></span> <span class='ocrx_word' id='word_1_141' title='bbox 2852 530 3044 602; x_wconf 84' lang='lat' dir='ltr'><strong>Magna</strong></span> <span class='ocrx_word' id='word_1_142' title='bbox 3068 540 3231 600; x_wconf 86' lang='lat' dir='ltr'><strong>opera</strong></span> <span class='ocrx_word' id='word_1_143' title='bbox 3263 522 3502 590; x_wconf 89' lang='lat' dir='ltr'><strong>Domini,</strong></span> <span class='ocrx_word' id='word_1_144' title='bbox 3531 521 3723 592; x_wconf 82' lang='lat' dir='ltr'><strong>exqui—</strong></span> 
     </span>
    </p>
   </div>
   <div class='ocr_carea' id='block_1_20' title="bbox 2132 611 3721 691">
    <p class='ocr_par' dir='ltr' id='par_1_20' title="bbox 2132 611 3721 691">
     <span class='ocr_line' id='line_1_20' title="bbox 2132 611 3721 691; baseline -0.013 -3"><span class='ocrx_word' id='word_1_145' title='bbox 2132 611 2236 688; x_wconf 89' lang='lat' dir='ltr'><strong>sita</strong></span> <span class='ocrx_word' id='word_1_146' title='bbox 2267 633 2319 686; x_wconf 91' lang='lat' dir='ltr'><strong>in</strong></span> <span class='ocrx_word' id='word_1_147' title='bbox 2342 643 2530 686; x_wconf 90' lang='lat' dir='ltr'><strong>omnes</strong></span> <span class='ocrx_word' id='word_1_148' title='bbox 2551 626 2858 682; x_wconf 75' lang='lat' dir='ltr'><strong>voluntates</strong></span> <span class='ocrx_word' id='word_1_149' title='bbox 2885 620 3001 691; x_wconf 82' lang='lat' dir='ltr'><strong>ejus</strong></span> <span class='ocrx_word' id='word_1_150' title='bbox 3028 639 3046 672; x_wconf 77' lang='grc' dir='ltr'><strong>ι</strong></span> <span class='ocrx_word' id='word_1_151' title='bbox 3069 615 3244 689; x_wconf 79' lang='grc' dir='ltr'>(Ῥεαι.</span> <span class='ocrx_word' id='word_1_152' title='bbox 3269 630 3361 682; x_wconf 76' lang='lat' dir='ltr'><strong>cx,</strong></span> <span class='ocrx_word' id='word_1_153' title='bbox 3382 612 3438 686; x_wconf 74' lang='lat'><strong>2)</strong></span> <span class='ocrx_word' id='word_1_154' title='bbox 3456 629 3471 680; x_wconf 89' lang='lat'><strong>;</strong></span> <span class='ocrx_word' id='word_1_155' title='bbox 3488 620 3543 669; x_wconf 89' lang='lat' dir='ltr'><strong>et</strong></span> <span class='ocrx_word' id='word_1_156' title='bbox 3565 611 3721 669; x_wconf 86' lang='lat' dir='ltr'><strong>Psal-</strong></span> 
     </span>
    </p>
   </div>
   <div class='ocr_carea' id='block_1_21' title="bbox 2133 701 3718 778">
    <p class='ocr_par' dir='ltr' id='par_1_21' title="bbox 2133 701 3718 778">
     <span class='ocr_line' id='line_1_21' title="bbox 2133 701 3718 778; baseline -0.013 -1"><span class='ocrx_word' id='word_1_157' title='bbox 2133 722 2295 777; x_wconf 90' lang='lat' dir='ltr'><strong>mista</strong></span> <span class='ocrx_word' id='word_1_158' title='bbox 2325 738 2338 776; x_wconf 89' lang='lat'><strong>:</strong></span> <span class='ocrx_word' id='word_1_159' title='bbox 2371 738 2389 771; x_wconf 87' lang='grc'><em>‹</em></span> <span class='ocrx_word' id='word_1_160' title='bbox 2427 716 2610 774; x_wconf 88' lang='lat' dir='ltr'><strong>Semel</strong></span> <span class='ocrx_word' id='word_1_161' title='bbox 2653 715 2866 771; x_wconf 90' lang='lat' dir='ltr'><strong>locutus</strong></span> <span class='ocrx_word' id='word_1_162' title='bbox 2910 719 2995 768; x_wconf 89' lang='lat' dir='ltr'><strong>est</strong></span> <span class='ocrx_word' id='word_1_163' title='bbox 3033 709 3176 764; x_wconf 88' lang='lat' dir='ltr'><strong>Deus</strong></span> <span class='ocrx_word' id='word_1_164' title='bbox 3208 704 3383 778; x_wconf 78' lang='lat' dir='ltr'><strong>(Psal.</strong></span> <span class='ocrx_word' id='word_1_165' title='bbox 3412 701 3666 776; x_wconf 47' lang='lat' dir='ltr'><strong>LX512).</strong></span> <span class='ocrx_word' id='word_1_166' title='bbox 3698 721 3718 756; x_wconf 73' lang='grc' dir='ltr'><strong>ι</strong></span> 
     </span>
    </p>
   </div>
   <div class='ocr_carea' id='block_1_22' title="bbox 2132 796 3725 876">
    <p class='ocr_par' dir='ltr' id='par_1_22' title="bbox 2132 796 3725 876">
     <span class='ocr_line' id='line_1_22' title="bbox 2132 796 3725 876; baseline -0.013 -4"><span class='ocrx_word' id='word_1_167' title='bbox 2132 817 2200 872; x_wconf 85' lang='grc' dir='ltr'>Ει</span> <span class='ocrx_word' id='word_1_168' title='bbox 2227 816 2419 871; x_wconf 88' lang='lat' dir='ltr'><strong>beatus</strong></span> <span class='ocrx_word' id='word_1_169' title='bbox 2444 811 2545 867; x_wconf 82' lang='lat' dir='ltr'><strong>Job</strong></span> <span class='ocrx_word' id='word_1_170' title='bbox 2583 828 2595 865; x_wconf 92' lang='lat'><strong>:</strong></span> <span class='ocrx_word' id='word_1_171' title='bbox 2635 829 2654 861; x_wconf 74' lang='grc' dir='ltr'><strong>ι</strong></span> <span class='ocrx_word' id='word_1_172' title='bbox 2701 806 2882 865; x_wconf 91' lang='lat' dir='ltr'><strong>Semel</strong></span> <span class='ocrx_word' id='word_1_173' title='bbox 2912 803 3151 876; x_wconf 88' lang='lat' dir='ltr'><strong>loquitur</strong></span> <span class='ocrx_word' id='word_1_174' title='bbox 3199 800 3365 867; x_wconf 87' lang='lat' dir='ltr'><strong>Deus,</strong></span> <span class='ocrx_word' id='word_1_175' title='bbox 3404 807 3461 855; x_wconf 88' lang='lat' dir='ltr'><strong>et</strong></span> <span class='ocrx_word' id='word_1_176' title='bbox 3484 796 3725 854; x_wconf 89' lang='lat' dir='ltr'><strong>secundo</strong></span> 
     </span>
    </p>
   </div>
   <div class='ocr_carea' id='block_1_23' title="bbox 2134 890 3723 978">
    <p class='ocr_par' dir='ltr' id='par_1_23' title="bbox 2134 890 3723 978">
     <span class='ocr_line' id='line_1_23' title="bbox 2134 890 3723 978; baseline -0.013 -13"><span class='ocrx_word' id='word_1_177' title='bbox 2134 910 2186 965; x_wconf 89' lang='lat' dir='ltr'><strong>id</strong></span> <span class='ocrx_word' id='word_1_178' title='bbox 2229 909 2405 978; x_wconf 89' lang='lat' dir='ltr'><strong>ipsum</strong></span> <span class='ocrx_word' id='word_1_179' title='bbox 2450 919 2556 961; x_wconf 92' lang='lat' dir='ltr'><strong>non</strong></span> <span class='ocrx_word' id='word_1_180' title='bbox 2603 901 2801 973; x_wconf 88' lang='lat' dir='ltr'><strong>repetit</strong></span> <span class='ocrx_word' id='word_1_181' title='bbox 2836 897 2968 972; x_wconf 83' lang='lat' dir='ltr'><strong>(Job</strong></span> <span class='ocrx_word' id='word_1_182' title='bbox 3030 909 3230 962; x_wconf 71' lang='grc' dir='ltr'>χχχιιι,</span> <span class='ocrx_word' id='word_1_183' title='bbox 3268 891 3390 965; x_wconf 75' lang='grc'><strong>14).</strong></span> <span class='ocrx_word' id='word_1_184' title='bbox 3431 910 3451 944; x_wconf 78' lang='grc' dir='ltr'><strong>ι</strong></span> <span class='ocrx_word' id='word_1_185' title='bbox 3486 890 3558 946; x_wconf 83' lang='lat' dir='ltr'><strong>At</strong></span> <span class='ocrx_word' id='word_1_186' title='bbox 3593 905 3723 946; x_wconf 88' lang='lat' dir='ltr'><strong>san-</strong></span> 
     </span>
    </p>
   </div>
   <div class='ocr_carea' id='block_1_24' title="bbox 2133 981 3724 1059">
    <p class='ocr_par' dir='ltr' id='par_1_24' title="bbox 2133 981 3724 1059">
     <span class='ocr_line' id='line_1_24' title="bbox 2133 981 3724 1059; baseline -0.013 0"><span class='ocrx_word' id='word_1_187' title='bbox 2133 1011 2346 1059; x_wconf 89' lang='lat' dir='ltr'><strong>ctorum</strong></span> <span class='ocrx_word' id='word_1_188' title='bbox 2380 996 2648 1056; x_wconf 87' lang='lat' dir='ltr'><strong>sententia</strong></span> <span class='ocrx_word' id='word_1_189' title='bbox 2694 1001 2779 1050; x_wconf 89' lang='lat' dir='ltr'><strong>est</strong></span> <span class='ocrx_word' id='word_1_190' title='bbox 2827 988 3246 1054; x_wconf 83' lang='lat' dir='ltr'><strong>catholicorum,</strong></span> <span class='ocrx_word' id='word_1_191' title='bbox 3285 981 3724 1057; x_wconf 70' lang='lat' dir='ltr'><strong>pmdestinaﬁo-</strong></span> 
     </span>
    </p>
   </div>
   <div class='ocr_carea' id='block_1_25' title="bbox 2134 1075 3726 1161">
    <p class='ocr_par' dir='ltr' id='par_1_25' title="bbox 2134 1075 3726 1161">
     <span class='ocr_line' id='line_1_25' title="bbox 2134 1075 3726 1161; baseline -0.014 -11"><span class='ocrx_word' id='word_1_192' title='bbox 2134 1108 2258 1148; x_wconf 90' lang='lat' dir='ltr'><strong>nem</strong></span> <span class='ocrx_word' id='word_1_193' title='bbox 2289 1106 2410 1148; x_wconf 90' lang='lat' dir='ltr'><strong>esse</strong></span> <span class='ocrx_word' id='word_1_194' title='bbox 2443 1102 2668 1161; x_wconf 91' lang='lat' dir='ltr'><strong>operum</strong></span> <span class='ocrx_word' id='word_1_195' title='bbox 2698 1085 2796 1140; x_wconf 88' lang='lat' dir='ltr'><strong>Dei</strong></span> <span class='ocrx_word' id='word_1_196' title='bbox 2823 1094 3086 1140; x_wconf 77' lang='lat' dir='ltr'><strong>:eternam</strong></span> <span class='ocrx_word' id='word_1_197' title='bbox 3118 1077 3552 1149; x_wconf 88' lang='lat' dir='ltr'><strong>dispositionem,</strong></span> <span class='ocrx_word' id='word_1_198' title='bbox 3581 1075 3726 1130; x_wconf 85' lang='lat' dir='ltr'><strong>unde</strong></span> 
     </span>
    </p>
   </div>
   <div class='ocr_carea' id='block_1_26' title="bbox 2135 1164 3726 1256">
    <p class='ocr_par' dir='ltr' id='par_1_26' title="bbox 2135 1164 3726 1256">
     <span class='ocr_line' id='line_1_26' title="bbox 2135 1164 3726 1256; baseline -0.013 -15"><span class='ocrx_word' id='word_1_199' title='bbox 2135 1185 2260 1256; x_wconf 89' lang='lat' dir='ltr'><strong>quia</strong></span> <span class='ocrx_word' id='word_1_200' title='bbox 2285 1193 2619 1256; x_wconf 67' lang='lat' dir='ltr'><strong>quaecunque</strong></span> <span class='ocrx_word' id='word_1_201' title='bbox 2643 1177 2887 1234; x_wconf 83' lang='lat' dir='ltr'><strong>facturus</strong></span> <span class='ocrx_word' id='word_1_202' title='bbox 2909 1181 2994 1230; x_wconf 88' lang='lat' dir='ltr'><strong>est</strong></span> <span class='ocrx_word' id='word_1_203' title='bbox 3026 1172 3193 1238; x_wconf 88' lang='lat' dir='ltr'><strong>Deus,</strong></span> <span class='ocrx_word' id='word_1_204' title='bbox 3217 1168 3274 1225; x_wconf 90' lang='lat' dir='ltr'><strong>in</strong></span> <span class='ocrx_word' id='word_1_205' title='bbox 3307 1177 3513 1225; x_wconf 75' lang='lat' dir='ltr'><strong>:etemo</strong></span> <span class='ocrx_word' id='word_1_206' title='bbox 3527 1164 3726 1237; x_wconf 74' lang='lat' dir='ltr'><strong>iudicii</strong></span> 
     </span>
    </p>
   </div>
   <div class='ocr_carea' id='block_1_27' title="bbox 2136 1262 3730 1344">
    <p class='ocr_par' dir='ltr' id='par_1_27' title="bbox 2136 1262 3730 1344">
     <span class='ocr_line' id='line_1_27' title="bbox 2136 1262 3730 1344; baseline -0.013 -8"><span class='ocrx_word' id='word_1_207' title='bbox 2136 1280 2218 1336; x_wconf 90' lang='lat' dir='ltr'><strong>sui</strong></span> <span class='ocrx_word' id='word_1_208' title='bbox 2267 1276 2496 1335; x_wconf 89' lang='lat' dir='ltr'><strong>consilio</strong></span> <span class='ocrx_word' id='word_1_209' title='bbox 2545 1272 2658 1344; x_wconf 80' lang='lat' dir='ltr'><strong>iam</strong></span> <span class='ocrx_word' id='word_1_210' title='bbox 2704 1269 3022 1343; x_wconf 88' lang='lat' dir='ltr'><strong>dispositum</strong></span> <span class='ocrx_word' id='word_1_211' title='bbox 3091 1265 3256 1322; x_wconf 88' lang='lat' dir='ltr'><strong>habet</strong></span> <span class='ocrx_word' id='word_1_212' title='bbox 3305 1278 3320 1318; x_wconf 91' lang='lat'><strong>:</strong></span> <span class='ocrx_word' id='word_1_213' title='bbox 3373 1262 3617 1334; x_wconf 87' lang='lat' dir='ltr'><strong>sequitur</strong></span> <span class='ocrx_word' id='word_1_214' title='bbox 3667 1268 3730 1317; x_wconf 88' lang='lat' dir='ltr'><strong>ut</strong></span> 
     </span>
    </p>
   </div>
   <div class='ocr_carea' id='block_1_28' title="bbox 2134 1353 3729 1443">
    <p class='ocr_par' dir='ltr' id='par_1_28' title="bbox 2134 1353 3729 1443">
     <span class='ocr_line' id='line_1_28' title="bbox 2134 1353 3729 1443; baseline -0.014 -14"><span class='ocrx_word' id='word_1_215' title='bbox 2134 1387 2300 1443; x_wconf 85' lang='lat' dir='ltr'><strong>opera</strong></span> <span class='ocrx_word' id='word_1_216' title='bbox 2332 1370 2429 1426; x_wconf 92' lang='lat' dir='ltr'><strong>Dei</strong></span> <span class='ocrx_word' id='word_1_217' title='bbox 2479 1367 2732 1424; x_wconf 90' lang='lat' dir='ltr'><strong>universa</strong></span> <span class='ocrx_word' id='word_1_218' title='bbox 2766 1363 2875 1420; x_wconf 90' lang='lat' dir='ltr'><strong>sint</strong></span> <span class='ocrx_word' id='word_1_219' title='bbox 2919 1358 3325 1433; x_wconf 66' lang='lat' dir='ltr'><strong>praadestinata.</strong></span> <span class='ocrx_word' id='word_1_220' title='bbox 3379 1353 3729 1425; x_wconf 85' lang='lat' dir='ltr'><strong>Quapropter</strong></span> 
     </span>
    </p>
   </div>
   <div class='ocr_carea' id='block_1_29' title="bbox 2135 1444 3726 1526">
    <p class='ocr_par' dir='ltr' id='par_1_29' title="bbox 2135 1444 3726 1526">
     <span class='ocr_line' id='line_1_29' title="bbox 2135 1444 3726 1526; baseline -0.014 -5"><span class='ocrx_word' id='word_1_221' title='bbox 2135 1480 2259 1520; x_wconf 91' lang='lat' dir='ltr'><strong>cum</strong></span> <span class='ocrx_word' id='word_1_222' title='bbox 2285 1463 2485 1520; x_wconf 90' lang='lat' dir='ltr'><strong>dicitur</strong></span> <span class='ocrx_word' id='word_1_223' title='bbox 2527 1460 2596 1516; x_wconf 91' lang='lat' dir='ltr'><strong>de</strong></span> <span class='ocrx_word' id='word_1_224' title='bbox 2635 1457 2821 1520; x_wconf 89' lang='lat' dir='ltr'><strong>malis,</strong></span> <span class='ocrx_word' id='word_1_225' title='bbox 2855 1454 2982 1526; x_wconf 88' lang='lat' dir='ltr'><strong>quia</strong></span> <span class='ocrx_word' id='word_1_226' title='bbox 3032 1452 3101 1507; x_wconf 89' lang='lat' dir='ltr'><strong>ad</strong></span> <span class='ocrx_word' id='word_1_227' title='bbox 3136 1463 3330 1522; x_wconf 88' lang='lat' dir='ltr'><strong>poenas</strong></span> <span class='ocrx_word' id='word_1_228' title='bbox 3352 1444 3726 1520; x_wconf 69' lang='lat' dir='ltr'><strong>praedestinati</strong></span> 
     </span>
    </p>
   </div>
   <div class='ocr_carea' id='block_1_30' title="bbox 2136 1535 3727 1622">
    <p class='ocr_par' dir='ltr' id='par_1_30' title="bbox 2136 1535 3727 1622">
     <span class='ocr_line' id='line_1_30' title="bbox 2136 1535 3727 1622; baseline -0.016 -8"><span class='ocrx_word' id='word_1_229' title='bbox 2136 1566 2296 1622; x_wconf 89' lang='lat' dir='ltr'><strong>sunt;</strong></span> <span class='ocrx_word' id='word_1_230' title='bbox 2330 1556 2434 1611; x_wconf 88' lang='lat' dir='ltr'><strong>hoc</strong></span> <span class='ocrx_word' id='word_1_231' title='bbox 2479 1553 2680 1610; x_wconf 88' lang='lat' dir='ltr'><strong>dicitur</strong></span> <span class='ocrx_word' id='word_1_232' title='bbox 2722 1568 2736 1604; x_wconf 90' lang='lat'><strong>:</strong></span> <span class='ocrx_word' id='word_1_233' title='bbox 2785 1548 2912 1618; x_wconf 86' lang='lat' dir='ltr'><strong>quia</strong></span> <span class='ocrx_word' id='word_1_234' title='bbox 2961 1545 3106 1601; x_wconf 90' lang='lat' dir='ltr'><strong>Deus</strong></span> <span class='ocrx_word' id='word_1_235' title='bbox 3136 1548 3350 1598; x_wconf 88' lang='lat' dir='ltr'><strong>secreto</strong></span> <span class='ocrx_word' id='word_1_236' title='bbox 3394 1535 3727 1610; x_wconf 79' lang='lat' dir='ltr'><strong>iudiciorum</strong></span> 
     </span>
    </p>
   </div>
   <div class='ocr_carea' id='block_1_31' title="bbox 2135 1633 3730 1718">
    <p class='ocr_par' dir='ltr' id='par_1_31' title="bbox 2135 1633 3730 1718">
     <span class='ocr_line' id='line_1_31' title="bbox 2135 1633 3730 1718; baseline -0.016 -5"><span class='ocrx_word' id='word_1_237' title='bbox 2135 1670 2359 1712; x_wconf 87' lang='lat' dir='ltr'><strong>suorum</strong></span> <span class='ocrx_word' id='word_1_238' title='bbox 2411 1658 2759 1710; x_wconf 88' lang='lat' dir='ltr'><strong>sacramento</strong></span> <span class='ocrx_word' id='word_1_239' title='bbox 2807 1644 3134 1718; x_wconf 88' lang='lat' dir='ltr'><strong>dispositum</strong></span> <span class='ocrx_word' id='word_1_240' title='bbox 3172 1640 3359 1705; x_wconf 87' lang='lat' dir='ltr'><strong>habet,</strong></span> <span class='ocrx_word' id='word_1_241' title='bbox 3390 1635 3521 1708; x_wconf 89' lang='lat' dir='ltr'><strong>quid</strong></span> <span class='ocrx_word' id='word_1_242' title='bbox 3547 1635 3612 1691; x_wconf 92' lang='lat' dir='ltr'><strong>de</strong></span> <span class='ocrx_word' id='word_1_243' title='bbox 3643 1633 3730 1688; x_wconf 85' lang='lat' dir='ltr'><strong>his</strong></span> 
     </span>
    </p>
   </div>
   <div class='ocr_carea' id='block_1_32' title="bbox 2136 1729 3726 1815">
    <p class='ocr_par' dir='ltr' id='par_1_32' title="bbox 2136 1729 3726 1815">
     <span class='ocr_line' id='line_1_32' title="bbox 2136 1729 3726 1815; baseline -0.013 -12"><span class='ocrx_word' id='word_1_244' title='bbox 2136 1748 2382 1805; x_wconf 81' lang='lat' dir='ltr'><strong>facturus</strong></span> <span class='ocrx_word' id='word_1_245' title='bbox 2412 1747 2506 1804; x_wconf 88' lang='lat' dir='ltr'><strong>sit.</strong></span> <span class='ocrx_word' id='word_1_246' title='bbox 2530 1745 2651 1802; x_wconf 86' lang='lat' dir='ltr'><strong>Non</strong></span> <span class='ocrx_word' id='word_1_247' title='bbox 2680 1753 2766 1801; x_wconf 89' lang='lat' dir='ltr'><strong>est</strong></span> <span class='ocrx_word' id='word_1_248' title='bbox 2792 1741 2957 1815; x_wconf 79' lang='lat' dir='ltr'><strong>igitur</strong></span> <span class='ocrx_word' id='word_1_249' title='bbox 2986 1737 3182 1796; x_wconf 73' lang='lat' dir='ltr'><strong>divinae</strong></span> <span class='ocrx_word' id='word_1_250' title='bbox 3216 1729 3610 1806; x_wconf 90' lang='lat' dir='ltr'><strong>dispensationi</strong></span> <span class='ocrx_word' id='word_1_251' title='bbox 3636 1743 3726 1783; x_wconf 79' lang='lat' dir='ltr'><strong>rc-</strong></span> 
     </span>
    </p>
   </div>
   <div class='ocr_carea' id='block_1_33' title="bbox 440 1826 3727 1922">
    <p class='ocr_par' dir='ltr' id='par_1_33' title="bbox 440 1826 3727 1922">
     <span class='ocr_line' id='line_1_33' title="bbox 440 1826 3727 1922; baseline -0.012 -24"><span class='ocrx_word' id='word_1_252' title='bbox 440 1843 663 1900; x_wconf 90' lang='lat' dir='ltr'><strong>modum</strong></span> <span class='ocrx_word' id='word_1_253' title='bbox 711 1840 839 1897; x_wconf 90' lang='lat' dir='ltr'><strong>mali</strong></span> <span class='ocrx_word' id='word_1_254' title='bbox 884 1837 1053 1894; x_wconf 82' lang='lat' dir='ltr'><strong>futuri</strong></span> <span class='ocrx_word' id='word_1_255' title='bbox 1100 1845 1227 1892; x_wconf 90' lang='lat' dir='ltr'><strong>sunt</strong></span> <span class='ocrx_word' id='word_1_256' title='bbox 1266 1840 1553 1904; x_wconf 88' lang='lat' dir='ltr'><strong>propterea</strong></span> <span class='ocrx_word' id='word_1_257' title='bbox 1581 1829 1725 1900; x_wconf 92' lang='lat' dir='ltr'><strong>quod</strong></span> <span class='ocrx_word' id='word_1_258' title='bbox 1768 1827 1872 1882; x_wconf 91' lang='lat' dir='ltr'><strong>hoc</strong></span> <span class='ocrx_word' id='word_1_259' title='bbox 1911 1839 2032 1881; x_wconf 88' lang='lat' dir='ltr'><strong>esse</strong></span> <span class='ocrx_word' id='word_1_260' title='bbox 2061 1828 2111 1890; x_wconf 88' lang='lat' dir='ltr'><strong>B</strong></span> <span class='ocrx_word' id='word_1_261' title='bbox 2137 1864 2405 1922; x_wconf 56' lang='lat' dir='ltr'><strong>pugnans,</strong></span> <span class='ocrx_word' id='word_1_262' title='bbox 2442 1847 2488 1902; x_wconf 65' lang='lat' dir='ltr'><strong>si</strong></span> <span class='ocrx_word' id='word_1_263' title='bbox 2510 1843 2642 1901; x_wconf 66' lang='lat' dir='ltr'><strong>mali</strong></span> <span class='ocrx_word' id='word_1_264' title='bbox 2669 1843 2926 1899; x_wconf 50' lang='lat' dir='ltr'><strong>dicunt,&quot;</strong></span> <span class='ocrx_word' id='word_1_265' title='bbox 2961 1851 3082 1895; x_wconf 68' lang='lat' dir='ltr'><strong>esse</strong></span> <span class='ocrx_word' id='word_1_266' title='bbox 3109 1827 3480 1907; x_wconf 50' lang='lat' dir='ltr'><strong>pmdestimu</strong></span> <span class='ocrx_word' id='word_1_267' title='bbox 3511 1826 3578 1882; x_wconf 72' lang='lat' dir='ltr'><strong>ad</strong></span> <span class='ocrx_word' id='word_1_268' title='bbox 3607 1838 3727 1898; x_wconf 59' lang='lat' dir='ltr'><strong>pm,</strong></span> 
     </span>
    </p>
   </div>
   <div class='ocr_carea' id='block_1_34' title="bbox 440 1924 2032 2008">
    <p class='ocr_par' dir='ltr' id='par_1_34' title="bbox 440 1924 2032 2008">
     <span class='ocr_line' id='line_1_34' title="bbox 440 1924 2032 2008; baseline -0.014 -14"><span class='ocrx_word' id='word_1_269' title='bbox 440 1924 677 2008; x_wconf 67' lang='lat' dir='ltr'><strong>propria:</strong></span> <span class='ocrx_word' id='word_1_270' title='bbox 701 1933 998 1992; x_wconf 83' lang='lat' dir='ltr'><strong>voluntatis</strong></span> <span class='ocrx_word' id='word_1_271' title='bbox 1043 1930 1272 1988; x_wconf 87' lang='lat' dir='ltr'><strong>arbitrio</strong></span> <span class='ocrx_word' id='word_1_272' title='bbox 1299 1928 1581 1997; x_wconf 89' lang='lat' dir='ltr'><strong>elegerunt</strong></span> <span class='ocrx_word' id='word_1_273' title='bbox 1614 1942 1625 1978; x_wconf 91' lang='lat'><strong>:</strong></span> <span class='ocrx_word' id='word_1_274' title='bbox 1658 1937 1765 1978; x_wconf 87' lang='lat' dir='ltr'><strong>non</strong></span> <span class='ocrx_word' id='word_1_275' title='bbox 1807 1927 2032 1991; x_wconf 89' lang='lat' dir='ltr'><strong>propter</strong></span> 
     </span>
    </p>
   </div>
   <div class='ocr_carea' id='block_1_35' title="bbox 440 2011 2027 2099">
    <p class='ocr_par' dir='ltr' id='par_1_35' title="bbox 440 2011 2027 2099">
     <span class='ocr_line' id='line_1_35' title="bbox 440 2011 2027 2099; baseline -0.011 -15"><span class='ocrx_word' id='word_1_276' title='bbox 440 2028 681 2084; x_wconf 87' lang='lat' dir='ltr'><strong>divinam</strong></span> <span class='ocrx_word' id='word_1_277' title='bbox 699 2023 1114 2099; x_wconf 86' lang='lat' dir='ltr'><strong>praescientiam.</strong></span> <span class='ocrx_word' id='word_1_278' title='bbox 1160 2021 1314 2090; x_wconf 83' lang='lat' dir='ltr'><strong>Quod</strong></span> <span class='ocrx_word' id='word_1_279' title='bbox 1347 2020 1391 2075; x_wconf 91' lang='lat' dir='ltr'><strong>si</strong></span> <span class='ocrx_word' id='word_1_280' title='bbox 1439 2011 2027 2090; x_wconf 84' lang='lat' dir='ltr'><strong>praescientiammalo-</strong></span> 
     </span>
    </p>
   </div>
   <div class='ocr_carea' id='block_1_36' title="bbox 443 2106 2028 2186">
    <p class='ocr_par' dir='ltr' id='par_1_36' title="bbox 443 2106 2028 2186">
     <span class='ocr_line' id='line_1_36' title="bbox 443 2106 2028 2186; baseline -0.01 -13"><span class='ocrx_word' id='word_1_281' title='bbox 443 2106 584 2185; x_wconf 83' lang='lat' dir='ltr'><strong>rum,</strong></span> <span class='ocrx_word' id='word_1_282' title='bbox 638 2134 750 2175; x_wconf 88' lang='lat' dir='ltr'><strong>nou</strong></span> <span class='ocrx_word' id='word_1_283' title='bbox 784 2125 967 2174; x_wconf 89' lang='lat' dir='ltr'><strong>autem</strong></span> <span class='ocrx_word' id='word_1_284' title='bbox 1012 2112 1548 2186; x_wconf 65' lang='lat' dir='ltr'><strong>praedestinationem</strong></span> <span class='ocrx_word' id='word_1_285' title='bbox 1586 2108 1874 2178; x_wconf 88' lang='lat' dir='ltr'><strong>quisquam</strong></span> <span class='ocrx_word' id='word_1_286' title='bbox 1906 2119 2028 2159; x_wconf 89' lang='lat' dir='ltr'><strong>esse</strong></span> 
     </span>
    </p>
   </div>
   <div class='ocr_carea' id='block_1_37' title="bbox 441 2199 2021 2279">
    <p class='ocr_par' dir='ltr' id='par_1_37' title="bbox 441 2199 2021 2279">
     <span class='ocr_line' id='line_1_37' title="bbox 441 2199 2021 2279; baseline -0.011 -12"><span class='ocrx_word' id='word_1_287' title='bbox 441 2200 803 2276; x_wconf 73' lang='lat' dir='ltr'><strong>contenderit,</strong></span> <span class='ocrx_word' id='word_1_288' title='bbox 859 2224 924 2265; x_wconf 92' lang='lat' dir='ltr'><strong>eo</strong></span> <span class='ocrx_word' id='word_1_289' title='bbox 971 2207 1114 2279; x_wconf 83' lang='lat' dir='ltr'><strong>quod</strong></span> <span class='ocrx_word' id='word_1_290' title='bbox 1145 2203 1407 2277; x_wconf 89' lang='lat' dir='ltr'><strong>quidquid</strong></span> <span class='ocrx_word' id='word_1_291' title='bbox 1439 2199 1883 2272; x_wconf 81' lang='lat' dir='ltr'><strong>praedestinatum</strong></span> <span class='ocrx_word' id='word_1_292' title='bbox 1916 2203 2021 2260; x_wconf 87' lang='lat' dir='ltr'><strong>est,</strong></span> 
     </span>
    </p>
   </div>
   <div class='ocr_carea' id='block_1_38' title="bbox 439 2288 2028 2364">
    <p class='ocr_par' dir='ltr' id='par_1_38' title="bbox 439 2288 2028 2364">
     <span class='ocr_line' id='line_1_38' title="bbox 439 2288 2028 2364; baseline -0.01 -8"><span class='ocrx_word' id='word_1_293' title='bbox 439 2291 665 2358; x_wconf 86' lang='lat' dir='ltr'><strong>necesse</strong></span> <span class='ocrx_word' id='word_1_294' title='bbox 685 2307 848 2356; x_wconf 88' lang='lat' dir='ltr'><strong>estut</strong></span> <span class='ocrx_word' id='word_1_295' title='bbox 876 2299 1000 2364; x_wconf 85' lang='lat' dir='ltr'><strong>ﬁat;</strong></span> <span class='ocrx_word' id='word_1_296' title='bbox 1033 2298 1138 2354; x_wconf 89' lang='lat' dir='ltr'><strong>hoc</strong></span> <span class='ocrx_word' id='word_1_297' title='bbox 1163 2296 1327 2352; x_wconf 91' lang='lat' dir='ltr'><strong>etiam</strong></span> <span class='ocrx_word' id='word_1_298' title='bbox 1349 2302 1403 2348; x_wconf 90' lang='lat' dir='ltr'><strong>et</strong></span> <span class='ocrx_word' id='word_1_299' title='bbox 1431 2293 1499 2348; x_wconf 91' lang='lat' dir='ltr'><strong>de</strong></span> <span class='ocrx_word' id='word_1_300' title='bbox 1528 2288 1870 2362; x_wconf 70' lang='lat' dir='ltr'><strong>praescientia</strong></span> <span class='ocrx_word' id='word_1_301' title='bbox 1898 2301 2028 2342; x_wconf 89' lang='lat' dir='ltr'><strong>sen-</strong></span> 
     </span>
    </p>
   </div>
   <div class='ocr_carea' id='block_1_39' title="bbox 434 2377 2028 2458">
    <p class='ocr_par' dir='ltr' id='par_1_39' title="bbox 434 2377 2028 2458">
     <span class='ocr_line' id='line_1_39' title="bbox 434 2377 2028 2458; baseline -0.011 -10"><span class='ocrx_word' id='word_1_302' title='bbox 434 2390 684 2452; x_wconf 82' lang='lat' dir='ltr'><strong>tiendum</strong></span> <span class='ocrx_word' id='word_1_303' title='bbox 717 2397 820 2446; x_wconf 90' lang='lat' dir='ltr'><strong>est.</strong></span> <span class='ocrx_word' id='word_1_304' title='bbox 851 2386 1124 2458; x_wconf 90' lang='lat' dir='ltr'><strong>Quidquid</strong></span> <span class='ocrx_word' id='word_1_305' title='bbox 1172 2385 1317 2442; x_wconf 91' lang='lat' dir='ltr'><strong>enim</strong></span> <span class='ocrx_word' id='word_1_306' title='bbox 1347 2382 1564 2455; x_wconf 83' lang='lat' dir='ltr'><strong>praescit</strong></span> <span class='ocrx_word' id='word_1_307' title='bbox 1597 2381 1758 2445; x_wconf 89' lang='lat' dir='ltr'><strong>Deus,</strong></span> <span class='ocrx_word' id='word_1_308' title='bbox 1786 2377 2028 2433; x_wconf 84' lang='lat' dir='ltr'><strong>futurum</strong></span> 
     </span>
    </p>
   </div>
   <div class='ocr_carea' id='block_1_40' title="bbox 439 2471 2030 2547">
    <p class='ocr_par' dir='ltr' id='par_1_40' title="bbox 439 2471 2030 2547">
     <span class='ocr_line' id='line_1_40' title="bbox 439 2471 2030 2547; baseline -0.01 -8"><span class='ocrx_word' id='word_1_309' title='bbox 439 2486 558 2540; x_wconf 88' lang='lat' dir='ltr'><strong>sine</strong></span> <span class='ocrx_word' id='word_1_310' title='bbox 599 2482 764 2539; x_wconf 89' lang='lat' dir='ltr'><strong>dubio</strong></span> <span class='ocrx_word' id='word_1_311' title='bbox 810 2480 938 2547; x_wconf 89' lang='lat' dir='ltr'><strong>erit,</strong></span> <span class='ocrx_word' id='word_1_312' title='bbox 966 2495 1067 2537; x_wconf 88' lang='lat' dir='ltr'><strong>nec</strong></span> <span class='ocrx_word' id='word_1_313' title='bbox 1092 2479 1251 2534; x_wconf 84' lang='lat' dir='ltr'><strong>aliter</strong></span> <span class='ocrx_word' id='word_1_314' title='bbox 1283 2476 1389 2534; x_wconf 90' lang='lat' dir='ltr'><strong>erit</strong></span> <span class='ocrx_word' id='word_1_315' title='bbox 1417 2471 1868 2547; x_wconf 90' lang='lat' dir='ltr'><strong>quemadmodum</strong></span> <span class='ocrx_word' id='word_1_316' title='bbox 1893 2483 2030 2541; x_wconf 76' lang='lat' dir='ltr'><strong>prte-</strong></span> 
     </span>
    </p>
   </div>
   <div class='ocr_carea' id='block_1_41' title="bbox 438 2560 2030 2644">
    <p class='ocr_par' dir='ltr' id='par_1_41' title="bbox 438 2560 2030 2644">
     <span class='ocr_line' id='line_1_41' title="bbox 438 2560 2030 2644; baseline -0.01 -14"><span class='ocrx_word' id='word_1_317' title='bbox 438 2573 637 2632; x_wconf 86' lang='lat' dir='ltr'><strong>scitum</strong></span> <span class='ocrx_word' id='word_1_318' title='bbox 666 2580 771 2640; x_wconf 90' lang='lat' dir='ltr'><strong>est,</strong></span> <span class='ocrx_word' id='word_1_319' title='bbox 804 2571 1061 2644; x_wconf 90' lang='lat' dir='ltr'><strong>quoniam</strong></span> <span class='ocrx_word' id='word_1_320' title='bbox 1089 2571 1137 2626; x_wconf 91' lang='lat' dir='ltr'><strong>si</strong></span> <span class='ocrx_word' id='word_1_321' title='bbox 1183 2584 1311 2624; x_wconf 89' lang='lat' dir='ltr'><strong>vera</strong></span> <span class='ocrx_word' id='word_1_322' title='bbox 1350 2575 1456 2634; x_wconf 91' lang='lat' dir='ltr'><strong>est,</strong></span> <span class='ocrx_word' id='word_1_323' title='bbox 1477 2562 1820 2637; x_wconf 78' lang='lat' dir='ltr'><strong>praescientia</strong></span> <span class='ocrx_word' id='word_1_324' title='bbox 1849 2569 1955 2626; x_wconf 90' lang='lat' dir='ltr'><strong>est,</strong></span> <span class='ocrx_word' id='word_1_325' title='bbox 1983 2560 2030 2615; x_wconf 91' lang='lat' dir='ltr'><strong>si</strong></span> 
     </span>
    </p>
   </div>
   <div class='ocr_carea' id='block_1_42' title="bbox 436 2651 2033 2733">
    <p class='ocr_par' dir='ltr' id='par_1_42' title="bbox 436 2651 2033 2733">
     <span class='ocr_line' id='line_1_42' title="bbox 436 2651 2033 2733; baseline -0.009 -13"><span class='ocrx_word' id='word_1_326' title='bbox 436 2680 568 2722; x_wconf 89' lang='lat' dir='ltr'><strong>vero</strong></span> <span class='ocrx_word' id='word_1_327' title='bbox 581 2681 689 2722; x_wconf 93' lang='lat' dir='ltr'><strong>non</strong></span> <span class='ocrx_word' id='word_1_328' title='bbox 701 2672 788 2722; x_wconf 90' lang='lat' dir='ltr'><strong>est</strong></span> <span class='ocrx_word' id='word_1_329' title='bbox 803 2679 956 2730; x_wconf 88' lang='lat' dir='ltr'><strong>vera,</strong></span> <span class='ocrx_word' id='word_1_330' title='bbox 980 2679 1087 2719; x_wconf 91' lang='lat' dir='ltr'><strong>non</strong></span> <span class='ocrx_word' id='word_1_331' title='bbox 1107 2670 1192 2718; x_wconf 92' lang='lat' dir='ltr'><strong>est</strong></span> <span class='ocrx_word' id='word_1_332' title='bbox 1203 2659 1568 2733; x_wconf 71' lang='lat' dir='ltr'><strong>praescientia.</strong></span> <span class='ocrx_word' id='word_1_333' title='bbox 1589 2657 1706 2724; x_wconf 90' lang='lat' dir='ltr'><strong>Qua</strong></span> <span class='ocrx_word' id='word_1_334' title='bbox 1723 2656 1788 2711; x_wconf 89' lang='lat' dir='ltr'><strong>de</strong></span> <span class='ocrx_word' id='word_1_335' title='bbox 1803 2670 1862 2710; x_wconf 91' lang='lat' dir='ltr'><strong>re</strong></span> <span class='ocrx_word' id='word_1_336' title='bbox 1882 2651 2033 2722; x_wconf 85' lang='lat' dir='ltr'><strong>quid-</strong></span> 
     </span>
    </p>
   </div>
   <div class='ocr_carea' id='block_1_43' title="bbox 437 2745 2031 2830">
    <p class='ocr_par' dir='ltr' id='par_1_43' title="bbox 437 2745 2031 2830">
     <span class='ocr_line' id='line_1_43' title="bbox 437 2745 2031 2830; baseline -0.009 -15"><span class='ocrx_word' id='word_1_337' title='bbox 437 2759 568 2830; x_wconf 88' lang='lat' dir='ltr'><strong>quid</strong></span> <span class='ocrx_word' id='word_1_338' title='bbox 607 2758 752 2815; x_wconf 88' lang='lat' dir='ltr'><strong>Deus</strong></span> <span class='ocrx_word' id='word_1_339' title='bbox 775 2755 993 2829; x_wconf 84' lang='lat' dir='ltr'><strong>praescit</strong></span> <span class='ocrx_word' id='word_1_340' title='bbox 1028 2755 1336 2812; x_wconf 84' lang='lat' dir='ltr'><strong>faciendum</strong></span> <span class='ocrx_word' id='word_1_341' title='bbox 1367 2753 1474 2808; x_wconf 90' lang='lat' dir='ltr'><strong>erit</strong></span> <span class='ocrx_word' id='word_1_342' title='bbox 1498 2751 1615 2808; x_wconf 90' lang='lat' dir='ltr'><strong>sine</strong></span> <span class='ocrx_word' id='word_1_343' title='bbox 1647 2749 1833 2814; x_wconf 91' lang='lat' dir='ltr'><strong>dubio,</strong></span> <span class='ocrx_word' id='word_1_344' title='bbox 1859 2755 1913 2802; x_wconf 89' lang='lat' dir='ltr'><strong>et</strong></span> <span class='ocrx_word' id='word_1_345' title='bbox 1953 2745 2031 2801; x_wconf 90' lang='lat' dir='ltr'><strong>sic</strong></span> 
     </span>
    </p>
   </div>
   <div class='ocr_carea' id='block_1_44' title="bbox 441 2847 2032 2922">
    <p class='ocr_par' dir='ltr' id='par_1_44' title="bbox 441 2847 2032 2922">
     <span class='ocr_line' id='line_1_44' title="bbox 441 2847 2032 2922; baseline -0.006 -17"><span class='ocrx_word' id='word_1_346' title='bbox 441 2851 550 2907; x_wconf 87' lang='lat' dir='ltr'><strong>erit</strong></span> <span class='ocrx_word' id='word_1_347' title='bbox 589 2850 1046 2922; x_wconf 86' lang='lat' dir='ltr'><strong>quemadmodum</strong></span> <span class='ocrx_word' id='word_1_348' title='bbox 1092 2849 1397 2921; x_wconf 64' lang='lat' dir='ltr'><strong>praescilur.</strong></span> <span class='ocrx_word' id='word_1_349' title='bbox 1425 2847 1597 2915; x_wconf 89' lang='lat' dir='ltr'><strong>Quem</strong></span> <span class='ocrx_word' id='word_1_350' title='bbox 1629 2857 1865 2914; x_wconf 89' lang='lat' dir='ltr'><strong>namque</strong></span> <span class='ocrx_word' id='word_1_351' title='bbox 1894 2855 2032 2912; x_wconf 59' lang='lat' dir='ltr'><strong>prat-</strong></span> 
     </span>
    </p>
   </div>
   <div class='ocr_carea' id='block_1_45' title="bbox 437 2932 2030 3006">
    <p class='ocr_par' dir='ltr' id='par_1_45' title="bbox 437 2932 2030 3006">
     <span class='ocr_line' id='line_1_45' title="bbox 437 2932 2030 3006; baseline -0.008 -6"><span class='ocrx_word' id='word_1_352' title='bbox 437 2943 544 3000; x_wconf 87' lang='lat' dir='ltr'><strong>scit</strong></span> <span class='ocrx_word' id='word_1_353' title='bbox 594 2943 662 2999; x_wconf 87' lang='lat' dir='ltr'><strong>de</strong></span> <span class='ocrx_word' id='word_1_354' title='bbox 697 2957 930 2998; x_wconf 89' lang='lat' dir='ltr'><strong>numero</strong></span> <span class='ocrx_word' id='word_1_355' title='bbox 963 2941 1263 2998; x_wconf 89' lang='lat' dir='ltr'><strong>electorum</strong></span> <span class='ocrx_word' id='word_1_356' title='bbox 1305 2955 1451 3006; x_wconf 91' lang='lat' dir='ltr'><strong>esse,</strong></span> <span class='ocrx_word' id='word_1_357' title='bbox 1495 2938 1542 2994; x_wconf 91' lang='lat' dir='ltr'><strong>is</strong></span> <span class='ocrx_word' id='word_1_358' title='bbox 1572 2936 1680 2993; x_wconf 89' lang='lat' dir='ltr'><strong>erit</strong></span> <span class='ocrx_word' id='word_1_359' title='bbox 1721 2935 1840 2991; x_wconf 90' lang='lat' dir='ltr'><strong>sine</strong></span> <span class='ocrx_word' id='word_1_360' title='bbox 1865 2932 2030 2989; x_wconf 87' lang='lat' dir='ltr'><strong>dubio</strong></span> 
     </span>
    </p>
   </div>
   <div class='ocr_carea' id='block_1_46' title="bbox 436 3026 2029 3107">
    <p class='ocr_par' dir='ltr' id='par_1_46' title="bbox 436 3026 2029 3107">
     <span class='ocr_line' id='line_1_46' title="bbox 436 3026 2029 3107; baseline -0.008 -15"><span class='ocrx_word' id='word_1_361' title='bbox 436 3034 644 3092; x_wconf 88' lang='lat' dir='ltr'><strong>electus</strong></span> <span class='ocrx_word' id='word_1_362' title='bbox 676 3053 689 3091; x_wconf 91' lang='lat'>:</span> <span class='ocrx_word' id='word_1_363' title='bbox 721 3050 884 3107; x_wconf 90' lang='lat' dir='ltr'><strong>quem</strong></span> <span class='ocrx_word' id='word_1_364' title='bbox 908 3049 1039 3090; x_wconf 89' lang='lat' dir='ltr'><strong>vero</strong></span> <span class='ocrx_word' id='word_1_365' title='bbox 1064 3034 1281 3106; x_wconf 78' lang='lat' dir='ltr'><strong>praescit</strong></span> <span class='ocrx_word' id='word_1_366' title='bbox 1302 3033 1370 3088; x_wconf 87' lang='lat' dir='ltr'><strong>de</strong></span> <span class='ocrx_word' id='word_1_367' title='bbox 1396 3045 1627 3087; x_wconf 88' lang='lat' dir='ltr'><strong>numero</strong></span> <span class='ocrx_word' id='word_1_368' title='bbox 1652 3026 2029 3098; x_wconf 88' lang='lat' dir='ltr'><strong>reproborum,</strong></span> 
     </span>
    </p>
   </div>
   <div class='ocr_carea' id='block_1_47' title="bbox 437 3121 2031 3200">
    <p class='ocr_par' dir='ltr' id='par_1_47' title="bbox 437 3121 2031 3200">
     <span class='ocr_line' id='line_1_47' title="bbox 437 3121 2031 3200; baseline -0.008 -15"><span class='ocrx_word' id='word_1_369' title='bbox 437 3129 546 3185; x_wconf 87' lang='lat' dir='ltr'><strong>erit</strong></span> <span class='ocrx_word' id='word_1_370' title='bbox 596 3127 716 3185; x_wconf 84' lang='lat' dir='ltr'><strong>sine</strong></span> <span class='ocrx_word' id='word_1_371' title='bbox 761 3127 925 3185; x_wconf 90' lang='lat' dir='ltr'><strong>dubio</strong></span> <span class='ocrx_word' id='word_1_372' title='bbox 967 3129 1250 3200; x_wconf 89' lang='lat' dir='ltr'><strong>reprobus.</strong></span> <span class='ocrx_word' id='word_1_373' title='bbox 1309 3126 1650 3197; x_wconf 87' lang='lat' dir='ltr'><strong>Quapropter</strong></span> <span class='ocrx_word' id='word_1_374' title='bbox 1693 3121 1950 3192; x_wconf 91' lang='lat' dir='ltr'><strong>quoniam</strong></span> <span class='ocrx_word' id='word_1_375' title='bbox 1976 3126 2031 3176; x_wconf 90' lang='lat' dir='ltr'><strong>et</strong></span> 
     </span>
    </p>
   </div>
   <div class='ocr_carea' id='block_1_48' title="bbox 437 3207 2108 3293">
    <p class='ocr_par' dir='ltr' id='par_1_48' title="bbox 437 3207 2108 3293">
     <span class='ocr_line' id='line_1_48' title="bbox 437 3207 2108 3293; baseline -0.006 -13"><span class='ocrx_word' id='word_1_376' title='bbox 437 3225 543 3282; x_wconf 87' lang='lat' dir='ltr'><strong>hos</strong></span> <span class='ocrx_word' id='word_1_377' title='bbox 595 3233 652 3281; x_wconf 91' lang='lat' dir='ltr'><strong>et</strong></span> <span class='ocrx_word' id='word_1_378' title='bbox 679 3223 801 3280; x_wconf 90' lang='lat' dir='ltr'><strong>illos</strong></span> <span class='ocrx_word' id='word_1_379' title='bbox 820 3221 933 3293; x_wconf 87' lang='lat' dir='ltr'><strong>jam</strong></span> <span class='ocrx_word' id='word_1_380' title='bbox 964 3225 1085 3288; x_wconf 88' lang='lat' dir='ltr'><strong>scit,</strong></span> <span class='ocrx_word' id='word_1_381' title='bbox 1121 3232 1177 3279; x_wconf 91' lang='lat' dir='ltr'><strong>et</strong></span> <span class='ocrx_word' id='word_1_382' title='bbox 1219 3223 1287 3279; x_wconf 90' lang='lat' dir='ltr'><strong>ab</strong></span> <span class='ocrx_word' id='word_1_383' title='bbox 1335 3221 1489 3276; x_wconf 91' lang='lat' dir='ltr'><strong>initio</strong></span> <span class='ocrx_word' id='word_1_384' title='bbox 1517 3217 1700 3276; x_wconf 69' lang='lat' dir='ltr'><strong>saeculi</strong></span> <span class='ocrx_word' id='word_1_385' title='bbox 1734 3215 2029 3289; x_wconf 69' lang='lat' dir='ltr'><strong>prmscivit,</strong></span> <span class='ocrx_word' id='word_1_386' title='bbox 2061 3207 2108 3270; x_wconf 90' lang='lat' dir='ltr'>C</span> 
     </span>
    </p>
   </div>
   <div class='ocr_carea' id='block_1_49' title="bbox 437 3305 2032 3384">
    <p class='ocr_par' dir='ltr' id='par_1_49' title="bbox 437 3305 2032 3384">
     <span class='ocr_line' id='line_1_49' title="bbox 437 3305 2032 3384; baseline -0.006 -14"><span class='ocrx_word' id='word_1_387' title='bbox 437 3314 517 3370; x_wconf 90' lang='lat' dir='ltr'><strong>illi</strong></span> <span class='ocrx_word' id='word_1_388' title='bbox 543 3322 705 3370; x_wconf 87' lang='lat' dir='ltr'><strong>erunt</strong></span> <span class='ocrx_word' id='word_1_389' title='bbox 753 3313 933 3380; x_wconf 90' lang='lat' dir='ltr'><strong>electi,</strong></span> <span class='ocrx_word' id='word_1_390' title='bbox 964 3328 1100 3384; x_wconf 83' lang='lat' dir='ltr'><strong>quos</strong></span> <span class='ocrx_word' id='word_1_391' title='bbox 1125 3312 1327 3370; x_wconf 90' lang='lat' dir='ltr'><strong>electos</strong></span> <span class='ocrx_word' id='word_1_392' title='bbox 1365 3325 1488 3367; x_wconf 87' lang='lat' dir='ltr'><strong>esse</strong></span> <span class='ocrx_word' id='word_1_393' title='bbox 1532 3307 1826 3381; x_wconf 78' lang='lat' dir='ltr'><strong>praescivit,</strong></span> <span class='ocrx_word' id='word_1_394' title='bbox 1871 3315 1927 3362; x_wconf 89' lang='lat' dir='ltr'><strong>et</strong></span> <span class='ocrx_word' id='word_1_395' title='bbox 1957 3305 2032 3362; x_wconf 87' lang='lat' dir='ltr'><strong>illi</strong></span> 
     </span>
    </p>
   </div>
   <div class='ocr_carea' id='block_1_50' title="bbox 441 3401 2034 3479">
    <p class='ocr_par' dir='ltr' id='par_1_50' title="bbox 441 3401 2034 3479">
     <span class='ocr_line' id='line_1_50' title="bbox 441 3401 2034 3479; baseline -0.007 -16"><span class='ocrx_word' id='word_1_396' title='bbox 441 3407 690 3479; x_wconf 86' lang='lat' dir='ltr'><strong>reprobi,</strong></span> <span class='ocrx_word' id='word_1_397' title='bbox 721 3423 857 3479; x_wconf 91' lang='lat' dir='ltr'><strong>quos</strong></span> <span class='ocrx_word' id='word_1_398' title='bbox 887 3406 1138 3463; x_wconf 88' lang='lat' dir='ltr'><strong>similiter</strong></span> <span class='ocrx_word' id='word_1_399' title='bbox 1189 3405 1447 3478; x_wconf 90' lang='lat' dir='ltr'><strong>reprobos</strong></span> <span class='ocrx_word' id='word_1_400' title='bbox 1496 3418 1618 3460; x_wconf 88' lang='lat' dir='ltr'><strong>esse</strong></span> <span class='ocrx_word' id='word_1_401' title='bbox 1644 3401 1942 3474; x_wconf 68' lang='lat' dir='ltr'><strong>praescivit,</strong></span> <span class='ocrx_word' id='word_1_402' title='bbox 1979 3409 2034 3454; x_wconf 85' lang='lat' dir='ltr'><strong>et</strong></span> 
     </span>
    </p>
   </div>
   <div class='ocr_carea' id='block_1_51' title="bbox 439 3494 2032 3570">
    <p class='ocr_par' dir='ltr' id='par_1_51' title="bbox 439 3494 2032 3570">
     <span class='ocr_line' id='line_1_51' title="bbox 439 3494 2032 3570; baseline -0.006 -12"><span class='ocrx_word' id='word_1_403' title='bbox 439 3502 558 3558; x_wconf 91' lang='lat' dir='ltr'><strong>noti</strong></span> <span class='ocrx_word' id='word_1_404' title='bbox 579 3509 705 3558; x_wconf 87' lang='lat' dir='ltr'><strong>sunt</strong></span> <span class='ocrx_word' id='word_1_405' title='bbox 729 3501 862 3566; x_wconf 90' lang='lat' dir='ltr'><strong>Deo,</strong></span> <span class='ocrx_word' id='word_1_406' title='bbox 886 3509 942 3557; x_wconf 92' lang='lat' dir='ltr'><strong>et</strong></span> <span class='ocrx_word' id='word_1_407' title='bbox 975 3499 1032 3556; x_wconf 91' lang='lat' dir='ltr'><strong>hi</strong></span> <span class='ocrx_word' id='word_1_408' title='bbox 1054 3514 1110 3556; x_wconf 86' lang='lat' dir='ltr'><strong>et</strong></span> <span class='ocrx_word' id='word_1_409' title='bbox 1127 3499 1226 3557; x_wconf 90' lang='lat' dir='ltr'><strong>illi.</strong></span> <span class='ocrx_word' id='word_1_410' title='bbox 1250 3500 1365 3568; x_wconf 89' lang='lat' dir='ltr'><strong>Qua</strong></span> <span class='ocrx_word' id='word_1_411' title='bbox 1383 3499 1449 3556; x_wconf 88' lang='lat' dir='ltr'><strong>de</strong></span> <span class='ocrx_word' id='word_1_412' title='bbox 1472 3513 1531 3555; x_wconf 90' lang='lat' dir='ltr'><strong>re</strong></span> <span class='ocrx_word' id='word_1_413' title='bbox 1556 3497 1602 3554; x_wconf 91' lang='lat' dir='ltr'><strong>si</strong></span> <span class='ocrx_word' id='word_1_414' title='bbox 1626 3494 2032 3570; x_wconf 68' lang='lat' dir='ltr'><strong>praedestinatio</strong></span> 
     </span>
    </p>
   </div>
   <div class='ocr_carea' id='block_1_52' title="bbox 439 3587 2031 3665">
    <p class='ocr_par' dir='ltr' id='par_1_52' title="bbox 439 3587 2031 3665">
     <span class='ocr_line' id='line_1_52' title="bbox 439 3587 2031 3665; baseline -0.004 -16"><span class='ocrx_word' id='word_1_415' title='bbox 439 3601 728 3665; x_wconf 88' lang='lat' dir='ltr'><strong>propterea</strong></span> <span class='ocrx_word' id='word_1_416' title='bbox 761 3592 1076 3664; x_wconf 83' lang='lat' dir='ltr'><strong>refugienda</strong></span> <span class='ocrx_word' id='word_1_417' title='bbox 1106 3599 1209 3658; x_wconf 91' lang='lat' dir='ltr'><strong>est,</strong></span> <span class='ocrx_word' id='word_1_418' title='bbox 1238 3592 1366 3662; x_wconf 92' lang='lat' dir='ltr'><strong>quia</strong></span> <span class='ocrx_word' id='word_1_419' title='bbox 1384 3590 1647 3662; x_wconf 88' lang='lat' dir='ltr'><strong>quidquid</strong></span> <span class='ocrx_word' id='word_1_420' title='bbox 1672 3587 2031 3660; x_wconf 68' lang='lat' dir='ltr'><strong>praedestina-</strong></span> 
     </span>
    </p>
   </div>
   <div class='ocr_carea' id='block_1_53' title="bbox 445 3680 2028 3754">
    <p class='ocr_par' dir='ltr' id='par_1_53' title="bbox 445 3680 2028 3754">
     <span class='ocr_line' id='line_1_53' title="bbox 445 3680 2028 3754; baseline -0.003 -16"><span class='ocrx_word' id='word_1_421' title='bbox 445 3691 558 3739; x_wconf 90' lang='lat' dir='ltr'><strong>tum</strong></span> <span class='ocrx_word' id='word_1_422' title='bbox 587 3692 672 3740; x_wconf 88' lang='lat' dir='ltr'><strong>est</strong></span> <span class='ocrx_word' id='word_1_423' title='bbox 703 3682 1042 3740; x_wconf 89' lang='lat' dir='ltr'><strong>immutabile</strong></span> <span class='ocrx_word' id='word_1_424' title='bbox 1073 3691 1180 3750; x_wconf 90' lang='lat' dir='ltr'><strong>est,</strong></span> <span class='ocrx_word' id='word_1_425' title='bbox 1210 3681 1525 3754; x_wconf 80' lang='lat' dir='ltr'><strong>refugienda</strong></span> <span class='ocrx_word' id='word_1_426' title='bbox 1551 3680 1896 3752; x_wconf 78' lang='lat' dir='ltr'><strong>praescientia</strong></span> <span class='ocrx_word' id='word_1_427' title='bbox 1923 3688 2028 3744; x_wconf 92' lang='lat' dir='ltr'><strong>est,</strong></span> 
     </span>
    </p>
   </div>
   <div class='ocr_carea' id='block_1_54' title="bbox 439 3773 2031 3850">
    <p class='ocr_par' dir='ltr' id='par_1_54' title="bbox 439 3773 2031 3850">
     <span class='ocr_line' id='line_1_54' title="bbox 439 3773 2031 3850; baseline 0 -19"><span class='ocrx_word' id='word_1_428' title='bbox 439 3777 569 3846; x_wconf 88' lang='lat' dir='ltr'><strong>quia</strong></span> <span class='ocrx_word' id='word_1_429' title='bbox 593 3774 854 3850; x_wconf 88' lang='lat' dir='ltr'><strong>quidquid</strong></span> <span class='ocrx_word' id='word_1_430' title='bbox 883 3777 1197 3848; x_wconf 65' lang='lat' dir='ltr'><strong>praescitum</strong></span> <span class='ocrx_word' id='word_1_431' title='bbox 1245 3783 1332 3832; x_wconf 91' lang='lat' dir='ltr'><strong>est</strong></span> <span class='ocrx_word' id='word_1_432' title='bbox 1375 3773 1713 3831; x_wconf 86' lang='lat' dir='ltr'><strong>immutabile</strong></span> <span class='ocrx_word' id='word_1_433' title='bbox 1741 3781 1842 3830; x_wconf 89' lang='lat' dir='ltr'><strong>est.</strong></span> <span class='ocrx_word' id='word_1_434' title='bbox 1874 3775 2031 3841; x_wconf 89' lang='lat' dir='ltr'><strong>Quod</strong></span> 
     </span>
    </p>
   </div>
   <div class='ocr_carea' id='block_1_55' title="bbox 443 3867 2033 3940">
    <p class='ocr_par' dir='ltr' id='par_1_55' title="bbox 443 3867 2033 3940">
     <span class='ocr_line' id='line_1_55' title="bbox 443 3867 2033 3940; baseline 0.001 -18"><span class='ocrx_word' id='word_1_435' title='bbox 443 3867 488 3923; x_wconf 88' lang='lat' dir='ltr'><strong>si</strong></span> <span class='ocrx_word' id='word_1_436' title='bbox 515 3869 858 3940; x_wconf 70' lang='lat' dir='ltr'><strong>prteSCientia</strong></span> <span class='ocrx_word' id='word_1_437' title='bbox 889 3868 1304 3925; x_wconf 85' lang='lat' dir='ltr'><strong>omniscientem</strong></span> <span class='ocrx_word' id='word_1_438' title='bbox 1349 3868 1446 3923; x_wconf 92' lang='lat' dir='ltr'><strong>Dei</strong></span> <span class='ocrx_word' id='word_1_439' title='bbox 1496 3867 1861 3938; x_wconf 80' lang='lat' dir='ltr'><strong>cognitionem</strong></span> <span class='ocrx_word' id='word_1_440' title='bbox 1901 3869 2033 3923; x_wconf 53' lang='lat' dir='ltr'><strong>insi-</strong></span> 
     </span>
    </p>
   </div>
   <div class='ocr_carea' id='block_1_56' title="bbox 442 3958 2033 4034">
    <p class='ocr_par' dir='ltr' id='par_1_56' title="bbox 442 3958 2033 4034">
     <span class='ocr_line' id='line_1_56' title="bbox 442 3958 2033 4034; baseline 0.001 -21"><span class='ocrx_word' id='word_1_441' title='bbox 442 3967 596 4023; x_wconf 91' lang='lat' dir='ltr'><strong>nuat,</strong></span> <span class='ocrx_word' id='word_1_442' title='bbox 650 3976 758 4016; x_wconf 92' lang='lat' dir='ltr'><strong>non</strong></span> <span class='ocrx_word' id='word_1_443' title='bbox 807 3968 990 4017; x_wconf 87' lang='lat' dir='ltr'><strong>autem</strong></span> <span class='ocrx_word' id='word_1_444' title='bbox 1038 3959 1274 4030; x_wconf 88' lang='lat' dir='ltr'><strong>aliquem</strong></span> <span class='ocrx_word' id='word_1_445' title='bbox 1329 3960 1396 4015; x_wconf 89' lang='lat' dir='ltr'><strong>ad</strong></span> <span class='ocrx_word' id='word_1_446' title='bbox 1442 3969 1726 4034; x_wconf 89' lang='lat' dir='ltr'><strong>peccatum</strong></span> <span class='ocrx_word' id='word_1_447' title='bbox 1781 3958 1947 4031; x_wconf 84' lang='lat' dir='ltr'><strong>cogit,</strong></span> <span class='ocrx_word' id='word_1_448' title='bbox 1979 3968 2033 4014; x_wconf 89' lang='lat' dir='ltr'><strong>et</strong></span> 
     </span>
    </p>
   </div>
   <div class='ocr_carea' id='block_1_57' title="bbox 438 4051 2028 4126">
    <p class='ocr_par' dir='ltr' id='par_1_57' title="bbox 438 4051 2028 4126">
     <span class='ocr_line' id='line_1_57' title="bbox 438 4051 2028 4126; baseline 0 -19"><span class='ocrx_word' id='word_1_449' title='bbox 438 4051 850 4119; x_wconf 81' lang='lat' dir='ltr'><strong>praedestinatio</strong></span> <span class='ocrx_word' id='word_1_450' title='bbox 893 4069 1121 4126; x_wconf 88' lang='lat' dir='ltr'><strong>operum</strong></span> <span class='ocrx_word' id='word_1_451' title='bbox 1159 4054 1469 4110; x_wconf 86' lang='lat' dir='ltr'><strong>divinorum</strong></span> <span class='ocrx_word' id='word_1_452' title='bbox 1513 4053 2028 4125; x_wconf 68' lang='lat' dir='ltr'><strong>praeordinationem</strong></span> 
     </span>
    </p>
   </div>
   <div class='ocr_carea' id='block_1_58' title="bbox 439 4145 2033 4220">
    <p class='ocr_par' dir='ltr' id='par_1_58' title="bbox 439 4145 2033 4220">
     <span class='ocr_line' id='line_1_58' title="bbox 439 4145 2033 4220; baseline 0.003 -23"><span class='ocrx_word' id='word_1_453' title='bbox 439 4152 498 4198; x_wconf 89' lang='lat' dir='ltr'><strong>et</strong></span> <span class='ocrx_word' id='word_1_454' title='bbox 521 4146 975 4216; x_wconf 84' lang='lat' dir='ltr'><strong>praeparationem</strong></span> <span class='ocrx_word' id='word_1_455' title='bbox 996 4145 1286 4220; x_wconf 81' lang='lat' dir='ltr'><strong>signiﬁcat,</strong></span> <span class='ocrx_word' id='word_1_456' title='bbox 1313 4145 1518 4202; x_wconf 92' lang='lat' dir='ltr'><strong>nullum</strong></span> <span class='ocrx_word' id='word_1_457' title='bbox 1542 4154 1722 4202; x_wconf 90' lang='lat' dir='ltr'><strong>autem</strong></span> <span class='ocrx_word' id='word_1_458' title='bbox 1752 4147 1820 4202; x_wconf 90' lang='lat' dir='ltr'><strong>ad</strong></span> <span class='ocrx_word' id='word_1_459' title='bbox 1841 4159 2033 4217; x_wconf 66' lang='lat' dir='ltr'><strong>poenas</strong></span> 
     </span>
    </p>
   </div>
   <div class='ocr_carea' id='block_1_59' title="bbox 442 4215 2065 4311">
    <p class='ocr_par' dir='ltr' id='par_1_59' title="bbox 442 4215 2065 4311">
     <span class='ocr_line' id='line_1_59' title="bbox 442 4215 2065 4311; baseline 0.002 -21"><span class='ocrx_word' id='word_1_460' title='bbox 442 4234 694 4306; x_wconf 88' lang='lat' dir='ltr'><strong>impellit,</strong></span> <span class='ocrx_word' id='word_1_461' title='bbox 725 4253 835 4295; x_wconf 90' lang='lat' dir='ltr'><strong>non</strong></span> <span class='ocrx_word' id='word_1_462' title='bbox 862 4247 945 4295; x_wconf 88' lang='lat' dir='ltr'><strong>est</strong></span> <span class='ocrx_word' id='word_1_463' title='bbox 973 4215 1073 4295; x_wconf 73' lang='lat' dir='ltr'><strong>cur</strong></span> <span class='ocrx_word' id='word_1_464' title='bbox 1093 4238 1432 4311; x_wconf 63' lang='lat' dir='ltr'><strong>praescientia</strong></span> <span class='ocrx_word' id='word_1_465' title='bbox 1471 4237 1787 4309; x_wconf 82' lang='lat' dir='ltr'><strong>recipiatur,</strong></span> <span class='ocrx_word' id='word_1_466' title='bbox 1822 4215 1876 4292; x_wconf 78' lang='lat' dir='ltr'><strong>et</strong></span> <span class='ocrx_word' id='word_1_467' title='bbox 1896 4253 2034 4308; x_wconf 80' lang='lat' dir='ltr'><strong>prae-</strong></span> <span class='ocrx_word' id='word_1_468' title='bbox 2060 4215 2065 4222; x_wconf 49' lang='grc'><em>’</em></span> 
     </span>
    </p>
   </div>
   <div class='ocr_carea' id='block_1_60' title="bbox 443 4326 2034 4402">
    <p class='ocr_par' dir='ltr' id='par_1_60' title="bbox 443 4326 2034 4402">
     <span class='ocr_line' id='line_1_60' title="bbox 443 4326 2034 4402; baseline 0 -19"><span class='ocrx_word' id='word_1_469' title='bbox 443 4326 742 4386; x_wconf 85' lang='lat' dir='ltr'><strong>destinatio</strong></span> <span class='ocrx_word' id='word_1_470' title='bbox 769 4331 1069 4389; x_wconf 88' lang='lat' dir='ltr'><strong>abdicetur.</strong></span> <span class='ocrx_word' id='word_1_471' title='bbox 1118 4329 1275 4388; x_wconf 90' lang='lat' dir='ltr'><strong>Sicut</strong></span> <span class='ocrx_word' id='word_1_472' title='bbox 1325 4331 1469 4388; x_wconf 88' lang='lat' dir='ltr'><strong>enim</strong></span> <span class='ocrx_word' id='word_1_473' title='bbox 1504 4331 1653 4402; x_wconf 90' lang='lat' dir='ltr'><strong>pium</strong></span> <span class='ocrx_word' id='word_1_474' title='bbox 1705 4340 1868 4400; x_wconf 74' lang='lat' dir='ltr'><strong>atque</strong></span> <span class='ocrx_word' id='word_1_475' title='bbox 1908 4328 2034 4385; x_wconf 89' lang='lat' dir='ltr'><strong>reli-</strong></span> 
     </span>
    </p>
   </div>
   <div class='ocr_carea' id='block_1_61' title="bbox 443 4416 2035 4495">
    <p class='ocr_par' dir='ltr' id='par_1_61' title="bbox 443 4416 2035 4495">
     <span class='ocr_line' id='line_1_61' title="bbox 443 4416 2035 4495; baseline 0.001 -21"><span class='ocrx_word' id='word_1_476' title='bbox 443 4416 658 4491; x_wconf 79' lang='lat' dir='ltr'><strong>giosum</strong></span> <span class='ocrx_word' id='word_1_477' title='bbox 681 4431 768 4479; x_wconf 81' lang='lat' dir='ltr'><strong>est</strong></span> <span class='ocrx_word' id='word_1_478' title='bbox 801 4423 868 4481; x_wconf 89' lang='lat' dir='ltr'><strong>de</strong></span> <span class='ocrx_word' id='word_1_479' title='bbox 893 4423 1005 4480; x_wconf 83' lang='lat' dir='ltr'><strong>Deo</strong></span> <span class='ocrx_word' id='word_1_480' title='bbox 1029 4423 1200 4490; x_wconf 86' lang='lat' dir='ltr'><strong>credi,</strong></span> <span class='ocrx_word' id='word_1_481' title='bbox 1229 4423 1371 4495; x_wconf 90' lang='lat' dir='ltr'><strong>quod</strong></span> <span class='ocrx_word' id='word_1_482' title='bbox 1409 4441 1427 4474; x_wconf 74' lang='grc' dir='ltr'><strong>ι</strong></span> <span class='ocrx_word' id='word_1_483' title='bbox 1469 4422 1619 4479; x_wconf 90' lang='lat' dir='ltr'><strong>novit</strong></span> <span class='ocrx_word' id='word_1_484' title='bbox 1649 4421 1831 4477; x_wconf 90' lang='lat' dir='ltr'><strong>omnia</strong></span> <span class='ocrx_word' id='word_1_485' title='bbox 1858 4421 2035 4492; x_wconf 83' lang='lat' dir='ltr'><strong>prius-</strong></span> 
     </span>
    </p>
   </div>
   <div class='ocr_carea' id='block_1_62' title="bbox 439 4511 2034 4588">
    <p class='ocr_par' dir='ltr' id='par_1_62' title="bbox 439 4511 2034 4588">
     <span class='ocr_line' id='line_1_62' title="bbox 439 4511 2034 4588; baseline -0.003 -16"><span class='ocrx_word' id='word_1_486' title='bbox 439 4522 607 4580; x_wconf 76' lang='lat' dir='ltr'><strong>quam</strong></span> <span class='ocrx_word' id='word_1_487' title='bbox 649 4514 784 4572; x_wconf 80' lang='lat' dir='ltr'><strong>ﬁant</strong></span> <span class='ocrx_word' id='word_1_488' title='bbox 821 4515 987 4588; x_wconf 86' lang='lat' dir='ltr'><strong>(Dan.</strong></span> <span class='ocrx_word' id='word_1_489' title='bbox 1033 4532 1155 4584; x_wconf 80' lang='lat' dir='ltr'><strong>xui,</strong></span> <span class='ocrx_word' id='word_1_490' title='bbox 1197 4514 1289 4588; x_wconf 74' lang='grc'><strong>42)</strong></span> <span class='ocrx_word' id='word_1_491' title='bbox 1323 4534 1336 4569; x_wconf 90' lang='lat'><strong>:</strong></span> <span class='ocrx_word' id='word_1_492' title='bbox 1369 4535 1389 4570; x_wconf 74' lang='grc' dir='ltr'><strong>ι</strong></span> <span class='ocrx_word' id='word_1_493' title='bbox 1431 4515 1513 4571; x_wconf 88' lang='lat' dir='ltr'><strong>sic</strong></span> <span class='ocrx_word' id='word_1_494' title='bbox 1555 4514 1705 4587; x_wconf 86' lang='lat' dir='ltr'><strong>pium</strong></span> <span class='ocrx_word' id='word_1_495' title='bbox 1736 4523 1790 4570; x_wconf 90' lang='lat' dir='ltr'><strong>et</strong></span> <span class='ocrx_word' id='word_1_496' title='bbox 1824 4511 2034 4585; x_wconf 91' lang='lat' dir='ltr'><strong>religio-</strong></span> 
     </span>
    </p>
   </div>
   <div class='ocr_carea' id='block_1_63' title="bbox 2135 1915 3727 2012">
    <p class='ocr_par' dir='ltr' id='par_1_63' title="bbox 2135 1915 3727 2012">
     <span class='ocr_line' id='line_1_63' title="bbox 2135 1915 3727 2012; baseline -0.018 -13"><span class='ocrx_word' id='word_1_497' title='bbox 2135 1915 2281 2009; x_wconf 75' lang='lat' dir='ltr'><strong>nam,</strong></span> <span class='ocrx_word' id='word_1_498' title='bbox 2310 1939 2567 2012; x_wconf 86' lang='lat' dir='ltr'><strong>quoniam</strong></span> <span class='ocrx_word' id='word_1_499' title='bbox 2589 1932 2996 2008; x_wconf 65' lang='lat' dir='ltr'><strong>praedestinatio</strong></span> <span class='ocrx_word' id='word_1_500' title='bbox 3017 1936 3102 1985; x_wconf 85' lang='lat' dir='ltr'><strong>est</strong></span> <span class='ocrx_word' id='word_1_501' title='bbox 3126 1939 3352 1999; x_wconf 91' lang='lat' dir='ltr'><strong>operum</strong></span> <span class='ocrx_word' id='word_1_502' title='bbox 3376 1920 3497 1987; x_wconf 90' lang='lat' dir='ltr'><strong>Dei,</strong></span> <span class='ocrx_word' id='word_1_503' title='bbox 3519 1918 3573 1975; x_wconf 92' lang='lat' dir='ltr'><strong>in</strong></span> <span class='ocrx_word' id='word_1_504' title='bbox 3605 1915 3727 1989; x_wconf 86' lang='lat' dir='ltr'><strong>qui-</strong></span> 
     </span>
    </p>
   </div>
   <div class='ocr_carea' id='block_1_64' title="bbox 2136 2005 3724 2103">
    <p class='ocr_par' dir='ltr' id='par_1_64' title="bbox 2136 2005 3724 2103">
     <span class='ocr_line' id='line_1_64' title="bbox 2136 2005 3724 2103; baseline -0.018 -13"><span class='ocrx_word' id='word_1_505' title='bbox 2136 2033 2238 2089; x_wconf 85' lang='lat' dir='ltr'><strong>bus</strong></span> <span class='ocrx_word' id='word_1_506' title='bbox 2267 2005 2522 2103; x_wconf 76' lang='lat' dir='ltr'><strong>operibus</strong></span> <span class='ocrx_word' id='word_1_507' title='bbox 2549 2005 2647 2084; x_wconf 75' lang='lat' dir='ltr'><strong>Dei</strong></span> <span class='ocrx_word' id='word_1_508' title='bbox 2673 2025 2837 2082; x_wconf 90' lang='lat' dir='ltr'><strong>etiam</strong></span> <span class='ocrx_word' id='word_1_509' title='bbox 2859 2020 3124 2092; x_wconf 89' lang='lat' dir='ltr'><strong>judicium</strong></span> <span class='ocrx_word' id='word_1_510' title='bbox 3144 2013 3471 2097; x_wconf 83' lang='lat' dir='ltr'><strong>dispositum</strong></span> <span class='ocrx_word' id='word_1_511' title='bbox 3499 2023 3608 2103; x_wconf 81' lang='lat' dir='ltr'><strong>quo</strong></span> <span class='ocrx_word' id='word_1_512' title='bbox 3629 2005 3724 2078; x_wconf 83' lang='lat' dir='ltr'><strong>ju-</strong></span> 
     </span>
    </p>
   </div>
   <div class='ocr_carea' id='block_1_65' title="bbox 2133 2101 3727 2191">
    <p class='ocr_par' dir='ltr' id='par_1_65' title="bbox 2133 2101 3727 2191">
     <span class='ocr_line' id='line_1_65' title="bbox 2133 2101 3727 2191; baseline -0.018 -10"><span class='ocrx_word' id='word_1_513' title='bbox 2133 2101 2349 2181; x_wconf 78' lang='lat' dir='ltr'><strong>dicandi</strong></span> <span class='ocrx_word' id='word_1_514' title='bbox 2381 2129 2508 2178; x_wconf 91' lang='lat' dir='ltr'><strong>sunt</strong></span> <span class='ocrx_word' id='word_1_515' title='bbox 2552 2117 2790 2191; x_wconf 89' lang='lat' dir='ltr'><strong>reprobi.</strong></span> <span class='ocrx_word' id='word_1_516' title='bbox 2837 2113 3061 2185; x_wconf 88' lang='lat' dir='ltr'><strong>Egimus</strong></span> <span class='ocrx_word' id='word_1_517' title='bbox 3092 2109 3288 2182; x_wconf 84' lang='lat' dir='ltr'><strong>igitur,</strong></span> <span class='ocrx_word' id='word_1_518' title='bbox 3326 2113 3390 2160; x_wconf 88' lang='lat' dir='ltr'><strong>ut</strong></span> <span class='ocrx_word' id='word_1_519' title='bbox 3427 2101 3727 2176; x_wconf 80' lang='lat' dir='ltr'><strong>potuimus,</strong></span> 
     </span>
    </p>
   </div>
   <div class='ocr_carea' id='block_1_66' title="bbox 2133 2194 3730 2292">
    <p class='ocr_par' dir='ltr' id='par_1_66' title="bbox 2133 2194 3730 2292">
     <span class='ocr_line' id='line_1_66' title="bbox 2133 2194 3730 2292; baseline -0.021 -13"><span class='ocrx_word' id='word_1_520' title='bbox 2133 2218 2590 2292; x_wconf 90' lang='lat' dir='ltr'><strong>quemadmodum</strong></span> <span class='ocrx_word' id='word_1_521' title='bbox 2611 2209 3022 2288; x_wconf 61' lang='lat' dir='ltr'><strong>praedestinatio</strong></span> <span class='ocrx_word' id='word_1_522' title='bbox 3047 2221 3154 2278; x_wconf 91' lang='lat' dir='ltr'><strong>qua</strong></span> <span class='ocrx_word' id='word_1_523' title='bbox 3180 2203 3436 2260; x_wconf 89' lang='lat' dir='ltr'><strong>dicuntur</strong></span> <span class='ocrx_word' id='word_1_524' title='bbox 3464 2195 3635 2267; x_wconf 89' lang='lat' dir='ltr'><strong>iniqui</strong></span> <span class='ocrx_word' id='word_1_525' title='bbox 3661 2194 3730 2248; x_wconf 89' lang='lat' dir='ltr'><strong>ad</strong></span> 
     </span>
    </p>
   </div>
   <div class='ocr_carea' id='block_1_67' title="bbox 2131 2288 3732 2387">
    <p class='ocr_par' dir='ltr' id='par_1_67' title="bbox 2131 2288 3732 2387">
     <span class='ocr_line' id='line_1_67' title="bbox 2131 2288 3732 2387; baseline -0.019 -17"><span class='ocrx_word' id='word_1_526' title='bbox 2131 2288 2326 2387; x_wconf 75' lang='lat' dir='ltr'><strong>pcenas</strong></span> <span class='ocrx_word' id='word_1_527' title='bbox 2346 2309 2588 2384; x_wconf 86' lang='lat' dir='ltr'><strong>deputati</strong></span> <span class='ocrx_word' id='word_1_528' title='bbox 2637 2322 2747 2365; x_wconf 91' lang='lat' dir='ltr'><strong>non</strong></span> <span class='ocrx_word' id='word_1_529' title='bbox 2799 2301 3128 2361; x_wconf 84' lang='lat' dir='ltr'><strong>necessitate</strong></span> <span class='ocrx_word' id='word_1_530' title='bbox 3168 2295 3349 2367; x_wconf 88' lang='lat' dir='ltr'><strong>aliqua</strong></span> <span class='ocrx_word' id='word_1_531' title='bbox 3395 2288 3732 2359; x_wconf 84' lang='lat' dir='ltr'><strong>constringat</strong></span> 
     </span>
    </p>
   </div>
   <div class='ocr_carea' id='block_1_68' title="bbox 2133 2381 3728 2478">
    <p class='ocr_par' dir='ltr' id='par_1_68' title="bbox 2133 2381 3728 2478">
     <span class='ocr_line' id='line_1_68' title="bbox 2133 2381 3728 2478; baseline -0.02 -14"><span class='ocrx_word' id='word_1_532' title='bbox 2133 2381 2228 2464; x_wconf 79' lang='lat' dir='ltr'><strong>eos</strong></span> <span class='ocrx_word' id='word_1_533' title='bbox 2250 2406 2316 2462; x_wconf 93' lang='lat' dir='ltr'><strong>ad</strong></span> <span class='ocrx_word' id='word_1_534' title='bbox 2339 2381 2556 2478; x_wconf 65' lang='lat' dir='ltr'><strong>poenam</strong></span> <span class='ocrx_word' id='word_1_535' title='bbox 2584 2417 2599 2457; x_wconf 88' lang='lat'><strong>:</strong></span> <span class='ocrx_word' id='word_1_536' title='bbox 2629 2400 2724 2457; x_wconf 90' lang='lat' dir='ltr'><strong>sed</strong></span> <span class='ocrx_word' id='word_1_537' title='bbox 2747 2397 2845 2454; x_wconf 89' lang='lat' dir='ltr'><strong>tali</strong></span> <span class='ocrx_word' id='word_1_538' title='bbox 2866 2393 3140 2453; x_wconf 90' lang='lat' dir='ltr'><strong>locutione</strong></span> <span class='ocrx_word' id='word_1_539' title='bbox 3160 2383 3392 2460; x_wconf 81' lang='lat' dir='ltr'><strong>exprimi</strong></span> <span class='ocrx_word' id='word_1_540' title='bbox 3423 2381 3728 2439; x_wconf 87' lang='lat' dir='ltr'><strong>divinorum</strong></span> 
     </span>
    </p>
   </div>
   <div class='ocr_carea' id='block_1_69' title="bbox 2135 2471 3730 2572">
    <p class='ocr_par' dir='ltr' id='par_1_69' title="bbox 2135 2471 3730 2572">
     <span class='ocr_line' id='line_1_69' title="bbox 2135 2471 3730 2572; baseline -0.021 -14"><span class='ocrx_word' id='word_1_541' title='bbox 2135 2515 2362 2572; x_wconf 91' lang='lat' dir='ltr'><strong>operum</strong></span> <span class='ocrx_word' id='word_1_542' title='bbox 2391 2486 2810 2554; x_wconf 88' lang='lat' dir='ltr'><strong>ordinationem.</strong></span> <span class='ocrx_word' id='word_1_543' title='bbox 2856 2488 2928 2545; x_wconf 86' lang='lat' dir='ltr'><strong>Et</strong></span> <span class='ocrx_word' id='word_1_544' title='bbox 2952 2485 3080 2558; x_wconf 88' lang='lat' dir='ltr'><strong>quia</strong></span> <span class='ocrx_word' id='word_1_545' title='bbox 3123 2477 3372 2553; x_wconf 90' lang='lat' dir='ltr'><strong>superius</strong></span> <span class='ocrx_word' id='word_1_546' title='bbox 3391 2471 3730 2532; x_wconf 92' lang='lat' dir='ltr'><strong>ostendimus</strong></span> 
     </span>
    </p>
   </div>
   <div class='ocr_carea' id='block_1_70' title="bbox 2136 2565 3731 2657">
    <p class='ocr_par' dir='ltr' id='par_1_70' title="bbox 2136 2565 3731 2657">
     <span class='ocr_line' id='line_1_70' title="bbox 2136 2565 3731 2657; baseline -0.023 -6"><span class='ocrx_word' id='word_1_547' title='bbox 2136 2565 2452 2652; x_wconf 79' lang='lat' dir='ltr'><strong>sanctorum</strong></span> <span class='ocrx_word' id='word_1_548' title='bbox 2476 2589 2644 2653; x_wconf 88' lang='lat' dir='ltr'><strong>dicta,</strong></span> <span class='ocrx_word' id='word_1_549' title='bbox 2669 2584 2866 2657; x_wconf 87' lang='lat' dir='ltr'><strong>quibus</strong></span> <span class='ocrx_word' id='word_1_550' title='bbox 2902 2577 3031 2636; x_wconf 90' lang='lat' dir='ltr'><strong>mali</strong></span> <span class='ocrx_word' id='word_1_551' title='bbox 3070 2567 3444 2648; x_wconf 71' lang='lat' dir='ltr'><strong>przedestinati</strong></span> <span class='ocrx_word' id='word_1_552' title='bbox 3475 2565 3731 2622; x_wconf 90' lang='lat' dir='ltr'><strong>dicuntur</strong></span> 
     </span>
    </p>
   </div>
   <div class='ocr_carea' id='block_1_71' title="bbox 2137 2655 3730 2758">
    <p class='ocr_par' dir='ltr' id='par_1_71' title="bbox 2137 2655 3730 2758">
     <span class='ocr_line' id='line_1_71' title="bbox 2137 2655 3730 2758; baseline -0.02 -16"><span class='ocrx_word' id='word_1_553' title='bbox 2137 2689 2207 2743; x_wconf 87' lang='lat' dir='ltr'><strong>ad</strong></span> <span class='ocrx_word' id='word_1_554' title='bbox 2234 2699 2447 2758; x_wconf 76' lang='lat' dir='ltr'><strong>ptenas,</strong></span> <span class='ocrx_word' id='word_1_555' title='bbox 2477 2655 2723 2752; x_wconf 78' lang='lat' dir='ltr'><strong>quisquis</strong></span> <span class='ocrx_word' id='word_1_556' title='bbox 2765 2668 3301 2749; x_wconf 60' lang='lat' dir='ltr'><strong>praedestinationem</strong></span> <span class='ocrx_word' id='word_1_557' title='bbox 3341 2659 3608 2717; x_wconf 88' lang='lat' dir='ltr'><strong>malorum</strong></span> <span class='ocrx_word' id='word_1_558' title='bbox 3636 2655 3730 2711; x_wconf 86' lang='lat' dir='ltr'><strong>ab-</strong></span> 
     </span>
    </p>
   </div>
   <div class='ocr_carea' id='block_1_72' title="bbox 2139 2753 3727 2852">
    <p class='ocr_par' dir='ltr' id='par_1_72' title="bbox 2139 2753 3727 2852">
     <span class='ocr_line' id='line_1_72' title="bbox 2139 2753 3727 2852; baseline -0.02 -18"><span class='ocrx_word' id='word_1_559' title='bbox 2139 2753 2323 2852; x_wconf 73' lang='lat' dir='ltr'><strong>negat,</strong></span> <span class='ocrx_word' id='word_1_560' title='bbox 2351 2791 2458 2831; x_wconf 92' lang='lat' dir='ltr'><strong>non</strong></span> <span class='ocrx_word' id='word_1_561' title='bbox 2481 2772 2662 2838; x_wconf 90' lang='lat' dir='ltr'><strong>nobis,</strong></span> <span class='ocrx_word' id='word_1_562' title='bbox 2692 2768 2789 2827; x_wconf 90' lang='lat' dir='ltr'><strong>sed</strong></span> <span class='ocrx_word' id='word_1_563' title='bbox 2823 2765 2930 2822; x_wconf 90' lang='lat' dir='ltr'><strong>illis</strong></span> <span class='ocrx_word' id='word_1_564' title='bbox 2958 2776 3191 2835; x_wconf 90' lang='lat' dir='ltr'><strong>quorum</strong></span> <span class='ocrx_word' id='word_1_565' title='bbox 3223 2753 3508 2828; x_wconf 88' lang='lat' dir='ltr'><strong>sequimur</strong></span> <span class='ocrx_word' id='word_1_566' title='bbox 3541 2757 3727 2805; x_wconf 84' lang='lat' dir='ltr'><strong>aucto-</strong></span> 
     </span>
    </p>
   </div>
   <div class='ocr_carea' id='block_1_73' title="bbox 2137 2841 3729 2927">
    <p class='ocr_par' dir='ltr' id='par_1_73' title="bbox 2137 2841 3729 2927">
     <span class='ocr_line' id='line_1_73' title="bbox 2137 2841 3729 2927; baseline -0.021 0"><span class='ocrx_word' id='word_1_567' title='bbox 2137 2841 2356 2927; x_wconf 68' lang='lat' dir='ltr'><strong>ritatem</strong></span> <span class='ocrx_word' id='word_1_568' title='bbox 2387 2863 2735 2924; x_wconf 90' lang='lat' dir='ltr'><strong>contradicit.</strong></span> <span class='ocrx_word' id='word_1_569' title='bbox 2778 2856 2983 2916; x_wconf 69' lang='lat' dir='ltr'><strong>Ne&#39;nos</strong></span> <span class='ocrx_word' id='word_1_570' title='bbox 3032 2854 3088 2910; x_wconf 92' lang='lat' dir='ltr'><strong>in</strong></span> <span class='ocrx_word' id='word_1_571' title='bbox 3116 2850 3331 2921; x_wconf 90' lang='lat' dir='ltr'><strong>culpam</strong></span> <span class='ocrx_word' id='word_1_572' title='bbox 3375 2845 3498 2902; x_wconf 91' lang='lat' dir='ltr'><strong>ideo</strong></span> <span class='ocrx_word' id='word_1_573' title='bbox 3545 2841 3729 2897; x_wconf 84' lang='lat' dir='ltr'><strong>traha-</strong></span> 
     </span>
    </p>
   </div>
   <div class='ocr_carea' id='block_1_74' title="bbox 2137 2933 3729 3031">
    <p class='ocr_par' dir='ltr' id='par_1_74' title="bbox 2137 2933 3729 3031">
     <span class='ocr_line' id='line_1_74' title="bbox 2137 2933 3729 3031; baseline -0.021 -10"><span class='ocrx_word' id='word_1_574' title='bbox 2137 2981 2284 3031; x_wconf 89' lang='lat' dir='ltr'><strong>mur,</strong></span> <span class='ocrx_word' id='word_1_575' title='bbox 2327 2961 2376 3018; x_wconf 88' lang='lat' dir='ltr'><strong>si</strong></span> <span class='ocrx_word' id='word_1_576' title='bbox 2401 2967 2718 3017; x_wconf 90' lang='lat' dir='ltr'><strong>sanctorum</strong></span> <span class='ocrx_word' id='word_1_577' title='bbox 2749 2951 3130 3011; x_wconf 87' lang='lat' dir='ltr'><strong>auctoritatem</strong></span> <span class='ocrx_word' id='word_1_578' title='bbox 3156 2943 3473 3016; x_wconf 73' lang='lat' dir='ltr'><strong>sequimur.</strong></span> <span class='ocrx_word' id='word_1_579' title='bbox 3498 2935 3556 2993; x_wconf 92' lang='lat' dir='ltr'><strong>Si</strong></span> <span class='ocrx_word' id='word_1_580' title='bbox 3582 2933 3729 2992; x_wconf 88' lang='lat' dir='ltr'><strong>enim</strong></span> 
     </span>
    </p>
   </div>
   <div class='ocr_carea' id='block_1_75' title="bbox 2138 3034 3730 3130">
    <p class='ocr_par' dir='ltr' id='par_1_75' title="bbox 2138 3034 3730 3130">
     <span class='ocr_line' id='line_1_75' title="bbox 2138 3034 3730 3130; baseline -0.022 -15"><span class='ocrx_word' id='word_1_581' title='bbox 2138 3057 2281 3130; x_wconf 92' lang='lat' dir='ltr'><strong>quod</strong></span> <span class='ocrx_word' id='word_1_582' title='bbox 2304 3055 2382 3112; x_wconf 92' lang='lat' dir='ltr'><strong>illi</strong></span> <span class='ocrx_word' id='word_1_583' title='bbox 2403 3054 2591 3111; x_wconf 86' lang='lat' dir='ltr'><strong>dicunt</strong></span> <span class='ocrx_word' id='word_1_584' title='bbox 2617 3047 2945 3107; x_wconf 87' lang='lat' dir='ltr'><strong>catholicum</strong></span> <span class='ocrx_word' id='word_1_585' title='bbox 2971 3051 3078 3107; x_wconf 88' lang='lat' dir='ltr'><strong>est,</strong></span> <span class='ocrx_word' id='word_1_586' title='bbox 3109 3053 3214 3096; x_wconf 85' lang='lat' dir='ltr'><strong>nec</strong></span> <span class='ocrx_word' id='word_1_587' title='bbox 3236 3047 3543 3130; x_wconf 81' lang='lat' dir='ltr'><strong>repugnans</strong></span> <span class='ocrx_word' id='word_1_588' title='bbox 3567 3034 3730 3130; x_wconf 74' lang='lat' dir='ltr'><strong>rectae</strong></span> 
     </span>
    </p>
   </div>
   <div class='ocr_carea' id='block_1_76' title="bbox 2141 3119 3728 3217">
    <p class='ocr_par' dir='ltr' id='par_1_76' title="bbox 2141 3119 3728 3217">
     <span class='ocr_line' id='line_1_76' title="bbox 2141 3119 3728 3217; baseline -0.022 -9"><span class='ocrx_word' id='word_1_589' title='bbox 2141 3119 2265 3207; x_wconf 76' lang='lat' dir='ltr'><strong>fidei</strong></span> <span class='ocrx_word' id='word_1_590' title='bbox 2293 3168 2305 3204; x_wconf 95' lang='lat'>:</span> <span class='ocrx_word' id='word_1_591' title='bbox 2338 3162 2438 3204; x_wconf 92' lang='lat' dir='ltr'><strong>nos</strong></span> <span class='ocrx_word' id='word_1_592' title='bbox 2469 3157 2687 3217; x_wconf 90' lang='lat' dir='ltr'><strong>quoque</strong></span> <span class='ocrx_word' id='word_1_593' title='bbox 2725 3155 2834 3197; x_wconf 92' lang='lat' dir='ltr'><strong>non</strong></span> <span class='ocrx_word' id='word_1_594' title='bbox 2861 3154 2892 3193; x_wconf 94' lang='lat' dir='ltr'><strong>a</strong></span> <span class='ocrx_word' id='word_1_595' title='bbox 2924 3133 3207 3192; x_wconf 73' lang='lat' dir='ltr'><strong>catholica:</strong></span> <span class='ocrx_word' id='word_1_596' title='bbox 3239 3126 3365 3184; x_wconf 79' lang='lat' dir='ltr'><strong>ﬁdei</strong></span> <span class='ocrx_word' id='word_1_597' title='bbox 3401 3119 3728 3180; x_wconf 88' lang='lat' dir='ltr'><strong>rectitudine</strong></span> 
     </span>
    </p>
   </div>
   <div class='ocr_carea' id='block_1_77' title="bbox 2141 3213 3729 3311">
    <p class='ocr_par' dir='ltr' id='par_1_77' title="bbox 2141 3213 3729 3311">
     <span class='ocr_line' id='line_1_77' title="bbox 2141 3213 3729 3311; baseline -0.021 -13"><span class='ocrx_word' id='word_1_598' title='bbox 2141 3242 2456 3311; x_wconf 89' lang='lat' dir='ltr'><strong>discrepare</strong></span> <span class='ocrx_word' id='word_1_599' title='bbox 2477 3213 2810 3306; x_wconf 63' lang='lat' dir='ltr'><strong>iudicemur,</strong></span> <span class='ocrx_word' id='word_1_600' title='bbox 2855 3229 2902 3284; x_wconf 90' lang='lat' dir='ltr'><strong>si</strong></span> <span class='ocrx_word' id='word_1_601' title='bbox 2930 3227 3037 3283; x_wconf 88' lang='lat' dir='ltr'><strong>hoc</strong></span> <span class='ocrx_word' id='word_1_602' title='bbox 3077 3222 3308 3280; x_wconf 90' lang='lat' dir='ltr'><strong>dicimus</strong></span> <span class='ocrx_word' id='word_1_603' title='bbox 3327 3224 3385 3274; x_wconf 87' lang='lat' dir='ltr'><strong>et</strong></span> <span class='ocrx_word' id='word_1_604' title='bbox 3405 3213 3729 3276; x_wconf 88' lang='lat' dir='ltr'><strong>sentiamus,</strong></span> 
     </span>
    </p>
   </div>
   <div class='ocr_carea' id='block_1_78' title="bbox 2142 3302 3735 3406">
    <p class='ocr_par' dir='ltr' id='par_1_78' title="bbox 2142 3302 3735 3406">
     <span class='ocr_line' id='line_1_78' title="bbox 2142 3302 3735 3406; baseline -0.021 -16"><span class='ocrx_word' id='word_1_605' title='bbox 2142 3334 2284 3406; x_wconf 85' lang='lat' dir='ltr'><strong>quod</strong></span> <span class='ocrx_word' id='word_1_606' title='bbox 2323 3302 2400 3387; x_wconf 79' lang='lat' dir='ltr'><strong>illi</strong></span> <span class='ocrx_word' id='word_1_607' title='bbox 2431 3302 2684 3385; x_wconf 74' lang='lat' dir='ltr'><strong>dixerunt</strong></span> <span class='ocrx_word' id='word_1_608' title='bbox 2717 3331 2774 3380; x_wconf 92' lang='lat' dir='ltr'><strong>et</strong></span> <span class='ocrx_word' id='word_1_609' title='bbox 2818 3325 3142 3384; x_wconf 88' lang='lat' dir='ltr'><strong>senserunt;</strong></span> <span class='ocrx_word' id='word_1_610' title='bbox 3185 3312 3403 3369; x_wconf 90' lang='lat' dir='ltr'><strong>illorum</strong></span> <span class='ocrx_word' id='word_1_611' title='bbox 3445 3305 3600 3406; x_wconf 41' lang='lat' dir='ltr'><strong>enim.</strong></span> <span class='ocrx_word' id='word_1_612' title='bbox 3641 3302 3735 3359; x_wconf 91' lang='lat' dir='ltr'><strong>do-</strong></span> 
     </span>
    </p>
   </div>
   <div class='ocr_carea' id='block_1_79' title="bbox 2141 3396 3755 3485">
    <p class='ocr_par' dir='ltr' id='par_1_79' title="bbox 2141 3396 3755 3485">
     <span class='ocr_line' id='line_1_79' title="bbox 2141 3396 3755 3485; baseline -0.022 0"><span class='ocrx_word' id='word_1_613' title='bbox 2141 3428 2316 3485; x_wconf 91' lang='lat' dir='ltr'><strong>ctrina</strong></span> <span class='ocrx_word' id='word_1_614' title='bbox 2343 3423 2475 3480; x_wconf 87' lang='lat' dir='ltr'><strong>tides</strong></span> <span class='ocrx_word' id='word_1_615' title='bbox 2503 3416 2871 3478; x_wconf 89' lang='lat' dir='ltr'><strong>ecclesiastica</strong></span> <span class='ocrx_word' id='word_1_616' title='bbox 2911 3411 3191 3477; x_wconf 90' lang='lat' dir='ltr'><strong>munitur;</strong></span> <span class='ocrx_word' id='word_1_617' title='bbox 3231 3413 3288 3464; x_wconf 90' lang='lat' dir='ltr'><strong>et</strong></span> <span class='ocrx_word' id='word_1_618' title='bbox 3314 3417 3431 3468; x_wconf 90' lang='lat' dir='ltr'><strong>nos,</strong></span> <span class='ocrx_word' id='word_1_619' title='bbox 3463 3397 3558 3471; x_wconf 88' lang='lat' dir='ltr'><strong>qui</strong></span> <span class='ocrx_word' id='word_1_620' title='bbox 3587 3396 3755 3480; x_wconf 0' lang='lat' dir='ltr'><strong>intra,</strong></span> 
     </span>
    </p>
   </div>
   <div class='ocr_carea' id='block_1_80' title="bbox 2141 3490 3732 3576">
    <p class='ocr_par' dir='ltr' id='par_1_80' title="bbox 2141 3490 3732 3576">
     <span class='ocr_line' id='line_1_80' title="bbox 2141 3490 3732 3576; baseline -0.02 0"><span class='ocrx_word' id='word_1_621' title='bbox 2141 3521 2322 3576; x_wconf 89' lang='lat' dir='ltr'><strong>sinum</strong></span> <span class='ocrx_word' id='word_1_622' title='bbox 2367 3514 2624 3572; x_wconf 80' lang='lat' dir='ltr'><strong>Ecclesiae</strong></span> <span class='ocrx_word' id='word_1_623' title='bbox 2648 3510 3017 3572; x_wconf 88' lang='lat' dir='ltr'><strong>continemur,</strong></span> <span class='ocrx_word' id='word_1_624' title='bbox 3046 3504 3114 3560; x_wconf 89' lang='lat' dir='ltr'><strong>de</strong></span> <span class='ocrx_word' id='word_1_625' title='bbox 3155 3499 3368 3556; x_wconf 88' lang='lat' dir='ltr'><strong>illorum</strong></span> <span class='ocrx_word' id='word_1_626' title='bbox 3393 3490 3732 3550; x_wconf 89' lang='lat' dir='ltr'><strong>institutione</strong></span> 
     </span>
    </p>
   </div>
   <div class='ocr_carea' id='block_1_81' title="bbox 2139 3581 3728 3673">
    <p class='ocr_par' dir='ltr' id='par_1_81' title="bbox 2139 3581 3728 3673">
     <span class='ocr_line' id='line_1_81' title="bbox 2139 3581 3728 3673; baseline -0.02 -5"><span class='ocrx_word' id='word_1_627' title='bbox 2139 3609 2458 3673; x_wconf 86' lang='lat' dir='ltr'><strong>imbuimur,</strong></span> <span class='ocrx_word' id='word_1_628' title='bbox 2483 3621 2585 3662; x_wconf 88' lang='lat' dir='ltr'><strong>nec</strong></span> <span class='ocrx_word' id='word_1_629' title='bbox 2613 3602 2760 3660; x_wconf 90' lang='lat' dir='ltr'><strong>aliud</strong></span> <span class='ocrx_word' id='word_1_630' title='bbox 2783 3599 2986 3658; x_wconf 89' lang='lat' dir='ltr'><strong>sentire</strong></span> <span class='ocrx_word' id='word_1_631' title='bbox 3012 3591 3415 3668; x_wconf 68' lang='lat' dir='ltr'><strong>praesumimus,</strong></span> <span class='ocrx_word' id='word_1_632' title='bbox 3458 3583 3562 3642; x_wconf 90' lang='lat' dir='ltr'><strong>nisi</strong></span> <span class='ocrx_word' id='word_1_633' title='bbox 3585 3581 3728 3655; x_wconf 87' lang='lat' dir='ltr'><strong>quod</strong></span> 
     </span>
    </p>
   </div>
   <div class='ocr_carea' id='block_1_82' title="bbox 2140 3677 3731 3762">
    <p class='ocr_par' dir='ltr' id='par_1_82' title="bbox 2140 3677 3731 3762">
     <span class='ocr_line' id='line_1_82' title="bbox 2140 3677 3731 3762; baseline -0.018 -5"><span class='ocrx_word' id='word_1_634' title='bbox 2140 3702 2218 3759; x_wconf 89' lang='lat' dir='ltr'><strong>illi</strong></span> <span class='ocrx_word' id='word_1_635' title='bbox 2246 3716 2344 3756; x_wconf 87' lang='lat' dir='ltr'><strong>nos</strong></span> <span class='ocrx_word' id='word_1_636' title='bbox 2379 3697 2755 3762; x_wconf 90' lang='lat' dir='ltr'><strong>instituerunt,</strong></span> <span class='ocrx_word' id='word_1_637' title='bbox 2783 3707 2886 3749; x_wconf 90' lang='lat' dir='ltr'><strong>nec</strong></span> <span class='ocrx_word' id='word_1_638' title='bbox 2911 3689 3018 3746; x_wconf 86' lang='lat' dir='ltr'><strong>alio</strong></span> <span class='ocrx_word' id='word_1_639' title='bbox 3063 3687 3164 3754; x_wconf 89' lang='lat' dir='ltr'><strong>ire,</strong></span> <span class='ocrx_word' id='word_1_640' title='bbox 3195 3682 3299 3740; x_wconf 92' lang='lat' dir='ltr'><strong>nisi</strong></span> <span class='ocrx_word' id='word_1_641' title='bbox 3327 3693 3439 3753; x_wconf 91' lang='lat' dir='ltr'><strong>quo</strong></span> <span class='ocrx_word' id='word_1_642' title='bbox 3489 3677 3731 3739; x_wconf 89' lang='lat' dir='ltr'><strong>ducunt;</strong></span> 
     </span>
    </p>
   </div>
   <div class='ocr_carea' id='block_1_83' title="bbox 2141 3768 3730 3856">
    <p class='ocr_par' dir='ltr' id='par_1_83' title="bbox 2141 3768 3730 3856">
     <span class='ocr_line' id='line_1_83' title="bbox 2141 3768 3730 3856; baseline -0.018 -8"><span class='ocrx_word' id='word_1_643' title='bbox 2141 3809 2242 3850; x_wconf 91' lang='lat' dir='ltr'><strong>nec</strong></span> <span class='ocrx_word' id='word_1_644' title='bbox 2267 3791 2449 3848; x_wconf 87' lang='lat' dir='ltr'><strong>dicere</strong></span> <span class='ocrx_word' id='word_1_645' title='bbox 2482 3771 2664 3855; x_wconf 85' lang='lat' dir='ltr'><strong>aliud,</strong></span> <span class='ocrx_word' id='word_1_646' title='bbox 2695 3784 2804 3842; x_wconf 90' lang='lat' dir='ltr'><strong>nisi</strong></span> <span class='ocrx_word' id='word_1_647' title='bbox 2838 3782 2984 3856; x_wconf 91' lang='lat' dir='ltr'><strong>quod</strong></span> <span class='ocrx_word' id='word_1_648' title='bbox 3012 3779 3088 3837; x_wconf 93' lang='lat' dir='ltr'><strong>illi</strong></span> <span class='ocrx_word' id='word_1_649' title='bbox 3113 3777 3320 3834; x_wconf 90' lang='lat' dir='ltr'><strong>dicunt.</strong></span> <span class='ocrx_word' id='word_1_650' title='bbox 3345 3771 3444 3828; x_wconf 79' lang='lat' dir='ltr'><strong>His</strong></span> <span class='ocrx_word' id='word_1_651' title='bbox 3477 3769 3548 3826; x_wconf 87' lang='lat' dir='ltr'><strong>ita</strong></span> <span class='ocrx_word' id='word_1_652' title='bbox 3573 3768 3730 3823; x_wconf 85' lang='lat' dir='ltr'><strong>obse-</strong></span> 
     </span>
    </p>
   </div>
   <div class='ocr_carea' id='block_1_84' title="bbox 2139 3857 3727 3953">
    <p class='ocr_par' dir='ltr' id='par_1_84' title="bbox 2139 3857 3727 3953">
     <span class='ocr_line' id='line_1_84' title="bbox 2139 3857 3727 3953; baseline -0.019 -13"><span class='ocrx_word' id='word_1_653' title='bbox 2139 3899 2357 3940; x_wconf 87' lang='lat' dir='ltr'><strong>cramus</strong></span> <span class='ocrx_word' id='word_1_654' title='bbox 2377 3877 2766 3953; x_wconf 88' lang='lat' dir='ltr'><strong>magnitudinis</strong></span> <span class='ocrx_word' id='word_1_655' title='bbox 2786 3882 2983 3932; x_wconf 71' lang='lat' dir='ltr'><strong>vestra:</strong></span> <span class='ocrx_word' id='word_1_656' title='bbox 3003 3870 3282 3943; x_wconf 86' lang='lat' dir='ltr'><strong>pietatem,</strong></span> <span class='ocrx_word' id='word_1_657' title='bbox 3297 3870 3359 3919; x_wconf 87' lang='lat' dir='ltr'><strong>ut</strong></span> <span class='ocrx_word' id='word_1_658' title='bbox 3368 3857 3727 3946; x_wconf 65' lang='lat' dir='ltr'><strong>haecscripta,</strong></span> 
     </span>
    </p>
   </div>
   <div class='ocr_carea' id='block_1_85' title="bbox 2139 3951 3728 4046">
    <p class='ocr_par' dir='ltr' id='par_1_85' title="bbox 2139 3951 3728 4046">
     <span class='ocr_line' id='line_1_85' title="bbox 2139 3951 3728 4046; baseline -0.019 -13"><span class='ocrx_word' id='word_1_659' title='bbox 2139 3977 2185 4034; x_wconf 82' lang='lat' dir='ltr'><strong>si</strong></span> <span class='ocrx_word' id='word_1_660' title='bbox 2216 3951 2495 4046; x_wconf 51' lang='lat' dir='ltr'><strong>sapientia;</strong></span> <span class='ocrx_word' id='word_1_661' title='bbox 2513 3978 2712 4028; x_wconf 60' lang='lat' dir='ltr'><strong>vestrae</strong></span> <span class='ocrx_word' id='word_1_662' title='bbox 2735 3983 2844 4026; x_wconf 89' lang='lat' dir='ltr'><strong>non</strong></span> <span class='ocrx_word' id='word_1_663' title='bbox 2869 3960 3268 4038; x_wconf 88' lang='lat' dir='ltr'><strong>displicuerint,</strong></span> <span class='ocrx_word' id='word_1_664' title='bbox 3307 3970 3476 4030; x_wconf 89' lang='lat' dir='ltr'><strong>penes</strong></span> <span class='ocrx_word' id='word_1_665' title='bbox 3509 3965 3606 4006; x_wconf 85' lang='lat' dir='ltr'><strong>vos</strong></span> <span class='ocrx_word' id='word_1_666' title='bbox 3634 3951 3728 4006; x_wconf 85' lang='lat' dir='ltr'><strong>ha-</strong></span> 
     </span>
    </p>
   </div>
   <div class='ocr_carea' id='block_1_86' title="bbox 2137 4039 3732 4137">
    <p class='ocr_par' dir='ltr' id='par_1_86' title="bbox 2137 4039 3732 4137">
     <span class='ocr_line' id='line_1_86' title="bbox 2137 4039 3732 4137; baseline -0.021 -9"><span class='ocrx_word' id='word_1_667' title='bbox 2137 4072 2394 4134; x_wconf 86' lang='lat' dir='ltr'><strong>beantur,</strong></span> <span class='ocrx_word' id='word_1_668' title='bbox 2419 4082 2523 4124; x_wconf 91' lang='lat' dir='ltr'><strong>nec</strong></span> <span class='ocrx_word' id='word_1_669' title='bbox 2554 4066 2609 4121; x_wconf 92' lang='lat' dir='ltr'><strong>in</strong></span> <span class='ocrx_word' id='word_1_670' title='bbox 2649 4062 2924 4137; x_wconf 87' lang='lat' dir='ltr'><strong>publicum</strong></span> <span class='ocrx_word' id='word_1_671' title='bbox 2969 4055 3342 4130; x_wconf 81' lang='lat' dir='ltr'><strong>proferantur,</strong></span> <span class='ocrx_word' id='word_1_672' title='bbox 3372 4050 3546 4106; x_wconf 91' lang='lat' dir='ltr'><strong>donec</strong></span> <span class='ocrx_word' id='word_1_673' title='bbox 3570 4039 3732 4112; x_wconf 83' lang='lat' dir='ltr'><strong>hujus</strong></span> 
     </span>
    </p>
   </div>
   <div class='ocr_carea' id='block_1_87' title="bbox 2138 4133 3732 4234">
    <p class='ocr_par' dir='ltr' id='par_1_87' title="bbox 2138 4133 3732 4234">
     <span class='ocr_line' id='line_1_87' title="bbox 2138 4133 3732 4234; baseline -0.019 -15"><span class='ocrx_word' id='word_1_674' title='bbox 2138 4160 2454 4234; x_wconf 63' lang='lat' dir='ltr'><strong>quaestionis</strong></span> <span class='ocrx_word' id='word_1_675' title='bbox 2479 4133 2850 4216; x_wconf 79' lang='lat' dir='ltr'><strong>controversia</strong></span> <span class='ocrx_word' id='word_1_676' title='bbox 2879 4151 3165 4225; x_wconf 85' lang='lat' dir='ltr'><strong>diligenter</strong></span> <span class='ocrx_word' id='word_1_677' title='bbox 3191 4146 3260 4203; x_wconf 86' lang='lat' dir='ltr'><strong>ab</strong></span> <span class='ocrx_word' id='word_1_678' title='bbox 3285 4140 3538 4200; x_wconf 84' lang='lat' dir='ltr'><strong>omnibus</strong></span> <span class='ocrx_word' id='word_1_679' title='bbox 3569 4133 3732 4192; x_wconf 79' lang='lat' dir='ltr'><strong>fuerit</strong></span> 
     </span>
    </p>
   </div>
   <div class='ocr_carea' id='block_1_88' title="bbox 2139 4232 3758 4322">
    <p class='ocr_par' dir='ltr' id='par_1_88' title="bbox 2139 4232 3758 4322">
     <span class='ocr_line' id='line_1_88' title="bbox 2139 4232 3758 4322; baseline -0.019 -9"><span class='ocrx_word' id='word_1_680' title='bbox 2139 4232 2453 4320; x_wconf 81' lang='lat' dir='ltr'><strong>eventilata,</strong></span> <span class='ocrx_word' id='word_1_681' title='bbox 2483 4260 2542 4308; x_wconf 91' lang='lat' dir='ltr'><strong>et</strong></span> <span class='ocrx_word' id='word_1_682' title='bbox 2569 4250 2703 4322; x_wconf 90' lang='lat' dir='ltr'><strong>quid</strong></span> <span class='ocrx_word' id='word_1_683' title='bbox 2731 4245 3026 4306; x_wconf 88' lang='lat' dir='ltr'><strong>tenendum</strong></span> <span class='ocrx_word' id='word_1_684' title='bbox 3076 4243 3146 4299; x_wconf 90' lang='lat' dir='ltr'><strong>ab</strong></span> <span class='ocrx_word' id='word_1_685' title='bbox 3180 4237 3455 4300; x_wconf 86' lang='lat' dir='ltr'><strong>omnibus,</strong></span> <span class='ocrx_word' id='word_1_686' title='bbox 3486 4232 3560 4288; x_wconf 87' lang='lat' dir='ltr'><strong>sit</strong></span> <span class='ocrx_word' id='word_1_687' title='bbox 3583 4242 3758 4315; x_wconf 46' lang='lat' dir='ltr'><strong>com-5</strong></span> 
     </span>
    </p>
   </div>
   <div class='ocr_carea' id='block_1_89' title="bbox 2139 4328 3731 4422">
    <p class='ocr_par' dir='ltr' id='par_1_89' title="bbox 2139 4328 3731 4422">
     <span class='ocr_line' id='line_1_89' title="bbox 2139 4328 3731 4422; baseline -0.021 -16"><span class='ocrx_word' id='word_1_688' title='bbox 2139 4347 2449 4422; x_wconf 88' lang='lat' dir='ltr'><strong>probatum.</strong></span> <span class='ocrx_word' id='word_1_689' title='bbox 2490 4342 2645 4412; x_wconf 90' lang='lat' dir='ltr'><strong>Quod</strong></span> <span class='ocrx_word' id='word_1_690' title='bbox 2671 4341 2718 4398; x_wconf 89' lang='lat' dir='ltr'><strong>si</strong></span> <span class='ocrx_word' id='word_1_691' title='bbox 2747 4336 3084 4413; x_wconf 90' lang='lat' dir='ltr'><strong>displicuerit</strong></span> <span class='ocrx_word' id='word_1_692' title='bbox 3108 4332 3326 4390; x_wconf 86' lang='lat' dir='ltr'><strong>libellus</strong></span> <span class='ocrx_word' id='word_1_693' title='bbox 3357 4328 3484 4392; x_wconf 88' lang='lat' dir='ltr'><strong>iste,</strong></span> <span class='ocrx_word' id='word_1_694' title='bbox 3507 4337 3606 4397; x_wconf 89' lang='lat' dir='ltr'><strong>per</strong></span> <span class='ocrx_word' id='word_1_695' title='bbox 3633 4333 3731 4375; x_wconf 89' lang='lat' dir='ltr'><strong>vos</strong></span> 
     </span>
    </p>
   </div>
   <div class='ocr_carea' id='block_1_90' title="bbox 2138 4417 3729 4505">
    <p class='ocr_par' dir='ltr' id='par_1_90' title="bbox 2138 4417 3729 4505">
     <span class='ocr_line' id='line_1_90' title="bbox 2138 4417 3729 4505; baseline -0.019 -7"><span class='ocrx_word' id='word_1_696' title='bbox 2138 4417 2492 4497; x_wconf 81' lang='lat' dir='ltr'><strong>obsecramus</strong></span> <span class='ocrx_word' id='word_1_697' title='bbox 2548 4445 2610 4491; x_wconf 88' lang='lat' dir='ltr'><strong>ut</strong></span> <span class='ocrx_word' id='word_1_698' title='bbox 2661 4433 2987 4505; x_wconf 88' lang='lat' dir='ltr'><strong>corrigatur,</strong></span> <span class='ocrx_word' id='word_1_699' title='bbox 3031 4437 3088 4486; x_wconf 88' lang='lat' dir='ltr'><strong>et</strong></span> <span class='ocrx_word' id='word_1_700' title='bbox 3132 4424 3290 4484; x_wconf 91' lang='lat' dir='ltr'><strong>nobis</strong></span> <span class='ocrx_word' id='word_1_701' title='bbox 3326 4435 3452 4494; x_wconf 73' lang='lat' dir='ltr'><strong>qua:</strong></span> <span class='ocrx_word' id='word_1_702' title='bbox 3479 4417 3729 4476; x_wconf 85' lang='lat' dir='ltr'><strong>correcta</strong></span> 
     </span>
    </p>
   </div>
   <div class='ocr_carea' id='block_1_91' title="bbox 2141 4527 2927 4590">
    <p class='ocr_par' dir='ltr' id='par_1_91' title="bbox 2141 4527 2927 4590">
     <span class='ocr_line' id='line_1_91' title="bbox 2141 4527 2927 4590; baseline -0.008 -3"><span class='ocrx_word' id='word_1_703' title='bbox 2141 4533 2343 4590; x_wconf 77' lang='lat' dir='ltr'><strong>fuerint</strong></span> <span class='ocrx_word' id='word_1_704' title='bbox 2362 4548 2471 4590; x_wconf 90' lang='lat' dir='ltr'><strong>non</strong></span> <span class='ocrx_word' id='word_1_705' title='bbox 2501 4527 2927 4588; x_wconf 89' lang='lat' dir='ltr'><strong>abscondantur.</strong></span> 
     </span>
    </p>
   </div>
  </div>
