4088 6344
382 391 450 450 si
818 367 840 386 "
880 388 934 404 υ
983 364 992 368 ’
1474 380 1672 442 mann
1706 381 1794 439 DE
1829 379 2245 438 NATIVITATE
2280 379 2572 438 CHRISTI.
3591 383 3661 440 se

387 595 3656 622 W

1501 746 2540 862 ΒΔΤΒΔΜΝῙ

479 923 648 975 ’ῗφιῖ
702 938 767 972 η·

1667 977 2073 1023 COBBEIENIIS
2107 979 2242 1023 MON
2252 978 2395 1022 ACHI

552 1166 698 1321 DE
749 1030 910 1317 liti
986 1155 1274 1338 onor
1350 1152 1906 1314 tllIRIS'l‘US
1997 1155 2140 1348 rx
2261 1157 2741 1316 VIRGINE
2839 1160 3214 1323 NATUS
3295 1164 3503 1322 rsr

1824 1448 2278 1564 LIBER.

1401 1669 1560 1735 (Apud
1584 1669 1864 1733 Acherium,
1891 1669 2154 1736 Splcilegii
2191 1679 2322 1724 tonio
2343 1672 2386 1738 1,
2421 1687 2533 1740 pag.
2563 1674 2670 1740 52.)

1540 1949 2036 2032 MONITUM
2096 1950 2537 2032 ACHERII.

359 2281 362 2290 '
464 2283 544 2340 De
568 2280 869 2338 Ratramno
895 2279 1012 2336 haec
1040 2285 1223 2336 monet
1258 2275 1524 2335 Acherius
1567 2277 1622 2334 in
1649 2292 1745 2334 sua
1773 2276 1977 2335 Praefa-
2009 2283 2061 2344 Α
2085 2279 2372 2346 Ecclesiae,
2426 2277 2530 2335 col.
2585 2277 2691 2335 245
2723 2293 2738 2334 :
2783 2278 3152 2348 Bertramnus,
3206 2281 3297 2336 lib.
3334 2282 3400 2338 de
3449 2280 3680 2366 Corpore

391 2380 580 2437 tione:
617 2395 637 2430 ι
666 2374 974 2442 Ratramni,
1001 2373 1125 2430 aliis
1141 2373 1473 2440 Bertramni,
1499 2371 1843 2430 Corbeiensis
1867 2388 1986 2429 mo-

393 2469 556 2527 nachi
614 2466 937 2539 presbyteri,
996 2463 1344 2536 Opusculum,
1400 2463 1474 2519 De
1529 2481 1588 2519 eo
1634 2465 1772 2536 quod
1830 2463 1985 2519 Chri-

395 2576 511 2618 stus
538 2561 603 2616 de
636 2557 849 2632 Virgine
876 2568 1033 2613 natus
1053 2568 1150 2625 est,
1181 2567 1261 2613 tot
1289 2557 1501 2614 saeculis
1531 2559 1585 2613 in
1615 2555 1808 2629 Anglia
1840 2565 1988 2612 tene-

395 2656 508 2712 bris
535 2654 798 2720 obsitum,
827 2652 883 2708 in
912 2651 1142 2708 Galliam
1175 2653 1394 2708 demum
1429 2665 1532 2705 non
1575 2649 1777 2720 absque
1805 2648 1989 2704 indus-

395 2748 499 2804 tria
528 2747 699 2803 redux
725 2745 901 2802 effeci.
926 2745 1130 2801 Ansam
1157 2745 1388 2817 praebuit
1421 2743 1670 2800 Usserius
1697 2742 1990 2797 Armacha-

399 2855 525 2906 nus,
551 2838 645 2909 qui
669 2853 780 2894 sua:
809 2837 1166 2892 Batramnum
1212 2835 1333 2892 labe
1361 2836 1632 2892 haereseos
1655 2843 1715 2890 ut
1739 2848 1991 2906 asperge-

400 2943 503 2998 ret,
532 2931 791 2999 insibilat,
843 2931 1018 3004 ipsum
1045 2931 1202 3001 panis
1229 2931 1587 2987 substantiam
1629 2928 1990 2985 Eucharistia:

403 3033 749 3081 sacramento
775 3024 828 3079 in
866 3039 1062 3095 corpus
1092 3021 1213 3078 Filii
1239 3022 1333 3078 Dei
1362 3021 1738 3086 transmutari,
1780 3019 1990 3076 duobus

397 3134 537 3190 quos
588 3119 656 3176 de
700 3132 767 3172 eo
799 3125 1148 3173 sacramento
1196 3114 1350 3171 libris
1399 3115 1744 3186 conscripsit,
1782 3129 1992 3184 nequa-

365 3197 370 3202 ’
402 3226 567 3282 quam
617 3210 943 3267 admittere:
975 3225 1371 3282 perperamque
1398 3210 1452 3266 id
1480 3208 1734 3266 Usserius
1763 3209 1993 3266 suadere

367 3287 647 3370 conatur,
671 3304 727 3359 in
746 3303 1076 3361 Gottescalci
1099 3303 1239 3360 Hist.
1269 3318 1387 3374 cap.
1410 3319 1469 3369 ιι,
1492 3303 1638 3359 hunc
1660 3303 1714 3358 in
1738 3302 1988 3358 modum:

373 3389 552 3452 'Inter
604 3394 873 3467 Opuscuia
913 3396 1028 3467 ejus
1079 3393 1398 3468 (Ratramm’)
1445 3410 1562 3466 qua:
1611 3393 1680 3448 ad
1719 3392 1992 3448 Tritltemii

399 3488 642 3544 notitiam
690 3504 795 3543 non
850 3495 1212 3559 pervenerunt,
1263 3501 1427 3541 unum
1466 3493 1558 3551 est
1593 3485 1658 3538 de
1704 3482 1995 3539 Nativitate

400 3583 619 3651 Christi,
663 3585 718 3638 in
755 3600 856 3655 quo
881 3582 1116 3639 eamdem
1140 3597 1298 3653 quam
1337 3579 1394 3634 in
1427 3577 1559 3633 libro
1586 3577 1650 3632 de
1688 3573 1918 3648 Corpore
1943 3584 1992 3631 et

2089 2381 2138 2427 et
2177 2370 2448 2444 Sanguine
2504 2371 2730 2428 ostendit
2777 2388 2964 2444 corpus
3016 2373 3234 2428 Domini
3277 2384 3327 2429 et
3373 2375 3683 2447 sanguinem

2088 2480 2246 2534 super
2273 2463 2442 2518 altare
2464 2480 2557 2520 seu
2595 2480 2829 2520 mensam
2851 2465 2995 2536 poni,
3024 2475 3072 2521 et
3101 2465 3223 2521 inde
3251 2467 3444 2538 populo
3489 2467 3677 2524 distrio

2091 2557 2199 2625 bui,
2230 2565 2339 2614 etc.

2169 2667 2189 2701 ι
2225 2649 2586 2708 Ratramnum
2617 2652 2774 2708 docte
2820 2651 3228 2724 luculenterque
3259 2654 3329 2710 ab
3352 2655 3500 2710 omni
3531 2669 3686 2711 naevo

2091 2759 2374 2802 asseruere
2392 2744 2591 2802 Sextus
2613 2744 3066 2817 Senensis,-praef.
3094 2748 3436 2804 bibliothecae
3455 2756 3682 2814 sanctae,

2091 2836 2382 2892 cardinalis
2401 2835 2685 2904 Peronius,
2708 2853 2772 2894 ac
2793 2853 2995 2910 praeses
3014 2838 3363 2911 Mauguinus:
3387 2840 3477 2898 ille
3497 2840 3593 2898 lib.
3623 2858 3684 2897 ιι.

2065 2927 2290 3002 ΕιιοΙι..
2347 2931 2553 2999 capp.l
2589 2938 2645 2984 et
2681 2930 2755 2998 2;
2788 2930 2891 2987 iste
2937 2946 3067 2988 vero
3113 2933 3387 2989 historicas
3439 2941 3496 2988 et
3528 2933 3688 2992 chro-

2059 3019 2230 3084 nica:
2271 3019 2675 3078 Dissertationis
2718 3037 2838 3095 cap.
2887 3023 2977 3091 57,
3028 3024 3228 3082 litteris
3277 3041 3344 3082 ac
3387 3025 3532 3084 fama
3587 3028 3687 3084 ﬂo-

2095 3114 2270 3171 ruisse
2326 3114 2685 3172 Ratramnum
2735 3115 2992 3174 Ludovici
3045 3117 3128 3174 Pii
3182 3127 3239 3174 et
3295 3119 3476 3177 Caroli
3533 3118 3688 3177 Calvi

2095 3216 2434 3279 tempestate,
2490 3208 2652 3265 fidem
2686 3207 2892 3265 faciunt
2941 3224 3076 3281 quas
3133 3211 3358 3283 protulit
3401 3211 3689 3269 elucubra-

2095 3300 2294 3357 tiones.
2361 3321 2380 3354 ο

2164 3393 2439 3450 Hactenus
2461 3393 2754 3450 Acberium
2781 3394 3190 3467 exscripsimus.
3237 3395 3393 3453 Nunc
3421 3397 3683 3454 lectorem

2095 3503 2398 3556 monemus,
2430 3489 2503 3546 ita
2532 3491 2794 3562 scriptum
2830 3506 2950 3549 esse
2976 3495 3043 3549 de
3068 3501 3227 3565 partu
3246 3492 3489 3566 Virginis
3515 3512 3546 3552 a
3575 3495 3685 3549 Ra-

2099 3589 2309 3636 tramno
2329 3589 2383 3636 et
2410 3581 2479 3637 ab
2497 3581 2614 3652 ejus
2637 3583 2830 3640 abbate
2855 3584 3140 3652 liatberto,
3167 3595 3227 3641 ut
3247 3596 3440 3642 neuter
3461 3587 3688 3644 alterius

400 3675 672 3750 Sanguine
725 3676 939 3732 Domini
988 3675 1172 3743 tradit,
1209 3674 1502 3730 doctrinam
1551 3680 1868 3742 propugnat.
1920 3660 2417 3742 DeBopusculum
2472 3670 2668 3742 legisse
2717 3671 3012 3740 videatur;
3060 3689 3161 3730 nec
3206 3676 3351 3730 enim
3393 3677 3690 3734 verisimile

402 3770 584 3824 anima
608 3769 854 3834 alterum,
888 3776 995 3822 etc.

479 3881 498 3914 ‹
529 3860 704 3928 Quam
735 3875 898 3932 porro
925 3876 955 3916 a
984 3873 1114 3919 vero
1143 3859 1361 3915 aberret
1387 3857 1504 3914 haec
1529 3855 1780 3921 assertio,
1804 3852 1999 3925 probat

407 3957 698 4027 ipsummet
723 3955 1062 4026 opusculum,
1094 3955 1183 4010 cui
1211 3951 1416 4009 erroris
1443 3951 1669 4023 hujusce
1696 3963 1763 4004 ne
1787 3947 1995 4004 verbuli

404 4046 627 4118 quidem
679 4057 774 4101 aut
809 4047 982 4118 apicis
1029 4045 1318 4117 vestigium
1372 4045 1534 4102 inest.
1589 4042 1702 4098 lmo
1754 4055 1886 4097 vero
1916 4040 1994 4096 illi

405 4142 508 4212 ipsi
539 4142 896 4214 perduellium
925 4141 1265 4214 antesignani
1289 4139 1778 4213 Magdeburgenses
1808 4146 1995 4194 centu-

2100 3772 2202 3830 est,
2226 3763 2272 3820 si
2297 3763 2569 3835 legissent,
2585 3772 2877 3835 utrumque
2905 3765 3091 3822 eadem
3118 3767 3428 3824 testimonia
3450 3769 3691 3839 prolatu-

2101 3871 2220 3911 rum
2260 3855 2447 3922 fuisse,
2495 3872 2650 3912 suam
2696 3867 2757 3912 ut
2803 3857 3031 3929 quisque
3058 3860 3380 3916 sententiam
3408 3860 3686 3932 probaret,

2101 3963 2202 4006 nec
2222 3948 2395 4004 ullam
2423 3963 2607 4005 curam
2635 3949 3006 4006 adhibiturum
3043 3951 3236 4017 fuisse,
3269 3961 3327 4006 ut
3353 3967 3420 4008 ea
3447 3953 3690 4009 testimo-

2103 4041 2191 4096 nia
2217 4056 2533 4112 perversum
2561 4041 2617 4096 in
2641 4041 2974 4098 intellectum
3000 4042 3213 4099 detorta
3239 4057 3359 4100 esse
3395 4042 3464 4099 ab
3493 4043 3690 4100 adver-

2103 4136 2248 4193 sario
2273 4136 2688 4194 demonstraret.
2723 4135 2836 4192 Hoc
2867 4135 3032 4193 etiam
3056 4152 3167 4194 non
3195 4137 3556 4193 omittendum
3581 4146 3686 4204 est,

406 4233 486 4290 ria
517 4251 594 4301 rx,
627 4251 747 4308 cap.
781 4236 846 4291 de
874 4235 1151 4303 Doctrina,
1181 4233 1283 4291 col.
1334 4233 1464 4302 212,
1493 4234 1683 4305 paucis
1710 4231 1995 4289 Usserium
2096 4231 2333 4304 priorem
2370 4231 2661 4287 editionem
2686 4230 2942 4288 collatam
2978 4246 3101 4288 esse
3129 4246 3252 4289 cum
3279 4232 3464 4288 veteri
3503 4231 3690 4288 codice

407 4325 660 4384 refellunt
688 4346 701 4382 :
733 4326 1355 4386 Tranrsubstantiationis
1378 4325 1534 4382 habet
1552 4326 1752 4382 semina
1779 4323 1995 4380 Bertra-

408 4436 583 4487 mnus,
627 4422 799 4477 utitur
824 4421 965 4476 enim
995 4419 1260 4476 vocabulis
1292 4419 1752 4484 commutationis,
1782 4426 1831 4473 et
1868 4432 1996 4472 con-

407 4512 691 4570 versionis.
759 4512 828 4570 Et
885 4528 1003 4586 cap.
1048 4513 1082 4570 6
1153 4513 1220 4570 de
1265 4510 1614 4570 Caeremoniis
1673 4518 1729 4567 et
1779 4509 1995 4567 Ritibus

2097 4321 2265 4378 Dallei
2287 4337 2318 4377 a
2347 4323 2410 4378 D.
2442 4321 2598 4378 Edm.
2627 4321 2890 4390 Martene,
2917 4323 3010 4397 qui
3038 4323 3218 4381 varias
3246 4322 3506 4380 lectiones
3533 4321 3692 4380 nobis

2099 4416 2536 4475 communicavit.

417 4687 3686 4728 Mm

1657 4858 2009 4919 AUCTORIS
2042 4856 2436 4916 PREFATIO.

381 5073 386 5078 ’
483 5051 545 5111 Si
583 5063 692 5107 uno
733 5048 837 5106 sub
885 5045 1149 5118 magistro
1193 5042 1410 5100 Christo
1459 5055 1652 5099 omnes
1701 5039 1997 5097 Christiani
2027 5043 2072 5106 (ζ
2103 5047 2260 5095 uerat
2285 5037 2631 5094 charitatem.
2674 5033 2909 5090 Perinde
2955 5040 3131 5089 cesset
3178 5032 3268 5090 hic
3296 5033 3380 5089 vel
3411 5033 3574 5092 facies
3610 5035 3695 5093 in-

409 5124 722 5208 censeinur,
770 5140 818 5196 si
863 5153 970 5195 uno
1021 5135 1233 5194 caelesti
1278 5133 1438 5190 Patre
1481 5132 1725 5189 universi
1770 5131 2001 5188 creden-

410 5253 494 5297 tes
545 5236 864 5308 gloriamur,
912 5233 960 5290 si
1008 5231 1171 5289 unius
1212 5229 1447 5302 Spiritus
1497 5229 1705 5286 findere
1745 5229 1801 5284 in
1843 5227 2004 5284 unius

411 5329 701 5389 charitatis
754 5337 1014 5397 compage
1067 5321 1386 5388 solidamur,
1436 5336 1544 5377 non
1595 5330 1679 5377 est
1725 5321 1870 5392 quod
1917 5335 2005 5376 me

411 5438 444 5480 a
471 5432 563 5478 tua
604 5417 913 5492 dignatione
962 5413 1267 5486 seiunctum
1315 5426 1526 5478 verear,
1582 5410 1871 5482 quominus
1921 5426 2006 5466 re-

415 5515 601 5589 ligioni
634 5523 739 5570 tua:
767 5510 1056 5568 familiaria
1108 5509 1310 5579 scripta
1358 5505 1676 5579 procudam.
1708 5505 1824 5561 Non
1859 5506 2002 5562 enim

415 5607 501 5664 vel
528 5605 806 5678 sanguinis
831 5601 1208 5675 propinquitas
1230 5608 1379 5656 tanta
1405 5605 1491 5655 est
1517 5607 1719 5670 quanta
1746 5597 2002 5669 Spiritus.

417 5700 657 5757 Terrena
683 5697 892 5755 scilicet
919 5709 1157 5767 propago
1182 5691 1409 5748 inferior
1434 5691 1606 5747 multo
1631 5698 1715 5747 est
1735 5704 1899 5761 quam
1925 5689 2005 5744 di-

419 5793 567 5858 vina,
598 5805 700 5847 nec
726 5786 900 5846 cilicia
951 5785 1264 5859 temporalis
1315 5784 1622 5856 obsequelae
1669 5791 1872 5839 tantam
1915 5797 2009 5852 pa-

427 5888 576 5945 riunt
603 5884 834 5961 gratiam
873 5881 1180 5942 dilectionis
1225 5887 1485 5951 quantam
1525 5877 1724 5935 divinis
1749 5876 1887 5948 ignis
1915 5889 2007 5946 ge-

2108 5131 2246 5198 visa,
2294 5129 2379 5184 vel
2425 5143 2620 5184 nomen
2654 5128 2918 5200 ignotum,
2951 5125 3036 5180 vel
3063 5123 3448 5181 familiaritatis
3475 5143 3695 5200 compa-

2108 5225 2249 5280 ratio
2309 5222 2476 5289 nulla,
2521 5222 2612 5277 ubi
2669 5221 2722 5276 in
2766 5220 2972 5292 copulae
3023 5217 3240 5277 socialis
3294 5221 3692 5278 devinctionem

2109 5325 2278 5380 tanta,
2303 5324 2409 5369 tam
2441 5329 2633 5383 magna
2658 5321 2875 5386 tamque
2897 5314 3204 5369 necessaria
3225 5314 3552 5370 conveniunt
3569 5313 3694 5384 jura

2108 5409 2443 5480 societatum.
2475 5405 2592 5462 Non
2627 5406 2790 5478 igitur
2817 5407 2962 5462 velut
2991 5406 3227 5462 alienum
3277 5405 3502 5472 refutes,
3531 5423 3694 5478 quem

2109 5518 2342 5575 superna
2394 5501 2631 5557 conditio
2699 5500 2794 5556 tibi
2842 5500 3062 5556 fratrem
3117 5499 3426 5555 conciliavit
3475 5500 3695 5573 propin-

2109 5611 2292 5666 quum.
2324 5593 2459 5650 Cum
2504 5594 2620 5649 haec
2652 5595 2722 5648 ita
2775 5609 2834 5650 se
2873 5593 3126 5656 habeant,
3175 5593 3404 5648 obsecro
3443 5606 3695 5647 reveren-

2112 5689 2242 5745 tiam
2268 5690 2415 5744 tu'am
2437 5697 2497 5745 ut
2523 5688 2591 5744 ad
2615 5687 3016 5760 suggestionem
3045 5685 3328 5757 parvitatis
3367 5693 3568 5742 nostra:
3607 5697 3696 5741 re-

2109 5781 2378 5851 spondere
2405 5795 2510 5838 non
2532 5778 2793 5852 graveris.

2786 5894 3015 5916 σι--ῄ
