4088 6344
398 366 494 459 ἐδ
1458 390 1814 452 RATRAMNI
1852 394 2300 452 commensus
2340 384 2645 451 nossem
3630 391 3698 447 at

929 510 1155 566 CAPUT
1196 508 1485 567 PRIMUM.

430 626 502 680 De
522 624 716 678 Christi
740 624 1004 677 nativitate
1024 622 1077 675 in
1101 619 1382 675 Germania
1407 614 1903 674 errores.'liationes
1923 616 2010 686 af-

408 767 421 784 .
497 695 593 765 fert
624 703 993 760 auclorquare
1022 692 1167 746 nasci
1200 701 1251 743 ut
1282 691 1453 744 cwteri
1477 689 1650 755 debuit
1676 687 1937 753 Christus.

497 806 660 861 Fama
699 815 803 871 est,
849 814 904 861 et
941 803 1296 875 quorumdam
1343 819 1447 858 non
1486 800 1878 857 contemnenda
1923 814 2011 856 co-

425 898 706 971 gnovimus
741 896 1019 961 relatione,
1048 897 1189 965 quod
1219 909 1314 965 per
1341 893 1644 950 Germania:
1689 902 1869 965 partes
1898 906 2013 953 ser-

424 1006 558 1061 pens
580 990 830 1059 antiquus
862 987 1099 1057 perﬁdiae
1118 1002 1267 1041 nova:
1296 1000 1501 1040 venena
1521 984 1803 1061 diffundat,
1843 993 1895 1037 et
1922 998 2013 1037 ca-

426 1081 680 1137 tholicam
726 1094 889 1152 super
934 1078 1218 1147 nativitate
1271 1076 1571 1141 Salvatoris
1618 1074 2012 1141 ﬁdem,neseio

424 1189 531 1244 qua
560 1170 767 1235 fraudis
812 1168 1111 1235 subtilitate
1148 1169 1461 1229 subvertere
1487 1163 1739 1230 molitur;
1784 1164 2013 1235 dogma-

425 1265 599 1319 tizans
627 1261 831 1318 Christi
852 1260 1136 1315 infantiam
1161 1274 1257 1329 per
1287 1255 1795 1329 virginalisjauuam
1818 1254 2010 1321 vulvae,

425 1357 673 1411 humanae
699 1354 996 1409 nativitatis
1035 1368 1225 1407 verum
1252 1366 1357 1406 non
1408 1351 1662 1405 habuisse
1688 1358 1892 1425 ortum,
1918 1346 2013 1403 sed

423 1455 766 1505 monstruose
792 1446 860 1502 de
884 1453 1092 1501 secreto
1132 1444 1337 1499 ventris
1385 1443 1591 1498 incerto
1617 1426 2012 1503 tramite'lumi-

423 1537 510 1594 nis
529 1537 585 1591 in
614 1551 779 1592 auras
804 1536 1003 1601 exisse,
1035 1535 1179 1605 quod
1210 1550 1317 1590 non
1339 1542 1426 1589 est
1463 1532 1635 1597 nasci,
1664 1531 1758 1587 sed
1780 1531 2010 1600 erumpi.

424 1628 579 1696 Quod
607 1628 756 1685 enim
803 1629 921 1683 vias
967 1628 1107 1682 uteri
1160 1625 1430 1681 nascendo
1471 1639 1579 1685 non
1614 1631 1703 1684 est
1745 1630 2014 1687 secutum,

423 1708 518 1773 sed
559 1728 881 1789 quacunque
901 1732 1116 1773 versum
1156 1726 1410 1799 tanquam
1425 1729 1523 1785 per
1543 1714 1804 1784 parietem
1825 1712 2017 1768 domus

423 1809 619 1882 erupit,
650 1824 757 1865 non
773 1809 899 1878 jure
926 1817 1111 1864 natum
1135 1823 1274 1872 esse,
1314 1807 1407 1863 sed
1431 1806 1693 1862 violenter
1713 1819 2012 1876 egressum.

2037 521 2080 579 Α
2117 509 2290 565 rinam
2327 509 2587 574 maternis
2611 507 2898 565 exitiosam
2933 496 3295 577 conecptibus’
3311 506 3586 571 concedis,
3609 513 3702 561 aut

2116 596 2455 651 mustelinam
2507 596 2767 652 fabulosis
2828 595 3061 653 efﬁctam
3093 597 3437 652 commentis.
3491 595 3559 651 Ut
3588 612 3702 649 ma-

2112 688 2274 753 Μυσὴ
2308 689 2488 769 pntius
2534 690 2814 749 hominum
2852 687 3183 759 Redemptor
3211 688 3277 743 de
3310 689 3531 760 Virgine
3577 702 3703 741 cou-

2113 786 2321 848 eeptus,
2353 778 2434 834 vel
2456 779 2823 848 serpentinam
2866 787 3071 833 natura:
3114 780 3466 843 contrariam,
3498 776 3579 831 vel
3612 791 3704 847 pc—

2114 871 2323 926 cualem
2348 871 2635 925 conﬁctam
2666 871 3003 925 nativitatem
3027 871 3302 941 suscipere
3328 885 3493 941 quam
3510 869 3703 923 huma-

2116 979 2261 1017 nam.
2293 958 2400 1018 lsto
2422 965 2605 1034 itaque
2636 965 2817 1032 modo,
2836 966 2952 1036 jam
2977 965 3236 1036 quidquid
3263 962 3482 1018 libuerit
3507 961 3707 1033 poterit

2115 1056 2433 1139 excogitari,
2464 1055 2543 1109 vel
2577 1056 2954 1139 undecunque,
2981 1056 3065 1134 vel
3092 1070 3189 1127 per
3209 1055 3566 1137 quodcunque
3591 1051 3706 1123 pla-

2116 1145 2293 1211 cuerit
2338 1154 2527 1213 natum
2582 1146 2749 1215 fuisse
2782 1145 3058 1215 Christum
3088 1146 3476 1227 blasphemari,
3505 1154 3563 1200 ut
3595 1160 3706 1200 non

2117 1240 2187 1295 sit
2218 1240 2491 1310 virgineus
2518 1244 2707 1310 partus
2756 1239 2991 1295 Verbum
3021 1242 3152 1295 caro
3186 1236 3412 1304 factum,
3446 1237 3542 1294 sed
3575 1251 3704 1310 pro-

2118 1333 2331 1403 digialis
2353 1348 2627 1404 egressus.

2740 1485 2968 1543 CAPUT
3006 1485 3069 1541 ll.

2117 1620 2659 1693 Objieituritgiolatam
2690 1621 2873 1693 matris
2912 1620 3280 1693 integritatem.
3316 1580 3771 1693 (inmunitatem;

2380 1691 2555 1747 Maria
2576 1708 2777 1762 semper
2803 1692 3051 1762 virginem
3074 1689 3437 1761 permansisse.

2193 1831 2318 1895 Sed,
2347 1845 2550 1901 quaeso,
2579 1846 2676 1885 cur
2710 1828 2913 1901 refugis
2937 1828 3210 1884 ascribere
3238 1826 3456 1884 Christo
3484 1835 3708 1882 natura-

423 1900 544 1956 Jam
574 1916 705 1974 ergo
734 1917 836 1957 nec
876 1914 1005 1956 vere
1039 1908 1198 1954 natus
1238 1898 1510 1963 Christus,
1539 1912 1639 2044 ne;
1674 1910 1802 1957 νοτθ
1827 1895 2015 1973 53mm
2043 1893 2090 1961 Β
2119 1923 2223 1980 lem
2254 1921 2533 1994 virginalis
2554 1932 2723 1992 portae
2749 1893 3139 1993 progressum?
3166 1920 3475 1991 Propterea,
3503 1920 3707 1990 inquis,

426 1995 612 2044 Maria.
649 1996 719 2044 At.
747 2011 875 2044 vero
925 1996 1056 2044 ﬁdes
1107 1994 1267 2044 habet
1310 1992 1572 2044 catholica
1634 2006 1786 2044 esum
1822 1999 2009 2044 natum
2115 2009 2366 2044 -.'.....:.....
2397 2017 2439 2044 ης
2469 2015 2605 2044 ...ρης
2636 2024 2845 2044 ..η-...τη
2879 2015 3038 2044 ,ης-,μ
3105 2029 3209 2044 nm.
3237 2022 3314 2044 ηρ.
3350 2012 3583 2044 mussat.
3620 2012 3706 2044 tu,

425 1995 612 2051 Maria.
648 1996 719 2051 At
747 2011 875 2051 vero
925 1996 1056 2050 ﬁdes
1107 1994 1267 2048 habet
1310 1992 1572 2048 catholica
1602 1992 1786 2046 Jesum
1822 1999 2009 2044 natum

424 2103 491 2142 ex
529 2086 698 2142 Maria
734 2085 970 2159 Virgine.
1006 2085 1159 2153 Quod
1185 2083 1425 2155 Angelus
1455 2082 1524 2137 ad
1548 2096 1669 2137 eam
1700 2080 1901 2136 missus
1942 2080 2011 2135 si-

426 2186 604 2257 gnatis
623 2184 908 2240 ennuntiat
936 2182 1114 2239 verbis
1146 2196 1160 2235 :
1192 2199 1209 2232 ι
1246 2180 1405 2243 Ecce,
1438 2177 1704 2247 inquiens,
1741 2175 2012 2245 concipies

427 2277 481 2331 in
512 2258 692 2342 utero,
742 2283 798 2329 et
814 2274 995 2345 paries
1016 2271 1186 2328 filium
1220 2270 1371 2343 (Luc.
1398 2270 1440 2334 t,
1461 2269 1579 2341 Si).
1630 2282 1649 2321 δ
1679 2266 1813 2324 Vide
1846 2278 2010 2338 quam

426 2367 707 2423 evidenter
729 2375 933 2422 sectam
964 2362 1169 2435 depulit
1205 2363 1515 2419 nefandam.
1556 2360 1671 2417 Non
1716 2359 1791 2415 ait
1823 2377 1834 2414 :
1867 2360 2012 2415 Con-

425 2459 593 2528 cipies
616 2456 804 2521 ﬁlium,
833 2464 890 2510 et
918 2455 1223 2526 egredietur
1252 2460 1347 2509 tuo
1370 2451 1438 2507 de
1462 2461 1643 2518 utero,
1676 2450 1792 2514 sed,
1828 2469 1844 2501 ι
1882 2463 2015 2504 con-

425 2555 594 2624 cipies
623 2562 678 2608 et
724 2552 925 2623 paries,
973 2571 991 2604 ι
1040 2560 1328 2631 utrumque
1370 2550 1611 2605 referens
1660 2550 1725 2603 ad
1762 2545 2009 2613 Mariam,

427 2654 486 2701 ut
529 2646 844 2716 virginitate
881 2655 906 2685 ι
942 2642 1198 2699 inviolata
1222 2652 1282 2699 et
1320 2643 1634 2714 conciperet
1656 2648 1911 2710 tauquam
1938 2638 2013 2694 fe-

425 2738 592 2803 mina,
635 2745 690 2792 et
730 2744 949 2808 pareret
975 2742 1232 2807 tanquam
1276 2744 1469 2798 mater,
1498 2744 1570 2788 ne
1617 2731 1849 2805 genitrix
1881 2730 2016 2786 divi-

426 2831 613 2885 nitatis
650 2830 717 2885 de
751 2838 1015 2900 conceptu
1047 2828 1200 2883 ﬁeret
1228 2826 1485 2900 gloriosa,
1536 2834 1589 2881 et
1616 2824 1680 2880 de
1704 2832 1860 2896 partu
1889 2822 2015 2879 red-

428 2921 648 2975 deretur
678 2920 962 2974 inhonora.
997 2918 1241 2973 Alterum
1284 2915 1431 2972 velut
1472 2915 1538 2970 ad
1569 2930 1726 2971 suum
1756 2910 2020 2986 penderet

424 3009 680 3076 eliciunt,
726 3011 957 3066 alterum
1010 3011 1078 3065 ad
1126 3008 1269 3065 illius
1302 3009 1400 3080 qui
1451 3006 1857 3077 concipiebatur
1892 3005 2021 3064 effe-

426 3114 574 3158 ctum
603 3119 616 3157 :
644 3105 718 3159 ita
746 3118 845 3159 nec
872 3103 988 3175 ipsa
1012 3108 1189 3158 mater
1216 3103 1489 3158 dit-eretur
1517 3102 1748 3174 integra,
1772 3110 1870 3156 nec
1891 3099 2017 3157 Sal-

426 3195 635 3251 vatoris
686 3194 941 3251 nativitas
971 3208 1038 3249 ex
1063 3204 1236 3249 matre
1262 3192 1524 3265 perfecta.
1553 3192 1812 3261 Quamvis
1851 3192 2013 3247 etiam

2114 2009 2369 2086 quoniam
2397 2017 2440 2071 si
2469 2015 2608 2070 uteri
2636 2024 2847 2085 portam
2877 2015 3066 2080 exivit,
3105 2029 3211 2068 non
3236 2022 3319 2068 est
3350 2012 3587 2084 Virginis
3620 2012 3708 2067 in-

2110 2106 2339 2178 tegritas
2372 2106 2715 2161 intemerata.
2758 2104 3018 2175 Equidem
3045 2120 3142 2175 per
3183 2118 3564 2175 quemcunque
3593 2101 3711 2157 fne-

2116 2196 2189 2251 rit
2240 2195 2415 2255 locum
2467 2210 2738 2265 egressus,
2786 2204 3181 2281 consequenter
3224 2194 3518 2281 secundmn
3562 2202 3712 2279 tuam

2115 2287 2438 2343 sententiam
2471 2287 2751 2358 integritas
2776 2296 2859 2347 est
2893 2270 3108 2351 violata.
3142 2276 3197 2342 Si
3232 2286 3375 2353 enim
3405 2270 3711 2351 Salvatoris

2115 2390 2268 2443 ortus
2289 2381 2427 2435 viam
2454 2390 2659 2435 natura:
2681 2380 2988 2447 necessario
3008 2364 3184 2437 fuerat
3214 2389 3591 2455 corrupturus,
3611 2394 3710 2435 ne—

2116 2488 2266 2530 cessa
2277 2472 2357 2528 rio
2370 2486 2585 2547 quoque
2610 2488 2930 2546 quacunque
2946 2473 3130 2540 exivit,
3154 2473 3267 2537 sive
3286 2488 3386 2546 per
3404 2472 3565 2539 latus,
3592 2473 3707 2529 sive

2115 2585 2212 2647 per
2226 2576 2490 2634 ventrem,
2506 2567 2620 2622 sive
2635 2582 2731 2639 per
2746 2582 2921 2635 renes,
2939 2567 3051 2623 sive
3064 2582 3162 2638 per
3174 2566 3481 2638 superiores
3494 2565 3715 2647 inferio-

2118 2642 2272 2716 resve
2299 2659 2543 2729 corporis
2570 2667 2775 2731 partes,
2795 2673 2900 2723 non
2922 2660 3127 2735 absque
3155 2659 3481 2739 integritatis
3512 2642 3712 2723 damno

2116 2751 2397 2827 processit.
2440 2750 2599 2808 Absit
2638 2767 2765 2815 vero
2799 2751 3078 2813 catholicis
3125 2753 3390 2819 sensibus,
3425 2763 3481 2813 ut
3513 2754 3712 2809 nativi-

2120 2852 2220 2910 tas,
2258 2856 2358 2915 per
2398 2859 2558 2917 quam
2589 2854 2893 2899 restaurata
2924 2842 3143 2907 fuerunt
3176 2844 3205 2885 ιι
3250 2854 3526 2917 corrupta,
3564 2846 3713 2916 quod

2118 2934 2421 3009 corruperit
2446 2935 2651 3006 integra
2695 2933 2969 2993 credatur.
2996 2934 3239 3008 Intellige
3272 2937 3485 2999 tandem
3522 2952 3711 2995 vecors

2119 3026 2500 3105 praesumptio,
2539 3025 2793 3095 quoniam
2835 3008 2879 3085 si
2904 3041 3001 3096 per
3052 3040 3428 3103 quamcunque
3480 3026 3709 3103 virginei

2121 3119 2363 3191 corporis
2418 3127 2627 3191 partem
2670 3130 2823 3174 ortus
2862 3116 3160 3175 Salvatoris
3189 3119 3365 3193 potuit
3418 3116 3536 3175 ﬁeri
3596 3120 3713 3175 sine

2123 3209 2319 3266 damno
2360 3211 2706 3282 integritatis,
2736 3218 3131 3283 consequenter
3158 3206 3211 3267 et
3252 3204 3357 3267 hoc
3395 3211 3569 3289 potuit
3614 3227 3712 3287 per

430 3286 496 3341 ad
527 3283 749 3341 Mariam
777 3286 1012 3341 directus
1031 3284 1253 3356 angelus
1274 3285 1318 3340 si
1359 3285 1438 3342 sic
1462 3284 1599 3345 foret
1630 3284 1859 3349 locutus,
1907 3288 2015 3339 non

2117 3295 2336 3368 iamiam
2372 3300 2560 3354 vulvae.
2611 3299 2761 3368 Quod
2805 3301 2849 3356 si
2880 3300 3019 3359 hanc
3044 3288 3222 3357 fuerat
3260 3272 3576 3375 viola'turus,
3622 3300 3711 3357 ui-

426 3386 714 3450 propterea
754 3371 1064 3435 necessum
1084 3386 1306 3450 cogeret
1334 3376 1690 3443 intellectum,
1741 3380 1848 3446 quo
1872 3376 2016 3430 nati-

431 3473 569 3549 vitas
619 3471 688 3526 de
733 3467 910 3527 matre
950 3470 1158 3526 Christi
1206 3466 1636 3526 extraordinaria
1677 3466 2012 3522 crederetur.

428 3563 532 3631 Qui
552 3564 699 3620 enim
718 3562 788 3618 de
817 3562 1018 3619 femina
1050 3563 1258 3635 virgine
1293 3560 1504 3630 concipi
1536 3557 1756 3629 detegit,
1796 3556 2016 3613 nonnisi

430 3658 581 3713 nasci
606 3658 675 3714 de
702 3656 904 3714 femina
935 3658 1144 3729 virgine
1182 3656 1330 3711 credi
1364 3654 1521 3709 facile
1556 3652 1843 3723 quivisset,
1880 3662 2019 3721 quo-

436 3749 579 3803 niam
599 3749 665 3804 de
690 3763 822 3804 sexu
854 3747 1115 3820 fragiliori
1142 3746 1491 3802 humanitatis
1515 3746 1607 3816 qui
1628 3743 1830 3814 delegit
1858 3755 2018 3796 exor-

430 3852 563 3905 tum,
591 3856 932 3914 nequaquam
965 3844 1212 3896 humana
1250 3839 1547 3895 nativitatis
1588 3838 1827 3901 modum,
1869 3835 2017 3890 salva

431 3934 757 4004 virginitatis
778 3934 1104 4005 integritate,
1130 3939 1518 3987 contemneret.

499 4047 891 4103 lnconveniens
916 4060 1109 4117 nempe
1130 4042 1434 4103 Divinitatis
1459 4055 1576 4100 erat
1598 4035 1844 4108 consilio,
1876 4050 1936 4098 ut
1962 4042 2015 4097 in

432 4143 679 4211 virgineo
735 4155 963 4211 corpore
1012 4142 1259 4206 uteru'm,
1307 4150 1413 4211 quo
1459 4137 1851 4207 conciperetur,
1910 4149 2017 4205 quo

429 4226 782 4300 formaret'ur,
835 4249 941 4305 quo
995 4249 1191 4289 novem
1244 4234 1506 4289 mensium
1557 4231 1815 4289 dilatione
1841 4239 2019 4301 porta-

432 4330 585 4379 retur
611 4325 853 4397 eligeret,
876 4336 933 4381 et
980 4324 1116 4381 uteri
1149 4327 1312 4390 viam,
1357 4332 1461 4396 qua
1493 4325 1558 4380 de
1603 4323 1841 4393 virginea
1896 4320 2018 4394 'pro-

435 4418 654 4473 cederet
699 4418 843 4482 aula,
901 4418 1223 4488 repudiaret.
1274 4417 1381 4471 Aut
1435 4416 1594 4470 aliam
1655 4415 1818 4486 igitur
1848 4415 2057 4479 viam,‘

434 4525 541 4581 qua
569 4509 785 4565 femina:
811 4513 1087 4581 parientes
1126 4518 1314 4580 partus
1348 4523 1474 4563 suos
1494 4508 1740 4562 emittant
1770 4507 1894 4578 jure
1924 4522 2017 4560 na-

438 4603 666 4683 tivitatis
700 4601 1234 4679 praetersolemnem
1263 4600 1640 4673 parturitionis
1681 4601 1845 4674 viam,
1888 4599 2015 4653 talia

437 4697 744 4768 quicunque
795 4696 1060 4766 garriunt,
1113 4693 1400 4755 edoceant,
1449 4700 1542 4747 aut
1585 4707 1707 4746 eum
1761 4692 2015 4748 habuisse

436 4790 502 4843 de
527 4797 681 4843 utero
707 4788 929 4858 virginis
953 4787 1178 4851 exitum,
1209 4785 1509 4851 Christum,
1557 4801 1713 4855 quem
1740 4785 1825 4847 lex
1858 4801 2015 4849 mon-

438 4891 576 4937 strat
606 4889 830 4944 naturae,
855 4889 1051 4950 przeter
1094 4880 1423 4951 integritatis
1448 4879 1705 4934 violatum
1739 4864 2014 4948 pudorem,

440 4990 662 5033 necesse
682 4990 802 5029 esse
831 4974 1212 5031 conﬁteantur.
1247 4972 1456 5044 Vipera:
1479 4974 1792 5044 priusquam
1833 4980 2017 5042 partu-

440 5064 652 5121 ritionis
696 5065 765 5119 ad
793 5072 1004 5136 tempus
1032 5066 1345 5134 perveniant
1375 5064 1560 5129 catuli,
1594 5064 1827 5119 traditur
1875 5061 2016 5130 quod

443 5166 707 5212 maturam
763 5165 968 5212 naturae
1005 5156 1417 5227 eompletionem
1463 5172 1566 5211 non
1617 5164 2013 5227 exspectantes,

440 5249 677 5306 corrosis
700 5249 889 5304 matris
930 5249 1206 5315 lateribus,
1240 5258 1583 5305 excuntcum
1614 5246 1894 5320 genitricis
1941 5245 2021 5300 iu-

440 5341 624 5395 teritu.
653 5334 748 5395 Est
769 5322 980 5411 quoque
1000 5340 1237 5411 vulgaris
1260 5338 1440 5410 opinio
1462 5335 1746 5393 mustelam
1771 5349 1865 5388 ore
1885 5349 2020 5388 con-

440 5428 641 5504 cipere,
696 5447 826 5488 aure
877 5442 1090 5503 partum
1130 5429 1425 5487 effundere.
1474 5429 1725 5485 Forsitan
1775 5428 2022 5501 quisquis

440 5526 689 5591 humana:
708 5526 850 5581 viam
882 5527 1181 5581 nativitatis
1208 5526 1440 5594 denegas
1463 5522 1705 5589 Christo,
1753 5531 1846 5578 aut
1874 5522 2021 5593 vipe-

514 5740 651 5825 {Ut
670 5744 987 5826 virginitate.
1014 5740 1104 5797 Sir.
1138 5740 1566 5805 emendavimus,
1600 5754 1721 5795 eum
1750 5738 2025 5810 legeretur

543 5824 810 5867 ’tramitas.

482 5826 499 5867 ι
543 5831 601 5866 νυ·
636 5826 766 5867 mna
800 5854 810 5867 .

448 5836 476 5869 Η
518 5832 543 5925 ί
578 5831 810 5942 reuerterit
836 5868 1102 5961 corrupta.
1129 5883 1183 5937 ln
1212 5883 1369 5937 editis
1400 5882 1497 5953 fuit
1523 5892 1767 5955 corrupta
1800 5900 1811 5935 :
1850 5883 1900 5937 in
1927 5898 1992 5939 eo

2118 3389 2410 3451 hilominus
2437 3398 2757 3471 quacunque
2804 3402 2886 3447 est
2929 3409 3203 3464 egressus,
3245 3394 3481 3449 violavit.
3511 3394 3581 3450 At
3622 3411 3712 3461 ca-

2121 3476 2317 3534 tholica
2367 3480 2496 3534 fides
2543 3478 2610 3534 de
2654 3470 2871 3553 Virgine
2919 3479 3215 3539 Salvatoris
3264 3495 3437 3539 matre
3488 3485 3712 3542 Conﬁte-

2121 3572 2228 3639 ων,
2276 3572 2414 3639 quod
2446 3572 2596 3642 virgo
2638 3570 2795 3645 fuerit
2823 3565 2947 3629 an'te
2988 3574 3224 3651 partum,
3253 3572 3407 3647 virgo
3437 3576 3489 3633 in
3529 3588 3709 3650 partu,

2123 3664 2272 3733 \irgo
2315 3660 2440 3733 pust
2470 3664 2704 3735 partum.
2761 3656 3063 3737 Utrumque
3104 3666 3254 3723 vides
3295 3668 3461 3743 credi,
3505 3678 3711 3724 utrum-

2122 3771 2225 3825 que
2257 3756 2543 3821 conﬁteri,
2588 3765 2644 3811 et
2696 3758 2884 3815 matris
2929 3760 3327 3839 virginitatem,
3383 3771 3437 3818 et
3489 3762 3710 3821 infantis

2124 3856 2392 3901 exortum.

2192 3952 2418 4031 Propter
2444 3974 2676 4037 namque
2727 3961 3040 4027 inviolatam
3069 3965 3290 4035 pudoris
3319 3966 3518 4035 aulam,
3550 3968 3712 4039 virgi-

2122 4050 2343 4106 nitatem
2370 4053 2629 4123 praedicat
2655 4064 2709 4121 et
2732 4065 2857 4115 ante
2883 4067 3119 4129 partum,
3147 4060 3276 4116 etin
3298 4071 3478 4134 partu,
3500 4072 3557 4121 et
3586 4072 3713 4136 post

2118 4151 2332 4217 partum
2365 4162 2377 4196 :
2411 4153 2465 4199 et
2489 4154 2710 4223 propter
2738 4163 2879 4209 vera:
2905 4150 3206 4213 nativitatis
3236 4163 3505 4219 exortum,
3524 4171 3710 4215 verum

2120 4232 2385 4305 parientis
2422 4245 2635 4305 partum
2677 4235 2985 4293 conﬁtetur.
3030 4224 3168 4315 Quid
3212 4242 3355 4299 enim
3396 4244 3547 4314 virgo
3584 4255 3710 4303 ante

2122 4332 2358 4393 partum,
2401 4324 2453 4378 ni
2500 4320 2853 4399 imprzegnata
2906 4328 3221 4399 virginitas?
3252 4332 3389 4399 Quid
3432 4344 3515 4393 est
3563 4337 3707 4406 virgo

2122 4413 2175 4466 in
2206 4423 2390 4495 partu,
2417 4417 2468 4470 ni
2502 4417 2719 4487 pariens
2750 4417 2938 4490 virgo?
2966 4419 3033 4475 Et
3058 4420 3187 4491 quid
3238 4423 3388 4499 virgo
3421 4433 3544 4501 post
3585 4440 3711 4496 par-

2121 4510 2254 4571 tum,
2286 4500 2388 4563 nisi
2435 4502 2584 4580 virgo
2606 4504 2969 4581 perseverans
2998 4522 3117 4583 post
3146 4500 3531 4585 partuin‘tiUbi
3580 4533 3711 4589 ergo

2120 4598 2275 4673 virgo
2317 4601 2573 4672 pariens,
2622 4603 2665 4657 si
2702 4613 2898 4674 partus
2938 4606 3203 4673 negatur?
3232 4605 3519 4681 ὥρμων]
3546 4624 3710 4679 porro

2123 4707 2245 4746 cum
2297 4694 2622 4763 praedicatur
2667 4695 2949 4766 virginitas
2993 4713 3099 4753 non
3142 4702 3437 4771 peperisse,
3476 4718 3583 4757 non
3621 4718 3713 4773 pe-

2116 4787 2262 4856 perit
2293 4796 2477 4849 autem
2529 4789 2572 4843 si
2618 4796 2802 4858 partus
2846 4790 3005 4846 aliter
3050 4808 3212 4864 quam
3258 4810 3354 4865 per
3391 4805 3598 4852 natum
3624 4796 3711 4867 ja-

2125 4894 2286 4933 uuam
2323 4881 2606 4950 processit.
2634 4880 2911 4951 Siquidem
2952 4883 3065 4951 jam
3112 4886 3235 4942 talis
3272 4895 3424 4942 ortus
3458 4906 3565 4944 non
3602 4890 3711 4944 vir-

2120 4969 2228 5042 gini
2257 4978 2340 5027 est
2365 4979 2574 5040 partus,
2602 4971 2700 5031 sed
2730 4973 2984 5045 proprius
3014 4973 3263 5049 videlicet
3286 4976 3466 5047 ipsius
3490 4976 3716 5039 infantis

2122 5077 2389 5133 egressus.
2452 5063 2809 5139 Obmutescat
2860 5066 3022 5139 igitur
3073 5067 3297 5139 hujusce
3345 5079 3711 5133 communem

2122 5152 2394 5220 falsitatis,
2426 5165 2480 5215 et
2508 5157 2772 5235 catholica
2802 5159 2936 5217 ﬁdes
2957 5160 3275 5235 inconcussa
3301 5171 3568 5228 teneatur,
3594 5179 3714 5235 quae

2124 5254 2178 5299 et
2206 5260 2331 5301 vere
2360 5257 2543 5307 nalltm
2572 5228 2639 5305 de
2667 5259 2841 5307 matre
2876 5250 3168 5313 conﬁtetur
3192 5228 3491 5319 Christum,
3508 5264 3563 5310 et
3587 5228 3711 5311 vero

2126 5337 2397 5411 Virginem
2427 5340 2650 5398 Mariam
2676 5344 3009 5415 concepisse,
3036 5344 3336 5416 peperisse,
3364 5355 3556 5425 etpost
3582 5362 3709 5419 par-

2129 5441 2271 5495 tum,
2311 5432 2361 5487 id
2391 5443 2474 5490 est
2502 5444 2620 5507 post
2650 5436 2855 5491 editum
2896 5436 3089 5503 ﬁlium,
3126 5439 3325 5509 credit,
3362 5440 3622 5513 pradicant
3654 5448 3715 5497 et

2129 5533 2419 5583 veneratur
2446 5527 2812 5597 permansisse
2835 5529 3120 5600 virginem.

2126 5747 2409 5875 sarmenta.
2454 5748 2541 5805 ubi
2588 5759 2811 5819 negatur
2858 5767 3036 5827 porro,
3082 5751 3318 5827 priorem
3344 5760 3532 5806 vocem
3559 5749 3713 5807 addi-
