4088 6344
356 390 428 446 85

972 505 1198 564 CAPUT
1238 506 1322 563 Ill.

353 637 463 694 Per
501 640 709 695 vulvam
734 642 901 695 exisse
937 637 1201 695 Christum
1231 642 1412 707 probat
1454 650 1653 694 auctor.
1694 670 1763 679 —
1802 637 1946 693 Par-

422 721 498 766 tes
517 712 753 781 corporis
781 712 991 782 minime
1016 721 1210 781 turpes.
1241 710 1349 777 Qui
1382 720 1556 781 partes
1579 714 1826 782 corporis
1852 715 1945 766 de-

423 780 727 852 turpantur.
752 813 824 822 —
849 780 1077 853 Spiritus
1101 780 1314 839 sanctus
1340 780 1542 839 beatam
1573 780 1839 853 Virginem
1883 782 1947 837 ab

425 854 569 926 omni
595 854 836 925 contagio
855 854 1220 926 sanctiﬁcavit.
1245 884 1316 894 —
1349 853 1531 915 Partes
1558 854 1803 926 qumdam
1832 870 1948 908 cor-

423 924 567 996 poris
599 940 761 995 quare
792 924 1103 979 inhonestet.

424 1058 574 1116 Dicis
616 1070 773 1131 turpe
823 1058 990 1119 fuisse
1043 1059 1139 1117 Dei
1182 1058 1322 1118 Filio
1357 1077 1455 1132 per
1494 1061 1704 1123 vulvam
1730 1076 1952 1133 proces-

348 1152 510 1208 sisse.
543 1150 725 1223 Turpe
768 1152 873 1215 hoc
912 1162 1008 1209 aut
1036 1153 1104 1209 de
1136 1164 1330 1211 natura
1359 1163 1452 1211 aut
1478 1156 1545 1213 de
1570 1165 1811 1227 peccato.
1844 1154 1949 1212 Sed

348 1259 450 1313 per
495 1253 747 1303 naturam
797 1244 933 1303 nihil
982 1252 1172 1316 turpe;
1208 1255 1440 1303 testatur
1483 1248 1629 1305 enim
1673 1246 1950 1305 Gcneseos

348 1334 517 1391 lectio
556 1335 703 1406 quod
743 1336 923 1393 orttnis
952 1345 1201 1392 creatura
1247 1338 1408 1393 bona.
1450 1336 1606 1405 Quod
1646 1339 1870 1404 bonum,
1896 1346 1952 1394 et

351 1428 643 1485 honestum
687 1436 800 1492 est;
851 1429 1103 1499 quodque
1151 1429 1440 1486 honestum
1475 1438 1579 1496 est,
1622 1445 1729 1487 non
1772 1439 1946 1501 turpe.

349 1521 524 1592 Igitur
562 1522 745 1578 omnis
794 1530 1048 1579 creatura
1103 1523 1401 1578 secundum
1451 1523 1596 1593 quod
1624 1532 1806 1578 creata
1844 1531 1947 1589 est,

348 1630 699 1685 nequaquam
741 1615 935 1686 turpis.
963 1616 1132 1686 Igitur
1170 1624 1225 1672 et
1253 1615 1496 1672 mulieris
1517 1615 1674 1673 vulva
1700 1631 1807 1671 non
1838 1625 1952 1670 tur-

347 1701 457 1776 pis,
504 1706 603 1765 sed
650 1707 912 1770 honesta;
942 1707 1211 1776 siquidem
1253 1715 1436 1778 partes
1470 1722 1661 1763 omnes
1688 1714 1952 1763 creaturae

347 1800 617 1855 honeslae.
660 1801 775 1856 Non
812 1816 942 1872 ergo
986 1800 1263 1857 nascituro
1308 1800 1526 1858 Christo
1553 1802 1747 1857 semita
1779 1802 1950 1859 vulvae

1442 392 1642 450 LIBER
1684 394 1770 449 DE
1817 392 2240 451 NATIVITATE
2278 394 2578 453 CHRISTI.

1971 508 2185 574 Acati,
2243 509 2336 566 sed
2392 519 2613 581 propter
2665 507 3063 566 deformitatem
3109 518 3348 575 naturas,
3407 515 3638 584 genitale

3572 405 3641 462 80

2049 600 2350 657 membrum
2399 602 2610 659 videtur
2640 604 3005 660 inhonestum.
3051 600 3160 663 Cur
3189 603 3329 661 hoc?
3368 603 3633 673 Quoniam

2049 706 2266 748 sensum
2313 692 2496 750 carnis
2523 693 2576 749 in
2628 695 2790 752 rebus
2820 695 3209 768 cognoscendis
3242 700 3633 767 percontaris,

2050 796 2212 851 quem
2260 797 2419 838 nemo
2447 782 2662 854 sapiens
2688 783 2755 838 de
2778 783 2892 840 veri
2917 784 3265 856 perceptione
3286 795 3506 851 secutus
3534 797 3635 846 est.

2049 873 2166 930 Non
2196 874 2392 930 mirum
2440 875 2485 931 si
2512 874 2738 941 falleris,
2762 876 2855 947 qui
2888 875 3142 937 falsitatis
3184 887 3409 941 auctore
3444 883 3637 952 perdo-

2050 967 2212 1023 ceris.
2244 966 2380 1022 Eum
2410 965 2645 1037 denique
2668 976 2971 1039 sequuntur
2998 984 3207 1037 omnes,
3233 971 3327 1041 qui
3371 972 3641 1033 verisimi-

2051 1057 2121 1113 lia
2148 1074 2246 1130 pro
2295 1058 2462 1123 veris,
2492 1059 2546 1114 id
2570 1067 2675 1126 est,
2721 1060 3089 1135 corruptibilis
3134 1077 3232 1133 pro
3266 1063 3487 1129 aeternis
3524 1079 3638 1131 am-

2050 1151 2376 1221 plectuntur.
2400 1151 2616 1209 Revoca
2630 1154 2805 1226 magis
2823 1153 3009 1217 oculos
3034 1170 3066 1210 a
3093 1155 3498 1229 temporalibus,
3520 1173 3642 1228 qua:

2050 1244 2212 1300 docet
2232 1244 2589 1302 Ecclesiastes
2615 1260 2721 1302 non
2749 1252 2957 1313 tantum
2986 1247 3299 1315 vanitatem,
3326 1264 3515 1309 verum
3546 1264 3640 1315 va-

2050 1335 2249 1395 nitates
2284 1336 2622 1403 vanitatum;
2663 1346 2719 1393 et
2764 1338 2914 1395 disce
2967 1339 3081 1397 veri
3128 1341 3531 1412 perceptionem
3576 1342 3642 1403 de

2051 1426 2302 1485 sensibus
2332 1428 2443 1483 veri
2471 1429 2944 1501 participantibus.
2972 1431 3123 1503 Quod
3155 1447 3278 1497 cum
3310 1430 3527 1499 feceris,
3556 1434 3639 1491 ni-

2054 1517 2130 1574 hil
2161 1520 2213 1575 in
2242 1520 2453 1575 naturis
2490 1528 2644 1592 turpe
2682 1530 2881 1592 praeter
2920 1522 3251 1591 inordinatos
3279 1532 3459 1578 motus
3494 1524 3644 1593 vide-

2052 1610 2151 1675 bis,
2195 1626 2330 1681 quos
2371 1627 2477 1669 non
2518 1614 2583 1669 de
2615 1614 2852 1669 creantis
2874 1614 3158 1687 sapientia,
3190 1616 3286 1675 sed
3322 1615 3390 1683 de
3431 1617 3639 1688 peccati

2051 1702 2207 1773 culpa
2236 1714 2575 1774 contraxere,
2609 1716 2664 1762 et
2686 1706 2943 1779 deinceps
2970 1723 3077 1775 non
3131 1709 3405 1787 indignam
3428 1709 3640 1782 judica-

2051 1796 2136 1851 bis
2184 1796 2562 1859 lucernatione
2610 1798 2775 1855 Verbi
2834 1800 2903 1855 ad
2953 1802 3286 1863 nascendum
3329 1802 3641 1873 virgineam

347 1891 673 1950 declinanda
696 1932 710 1958 ,
759 1893 906 1949 velut
949 1903 1105 1965 turpe
1151 1894 1367 1963 aliquod
1390 1934 1403 1958 ,
1450 1894 1565 1950 imo
1604 1893 1947 1963 suscipienda
1977 1884 2024 1949 Β
2051 1888 2283 1944 vulvam.
2322 1888 2587 1960 Equidem
2627 1892 2936 1961 pcrvidebis
2962 1893 3097 1959 nihil
3127 1893 3342 1966 dignius
3366 1894 3642 1963 Creatoris

351 1992 613 2054 tanquam
672 1983 975 2040 nativitatis
1036 1985 1301 2040 ministra.
1374 1984 1655 2051 Quommio
1717 1998 1948 2053 namque

346 2070 655 2140 matricem,
697 2092 804 2146 qua
836 2083 1131 2145 conceptus
1173 2074 1520 2138 formaretur,
1568 2090 1678 2130 non
1708 2083 1949 2131 contem-

347 2168 479 2238 psit,
507 2169 582 2224 ita
612 2182 713 2224 nec
759 2167 1000 2233 vulvam,
1027 2178 1135 2237 qua
1163 2166 1429 2223 formatus
1460 2166 1826 2238 exciperetur,
1866 2180 1949 2220 re-

349 2260 621 2330 pudiavit.

420 2353 594 2410 Porro
621 2365 676 2409 ιυ
706 2368 899 2410 sensus
919 2353 1165 2424 corporis
1194 2352 1551 2424 interrogans,
1592 2350 1833 2406 aestimas
1858 2364 1951 2406 eas

348 2447 493 2502 uteri
524 2457 708 2519 partes
738 2446 1044 2503 indecoras.
1076 2443 1194 2499 Noli
1244 2444 1493 2501 sensibus
1522 2442 1852 2508 fallentibus,
1896 2442 1951 2497 id

346 2550 435 2595 est
483 2541 786 2608 corporeis,
821 2542 890 2596 de
935 2554 1117 2595 rerum
1164 2538 1396 2595 veritate
1432 2538 1709 2603 assentiri,
1752 2536 1951 2592 mentis

338 2633 610 2706 judicium
641 2634 902 2703 disquire,
924 2642 979 2689 et
1019 2632 1395 2706 deprehendes
1417 2631 1531 2695 lore
1568 2632 1792 2703 pulchra
1833 2646 1951 2701 qua:

348 2728 606 2782 videntur
654 2727 851 2797 turpia.
882 2724 1039 2785 Nulla
1081 2724 1314 2794 denique
1359 2732 1625 2783 creaturae
1654 2739 1800 2794 pars,
1854 2730 1949 2777 aut

349 2820 682 2885 rueuibrum,
712 2820 765 2875 ui
796 2820 1080 2891 pulchrum
1124 2828 1244 2885 est;
1293 2818 1537 2875 redditur
1576 2826 1754 2875 autem
1793 2816 1947 2881 inde-

349 2927 507 2977 cens,
538 2928 663 2967 cum
705 2914 1044 2968 inordinatus
1066 2921 1120 2967 et
1151 2911 1372 2968 illicitos
1397 2926 1519 2973 eum
1550 2918 1726 2967 motus
1766 2910 1949 2971 detur—

347 3005 585 3073 paverit.
612 3003 826 3060 Etenim
874 3015 1004 3061 ante
1028 3003 1533 3074 pmvaricationem
1562 3001 1732 3065 Adam
1758 3012 1814 3056 et
1834 3000 1949 3057 Eva

346 3112 456 3152 non
489 3095 903 3163 erubescebant,
950 3107 1137 3168 utpote
1178 3107 1383 3155 motum
1425 3099 1788 3159 inordinatum
1835 3098 1950 3154 suis

348 3190 407 3245 iu
454 3190 718 3245 membris
758 3189 964 3246 nullum
1014 3191 1341 3257 sentientes;
1383 3200 1469 3247 ast
1489 3190 1577 3249 ubi
1607 3190 1946 3261 praevaricati

344 3291 496 3347 sunt,
529 3282 852 3353 erubescere
892 3292 1198 3353 eruperunt.
1250 3282 1367 3343 Non
1402 3283 1621 3353 quidem
1660 3291 1945 3353 prepterea
1975 3264 2021 3328 C
2053 3294 2157 3345 nte,
2193 3295 2225 3335 a
2250 3279 2499 3337 veritatis
2528 3278 2665 3336 calle
2711 3280 3028 3353 longissime
3070 3281 3299 3337 recedis.
3346 3278 3550 3337 Virtuti
3575 3280 3647 3345 si-
3727 3337 3745 3345 ,

345 3375 618 3440 utembra,
648 3390 768 3445 qua:
788 3388 935 3430 nunc
960 3374 1168 3446 peccati
1195 3374 1351 3445 culpa
1379 3374 1627 3445 pudenda
1653 3388 1941 3439 vocamus;

346 3465 617 3535 siquidem
660 3471 716 3520 et
748 3465 1062 3534 priusquam
1114 3464 1477 3535 deliquerint,
1514 3478 1677 3534 super
1721 3463 1801 3519 eis
1839 3478 1945 3521 nun

344 3555 844 3612 confundebantur.
874 3554 970 3612 Ubi
994 3570 1123 3612 vero
1150 3557 1472 3613 inhonestus
1493 3555 1725 3611 accessit
1769 3562 1947 3610 motus

346 3647 677 3720 genitalibus
700 3656 825 3702 ante
847 3648 1077 3719 pudicis,
1115 3647 1209 3703 sed
1232 3647 1299 3705 tle
1324 3656 1547 3718 peccato
1566 3647 1680 3718 iam
1709 3661 1814 3709 non
1844 3661 1946 3718 puo

346 3742 507 3809 dicis,
529 3753 723 3799 noema
752 3740 1001 3801 confusio
1038 3752 1142 3807 est.
1180 3759 1290 3801 non
1324 3751 1542 3813 propter
1560 3741 1946 3812 turpitudinem

348 3836 703 3893 honestarum
734 3838 979 3907 corporis
1007 3837 1264 3907 partium,
1294 3838 1387 3892 sed
1415 3845 1638 3908 propter
1664 3846 1846 3905 turpes
1874 3835 1949 3890 ir-

346 3926 689 3982 rationabilis
713 3936 894 3984 motus
916 3928 1210 3998 passionis.
1236 3927 1298 3983 in
1341 3943 1451 3998 quo
1476 3935 1657 3983 autem
1686 3942 1784 3997 per
1823 3941 1947 3981 san-

346 4018 420 4072 cti
452 4017 689 4087 Spiritus
708 4018 914 4089 igttem,
948 4018 1034 4073 vel
1070 4019 1124 4074 in
1155 4019 1257 4074 hoc
1279 4033 1508 4090 corpore
1530 4020 1757 4085 caduco,
1783 4016 1867 4073 vel
1893 4018 1945 4072 in

348 4109 531 4166 futura
574 4110 685 4166 vita
722 4109 839 4180 iam
878 4125 974 4182 per
1015 4113 1472 4176 resurrectionem
1521 4109 1943 4180 incorruptibili,

350 4202 518 4259 fuerit
556 4202 658 4258 iste
695 4203 968 4273 passibilis
995 4212 1175 4265 motus
1216 4202 1288 4259 ad
1317 4211 1525 4259 natura:
1572 4201 1946 4274 dignissimam

350 4296 605 4352 redactus
632 4297 916 4368 musicam,
954 4296 1272 4359 inﬁrmitate
1320 4295 1562 4368 depulsa,
1607 4295 1742 4350 nihil
1775 4295 1945 4349 habe-

346 4387 486 4444 bunt
508 4354 753 4444 membra
779 4354 987 4445 natura:
1012 4356 1159 4459 quod
1189 4388 1260 4444 sit
1278 4354 1632 4453 conl'usionis,
1664 4386 1808 4457 quod
1832 4393 1945 4440 tur—

350 4478 636 4548 pitudinis,
659 4478 802 4549 quod
832 4478 1127 4545 inhonesti.

418 4570 634 4627 Interea
668 4586 797 4629 vero
828 4573 914 4637 lex
940 4587 1061 4643 quae
1102 4579 1187 4639 est
1228 4572 1284 4628 in
1316 4571 1574 4629 membris
1600 4568 1806 4631 nosuis
1842 4570 1942 4627 do-

352 4678 457 4719 nec
479 4672 743 4735 repugnat
773 4663 875 4735 legi
902 4664 1122 4730 utentis,
1156 4674 1211 4720 et
1257 4664 1497 4736 captivat
1539 4679 1639 4723 nos
1676 4663 1730 4718 in
1770 4663 1945 4735 legem

353 4757 587 4827 peccati,
634 4766 691 4813 et
726 4756 1098 4819 erubescimus
1140 4766 1198 4813 et
1239 4755 1642 4813 confundimur.
1683 4756 1790 4812 Sed
1838 4772 1942 4810 non

353 4857 577 4920 propter
608 4849 752 4905 hanc
777 4848 948 4920 legem
968 4849 1178 4920 peccati
1209 4848 1575 4905 dominantem
1606 4849 1660 4903 in
1688 4848 1946 4903 membris

352 4940 559 4997 nostris
580 4956 721 5011 opus
739 4940 843 5001 fuit
871 4938 1138 4995 Salvatori
1165 4939 1441 4997 declinare
1464 4940 1607 4995 viam
1649 4937 1946 4994 nativitatis

350 5035 473 5103 lege
500 5035 893 5102 constitutam;
943 5034 1378 5104 quandoquidem
1430 5033 1666 5106 Spiritus
1697 5043 1940 5098 sanctus,

351 5128 445 5198 qui
474 5127 713 5199 Virginis
740 5136 974 5194 uterum,
999 5142 1108 5198 quo
1133 5125 1228 5183 Dei
1260 5126 1431 5183 Filius
1454 5127 1851 5194 incarnaretur,
1878 5127 1947 5182 ab

352 5222 502 5277 omni
527 5221 776 5294 contagio
806 5219 1191 5285 sanctiﬁeavit,
1220 5220 1336 5291 ipse
1366 5236 1584 5291 quoque
1635 5232 1691 5277 et
1734 5221 1945 5277 vulvam

354 5330 463 5385 qua
492 5324 811 5372 nasceretur
847 5315 1116 5387 purgavit.
1146 5313 1261 5371 Nisi
1290 5313 1431 5377 forte
1464 5315 1722 5372 credibile
1769 5316 1949 5371 videa-

357 5416 471 5473 tur,
496 5407 642 5479 quod
673 5422 798 5464 eum
828 5406 1004 5465 locum
1032 5408 1217 5464 divino
1246 5416 1507 5478 conceptu
1539 5408 1831 5465 reddiderit
1861 5408 1946 5465 di-

354 5517 543 5574 gnum,
572 5502 666 5573 qui
697 5503 869 5576 magis
888 5501 1130 5565 libidinis
1160 5511 1292 5559 aestu
1316 5502 1684 5568 succenditur,
1708 5509 1762 5556 et
1784 5517 1945 5572 quem

360 5595 587 5650 minoris
615 5593 844 5651 ﬂamma:
863 5602 1349 5665 temperamentum
1370 5603 1660 5665 pertentat,
1687 5595 1949 5650 mundare

358 5687 687 5757 nequiverit.
738 5687 892 5754 Quod
917 5689 1067 5742 enim
1094 5685 1415 5742 mulieribus
1445 5687 1497 5741 in
1541 5685 1816 5753 umbilico,
1860 5687 1946 5741 cui

361 5777 561 5832 matrix
598 5778 857 5849 subiacet.
891 5778 1055 5833 libido
1081 5778 1409 5843 dominetur,
1448 5778 1628 5833 verbis
1657 5777 1949 5848 Scriptura:

362 5880 563 5929 sancta:
585 5870 890 5927 didicimus.
917 5870 1036 5927 Tibi
1057 5879 1235 5927 autem
1258 5886 1364 5927 non
1391 5879 1614 5943 propter
1630 5870 1799 5942 legem
1823 5885 1947 5941 pec-

2049 1982 2405 2049 bumanitate,
2440 1998 2602 2052 quam
2638 1999 2749 2047 suae
2784 1986 3189 2068 dispositionem
3233 1987 3454 2044 fabricae
3496 2005 3638 2044 com-

2050 2075 2297 2147 probare.
2334 2074 2401 2131 Ut
2428 2077 2567 2135 sicut
2595 2078 2913 2147 approbavit
2955 2086 3167 2134 uterum
3196 2094 3303 2158 quo
3329 2081 3641 2159 concipere-

2052 2171 2178 2230 tur,
2220 2165 2293 2219 ita
2332 2180 2436 2227 non
2483 2166 2798 2237 approbarit
2851 2168 2992 2225 uteri
3033 2167 3257 2238 ianuam
3304 2170 3389 2231 sui
3444 2160 3643 2228 natalis

2051 2258 2429 2330 abrogationis;
2464 2275 2530 2314 ne
2552 2275 2716 2330 quam
2738 2261 3020 2319 constituit
3045 2263 3305 2323 nascendi
3335 2264 3496 2337 vipm,
3528 2280 3642 2321 sua:

2053 2348 2313 2405 refutaret
2335 2348 2741 2417 humanationis
2767 2366 3011 2424 egressu.

2120 2442 2229 2500 Ista
2280 2446 2445 2503 ducas
2482 2462 2602 2505 cum
2642 2448 2828 2520 impia,
2880 2465 3079 2507 novum
3120 2451 3373 2523 quiddam
3409 2449 3641 2516 moliris.

2052 2546 2112 2593 ut
2151 2536 2416 2595 Salvatori
2466 2555 2573 2610 quo
2628 2551 2944 2609 nasceretur
2995 2544 3131 2605 nihil
3180 2542 3350 2609 fuisse
3398 2531 3640 2601 clausum

2052 2629 2277 2698 clames,
2308 2632 2449 2703 quod
2479 2631 2758 2688 Conditori
2784 2633 2859 2699 nil
2888 2642 3263 2695 creaturarum
3305 2644 3471 2707 queat
3491 2636 3636 2703 obsi—

2051 2731 2197 2778 stere
2239 2741 2253 2777 :
2297 2739 2483 2781 verum
2508 2724 2767 2795 quidquid
2798 2725 3075 2793 subsistit,
3110 2726 3180 2787 sit
3206 2728 3255 2782 ei
3298 2735 3547 2801 apertum
3587 2732 3644 2783 et

2050 2815 2401 2886 permeabile.
2445 2818 2521 2871 lta
2550 2818 2708 2888 plane
2737 2818 2782 2881 si
2814 2819 3006 2886 sentis,
3050 2819 3471 2897 prudentissime
3511 2834 3640 2896 sen-

2052 2909 2142 2967 tis.
2176 2908 2290 2966 Hac
2314 2925 2443 2967 vero
2476 2912 2658 2984 regula
2681 2927 2804 2968 cum
2854 2913 3151 2973 nativitatis
3181 2912 3379 2973 Christi
3404 2912 3640 2984 primor-

2046 3001 2136 3059 dia
2174 3003 2488 3074 mancipare
2514 3005 2776 3077 disponis,
2802 3006 2944 3078 quod
2981 3006 3050 3063 ad
3078 3007 3379 3078 potentiam
3410 3014 3642 3076 spectat,

2052 3093 2353 3159 clarissime
2387 3095 2741 3168 dogmatizas.
2772 3096 2925 3164 Quod
2952 3106 3132 3153 autem
3154 3096 3225 3153 ad
3250 3096 3496 3174 corporis
3520 3111 3646 3169 pro-

2051 3185 2341 3257 prietatem
2390 3189 2664 3261 suscepti,
2717 3198 2774 3245 et
2813 3189 3116 3245 nativitatis
3158 3189 3394 3260 pertinet
3446 3190 3639 3257 huma-

2051 3370 2269 3442 quidem
2315 3371 2604 3435 voluntatis
2637 3371 2837 3429 Christi
2883 3371 3019 3433 nihil
3073 3380 3159 3429 est
3208 3370 3474 3437 clausum,
3508 3368 3645 3435 nihil

2050 3475 2158 3517 non
2184 3460 2539 3534 penetrabile.
2569 3460 2891 3519 Humanitas
2917 3470 3100 3523 autem
3121 3476 3243 3535 quae
3262 3469 3514 3533 suscepta
3536 3469 3643 3529 est,

2049 3552 2191 3606 sicut
2220 3552 2361 3607 intra
2390 3554 2545 3610 sinus
2575 3553 2819 3611 metricis
2854 3553 3081 3615 collecta
3111 3561 3195 3613 est
3207 3592 3221 3621 ,
3274 3556 3349 3608 ita
3398 3551 3644 3622 quandiu

2051 3645 2256 3700 mansit
2284 3644 2415 3710 illic,
2441 3645 2649 3701 ventris
2674 3646 2951 3709 exteriora
2989 3660 3100 3705 non
3141 3653 3363 3717 experta
3390 3642 3544 3729 [est].
3570 3644 3643 3715 ᾼι

2050 3752 2180 3791 vero
2229 3752 2357 3797 mox
2409 3738 2636 3810 virginei
2684 3738 2982 3803 thalamum
3037 3736 3261 3809 reliquit
3311 3740 3545 3809 secreti,
3589 3746 3646 3795 et

2049 3830 2184 3889 foris
2209 3831 2441 3899 exstitit,
2463 3839 2519 3887 et
2547 3832 2693 3888 intus
2740 3846 2862 3889 esse
2887 3833 3142 3891 cessavit.
3187 3832 3301 3889 Hac
3352 3832 3458 3901 loci
3508 3831 3642 3905 quid

2050 3924 2405 3980 alternatione
2456 3925 2801 3992 monstravit,
2846 3926 2950 3982 nisi
2984 3926 3127 3999 quod
3163 3925 3410 3997 quamvis
3446 3940 3641 3995 secun-

2050 4019 2176 4077 dum
2200 4019 2497 4076 divinitatis
2520 4020 2908 4091 proprietatem
2928 4021 3247 4093 sit'ubique,
3264 4022 3422 4097 juxta
3449 4036 3643 4095 oorpo-

2050 4113 2127 4168 ris
2173 4114 2713 4185 circonscriptionem
2766 4116 2956 4173 localis
2985 4119 3245 4174 exstitit?
3284 4119 3466 4192 igitur
3493 4117 3639 4189 quod

2050 4204 2221 4261 locale
2243 4215 2349 4274 est,
2375 4208 2519 4262 sicut
2551 4208 2752 4280 ubique
2775 4225 2882 4265 non
2914 4219 3000 4266 est
3025 4225 3263 4281 semper.
3288 4211 3384 4277 58d
3414 4219 3545 4273 tunc
3570 4210 3641 4267 ad

2048 4297 2213 4353 alium
2261 4299 2478 4370 migrat,
2521 4316 2645 4356 cum
2693 4300 2872 4359 locum
2945 4301 3183 4361 deseruit
3237 4301 3505 4375 primum;
3564 4302 3639 4360 ita

2048 4388 2212 4444 etiam
2258 4404 2379 4444 cum
2412 4391 2698 4446 transitum
2722 4391 2873 4458 facit,
2919 4407 3029 4449 non
3070 4392 3232 4455 simul
3276 4394 3528 4461 dextrum
3575 4408 3644 4460 ac

2048 4482 2329 4539 sinistrum
2364 4492 2534 4549 tenet,
2562 4484 3016 4555 quemadmodum
3064 4485 3227 4545 simul
3254 4494 3382 4559 ante
3407 4494 3465 4543 et
3488 4493 3636 4545 retro

2050 4590 2157 4631 non
2184 4575 2452 4647 graditur,
2484 4592 2585 4632 nec
2610 4592 2772 4647 supra
2814 4578 3023 4648 pariter
3056 4588 3112 4635 et
3157 4579 3437 4645 deorsum.
3476 4576 3642 4635 Certe

1975 4645 2026 4715 Ι)
2051 4674 2106 4719 et
2138 4645 2385 4723 Salvator
2412 4668 2551 4725 sicut
2587 4645 2692 4724 alio
2727 4645 2969 4740 tempore
3018 4670 3200 4729 fuitin
3248 4680 3408 4729 utero
3446 4685 3640 4729 secun-

2016 4790 2021 4793 -
2051 4752 2177 4811 dum
2227 4770 2447 4829 corpus,
2474 4764 2531 4810 et
2557 4755 2664 4812 alio
2713 4753 2868 4823 foris,
2899 4758 2976 4812 ita
3008 4757 3063 4815 in
3084 4757 3419 4830 .egrediendo
3446 4774 3640 4837 quam-

2053 4848 2134 4907 vis
2189 4846 2519 4917 egressionis
2561 4846 2821 4904 voluntati
2864 4849 2938 4905 nil
2958 4848 3125 4915 fuerit
3153 4849 3423 4921 clausum,
3470 4867 3634 4921 unam

2053 4946 2230 4995 tamen
2264 4940 2438 4995 tenuit
2462 4939 2794 5009 egressionis
2836 4940 3000 5008 viam,
3033 4956 3142 5007 non
3171 4957 3269 5015 per
3295 4924 3487 5011 omnes
3516 4960 3643 5017 cor-

2046 5032 2218 5103 poris,
2241 5031 2295 5086 in
2333 5047 2440 5102 quo
2462 5030 2726 5089 formatus
2748 5032 2944 5103 fuerat,
2967 5043 3151 5105 partes
3170 5035 3358 5099 exivit.

2125 5122 2405 5185 Constitue
2429 5133 2580 5187 certe
2601 5140 2762 5196 quam
2791 5126 3027 5185 volueris
3048 5128 3296 5201 corporis
3314 5135 3526 5205 partem
3551 5141 3645 5199 or-

2057 5218 2133 5273 tui
2158 5217 2482 5275 Salvatoris.
2517 5216 2632 5274 Non
2665 5217 2811 5275 enim
2843 5235 2941 5292 per
2975 5206 3368 5293 omne’corpus
3393 5232 3647 5309 egressus

2054 5319 2155 5377 est,
2184 5312 2433 5384 quamvis
2455 5310 2721 5366 voluntati
2761 5310 2878 5383 ejus
2923 5311 2988 5368 ad
3026 5302 3304 5385 egressum
3334 5302 3481 5385 nulla
3530 5326 3649 5377 cor-

2053 5407 2202 5478 poris
2246 5421 2373 5478 pars
2421 5405 2584 5463 fuerit
2638 5403 2841 5467 clausa.
2889 5404 2998 5473 Nec
3038 5403 3328 5481 illocali‘tger
3370 5417 3647 5483 egressus,

2058 5500 2159 5554 hoc
2204 5507 2283 5555 est
2328 5497 2472 5555 enim
2523 5497 2856 5569 incorporeas
2890 5499 3171 5571 proprium
3208 5508 3443 5571 naturae,
3488 5495 3649 5573 longe

2055 5603 2183 5645 vero
2238 5606 2269 5645 a
2322 5603 2579 5659 corporea
2639 5598 2927 5645 remotum.
2970 5588 3253 5645 Constitue
3308 5596 3456 5644 certe
3482 5601 3648 5659 quam

2054 5681 2321 5753 delegeris
2368 5688 2605 5752 partem.
2664 5678 2895 5737 Vulvam
2945 5681 3152 5746 renuis,
3184 5678 3509 5739 umbilicum
3559 5685 3649 5735 at-

2054 5777 2263 5842 tribue;
2299 5775 2405 5842 vel,
2437 5776 2480 5833 si
2515 5774 2792 5840 malueris,
2823 5776 3105 5843 honestius
3135 5776 3498 5849 quodcunque
3524 5785 3653 5830 cor-

2054 5868 2202 5935 poris
2224 5867 2422 5943 ostium
2448 5886 2459 5922 :
2484 5881 2550 5922 ac
2575 5866 2618 5922 si
2646 5867 2787 5922 ostia
2809 5880 2931 5937 quae
2952 5866 3102 5921 dedit
3120 5874 3311 5920 natura
3333 5863 3648 5945 displicent,
