4088 6344
479 377 547 436 87
1512 382 1648 438 RA'I‘
1657 380 1871 438 RAMNI
1910 382 2360 440 CORBEIENSIS
2402 384 2710 444 MONACHI
3700 396 3767 451 88

481 497 681 554 dissice
709 511 736 540 ι
769 506 1032 565 ventrem,
1065 500 1209 554 nuda
1239 508 1437 567 costas,
1484 501 1696 572 Spinam
1739 516 1946 572 rumpe,
1984 501 2068 556 vel
2099 503 2149 562 Α
2178 501 2282 556 ιι·ἰο
2309 502 2642 571 singulorum
2686 503 2814 561 licet
2851 505 3158 562 intellectus
3188 508 3478 564 verborum
3525 511 3726 569 variari
3753 557 3771 582 ,

479 593 930 664 quemadmodum
953 593 1137 650 nescio
1165 594 1256 664 qui
1287 594 1592 649 stultissimi
1617 595 1870 662 delirant,
1913 595 2062 666 aperi

479 687 754 754 ascellam,
781 697 834 745 et
877 689 950 744 ita
997 689 1063 744 de
1091 695 1274 743 monte
1303 687 1558 744 umbroso
1587 697 1643 744 et
1667 689 1942 744 condenso
1969 704 2065 743 na-

479 781 742 836 tivitatem
774 789 1081 836 contestare
1105 780 1420 837 Salvatoris.
1465 782 1602 837 Num
1643 782 1811 851 igitur
1840 781 1964 836 talis
1979 781 2063 852 ja-

479 893 585 932 nua
614 875 968 932 dominatoris
989 883 1114 931 ortu
1161 875 1321 948 digna
1357 875 1697 947 probabitur,
1733 891 1895 946 quam
1925 874 2061 930 stul-

478 979 658 1023 torum
704 968 886 1038 opinio
906 967 1221 1035 ementitur,
1253 978 1306 1024 et
1335 985 1498 1039 quam
1521 967 1802 1024 Creatoris
1847 968 2064 1038 sapien-

479 1060 554 1115 tia
585 1067 792 1114 naturae
835 1059 981 1114 dedit
1027 1059 1396 1129 conceptibili,
1441 1060 1764 1130 dispuetur?
1807 1061 1888 1115 An
1913 1069 2062 1114 certe

475 1151 905 1222 Bnagmanorum
954 1167 1246 1224 sequemur
1285 1153 1612 1222 opinionem,
1673 1162 1734 1208 ut
1799 1153 2061 1224 quemad-

475 1244 697 1301 modum
721 1243 798 1299 illi
831 1253 994 1302 sectte
1021 1262 1134 1302 suae
1160 1254 1438 1301 auctorem
1466 1244 1711 1301 Bubdam
1755 1263 1854 1316 per
1887 1248 2060 1319 virgi-

476 1339 733 1397 nis-latus
781 1350 1008 1397 narrant
1039 1350 1311 1407 exortum,
1341 1342 1415 1396 ita
1448 1357 1547 1398 nos
1591 1341 1866 1398 Christum
1895 1343 2062 1399 fuisse

476 1434 866 1506 praedicemus?
894 1435 991 1493 Vel
1018 1436 1194 1509 magis
1239 1436 1317 1492 sic
1358 1437 1600 1491 nascitur
1650 1436 1746 1492 Dei
1798 1437 2062 1507 sapientia

476 1527 543 1582 de
565 1527 803 1600 Virginis
833 1531 1078 1598 cerebro,
1105 1530 1376 1602 quomodo
1400 1529 1636 1584 Minerva
1659 1530 1728 1586 de
1763 1529 1915 1586 Iovis
1940 1547 2062 1586 ver-

477 1622 604 1687 tice,
637 1631 893 1693 tanquam
915 1623 1075 1680 Liber
1097 1634 1253 1695 pater
1283 1624 1349 1680 de
1379 1624 1623 1679 femore?
1662 1623 1734 1680 Ut
1763 1623 2062 1680 Christico‘

477 1713 583 1766 lam
613 1715 679 1769 de
709 1711 1130 1787 Virginispartu
1169 1732 1274 1772 non
1305 1717 1564 1774 solemnis
1590 1727 1809 1784 natura,
1840 1718 1926 1773 vel
1960 1734 2059 1773 au-

476 1805 702 1862 ctoritas
755 1822 924 1863 sacrae
952 1807 1214 1874 lectionis,
1266 1811 1359 1866 sed
1394 1811 1707 1881 superstitio
1756 1811 1974 1884 gentilis
2008 1820 2060 1867 et

477 1907 783 1955 commenta
805 1900 1135 1970 perdoceant
1164 1900 1429 1957 fabulosa.

1097 2018 1325 2076 CAPUT
1359 2020 1449 2075 IV.

476 2112 674 2164 Auctor
715 2112 912 2180 profert
963 2113 1260 2167 testimonia
1301 2130 1366 2168 ea:
1422 2110 1595 2168 Veteri
1625 2113 1981 2179 Testamento,
2007 2120 2062 2165 ut

611 2181 830 2236 suadeat
855 2180 1119 2237 Christum
1149 2200 1241 2254 per
1264 2184 1469 2238 vulvam
1499 2183 1731 2257 Virginis
1757 2185 1942 2240 exisse.

551 2272 657 2329 Sed
685 2273 800 2344 jam
832 2291 974 2330 nunc
1025 2276 1328 2331 testimonia
1372 2279 1667 2347 procedant
1722 2278 1775 2331 in
1827 2276 2066 2331 medium

479 2367 682 2434 divina,
704 2376 760 2423 et
789 2383 855 2422 ex
885 2368 966 2424 eis
1008 2377 1187 2423 ortum
1218 2368 1494 2426 discamus
1521 2369 1845 2438 Salvatoris,
1879 2387 1946 2426 ne
1982 2371 2066 2426 fa-

477 2459 617 2516 bulis
646 2460 980 2530 decipiamur
1019 2457 1170 2516 vanis
1223 2470 1279 2516 et
1332 2460 1482 2518 falsis
1507 2463 1850 2532 opinionibus
1877 2461 2065 2517 eluda-

478 2567 618 2605 mur.
649 2551 814 2607 Isaias
861 2560 1029 2619 vates,
1079 2562 1230 2608 ortus
1281 2552 1441 2623 hujus
1486 2569 1745 2609 arcanum
1792 2561 2065 2620 retexens,

484 2663 502 2696 ‹
535 2644 695 2700 Dabit
723 2646 999 2711 Dominus,
1031 2646 1226 2716 inquit,
1274 2647 1387 2717 ipse
1437 2647 1592 2702 vobis
1632 2649 1866 2718 signum.
1927 2647 2070 2704 Ecce

478 2737 630 2807 virgo
684 2737 953 2808 concipiet
1002 2745 1058 2793 et
1108 2738 1287 2809 pariet
1333 2737 1500 2794 ﬁlium
1554 2739 1689 2812 (Ira.
1742 2755 1841 2806 vn,
1899 2739 2009 2810 14).
2043 2759 2062 2792 ι

479 2827 756 2900 Virginem
807 2830 1096 2886 conﬁtetur
1139 2843 1543 2904 concepturam,
1595 2831 1872 2904 Virginem
1918 2832 2066 2904 pari-

480 2930 686 2986 turam,
730 2929 785 2976 et
831 2923 933 2977 hoc
978 2938 1008 2976 a
1063 2923 1292 2978 Domino
1355 2925 1565 2995 signum
1626 2922 1742 2979 fore
1808 2922 2066 2990 dandum,

481 3011 623 3079 quod
681 3020 970 3083 utrumque
1011 3012 1336 3069 mirabiliter
1370 3015 1442 3069 sit
1483 3013 1694 3069 factura
1738 3015 1910 3087 virgo,
1961 3030 2069 3070 non

480 3103 621 3172 quod
660 3112 860 3173 praeter
888 3104 1035 3159 viam
1061 3113 1270 3160 natura:
1296 3114 1484 3176 partus
1513 3107 1584 3161 sit
1618 3107 1887 3162 exiturus.
1914 3107 2069 3174 Quod

480 3197 523 3250 si
557 3204 700 3251 esset
725 3194 990 3262 futurum,
1017 3204 1331 3267 oportuerat
1352 3198 1454 3255 hoc
1473 3197 1793 3269 prophetico
1827 3199 2066 3254 nuntiari

482 3289 763 3360 mysterio,
825 3288 1280 3359 quemadmodum
1348 3289 1623 3361 virgineus
1669 3291 1952 3346 nuntiatus
1986 3300 2070 3347 est

477 3389 768 3450 conceptus
793 3388 846 3434 et
873 3388 1078 3450 partus.
1109 3379 1220 3436 Nec
1247 3381 1391 3436 enim
1425 3381 1546 3436 talis
1575 3381 1744 3436 editio
1772 3382 1951 3436 minus
1985 3383 2068 3438 di-

478 3473 619 3528 vina:
667 3472 996 3542 operationis
1032 3472 1301 3543 proferret
1347 3473 1578 3545 insigne,
1599 3473 1816 3543 quando
1860 3483 2070 3528 natura:

480 3565 624 3619 viam
663 3565 718 3619 in
744 3564 878 3619 alios
908 3563 1331 3635 transposuisset
1364 3564 1519 3620 ﬁnes.
1543 3564 1696 3622 Nunc
1719 3574 1900 3622 autem
1940 3565 2071 3620 viri-

478 3662 582 3716 lem
611 3675 898 3732 segregans
928 3674 1170 3728 operam,
1199 3668 1256 3713 et
1302 3659 1632 3730 integritatis
1656 3661 1941 3715 insinuans
1967 3661 2068 3715 do-

479 3767 627 3818 num,
663 3754 765 3808 hoc
796 3753 956 3808 docet
981 3768 1011 3806 a
1034 3751 1266 3807 Domino
1297 3753 1533 3823 signum,
1583 3753 1724 3822 quod
1754 3752 1965 3808 editura
1996 3754 2068 3808 sit

477 3847 631 3914 virgo
665 3845 1028 3901 Salvatorem.
1066 3844 1184 3900 Non
1234 3846 1377 3900 enim
1437 3853 1636 3915 printer
1670 3855 1922 3901 naturam
1974 3861 2069 3903 no-

481 3951 606 3990 vum
654 3937 992 4006 parturieudi
1027 3936 1280 4007 designat
1320 3937 1423 3990 iter
1455 3936 1654 4006 virgini
1697 3939 1882 4002 matri,
1913 3939 2008 3994 sed
2037 3956 2069 3994 a

482 4035 674 4081 natura
721 4029 908 4082 datum
954 4043 1078 4083 eum
1109 4029 1530 4100 incorruptionis
1563 4029 1742 4100 palma
1772 4031 2068 4088 nativitatis

480 4119 692 4173 dedicat
722 4119 1072 4175 sublimitate.

550 4209 666 4266 Non
696 4221 826 4281 puto
856 4213 1240 4278 necessarium,
1274 4228 1375 4269 nec
1415 4214 1652 4270 brevitas
1690 4217 1976 4283 concedit,
2011 4227 2069 4272 ut

481 4306 546 4359 de
579 4313 691 4359 toto
718 4304 1124 4375 Scripturarnm
1162 4323 1389 4377 corpore
1428 4307 1783 4378 subjiciantur
1825 4309 2068 4380 exempla

479 4397 674 4468 quibus
705 4397 798 4453 ﬁat
835 4399 1179 4454 manifestum
1213 4415 1407 4469 parere
1443 4409 1498 4454 et
1525 4416 1785 4471 generare
1825 4402 2068 4457 mulieri-

477 4489 578 4545 bus
624 4505 734 4545 non
768 4491 871 4546 nisi
918 4489 1158 4562 legitimo
1203 4491 1405 4547 ventris
1449 4491 1658 4547 oriﬁcio
1707 4492 1962 4558 concedi;
2009 4500 2070 4546 ut

476 4583 606 4638 illud
635 4600 648 4636 :
684 4601 703 4633 ι
735 4582 929 4637 Mulier
961 4599 1084 4654 quae
1113 4594 1374 4655 concepto
1396 4582 1602 4639 semine
1621 4584 1828 4654 peperit
1852 4600 2065 4642 mascu-

476 4675 642 4730 linum
672 4672 812 4746 (Leu.
845 4689 945 4740 xu,
971 4673 1048 4742 2).
1089 4693 1108 4726 ι
1152 4673 1284 4728 Item
1319 4693 1330 4728 :
1371 4693 1388 4725 ι
1431 4674 1720 4731 Sauctitica
1748 4676 1879 4731 mihi
1909 4693 2070 4735 omne

475 4767 892 4838 primogenitum
945 4765 1092 4838 quod
1136 4765 1311 4840 aperit
1358 4766 1569 4822 vulvam
1622 4770 1676 4823 in
1732 4768 1857 4824 ﬁliis
1903 4769 2070 4826 Israel

478 4862 676 4934 (Exod.
723 4879 841 4929 xm,
883 4862 958 4934 1).
994 4883 1013 4915 ›
1049 4861 1106 4917 Si
1153 4863 1298 4918 enim
1341 4864 1536 4920 mulier
1579 4865 1736 4922 aliter
1764 4882 1923 4937 quam
1972 4882 2070 4938 per

477 4956 714 5022 vulvam,
747 4956 800 5010 id
824 4965 908 5011 est
934 4971 998 5012 os
1024 4958 1184 5024 uteri,
1221 4967 1461 5029 generat,
1481 4957 1594 5028 jam
1631 4975 1738 5015 non
1763 4977 1925 5016 omne
1952 4963 2067 5032 pri-

478 5049 810 5122 mogenitum
851 5049 1222 5105 sanctiﬁcatur
1258 5049 1516 5116 Domino;
1557 5051 1650 5105 sed
1680 5051 1938 5120 quoniam
1966 5054 2067 5107 hoc

479 5144 706 5200 stultum
730 5143 932 5209 dicere,
973 5159 1077 5198 non
1105 5146 1255 5216 virgo
1285 5145 1505 5214 genuit,
1535 5143 1636 5198 nisi
1668 5160 1764 5214 per
1807 5145 2019 5200 vulvam
2047 5162 2062 5210 ;

481 5248 538 5293 et
559 5237 728 5308 ipsius
756 5237 906 5292 verbi
933 5237 1014 5292 vis
1037 5238 1461 5309 signiﬁcatioque
1481 5238 1766 5294 manifeste
1791 5238 1881 5294 dat
1913 5239 2068 5294 intel-

480 5333 717 5406 ligentia
736 5341 1110 5404 argumentum
1141 5351 1153 5387 :
1185 5339 1242 5386 ut
1269 5331 1413 5385 enim
1442 5331 1626 5387 videre
1655 5333 1722 5388 ad
1744 5333 1946 5398 oculos,
1979 5350 2071 5389 au-

481 5426 598 5483 dire
625 5427 693 5481 ad
717 5441 896 5492 aures,
925 5426 1161 5482 olfacere
1189 5425 1258 5480 ad
1299 5441 1483 5491 nares,
1517 5435 1735 5497 gustare
1766 5427 1833 5481 ad
1861 5425 2066 5493 fauces,

483 5519 557 5571 ita
585 5531 775 5587 parere
809 5516 1041 5572 refertur
1068 5515 1134 5571 ad
1165 5514 1398 5569 vulvam.
1438 5515 1688 5586 Alioquin
1718 5516 1763 5570 si
1801 5532 1898 5587 pro
1927 5515 2066 5570 arbi-

555 5685 580 5711 ιι
630 5671 831 5728 ὓὶεεὲεε
872 5683 1117 5728 ventrem.
1166 5671 1433 5726 Acherius
1479 5671 1531 5725 in
1573 5671 1813 5742 margine
1861 5671 2074 5724 monuit

482 5743 766 5814 legendum
813 5743 1306 5814 fortasseidisseca.
1341 5743 1453 5797 Sub
1502 5743 1712 5814 initium
1755 5742 1947 5810 capitis
1980 5758 2067 5797 se-

429 5889 434 5892 _
483 5815 698 5883 quentis
725 5831 791 5870 ex
819 5816 938 5874 eod.
976 5813 1109 5871 Dall.
1145 5814 1442 5885 adjecimus
1484 5813 1760 5882 conﬁtetur
1791 5823 1916 5869 ante
1947 5830 2069 5867 cou-

483 5895 592 5954 cept
599 5903 629 5944 ω
637 5901 746 5938 ram
756 5927 767 5939 .

2171 605 2330 651 erunt
2365 597 2615 654 universa
2659 600 2902 667 confusa,
2949 610 3004 658 et
3045 619 3238 674 parere
3278 606 3673 680 concipereque
3703 610 3774 667 de

2172 691 2303 746 viris
2335 692 2500 748 etiam
2525 694 2869 764 suseipietur.
2898 695 3009 752 Cur
3034 713 3141 754 non
3171 707 3318 753 certe
3344 699 3460 755 haec
3480 700 3772 760 verborum

2168 782 2340 839 ofﬁcia
2371 785 2437 841 de
2466 786 3011 856 virispraedicentur,
3040 791 3085 845 si
3118 799 3306 860 partus
3333 791 3632 851 Salvatoris
3663 813 3772 852 non

2168 877 2309 930 viam
2355 878 2528 932 tenuit
2558 879 2719 943 uteri,
2753 881 2845 936 sed
2874 882 3043 937 exivit
3081 898 3424 956 quacunque.
3471 886 3673 956 Ilabes,
3714 901 3772 946 et

2167 971 2448 1040 superbis,
2480 973 2844 1042 patrocinium
2891 984 3171 1045 poetarum
3217 978 3536 1049 ﬁgmentum
3560 1023 3574 1046 ,
3618 991 3679 1038 ut
3716 992 3774 1039 et

2167 1063 2416 1134 concepit
2444 1064 2530 1118 vir
2563 1073 2616 1120 et
2648 1069 2878 1138 peperit.
2910 1067 3062 1134 Quod
3082 1109 3096 1134 ,
3133 1070 3261 1139 quia
3295 1069 3637 1128 Christianus
3668 1089 3729 1130 es
3755 1114 3772 1140 ,

2167 1161 2222 1209 et
2246 1153 2474 1224 eloquiis
2515 1156 2812 1212 instructus
2840 1157 3119 1225 veritatis,
3146 1175 3254 1216 non
3285 1161 3492 1228 dubito,
3534 1164 3771 1234 repellis.

2168 1243 2286 1312 Qua
2311 1245 2377 1300 de
2405 1261 2464 1300 re
2490 1246 2790 1317 legitimum
2828 1258 3036 1304 natura:
3066 1264 3286 1305 cursum
3317 1251 3540 1307 vocibus
3578 1251 3775 1323 praedi-

2168 1344 2351 1392 catum
2384 1339 2690 1406 consuetis,
2736 1355 2845 1394 non
2876 1341 3129 1412 opinione
3157 1357 3294 1398 nova
3331 1352 3615 1414 pervertas
3634 1385 3648 1409 ,
3674 1344 3773 1400 sed

2167 1445 2296 1486 vera
2310 1432 2574 1487 etusitata
2592 1442 2835 1504 receptes
2852 1434 3316 1504 interpretatione.
3333 1435 3534 1491 Etcum
3548 1435 3744 1507 legeris
3757 1479 3771 1503 ,

2168 1526 2428 1592 audieris,
2496 1528 2965 1598 pronuntiaveris,
3026 1529 3110 1584 vel
3163 1528 3443 1602 Virginem
3493 1530 3771 1601 peperisse

2167 1613 2442 1670 Christum
2460 1655 2478 1684 ,
2501 1617 2585 1672 vel
2615 1627 2803 1672 natum
2829 1617 2896 1673 de
2923 1617 3142 1690 Virgine
3165 1618 3440 1675 Christum
3462 1662 3476 1688 ,
3503 1619 3648 1676 illico
3675 1621 3771 1691 tibi

2167 1709 2362 1765 semita
2397 1719 2608 1765 natura:
2634 1709 2800 1780 janua
2831 1711 3007 1766 vulva:
3035 1721 3306 1768 occurrat.
3337 1712 3537 1783 Sicque
3579 1721 3632 1767 te
3661 1728 3769 1766 non

2168 1816 2324 1857 error
2342 1816 2440 1872 per
2459 1801 2615 1857 devia
2643 1803 2821 1870 ducet,
2842 1805 2934 1859 sed
2953 1818 3112 1859 verus
3133 1805 3441 1861 intellectus
3466 1807 3521 1860 in
3548 1805 3768 1860 tramite

2091 1883 2140 1943 B
2169 1901 2319 1950 recto
2361 1895 2582 1950 tenebit.
2618 1894 2696 1950 Ne
2742 1905 2922 1952 autem
2963 1898 3297 1969 argumentis
3329 1898 3447 1974 haec
3484 1897 3769 1953 videamur

2170 1994 2378 2042 tantum
2408 1988 2787 2058 comprobare,
2835 1988 3158 2044 testimoniis
3187 1989 3336 2045 disce
3370 2004 3500 2046 vera
3539 1989 3604 2044 de
3642 1998 3767 2044 ortu

2171 2077 2472 2134 Salvatoris
2499 2095 2620 2150 quae
2642 2080 2938 2136 asserimus
2968 2094 3108 2136 esse.

2239 2169 2384 2225 Idem
2414 2173 2674 2241 propheta
2702 2171 2869 2226 Isaias
2903 2189 2915 2225 :
2957 2191 2974 2222 ι
3009 2171 3076 2226 Et
3115 2173 3323 2228 accessi
3351 2174 3418 2229 ad
3457 2173 3769 2245 prophetis-

2171 2282 2316 2331 sam,
2345 2274 2400 2320 et
2433 2264 2682 2334 concepit
2710 2273 2765 2319 et
2787 2265 2994 2334 peperit
3021 2264 3188 2319 ﬁlium
3223 2281 3237 2320 :
3266 2275 3317 2321 et
3349 2267 3484 2321 dixit
3511 2260 3798 2322 Dominus,

2169 2359 2235 2413 ad
2266 2373 2382 2412 me:
2406 2357 2550 2412 Voca
2581 2371 2777 2412 nomen
2799 2355 2946 2425 ejus:
2968 2356 3228 2413 Accelera
3253 2357 3423 2429 spolia
3454 2359 3762 2425 detrahere,

2170 2453 2364 2510 festina
2415 2450 2646 2523 praedari
2697 2450 2832 2522 (Isa.
2877 2466 3009 2517 vtu,
3048 2451 3103 2522 ὅ)
3131 2452 3183 2508 δ.
3219 2472 3236 2502 ι
3266 2451 3501 2507 Adverte
3550 2463 3767 2523 partum

2170 2543 2397 2616 virginis
2447 2542 2754 2612 prophetali
2805 2541 3078 2613 signatum
3116 2541 3441 2598 ministerio.
3491 2541 3767 2614 Propheta

2171 2636 2400 2693 accessit
2429 2636 2494 2690 ad
2515 2634 2938 2705 prophetissam,
2963 2635 3089 2704 quia
3117 2633 3352 2706 Spiritus
3374 2643 3594 2690 sanctus
3620 2635 3769 2690 venit

2171 2729 2241 2785 ad
2288 2725 2512 2783 Mariam
2540 2743 2552 2780 :
2580 2726 2830 2798 concepit
2873 2725 2998 2791 illa,
3030 2734 3086 2781 et
3123 2726 3334 2796 peperit
3369 2725 3561 2792 ﬁlium,
3593 2727 3768 2797 magis

2173 2810 2406 2894 Spiritus
2443 2822 2618 2878 sancti
2649 2822 2821 2888 dono,
2875 2835 3037 2892 quam
3079 2820 3378 2876 sementivo
3422 2820 3582 2875 virili.
3621 2820 3767 2888 Que-

2172 2916 2520 2974 madmodum
2551 2914 2686 2970 Sara
2725 2922 2781 2970 et
2810 2912 3099 2969 sterilitate
3147 2910 3470 2977 infecunda,
3515 2920 3570 2966 ct
3615 2911 3767 2967 senio

2165 3009 2278 3080 jam
2319 3007 2536 3080 frigida,
2565 3017 2624 3062 ut
2665 3016 2840 3062 mater
2870 3007 3022 3078 virgo
3046 3005 3113 3062 de
3143 3005 3349 3077 Spiritu
3376 3014 3564 3062 sancto
3591 3013 3646 3060 et
3668 3005 3769 3060 im-

2170 3101 2502 3174 pracgnanda
2529 3109 2586 3157 et
2611 3109 2867 3172 generata
2899 3099 3342 3170 prophetaretur.
3371 3097 3440 3154 Et
3476 3105 3769 3168 conceptus

2171 3210 2301 3266 ergo
2335 3204 2389 3250 et
2437 3204 2625 3266 partus
2671 3194 2724 3248 in
2760 3191 3104 3263 prophetissa
3148 3191 3415 3263 processit
3451 3201 3511 3245 ut
3540 3191 3768 3246 haeresis

2095 3256 2141 3320 Ο
2177 3290 2359 3344 futura
2387 3289 2756 3352 damnaretur,
2781 3300 3032 3342 asserens
3057 3284 3284 3340 Mariam
3309 3284 3646 3356 concepisse,
3669 3297 3768 3339 nec

2177 3391 2235 3437 ut
2258 3381 2516 3437 feminam
2542 3394 2848 3452 generasse.
2885 3377 2992 3433 Sed
3014 3377 3359 3447 prophetissa
3385 3391 3491 3431 non
3522 3375 3576 3430 in
3599 3373 3770 3429 altero

2178 3473 2331 3538 fallit,
2361 3473 2417 3526 in
2445 3470 2618 3526 altero
2646 3485 2835 3526 verum
2877 3469 3222 3540 pmﬁgurat;
3253 3469 3508 3539 quoniam
3533 3467 3766 3539 genitrix

2176 3565 2472 3621 Salvatoris
2491 3573 2546 3618 et
2564 3563 2716 3635 virgo
2738 3563 2803 3618 de
2825 3560 3032 3632 Spiritu
3053 3570 3243 3618 sancto
3260 3562 3529 3632 concepit,
3554 3571 3608 3616 et
3629 3561 3787 3615 sicut‘

2175 3655 2376 3712 femina
2408 3654 2556 3710 salvo
2580 3654 2785 3725 pudore
2807 3654 3102 3726 generavit.

2245 3748 2375 3803 Item
2399 3747 2525 3803 alibi
2555 3761 2569 3800 :
2599 3765 2617 3798 ‹
2638 3744 2861 3813 Rorate,
2877 3746 3024 3812 caeli,
3041 3745 3293 3818 desuper,
3309 3756 3366 3802 et
3391 3747 3562 3802 nubes
3580 3745 3768 3816 pluaut

2168 3844 2405 3914 justum;
2465 3840 2744 3912 aperiatur
2791 3849 2956 3906 terra,
3002 3848 3059 3896 et
3103 3841 3370 3912 germinet
3426 3839 3765 3896 Salvatorem

2174 3935 2308 4006 (Isa.
2339 3949 2430 3999 xv,
2453 3933 2530 4004 8).
2561 3952 2580 3984 ι
2607 3933 2928 3989 Admirabili
2952 3948 3085 3990 sane
3119 3933 3386 3990 brevitate
3414 3934 3765 4004 propheticus

2173 4045 2368 4095 sermo,
2399 4037 2452 4084 et
2489 4028 2954 4084 annuntiationem
2978 4029 3154 4098 angeli
3180 4039 3237 4084 et
3261 4030 3644 4102 prophetarum
3674 4045 3767 4083 va-

2173 4123 2373 4184 ticinia,
2409 4131 2464 4177 et
2497 4129 2816 4193 conceptum
2843 4121 3070 4194 virginis
3095 4165 3112 4188 ,
3141 4131 3196 4177 et
3221 4123 3437 4178 modum
3465 4124 3766 4193 generatio-

2174 4215 2256 4269 nis
2285 4215 2553 4286 exposuit'.
2583 4213 2774 4269 Ortum
2803 4213 3036 4284 denique
3055 4214 3257 4271 Christi
3286 4226 3342 4272 et
3382 4215 3604 4286 angelus
3634 4215 3763 4270 insi-

2173 4317 2325 4372 nuat,
2352 4323 2452 4364 nec
2472 4308 2751 4380 prophetae
2779 4315 2978 4374 tacent,
2993 4316 3049 4364 et
3065 4317 3251 4363 uterus
3273 4309 3496 4380 virginis
3521 4309 3766 4379 aperitur

2172 4402 2238 4456 ad
2264 4400 2500 4456 sobolem
2524 4441 2539 4468 ,
2565 4407 2618 4455 et
2648 4399 2868 4470 pudoris
2900 4400 3196 4457 claustrum
3225 4401 3491 4471 germinat
3520 4400 3766 4456 Salvato-

2175 4509 2322 4559 rem,
2356 4501 2415 4547 ut
2446 4492 2499 4546 in
2527 4493 2809 4563 apertione
2853 4491 3041 4548 videas
3069 4500 3388 4562 conceptum
3419 4492 3679 4564 virginis,
3707 4491 3782 4546 in-

2175 4584 2416 4658 germine
2445 4583 2712 4655 intelligas
2742 4592 2956 4654 partum
2988 4584 3241 4655 pudoris;
3267 4596 3326 4639 ut
3363 4585 3506 4641 enim
3541 4598 3764 4656 germen

2173 4692 2366 4733 venam
2405 4685 2584 4732 servat
2630 4675 2896 4741 natalem,
2947 4689 3049 4731 nec
3087 4675 3264 4732 alieno
3310 4677 3516 4731 semine
3543 4691 3767 4732 concre-

2177 4780 2310 4835 tum,
2345 4768 2438 4824 scd
2467 4767 2746 4840 genitricis
2784 4776 2866 4821 est
2907 4767 3140 4838 propr-ite
3185 4767 3576 4834 sementivum,
3609 4766 3763 4838 juxta

2175 4860 2316 4931 quod
2337 4859 2561 4916 Genesis
2586 4867 2814 4914 testatur
2834 4858 2899 4912 de
2928 4857 3215 4915 arboribus
3233 4869 3286 4914 et
3301 4860 3484 4915 herbis
3507 4859 3760 4931 loquens:

2179 4971 2197 5003 ί
2229 4950 2394 5022 Cujus
2439 4965 2622 5004 semen
2672 4949 2762 5014 sit,
2809 4949 3092 5020 inquiens,
3124 4951 3176 5006 iu
3211 4951 3503 5023 semetipso
3530 4949 3681 5023 (Gen.
3724 4969 3761 5018 I,

2179 5042 2293 5114 ll):
2330 5063 2346 5093 ι
2383 5043 2461 5096 sic
2503 5043 2652 5112 virgo
2685 5041 2851 5097 Maria
2880 5059 2986 5098 non
3020 5044 3087 5100 de
3129 5045 3289 5111 virili,
3315 5046 3408 5101 sed
3441 5047 3506 5101 de
3547 5047 3765 5118 proprio

2177 5134 2382 5189 semine
2409 5132 2672 5204 concepit,
2689 5143 2740 5190 et
2762 5133 2980 5207 genitali
3010 5135 3126 5190 rivo
3151 5137 3398 5206 exposuit
3420 5146 3762 5208 conceptum.

2176 5227 2466 5298 Propterea
2497 5226 2648 5297 virga
2677 5227 2859 5282 Aaron
2905 5229 3148 5297 aperitur
3172 5227 3226 5281 in
3260 5243 3501 5299 germen,
3530 5229 3766 5299 erumpit

2179 5322 2230 5376 in
2259 5320 2439 5384 ﬁeres,
2466 5320 2559 5390 qui
2582 5319 2724 5376 foliis
2751 5318 2992 5376 dilatatis
3020 5320 3324 5376 formantur
3348 5322 3399 5376 in
3432 5321 3762 5394 amygdalae,

2179 5425 2236 5470 ut
2278 5416 2582 5470 insinuetur
2619 5413 2901 5485 coagulum
2949 5415 3208 5480 seminis,
3243 5417 3518 5472 concretio
3564 5431 3764 5473 conce-

2177 5516 2340 5578 ptus,
2389 5505 2654 5576 expositio
2704 5514 2912 5576 partus.
2986 5505 3052 5561 Et
3102 5509 3558 5578 quemadmodum
3611 5511 3764 5581 virga

2176 5737 2216 5792 D
2247 5665 2512 5790 niti/verte
2553 5675 2783 5737 partum.
2817 5665 3017 5724 Ultima
3048 5683 3152 5725 vox
3192 5670 3373 5728 addita
3399 5677 3481 5725 est
3512 5683 3544 5723 e
3577 5667 3763 5724 codice

2220 5758 2247 5791 at
2291 5755 2373 5792 ἱυΙ.

2220 5755 2373 5793 εειιίιει.
