4088 6344
291 391 361 447 89
1372 386 1572 443 LIBER
1613 386 1702 442 DE
1740 384 2156 442 NATIV’ITATE
2194 385 2489 444 CHRISTI.
3497 387 3568 446 9O

290 505 476 559 Aaron
522 503 748 575 protulit
778 501 994 557 telluris
1041 500 1244 571 absque
1287 499 1788 556 subministratione
1830 508 1885 556 et
1910 502 1963 564 Α
1989 500 2447 559 difficilioribuset
2470 503 2718 576 mysticis
2737 503 3360 560 locisitnmoratnurhd
3379 511 3568 578 aperta

292 595 540 652 humoris
603 595 946 664 irrigatione,
998 594 1208 649 nativas
1251 601 1429 648 tamen
1480 609 1577 664 per
1621 595 1880 660 semitas,

290 702 517 758 germen
538 728 554 752 ,
581 688 742 744 llores
769 696 824 745 et
847 687 1114 756 fructum;
1161 691 1241 746 sic
1283 698 1456 746 mater
1485 691 1636 761 virgo
1679 705 1787 746 non
1817 691 1884 746 de

289 779 587 850 voluptatis
631 780 791 848 rivo,
840 797 941 837 nec
985 780 1054 837 de
1103 781 1336 837 maritali
1383 784 1752 850 commercio,
1799 799 1885 856 ge

289 869 516 926 nitalem
546 878 728 928 tamen
763 886 861 942 per
885 871 1134 929 semitam
1178 872 1365 946 genuit
1390 888 1610 930 carnem
1645 872 1883 932 Verbum

287 963 514 1020 factum.

924 1075 1154 1134 CAPUT
1192 1077 1257 1135 γ.

830 1189 1151 1247 Testimonia
1213 1192 1342 1248 alia.

353 1323 648 1394 Jeremias,
677 1342 893 1400 quoque
937 1327 1082 1382 hunc
1129 1342 1348 1384 sacrum
1383 1327 1622 1402 Virginis
1661 1339 1878 1409 partum

281 1420 642 1491 praesagiens,
698 1420 775 1475 ait
811 1436 824 1474 :
879 1437 898 1471 ε
935 1418 1154 1475 Creabit
1198 1418 1460 1476 Dominus
1490 1435 1690 1476 novum
1718 1436 1880 1493 super

282 1523 494 1567 terram
520 1527 535 1567 :
566 1510 772 1568 femina
799 1511 1345 1569 circumdabitvirum
1369 1512 1504 1586 (Jer.
1530 1530 1685 1582 χχχι,
1705 1514 1822 1587 22).
1851 1536 1871 1569 ι

280 1604 545 1661 Discerne
581 1605 712 1676 quid
746 1620 944 1660 novum
997 1605 1197 1661 dixerit
1246 1616 1506 1692 creatum.
1533 1607 1621 1674 iri,
1673 1609 1880 1666 scilicet

278 1696 430 1766 quod
461 1694 696 1752 femineo
728 1705 935 1752 tantum
958 1697 1166 1761 semine
1185 1698 1356 1754 sancti
1393 1698 1628 1770 Spiritus
1655 1714 1754 1771 per
1776 1701 1878 1756 mi-

281 1789 588 1855 nisterium,
633 1790 876 1847 matricis
921 1791 978 1846 in
1025 1790 1233 1862 gremio
1262 1792 1482 1849 habitus
1507 1790 1876 1866 conﬁguretur

1988 595 2290 660 veniamus,
2324 603 2377 651 et
2400 596 2464 652 de
2510 598 2794 653 domorum
2821 595 3093 664 claustris,
3121 595 3176 653 id
3203 604 3286 654 est
3327 609 3568 656 secreto-

1988 703 2107 744 rum
2166 689 2354 760 ﬁguris
2407 689 2474 745 ad
2522 699 2799 762 portarum
2858 690 3199 750 latitudinem
3251 693 3568 764 migremus,

1987 788 2255 850 quatenus
2274 780 2501 853 vestigia
2536 781 2738 853 sponsi,
2771 791 2825 837 et
2849 783 3166 843 emissiones
3197 798 3434 856 sponsae,
3467 785 3570 843 sub

1985 871 2110 928 divo
2129 872 2575 944 contemplemur.

2055 965 2115 1020 In
2162 965 2280 1038 lege
2325 982 2486 1023 omne
2535 967 2951 1040 primogenitum
3007 971 3404 1028 sanctiﬁcatum
3451 981 3569 1030 erat

1985 1057 2232 1124 Domino,
2268 1057 2580 1130 signiﬁcans
2621 1075 2744 1115 eum
2796 1061 2887 1132 qui
2918 1061 3066 1118 solus
3111 1073 3334 1120 sanctus
3357 1073 3412 1121 et
3453 1065 3572 1122 sine

1981 1159 2206 1223 peccato
2248 1155 2406 1208 natus
2437 1161 2539 1209 est.
2573 1151 2666 1209 Sic
2709 1141 2855 1210 enim
2884 1170 3049 1227 super
3077 1156 3180 1212 hoc
3226 1157 3396 1213 habes
3429 1158 3564 1214 scri-

1979 1258 2134 1318 ptum
2167 1267 2180 1304 :
2213 1267 2232 1300 ‹
2262 1247 2614 1306 Sanctiﬁcate
2637 1250 2771 1306 mihi
2795 1265 2957 1308 omne
2975 1252 3396 1325 primogenitum
3426 1256 3571 1326 quod
3599 1271 3612 1276 ·

1981 1339 2157 1414 aperit
2210 1338 2425 1395 vulvam
2478 1339 2532 1396 in
2572 1339 2738 1399 Israel
2795 1341 2992 1414 (Exod.
3036 1359 3160 1410 xm,
3197 1344 3274 1416 1).
3323 1347 3356 1398 ι’
3387 1345 3566 1402 Item:

1988 1449 2008 1482 ί
2040 1429 2286 1502 Cumque
2317 1431 2684 1490 introduxerit
2723 1442 2780 1490 te
2822 1433 3084 1492 Dominus
3113 1435 3169 1492 in
3199 1445 3402 1492 terram
3433 1438 3572 1498 Cha-

1981 1523 2178 1590 nanmi,
2207 1523 2570 1593 sicutjuravit
2598 1525 2695 1582 tibi
2716 1534 2772 1582 et
2797 1527 3045 1598 patribus
3078 1529 3217 1598 tuis;
3251 1539 3307 1586 et
3351 1530 3563 1597 dederit

1980 1631 2102 1672 eam
2175 1617 2292 1685 tibi,
2358 1619 2638 1690 separabis
2691 1634 2854 1677 omne
2917 1621 3062 1693 quod
3128 1622 3303 1694 aperit
3357 1622 3571 1680 vulvam

1979 1713 2206 1770 Domino
2244 1711 2432 1783 (Ibid.,
2480 1714 2569 1781 11,
2617 1713 2728 1788 I2).
2781 1735 2800 1768 ι
2829 1715 3004 1772 Item:
3042 1735 3062 1768 ι
3091 1715 3226 1772 Nam
3249 1731 3374 1773 cum
3402 1715 3566 1772 indu-

1980 1817 2132 1864 ratus
2177 1815 2322 1864 esset
2350 1807 2586 1877 Pharao,
2616 1819 2672 1865 et
2707 1809 2877 1866 nollet
2915 1825 3014 1866 nos
3043 1810 3338 1878 dimittere,
3372 1810 3572 1869 occidit

279 1882 476 1938 virilis.
528 1881 596 1938 Et
617 1883 874 1953 quoniam
905 1884 1180 1941 nascendo
1223 1884 1349 1942 talis
1401 1893 1696 1958 conceptus
1736 1887 1875 1944 uteri
1903 1882 1952 1944 B
1981 1901 2243 1958 Dominus
2263 1917 2424 1958 omne
2444 1902 2868 1974 primogenitum
2889 1903 2943 1958 in
2966 1911 3109 1960 terra
3138 1901 3381 1977 Egypti.
3408 1903 3574 1961 Idcir.

278 1975 508 2031 semitas
533 1990 642 2040 non
686 1976 1010 2046 praeteriret,
1049 1977 1143 2047 qui
1173 1992 1367 2034 cursus
1404 1978 1704 2034 nativitatis
1743 1995 1874 2035 cun-

279 2066 388 2122 ctis
429 2066 590 2123 datur
633 2068 978 2136 mortalibus,
1019 2068 1214 2125 merito
1262 2069 1393 2125 illud
1444 2070 1614 2138 siluit,
1663 2071 1721 2128 in
1767 2087 1875 2143 quo

279 2168 484 2230 praeter
529 2159 846 2216 inviolatum
876 2159 1136 2233 pudorem
1167 2160 1268 2218 sub
1305 2164 1560 2220 nascendi
1593 2164 1710 2237 lege
1740 2165 1874 2222 nihil

282 2252 508 2310 afferret
528 2256 675 2311 novi.
989 2313 1000 2326 _

353 2345 609 2402 Ezechiel
630 2361 847 2417 quoque
879 2365 892 2402 :
925 2366 944 2399 ι
982 2349 1051 2405 Ει
1071 2351 1314 2406 converti
1337 2365 1423 2406 me
1443 2351 1512 2407 ad
1532 2351 1676 2406 viam
1704 2361 1874 2424 portae

282 2439 587 2495 sanctuarii
625 2440 929 2506 exterioris,
973 2457 1093 2512 qua:
1125 2441 1451 2512 respiciebat
1477 2443 1548 2498 ad
1571 2443 1872 2509 orientem;

280 2542 336 2586 et
359 2532 686 2589 eratclausa
719 2551 732 2588 :
762 2540 818 2588 et
839 2533 975 2589 dixit
995 2533 1258 2592 Dominus
1293 2536 1361 2590 ad
1398 2551 1484 2592 me
1515 2554 1528 2589 :
1570 2534 1736 2592 Porta
1758 2537 1874 2592 haec

281 2623 470 2681 clausa
520 2626 650 2692 erit,
697 2641 805 2682 non
834 2626 1124 2697 aperietur,
1165 2635 1220 2684 et
1247 2627 1330 2682 vir
1363 2642 1471 2684 non
1524 2629 1750 2710 transiet
1780 2644 1875 2699 per

278 2733 428 2786 eam,
455 2719 713 2790 quoniam
732 2719 993 2776 Dominus
1011 2720 1156 2777 Deus
1180 2720 1345 2778 Israel
1365 2722 1642 2793 ingressus
1672 2733 1755 2780 est
1777 2739 1876 2796 per

279 2827 439 2878 eam;
498 2812 709 2884 eritque
766 2812 950 2870 clausa
998 2815 1248 2886 principi.
1299 2813 1404 2871 Per
1432 2817 1573 2872 viam
1623 2819 1872 2875 vestibuli

278 2913 454 2977 portae
479 2904 834 2976 ingredietur,
849 2915 905 2961 et
921 2921 1018 2977 per
1033 2907 1175 2962 viam
1195 2907 1311 2978 ejus
1331 2908 1640 2979 egredietur
1655 2909 1870 2982 (Ezeclt.

278 3012 470 3064 xxxiv,
497 2999 575 3069 5).
626 3018 645 3051 ι
696 2997 931 3054 λΕειὶιιιο
970 3000 1116 3070 quod
1143 3000 1231 3055 hic
1262 3000 1411 3058 locus
1453 3017 1670 3059 omnem
1701 3004 1875 3060 solvat

280 3089 447 3160 hujus
477 3088 681 3146 nodum
723 3091 1056 3160 quaestionis.
1089 3091 1304 3149 Etenim
1344 3102 1559 3164 portam
1588 3110 1751 3164 quam
1782 3096 1876 3150 tle-

282 3182 479 3238 scribit
501 3184 762 3254 propheta
794 3183 1027 3252 majores
1054 3185 1437 3242 intellexerunt
1464 3187 1740 3261 Virginem
1764 3187 1874 3243 Ma-

281 3276 446 3343 riam,
477 3291 598 3346 quse
626 3276 765 3333 bene
785 3287 1121 3334 monstratur
1145 3278 1353 3347 clausa,
1380 3280 1507 3352 quia
1539 3258 1694 3352 virgo
1729 3297 1874 3338 sem—
1904 3258 1950 3321 ί)

280 3383 383 3440 per
422 3378 606 3425 manet
644 3369 872 3436 intacta,
928 3379 984 3425 et
1016 3371 1101 3426 vir
1138 3387 1246 3428 non
1310 3373 1536 3430 transiet
1584 3389 1683 3446 per
1734 3390 1872 3432 eam.

280 3464 507 3520 Intende
547 3463 832 3536 diligenter
859 3465 946 3520 cui
989 3475 1220 3536 negatur
1248 3468 1534 3535 transitus,
1563 3476 1619 3524 et
1647 3485 1754 3540 qua
1784 3484 1878 3526 ne-

282 3565 462 3628 gatur.
487 3555 728 3629 Negatur
759 3573 983 3629 prorsus
1005 3559 1144 3624 viro,
1189 3559 1284 3630 qui
1309 3569 1524 3630 poterat
1557 3560 1782 3629 violare,
1823 3570 1882 3619 et

283 3649 353 3704 ab
374 3664 442 3704 eo
471 3658 800 3716 removetur,
823 3652 966 3721 quod
999 3659 1214 3722 poterat
1239 3669 1336 3724 per
1357 3655 1557 3711 coitum
1580 3656 1874 3727 corrumpi.

284 3740 457 3798 Nemo
483 3742 628 3797 enim
679 3752 924 3799 removet
959 3743 1291 3816 ingressum,
1334 3746 1462 3818 quia
1494 3748 1633 3802 ratio
1671 3757 1879 3804 natura:

281 3851 386 3891 nec
425 3836 572 3892 viam
597 3836 859 3904 admittit,
888 3852 987 3894 nec
1009 3838 1318 3907 transitum,
1351 3855 1457 3911 qua
1487 3841 1554 3896 de
1581 3857 1642 3898 re
1659 3842 1877 3913 quando

283 3930 486 3987 dicitur
515 3949 529 3986 :
567 3949 586 3982 t
618 3931 712 3987 Vir
733 3947 842 3987 non
865 3933 1094 3989 transiet
1123 3948 1221 4006 per
1239 3950 1382 4002 eam,
1412 3955 1430 3988 ι
1466 3952 1572 3992 ηοιι
1595 3937 1660 3993 de
1681 3937 1874 4003 latere,

282 4039 388 4080 nec
431 4025 500 4080 de
534 4025 783 4093 cerebro,
823 4041 924 4081 nec
972 4025 1038 4082 de
1082 4025 1288 4082 femore
1344 4028 1565 4096 dicitur,
1619 4029 1875 4099 quoniam

284 4121 554 4176 transitus
575 4120 877 4192 coniugalis
900 4120 968 4175 ad
983 4120 1117 4176 alias
1145 4110 1382 4178 refertur
1406 4123 1652 4194 corporis
1670 4133 1874 4194 partes,

279 4212 483 4284 quibus
513 4221 706 4268 natura
734 4213 801 4268 ad
825 4213 1026 4268 coitum
1054 4214 1195 4268 viam
1224 4214 1456 4284 praebuit
1482 4224 1538 4270 et
1563 4216 1874 4271 transitum.

282 4307 558 4377 Quoniam
596 4323 726 4364 vero
747 4323 853 4379 qua
881 4308 1053 4364 virilis
1098 4315 1410 4364 removetur
1445 4309 1725 4376 transitus,
1756 4309 1878 4365 illac

282 4402 552 4460 Dominus
593 4403 738 4459 Deus
763 4403 933 4460 Israel
954 4412 1038 4460 est
1068 4405 1370 4474 ingressus,
1407 4406 1743 4478 subsequens
1763 4422 1879 4464 ser-

283 4513 376 4553 mo
409 4499 770 4565 demonstrat,
796 4496 1025 4555 dicendo
1057 4516 1070 4554 :
1109 4515 1128 4551 ι
1161 4497 1425 4555 Dominus
1444 4498 1588 4556 Deus
1613 4499 1776 4556 Israel
1799 4500 1880 4556 in~

281 4605 506 4660 gressus
527 4599 611 4646 est
629 4605 728 4661 per
744 4604 887 4645 eam.
917 4609 938 4644 »
965 4589 1142 4661 thue
1158 4606 1320 4648 omne
1341 4592 1523 4648 demat
1545 4591 1875 4665 ambiguum,
1909 4631 1957 4696 Β

282 4684 506 4756 subjicit
543 4701 558 4738 :
599 4701 618 4734 ‹
652 4683 767 4755 Per
798 4684 942 4739 viam
967 4685 1221 4742 vestibuli
1251 4695 1420 4756 porta:
1443 4685 1796 4758 ingredietur,
1821 4698 1878 4746 et

281 4793 381 4848 per
397 4778 548 4832 viam
576 4777 696 4849 ejus
719 4777 1041 4848 egredietur.
1083 4798 1102 4830 ι
1127 4776 1272 4834 Nolit
1291 4776 1406 4846 jam
1424 4779 1490 4834 de
1511 4780 1595 4834 via
1627 4777 1880 4837 Salvato-

284 4870 378 4933 ris,
411 4883 578 4941 quam
616 4868 888 4925 nascendo
936 4877 1153 4925 secutus
1180 4879 1284 4938 est,
1333 4871 1558 4931 hairesis
1597 4891 1732 4932 nova
1781 4875 1878 4931 du-

282 4961 478 5016 bitare.
511 4959 592 5016 En
643 4961 736 5016 tibi
769 4962 1037 5032 propheta
1092 4971 1349 5038 tanquam
1381 4968 1484 5024 sub
1533 4967 1878 5023 oculosme-

285 5055 568 5127 taphorice
608 5054 888 5111 muliebris
941 5055 1114 5115 vulva:
1164 5069 1218 5116 et
1260 5061 1586 5116 vestibulum
1636 5068 1691 5116 et
1739 5061 1876 5116 viam

285 5151 454 5220 ponit.
503 5170 524 5202 ‹
578 5149 863 5221 Ingressus
901 5159 988 5210 est
1041 5174 1061 5208 ι
1115 5154 1351 5226 denique
1384 5174 1403 5207 ι
1436 5155 1696 5212 Dominus
1739 5156 1880 5212 Deus

284 5243 448 5301 Israel
478 5258 579 5319 per
609 5248 754 5303 viam
781 5247 1032 5304 vestibuli
1062 5247 1222 5319 hujus
1248 5257 1441 5318 porta},
1478 5269 1496 5300 ι
1526 5248 1650 5319 quia
1678 5263 1775 5318 per
1801 5248 1882 5304 in-

286 5341 623 5396 carnationis
661 5340 979 5412 mysterium
1003 5340 1268 5412 virginale
1297 5339 1544 5396 introivit
1569 5342 1834 5411 gremium
1862 5359 1878 5408 ;

287 5446 338 5490 et
370 5452 470 5506 per
494 5435 639 5490 viam
669 5434 832 5506 hujus
868 5442 1039 5506 portae
1075 5449 1327 5506 egressus
1350 5443 1452 5501 est,
1481 5435 1736 5505 quoniam
1780 5437 1881 5493 hu-

290 5529 556 5585 manitate
605 5538 857 5599 suscepta
885 5528 937 5583 in
963 5530 1181 5585 domum
1205 5529 1389 5585 mundi
1419 5544 1517 5600 per
1563 5529 1884 5586 incontami-

293 5631 476 5676 natam
520 5622 654 5678 exiit
702 5621 939 5678 vulvam.
995 5621 1112 5678 Non
1158 5623 1322 5695 igitur
1371 5623 1554 5680 nescio
1589 5638 1754 5695 quem
1787 5623 1881 5681 Dei

291 5713 429 5770 Filio
459 5715 526 5772 de
573 5723 730 5769 utero
775 5716 966 5770 matris
1004 5715 1280 5788 contingas
1322 5731 1620 5788 egressum.
1651 5716 1886 5787 Spiritus

296 5818 514 5866 sanctus
550 5819 604 5864 te
631 5811 826 5864 doceat
867 5809 1176 5875 veritatem,
1204 5809 1296 5879 qui
1323 5819 1379 5864 et
1409 5809 1708 5865 thalamum
1735 5820 1884 5866 tanto

297 5901 518 5975 dignum
546 5916 745 5974 sponso
773 5899 1131 5958 sanctiﬁcavit
1175 5909 1232 5958 et
1258 5909 1492 5972 portam.
1537 5901 1642 5958 Sed
1673 5901 1803 5972 quid
1829 5902 1884 5958 in

1945 2045 1948 2047 λ
1981 1991 2288 2048 coimmola
2333 1992 2562 2048 Domino
2613 2007 2776 2052 omne
2815 1991 2959 2064 quod
3008 1995 3184 2066 aperit
3209 1993 3424 2050 vulvam
3453 2010 3572 2052 ma-

1982 2081 2176 2138 sculini
2202 2098 2387 2148 sexus,
2414 2091 2471 2138 et
2489 2083 2672 2139 omnia
2693 2084 3050 2155 primogenita
3073 2085 3307 2142 ﬁliorum
3326 2099 3575 2143 meorum

1978 2176 2187 2231 redime
2243 2175 2429 2247 (Ibid.,
2484 2174 2739 2248 15-15).
2793 2195 2812 2229 ι
2865 2175 2999 2233 Nota
3036 2177 3182 2248 quod
3225 2177 3572 2249 primogeniti

1983 2277 2110 2325 sunt
2152 2269 2246 2340 qui
2278 2269 2496 2325 vulvam
2520 2270 2794 2326 nascendo
2820 2270 2983 2342 primi
3005 2271 3274 2342 aperiunt,
3304 2280 3366 2328 ut
3387 2286 3573 2329 conse-

1981 2371 2214 2433 quenter
2237 2361 2477 2433 accipias
2500 2363 2604 2419 hoc
2633 2377 2754 2420 esse
2791 2364 2940 2420 nasci
2971 2365 3039 2421 de
3067 2363 3296 2432 femina,
3315 2365 3461 2436 quod
3488 2373 3574 2422 est

1935 2513 1942 2520 ,
1979 2452 2207 2508 oriendo
2242 2452 2453 2508 vulvam
2502 2453 2674 2510 exire.
2731 2453 2789 2510 In
2840 2454 3084 2528 catalogo
3126 2463 3566 2527 praeceptorum:

1984 2564 2002 2595 ι
2057 2543 2479 2616 Primogenitunt
2522 2543 2758 2602 ﬁliorum
2802 2545 2958 2602 dabis
3007 2546 3141 2603 mihi
3183 2546 3386 2618 (Exod.
3429 2562 3568 2616 χχιι,

1977 2635 2089 2710 29).
2122 2656 2141 2690 ι
2177 2635 2320 2692 Alibi
2369 2655 2383 2692 :
2441 2656 2458 2690 ι
2498 2635 2673 2694 Omne
2702 2638 2846 2710 quod
2871 2639 3046 2711 aperit
3091 2638 3306 2694 vulvam
3355 2639 3574 2711 generis

1979 2731 2261 2788 masculini
2289 2747 2468 2788 meum
2505 2734 2611 2790 erit
2635 2733 2836 2806 (Exod.
2869 2749 2990 2802 xm,
3011 2735 3090 2806 2).
3130 2754 3152 2788 ι
3187 2734 3246 2791 In
3275 2735 3518 2794 Levitico
3551 2756 3564 2793 :

1984 2843 2003 2876 ι
2040 2825 2230 2882 Mulier
2253 2826 2300 2881 si
2329 2835 2580 2898 suscepto
2619 2828 2828 2884 semine
2857 2829 3068 2900 peperit
3094 2829 3419 2904 masculum,
3455 2850 3487 2883 Δι
3517 2840 3574 2888 et

1980 2917 2185 2989 reliqua
2232 2917 2378 2990 (Lev.
2410 2934 2509 2986 xu,
2564 2919 2638 2991 I).
2674 2919 2807 2976 Item
2842 2937 2856 2976 :
2894 2938 2913 2973 t
2953 2919 3050 2976 Sin
3099 2930 3281 2977 autem
3310 2920 3571 2978 feminam

1977 3011 2186 3082 peperit
2228 3009 2420 3082 (Ibid.,
2442 3028 2492 3065 v.
2551 3010 2631 3083 5),
2668 3031 2688 3064 ι
2721 3020 2862 3080 etc.;
2915 3023 2970 3069 et
2999 3028 3261 3088 generare
3283 3024 3338 3070 et
3377 3030 3572 3086 parere

1979 3105 2138 3162 docet
2181 3105 2428 3171 feminas,
2487 3121 2593 3162 non
2647 3107 2791 3164 aliud
2843 3123 2966 3166 esse
3016 3125 3181 3181 quam
3226 3126 3326 3183 per
3354 3111 3570 3166 vulvam

1981 3200 2231 3256 emittere
2267 3209 2502 3270 partum.
2551 3201 2608 3256 In
2652 3200 2950 3259 Numeris:
2989 3223 3008 3256 ‹
3062 3202 3241 3261 Meum
3286 3213 3372 3261 est
3408 3219 3570 3260 omne

1981 3292 2401 3365 primogenitum
2431 3308 2497 3349 ex
2525 3308 2632 3364 quo
2652 3294 2897 3364 percussi
2919 3295 3310 3368 primogenitos
3339 3296 3394 3350 in
3422 3304 3569 3352 terra

1981 3383 2223 3458 Egypti.
2277 3383 2569 3442 Sanctiﬁca
2608 3385 2741 3442 mihi
2764 3387 3025 3459 quidquid
3054 3388 3291 3459 primum
3330 3386 3576 3443 nascitur

1981 3495 2036 3534 in
2065 3479 2228 3535 Israel
2252 3479 2442 3552 (Num.
2481 3496 2565 3548 ιιι,
2602 3480 2715 3552 15).
2769 3499 2790 3534 ι
2824 3480 2892 3538 Et
2912 3481 3164 3553 superius
3198 3500 3213 3538 :
3255 3498 3278 3534 ι
3318 3480 3434 3553 Ego
3473 3478 3572 3538 tuli

1979 3569 2197 3628 Levitas
2228 3588 2257 3626 a
2285 3571 2412 3627 ﬁliis
2459 3570 2625 3628 Israel
2675 3587 2773 3643 pro
2814 3573 3197 3646 primogenita,
3255 3573 3350 3644 qui
3398 3573 3575 3644 aperit

1979 3664 2195 3720 vulvam
2223 3665 2276 3719 in
2306 3665 2430 3720 ﬁliis
2463 3663 2627 3719 Israel
2656 3663 2845 3736 (lbid.,
2889 3664 3002 3735 12).
3058 3683 3079 3718 ι
3136 3664 3205 3720 Et
3251 3664 3306 3720 in
3338 3660 3572 3734 sequen-

1981 3757 2125 3813 tibus
2158 3775 2172 3812 :
2211 3774 2229 3806 t
2286 3753 2522 3810 Numera
2561 3755 2950 3826 primogenitos
2982 3769 3147 3812 sexus
3171 3754 3457 3811 masculini
3506 3755 3576 3814 de

1981 3845 2108 3903 ﬁliis
2153 3846 2320 3902 Israel
2350 3860 2382 3900 a
2407 3859 2594 3901 mense
2654 3860 2762 3901 uno
2814 3844 3005 3918 (Ibid.,
3047 3845 3160 3918 40).
3195 3865 3216 3899 ι
3249 3845 3319 3904 Et
3355 3861 3520 3920 supra
3555 3864 3570 3905 :

1987 3957 2006 3992 ι
2036 3939 2322 4010 Tollesque
2358 3937 2577 3994 Levitas
2613 3937 2747 3994 mihi
2793 3953 2894 4010 pro
2935 3938 3299 4016 primogenito
3337 3940 3574 4003 ﬁliorum

1978 4032 2142 4090 Israel
2175 4031 2340 4104 (Ibid.
2363 4072 2378 4098 ,
2437 4031 2548 4103 41).
2605 4053 2625 4085 ι
2658 4030 2726 4088 Et
2775 4030 2917 4088 infra
2952 4050 2966 4087 :
3005 4052 3025 4089 t
3056 4031 3163 4091 Pro
3193 4036 3570 4107 primogenitis

1978 4141 2099 4196 quae
2143 4123 2394 4195 aperiunt
2433 4137 2652 4178 omnem
2691 4121 2908 4182 vulvam
2938 4127 2995 4182 in
3035 4125 3203 4182 Israel
3253 4127 3436 4197 accepi
3479 4142 3574 4186 eos

1963 4215 2173 4289 (Num.
2202 4232 2324 4282 vnt,
2353 4215 2477 4287 16');
2512 4234 2532 4268 ι
2559 4215 2822 4274 nimirum
2845 4218 3082 4276 Levitas.
3107 4218 3225 4276 Mea
3245 4229 3374 4276 sunt
3393 4220 3576 4285 omnia

1978 4309 2341 4385 primogenita
2371 4308 2610 4370 ﬁliorum
2641 4313 2829 4370 Israel.
2853 4313 3000 4370 Alibi
3034 4331 3048 4369 :
3085 4331 3105 4367 t
3145 4313 3417 4386 Quidquid
3457 4313 3572 4386 pri-

1981 4421 2128 4460 mum
2173 4403 2412 4480 erumpit
2447 4422 2478 4463 e
2503 4406 2661 4462 vulva
2689 4414 2901 4463 cunctae
2927 4406 3110 4463 carnis
3134 4421 3298 4477 quam
3341 4404 3578 4463 otI‘erunt

1983 4498 2233 4568 Domino,
2275 4501 2390 4557 sive
2421 4499 2488 4556 de
2513 4500 2844 4566 hominibus,
2893 4499 3007 4556 sive
3031 4498 3098 4556 de
3133 4498 3422 4571 pecoribus
3455 4496 3574 4556 fue-

1983 4590 2076 4662 rit,
2121 4594 2196 4650 tui
2237 4593 2379 4666 juris
2409 4593 2518 4650 erit
2557 4592 2751 4666 (Nunt.
2791 4609 2950 4662 xvm,
3000 4593 3116 4664 15).
3176 4612 3196 4646 ι
3227 4592 3370 4664 Ergo
3394 4591 3574 4648 omnis

1983 4699 2194 4760 partus,
2213 4699 2321 4745 tam
2348 4690 2631 4746 hominum
2645 4704 2807 4760 quam
2826 4687 3217 4759 iumentorum,
3238 4700 3337 4757 per
3360 4683 3571 4741 vulvam

1983 4789 2241 4858 erumpit.
2274 4787 2393 4856 Qua
2425 4787 2492 4842 de
2529 4803 2592 4844 re
2640 4787 2819 4842 omnis
2869 4785 2935 4842 de
2983 4784 3185 4841 femina
3225 4795 3456 4839 nascens
3477 4794 3576 4852 per

1968 4879 2197 4936 vulvam
2225 4879 2526 4951 egreditur.
2556 4875 2674 4934 Non
2697 4892 2827 4949 ergo
2842 4875 3000 4932 nobis
3019 4875 3283 4931 incertam
3311 4886 3574 4946 generem

1983 4971 2339 5044 quastionem
2386 4969 2554 5026 verba
2598 4983 2720 5040 qua:
2744 4966 3162 5038 ,consuetudine
3217 4980 3314 5023 sua
3362 4973 3418 5022 et
3470 4979 3572 5022 usu

1987 5065 2395 5136 Scripturarum
2445 5070 2653 5120 certam
2699 5077 2812 5117 suae
2837 5059 3253 5133 signiﬁcationis
3300 5059 3572 5117 submini-

1983 5167 2160 5215 strant
2193 5158 2503 5224 notionem;
2531 5164 2588 5212 ut
2627 5155 2772 5210 enim
2802 5152 3082 5218 ambulare
3110 5153 3180 5212 de
3200 5152 3354 5225 pedis
3375 5151 3570 5218 ofﬁcio,

1984 5253 2063 5310 sic
2084 5267 2276 5323 parere
2302 5251 2369 5306 de
2389 5249 2564 5306 vulva:
2592 5248 2899 5304 ministerio
2928 5247 3309 5319 praedicamus.
3335 5245 3451 5303 Non
3475 5245 3573 5318 igi—

1987 5357 2077 5404 tur
2101 5345 2399 5402 confundat
2450 5344 2698 5402 dubietas
2745 5346 2891 5416 quod
2937 5344 3244 5402 intellectus
3300 5341 3571 5400 manifesti

1986 5438 2309 5512 signiﬁcatio
2347 5438 2603 5494 declarat.
2637 5436 2709 5494 Ut
2739 5447 2920 5494 autent
2972 5437 3230 5506 sinevite
3274 5435 3571 5493 directione

1988 5545 2093 5586 non
2125 5529 2436 5601 pervenitur
2471 5529 2540 5584 ad
2579 5527 2806 5586 limitem
2854 5528 3206 5595 destinatum,
3236 5528 3318 5585 sic
3341 5527 3444 5584 nisi
3473 5542 3573 5599 per

1988 5620 2278 5678 verborum
2321 5619 2746 5692 signiﬁcantiam
2791 5636 3002 5687 veram,
3035 5619 3323 5676 locutionis
3369 5620 3570 5676 veritas

1988 5729 2097 5770 non
2146 5713 2410 5785 aperitur.
2441 5712 2666 5769 Partum
2713 5714 2877 5784 igitur
2911 5721 3006 5768 aut
3033 5722 3244 5779 natum,
3274 5712 3360 5768 vel
3387 5713 3434 5767 si
3463 5727 3572 5783 quo

1987 5808 2093 5864 alio
2122 5806 2339 5862 nomine
2363 5807 2488 5864 talis
2513 5810 2659 5864 actio
2683 5807 3017 5871 nominatur,
3049 5805 3399 5872 feminarum,
3423 5803 3569 5860 docti

1989 5910 2045 5960 et
2077 5911 2288 5959 natura:
2320 5901 2592 5978 _veritate,
2640 5910 2698 5960 et
2739 5899 3130 5959 consuetudine
3181 5898 3472 5971 nascendi,
3516 5905 3573 5954 et
