4088 6344
228 411 294 462 9'5
1313 405 1510 461 LIBER
1556 406 1641 461 DE
1680 403 2097 460 NATIVITATE
2137 401 2434 456 CHRISTI.
3429 405 3498 462 οι

218 516 420 570 valor-is
439 526 634 570 exortu
670 525 924 572 tractaret
957 518 1030 590 (in
1054 517 1179 572 Luc.
1212 520 1244 573 l.
1274 537 1350 585 xI,
1373 537 1423 573 c.
1453 520 1532 592 Ξ),
1559 521 1632 574 ita
1663 520 1802 574 fatus
1835 525 1876 582 Α
1905 519 2223 591 virginalem
2260 518 2469 572 vulvam
2517 517 2803 582 nascendo,
2849 526 2908 573 ut
2949 529 3126 574 tamen
3174 534 3293 574 eam
3333 520 3499 577 relin-

220 618 337 665 eSt:
373 630 390 661 ι
417 612 499 665 An
545 609 908 667 mediocribus
945 612 1115 683 signis
1164 613 1303 669 Deus
1349 616 1629 685 probatur,
1666 614 1808 684 quod
1912 621 2106 682 queret
2141 611 2376 666 clausam
2409 623 2512 663 non
2550 609 2816 665 violando.
2867 611 3116 681 Alioquin
3142 612 3187 667 si
3215 627 3320 666 non
3353 611 3500 669 illum

219 699 394 771 angeli
421 701 748 764 ministrant,
777 702 918 770 quod
939 703 1081 775 magi
1111 704 1355 770 adorant,
1382 705 1522 774 quod
1547 713 1811 774 martyres

220 791 585 848 conﬁtentur?
613 792 691 847 Ex
719 803 873 847 utero
901 792 1160 857 funditur,
1186 796 1278 849 sed
1302 805 1553 850 coruscat
1579 809 1610 850 e
1637 795 1807 850 ccelo:

219 894 441 940 terreno
467 887 521 940 in
547 885 846 941 diversorio
867 884 1031 954 jacet,
1065 889 1156 942 sed
1182 888 1388 943 caelesti
1423 888 1623 944 lumine
1648 891 1809 959 viget.

219 980 396 1048 Nupta
434 979 658 1049 peperit,
704 979 800 1034 sed
839 980 990 1050 virgo
1019 981 1282 1049 concepit.
1335 980 1506 1052 Nupta
1543 981 1810 1051 concepit,

222 1073 316 1130 sed
347 1074 503 1144 virgo
531 1073 828 1144 generavit.
860 1091 878 1124 ι
925 1073 1095 1139 Quam
1137 1073 1406 1143 subtiliter
1439 1074 1677 1129 inviolati
1717 1090 1817 1144 pu-

223 1168 373 1223 doris
423 1169 615 1221 edocet
661 1175 961 1231 secretum,
1013 1183 1174 1236 quam
1222 1168 1503 1241 magniﬁce
1551 1169 1817 1239 virginem

225 1260 503 1320 describit,
532 1267 587 1313 et
623 1266 850 1313 matrem
878 1268 1099 1330 nuptam
1132 1261 1386 1330 praedicat
1425 1269 1478 1315 et
1512 1261 1770 1315 intactam
1800 1261 1812 1314 ε

224 1355 428 1410 Fusum
454 1363 642 1409 narrat
664 1368 729 1409 ex
757 1364 911 1410 utero
937 1354 1230 1420 Christum,
1260 1365 1318 1410 ut
1346 1369 1468 1410 eum
1496 1372 1592 1427 per
1613 1363 1820 1410 natura:

225 1447 369 1500 viam
416 1447 622 1500 sentias
671 1446 1030 1517 processisse,
1076 1462 1177 1502 nec
1225 1448 1462 1504 mstimes
1508 1448 1820 1522 peregrinos

225 1547 383 1594 ortus
421 1540 504 1594 sui
541 1540 718 1594 exitus
744 1541 1054 1611 requisisse,
1078 1557 1237 1612 quem
1266 1557 1399 1596 vena
1425 1542 1560 1596 uteri
1586 1541 1819 1595 naturali

226 1627 370 1684 ﬂuxu
399 1629 581 1684 emisit
603 1631 656 1684 in
685 1630 876 1685 lucem.
919 1629 1071 1698 Quod
1096 1640 1155 1685 ut
1175 1631 1373 1686 clarius
1395 1631 1818 1693 commendaret,

226 1721 445 1790 adjecit,
479 1731 703 1790 nuptam
734 1722 1030 1792 peperisse,
1061 1723 1154 1776 sed
1193 1721 1454 1792 virginem
1485 1721 1818 1792 concepisse,

227 1822 278 1867 et
310 1822 532 1883 nuptam
557 1813 889 1882 concepisse;
921 1814 1014 1868 sed
1042 1814 1304 1884 virginem
1334 1815 1639 1884 peperisse;
1681 1822 1739 1866 ut
1767 1813 1816 1868 in

1917 697 2194 775 Scriptura
2249 703 2593 775 signiﬁcavit,
2631 718 2752 774 quae
2796 705 2862 760 de
2907 704 3159 767 masculis
3189 705 3417 760 sancivit
3443 714 3504 760 ut

1916 793 2222 854 habeantur
2249 793 2447 860 sancti,
2470 794 2708 848 ostendit
2727 809 2912 849 verum
2947 809 3052 850 non
3080 810 3200 850 esse
3225 796 3501 868 decretum

1919 885 2211 944 multorum
2246 887 2485 956 pravitas
2506 885 2888 940 masculorum.
2917 885 3023 941 Sed
3052 886 3136 944 lex
3165 888 3372 946 Domini
3405 888 3504 943 int-

1900 975 2189 1036 .maculata
2217 987 2270 1030 et
2316 977 2684 1032 testimonium
2730 977 2904 1032 ﬁdele.
2937 977 3048 1060 Qua
3077 980 3141 1034 de
3165 996 3224 1034 rc
3262 995 3506 1051 quaeren-

1919 1069 2021 1124 dus
2045 1077 2127 1124 est
2148 1068 2453 1124 intellectus
2482 1069 2570 1138 qui
2595 1069 2763 1140 possit
2801 1069 2972 1138 aptari
3021 1071 3212 1126 merito
3250 1071 3500 1138 veritati;

1919 1161 2011 1216 ubi
2038 1171 2258 1216 sanctus
2286 1162 2374 1216 ille
2397 1162 2543 1217 solus
2573 1162 2858 1232 repetitur,
2887 1163 2977 1232 qui
2999 1163 3114 1218 sine
3136 1176 3357 1232 peccato
3379 1180 3506 1222 con-

1921 1264 2130 1326 ceptus,
2159 1255 2277 1311 sine
2299 1255 2495 1310 delicto
2522 1256 2756 1327 genitus,
2779 1265 2984 1310 sanctae
3005 1256 3263 1312 Ecclesiae
3286 1257 3508 1329 virginis

1923 1347 1990 1401 ad
2019 1348 2355 1418 generandos
2377 1348 2602 1418 populos
2638 1349 2732 1404 Dei
2766 1349 3123 1405 immaculaue
3162 1348 3507 1417 fecunditatis

1925 1440 2137 1509 aperuit
2166 1439 2399 1511 genitale
2444 1449 2732 1496 secretum.
2763 1440 2816 1512 [δ
2856 1441 2975 1508 Quo
3000 1440 3228 1511 mystico
3255 1441 3400 1495 dicto
3427 1449 3510 1496 te-

1927 1539 2124 1596 statur,
2159 1533 2348 1586 matris
2367 1533 2594 1602 virginis
2615 1533 2756 1602 quod
2780 1534 3137 1589 immaculatte
3169 1533 3512 1590 fecunditatis

1927 1622 2136 1692 aperuit
2161 1623 2394 1694 genitale
2419 1624 2736 1697 secretum]
2760 1624 2876 1680 Non
2903 1626 3045 1680 enim
3073 1628 3177 1682 hoc
3197 1642 3366 1698 genus
3389 1640 3515 1680 nar-

1927 1715 2157 1770 rationis
2185 1715 2252 1768 ad
2282 1716 2580 1772 Ecclesium
2607 1733 2705 1786 per
2735 1720 3052 1790 mysterium
3081 1727 3380 1788 coeptaret,
3412 1718 3512 1772 nisi

1929 1807 2008 1861 rei
2046 1808 2272 1862 veritate
2301 1809 2365 1863 de
2391 1810 2670 1879 virginalis
2711 1811 2885 1866 vulva:
2929 1812 3262 1866 reseratione
3309 1811 3511 1866 factum

231 1911 494 1972 conceptu
527 1904 753 1974 virginis
779 1913 832 1958 et
869 1914 1026 1974 partu
1080 1919 1360 1960 removeas
1405 1905 1562 1959 virile
1598 1918 1823 1960 consor-
1853 1891 1905 1952 Β
1931 1897 2098 1953 fuisse
2133 1898 2330 1954 docere
2351 1900 2626 1956 voluisset.
2659 1901 2829 1968 Quem
2855 1903 3136 1972 sequentia
3161 1903 3518 1972 comprobant

231 1998 383 2050 tium.
437 1996 840 2051 Animadvertis
881 2005 1060 2052 autem
1108 1999 1347 2053 membra
1399 1997 1511 2053 suis
1553 2013 1583 2052 a
1629 2007 1822 2054 natura

231 2088 548 2142 ministeriis
573 2089 846 2158 deputata,
877 2098 933 2142 ut
958 2099 1252 2159 conceptus
1279 2090 1346 2142 ad
1371 2089 1670 2166 matricem,
1701 2103 1823 2158 par-

229 2195 316 2240 tus
349 2187 416 2240 ad
449 2183 718 2240 oriﬁcium
749 2185 1033 2240 referatur.
1075 2187 1282 2252 Quibus
1310 2185 1540 2254 denique
1563 2184 1824 2239 membris

229 2277 424 2331 mulier
454 2287 618 2346 nupta
649 2276 886 2345 concipit
915 2285 968 2329 et
1003 2275 1166 2345 parit,
1209 2274 1412 2329 eisdem
1457 2275 1720 2345 virginem
1771 2281 1824 2326 et

231 2367 577 2425 fecundatani
611 2368 802 2422 credas
837 2377 894 2422 et
931 2367 1167 2422 enixam.

297 2461 511 2516 Rursus
532 2461 584 2514 in
608 2458 980 2529 sequentibus.
1012 2477 1028 2508 ι
1053 2458 1226 2512 Omne
1247 2456 1602 2512 masculinum
1627 2456 1824 2526 adape-

227 2555 374 2609 riens
401 2553 639 2618 vulvam,
665 2560 910 2608 sanctum
942 2553 1168 2607 Domino
1192 2552 1490 2606 vocabitur.
1521 2570 1539 2602 ι
1579 2567 1598 2602 ι
1632 2549 1824 2604 Verbis

227 2649 372 2704 enim
421 2647 558 2718 legis
605 2647 1027 2716 promittebatur
1068 2647 1304 2717 Virginis
1340 2655 1543 2717 partus.
1599 2647 1665 2701 Et
1697 2662 1822 2702 vere

223 2745 476 2802 sanctus,
507 2738 634 2807 quia
656 2733 1059 2792 immaculatus.
1111 2738 1349 2806 Denique
1378 2739 1550 2806 ipsum
1580 2753 1698 2793 esse
1729 2741 1820 2808 qui

226 2828 341 2899 lege
367 2829 643 2898 signetur,
681 2828 735 2882 in
765 2829 1012 2882 eumdem
1043 2829 1259 2882 modum
1283 2827 1352 2881 ab
1377 2827 1568 2899 angelo
1597 2830 1821 2898 repetita

225 2921 388 2976 verba
439 2919 716 2974 declarant
749 2936 763 2973 :
792 2939 810 2970 ι
839 2918 974 2986 Quia
1022 2919 1165 2989 quod
1211 2927 1464 2974 nascetur
1493 2960 1506 2984 ,
1537 2939 1554 2972 ι
1605 2919 1778 2989 inquit
1805 2961 1819 2985 ,

231 3033 248 3064 ι
279 3021 558 3077 sanctum,
587 3013 870 3068 vocabitur
911 3011 1076 3068 Filius
1111 3012 1221 3066 Dei.
1257 3032 1274 3064 ι
1333 3011 1445 3065 Non
1477 3012 1621 3067 enim
1651 3011 1821 3065 virilis

221 3105 399 3158 coitus
430 3103 606 3156 vulvae
634 3102 912 3173 virginalis
939 3112 1145 3156 secreta
1184 3104 1465 3167 reseravit,
1505 3102 1598 3157 sed
1631 3103 1822 3158 imma-

224 3195 468 3250 culatum
524 3209 709 3248 semen
758 3193 1048 3249 inviolabili
1105 3201 1260 3248 utero
1310 3193 1544 3263 Spiritus
1601 3203 1819 3248 sanctus

219 3283 431 3338 eﬂudit.
477 3283 637 3338 Solus
669 3283 814 3338 enim
864 3298 959 3353 per
993 3285 1171 3338 omnia
1221 3300 1288 3340 ex
1335 3285 1478 3339 natis
1515 3285 1582 3338 de
1620 3283 1820 3340 femina

221 3387 448 3431 sanctus
485 3376 743 3430 Dominus
770 3373 947 3439 Jesus,
971 3377 1060 3445 qui
1090 3386 1316 3431 terrenae
1345 3376 1595 3447 contagia
1627 3392 1817 3432 corru-

222 3467 379 3537 ptelae
431 3467 762 3522 immaculati
804 3479 992 3537 partus
1033 3469 1316 3523 nativitate
1344 3485 1450 3524 non
1479 3469 1729 3533 senserit,
1764 3477 1821 3523 et

223 3565 436 3621 caelesti
469 3564 752 3633 majestate
781 3565 1062 3633 depulerit.
1123 3564 1255 3618 Nam
1285 3566 1328 3618 si
1357 3565 1591 3620 litteram
1620 3580 1819 3635 sequa-

224 3675 368 3722 mur,
399 3655 674 3727 quomodo
703 3665 922 3711 sanctus
948 3657 1125 3712 omnis
1154 3657 1445 3721 masculus,
1469 3672 1594 3711 cum
1625 3656 1822 3712 multos

224 3749 679 3804 sceleratissimus
708 3746 877 3801 fuisse
905 3763 1010 3802 non
1048 3748 1256 3803 lateat?
1304 3747 1557 3818 Nunquid
1601 3756 1823 3803 sanctus

224 3842 459 3897 Achab?
513 3841 767 3911 Nunquid
810 3841 984 3895 sancti
1025 3841 1532 3911 pseudoprophetze,
1578 3855 1716 3910 quos
1752 3841 1822 3894 ad

223 3935 354 3989 Elia:
392 3947 586 4004 preces
609 3934 754 3988 ultor
791 3933 1027 3988 ccelestis
1065 3933 1273 4003 injuriae
1314 3933 1452 4004 ignis
1495 3933 1823 4004 absumpsit?

226 4028 334 4082 Sed
391 4027 483 4082 ille
523 4037 745 4082 sanctus
765 4068 780 4092 ,
807 4041 908 4097 per
945 4041 1103 4096 quem
1134 4028 1358 4098 ﬁguram
1389 4039 1412 4066 ει
1444 4027 1687 4098 mysterii
1733 4027 1821 4095 pia

222 4120 360 4192 legis
408 4121 608 4176 divinze
647 4122 966 4190 praescripta
1012 4121 1318 4191 signabant.
1378 4122 1444 4175 Et
1487 4121 1629 4191 quod
1677 4121 1821 4176 solus

219 4225 429 4268 sanctas
459 4213 710 4268 Ecclesia:
743 4214 968 4283 virginis
1007 4214 1072 4268 ad
1110 4213 1445 4284 generandos
1474 4213 1697 4284 populos
1725 4213 1819 4268 Dei

219 4306 590 4362 immaculata:
625 4305 976 4362 fecunditatis
1003 4309 1238 4376 aperiret
1263 4306 1495 4377 genitale
1524 4316 1814 4362 secretum.

219 4393 321 4450 Hic
367 4410 501 4467 ergo
538 4397 686 4450 solus
729 4398 939 4466 aperuit
983 4397 1084 4450 sabi
1134 4397 1368 4450 vulvam.
1419 4395 1529 4451 Nec
1577 4399 1814 4452 mirum:

216 4495 310 4565 qui
350 4493 498 4548 enim
547 4494 757 4548 dixerat
791 4509 889 4564 per
927 4494 1244 4564 pr0phetam
1292 4512 1303 4546 :
1353 4511 1372 4545 ι
1401 4494 1720 4563 Priusquam
1767 4504 1818 4550 te

215 4587 518 4641 formarem
551 4586 606 4640 in
639 4595 812 4648 utero,
840 4586 962 4639 novi
995 4595 1069 4649 te,
1105 4595 1160 4638 et
1189 4586 1240 4639 in
1277 4585 1432 4638 vulva
1467 4585 1656 4639 matris
1697 4599 1817 4639 san-

213 4679 457 4733 ctiﬁcavi
487 4677 700 4747 te‘(Jer.
737 4693 797 4748 ι).
822 4697 841 4728 ι
887 4677 988 4745 Qui
1026 4693 1156 4748 ergo
1194 4677 1408 4731 vulvam
1459 4678 1818 4733 sanctiﬁcavit

216 4768 482 4832 alienam,
515 4776 576 4820 ut
615 4775 932 4822 nasceretur
953 4767 1238 4836 propheta,
1267 4766 1352 4821 hic
1381 4775 1463 4822 est
1487 4767 1578 4836 qui
1607 4768 1818 4836 aperuit

216 4862 417 4916 matris
465 4878 576 4916 suae
643 4861 878 4924 vulvam,
943 4870 999 4914 ut
1048 4861 1425 4917 immaculatus
1489 4862 1683 4916 exiret.
1731 4860 1812 4931 (S.

214 4953 503 5018 Ambros,
535 4952 570 5005 l.
599 4967 637 5005 ιι
663 4953 717 5006 in
739 4951 892 5014 Lua,
923 4968 972 5006 c.
999 4951 1062 5016 2;
1088 4949 1147 5006 S.
1181 4951 1343 5020 Aug.,
1371 4951 1408 5005 1.
1442 4969 1480 5006 ιι
1511 4953 1575 5006 de
1605 4951 1813 5010 Pereat.

215 5047 378 5115 orig.,
407 5059 455 5097 c.
490 5044 580 5108 40,
611 5052 664 5098 et
689 5043 782 5098 lib.
812 5059 825 5098 l
853 5052 991 5098 cont.
1019 5042 1160 5106 λιιι..
1181 5060 1231 5099 c.
1262 5043 1342 5115 2.)

287 5139 492 5194 Orator
528 5138 753 5207 insignis
789 5138 892 5192 hac
933 5137 1180 5192 oratione
1204 5139 1378 5208 primo
1405 5139 1640 5209 antiquae.
1679 5138 1814 5209 legis

212 5232 522 5301 explanatis
549 5231 808 5295 edictum,
839 5228 1166 5299 dogmatisat
1193 5237 1439 5284 sanctum
1467 5228 1634 5298 legale
1655 5230 1814 5284 unius

213 5326 333 5379 veri
372 5324 548 5379 sancti
577 5323 896 5394 mysterium
922 5323 1184 5392 signasse,
1218 5322 1308 5392 qni
1354 5322 1531 5378 saeculi
1580 5323 1679 5377 sub
1709 5323 1815 5378 ﬁne

217 5424 384 5468 natus
429 5416 497 5469 de
543 5412 786 5485 Virgine,
832 5423 1060 5469 terrente
1085 5414 1335 5484 contagia
1363 5413 1684 5482 corruptelae
1709 5413 1813 5467 im—

218 5505 481 5561 maculati
527 5513 718 5575 partus
756 5505 996 5560 novitate
1023 5520 1130 5560 non
1157 5504 1420 5568 senserit,
1452 5503 1533 5558 sic
1567 5503 1817 5572 aperiens

291 5673 317 5700 ε
365 5659 472 5714 Per
506 5677 659 5731 quem
697 5660 946 5731 ﬁguram.
1001 5660 1262 5718 Eumdem
1304 5660 1476 5715 locum
1527 5660 1817 5728 exscripsit

222 5729 553 5802 Radbertus,
593 5729 930 5801 apud'quem
963 5732 1157 5800 legitur
1185 5748 1335 5800 quem
1363 5733 1415 5784 in
1449 5731 1639 5802 ﬁgura.
1677 5734 1814 5785 Ante

220 5801 336 5858 hac
366 5801 644 5859 Ambrosii
672 5812 729 5858 et
749 5801 1037 5876 Augustini
1065 5803 1259 5874 elogia,
1287 5803 1375 5858 ubi
1398 5801 1719 5873 scripsimus
1747 5818 1813 5856 ex

1926 1989 2260 2050 intellectum
2288 2008 2302 2057 ;
2334 1992 2412 2046 ait
2433 1992 2576 2048 enim
2611 2010 2623 2046 τ
2685 1991 2781 2047 llic
2808 2009 2937 2064 ergo
2971 1993 3122 2050 solus
3173 1995 3387 2064 aperuit
3413 1993 3516 2051 sibi

1929 2081 2162 2141 vulvam.
2193 2082 2330 2150 Quid
2358 2083 2589 2152 amplius
2624 2085 2876 2154 requiris,
2908 2085 3126 2155 quando
3173 2084 3399 2154 signatis
3429 2094 3515 2144 at-

1929 2181 2160 2230 testatur
2183 2173 2328 2243 quod
2355 2174 2586 2229 dicimus
2616 2175 2842 2230 verbis?
2889 2175 2953 2230 Et
3012 2176 3225 2245 aperuit
3263 2177 3428 2240 enim,
3459 2184 3520 2237 et

1927 2268 2143 2324 vulvam
2171 2268 2327 2332 dixit,
2357 2283 2463 2336 quo
2486 2268 2618 2323 nihil
2649 2285 2745 2339 per
2774 2269 3000 2339 ﬁguram
3045 2278 3261 2340 reputes
3289 2270 3514 2324 dictum.

1923 2357 2093 2430 igitur
2121 2358 2406 2415 manifesta
2425 2359 2712 2415 conﬁrmat
2731 2362 3020 2423 sententia,
3041 2361 3184 2431 quod
3211 2361 3338 2417 olim
3365 2371 3520 2416 vetus

1927 2449 2217 2521 Scriptura
2266 2451 2623 2521 loquebatur:
2660 2472 2676 2504 ι
2712 2453 2882 2510 Omne
2928 2454 3133 2510 scilicet
3157 2454 3517 2513 masculinum

1923 2543 2064 2612 quod
2093 2545 2330 2614 aperiret
2359 2535 2597 2611 vulvam,
2629 2555 2875 2600 sanctum
2915 2546 3140 2604 Domino
3169 2546 3370 2608 vocari,
3402 2565 3421 2600 ι
3459 2555 3519 2600 ιιι

1923 2650 2029 2692 non
2055 2636 2314 2692 moderno
2337 2637 2432 2692 sed
2460 2637 2836 2706 antiquissimo
2864 2636 3042 2690 discas
3072 2645 3313 2706 tempore
3340 2635 3519 2706 signa-

1925 2737 2038 2782 tum
2080 2706 2262 2793 fuisse,
2292 2743 2394 2782 non
2427 2728 2599 2784 solum
2631 2727 2773 2797 quod
2819 2728 2884 2782 de
2932 2727 3152 2798 Virgine
3201 2737 3520 2783 nasceretur

1922 2817 2099 2886 Jesus,
2147 2833 2331 2874 verum
2381 2819 2522 2888 quod
2565 2835 2663 2889 per
2707 2819 3008 2873 iutemerati
3055 2819 3278 2889 pudoris
3307 2817 3518 2874 vulvam
3553 2883 3565 2894 .

1925 2921 2260 2970 nasmretur.

1995 3003 2172 3076 thue
2204 3005 2462 3061 nativitas
2506 3005 2610 3060 ista
2642 3005 2918 3076 impolluta
2967 3005 3034 3062 de
3081 3005 3358 3072 hariolum,
3411 3023 3516 3062 non

1921 3105 2272 3174 coinquinata
2302 3105 2369 3160 de
2425 3112 2682 3174 corrupto
2731 3118 2949 3175 egressu
3006 3111 3311 3174 putaretur,
3362 3102 3519 3158 docet

1924 3199 2024 3254 sub
2059 3197 2308 3267 exemplo
2331 3196 2508 3252 adhuc
2554 3198 2606 3252 in
2665 3196 2820 3251 vulva
2865 3195 3186 3258 sanctiﬁeati
3219 3195 3515 3266 pr0phetzn.

1925 3290 2210 3361 Subjungit
2231 3298 2410 3345 autem
2437 3307 2450 3344 :
2482 3289 2583 3357 Qui
2623 3289 2768 3346 enim
2803 3288 3017 3345 dixerat
3037 3288 3107 3346 ad
3152 3287 3468 3359 prophetam
3501 3303 3514 3339 :

1928 3407 1944 3438 ι
1978 3385 2302 3456 Priusquam
2339 3395 2392 3440 te
2426 3384 2718 3440 formarem
2767 3386 2819 3440 in
2870 3394 3046 3451 utero,
3101 3385 3226 3440 novi
3281 3393 3350 3448 te,
3380 3393 3433 3438 et
3463 3383 3518 3440 in

1921 3480 2074 3535 vulva
2106 3481 2296 3534 matris
2317 3479 2644 3536 sanctiﬁcavi
2675 3489 2764 3543 te;
2799 3499 2818 3531 ι
2850 3479 2941 3550 ιιιιί
2989 3492 3121 3548 ergo
3151 3477 3362 3532 vulvam
3391 3493 3517 3532 san-

1921 3572 2180 3630 ctiﬁcavit
2231 3571 2484 3636 alienam,
2535 3582 2595 3625 ιιι
2627 3579 2942 3626 nasceretur
2987 3569 3274 3639 propheta,
3313 3569 3402 3624 hic
3432 3577 3518 3624 est

1921 3665 2012 3734 qui
2073 3665 2286 3734 aperuit
2333 3665 2526 3720 matris
2574 3679 2685 3719 suae
2737 3664 2976 3728 vulvam,
3023 3673 3082 3717 ut
3140 3662 3518 3717 immaculatus

1922 3754 2116 3808 exiret.
2157 3753 2386 3809 Cessent
2411 3755 2520 3824 jam
2546 3755 2707 3810 verba
2736 3761 2942 3819 nostra,
2978 3754 3069 3808 ubi
3117 3754 3249 3808 tanti
3279 3753 3517 3814 doctoris

1921 3847 2102 3902 verbis
2151 3846 2471 3902 instruimur
2515 3847 2642 3918 quid
2689 3848 2756 3901 de
2807 3845 3110 3902 Salvator-is
3161 3853 3280 3902 ortu
3317 3845 3517 3899 sentire

1921 3937 2232 3993 debeamus.
2267 3936 2382 3993 Non
2408 3938 2552 3993 enim
2590 3937 2861 4008 explicare
2912 3937 3169 3993 debemus
3203 3935 3331 4004 quid
3361 3935 3514 3988 dixe-

1921 4030 2013 4094 rit,
2046 4046 2168 4085 cum
2194 4030 2378 4100 potius
2410 4030 2683 4085 involvere
2730 4045 2893 4100 quam
2937 4028 3276 4084 manifestius
3303 4028 3517 4095 aperire

1923 4139 2230 4192 queamus:
2282 4123 2387 4179 nisi
2439 4122 2580 4178 forte
2621 4121 2750 4191 quis
2779 4121 2914 4176 adeo
2962 4120 3112 4176 rudis
3137 4118 3430 4181 exstiterit,
3460 4126 3518 4171 ut

1921 4215 2137 4269 vulvam
2161 4212 2277 4270 fore
2307 4213 2616 4284 pudendum
2645 4212 2888 4267 mulieris
2913 4212 3141 4281 ignoret.

2547 4341 2774 4401 CAPUT
2811 4345 2918 4401 V‘ll.

2203 4445 2520 4513 Testimonia
2552 4474 2614 4511 ex
2641 4455 2931 4527 Augustino
2962 4465 3008 4510 et
3033 4453 3262 4508 Hilario.

1991 4577 2258 4632 Procedat
2296 4576 2390 4632 sed
2437 4575 2488 4630 in
2531 4581 2877 4645 conspectum
2913 4561 3263 4644 Augustinus,
3322 4568 3514 4623 ﬂuvius

1922 4671 2241 4738 eloquentiae
2272 4709 2286 4735 ,
2343 4676 2711 4740 prescrutator
2756 4673 3129 4730 secretorum,
3175 4661 3510 4722 occiiltornm

1923 4761 2211 4834 reveletur,
2236 4767 2607 4831 propugnator
2631 4756 2905 4821 Ecclesia,
2933 4756 3309 4818 hereticorum
3340 4752 3515 4807 debel-

1919 4853 2062 4912 lator
2090 4870 2104 4916 ;
2132 4861 2190 4908 et
2215 4852 2344 4923 quid
2380 4867 2543 4922 super
2571 4849 2868 4908 Salvatoris
2894 4847 3097 4910 sentiat
3120 4857 3309 4901 exortu
3336 4845 3511 4916 palam

1918 4947 2256 5018 proﬁteatur.
2288 4945 2345 4999 ln
2381 4958 2632 5000 sermone
2664 4942 2729 4996 de
2788 4941 2960 5002 Natali
3011 4940 3244 5005 Domini,
3291 4941 3416 4993 dum
3445 4941 3512 4995 de

1922 5037 2181 5094 modestia
2236 5034 2491 5106 Virginis,
2545 5043 2600 5088 et
2627 5033 2859 5092 mirabili
2910 5031 3207 5088 Salvatoris
3250 5040 3510 5102 conceptu

1916 5132 2267 5196 declamaret,
2293 5133 2371 5186 sic
2393 5130 2469 5186 ait
2494 5148 2506 5183 :
2535 5147 2550 5178 ι
2580 5127 2936 5186 Pronuntiato
2963 5141 3061 5198 per
3087 5125 3334 5197 angelum
3357 5133 3509 5194 partu

1919 5223 2082 5293 coapit
2110 5221 2346 5277 Verbum
2378 5221 2623 5294 formari,
2657 5220 3009 5294 conceptione
3045 5217 3312 5288 colligitur
3340 5218 3389 5272 in
3416 5217 3513 5270 ho-

1922 5316 2063 5371 mine
2090 5314 2250 5379 Deus,
2273 5323 2328 5369 et
2351 5329 2473 5368 eum
2503 5312 2732 5367 sustinet
2761 5320 2948 5366 venter
2981 5310 3066 5365 cui
3112 5325 3309 5379 parvus
3337 5309 3512 5362 fuerat

1921 5410 2178 5474 mumlus,
2225 5417 2277 5462 et
2310 5409 2451 5462 intra
2501 5407 2667 5462 breve
2698 5405 2923 5475 virginei
2979 5401 3226 5472 corporis
3276 5399 3508 5469 spatium

1923 5519 2020 5574 pro
2043 5503 2198 5558 nobis
2223 5511 2308 5558 est
2355 5502 2634 5556 incarnata
2685 5499 2983 5570 maiestas;
3031 5494 3258 5550 fecunda
3303 5493 3507 5546 viscera

1921 5657 2036 5711 cod.
2065 5655 2198 5710 Dall.
2234 5653 2496 5724 Virginem
2525 5663 2572 5708 εἰ
2597 5655 2950 5724 fecundatam,
2981 5650 3183 5704 editum
3208 5655 3362 5701 antea
3393 5656 3511 5702 erat

1918 5730 2166 5795 virginem
2201 5727 2591 5795 fecunditatem.

1990 5788 2019 5840 ὕ
2061 5788 2460 5869 ρυοἰιιῃειίίιο.
2513 5796 2705 5853 Totum
2749 5797 2854 5852 hoc
2899 5793 3144 5852 additum
3191 5799 3273 5853 εει
3311 5804 3342 5844 e
3385 5788 3505 5852 60d.

1899 5941 1903 5946 _
1919 5869 2057 5938 pall.
