4088 6344
630 390 699 447 95
1654 381 2012 440 anesum
2051 353 2510 451 COltBElENSIS
2544 383 2852 442 MONACHI
3835 377 3913 436 96

631 501 809 560 Verbo
831 509 1052 559 auctore
1081 501 1406 566 tenduntur;
1434 497 1823 571 completisque
1853 513 2043 555 novem
2068 513 2214 554 men—
2240 502 2291 561 Α
2315 495 2374 552 ln
2395 496 2616 554 homilia
2645 497 2739 566 26,
2761 497 2888 552 dum
2912 497 3248 568 propositam
3277 493 3510 552 solveret
3531 493 3910 566 quaastionem,

629 594 781 650 sibus
810 603 1001 650 venter
1022 591 1300 662 cmlestem
1324 590 1598 647 hominem
1620 589 1793 647 fudit:
1822 598 2008 645 natum
2032 588 2215 645 Domi-

629 702 760 744 num
804 685 1045 758 publicat
1095 684 1368 756 angelicus
1414 697 1615 740 sermo.
1651 703 1672 738 ι
1719 683 1972 756 Diligenti
2005 682 2212 740 descri-

628 782 812 855 ptione
832 795 994 853 quam
1019 779 1341 836 brevissime
1381 788 1701 851 prosecutus
1729 787 1832 846 est,
1867 786 1924 834 et
1949 777 2213 849 principia

626 885 942 948 conceptus,
973 883 1030 931 et
1056 875 1517 932 constructionem
1546 875 1850 941 soliditatis,
1875 884 1930 931 et
1957 891 2214 946 augmen-

625 978 743 1026 tum
766 968 1033 1040 corporis.
1081 967 1348 1024 Mensium
1393 982 1606 1039 quoque
1652 968 1887 1041 spatium
1921 983 2029 1040 quo
2067 969 2213 1025 intra

625 1067 834 1120 secreta
857 1060 1065 1117 ventris
1095 1057 1584 1118 infantilis‘coaluit
1608 1075 1912 1128 successus,
1949 1061 2072 1118 inde
2092 1077 2212 1133 pro-

622 1166 840 1224 gressus
863 1151 917 1206 in
942 1165 1124 1218 auras,
1155 1159 1211 1206 et
1232 1151 1286 1207 in
1311 1151 1649 1208 nativitatem
1678 1150 1773 1208 Dei
1809 1152 2052 1224 angelica
2079 1168 2210 1210 con-

623 1245 898 1303 clamatio.
930 1243 1068 1302 Vide
1091 1244 1334 1316 profecto
1362 1246 1622 1315 quoniam
1648 1254 1704 1300 et
1736 1255 2055 1317 conceptum
2078 1247 2212 1303 dici-

622 1350 728 1406 tur,
752 1349 808 1395 ot
827 1345 1158 1406 concretum,
1188 1346 1243 1394 et
1275 1337 1476 1404 fusum,
1507 1337 1559 1392 id
1586 1346 1671 1394 est
1693 1353 1799 1393 non
1848 1352 1945 1409 per
1970 1337 2209 1410 peregri-

619 1445 745 1487 nam
775 1430 1134 1502 irruptionem
1157 1443 1458 1500 egressum,
1488 1429 1582 1484 sed
1612 1443 1709 1500 per
1730 1427 2051 1486 vestibulum
2075 1445 2206 1486 ven-

619 1524 717 1578 tris
737 1522 1014 1596 virginalis
1041 1521 1242 1578 fusum.

687 1617 817 1671 Item
865 1616 922 1670 in
969 1613 1076 1671 alio
1131 1630 1380 1672 sermone
1432 1627 1594 1687 super
1642 1615 1832 1670 eadem
1880 1615 2202 1674 nativitate:

621 1726 639 1758 ι
676 1704 844 1762 Natus
863 1721 994 1778 ergo
1021 1705 1283 1762 Dominus
1320 1713 1506 1761 noster
1529 1721 1597 1763 ex
1621 1709 1624 1712 ’
1651 1720 1814 1762 carne
1842 1707 2085 1778 quidem,
2110 1709 2206 1764 scd

617 1813 722 1852 non
752 1812 816 1853 ex
841 1798 1190 1868 corruptione
1216 1796 1422 1854 carnali
1445 1815 1460 1854 :
1491 1805 1651 1876 natus
1675 1806 1736 1854 ut
1762 1797 1944 1866 homo,
1975 1801 2072 1856 sed
2096 1815 2204 1856 non

2317 590 2460 662 quod
2491 606 2691 662 corpus
2735 590 3078 647 Dominicum
3112 599 3170 646 et
3211 605 3396 646 verum
3446 587 3571 655 fuit,
3615 595 3672 644 et
3706 585 3915 642 clausis

2312 683 2499 754 januis
2527 685 2613 752 ad
2633 684 2923 755 discipulos
2947 683 3212 750 introivit,
3248 681 3342 738 tali
3362 682 3463 738 sub
3495 679 3738 752 exemplo
3763 693 3916 735 com-

2317 776 2588 848 probavit.
2625 796 2644 830 c
2687 776 2823 832 illud
2861 777 3009 833 enim
3057 791 3256 849 corpus
3284 773 3497 831 Domini
3544 773 3788 828 introivit
3832 772 3912 830 ad

2316 871 2610 942 discipulos
2627 871 2811 944 januis
2836 870 3060 935 clausis,
3099 870 3245 942 quod
3271 868 3519 925 videlicet
3543 865 3611 922 ad
3637 866 3909 922 humanos

2315 965 2501 1022 oculos
2540 981 2640 1036 per
2685 965 3031 1022 nativitatem
3076 979 3234 1021 suam
3259 965 3445 1020 clauso
3489 965 3620 1022 exiit
3662 972 3839 1019 utero.
3883 979 3903 1014 ι

2315 1060 2522 1116 Dicitur
2551 1060 2695 1131 quod
2735 1058 3188 1132 quemadmodum
3237 1057 3500 1114 Dominus
3543 1056 3700 1113 Iesus
3747 1053 3913 1111 Chri-

2312 1163 2428 1210 stus
2451 1163 2570 1226 post
2591 1154 3007 1212 resurrectionis
3027 1152 3252 1225 gloriam
3272 1169 3396 1210 cum
3416 1152 3657 1224 corporis
3674 1151 3913 1207 veritate

2313 1243 2670 1301 diversorium
2718 1245 3125 1316 discipulorum,
3184 1260 3290 1301 non
3334 1259 3432 1316 per
3467 1245 3755 1316 parietem,
3806 1258 3913 1298 nec

2311 1351 2409 1408 per
2436 1337 2666 1408 postica,
2697 1339 2793 1394 sed
2827 1353 2927 1409 per
2965 1337 3209 1408 januam,
3237 1354 3343 1395 non
3367 1347 3545 1396 tamen
3584 1345 3912 1402 reseratam,

2313 1429 2588 1501 ingressus
2635 1439 2758 1498 est,-
2789 1432 2866 1487 ita
2907 1432 2974 1489 de
3018 1433 3210 1488 matris
3260 1432 3383 1488 alvo
3428 1431 3747 1503 procedens,
3800 1444 3911 1484 non

2311 1521 2548 1589 aliunde,
2573 1522 2670 1578 sed
2703 1538 2800 1594 per
2822 1523 3055 1590 vulvam,
3074 1524 3315 1580 clausam
3333 1521 3738 1590 tamen,exivit.
3759 1519 3914 1576 Dicis

2310 1612 2449 1667 forte
2474 1611 2676 1668 clausis
2699 1613 2768 1669 ad
2788 1612 3083 1684 discipulos
3105 1613 3292 1685 januis
3312 1613 3598 1668 Dominum
3628 1609 3913 1676 introisse,

2309 1719 2415 1760 non
2441 1713 2621 1761 tamen
2654 1721 2752 1777 per
2786 1705 2966 1764 locum
3002 1705 3317 1777 januarum,
3346 1707 3442 1764 sed
3470 1720 3567 1777 per
3607 1718 3914 1776 quamcun-

2309 1809 2414 1865 que
2443 1803 2760 1864 penetrasse
2787 1804 3019 1867 partem.
3053 1795 3236 1871 Primo
3263 1797 3396 1868 quid
3429 1796 3498 1853 ad
3526 1795 3766 1853 divinum
3797 1794 3909 1852 mi-

613 1891 826 1960 genitus
854 1899 912 1945 ut
940 1889 1120 1947 homo.
1177 1889 1254 1945 Ita
1303 1869 1540 1962 suscepit
1573 1906 1811 1958 carnem,
1864 1901 1924 1947 ut
1960 1901 2204 1950 servaret
2229 1868 2280 1934 Β
2309 1889 2554 1944 raculum
2585 1899 2796 1961 spectat
2843 1890 3044 1947 clausis
3094 1869 3248 1968 ostiis
3283 1890 3499 1947 aliunde
3554 1889 3911 1962 ingressum?

595 1980 916 2053 ’majestatis
967 1982 1228 2040 honorem
1274 2000 1289 2051 ;
1327 1994 1384 2039 et
1436 1983 1539 2038 sic'
1566 1986 1865 2056 segregavit
1908 1986 2202 2059 puritatem

611 2075 911 2134 nativitatis
939 2091 1050 2132 suae
1093 2092 1125 2131 a
1172 2075 1474 2132 colluvione
1522 2079 1887 2136 concretionis
1928 2079 2199 2136 humanae.

610 2165 827 2239 Peregit
850 2167 1069 2240 quidem
1102 2166 1156 2222 in
1180 2175 1303 2223 ortu
1349 2183 1448 2224 suo
1473 2167 1686 2239 plenam
1725 2170 1958 2226 hominis
1982 2170 2200 2243 dispen-

611 2263 902 2330 sationem,
931 2262 1028 2318 sed
1053 2261 1150 2318 Dei
1180 2272 1359 2320 tamen
1387 2279 1495 2320 non
1529 2264 1768 2322 deseruit
1805 2265 2141 2335 dignitatem.
2174 2289 2193 2322 ι

610 2349 774 2407 Vides
804 2367 833 2406 a
865 2351 1024 2408 docto
1049 2353 1168 2410 viro
1194 2361 1249 2410 et
1295 2355 1630 2411 divinitatem
1667 2354 1788 2412 Filii
1841 2356 1958 2424 Dei,
2003 2367 2059 2415 et
2093 2359 2197 2416 hu-

613 2460 789 2503 manae
810 2447 1109 2503 nativitatis
1137 2448 1381 2505 ordinem
1419 2449 1712 2520 designari.
1742 2450 1880 2506 Dicit
1905 2451 2050 2507 enim
2074 2467 2199 2508 eum

583 2547 794 2595 natum
823 2555 891 2595 ex
921 2555 1109 2608 carne,
1139 2541 1347 2598 scilicet
1371 2543 1440 2599 de
1484 2543 1742 2599 membris
1768 2552 1824 2600 et
1863 2545 2200 2603 humanitate

606 2631 852 2702 virginis,
879 2631 995 2704 lege
1024 2633 1244 2704 quidem
1275 2636 1474 2703 carnis,
1513 2637 1607 2692 sed
1656 2647 1855 2709 praeter
1889 2641 2197 2712 corruptio-

606 2737 728 2779 nem
778 2725 1003 2791 carnis;
1044 2738 1211 2798 utque
1259 2728 1601 2785 manifestius
1651 2731 1781 2803 quid
1835 2732 2033 2788 dicitur
2081 2735 2198 2790 ani-

533 2867 543 2875 ,
607 2813 936 2882 madvertas,
968 2817 1084 2872 ait:
1122 2836 1140 2868 ι
1179 2815 1350 2874 Natus
1397 2828 1455 2873 ut
1491 2819 1672 2885 homo,
1715 2821 1812 2876 sed
1840 2837 1945 2877 non
1985 2825 2198 2894 genitus

605 2917 665 2962 ut
693 2909 872 2964 homo.
902 2928 922 2962 ι
951 2907 1125 2964 Cerne
1152 2925 1316 2980 quam
1367 2911 1685 2982 plenissime
1711 2915 2009 2972 nativitatis
2035 2914 2194 2972 Chri-

603 3001 676 3056 sti
722 3001 1038 3072 mystcrium
1065 3003 1327 3058 reseravit
1364 3020 1377 3058 :
1413 3004 1504 3058 Ait
1547 3019 1826 3076 namque:
1859 3024 1880 3059 ι
1924 3006 2096 3065 Natus
2139 3017 2198 3064 ut

605 3092 789 3160 homo,
817 3094 914 3150 sed
941 3109 1050 3150 non
1081 3096 1296 3167 genitus
1343 3105 1402 3150 ut
1430 3097 1612 3154 homo.
1643 3118 1662 3150 ι
1717 3097 1857 3167 Quid
1885 3108 1992 3167 est,
2039 3108 2196 3158 natus

605 3193 662 3239 ut
692 3187 852 3242 homo
874 3186 897 3241 ?
921 3185 1059 3255 Quia
1079 3202 1180 3259 per
1198 3179 1434 3255 vulvam,
1459 3204 1557 3260 per
1575 3205 1737 3260 quam
1755 3193 1996 3248 nascitur
2015 3197 2193 3252 omnis

603 3277 786 3344 homo,
817 3278 885 3334 de
909 3277 1134 3351 virginis
1156 3288 1313 3336 utero
1329 3294 1582 3352 egressus
1601 3291 1704 3338 est.
1741 3283 1808 3340 Et
1826 3287 1955 3357 quid
1983 3299 2192 3348 estnon

602 3371 814 3443 genitus
846 3381 907 3427 ut
934 3372 1094 3427 homo
1119 3371 1144 3426 ?
1176 3373 1442 3440 Quoniam
1468 3389 1578 3430 non
1607 3375 1674 3430 de
1703 3377 1913 3434 semine
1939 3379 2063 3447 viri,
2097 3381 2192 3438 sed

603 3462 672 3517 de
702 3461 908 3532 Spiritu
935 3471 1126 3519 sancto
1169 3473 1257 3521 est
1291 3465 1622 3522 incarnatus.
1653 3466 1763 3524 Fac
1800 3478 1861 3524 ut
1895 3486 2004 3526 non
2030 3470 2196 3529 fuerit

601 3569 855 3626 egressus
882 3570 980 3627 per
1030 3557 1230 3614 ostium
1260 3560 1485 3626 ventris,
1517 3575 1625 3616 non
1665 3562 1772 3618 erit
1814 3578 2000 3620 verum
2048 3567 2194 3637 quod

603 3658 764 3705 natus
791 3649 954 3706 fuerit
981 3659 1040 3707 ut
1068 3651 1231 3708 homo
1263 3669 1277 3708 :
1310 3653 1406 3709 sed
1433 3661 1594 3710 natus
1623 3663 1707 3710 est
1732 3663 1788 3710 ut
1819 3656 2001 3724 homo,
2030 3657 2194 3731 igitur

601 3757 700 3813 per
728 3742 932 3798 ventris
956 3742 1177 3810 ostium,
1202 3743 1258 3800 id
1282 3753 1366 3800 est
1387 3745 1625 3814 vulvam,
1653 3757 1811 3803 natus
1845 3758 1948 3805 est.

577 3857 580 3860 ~
674 3834 932 3904 Hilarius,
962 3836 1047 3891 vir
1079 3837 1342 3894 virtutum
1371 3840 1614 3896 omnium
1653 3849 1814 3911 atque
1844 3854 2192 3902 ornamento-

601 3942 742 3990 rum,
774 3935 831 3981 et
856 3926 997 3982 sicut
1020 3927 1133 3984 vita
1185 3929 1258 3984 ita
1290 3930 1456 3985 etiam
1503 3928 1822 4004 eloquentia
1848 3934 2102 4008 insignis,
2139 3939 2192 3994 in

583 4018 746 4074 libro
769 4017 921 4074 Fidei
946 4019 1184 4076 secundo
1227 4020 1314 4092 (de
1341 4021 1598 4078 Trinitate
1626 4023 1718 4079 lib.
1751 4041 1814 4092 tt,
1842 4027 1944 4084 sub
1979 4030 2148 4101 med.)
2174 4048 2187 4086 :

607 4128 628 4160 ι
658 4108 810 4166 Unus
853 4111 1161 4183 unigenitus
1204 4112 1347 4170 Deus
1380 4114 1437 4170 in
1462 4118 1766 4188 corpusculi
1820 4119 2044 4177 humani
2086 4122 2196 4180 for-

603 4217 750 4258 mam
775 4213 978 4260 sancta:
1004 4203 1241 4276 Virginis
1283 4215 1441 4264 utero
1489 4209 1726 4268 insertus
1775 4216 2061 4272 accrescit.
2091 4217 2193 4286 Qui

601 4294 782 4352 omnia
807 4296 1068 4365 continet,
1096 4305 1152 4354 et
1207 4299 1351 4356 intra
1379 4316 1542 4372 quem
1595 4310 1652 4358 et
1679 4318 1778 4376 per
1810 4320 1973 4377 quem
2001 4316 2194 4365 cuncta

602 4401 750 4459 sunt,
791 4392 1012 4448 humani
1037 4401 1225 4464 partus
1257 4393 1376 4465 lege
1402 4395 1694 4468 profertur.
1731 4418 1751 4452 ι
1801 4399 1968 4458 Docet
1993 4417 2116 4459 eum
2141 4413 2196 4459 et

601 4482 845 4554 corporis
871 4482 1115 4540 habitum
1158 4501 1228 4542 ex
1275 4485 1496 4558 Virgine
1536 4498 1592 4546 et
1615 4491 1759 4548 intra
1807 4491 2085 4566 Virginem
2111 4497 2194 4552 in-

601 4573 802 4642 duisse,
842 4583 898 4630 et
934 4574 1004 4631 de
1048 4591 1201 4634 more
1248 4579 1548 4636 nativitatis
1599 4581 1866 4650 humanae,
1915 4586 2194 4659 virginalis

602 4667 775 4724 vulvae
795 4677 1113 4740 penetrasse
1139 4680 1371 4727 secreta.
1403 4670 1760 4731 Commutatis
1789 4676 2053 4748 siquidem
2075 4695 2194 4735 ver-

605 4761 688 4816 bis
725 4759 865 4816 idem
913 4761 1060 4832 quod
1109 4761 1274 4819 Pater
1319 4763 1652 4836 Augustinus
1686 4777 2060 4839 protestatur:
2108 4773 2196 4829 ille

604 4870 837 4925 namque
861 4857 1006 4927 quod
1033 4865 1195 4913 natus
1235 4857 1306 4914 sit
1331 4868 1390 4914 ut
1412 4858 1574 4916 homo
1605 4859 1962 4931 testificatur;
1995 4872 2052 4919 at
2093 4863 2196 4920 iste

603 4946 746 5016 quod
770 4947 989 5005 bttmani
1013 4959 1204 5020 partus
1231 4951 1350 5024 lege
1370 4953 1614 5024 prolatus
1633 4963 1740 5022 est,
1771 4955 2024 5012 intonuit.
2057 4956 2194 5024 Qua-

608 5051 765 5097 tenus
785 5052 1015 5114 uterque
1042 5045 1170 5103 dum
1200 5045 1502 5106 Salvatoris
1529 5063 1844 5122 processum
1873 5051 1942 5107 de
1967 5049 2189 5123 Virgine

605 5149 841 5192 consona
881 5135 1177 5210 Scripturis
1205 5142 1378 5198 sacris
1403 5157 1537 5198 voce
1556 5140 1895 5212 profitentur,
1917 5151 1973 5199 et
1989 5143 2192 5198 veritas

605 5227 880 5297 doceatur,
905 5238 960 5285 et
991 5231 1199 5289 falsitas
1229 5234 1541 5289 subruatur.

1193 5369 1422 5428 CAPUT
1459 5369 1593 5429 Vill.

783 5485 920 5541 Item
944 5503 1009 5542 ex
1033 5484 1284 5558 Gregorio
1305 5503 1441 5558 papa
1467 5497 1515 5544 et
1539 5485 1821 5544 venerabili
1842 5487 2010 5544 Beda.

677 5596 749 5656 Ut
769 5609 948 5656 autem
978 5599 1156 5657 nullus
1179 5600 1488 5657 adversario
1517 5601 1670 5658 locus
1692 5601 2029 5674 relinquatur
2055 5616 2190 5659 con-

605 5695 968 5760 tradictionis,
1025 5696 1284 5764 procedat
1329 5694 1380 5750 in
1433 5695 1670 5752 medium
1705 5694 2018 5769 Gregorius,
2070 5709 2191 5766 spe-

605 5789 788 5844 culum
819 5787 1146 5855 sanctitatis,
1173 5787 1445 5860 eloquium
1473 5789 1725 5856 lacteum,
1752 5788 1934 5861 regula
1955 5804 2186 5854 morum,

605 5894 662 5941 et
681 5883 945 5942 Dominici
969 5892 1156 5956 partus
1178 5885 1486 5958 genituram
1506 5885 1690 5944 verbis
1707 5885 1895 5945 doceat
1922 5882 2188 5942 veritatis.

2303 1981 2415 2034 Aut
2443 1979 2573 2050 quid
2605 1981 2826 2053 dignum
2859 1981 3204 2054 evangelista!
3233 1981 3724 2046 commendatione,
3776 1982 3910 2038 inde

2304 2071 2559 2130 introisse
2581 2075 3010 2142 Dominatorem,
3031 2090 3130 2147 per
3149 2076 3294 2146 quod
3319 2076 3575 2147 quislibet
3595 2076 3905 2149 ingressum

2303 2165 2406 2222 sibi
2435 2151 2652 2236 poter’at
2703 2167 2942 2239 reperire
2988 2167 3346 2224 mortalium?
3384 2168 3491 2224 Aut
3529 2167 3906 2240 Omnipotenti

2303 2259 2348 2314 si
2365 2259 2498 2315 nihil
2519 2275 2640 2316 esse
2659 2260 2902 2318 clausum
2917 2261 3098 2338 quiret
3115 2262 3182 2318 ad
3205 2262 3502 2328 introitum,
3521 2278 3621 2319 cur
3636 2278 3742 2319 non
3755 2263 3905 2320 idem

2303 2351 2771 2422 superjanuarum
2797 2351 2948 2408 aditu
2980 2351 3325 2424 suscipiatur,
3350 2361 3410 2408 ut
3449 2359 3504 2409 et
3543 2352 3649 2408 illis
3669 2353 3902 2420 clausis,

2301 2451 2541 2500 attamen
2567 2460 2669 2502 suo
2687 2446 2945 2502 adventui
2967 2448 3222 2504 reseratis
3245 2446 3314 2503 ad
3335 2446 3629 2518 discipulos
3653 2446 3793 2503 foret
3821 2448 3906 2503 in-

2301 2537 2564 2608 gressus?
2595 2536 2700 2595 Sed
2729 2537 2861 2609 quid
2890 2536 3246 2610 respondebis
3271 2538 3336 2594 de
3362 2537 3631 2609 sepulcro,
3651 2538 3905 2608 quando-

2300 2629 2518 2698 quidem
2538 2644 2644 2685 non
2668 2629 2842 2688 solum
2867 2630 3071 2695 clauso,
3088 2644 3273 2686 verum
3297 2629 3461 2685 etiam
3485 2628 3770 2697 obsignato
3786 2627 3900 2691 illo.

2299 2735 2498 2792 corpus
2526 2721 2823 2778 redivivum
2859 2721 3098 2792 reposuit
3122 2715 3222 2778 sub
3248 2719 3447 2777 auras?
3470 2720 3555 2776 An
3577 2719 3728 2776 dices
3753 2721 3903 2790 quod

2302 2822 2464 2870 tanta:
2501 2815 2814 2870 subtilitatis
2861 2829 3056 2886 corpus
3107 2813 3236 2868 illud
3287 2812 3591 2869 substiterit
3630 2809 3778 2874 Jesu,
3841 2820 3901 2866 ιιι

2302 2910 2518 2966 tenuius
2547 2910 2723 2967 ventis
2741 2951 2755 2976 ,
2799 2909 2996 2964 exilius
3026 2923 3150 2964 aere
3179 2907 3480 2979 nequiverit
3505 2904 3694 2962 tumuli
3720 2905 3902 2977 parie-

2303 3001 2445 3058 tibus
2473 3002 2758 3058 coerceri?
2797 3000 2902 3057 Sed
2929 3016 3239 3072 quanquam
3269 3000 3341 3056 sit
3386 2999 3614 3070 impium
3636 3002 3743 3054 ista
3771 3013 3900 3054 sen-

2301 3093 2404 3148 tire
2435 3094 2501 3149 de
2525 3093 2821 3149 Salvatoris
2845 3107 3096 3164 corpore,
3129 3107 3252 3148 cum
3284 3101 3406 3163 post
3435 3090 3897 3148 resurrectionem

2299 3187 2500 3242 dixerit
2536 3189 2603 3242 ad
2631 3187 2922 3258 discipulos
2950 3202 2966 3241 :
2994 3207 3013 3240 ‹
3049 3185 3270 3258 Palpate
3293 3197 3348 3245 et
3374 3186 3552 3242 videte
3577 3186 3702 3256 quia
3730 3184 3898 3256 spiri-

2301 3289 2388 3336 tus
2413 3295 2632 3336 carnem
2658 3289 2714 3337 et
2735 3296 2861 3337 ossa
2891 3297 2998 3336 non
3029 3281 3212 3348 habet,
3253 3279 3393 3337 sicut
3432 3295 3519 3336 me
3560 3278 3756 3334 videtis
3798 3277 3900 3334 ha-

2295 3373 2462 3429 bere:
2498 3394 2516 3428 ι
2555 3383 2610 3430 et
2631 3383 2825 3430 natura
2856 3389 2965 3430 non
2985 3375 3189 3447 patitur
3215 3383 3278 3430 ut
3304 3384 3360 3430 et
3385 3373 3591 3430 ossium
3621 3381 3676 3428 et
3704 3373 3893 3430 carnis

2295 3467 2569 3524 soliditate
2603 3469 2853 3526 duratum
2883 3470 2952 3526 sit
2975 3485 3250 3536 crassum;
3299 3479 3355 3525 et
3392 3469 3705 3526 subtilitatis
3739 3469 3918 3540 exili-4

2299 3566 2406 3614 tate
2431 3558 2720 3615 deductum
2744 3561 2815 3616 sit
2844 3569 3005 3618 tenue
3037 3580 3048 3616 :
3080 3576 3180 3617 nec
3219 3559 3489 3617 catholica
3517 3559 3652 3616 fides
3682 3569 3898 3616 natura:

2295 3650 2538 3721 corporis
2571 3659 2662 3706 aut
2688 3651 2933 3722 qualitati
2977 3651 3200 3708 ascribit
3242 3652 3386 3722 quod
3413 3651 3655 3708 clausum
3697 3651 3899 3707 exierit

2296 3743 2627 3814 sepulcrum,
2666 3745 2809 3814 quod
2857 3745 3122 3802 obseratis
3161 3742 3368 3800 foribus
3414 3743 3780 3815 penetraverit
3824 3741 3895 3798 ad

2298 3834 2610 3906 discipulos,
2637 3836 2731 3891 sed
2766 3835 3074 3892 Divinitatis
3106 3836 3358 3907 potentia:
3387 3844 3442 3892 et
3469 3835 3894 3891 resurrectionis

2297 3927 2501 3999 glorias.
2555 3927 2806 3998 Alioquin
2847 3944 2954 3984 non
3001 3928 3104 3983 erit
3142 3927 3254 3996 jam
3302 3926 3624 3984 miraculum
3663 3925 3897 3983 Deitatis

2296 4020 2682 4076 commendans
2712 4021 2937 4092 insigne,
2975 4023 3119 4092 quod
3146 4029 3353 4076 natura:
3376 4020 3587 4076 ratione
3616 4019 3894 4075 tenebitur

2296 4113 2598 4170 astrictum.
2645 4115 2896 4170 Attamen
2940 4112 3288 4169 concedimus
3328 4121 3384 4168 et
3434 4112 3537 4168 ista
3567 4153 3582 4178 ,
3637 4112 3894 4182 quamvis

2298 4206 2482 4278 impia,
2512 4205 2760 4277 quamvis
2786 4215 2973 4262 contra
3005 4205 3186 4262 fidem.
3217 4205 3468 4276 Nunquid
3506 4219 3614 4261 non
3646 4206 3789 4262 idem
3821 4205 3891 4260 de

2289 4299 2475 4371 januis
2505 4299 2852 4358 confiteberis
2887 4301 3129 4358 clausis?
3168 4300 3336 4368 Velis,
3363 4299 3523 4368 nolis,
3557 4300 3664 4356 hoc
3691 4299 3892 4372 laqueo

2298 4392 2614 4464 illigaberis.
2661 4393 2804 4466 Ergo
2845 4393 3012 4449 exivit
3043 4392 3225 4449 clauso
3247 4389 3511 4464 .sepulcro
3533 4431 3549 4458 ,
3579 4400 3635 4447 et
3678 4391 3893 4462 ingres-

2297 4499 2392 4542 sus
2418 4484 2624 4544 foribus
2642 4486 2926 4543 obseratis.
2953 4485 3311 4543 Tantumdem
3338 4487 3504 4559 igitur
3522 4484 3648 4541 licet
3667 4484 3893 4552 invitus,

2299 4577 2424 4636 licet
2452 4580 2742 4647 resultans,
2767 4580 3020 4638 concedis
3052 4581 3303 4652 virginali
3347 4579 3543 4647 vulvae,
3594 4593 3696 4636 nec
3741 4580 3895 4636 inﬁt-

2299 4671 2462 4738 mior,
2489 4687 2590 4728 nec
2609 4673 2954 4727 inhumanior
2975 4673 3194 4744 superni
3223 4672 3458 4729 numinis
3484 4671 3662 4745 proles
3683 4671 3895 4728 exstitit

2297 4764 2442 4819 circa
2471 4773 2731 4821 materna:
2759 4763 2995 4820 claustra
3027 4763 3220 4831 vulvae,
3253 4771 3313 4819 ut
3348 4772 3406 4820 et
3435 4764 3677 4821 clausam
3720 4762 3890 4820 relin-

2295 4865 2505 4927 queret,
2538 4864 2592 4910 et
2619 4871 2717 4927 per
2740 4871 2860 4912 eam
2887 4855 3175 4924 transiret,
3207 4856 3662 4927 quemadmodum
3695 4853 3891 4911 tumuli

2295 4951 2378 5005 sui
2410 4949 2586 5021 signa,
2617 4957 2672 5004 et
2697 4948 3080 5020 discipulorum
3121 4949 3310 5004 domus
3338 4947 3539 5004 ostium
3577 4946 3665 5004 vel
3699 4947 3888 5012 exivit,

2293 5042 2376 5098 vel
2404 5042 2667 5109 introivit,
2699 5056 2800 5098 nec
2829 5041 3161 5099 transeundo
3189 5039 3464 5112 patefecit.

2368 5132 2533 5198 Beda,
2561 5133 2845 5205 presbyter
2863 5131 3180 5206 Anglorum,
3204 5129 3405 5188 Christi
3443 5131 3748 5188 membrum
3779 5145 3889 5185 non

2296 5224 2606 5296 reprobum,
2647 5226 2714 5281 de
2749 5225 2852 5281 hac
2891 5225 3187 5296 quaestione
3226 5239 3331 5280 non
3377 5222 3694 5280 dissimilem
3725 5236 3888 5293 supe-

2296 5317 2534 5375 rioribus
2571 5318 2782 5390 profert
2824 5318 3145 5375 sententiam
3183 5317 3237 5372 in
3285 5314 3687 5373 Commentario
3727 5311 3888 5370 Luca:

2297 5409 2372 5482 (in
2399 5427 2516 5482 cap.
2545 5408 2630 5482 tt),
2667 5410 2796 5464 dum
2835 5408 2904 5464 de
2942 5407 3242 5464 Salvatoris
3294 5407 3576 5464 nativitate
3628 5414 3684 5462 et
3723 5413 3884 5477 partu

2295 5504 2520 5576 virginis
2560 5503 2892 5572 loqueretur,
2939 5500 3019 5557 sic
3062 5500 3138 5556 ait
3171 5518 3184 5554 :
3218 5519 3236 5552 ι
3265 5499 3417 5568 Quod
3455 5506 3636 5554 autem
3689 5494 3885 5552 Filium

2295 5612 2451 5653 suum
2474 5594 2896 5667 primogenitum
2918 5592 3084 5650 Maria
3112 5593 3388 5666 peperisse
3405 5591 3750 5657 describitur,
3776 5604 3884 5645 non

2289 5689 2444 5760 juxta
2473 5687 2772 5744 Helvidium
2793 5689 2949 5745 nobis
2977 5689 3346 5760 accipiendum
3369 5696 3476 5754 est,
3505 5687 3643 5742 alios
3669 5700 3885 5756 quoque

2296 5782 2435 5841 ﬁlios
2473 5796 2593 5837 eam
2635 5795 2968 5851 procreasse,
3019 5780 3170 5850 quasi
3218 5788 3452 5852 nequeat
3492 5776 3886 5851 primogenitae

2295 5873 2557 5942 dici,nisi
2591 5873 2684 5944 qui
2713 5873 2910 5940 habeat
2952 5871 3171 5939 fratres,
3221 5872 3362 5929 sicut
3402 5887 3509 5929 non
3552 5868 3881 5943 unigenitus,
