4088 6344
195 408 258 464 97
1278 404 1481 462 LIBER
1517 403 1608 460 DE
1645 398 2066 459 NATIVITATE
2104 399 2400 458 CHRISTI.
3402 402 3472 458 98

195 525 296 584 nisi
331 523 428 595 qui
460 531 611 578 caret
642 521 920 585 fratribus.
959 519 1097 575 solet
1132 519 1388 590 appellari
1423 538 1436 574 :
1467 519 1591 591 quia
1621 528 1675 576 et
1708 525 1786 574 te-
1813 516 1864 579 Λ
1890 531 2014 572 nem
2043 515 2162 572 viro
2187 531 2286 572 suo
2311 515 2559 588 nupsisse
2591 523 2714 588 post
2739 521 2975 587 partum.
3007 533 3026 569 ι
3056 513 3330 575 Hactenus
3366 518 3476 575 lue-

190 615 512 675 stimonium
538 613 694 686 legis,
722 621 777 669 et
802 621 988 683 aperta
1014 613 1152 668 ratio
1177 612 1417 669 declarat
1441 629 1629 670 omnes
1660 614 1784 668 uni-

190 708 429 781 genitos,
462 706 628 763 etiam
655 705 1063 777 primogenitos,
1093 719 1201 759 non
1232 712 1413 761 autem
1451 719 1641 760 omnes
1677 703 1788 774 pri-

189 799 503 872 mogenitos
547 797 710 854 etiam
759 797 1065 870 unigenitos
1110 812 1269 868 posse
1310 796 1512 853 vocari.
1563 795 1675 853 Hoc
1705 806 1788 854 est

190 907 298 948 non
328 889 510 946 solum
540 889 957 961 primogenitum
991 897 1114 960 post
1147 904 1308 960 quem
1339 887 1452 954 alii,
1481 889 1577 945 sed
1599 904 1788 948 omnes

189 992 489 1056 antequam
518 981 698 1038 nullus
736 998 767 1038 e
795 981 952 1037 vulva
992 983 1336 1054 processerit.
1389 984 1631 1055 Denique
1659 984 1787 1056 quia

189 1091 353 1133 omne
379 1074 744 1132 masculinum
767 1075 912 1147 quod
938 1075 1114 1147 aperit
1140 1074 1379 1142 vulvam,
1411 1085 1655 1132 sanctum
1685 1076 1788 1132 Do-

190 1167 337 1224 mino
382 1167 572 1223 vocari
595 1166 938 1238 praecipitur,
965 1168 1078 1234 sive
1105 1167 1304 1224 fratres
1326 1178 1642 1240 sequantur,
1675 1169 1790 1224 sive

189 1277 294 1320 non
325 1271 652 1333 sequantur,
677 1262 822 1333 quod
850 1261 1084 1334 primum
1111 1261 1178 1318 de
1199 1261 1356 1327 vulva
1388 1262 1652 1327 nascitur,
1679 1261 1790 1331 pri-

187 1355 452 1430 mogeniti
497 1363 585 1412 est
623 1353 750 1426 jure
792 1355 1241 1413 consecrandum.
1283 1375 1303 1408 ι
1367 1355 1462 1412 His
1508 1356 1687 1411 verbis
1735 1364 1791 1412 et

186 1449 564 1520 virginitatem
593 1447 833 1505 defendit
859 1447 1063 1515 Mariae,
1095 1457 1152 1505 et
1178 1449 1400 1505 humani
1437 1457 1630 1520 partus
1674 1449 1789 1522 lege

187 1539 499 1596 Salvatoris
521 1539 760 1596 insinuat
796 1548 996 1596 ortum.
1057 1538 1194 1596 Nam
1237 1541 1365 1598 dum
1399 1541 1788 1613 primogenitus

186 1643 240 1691 et
273 1635 597 1708 unigenitus
630 1635 959 1706 perdocetur
983 1675 998 1700 ,
1051 1633 1251 1693 fratres
1288 1649 1412 1691 eum
1454 1635 1655 1692 habere
1693 1649 1820 1706 po-q

188 1728 360 1784 tuisse
410 1736 770 1795 monstratur,
817 1728 960 1800 quod
1009 1741 1349 1800 nequaquam
1399 1735 1613 1799 poterat
1666 1741 1788 1784 esse

185 1836 402 1887 verum,
437 1820 486 1876 si
512 1819 764 1878 Christus
796 1821 1033 1877 humana
1079 1830 1241 1878 natus
1285 1836 1390 1878 non
1442 1820 1606 1876 fuerit
1648 1819 1782 1892 lege.

1888 610 2092 668 reticus
2125 611 2193 667 de
2231 619 2399 682 nuptu
2427 609 2667 684 Virginis
2693 621 2815 682 post
2843 619 3059 683 partum
3088 612 3478 670 nel'andissima

1889 702 2068 759 latrat.
2121 702 2228 760 Sed
2259 704 2326 760 de
2365 705 2711 776 generatione
2752 703 2876 760 Filii
2918 703 3014 760 Dei
3059 719 3158 775 per
3204 703 3479 763 hominem

1888 794 2170 852 verissima
2208 804 2421 864 narrat,
2455 797 2597 867 quod
2637 811 2870 868 sequens
2910 796 3086 853 oratio
3115 796 3352 853 doctoris
3376 811 3478 852 no-

1889 891 1987 947 stri
2017 891 2259 948 declarat
2285 891 2592 948 manifeste.
2629 891 2777 948 Talis
2803 892 2951 949 enim
2995 900 3081 949 est
3109 911 3121 948 :
3160 910 3178 945 ‹
3207 891 3399 966 Iunge,
3431 889 3482 948 si

1889 983 2020 1041 libet
2070 983 2203 1041 alias
2249 993 2459 1042 natura:
2508 985 2907 1052 contumelias,
2963 1000 3156 1042 novem
3203 985 3482 1042 mensibus

1890 1087 2102 1134 uterum
2130 1077 2567 1144 insolescentem,
2599 1077 2836 1146 fastidia,
2873 1086 3113 1150 partum,
3139 1079 3478 1151 sanguinem,

1886 1185 2115 1242 pannos.
2153 1171 2271 1242 Ipse
2301 1171 2400 1227 tibi
2443 1171 2783 1228 describatur
2815 1169 2995 1227 infans
3031 1170 3266 1244 tegmine
3313 1185 3483 1228 meme

1887 1263 2184 1324 branarum
2214 1265 2373 1323 solito
2417 1265 2780 1324 convolutus:
2816 1267 3133 1338 ingerantur
3171 1266 3303 1321 dura
3342 1278 3482 1336 prte-

1887 1357 2057 1428 sepia,
2086 1357 2301 1430 vagitus
2327 1357 2575 1428 parvuli,
2604 1357 2780 1415 octavi
2809 1356 2916 1415 diei
2946 1357 3311 1423 circumcisio,
3340 1364 3483 1413 tem-

1887 1464 1990 1521 pus
2016 1449 2354 1522 purgationis
2371 1491 2388 1518 ,
2415 1458 2476 1505 ut
2499 1451 2759 1522 probetur
2781 1449 3126 1516 immundus,
3154 1464 3263 1505 non
3291 1449 3482 1505 erube-

1888 1541 2126 1610 scimus,
2172 1558 2281 1600 non
2329 1543 2574 1600 silemus.
2620 1543 2834 1613 Quanto
2874 1553 3000 1601 sunt
3028 1542 3316 1615 humiliora
3367 1558 3485 1612 qua:

1888 1650 1987 1706 pro
2021 1653 2108 1692 me
2149 1653 2340 1708 passus
2386 1647 2499 1704 est,
2535 1647 2686 1695 tanto
2735 1638 2807 1694 IIII
2852 1636 2975 1709 plus
3011 1637 3199 1695 debeo.
3252 1636 3318 1692 Et
3362 1650 3484 1691 cum

1888 1727 2072 1783 omnia
2105 1729 2484 1801 replicaveris,
2523 1731 2658 1786 nihil
2682 1745 2846 1788 cruce
2879 1729 3328 1788 contumeliosius
3363 1744 3487 1801 pro-

1890 1818 2055 1886 feres,
2085 1835 2250 1892 quam
2289 1823 2628 1894 profitemur,
2658 1831 2715 1880 et
2741 1823 3044 1891 credimus,
3075 1832 3129 1879 et
3172 1824 3224 1878 in
3271 1836 3375 1893 qua
3421 1821 3488 1878 de

185 1912 295 1968 Nec
313 1913 468 1968 cnim
489 1913 688 1970 merito
710 1921 838 1970 tunc
858 1913 942 1970 vel
970 1914 1379 1986 primogenitus,
1425 1913 1508 1970 vel
1545 1888 1864 1986 unigeni-B
1895 1888 2141 1970 hostibus
2194 1888 2623 1986 triumphamus.
2670 1915 2777 1972 Sed
2831 1922 2892 1971 ut
2939 1888 3058 1973 haec
3105 1931 3227 1988 quae
3280 1888 3486 1985 scripta

188 2015 274 2061 tus
309 2005 610 2072 diceretur,
642 2006 767 2077 quia
806 2022 915 2063 non
951 2007 1185 2079 genitus,
1224 2007 1438 2080 genitus
1475 2015 1676 2074 autem,
1709 2015 1794 2063 est

187 2095 494 2152 nativitatis
517 2096 768 2153 humanae
790 2096 906 2170 lege
935 2097 1194 2168 prolatus.
1227 2097 1345 2166 Qua
1372 2098 1440 2155 de
1461 2113 1522 2155 re
1541 2098 1792 2154 Christus

185 2205 296 2247 non
326 2197 416 2244 est
441 2197 602 2244 natus
644 2187 788 2245 sicut
830 2188 1014 2255 homo,
1065 2204 1167 2245 nec
1212 2189 1258 2245 si
1306 2189 1581 2261 genuisset
1622 2189 1792 2245 Maria

186 2292 390 2358 praeter
436 2281 748 2349 Christum,
793 2282 1060 2354 potuisset
1105 2280 1354 2338 Christus
1399 2281 1790 2353 primogenitus

189 2374 414 2441 vocari;
464 2373 721 2445 quoniam
765 2387 873 2428 non
913 2380 1058 2430 esset
1107 2371 1342 2445 genitus,
1387 2371 1484 2428 sed
1531 2372 1791 2429 adversus

182 2467 311 2538 jura
335 2474 553 2521 natura:
589 2464 673 2521 vel
703 2465 930 2537 ejectus,
954 2464 1040 2521 vel
1063 2479 1337 2535 egressus.
1390 2463 1547 2520 Nunc
1578 2479 1707 2521 vero
1737 2473 1792 2520 et

183 2559 326 2632 legis
351 2557 702 2625 auctoritate,
725 2567 780 2615 et
800 2558 1076 2631 Evangelii
1105 2557 1337 2614 veritate
1365 2557 1454 2614 hic
1487 2558 1678 2614 doctor
1703 2558 1788 2612 in-

186 2661 439 2710 structus
467 2651 798 2723 dogmatizat
819 2650 1002 2708 Jesum
1022 2651 1443 2724 primogenitum
1474 2667 1643 2708 sacrae
1664 2650 1790 2706 Vir—

188 2747 357 2818 ginis,
387 2746 644 2817 quoniam
661 2753 717 2800 et
736 2745 945 2816 primus
966 2752 1022 2801 et
1047 2743 1194 2802 solus
1213 2753 1372 2802 natus
1395 2753 1569 2801 estex
1599 2761 1662 2801 ea
1689 2745 1791 2800 hu-

190 2839 341 2895 mani
383 2847 574 2911 partus
619 2838 784 2911 jure;
828 2837 1082 2910 quoniam
1120 2838 1391 2895 nascendo
1417 2837 1633 2915 aperuit
1671 2836 1788 2891 vul-

191 2947 342 2998 vam,
380 2947 493 2988 non
527 2938 588 2986 ut
612 2931 896 2988 violaverit
942 2933 1082 3005 uteri
1129 2933 1414 3003 pudorem,
1451 2948 1640 2989 verum
1683 2947 1791 3003 quo

189 3042 288 3100 per
315 3027 589 3100 signatam
611 3035 669 3082 et
690 3026 1066 3082 intemeratam
1107 3026 1426 3098 procederet
1442 3024 1660 3096 januam
1678 3066 1694 3094 ,
1727 3028 1792 3082 de

194 3128 412 3178 secreto
454 3121 663 3178 ventris
685 3122 755 3177 ad
781 3122 1045 3178 humanos
1072 3120 1276 3180 oculos.
1325 3119 1392 3176 Et
1422 3120 1624 3178 idcirco
1647 3120 1792 3192 quod

191 3220 405 3290 primus
437 3216 505 3273 de
528 3216 688 3272 vulva
711 3225 872 3274 natus
907 3225 1010 3284 est,
1049 3217 1393 3289 primogeniti
1439 3215 1562 3288 jure
1601 3230 1792 3272 conse-
1819 3250 1882 3290 ηπ

193 3319 404 3365 cratur.
473 3308 667 3366 Nescio
708 3309 836 3380 quid
884 3309 1112 3381 amplius
1161 3311 1228 3366 ad
1273 3306 1434 3378 huius
1477 3306 1790 3379 quaestionis

194 3404 701 3475 comprobationem
746 3420 1040 3478 congerere
1080 3405 1152 3462 sit
1191 3403 1558 3462 necessarium
1602 3412 1785 3461 testes.

195 3498 299 3554 Tot
327 3499 478 3555 enim
505 3508 560 3556 et
589 3507 698 3556 tam
722 3516 931 3573 magna:
960 3501 1301 3558 auctoritatis
1321 3501 1448 3569 viri,
1480 3517 1587 3558 non
1615 3502 1788 3558 solum

195 3593 423 3650 cuilibet
456 3593 701 3650 suliicere
727 3594 992 3650 catholico
1026 3603 1271 3666 possunt,
1308 3610 1498 3650 verum
1545 3594 1792 3665 quemvis

196 3685 540 3752 haereticum,
571 3695 628 3742 et
661 3687 786 3743 ﬁdei
831 3687 1120 3760 gravitate,
1175 3695 1228 3745 et
1265 3686 1544 3758 sapientiae
1587 3685 1791 3742 lumine

195 3772 484 3837 conterére
514 3789 737 3852 queunt.

816 3892 1043 3951 CAPUT
1083 3892 1171 3949 ΙΧ.

691 4007 825 4064 Item
859 4025 922 4064 ea:
962 4007 1303 4078 Hieronymo.

263 4143 346 4200 Ne
398 4152 578 4200 autem
627 4142 729 4198 sibi
780 4143 1072 4215 quidquam
1123 4146 1486 4199 commentum
1541 4141 1793 4198 novitatis

193 4237 389 4294 deesse
435 4243 725 4306 queratur,
763 4232 878 4304 jam
928 4248 1072 4290 nunc
1113 4233 1230 4306 ipsa
1274 4233 1513 4304 Virginis
1546 4233 1793 4303 pudenda

191 4331 344 4386 nudo
379 4328 601 4385 nomine
627 4326 769 4383 dicta
790 4367 806 4392 ,
843 4335 899 4382 et
939 4342 1035 4398 per
1062 4342 1126 4384 ea
1174 4325 1411 4397 genitum
1456 4325 1792 4412 Salvatorem

193 4427 247 4483 in
279 4426 524 4483 medium
566 4426 977 4482 constituamus.
1011 4425 1404 4499 Hieronymus,
1449 4441 1618 4483 sacrae
1660 4426 1796 4500 legis

193 4522 493 4592 interpres,
529 4520 772 4576 omnium
809 4519 1171 4592 peritissimus
1203 4508 1636 4592 disciplinarum,
1670 4519 1793 4576 fidei

1893 2015 2039 2072 sunt,
2083 2022 2192 2064 non
2237 2021 2520 2080 negamus,
2567 2009 2643 2064 ita
2690 2023 2754 2066 ea
2792 2023 2916 2080 quae
2956 2023 3064 2064 non
3105 2015 3232 2064 sunt
3262 2007 3486 2078 scripta,

1892 2101 2176 2158 renuimus
2207 2119 2220 2156 :
2254 2111 2441 2159 natum
2488 2103 2656 2160 Deum
2685 2116 2810 2159 esse
2836 2103 2902 2158 de
2929 2101 3150 2173 Virgine
3189 2101 3488 2168 credimus,

1891 2195 2018 2267 quia
2058 2195 2288 2269 legimus
2327 2212 2344 2252 :
2382 2197 2607 2253 Mariam
2657 2195 2905 2269 nupsisse
2949 2204 3075 2268 post
3119 2203 3334 2267 partum
3377 2208 3486 2250 non

1893 2289 2188 2355 credimus,
2221 2292 2348 2362 quia
2380 2306 2486 2348 non
2514 2291 2761 2364 legimus.
2794 2312 2814 2346 ι

1964 2379 2323 2438 Distinctione
2357 2385 2611 2454 prudenti
2641 2384 2726 2440 vir
2755 2384 3102 2442 doctissimus
3125 2400 3244 2457 quae
3272 2384 3490 2443 fuerant

1894 2475 1962 2529 ab
1983 2475 2298 2530 adversario
2323 2476 2463 2532 male
2487 2476 2694 2549 ingesta
2721 2478 2971 2544 removit,
2997 2486 3054 2534 et
3079 2493 3199 2549 quae
3225 2476 3489 2533 catholico

1892 2569 2102 2641 prolata
2152 2570 2424 2642 suscepit;
2475 2586 2598 2642 qua;
2643 2585 2771 2628 vere
2819 2571 2961 2628 dicta
3010 2569 3387 2636 confirmavit,
3435 2576 3490 2624 et

1895 2676 2017 2732 qua:
2044 2675 2140 2717 ore
2166 2661 2482 2733 blasphemo
2503 2661 2742 2731 iaculata
2777 2661 3072 2735 redarguit.
3103 2661 3206 2716 Per
3234 2657 3490 2733 genitalia

1893 2752 2134 2824 Virginis
2157 2763 2344 2809 natum
2373 2769 2495 2810 esse
2529 2755 2699 2811 Deum
2733 2755 3013 2811 confessus
3041 2762 3123 2810 est
3160 2771 3173 2808 :
3213 2759 3337 2824 post
3366 2767 3490 2825 par-

1895 2852 2008 2900 tum
2045 2846 2294 2918 nupsisse
2319 2846 2543 2904 Mariam
2570 2848 2882 2920 reprobavit
2911 2867 2924 2903 :
2957 2847 3102 2920 quod
3143 2846 3398 2920 genitalia
3434 2854 3492 2902 et

1895 2938 2142 3008 pudenda
2197 2939 2254 2994 in
2312 2939 2564 3011 iniuriam
2619 2941 2761 2997 sacri
2812 2948 3003 3012 partus
3051 2938 3446 3012 deprompserit
3471 2978 3488 3006 ,

1895 3040 2210 3090 exsecratus
2235 3041 2350 3100 est;
2375 3035 2519 3106 quod
2534 3035 2770 3091 Verbum
2798 3049 2928 3092 caro
2952 3033 3156 3093 factum
3184 3048 3284 3106 per
3311 3048 3494 3092 secre-

1898 3129 2010 3178 tam
2041 3123 2248 3180 ventris
2284 3125 2505 3197 januam
2545 3125 2698 3181 exire
2729 3140 2838 3183 non
2876 3125 3263 3196 repudiaverit,
3299 3140 3494 3197 appro-

1897 3212 2066 3271 bavit.
2113 3215 2244 3272 Inde
2283 3225 2368 3273 est
2409 3217 2552 3288 quod
2601 3225 2656 3273 et
2700 3215 2836 3272 alias
2868 3226 3078 3274 natura:
3127 3216 3492 3288 depositiones

1894 3308 2193 3376 annexuit,
2241 3323 2438 3366 novem
2487 3309 2768 3367 mensibus
2801 3317 3015 3366 uterum
3052 3309 3492 3375 insolescentem,

1894 3401 2133 3470 fastidia,
2149 3411 2386 3474 partum,
2411 3402 2750 3475 sanguinem,
2770 3418 2996 3474 pannos,
3017 3402 3279 3459 infantem
3303 3399 3496 3473 tegmi-

1895 3515 1964 3556 ne
1992 3499 2428 3555 membranarum
2454 3498 2614 3555 solito
2639 3498 3009 3566 convolutum,
3037 3499 3171 3554 dura
3202 3496 3492 3568 praesepia,

1895 3589 2126 3661 vagitus,
2156 3588 2649 3656 circumcisionem,
2682 3599 2892 3660 tempus
2918 3589 3278 3661 purgationis,
3315 3587 3496 3643 novis-

1895 3683 2034 3738 sime
2070 3683 2248 3740 crucis
2293 3682 2716 3748 contumeliam;
2766 3670 2884 3738 haec
2935 3682 3190 3737 universa
3233 3689 3491 3751 tanquam

1895 3776 2195 3833 catholicus
2239 3775 2600 3847 amplexatur,
2643 3773 2897 3845 suscipit,
2927 3781 3238 3829 veneratur.
3269 3771 3488 3840 Quanto

1895 3887 2131 3944 namque
2171 3870 2464 3928 humiliora
2508 3883 2612 3942 pro
2652 3869 2844 3926 electis
2882 3883 3077 3942 passus
3115 3877 3203 3926 est
3239 3860 3492 3933 creator,

1899 3973 2048 4021 tanto
2091 3964 2212 4037 plus
2239 3964 2314 4020 illi
2347 3964 2549 4022 debent
2592 3964 2695 4021 hac
2721 3964 2970 4020 oratione
3007 3961 3244 4020 doctoris
3289 3960 3496 4034 egregii

1896 4055 2264 4120 considerare,
2293 4055 2420 4126 quia
2451 4069 2558 4110 non
2586 4067 2761 4126 pauca
2787 4054 3117 4120 dinumerat,
3147 4067 3272 4123 quae
3297 4067 3495 4124 parvu-

1896 4148 1980 4207 lus
2013 4148 2318 4221 nequiverit
2348 4148 2653 4214 sustinere,
2688 4147 2736 4204 si
2763 4163 2872 4204 non
2912 4145 3134 4203 humani
3162 4153 3348 4218 partus
3380 4144 3495 4218 lege

1897 4252 2056 4300 natus
2082 4252 2186 4308 est,
2217 4251 2278 4298 ut
2303 4251 2552 4313 partum,
2583 4239 2936 4315 sanguinem,
2962 4254 3191 4311 pannos,
3225 4238 3493 4295 membra-

1895 4352 2092 4392 narum
2111 4334 2569 4401 convolutionem,
2588 4334 2822 4407 vagitus.
2838 4331 3104 4392 Universa
3130 4331 3246 4388 haec
3271 4339 3327 4388 et
3345 4333 3494 4405 geni-

1896 4429 2022 4484 talis
2044 4428 2270 4502 virginei
2303 4438 2589 4494 secrotum,
2620 4435 2675 4484 et
2706 4427 2958 4486 humana:
2985 4423 3290 4482 nativitatis
3318 4424 3491 4498 legem

1896 4529 2290 4594 protestantur.

195 4614 367 4670 turris
388 4613 1029 4685 inconcussa,sapienti:e
1043 4613 1788 4687 lampadesplendidissimus,
1816 4641 1872 4704 Β
1966 4615 2178 4672 Pariter
2200 4630 2416 4686 quoque
2453 4613 2601 4672 disce
2641 4615 2902 4687 Spiritum
2943 4620 3193 4670 sanctum
3235 4611 3377 4668 hanc
3407 4626 3494 4664 sa-

191 4706 415 4777 eloquio
444 4705 884 4768 facundissimus,
907 4705 1109 4772 Latini,
1133 4705 1308 4764 Graeci
1331 4705 1653 4779 Hebraaique
1677 4723 1790 4763 scr-

193 4800 376 4856 monis
405 4799 788 4866 doctissimus,
840 4799 895 4854 in
939 4799 1117 4856 libello
1159 4799 1419 4857 adversus
1462 4799 1787 4867 Helvidium,

192 4892 537 4948 constituens
565 4891 742 4964 primo
769 4892 936 4963 ipsius
964 4892 1194 4949 Helvidii
1220 4907 1380 4966 super
1405 4893 1508 4949 hac
1539 4906 1595 4946 re
1624 4892 1790 4959 dicta,

189 4996 383 5059 postea
413 5001 570 5042 suam
600 4987 924 5043 sententiam
955 4987 1184 5058 profert,
1217 5003 1322 5059 qua
1349 4989 1488 5043 bene
1521 4988 1589 5043 ab
1617 4987 1791 5042 haere-

193 5079 302 5134 tico
350 5077 626 5133 insinuata
667 5079 973 5134 confirmat.
1014 5078 1106 5135 Sic
1129 5078 1272 5135 enim
1315 5078 1510 5151 legitur
1547 5097 1560 5134 :
1595 5098 1614 5131 ‹
1646 5077 1794 5134 Nun-

190 5169 322 5240 quid
356 5185 466 5226 non
498 5170 740 5241 quotidie
769 5171 862 5227 Dei
894 5171 1146 5227 manibus
1186 5171 1394 5242 parvuli
1428 5170 1704 5243 finguntur
1735 5170 1793 5226 in

189 5263 515 5329 ventribus,
548 5270 606 5318 ut
638 5263 833 5320 merito
883 5265 1204 5321 erubescere
1244 5263 1535 5319 debeamus
1568 5261 1795 5319 Mariam

191 5355 450 5427 nupsisse
483 5364 610 5428 post
640 5357 898 5428 partum?
923 5356 1077 5425 Quod
1111 5356 1156 5413 si
1196 5356 1299 5413 hoc
1326 5355 1431 5410 illis
1465 5363 1619 5426 turpe
1642 5353 1794 5410 vide-

191 5454 315 5512 tur,
364 5455 616 5518 superest
657 5455 716 5502 ut
753 5463 862 5504 non
906 5447 1188 5504 credamus
1219 5457 1246 5488 δ
1279 5445 1440 5502 etiam
1483 5445 1653 5500 Deum
1699 5459 1798 5514 per

192 5536 459 5609 genitalia
480 5538 721 5611 Virginis
745 5548 950 5596 natum.
982 5538 1216 5612 Turpius
1237 5547 1319 5595 est
1349 5539 1493 5596 enim
1518 5537 1670 5608 juxta
1700 5552 1796 5594 eos

193 5631 370 5688 Deum
413 5648 512 5705 per
548 5633 779 5705 Virginis
818 5634 1066 5705 pudenda
1107 5633 1382 5704 genitum,
1423 5647 1584 5702 quam
1616 5628 1793 5703 Virgi-

267 5804 293 5831 ο
337 5789 406 5845 Ut
452 5807 555 5846 non
595 5792 889 5847 credamus.
933 5791 1116 5852 Alias,
1146 5791 1396 5854 credant,
1428 5789 1502 5846 ait
1533 5787 1797 5846 Acherius

195 5860 252 5915 in
284 5862 569 5933 margine;
600 5872 762 5932 atque
805 5878 869 5919 ea
909 5863 1068 5919 lectio
1115 5863 1246 5918 milii
1285 5862 1457 5933 magis
1484 5862 1676 5932 placet.
1719 5860 1796 5914 Ex

200 5933 306 5989 hoc
349 5933 468 5990 loco
517 5933 722 6004 liquet,
768 5950 888 5991 eam
931 5935 996 5990 de
1041 5943 1195 6005 partu
1221 5933 1455 6004 Virginis
1487 5933 1795 6003 opinionem

1896 4717 2240 4764 crosanctum
2288 4707 2378 4778 (IIII
2424 4716 2757 4778 protestatus
2802 4715 2888 4763 (ξεί
2929 4713 3140 4770 ortum,
3187 4712 3241 4760 CI
3277 4711 3494 4760 53110108

1894 4799 2190 4870 doctusque
2212 4797 2479 4862 homines,
2497 4799 2588 4869 qui
2610 4814 2734 4855 cum
2758 4804 2947 4870 postea
2963 4796 3144 4854 verbis
3163 4793 3491 4866 scriptisque

1895 4892 2010 4948 suis
2053 4890 2502 4948 commendavere
2550 4891 2784 4962 populis,
2834 4889 3007 4960 magis
3053 4888 3203 4944 illum
3256 4885 3494 4944 voluisse

1897 4985 2163 5043 sermonis
2201 4983 2530 5042 lionestioris
2567 4984 2847 5040 insinuare
2871 4981 3105 5038 circuitu
3125 5021 3140 5046 ,
3169 4994 3331 5052 quam
3361 4978 3495 5036 sim-

1897 5078 2053 5151 plicis
2092 5079 2290 5150 eloquii
2333 5076 2602 5134 servando
2642 5075 3060 5148 proprietatem,
3103 5074 3305 5145 aliquid
3351 5072 3494 5144 quod

1897 5170 2194 5228 offenderet
2238 5170 2555 5235 audientes,
2595 5169 2649 5223 in
2681 5167 2916 5223 medium
2955 5166 3240 5237 proferre:
3271 5165 3496 5221 decebat

1897 5266 2042 5323 enim
2074 5271 2277 5320 tantam
2323 5277 2436 5320 rem
2467 5275 2574 5318 non
2604 5259 2932 5325 humilibus,
2971 5257 3066 5316 sed
3115 5256 3345 5330 magnis,
3389 5271 3492 5311 non

1900 5356 2165 5422 sordidis,
2207 5355 2304 5412 sed
2346 5353 2589 5410 honestis
2629 5365 2906 5425 exponere
2948 5351 3153 5416 verbis,
3198 5358 3258 5406 ut
3305 5347 3438 5404 illud
3482 5365 3492 5403 :

1904 5468 1924 5501 ε
1960 5447 2181 5505 Orietur
2221 5445 2376 5502 stella
2417 5459 2482 5501 ex
2525 5443 2727 5510 Iacob,
2772 5452 2830 5499 et
2881 5450 3172 5514 consurget
3220 5441 3384 5497 homo
3430 5437 3498 5495 de

1901 5535 2097 5603 Israel,
2131 5543 2186 5592 et
2221 5535 2368 5592 exiet
2403 5535 2553 5608 virga
2581 5534 2649 5590 dc
2687 5534 2868 5591 radiCe
2891 5531 3066 5599 Jessc,
3096 5540 3152 5588 et
3180 5531 3279 5587 llos
3309 5533 3378 5588 de
3409 5545 3498 5586 ra-

1903 5631 2022 5687 dice
2044 5629 2160 5700 eius
2191 5627 2502 5685 descendet.
2538 5626 2759 5696 Rorate,
2783 5624 2930 5692 cmli,
2961 5625 3216 5695 desuper,
3245 5632 3301 5680 et
3323 5622 3493 5678 nubes

1901 5807 2062 5870 quam
2094 5789 2425 5870 IIatrainnus
2464 5795 2790 5870 propugnat,
2822 5784 2897 5841 ita
2930 5797 3271 5842 communem
3303 5781 3490 5843 fuisse,

1902 5861 1962 5919 ut
1990 5863 2055 5919 dc
2081 5861 2248 5917 altera
2282 5875 2438 5916 nemo
2466 5861 2745 5928 cogitaret.
