4088 6344
580 425 646 501 99

1629 424 1991 491 RATRAMNI
2029 420 2477 488 tzoltst-jtsrtsts
2516 417 2816 485 MONACHI

3727 420 3831 476 100

561 562 747 635 piuaut
779 559 1014 629 justum;
1049 557 1319 629 aperiatur
1357 564 1539 622 terra,
1569 561 1626 609 et
1657 552 1923 625 germinet
1953 550 2139 607 Salva-
2165 554 2208 612 Α
2239 543 2589 618 pervenimus
2627 540 2738 612 jam
2784 540 2850 597 ad
2891 539 3144 635 genitalia
3174 535 3447 635 Virginis,
3485 536 3837 635 transi-vimus

564 660 737 713 torem
761 648 949 722 (Num.
976 664 1126 715 xxrv,
1149 646 1214 701 l7
1232 663 1247 713 ;
1266 644 1378 701 Isa.
1402 661 1416 699 ι
1441 654 1493 700 et
1519 640 1639 710 x'Lv,
1660 642 1736 714 8).
1763 659 1780 693 ι
1799 640 2141 711 Nequeenim

563 728 781 801 deluere
809 735 1032 811 Spiritui
1063 745 1251 793 sancto
1282 735 1468 802 verba,
1500 730 1696 807 quibus
1723 730 1955 811 genitale
1982 731 2145 807 virgi-

563 848 723 889 neum
773 829 998 885 valuerit
1046 828 1293 898 aperire,
1336 826 1429 883 sed
1477 842 1593 880 rem
1628 822 1942 900 praeclaram
1983 828 2143 892 atqbc

560 910 901 995 magnificam
948 918 1224 991 praeclaris
1268 915 1676 989 magniﬁcisque
1717 913 1914 983 delegit
1958 910 2144 984 ﬁguris

560 1006 808 1073 edocere.
841 1004 1083 1070 Accessit
1110 1021 1289 1067 tamen
1314 1010 1369 1067 ei
1395 1010 1636 1083 propius,
1661 1006 1716 1063 et
1741 1006 1992 1079 legitimis
2021 1012 2145 1076 pro;

558 1109 802 1182 priisque
844 1105 1055 1164 decoris
1098 1102 1379 1176 adaperuit
1428 1096 1767 1158 sermonibus
1807 1117 1819 1153 :
1860 1102 2143 1170 propterea

558 1200 829 1272 Propheta
856 1218 869 1257 :
908 1220 926 1252 ι
955 1198 1095 1254 Ecce
1125 1198 1274 1268 virgo
1303 1195 1571 1264 concipiet
1599 1193 1651 1248 in
1682 1200 1857 1256 utero,
1883 1201 1937 1247 et
1974 1193 2148 1262 pariet

557 1294 725 1355 ﬁlium
766 1292 901 1362 (Ian.
928 1310 1035 1358 vn,
1074 1288 1182 1363 l4).
1216 1311 1236 1349 θ
1279 1292 1343 1347 Ει
1373 1309 1385 1345 :
1422 1311 1440 1343 ί
1470 1288 1615 1346 Puer
1644 1297 1802 1344 natus
1839 1296 1921 1344 est
1955 1288 2142 1353 nobis;

558 1387 700 1443 ﬁlius
747 1385 903 1443 datus
950 1384 1034 1441 est
1072 1385 1244 1440 nobis.
1285 1404 1302 1439 ι
1357 1376 1423 1438 Et
1470 1381 1696 1454 angelus
1743 1383 1808 1436 ad
1863 1378 2144 1441 Mariam;

563 1498 583 1532 ι
614 1478 752 1535 Ecce
790 1466 1061 1548 concipies
1112 1484 1161 1532 et
1212 1476 1390 1547 paries
1436 1464 1602 1530 lilium
1648 1472 1811 1545 (Luc.
1860 1484 1918 1538 ι,
1960 1468 2140 1541 3i),t
2179 1503 2183 1507 -

556 1580 614 1627 et
640 1570 806 1625 multa
844 1568 1036 1625 horum
1064 1567 1258 1624 similia
1292 1584 1305 1623 :
1342 1567 1393 1622 in
1431 1567 1685 1623 omnibus
1730 1564 1851 1627 istis
1888 1575 1942 1620 et
1994 1573 2149 1620 natu-

556 1662 761 1719 ralibus
792 1671 849 1751 et
880 1660 1196 1718 decentibu’s
1225 1658 1425 1717 Christi
1459 1660 1716 1717 nativitas
1739 1660 2149 1715 commendatur
2198 1724 2205 1730 .

554 1754 757 1811 verbis.

626 1844 840 1901 Vitatur
862 1851 1039 1903 tamen
1070 1861 1169 1902 suo
1199 1845 1463 1901 vocabulo
1490 1856 1617 1918 pars
1652 1842 1741 1900 illa
1774 1844 2146 1900 membrorum

2247 635 2314 692 ad
2344 636 2591 708 pudenda
2620 646 2929 707 puerpera,
2958 640 3018 688 ut
3054 631 3141 689 cui
3181 646 3288 687 non
3335 631 3499 687 dabat
3528 629 3835 701 intelligen-

2180 738 2185 743 ‘
2246 731 2374 785 tiam
2405 732 2720 798 conceptus,
2749 736 2958 798 partus,
2991 723 3293 798 generatio,
3320 722 3596 788 nativitas,
3624 722 3837 794 apertio

2246 818 2445 886 vulvae,
2476 808 2689 875 tandem
2722 819 2951 874 doceant
2980 817 3246 888 pudenda,
3272 815 3524 873 erudiant
3544 815 3830 889 genitalia;

2247 927 2353 967 non
2382 911 2628 966 dederint
2664 909 2992 966 intellectum
3023 907 3291 964 nataralia
3330 915 3385 963 et
3412 907 3636 964 honesta
3656 950 3671 973 ,
3703 909 3837 964 dent

2248 1005 2437 1062 saltem
2463 1004 2638 1075 turpia
2662 1014 2715 1059 et
2742 1003 2992 1075 figurata.
3018 1000 3281 1070 Quoniam
3306 1004 3513 1055 tantum
3543 1000 3682 1057 docti
3710 1008 3841 1057 sunt

2247 1096 2418 1151 nostri
2449 1102 2782 1150 secretorum
2806 1091 3279 1166 pervestigatores,
3303 1099 3362 1146 ut
3391 1091 3569 1163 potius
3587 1092 3841 1149 obscuris

2248 1197 2301 1243 et
2327 1188 2538 1253 alienis,
2562 1200 2724 1258 quam
2752 1186 2914 1243 claris
2941 1194 2996 1242 et
3018 1185 3252 1257 propriis
3278 1185 3648 1242 assentiamur
3670 1186 3842 1257 signi:

2248 1278 2609 1335 licationibus.

2318 1368 2520 1425 Verum
2558 1372 2841 1439 poetarum
2884 1367 2998 1440 jam
3044 1364 3296 1437 sullragia
3345 1368 3737 1431 cddvocem'us,
3781 1373 3842 1421 ut

2248 1461 2426 1516 omnis
2462 1460 2769 1533 eloquentia
2813 1460 3182 1516 testimonium
3228 1459 3366 1515 ferat
3413 1458 3647 1514 veritati.
3705 1459 3846 1515 Pru-

2250 1551 2485 1616 dentius,
2516 1553 2602 1607 vir
2643 1551 2947 1608 liberalium
2994 1552 3295 1608 studiorum
3339 1562 3446 1606 non
3490 1552 3744 1623 ignarus,
3789 1553 3845 1608 in

2249 1642 2544 1712 Apotheosi
2569 1642 2694 1699 dum
2723 1643 2790 1699 de
2818 1642 3029 1713 injuriis
3055 1652 3190 1712 quas
3216 1655 3375 1713 passa
3405 1650 3488 1697 est
3513 1642 3622 1696 vita
3650 1643 3847 1699 mundi

2250 1747 2350 1803 pro
2380 1732 2631 1789 libertate
2658 1734 2844 1789 mundi
2873 1734 3206 1803 disputaret,
3236 1742 3400 1803 atque
3437 1732 3508 1789 ab
3546 1734 3629 1789 eis
3662 1734 3847 1790 invio-

2251 1826 2464 1882 labilem
2494 1835 2765 1893 naturam,
2799 1827 2851 1881 id
2875 1834 2959 1882 est
2988 1826 3249 1893 divinam,
3277 1835 3611 1898 segregaret.
3638 1842 3851 1898 easque

555 1938 661 2010 qua
698 1938 886 2010 partus
916 1937 1209 2012 egreditur,
1237 1916 1672 2004 commemorari,
1703 1938 1888 2007 utpote
1917 1952 2016 1992 nec
2044 1936 2141 1990 ho-

2251 1917 2494 1989 passibili
2524 1931 2550 1960 ι
2584 1918 2942 1983 substantiae,-
2988 1916 3042 1974 id
3078 1925 3165 1973 est
3198 1918 3487 1983 humanm,
3513 1916 3843 1988 assignaret,

555 2036 767 2087 nestum
788 2072 802 2097 ,
849 2047 947 2087 nec
986 2028 1372 2086 necessarium.
1402 2028 1652 2100 AIiOquin
1681 2028 1897 2099 quando
1927 2027 2140 2081 nomiua
2172 2045 2175 2047 ν

553 2128 828 2195 ponuntur
851 2122 1150 2179 oi'iicioriim
1188 2124 1241 2177 et
1272 2118 1465 2186 verba,
1494 2123 1615 2192 quis
1656 2130 1763 2175 non
1795 2128 1849 2176 et
1875 2120 1938 2176 ea
1974 2128 2144 2176 metti-'-

552 2213 653 2269 bra
683 2213 878 2284 qu‘ih’iis
909 2211 996 2267 illa
1035 2214 1362 2283 peraguntur
1389 2209 1563 2266 oilicia
1587 2252 1601 2277 ,
1631 2208 1813 2266 statim
1853 2204 2145 2283 intelligit?

557 2302 615 2360 Si
643 2306 858 2375 quidem
888 2312 944 2360 et
968 2303 1151 2359 videre
1180 2318 1277 2375 per
1300 2301 1506 2367 oculos,
1534 2310 1588 2358 et
1626 2302 1811 2357 audire
1839 2310 1936 2373 per
1962 2316 2144 2369 aures,

556 2401 611 2450 et
647 2394 925 2450 ambulare
948 2408 1047 2464 per
1070 2393 1234 2464 pedes
1271 2392 1641 2463 intelligimus,
1685 2408 1785 2448 nec
1826 2394 2041 2463 quando
2079 2393 2147 2448 de

556 2485 738 2557 aliquo
768 2484 1112 2556 praedicatur,
1142 2494 1203 2539 ut
1227 2483 1391 2549 vidit,
1422 2482 1661 2550 audivit,
1692 2484 2023 2550 ambulavit,
2051 2496 2146 2555 po-

555 2593 757 2638 nuntur
788 2570 992 2654 pariter
1013 2578 1152 2636 oculi
1174 2624 1188 2647 ,
1223 2594 1402 2646 aures,
1429 2579 1624 2652 pedes,
1652 2578 1753 2635 nisi
1783 2577 2146 2635 distinctionis

556 2682 611 2730 et
652 2671 1016 2746 intelligentiae
1047 2671 1221 2745 gratia
1246 2712 1261 2738 ,
1298 2685 1398 2726 nec
1438 2670 1517 2726 sic
1561 2670 1660 2726 nos
1696 2668 1995 2741 significata
2028 2685 2149 2725 ver-

554 2765 747 2821 borum
791 2763 1158 2829 advertimus,
1188 2771 1247 2818 ut
1282 2774 1388 2817 non
1417 2764 1657 2834 partem,
1696 2761 1859 2816 etiam
1905 2760 2145 2815 membra

554 2858 644 2913 illa
690 2858 804 2914 sine
850 2858 1046 2929 quibus
1096 2856 1222 2911 talia
1269 2854 1572 2911 ministeria
1616 2870 1721 2910 non
1769 2852 2143 2925 explicantur,

555 2950 873 3008 sentiamus.
903 2951 1022 3019 Qua
1048 2951 1114 3006 de
1145 2962 1204 3007 re
1235 2950 1376 3021 quod
1406 2948 1735 3022 superﬂuum
1761 2959 1815 3005 et
1844 2959 2002 3022 turpe
2030 2958 2147 3006 erat

555 3046 718 3115 super
749 3041 887 3099 sacri
931 3050 1119 3113 partus
1151 3048 1273 3097 actu
1316 3040 1516 3117 refugit
1553 3041 1836 3095 enuntiare
1867 3041 2146 3096 oraculum

554 3136 797 3203 ctele'ste,
838 3136 1151 3209 refugerunt
1192 3143 1247 3191 et
1280 3132 1452 3191 sancti
1490 3133 1757 3190 homines.
1791 3133 1963 3188 Porro
2001 3132 2145 3203 quod

556 3229 770 3302 plenum
805 3227 1214 3302 signiﬁcationis
1251 3235 1306 3285 et
1346 3226 1795 3283 commodationis
1825 3220 2142 3282 modestiam

557 3319 810 3386 habebat,
835 3332 1150 3390 exposuere.
1179 3315 1289 3375 Nec
1316 3320 1493 3375 tanien
1531 3324 1585 3374 et
1630 3317 1733 3372 hoc
1754 3322 2143 3389 usquequaque
2168 3304 2214 3367 C

557 3416 815 3479 vitarunt,
841 3414 955 3470 sive
981 3422 1201 3486 propter
1226 3412 1437 3469 futuros
1456 3409 1704 3469 veritatis
1729 3409 2001 3476 inimicos,
2028 3411 2141 3467 sive

555 3518 777 3582 propter
825 3506 1075 3564 tollenda:
1129 3505 1419 3563 dubietatis
1467 3504 1832 3562 occasionem.
1886 3504 2015 3560 inde
2060 3513 2142 3560 est

554 3602 698 3674 quod
727 3598 802 3671 ait
828 3600 1005 3657 Lucas
1028 3600 1356 3672 evangelista
1387 3617 1400 3653 :
1431 3597 1763 3668 tPOStquam
1786 3598 1991 3669 impleti
2014 3606 2142 3654 sunt

558 3694 674 3750 dies
700 3692 1035 3765 purgationis
1063 3690 1246 3747 Maria:
1273 3689 1568 3747 secundtnn
1596 3688 1766 3758 legem
1796 3687 1986 3759 Moysi,
2014 3687 2146 3743 tule-

556 3789 684 3837 runt
718 3778 901 3836 Jestim
945 3779 998 3835 in
1024 3778 1326 3835 Jerusalem
1363 3787 1422 3833 ut
1460 3779 1719 3835 sisterent
1742 3791 1866 3833 eum
1892 3776 2138 3843 Domino,

557 3874 700 3930 sicut
727 3873 987 3942 scriptum
1027 3878 1110 3926 est
1147 3871 1199 3925 in
1230 3870 1349 3942 lege
1374 3870 1585 3925 Domini
1617 3887 1629 3922 :
1663 3868 1800 3936 Quia
1841 3882 2001 3924 omne
2028 3882 2143 3922 ma-

557 3965 823 4024 sculinum
854 3964 1171 4034 adaperiens
1192 3962 1432 4028 vulvam,
1462 3970 1711 4017 sanctum
1738 3960 1964 4015 Domino
1986 3974 2144 4014 voca-

556 4058 704 4115 bitur
730 4054 879 4129 (Luc.
908 4071 981 4121 ιι,
1004 4054 1116 4127 22).
1148 4074 1166 4108 ι
1200 4054 1311 4111 Nec
1344 4056 1542 4108 mirum
1580 4052 1624 4108 si
1652 4052 1923 4108 noluerint
1951 4067 2144 4124 graves

556 4158 612 4204 et
655 4147 937 4204 reverendi
975 4148 1226 4202 doctores
1256 4145 1378 4200 talia
1412 4160 1576 4215 super
1615 4144 2018 4216 gloriosissima:
2048 4160 2145 4199 na-

558 4238 784 4294 tivitatis
836 4237 1219 4292 contumeliam
1274 4234 1511 4300 referre,
1563 4236 1745 4305 qualia
1801 4250 1902 4290 nec
1952 4236 2144 4305 vulgus

559 4344 722 4401 super
770 4330 1056 4402 cujuslibet
1106 4330 1444 4402 paupercula:
1497 4339 1654 4401 partu
1709 4345 1814 4386 non
1871 4332 2146 4389 erubescit

557 4423 828 4480 cnnllterl.

630 4515 772 4586 Ergo
810 4522 865 4569 et
907 4512 1009 4568 iste
1045 4512 1236 4568 doctor
1269 4511 1533 4585 insignis,
1571 4511 1725 4583 cujus
1767 4513 1856 4570 hic
1896 4514 2139 4570 testimo-

558 4607 705 4662 nium
754 4604 1115 4676 protulimus,
1167 4618 1293 4659 cum
1341 4604 1635 4676 recepisset
1676 4606 1744 4662 ab
1790 4606 2009 4662 inimico
2052 4622 2142 4662 ve-

2250 2008 2329 2063 sic
2370 2008 2447 2063 ait
2488 2021 2503 2061 :

2345 2117 2431 2184 liis
2451 2116 2623 2168 adlecta
2650 2122 2726 2184 est
2747 2126 2862 2184 raro
2884 2117 3277 2184 hominis,gqua_rri
3295 2115 3760 2184 feminapm‘gnans

2348 2180 2501 2230 Enixa
2528 2187 2606 2231 est
2629 2181 2726 2231 sub
2746 2180 2867 2244 lege
2892 2182 3074 2244 veteri,
3090 2180 3199 2231 sine
3223 2180 3342 2244 iege
3372 2180 3554 2234 auriti.

2247 2307 2419 2363 Fideli
2467 2324 2692 2380 prorsus
2747 2316 2801 2364 e‘t
2851 2302 3082 2379 sapienti
3132 2311 3445 2366 narratione
3482 2318 3539 2367 et
3588 2310 3854 2369 concubi-

2250 2408 2359 2454 tum
2390 2400 2651 2462 ‘secrevit,
2676 2408 2729 2456 et
2750 2398 2959 2470 prolem
2980 2400 3300 2455 naturaliter
3323 2403 3536 2456 enixam
3561 2401 3842 2458 disseruit.

2246 2487 2444 2559 Legem
2477 2489 2708 2544 removit
2731 2488 2941 2555 mariti,
2967 2497 3021 2544 et
3054 2488 3225 2561 legem
3258 2490 3536 2547 substituit
3572 2493 3749 2559 uteri;
3790 2499 3853 2548 ut

2246 2577 2313 2632 de
2337 2575 2543 2648 Spiritu
2569 2587 2759 2634 sancto
2786 2578 3102 2650 concepISse
3132 2589 3485 2650 monstraret,
3510 2596 3605 2654 per
3621 2575 3845 2641 'vulvam

2246 2671 2524 2740 peperisse
2552 2682 2656 2726 non
2704 2678 2924 2727 taceret.
2967 2669 3102 2729 Huic
3139 2673 3315 2729 simile
3351 2673 3685 2733 Fortunatus
3724 2693 3849 2750 pre-

2248 2761 2431 2834 sbyter
2456 2761 2794 2834 peregrinus,
2830 2762 2923 2818 sed
2962 2761 3202 2819 ctelestis
3229 2765 3385 2831 civis,
3416 2774 3621 2837 panper
3657 2769 3843 2834 rebus,

2248 2866 2416 2907 censu
2452 2852 2576 2907 lldei
2616 2854 2788 2921 dives,
2838 2854 2890 2910 in
2927 2854 3085 2911 laude
3112 2856 3336 2930 virginis
3374 2856 3557 2916 Mariae
3584 2859 3666 2917 sic
3702 2861 3849 2918 fatur

2247 2942 2447 3015 (Carm.
2482 2942 2576 2999 lib.
2606 2960 2725 3012 vui,
2756 2959 2933 3016 poem.
2963 2946 3016 3013 5,
3045 2955 3166 3018 post
3193 2948 3338 3021 init.)
3364 2967 3378 3004 :

2372 3055 2468 3123 Sed
2494 3055 2645 3123 redeo
2669 3071 2762 3123 qua
2792 3058 2941 3123 Virgo
2963 3058 3113 3123 trahit
3140 3059 3281 3111 laude
3308 3062 3524 3114 canenda

2437 3116 2607 3176 Qualis
2629 3116 2760 3168 nulla
2786 3116 2905 3179 fuit:
2918 3121 3050 3171 nulla
3071 3122 3233 3172 futura
3259 3128 3413 3174 venit.

2370 3180 2629 3241 Quemque
2657 3181 2827 3241 pluunt
2849 3184 3007 3234 nubes
3026 3184 3208 3245 justum
3231 3186 3295 3239 de
3321 3200 3432 3237 rare
3454 3200 3719 3255 serenum,

2432 3240 2551 3290 Haec
2578 3243 2874 3290 Salvatorem
2903 3244 3127 3290 tterrnirlé
3153 3254 3286 3290 terra
3313 3248 3463 3290 (lmliL

2479 3248 2551 3289 rec
2578 3243 2874 3293 Salvatorem
2901 3243 3127 3306 germine
3153 3254 3286 3296 terra
3313 3248 3465 3300 dedit.

2371 3302 2492 3378 Haec
2512 3314 2651 3378 porta
2666 3313 2743 3353 est
2761 3302 3174 3378 clausi,in_quam
3194 3311 3407 3378 introivit
3423 3322 3590 3373 nemo,
3610 3327 3706 3365 nec
3720 3318 3848 3378 exit,

2429 3365 2490 3417 Ni
2516 3367 2750 3419 Dominus
2769 3365 3026 3429 solus,’cni
3044 3365 3255 3436 'quoque
3280 3372 3445 3429 clausa
3469 3365 3659 3439 patent.

2315 3486 2435 3545 Non
2479 3488 2815 3545 disconvenit
2859 3491 3159 3561 superiori,
3200 3494 3311 3551 imo
3355 3495 3476 3552 aliis
3522 3498 3707 3555 verbis
3742 3500 3850 3556 hod

2245 3579 2388 3635 idem
2432 3580 2706 3652 designat;
2740 3596 2869 3637 nam
2902 3584 3115 3654 gemina
3161 3585 3386 3656 periodo
3423 3589 3669 3644 eamdem
3709 3605 3840 3645 sen-

2246 3672 2470 3729 tentiam
2499 3675 2888 3732 commendans
2908 3717 2923 3742 ,
2952 3684 3007 3733 et
3034 3676 3367 3749 virginitatis
3409 3681 3670 3751 praedicat
3704 3682 3846 3739 inte.

2245 3766 2533 3837 gritatem,
2582 3776 2636 3823 et
2685 3767 2925 3822 humano
2978 3768 3044 3823 de
3093 3784 3242 3825 more
3287 3771 3590 3828 nativitatis
3641 3772 3851 3831 indicat

2246 3857 2671 3927 expositionem,
2721 3866 2777 3915 et
2827 3858 3166 3933 salvatorem
3216 3872 3536 3934 conceptum
3584 3866 3850 3939 divinitus

2248 3959 2475 4017 narrat,
2508 3961 2563 4007 et
2602 3954 2866 4010 naturalis
2896 3954 3102 4012 semita:
3144 3971 3280 4011 vena
3321 3958 3722 4030 germinatum;
3763 3969 3848 4015 ut-

2246 4059 2353 4114 que
2399 4044 2603 4101 clarius
2650 4046 2914 4117 eliqueret
2967 4048 3110 4119 quod
3161 4048 3503 4121 loquebatur,
3554 4061 3849 4111 attestatur

2246 4135 2469 4191 Mariam
2509 4147 2720 4208 portam
2754 4139 3030 4196 exstitisse
3060 4140 3523 4209 Ezechieliticam,
3552 4161 3648 4215 per
3677 4162 3845 4216 quam

2245 4230 2418 4285 virilis
2449 4231 2627 4286 nullus
2651 4242 2736 4287 est
2765 4232 3043 4300 introitus,
3067 4234 3150 4290 vel
3172 4236 3385 4304 exitus;
3408 4237 3555 4294 solus
3582 4252 3709 4294 vero
3727 4257 3849 4295 om-

2245 4323 2528 4401 nipotens,
2558 4325 2645 4379 cui
2674 4325 2809 4381 nihil
2838 4335 2922 4382 est
2950 4327 3227 4397 clausum,
3262 4346 3361 4401 per
3380 4344 3502 4386 eam
3531 4334 3756 4399 transit,
3787 4343 3850 4389 ut

2246 4416 2339 4487 qui
2365 4418 2575 4488 concipi
2606 4418 2941 4475 deerevit'ex
2973 4421 3227 4493 Virgine,
3258 4423 3480 4479 humani
3506 4434 3697 4496 partus
3729 4426 3849 4497 iege

2246 4509 2314 4563 de
2338 4523 2402 4563 ea
2435 4517 2771 4565 nasceretur.
3647 4522 3671 4535 ’

2315 4600 2446 4658 Post
2488 4618 2677 4658 omnes
2724 4605 3054 4661 Athanasius
3088 4606 3491 4664 Alexandrinus
3533 4610 3745 4676 veniat,
3780 4621 3843 4665 ut

560 4671 769 4754 vitatis-
790 4696 1154 4752 testimonium
1191 4696 1439 4752 veritatis
1467 4671 1655 4769 super
1693 4698 1872 4753 divina
1920 4713 2138 4769 genera
2170 4671 2221 4731 Ῑ)
2249 4693 2341 4764 qui
2374 4693 2499 4749 dote
2525 4694 2822 4761 virtutum,
2859 4699 3166 4755 constantia
3185 4700 3425 4770 probatae
3451 4700 3604 4768 titlei,
3628 4671 3854 4772 sapient-

562 4788 709 4843 tione
734 4826 749 4853 ,
790 4786 1103 4858 indignatur
1137 4794 1318 4841 tamen
1354 4786 1643 4843 verborum
1683 4787 1910 4857 injurias
1944 4789 1999 4844 in
2028 4787 2146 4844 Vir-

561 4878 701 4949 ginis
758 4876 1154 4942 contumelias,
1216 4877 1362 4948 quod
1424 4877 1532 4933 illis
1586 4878 1766 4935 verbis
1833 4894 2144 4951 quanquam

563 4969 932 5035 naturalibus,
969 4984 1279 5041 quanquam
1317 4972 1582 5043 propriis,
1625 4972 1919 5029 humilibus
1962 4981 2141 5030 tamen

566 5067 852 5138 minusque
889 5065 1147 5123 modestis
1182 5066 1412 5139 virginis
1450 5068 1755 5124 narraverit
1796 5077 2032 5140 partum.

1187 5198 1413 5259 CAPUT
1464 5200 1533 5256 Χ.

638 5313 706 5371 In
739 5314 967 5371 medium
1004 5315 1341 5457 adducunt)?"
1365 5325 1635 5399 poetarum
1660 5311 2076 5373 Christianorum

1222 5404 1281 5442 su
1331 5402 1497 5457 ragta.

1222 5402 1497 5457 stt/(rugis.

634 5494 878 5566 Amplius
904 5510 1034 5567 ergo
1065 5494 1178 5566 jam
1206 5511 1312 5552 non
1344 5462 1595 5566 estquid
1623 5496 1902 5568 requiras,
1930 5499 2149 5570 quando

565 5586 643 5645 nil
665 5595 885 5659 superat
909 5589 977 5645 de
1000 5599 1188 5646 sancto
1208 5595 1364 5660 partu
1390 5586 1519 5658 quid
1548 5587 1808 5647 discutias
1832 5607 1847 5644 :
1874 5590 2143 5662 siquidem

637 5744 1182 5831 f-Eaaque‘pfusibili.
1216 5743 1493 5831 Posterior
1516 5722 1640 5828 .vox'
1651 5747 1831 5803 addita
1862 5750 2141 5831 este-cod.

566 5812 700 5872 Dali.
728 5812 879 5898 cujus
904 5812 1060 5898 iidem
1092 5816 1268 5898 secuti
1295 5816 1654 5898 expunximns
1691 5833 1876 5898 vocem
1911 5816 2144 5898 Gallicus

567 5896 689 5957 past
712 5890 992 5956 presbyter.
1030 5885 1165 5939 infra
1197 5904 1297 5957 qua
1334 5885 1490 5960 virgo.
1537 5887 1659 5944 Hac
1700 5891 1957 5962 marginis
1986 5891 2146 5950 lectio

2250 4787 2339 4843 tite
2367 4786 2637 4852 doctrina,
2678 4790 3087 4858 perseverantia
3137 4791 3520 4857 confessionis,
3555 4793 3736 4859 solus,
3784 4802 3848 4848 ut

2248 4877 2324 4935 ita
2360 4877 2623 4943 dixerim,
2670 4877 2886 4934 Arianae
2931 4880 3173 4950 perﬁdia!
3222 4883 3487 4938 subvertit
3536 4883 3861 4939 multitutli-~

2248 4983 2371 5023 nem
2400 4982 2771 5036 numerosam,
2797 4978 2851 5025 et
2876 4970 3132 5027 vexillum
3156 4987 3301 5029 verte
3335 4975 3669 5031 credulitatis
3716 4992 3847 5047 pro-

2244 5069 2518 5133 pugnator
2557 5076 2754 5131 gerens
2784 5063 3019 5120 invictus
3062 5064 3319 5122 Ecclesiae
3348 5070 3676 5124 restauravit
3718 5086 3841 5125 run-

2249 5168 2369 5209 rum
2396 5192 2411 5219 ,
2441 5153 2714 5209 roboravit
2744 5163 2978 5223 statum;
3015 5166 3215 5213 nostra:
3257 5172 3472 5230 quoque
3518 5148 3844 5229 disputatio-

2248 5245 2334 5301 nis
2361 5246 2712 5303 conlirmator
2738 5250 2990 5315 assistat,
3019 5258 3076 5306 et
3111 5252 3317 5308 erroris
3359 5262 3566 5309 sectam
3596 5253 3846 5310 valenter

2248 5346 2476 5392 evertat.
2502 5338 2582 5393 Ad
2605 5338 2907 5409 Epitectum
2940 5339 3201 5407 adversus
3234 5357 3328 5399 eos
3355 5358 3521 5414 agens
3550 5344 3641 5415 qui
3682 5344 3846 5400 unius

2250 5432 2566 5487 substantia
2596 5432 2835 5489 Verbum
2879 5439 2934 5487 et
2979 5447 3179 5504 corpus
3220 5434 3365 5505 quod
3410 5435 3703 5505 assumpsit
3741 5450 3845 5506 pro

2250 5531 2436 5579 nostra
2470 5523 2840 5593 redemptione
2866 5525 3321 5596 dogmatizabant,
3345 5540 3468 5583 cum
3496 5527 3630 5583 ﬁdes
3655 5534 3845 5587 teneat

2251 5616 2555 5677 Christiana
2582 5617 2717 5673 duas
2748 5618 3112 5686 substantias,
3143 5621 3381 5677 divinam
3408 5620 3615 5677 scilicet
3647 5621 3837 5677 huma-

2253 5767 2427 5851 magis
2451 5766 2683 5850 placuit,
2707 5785 2869 5851 quam
2898 5786 3018 5851 qua:
3046 5772 3255 5851 erat_in
3296 5782 3446 5830 textu
3492 5775 3617 5846 quia
3647 5773 3789 5846 virgo
3822 5810 3837 5825 .

2255 5841 2438 5896 statim
2470 5841 2522 5894 in
2553 5841 2796 5910 margine
2824 5841 3125 5898 habebatur
3150 5843 3215 5899 de
3237 5861 3353 5900 rore
3373 5841 3621 5916 super“.
