4088 6344
199 408 301 471 I0!

1276 404 1480 465 LIBER
1516 404 1606 464 DE
1643 400 2060 464 NATIVITATE
2097 402 2389 464 CHRISTI.

3384 402 3541 465 102,

197 538 441 595 namque
471 521 526 578 in
551 519 770 577 Christo
797 518 1141 591 coniunctas,
1191 529 1249 576 ut
1293 521 1346 576 in
1398 536 1502 575 una
1559 534 1787 591 persona
1819 519 1867 579 Α
1894 524 2005 570 tum
2035 526 2117 572 est
2141 516 2487 581 sacriﬁcium,
2522 530 2777 586 quoniam
2813 516 2906 588 qui
2934 524 3094 573 natus
3123 526 3239 585 est,
3272 522 3491 592 aperuit

158 626 443 687 rutraque
487 622 683 669 natura
731 629 885 669 suam
922 613 1197 683 possideat
1245 613 1677 679 distinctionem;
1720 613 1797 669 sic
1897 607 2131 663 Vulvam.
2167 629 2185 661 ι
2214 607 2352 676 Quid
2394 618 2577 678 stupes
2627 608 2876 665 falsitatis
2925 612 3332 667 commentum?
3368 612 3486 670 Non

203 710 326 764 inﬁt
355 709 503 763 inter
530 706 735 777 reliqua
769 725 782 760 :
819 726 837 757 ι
871 704 1164 776 Propterea
1193 722 1322 779 ergo
1351 708 1660 765 necessaria
1694 706 1799 763 Ma-

202 800 319 861 ria,
350 810 411 855 ut
434 816 502 856 ex
538 800 651 869 ipsa
692 814 889 870 corpus
918 809 1251 865 assumeret,
1296 809 1351 856 et
1390 808 1450 855 ut
1496 804 1654 855 suum
1703 800 1801 871 prd

201 891 369 950 nobis
393 908 593 963 corpus
636 889 887 957 offerret;
922 901 975 946 et
1017 892 1158 947 hanc
1205 891 1374 948 Isaias
1419 894 1801 964 prephetizans

202 983 468 1047 ostendit,
492 982 678 1037 dicens
702 1000 715 1035 :
750 980 889 1037 Ecce
913 982 1095 1054 Virgo.
1119 980 1338 1038 Gabriel
1362 993 1543 1038 autem
1572 983 1802 1039 mittitttr

203 1077 276 1132 ad
305 1077 482 1147 ipsam
513 1089 617 1128 non
649 1073 958 1129 transitorie
986 1074 1284 1146 virginem,
1317 1076 1412 1129 sed
1438 1076 1505 1129 ad
1533 1075 1800 1145 virginem

204 1162 594 1237 desponsatam
648 1166 804 1230 viro,
856 1175 915 1220 ut
960 1181 1160 1237 sponso
1208 1166 1521 1223 ostenderet
1575 1166 1799 1222 Mariam

203 1275 337 1315 vere
367 1252 642 1314 hominem
671 1255 854 1311 fuisse.
887 1256 954 1311 Et
982 1267 1169 1328 partus
1202 1256 1446 1314 meminit
1486 1258 1765 1330 Scriptura
1787 1301 1800 1325 ,

206 1358 266 1405 et
311 1351 513 1405 dicitur
539 1367 551 1404 :
579 1348 807 1404 Introivit
833 1364 1081 1421 puerum.
1118 1349 1224 1404 Et:
1257 1349 1422 1405 Beata
1469 1359 1597 1405 sunt
1635 1352 1803 1406 ubera

206 1457 332 1512 quae
377 1441 542 1496 suxil.
572 1440 669 1506 Et,
719 1440 958 1496 oblatum
1007 1448 1089 1496 est
1137 1441 1492 1501 sacriﬁcium.
1549 1442 1803 1512 quoniam

205 1537 427 1607 aperuit
461 1537 552 1606 qui
602 1546 763 1592 natus
810 1544 897 1592 est
937 1536 1172 1592 vulvam.
1222 1535 1346 1592 Haec
1392 1546 1569 1593 autem
1622 1538 1804 1592 omnia

205 1628 565 1699 parturientis
596 1628 819 1699 virginis
845 1637 1002 1685 erant
1029 1628 1249 1695 indicia,
1287 1637 1343 1684 et
1366 1628 1585 1684 Gabriel
1612 1628 1805 1684 certis-

206 1718 349 1774 sime
373 1718 769 1790 evangelizavit
796 1720 910 1789 ipse
935 1720 1121 1774 dicens
1148 1735 1256 1775 non
1289 1719 1630 1784 transitorie,
1661 1719 1805 1789 quod

207 1814 529 1869 nasceretur
553 1829 621 1869 ex
652 1821 735 1881 te;
764 1823 823 1867 ut
850 1828 954 1869 non
985 1813 1052 1869 de
1083 1812 1216 1867 foris
1248 1813 1475 1867 inditum
1516 1813 1562 1868 ei
1608 1827 1806 1881 corpus

1900 714 2154 753 mucrone
2196 698 2531 764 stimulatus,
2566 699 2660 754 sed
2686 699 3018 756 validissimo
3058 701 3165 757 telo
3194 717 3488 772 percussus

1901 807 1996 859 es;
2028 791 2270 849 oblatum
2305 798 2389 848 est
2418 792 2780 858 sacriﬁcium,
2812 810 2917 849 non
2947 794 3094 852 vales
3118 813 3352 868 negare;
3386 814 3491 869 qua

1902 880 1969 936 de
2000 897 2058 936 re
2088 890 2142 935 et
2174 892 2415 951 apertam
2446 883 2661 941 vulvam
2698 886 2909 956 cogeris
2956 888 3223 943 conﬁteri.
3263 888 3413 957 Quod
3445 891 3489 945 si

1903 976 2114 1044 aperuit
2163 976 2378 1031 vulvam
2409 1018 2424 1042 ,
2474 986 2633 1033 natus
2677 963 2761 1032 est
2801 993 2899 1047 per
2945 989 3196 1036 naturam
3248 982 3494 1038 mulieris

1905 1068 2280 1138 sanguineam.
2310 1067 2636 1124 Veternosns
2656 1071 2847 1141 anguis
2867 1088 2975 1141 quo
2994 1075 3268 1131 convertis
3290 1075 3495 1131 aciem?

1903 1173 2012 1228 quo
2042 1158 2305 1216 lubricum
2333 1169 2523 1232 captas
2550 1171 2713 1232 caput
2742 1162 3053 1232 objectare?
3076 1168 3158 1220 An
3187 1166 3366 1223 adhuc
3405 1181 3496 1221 co—

1904 1249 2059 1303 naris
2090 1249 2141 1303 in
2172 1249 2367 1304 vulnus
2410 1248 2464 1305 ei
2496 1251 2743 1307 inSibilas
2780 1264 2877 1307 ore
2910 1254 3164 1321 trisulco;
3208 1255 3254 1312 si
3284 1256 3497 1328 aperuit

1906 1340 2149 1406 vulvam,
2174 1344 2456 1413 corrupit?
2493 1343 2599 1400 Sed
2632 1361 2693 1401 os
2718 1344 3033 1415 pestiferum
3064 1349 3220 1404 obice
3260 1350 3494 1407 Danieli-

1908 1431 2015 1489 tlco
2035 1431 2149 1503 jam
2171 1452 2315 1491 nunc
2338 1438 2628 1508 oppiletur,
2658 1450 2716 1493 ut
2737 1452 3060 1510 squamosus
3082 1445 3248 1501 draco
3269 1460 3365 1515 per
3380 1462 3501 1516 par-

1908 1540 1990 1587 tes
2030 1534 2289 1604 disjectas
2332 1545 2509 1593 cesset
2557 1537 2874 1594 dementare
2925 1540 3232 1599 Chaldaeos.
3274 1562 3291 1593 ‹
3332 1542 3502 1599 Isaias

1906 1626 2169 1696 propheta
2216 1640 2229 1679 :
2270 1625 2411 1684 Ecce
2461 1626 2624 1702 Virgo
2670 1647 2682 1683 :
2736 1639 2789 1686 et
2841 1628 3059 1688 Gabriel
3114 1632 3348 1690 mittitur
3392 1644 3501 1691 noti

1910 1719 2223 1775 transitorie
2252 1719 2318 1775 ad
2346 1720 2611 1794 virginem
2632 1764 2646 1785 ,
2683 1720 2778 1781 sed
2804 1724 2871 1781 ad
2913 1725 3177 1796 virginem
3209 1716 3505 1800 desponsa-

1911 1820 2022 1867 tam
2054 1812 2192 1879 viro,
2223 1835 2241 1866 ι
2278 1821 2333 1870 et
2361 1825 2499 1886 post,
2530 1825 2765 1886 partum,
2794 1827 2937 1889 post,
2962 1818 3350 1876 involutionem
3379 1836 3503 1892 par-

205 1911 508 1975 videretur,
541 1911 657 1975 sed,
689 1925 757 1964 ex
798 1916 880 1974 te;
910 1917 969 1963 ut
996 1924 1065 1964 ex
1104 1908 1218 1980 ipsa
1244 1950 1258 1974 ,
1298 1906 1617 1963 naturaliter
1660 1907 1803 1977 quod
1833 1893 1882 1953 Β
1912 1904 2038 1970 vuli,
2060 1913 2206 1975 post,
2238 1905 2607 1975 iactationem,
2631 1918 2771 1979 post,
2801 1909 3065 1977 oblatum,
3089 1913 3342 1981 quoniam
3372 1926 3503 1985 ape-

206 2013 398 2058 natum
425 2012 540 2068 est,
572 2018 694 2058 esse
741 2000 1028 2057 manifeste
1067 2000 1347 2066 credatur;
1381 2008 1435 2055 et
1474 2000 1576 2054 hoc
1613 2004 1803 2054 natura

206 2095 642 2160 demonstrante,
674 2095 799 2164 quia
832 2093 1167 2163 impossibile
1189 2103 1271 2148 est
1292 2093 1556 2165 virginem
1579 2092 1662 2147 lac
1681 2107 1805 2162 pro—

206 2184 379 2249 ferre,
396 2197 453 2242 et
476 2185 811 2257 impossibile
831 2194 913 2240 est
939 2184 1078 2242 lacte
1096 2184 1288 2240 nutriri
1314 2200 1511 2257 corpus
1529 2192 1582 2238 et
1610 2183 1806 2256 pannis

206 2279 412 2336 involvi
447 2296 555 2336 non
583 2290 712 2336 ante
740 2281 1063 2336 naturaliter
1094 2288 1299 2334 natum.
1331 2299 1350 2331 ι

279 2370 617 2428 Orthodoxm
650 2372 769 2427 ﬁdei
809 2372 1312 2438 constantissimus,
1355 2385 1514 2442 quem
1545 2370 1805 2426 Dominus

208 2472 469 2534 posuerat
508 2464 562 2519 in
592 2464 870 2520 civitatem
906 2466 1205 2531 munitam,
1237 2465 1291 2519 in
1319 2481 1532 2520 murum
1563 2480 1800 2530 Lenaeum,

205 2562 262 2609 et
301 2554 356 2608 iii
385 2552 694 2609 columnam
725 2553 959 2610 ferream
999 2556 1220 2627 regibus
1252 2554 1403 2612 Iudae
1427 2597 1442 2623 ,
1471 2557 1806 2627 principibus

205 2651 327 2722 ejus
355 2661 411 2706 et
455 2652 601 2707 omni
631 2652 830 2723 populo
878 2660 1073 2715 terrae,
1111 2668 1216 2708 non
1260 2652 1418 2707 aliter
1457 2654 1524 2707 de
1566 2653 1806 2724 Virginis

206 2755 368 2813 partu
414 2749 509 2796 aut
540 2742 744 2797 sentire
768 2743 973 2814 potuit,
1008 2751 1101 2798 aut
1127 2742 1278 2799 effari
1307 2785 1322 2809 ,
1357 2759 1519 2814 quam
1561 2745 1726 2800 sentit
1752 2756 1808 2799 et

204 2835 472 2905 praedicat
516 2835 757 2892 Ecclesia
780 2878 795 2903 ,
823 2853 942 2909 qua:
991 2846 1076 2893 est
1121 2837 1315 2894 domus
1345 2839 1609 2895 aediﬁcata
1644 2855 1809 2909 super

206 2926 599 2983 solidissimam
625 2937 865 3001 petram,
906 2930 1159 2987 columna
1196 2938 1250 2985 et
1290 2930 1690 2986 ﬁrmamentum
1718 2945 1808 2986 ve-

205 3020 421 3088 ritatis;
467 3032 689 3095 prepter
732 3022 875 3094 quod
919 3040 1044 3080 cum
1086 3033 1368 3081 enumeret
1410 3024 1563 3096 plura
1612 3026 1807 3097 quibus

205 3115 475 3187 approbat
504 3118 845 3173 incarnatum
874 3127 1061 3174 natum
1091 3118 1367 3175 Christum
1398 3122 1464 3175 de
1487 3117 1725 3191 Virgine,
1752 3128 1811 3176 ut

203 3205 369 3261 etiam
400 3222 599 3262 novam
629 3208 863 3278 depellat
899 3209 1170 3275 hzeresim,
1200 3210 1400 3265 dicitur
1433 3212 1688 3281 quoniam
1716 3210 1807 3282 qui

1911 2000 2022 2054 ruit
2048 2000 2138 2070 qui
2166 2008 2327 2055 natus
2351 2008 2435 2057 est
2462 2003 2699 2069 vulvam,
2723 2002 2996 2058 inclamat.
3016 2004 3141 2059 Haec
3160 2005 3342 2060 omnia
3368 2020 3495 2076 par-

1914 2094 2165 2149 turientis
2180 2095 2409 2166 virginis
2433 2104 2593 2150 erant
2622 2097 2847 2151 indicia.
2866 2096 3008 2169 Ergo
3037 2098 3187 2170 virgo
3208 2099 3372 2169 parit,
3398 2115 3502 2154 non

1909 2188 2294 2257 corrumpitur,
2322 2189 2514 2259 virgini
2542 2189 2703 2263 matri
2734 2205 2963 2245 nascens
2980 2191 3122 2245 Deus
3148 2192 3361 2263 aperuit
3386 2192 3505 2247 vul-

1909 2294 2053 2345 vam,
2083 2293 2183 2336 nec
2210 2278 2434 2337 violavit
2461 2280 2686 2352 pudoris
2717 2281 2971 2353 sigillum.
3140 2356 3149 2365 .

1980 2373 2091 2430 Nec
2119 2376 2186 2430 ad
2210 2375 2326 2431 haec
2356 2375 2583 2431 forsitan
2617 2378 2829 2449 penitus
2862 2378 3238 2449 conquiescis,
3273 2378 3366 2433 sed
3402 2393 3501 2433 au-

1911 2466 2006 2522 des
2034 2482 2225 2522 rursus
2251 2466 2588 2523 confractam
2614 2470 2997 2539 concisamque
3026 2470 3082 2525 in
3116 2471 3255 2526 ictus
3284 2487 3502 2527 manum

1909 2560 2128 2616 moliri;
2163 2562 2273 2616 Deo
2318 2562 2597 2618 nascituro
2646 2563 2780 2618 nihil
2826 2564 2929 2620 fuit
2966 2565 3247 2630 clausum,
3278 2566 3370 2621 sed
3408 2580 3503 2623 vo-

1910 2651 2089 2708 luntas
2117 2662 2177 2707 ut
2199 2654 2407 2709 exstitit
2435 2654 2715 2720 nascendi,
2740 2654 2909 2709 amnit
2940 2672 3064 2711 mox
3095 2670 3371 2726 egressus,
3401 2672 3504 2714 nec

1910 2762 2095 2802 moras
2119 2762 2312 2817 passus
2332 2760 2415 2802 est
2440 2747 2760 2811 nativitatis,
2791 2749 2878 2804 cui
2901 2748 3019 2804 sine
3042 2763 3303 2819 processu
3331 2749 3504 2805 factus

1910 2849 1993 2895 est
2022 2848 2192 2895 ortus.
2219 2840 2284 2894 Et
2312 2841 2451 2895 hanc
2485 2839 2722 2909 perﬁdia:
2747 2839 3075 2896 calumniam
3115 2841 3195 2898 sic
3223 2841 3376 2897 elidit
3406 2841 3502 2899 de-

1911 2930 2097 2987 fensor
2126 2929 2288 2995 ﬁdei,
2327 2946 2437 2985 non
2474 2945 2582 3000 quo
2613 2930 3215 3003 Divinitatissubroget
3255 2931 3509 3002 potentia:

1912 3022 2207 3094 quidquam
2228 3063 2244 3089 ,
2276 3022 2368 3078 sed
2395 3038 2503 3093 quo
2534 3022 2786 3079 humanae
2813 3023 3116 3087 nativitatis
3159 3023 3366 3079 homini
3396 3026 3509 3080 Deo

1913 3120 2252 3169 contestelur
2290 3112 2610 3179 veritatem;
2648 3120 2705 3167 ut
2730 3128 2798 3170 ex
2837 3113 2987 3184 ipsa,
3014 3113 3336 3183 naturaliter
3363 3114 3509 3185 quod

1915 3215 2101 3260 natum
2128 3214 2234 3270 est,
2266 3219 2388 3260 esse
2414 3204 2701 3261 manifeste
2726 3207 3004 3261 credatur.
3030 3205 3200 3279 Igitur
3237 3208 3503 3264 naturali-

204 3308 368 3355 natus
392 3306 482 3355 est
518 3303 733 3372 aperuit
757 3301 991 3357 vulvam.
1029 3302 1285 3374 Haneque
1323 3320 1469 3360 verae
1505 3305 1807 3361 confessio—
1836 3282 1881 3344 C
1915 3306 1999 3355 ter
2024 3307 2210 3353 natum
2245 3314 2367 3355 esse
2396 3298 2565 3355 Deum
2594 3299 2874 3355 hominem
2899 3298 3104 3356 factum
3145 3302 3422 3372 praedicat.
3449 3312 3510 3356 ιιι

202 3388 292 3444 nis
341 3390 649 3446 doctrinam
685 3391 859 3463 magis
897 3407 963 3447 ac
1007 3394 1181 3465 magis
1221 3394 1530 3460 inculcatis,
1580 3394 1808 3451 inferius

204 3481 491 3535 annectit:
527 3499 547 3532 ι
581 3480 913 3553 lmpossibile
942 3492 1085 3540 esset
1111 3486 1380 3556 virginem
1416 3486 1498 3543 lac
1528 3488 1804 3557 proferre,

204 3582 260 3626 et
304 3572 644 3645 impossibile
688 3584 834 3632 esset
875 3577 1015 3633 lacte
1055 3579 1249 3633 nutriri
1290 3595 1505 3651 corpus,
1537 3589 1593 3635 et
1616 3582 1810 3651 pannis

205 3661 429 3727 involvi,
460 3682 568 3720 non
600 3676 726 3721 ante
751 3667 1076 3723 naturaliter
1111 3677 1316 3723 natum.
1348 3689 1367 3722 ι
1400 3668 1539 3737 Quid
1577 3672 1811 3743 amplius

205 3752 391 3819 vultis,
426 3771 582 3811 novre
609 3764 663 3812 et
687 3757 945 3814 inauditaz
969 3759 1260 3830 praeteritis
1281 3761 1495 3816 saeculis
1519 3763 1808 3829 lizereseos,

204 3844 289 3900 vel
322 3854 603 3911 auctores,
634 3847 716 3902 vel
747 3849 1095 3905 defensores?
1126 3851 1205 3907 En
1248 3852 1496 3907 consistit
1522 3854 1809 3909 adversum

206 3950 442 3991 cuneum
486 3946 725 3992 vestrum
770 3939 1099 3996 Athanasius
1145 3942 1267 4009 ille,
1315 3943 1408 4013 qui
1448 3943 1576 3998 olim
1620 3955 1809 3999 contra

204 4027 494 4097 perﬁdiam
524 4027 786 4083 Arianam
816 4030 1114 4086 dimicavit.
1149 4033 1244 4089 Illo
1275 4036 1574 4090 certamine
1610 4036 1811 4091 divini-

206 4128 375 4174 tatem
406 4120 571 4175 Verbi
601 4120 873 4187 defendit,
903 4124 1006 4179 hoc
1048 4141 1220 4196 agone
1259 4128 1650 4184 humanitatem
1694 4145 1814 4201 pro-

203 4220 433 4281 pugnat.
474 4210 627 4268 Tunc
674 4214 975 4271 nativitatis
1023 4233 1144 4288 qua:
1184 4228 1265 4274 est
1296 4220 1363 4274 de
1391 4219 1552 4275 Patre
1595 4221 1811 4276 veritati

205 4302 708 4372 contradicebatur,
737 4323 880 4363 nunc
906 4310 1207 4366 nativitatis
1244 4327 1366 4382 quae
1403 4321 1489 4368 est
1532 4314 1600 4369 de
1638 4323 1814 4372 matre

204 4395 427 4450 veritati
472 4398 767 4454 resistitur.
795 4398 994 4457 Hostes
1037 4402 1114 4456 illi
1146 4403 1511 4475 conﬂigebant
1546 4406 1659 4461 non
1692 4422 1815 4462 esse

205 4494 396 4542 natum
448 4476 648 4543 Filium
694 4491 764 4546 de
799 4493 1105 4548 substantia
1136 4493 1344 4559 Patris,
1391 4496 1486 4551 sed
1531 4513 1597 4552 ex
1642 4498 1814 4555 nihilo

206 4578 414 4634 factum
435 4621 451 4645 ,
482 4580 572 4635 isti
602 4593 918 4653 oppugnant
950 4598 1057 4639 non
1094 4587 1419 4659 naturaliter
1441 4597 1621 4644 ortum
1654 4590 1816 4647 Chri-

1912 3406 2012 3461 per
2045 3401 2256 3446 natura:
2285 3390 2501 3447 vulvam
2533 3392 2754 3448 humani
2786 3402 2980 3463 partus
3018 3392 3136 3465 lege
3176 3394 3512 3463 processisse

1913 3496 2231 3553 cognoscas.
2267 3482 2398 3537 Inde
2427 3497 2644 3552 quoque
2671 3483 2832 3539 docet
2865 3483 3008 3540 haud
3041 3483 3201 3539 aliter
3231 3485 3508 3557 Virginem

1914 3574 2032 3647 lege
2070 3584 2276 3631 naturae
2307 3576 2551 3645 potuisse
2574 3576 2660 3632 lac
2693 3575 2972 3646 proferre,
3008 3577 3092 3632 vel
3128 3578 3270 3634 lacte
3304 3579 3512 3634 nutrire

1914 3679 2142 3735 corpus;
2174 3665 2259 3720 vel
2287 3674 2684 3736 consequenter
2713 3667 2907 3736 pannis
2934 3666 3212 3723 involvere
3246 3683 3354 3724 non
3385 3679 3512 3723 ante

1915 3757 2243 3812 naturaliter
2270 3765 2480 3812 natum.

1987 3849 2128 3920 Ergo
2176 3848 2543 3914 omnifariam,
2595 3849 2908 3906 adversario
2957 3851 3189 3917 devicto,
3234 3859 3512 3909 teneamus

1916 3959 2045 3998 vera
2071 3943 2195 4009 ﬁde,
2218 3944 2579 4000 conﬁteamur
2604 3959 2699 3999 ore
2725 3944 2987 4009 veridico,
3018 3945 3254 4002 Verbum
3285 3961 3511 4003 carnem

1914 4036 2117 4090 factum
2143 4048 2241 4107 per
2270 4035 2631 4090 ministerium
2663 4034 2833 4090 vulva:
2851 4035 3171 4091 naturaliter
3202 4045 3416 4102 natum,
3455 4045 3515 4092 et

1915 4126 2213 4183 secundum
2238 4127 2465 4182 rationis
2493 4127 2938 4197 consequentiam
2959 4166 2974 4193 ,
3004 4135 3058 4182 et
3093 4126 3391 4184 secundum
3423 4126 3504 4182 di-

1915 4220 2164 4275 vinarum
2198 4220 2503 4276 testimonia
2535 4219 2942 4291 Scripturarum
2964 4260 2978 4286 ,
3002 4232 3057 4276 et
3088 4221 3386 4278 secundum
3418 4219 3516 4276 do-

1916 4319 2126 4366 ctorum
2153 4326 2261 4366 non
2280 4312 2730 4367 contemnendam
2755 4313 3132 4368 auctoritatem
3155 4331 3168 4368 :
3193 4314 3325 4369 satis
3344 4312 3517 4370 abun-

1918 4404 2113 4474 deque,
2145 4411 2204 4458 ut
2230 4404 2460 4471 aestimo,
2489 4414 2847 4461 monstratum
2878 4412 2980 4471 est,
3013 4405 3299 4460 Dominmn
3329 4403 3515 4460 Salva-

1918 4504 2093 4551 torem
2142 4496 2210 4551 de
2252 4497 2473 4568 Virgine
2524 4497 2667 4553 sicut
2714 4497 2987 4552 hominem
3034 4505 3254 4563 natum,
3296 4512 3409 4577 non
3457 4503 3520 4552 ut

1920 4588 2290 4659 integritatem
2315 4590 2566 4654 violaret,
2589 4589 2678 4645 illa
2699 4590 2979 4657 nativitas,
3004 4589 3132 4661 quia
3163 4588 3331 4644 Maria
3360 4590 3516 4661 virgo

207 4680 352 4727 stum
395 4673 468 4727 de
506 4673 696 4729 matris
736 4683 920 4739 utero,
969 4676 1065 4732 sed
1106 4679 1472 4749 prodigialiter
1502 4692 1807 4753 exceptum.
1836 4676 1893 4737 Ι)
1916 4679 2020 4735 fuit
2046 4670 2190 4736 ante
2219 4691 2433 4753 partum
2456 4723 2471 4748 ,
2504 4683 2657 4754 virgo
2688 4684 2741 4737 in
2788 4692 2947 4753 partu
2972 4721 2988 4746 ,
3025 4683 3174 4753 virgo
3218 4681 3423 4736 mansit
3455 4688 3513 4737 et

210 4761 425 4835 Ubique
450 4762 668 4821 Christo
689 4769 1100 4837 contradicitur,
1132 4772 1327 4842 ubique
1353 4775 1536 4830 mundi
1559 4775 1811 4833 iiberatio

210 4855 625 4912 maledictorum
685 4858 882 4931 linguis
929 4862 1249 4933 injuriatur,
1302 4868 1397 4922 sed
1446 4879 1812 4942 propugnator

211 4948 673 5025 doctns‘vincere,
717 4953 965 5010 nesciens
1011 4955 1207 5011 cedere
1230 4999 1244 5021 ,
1292 4974 1399 5014 non
1437 4960 1503 5015 de
1539 4976 1601 5016 se
1631 4972 1808 5018 tamen

211 5052 582 5107 prxsutnens,
616 5041 712 5097 sed
738 5043 792 5098 in
825 5045 942 5116 ipso
968 5061 1069 5117 pro
1099 5063 1207 5118 quo
1251 5060 1456 5120 pugnat
1498 5052 1805 5122 confidens,

214 5131 459 5196 accedat,
473 5141 529 5187 et
552 5144 831 5191 catervam
853 5140 1105 5209 superbia
1129 5143 1410 5211 tumidam,
1426 5146 1663 5203 vanitate
1685 5150 1813 5205 sub-

215 5225 422 5285 lixam,
451 5225 705 5282 veritatis
733 5245 992 5287 mucrone
1019 5234 1289 5290 concidat.

283 5304 570 5388 Intorqnes
600 5336 726 5391 pars
755 5324 981 5380 adversa
1025 5326 1222 5395 telum,
1257 5339 1312 5385 et
1334 5328 1514 5399 jactas
1540 5351 1553 5387 :
1579 5332 1696 5389 Non
1733 5342 1818 5391 est

221 5421 377 5467 natus
399 5412 547 5470 Deus
575 5430 675 5488 per
706 5427 961 5476 naturam
989 5423 1252 5478 mulieris.
1283 5424 1518 5497 Opponit
1545 5426 1667 5483 fidei
1696 5443 1817 5484 scu-

223 5507 332 5558 tum
354 5504 446 5560 vir
472 5505 650 5564 fidelis
670 5550 685 5575 ,
725 5518 783 5567 et
819 5510 985 5569 refert
1013 5514 1250 5587 gladium
1275 5518 1423 5574 verbi
1457 5519 1569 5575 Dei.
1599 5539 1617 5573 ¢
1648 5519 1816 5577 Obla-

1921 4785 2044 4846 post
2065 4784 2297 4845 partum.
2328 4775 2433 4832 Sed
2458 4784 2515 4831 ut
2537 4778 2627 4846 qui
2651 4776 2720 4833 de
2739 4776 2948 4847 virgine
2970 4791 3171 4848 corpus
3193 4775 3510 4845 assumpsit,

1922 4877 1978 4924 et
2024 4869 2166 4923 intra
2220 4869 2485 4939 gremium
2524 4869 2789 4940 virginale
2835 4868 3143 4933 concrevit,
3189 4882 3287 4938 per
3332 4866 3516 4925 aulam

1920 4974 2133 5029 quoque
2173 4959 2471 5031 virgineam
2525 4961 2848 5015 naturaliter
2895 4968 3233 5015 nasceretur.
3278 4959 3428 5029 Quod
3468 4961 3513 5017 si

1920 5052 2079 5108 alicui
2108 5052 2212 5108 ista
2238 5067 2342 5107 non
2373 5051 2715 5119 suffecerint,
2760 5051 2843 5108 vel
2882 5051 3138 5109 tarditate
3173 5068 3399 5120 sensus,
3432 5053 3540 5123 γει,

1922 5146 2328 5203 contradicendi
2352 5146 2551 5211 studio,
2583 5161 2688 5202 non
2728 5145 2904 5201 deerit
2947 5145 3088 5201 unde
3135 5147 3351 5218 utrique
3381 5146 3517 5209 subs

1922 5238 2192 5293 veniatur.
2211 5239 2266 5292 Si
2293 5246 2471 5292 tamen
2493 5246 2549 5292 et
2570 5235 2766 5293 vulnus
2782 5238 2994 5309 aperire
3017 5254 3173 5295 suum
3197 5237 3513 5304 maluerint,

1922 5343 1977 5391 et
2006 5334 2372 5389 contentionis
2398 5332 2697 5403 perniciem
2723 5348 2829 5387 non
2863 5348 3068 5388 amare.
3103 5332 3354 5388 Lusimus
3399 5330 3515 5389 haec

1924 5431 1991 5485 de
2034 5445 2186 5485 more
2213 5429 2544 5486 studentimn
2576 5445 2588 5481 :
2614 5443 2735 5498 qua:
2763 5428 2809 5483 si
2840 5428 2965 5499 quis
2995 5436 3332 5495 contemnet,
3357 5440 3517 5483 exer-

1924 5522 2051 5577 citia
2085 5522 2242 5579 nobis
2280 5531 2467 5578 nostra
2497 5519 2933 5593 complacebtmt.

1558 5732 2191 5772 η-ο--α-Ω--υ-ἠ
