4088 6344
582 381 687 440 103

589 562 3179 612 mw

1621 389 1981 448 RATRAMNI
2020 391 2470 454 CORBEIENSIS
2509 392 2814 454 MONACHI

3759 394 3864 450 104

1708 733 2730 850 BATBAMNI

1853 965 2256 1010 COBBEIENSIS
2301 967 2433 1011 MON
2445 966 2586 1010 ACBI

775 1139 977 1269 DE
1072 1139 1790 1271 CORPORE
1900 1143 2102 1269 ET
2204 1138 2994 1274 SANGUINE
3095 1141 3654 1269 DOMINI

2049 1393 2348 1474 LIBER
2374 1452 2395 1487 ,

571 1555 670 1634 Ab
700 1553 879 1620 omni
898 1552 1201 1634 novitatis
1223 1562 1334 1618 aut
1362 1555 1631 1621 haeresis
1662 1557 2053 1621 Calvinianae
2076 1555 2456 1618 inventione
2485 1558 2595 1634 aut
2625 1554 2998 1634 suspicione
3027 1555 3415 1629 vindicatus,
3439 1555 3517 1619 ad
3550 1555 3858 1634 amicam,

651 1633 990 1698 honestam
1025 1639 1088 1698 et
1122 1633 1495 1701 litterariam
1540 1637 2044 1702 confutationem
2080 1633 2561 1698 Dissertationis
2605 1634 2679 1697 R.
2735 1633 2803 1696 P.
2840 1636 3108 1699 Joannis
3139 1635 3484 1709 Harduini,
3517 1636 3858 1699 societatis

649 1713 936 1796 nominis
966 1715 1145 1787 Jesu,
1185 1713 1257 1796 de
1284 1715 1679 1780 Sacramenta
1711 1717 1957 1790 altaris,
1990 1716 2056 1796 in
2087 1734 2239 1796 qua,
2273 1714 2496 1778 relicto
2527 1715 2873 1796 preposito
2886 1715 2975 1796 de
3002 1715 3242 1796 tuenda
3267 1715 3534 1796 epistola
3559 1717 3620 1778 S.
3647 1717 3862 1778 Joan-

647 1794 750 1876 nis
787 1793 1231 1876 Chrysostomi
1285 1797 1387 1876 ad,
1410 1797 1754 1860 Caesarium
1811 1793 2203 1876 monachum
2227 1840 2243 1869 ,
2281 1800 2615 1876 auctorem
2644 1793 2798 1858 dicti
2834 1794 2982 1876 libri
3017 1793 3089 1855 de
3130 1793 3411 1876 Corpore
3445 1803 3501 1857 et
3535 1795 3863 1876 Sanguine

649 1874 902 1956 Domini
919 1872 1226 1956 juventae
1255 1892 1329 1956 ac
1357 1875 1638 1940 defensae
1676 1877 2026 1956 primulum
2066 1872 2760 1956 haeresisACalvinjanw
2791 1873 3062 1937 crimine
3099 1872 3421 1940 accusavit
3447 1897 3463 1951 ;
3489 1911 3562 1921 —
3586 1872 3857 1940 au’ctore

647 1953 886 2019 Iacobo
915 1955 1224 2031 Boream,
1257 1954 1559 2035 theologo
1594 1951 2000 2020 Parisiensis.
2040 1992 2115 2001 —
2141 1953 2430 2026 Parisiis,
2467 1951 2646 2016 1712.

1615 2241 2149 2323 PRIEFATIO
2209 2241 2786 2324 HISTOBICA.

632 2532 734 2587 Tot
763 2532 864 2590 viri
893 2533 1034 2591 docti
1063 2543 1227 2606 atque
1255 2535 1502 2593 homines
1541 2538 1738 2594 eruditi
1767 2537 1870 2595 hoc
1908 2555 2145 2611 opuscu-
2173 2545 2227 2606 Α
2252 2540 2368 2596 sive
2393 2539 2620 2596 diversae
2647 2545 2822 2610 partis
2849 2539 2914 2593 de
2944 2550 3010 2592 eo
3039 2533 3370 2592 mentionem
3400 2531 3592 2590 fecerit
3627 2534 3684 2590 in
3727 2531 3858 2590 vin-

487 2675 489 2680 .
558 2623 668 2680 lum
689 2626 832 2697 quod
854 2643 964 2698 prae
987 2627 1238 2684 manibus
1263 2629 1450 2698 habes,
1480 2629 1652 2687 lector
1674 2632 1900 2704 Optime,
1933 2633 1999 2689 de
2018 2633 2151 2690 Cor-

447 2761 454 2767 .
549 2734 689 2800 pore
725 2729 781 2776 et
811 2719 1083 2794 Sanguine
1115 2723 1329 2778 Domini
1356 2725 1754 2798 conscriptum,
1788 2724 1945 2795 jussu
1969 2725 2150 2782 Caroli

555 2801 704 2865 Calvi
729 2810 1093 2882 imperatoris,
1115 2813 1432 2884 octingintis
1457 2815 1654 2873 abhinc
1677 2816 1857 2882 annis,
1881 2824 2145 2872 nocturna

557 2915 721 2956 manu
770 2901 1073 2974 diurnaque
1116 2912 1276 2960 aetate
1312 2916 1498 2962 nostra
1539 2922 1857 2973 versavere,
1923 2905 2148 2978 ejusque

552 2994 771 3066 generis
797 3005 1074 3054 auctorem
1102 2999 1397 3069 genuinum
1421 3000 1694 3057 laboriose
1724 3002 1952 3058 scrutati
1997 3011 2142 3068 sunt,

552 3094 613 3141 ut
642 3100 832 3144 eorum
868 3087 1270 3148 lucubrationes
1298 3094 1702 3151 accessionibus
1731 3095 2146 3168 quibuscunque

550 3179 828 3236 cumulare
859 3196 966 3237 non
997 3181 1170 3238 solum
1193 3184 1602 3252 inconsiderati,
1625 3203 1814 3243 verum
1845 3188 2007 3244 etiam
2029 3189 2144 3246 otio

549 3279 606 3327 et
646 3271 844 3330 litteris
891 3275 1317 3347 intemperanter
1367 3278 1638 3335 abutentis
1693 3281 1975 3352 scriptoris
2019 3296 2142 3338 esse

549 3365 820 3422 videatur.
849 3367 1237 3427 Verumtamen
1263 3386 1386 3426 cum
1409 3372 1464 3426 in
1492 3373 1674 3429 animo
1694 3375 2008 3444 neutiquam
2038 3376 2138 3430 ha-

545 3461 756 3518 buerim
790 3480 908 3535 qua:
939 3465 1083 3522 dicta
1111 3473 1238 3522 sunt
1267 3467 1420 3538 prius
1443 3467 1514 3523 ab
1538 3468 1660 3524 aliis
1681 3469 1862 3525 incudi
1891 3469 2136 3537 reddere,

545 3559 601 3605 et
649 3553 790 3610 male
837 3566 1052 3612 tornata
1101 3573 1399 3630 recoquere
1426 3600 1441 3625 ,
1490 3561 1985 3632 pertimescendum
2028 3579 2138 3619 non

545 3657 668 3699 esse
706 3643 840 3702 mihi
882 3650 1184 3717 persuadeo
1227 3649 1356 3720 quin
1406 3666 1436 3705 a
1485 3649 1779 3708 lectoribus
1823 3651 2050 3708 eruditis
2083 3662 2140 3709 et

543 3733 879 3804 sapientibus
905 3754 1013 3794 nou
1053 3749 1333 3811 acceptum
1364 3741 1427 3797 iri
1463 3748 1530 3798 ut
1564 3741 1913 3812 injucundum
1954 3745 2134 3800 cousi-

541 3823 672 3879 lium
699 3840 808 3896 quo
828 3841 1023 3884 novam
1044 3830 1337 3887 editionem
1360 3833 1502 3889 hanc
1527 3832 1830 3891 faciendam
1857 3852 1980 3891 cum
2005 3852 2135 3893 cura

2252 2633 2452 2689 dictam
2486 2642 2578 2686 aut
2622 2629 3055 2701 proﬂigationem
3090 2626 3338 2684 veritatis
3371 2626 3678 2698 praesentiae
3699 2641 3854 2683 verae

2250 2724 2433 2780 carnis
2460 2721 2686 2788 Christi,
2708 2731 2803 2776 aut
2827 2719 3198 2777 conversionis
3224 2719 3382 2792 panis
3407 2726 3464 2774 et
3492 2719 3602 2774 vini
3629 2718 3683 2774 in
3715 2733 3847 2775 cor-

2249 2832 2349 2888 pus
2392 2823 2447 2872 et
2494 2815 2842 2887 sanguinem,
2892 2829 3054 2884 quam
3098 2812 3332 2882 theologi
3369 2809 3528 2880 hujus
3582 2811 3852 2881 temporis

2249 2909 2484 2985 majores
2533 2907 3190 2964 transsubstautiationem
3231 2905 3589 2978 appellavere.
3636 2903 3851 2962 Unicus

2246 3011 2304 3058 et
2341 3003 2617 3059 solitarius
2655 3011 2846 3058 auctor
2872 3015 3171 3073 anouymus
3216 3000 3478 3065 incurrit,
3528 2998 3682 3069 cujus
3722 3012 3847 3053 ser-

2246 3110 2436 3151 mones
2456 3095 2574 3151 sine
2600 3110 2761 3151 sensu
2788 3102 2844 3150 et
2863 3094 3130 3150 sententia
3157 3108 3350 3149 omnes
3372 3092 3568 3149 eruditi
3595 3091 3852 3148 homines

2244 3198 2364 3241 esse
2394 3185 2632 3241 fatentur
2658 3203 2671 3239 :
2707 3184 2860 3254 cujus
2886 3193 3020 3240 aetas
3047 3183 3308 3256 impervia
3328 3191 3385 3239 et
3407 3181 3609 3238 nemini
3635 3179 3850 3236 homini

2243 3275 2482 3332 litterato
2531 3276 2789 3332 adnotata
2833 3283 2952 3342 est,
3003 3275 3095 3346 qui
3131 3275 3276 3330 hunc
3323 3274 3642 3343 scriptorem
3694 3272 3844 3328 inter

2244 3367 2586 3435 adversarios
2640 3368 2818 3424 sancti
2873 3367 3154 3424 Paschasii
3199 3366 3455 3423 Radberti
3502 3367 3846 3421 recensuerit

2241 3459 2454 3515 abbatis
2477 3459 2846 3526 Corbeiensis,
2871 3459 2962 3530 qui
2977 3454 3050 3515 de
3076 3456 3316 3522 eiusdem
3346 3458 3423 3512 rei
3453 3471 3649 3529 genere
3675 3466 3848 3510 mate-

2241 3553 2378 3609 riam
2429 3553 2690 3624 expolivit
2728 3553 2920 3609 eodem
2958 3552 3072 3608 fere
3123 3562 3383 3623 tempore,
3438 3560 3533 3605 aut
3579 3551 3844 3622 suppari,

2240 3665 2347 3720 quo
2367 3649 2665 3704 monachus
2685 3647 2930 3704 constitit
2949 3646 3188 3717 ejusdem
3216 3645 3352 3701 abba
3361 3645 3444 3700 tia:
3458 3644 3840 3701 Corbeiensis:

2240 3757 2401 3814 quem
2429 3741 2723 3814 scriptores
2752 3741 2980 3797 diversa:
3000 3739 3171 3810 partis
3193 3739 3503 3812 intelligunt
3524 3748 3580 3795 et
3613 3755 3722 3794 non
3758 3740 3844 3795 in-

2243 3833 2356 3888 fimi
2387 3834 2530 3889 inter
2559 3833 2830 3888 litteratos
2859 3831 3040 3886 meriti
3065 3829 3164 3885 sibi
3189 3829 3520 3899 persuadent
3545 3827 3716 3885 fuisse
3744 3830 3846 3884 ah-

539 3924 594 3970 et
622 3916 728 3972 fide
751 3918 990 3986 decrevi,
1024 3921 1466 3980 adnotationibus
1488 3933 1544 3980 et
1578 3927 1994 3997 cogitationibus
2027 3928 2133 3982 circ
2166 3925 2215 3986 B
2244 3926 2426 3981 batem
2475 3926 2844 3997 Orbacensem
2871 3925 2924 3979 iu
2955 3923 3178 3980 dioecesi
3208 3923 3587 3980 Suessionensi
3613 3938 3678 3979 ex
3716 3924 3845 3981 loco

539 4019 900 4094 cttmseptaiu,
953 4013 1150 4084 quibus
1187 4016 1426 4073 auctoris
1470 4016 1632 4088 hujus
1665 4018 1909 4088 opusculi
1939 4020 2136 4076 doctri-

538 4116 663 4156 nam
686 4102 753 4157 ab
777 4105 926 4161 omni
943 4107 1146 4164 erroris
1173 4108 1498 4164 contumelia
1518 4108 1862 4166 defenderem
1890 4119 1948 4168 et
1973 4110 2136 4167 fidem

538 4191 795 4251 Ecclesia:
843 4199 1123 4256 catholicae
1167 4199 1383 4271 placitis
1427 4201 1771 4269 concordem,
1815 4201 1882 4259 de
1926 4201 2136 4260 Gallico

535 4299 788 4343 sermone
813 4286 1003 4347 Latine
1029 4293 1286 4362 scriptam
1318 4293 1572 4350 tuendam
1597 4295 1916 4366 reciperem.

608 4383 753 4442 Nihil
782 4386 1010 4444 inveniri
1033 4383 1208 4462 potest
1231 4406 1295 4446 ea
1313 4400 1474 4447 aetate
1491 4392 1672 4449 Caroli
1691 4393 1841 4450 Calvi
1869 4395 2132 4468 scriptum

535 4479 679 4548 quod
731 4480 1082 4536 meditatione
1112 4483 1347 4539 huntaua
1387 4494 1442 4540 et
1481 4485 1809 4558 cogitatione
1839 4489 2011 4560 magis
2039 4489 2132 4544 de-

534 4570 660 4625 beat
684 4574 946 4642 reputari.
982 4565 1190 4648 Quippc
1222 4577 1428 4635 nullum
1459 4595 1597 4651 opus
1637 4581 1704 4636 ad
1732 4582 2128 4649 exstricandas,

533 4675 590 4720 et
631 4665 998 4734 cxplanan‘das
1047 4669 1285 4727 historia:
1321 4673 1584 4741 salebras,
1627 4690 1747 4746 qua:
1787 4676 1908 4731 fidei
1942 4677 2131 4732 catboo

534 4753 652 4811 lica;
692 4756 1109 4828 perpetuitatem
1141 4770 1389 4831 spectant
1429 4763 1495 4820 de
1533 4780 1593 4820 re
1633 4765 1986 4822 Eucharistiat
2014 4767 2130 4822 sive

534 4848 764 4907 veritate
794 4855 1040 4925 corporis
1075 4854 1273 4912 Christi
1305 4857 1358 4912 iu
1385 4875 1546 4914 sacro
1572 4861 1832 4932 mysterio
1862 4860 2125 4916 reconditi

536 4945 710 5014 magis
749 4946 1090 5003 conducibile
1132 4957 1188 5004 et
1223 4952 1612 5007 necessarium.
1652 4951 2127 5008 \‘crumeuimvero

533 5036 731 5093 librum
769 5039 835 5097 de
871 5040 1111 5112 Corpore
1147 5052 1201 5100 et
1245 5046 1521 5119 Sanguine
1551 5047 1751 5104 Christi
1796 5063 1900 5103 non
1947 5048 2127 5102 minus

532 5131 805 5188 occultqu
828 5137 1156 5194 remansisse
1185 5137 1239 5193 in
1269 5139 1515 5196 obscuris
1547 5140 1673 5196 noni
1708 5148 1763 5195 et
1795 5138 1991 5194 decimi
2021 5156 2122 5196 sa:-

531 5224 635 5280 culi
684 5225 878 5298 speleis
929 5228 1197 5287 fateamur
1224 5247 1448 5289 necesse
1491 5244 1616 5288 est:
1669 5232 1904 5299 scilicet,
1945 5233 2012 5288 ab
2055 5248 2120 5289 eo

2239 4017 2361 4074 libri
2409 4035 2469 4073 tu
2521 4017 2774 4074 llistoriae
2823 4017 3150 4072 Rhemensis
3194 4015 3484 4072 Flodoardi
3529 4017 3692 4086 capit.
3743 4017 3838 4075 28.

2240 4109 2408 4164 David
2438 4108 2741 4164 Bloudellus
2765 4107 2821 4162 in
2852 4106 3184 4162 adversariis
3211 4107 3623 4163 enodationibus
3652 4107 3721 4163 de
3757 4108 3840 4164 Re

2237 4200 2637 4266 Eucharistica,
2671 4199 2849 4271 capite
2880 4197 2970 4263 15,
2994 4213 3117 4271 pag.
3149 4197 3253 4253 427
3278 4214 3295 4265 ;
3324 4197 3557 4254 Jacobus
3580 4197 3840 4256 Usserius

2239 4294 2490 4350 Historiae
2518 4293 2907 4360 Gotteschalci,
2939 4294 3117 4365 capite
3165 4293 3253 4360 ff,
3302 4308 3428 4364 pag.
3467 4291 3591 4347 268.
3621 4291 3834 4347 Revera

2237 4388 2494 4459 praeclare
2515 4397 2571 4445 et
2606 4388 2880 4445 fortunate
2905 4389 3082 4460 egisse
3114 4389 3249 4444 mihi
3271 4388 3526 4444 videntur
3559 4403 3682 4444 cum
3727 4388 3836 4444 isto

2237 4495 2504 4551 anonymo
2561 4479 2856 4550 scriptores
2918 4479 3148 4550 posteri,
3205 4479 3503 4536 tenuissimi
3558 4487 3836 4551 utcunque

2237 4573 2417 4627 meriti
2450 4572 2670 4628 homine
2701 4572 2962 4640 litterato,
3000 4590 3122 4629 cum
3151 4573 3450 4646 praesertim
3484 4571 3601 4643 ejus
3630 4589 3831 4631 nomen

2235 4666 2363 4722 solis
2392 4666 2676 4722 annalibus
2697 4667 3082 4739 emporeuticis
3105 4668 3509 4724 inscribendum
3535 4669 3831 4725 emissione

2231 4761 2446 4816 sincera
2480 4761 2957 4828 oblitteraverint;
3011 4778 3112 4819 nec
3145 4761 3413 4819 infelicius
3447 4763 3513 4819 de
3561 4763 3830 4834 scriptore

2231 4853 2350 4924 ejus
2375 4854 2594 4925 generis
2619 4853 2848 4910 meritus
2881 4869 3002 4911 esse
3030 4855 3306 4911 videretur
3353 4853 3517 4910 Pater
3538 4853 3822 4918 Cellotius,

2228 4942 2455 5010 Jesuita,
2488 4944 2556 5011 si,
2595 4945 2893 5016 postposita
2921 4953 3069 5000 tanta
3099 4945 3399 5010 curatione,
3445 4942 3564 5013 ejus
3604 4959 3740 5017 opus
3771 4945 3823 5000 in

2229 5040 2470 5094 tenebris
2502 5040 2832 5111 reliquisset,
2859 5056 2960 5097 nec
2985 5050 3064 5096 tot
3095 5041 3434 5098 uotationum
3463 5048 3520 5096 et
3545 5056 3824 5098 commen-

2229 5133 2495 5188 tariorum
2518 5135 2922 5190 accessionibus
2943 5145 3226 5191 oucrasset
3243 5144 3298 5188 et
3321 5134 3697 5212 intemperanti
3721 5151 3819 5190 usu

2227 5229 2630 5300 typographicm
2666 5230 2800 5286 artis
2843 5229 3044 5301 publici
3088 5228 3228 5299 juris
3267 5246 3373 5285 non
3407 5227 3627 5285 fecisset
3674 5244 3820 5283 anno

533 5324 778 5387 tempore
803 5335 911 5391 quo
948 5321 1236 5392 primulum
1280 5339 1384 5380 ovo
1412 5324 1669 5380 exclusus
1697 5333 1780 5380 cst
1811 5324 1878 5378 ad
1918 5338 2120 5380 annum
2152 5302 2197 5365 ί]
2229 5319 2430 5378 Christi
2474 5321 2637 5389 1555,
2685 5323 2781 5378 sed
2843 5321 3068 5376 rectioni
3097 5336 3161 5376 ac
3188 5319 3491 5390 prudentia:
3517 5318 3818 5375 doctissimi

532 5407 692 5472 1552.
712 5427 818 5482 quo
842 5414 1017 5484 prima
1034 5416 1169 5481 vice,
1189 5416 1575 5472 obstetricanle
1599 5433 1759 5472 Illallll
1777 5416 2116 5488 typographi,

505 5479 584 5556 ‘in
609 5500 781 5558 lucem
809 5505 1034 5562 eductus
1061 5517 1164 5562 est.
1199 5506 1342 5562 Nihil
1367 5508 1512 5563 enim
1540 5507 1710 5580 magis
1742 5509 1980 5564 excitare
2018 5524 2116 5579 po-

528 5602 634 5650 test
662 5595 714 5650 in
758 5599 1027 5655 mentibus
1055 5600 1333 5655 hominum
1377 5599 1740 5657 litteratorum
1781 5599 2117 5658 admirabili-

528 5693 691 5742 tatem
718 5704 879 5758 quam
908 5689 1155 5746 ducentis
1179 5688 1378 5760 elapsis
1407 5692 1566 5748 anuis
1604 5703 1726 5762 post
1757 5703 1987 5750 mortem
2017 5711 2114 5751 au-

527 5781 715 5847 ctoris,
739 5781 964 5847 scilicet,
989 5798 1098 5854 quo
1129 5791 1367 5855 tempore
1397 5785 1561 5857 coepit
1585 5802 1868 5860 erumpere
1891 5788 2114 5845 haeresis

526 5872 870 5938 Bcreugarii.
913 5874 1091 5931 nullus
1133 5876 1363 5934 scriptor
1405 5877 1804 5937 ecclesiasticus
1833 5880 2111 5938 catholicae

2225 5412 2414 5471 Jacobi
2466 5413 2740 5470 Sirmondi
2768 5453 2784 5478 ,
2833 5411 3115 5468 societatis
3160 5409 3286 5467 Jesu
3343 5409 3600 5483 perennis
3649 5428 3813 5467 orna-

2227 5507 2394 5563 menti
2441 5497 2892 5578 obtemperass'et,
2955 5504 3050 5575 qui
3105 5504 3368 5576 ejusmodi
3421 5503 3638 5575 generis
3681 5519 3815 5574 opus

2225 5600 2342 5657 luce
2382 5599 2596 5671 publica
2626 5613 2747 5654 cum
2780 5596 3054 5669 plerisque
3097 5613 3207 5654 sua:
3234 5597 3411 5652 aetatis
3442 5596 3694 5652 litteratis
3721 5597 3812 5650 ho-

2222 5693 2458 5750 minibus
2493 5690 2771 5762 indignum
2803 5689 3154 5755 indicaverat,
3189 5705 3311 5746 cum
3335 5688 3557 5746 Usserio
3591 5689 3812 5744 diversa:

2221 5787 2393 5858 partis
2436 5787 2717 5856 scriptore,
2769 5787 2862 5858 qui
2907 5803 2974 5843 cx
3023 5786 3349 5842 bibliotheca
3396 5783 3718 5841 Cottoniaua
3756 5796 3812 5836 se

2221 5881 2518 5950 pervidisse
2546 5880 2712 5937 refert
2733 5881 2907 5952 capite
2929 5881 2987 5935 ll
3025 5879 3146 5935 libri
3179 5880 3244 5935 de
3263 5877 3626 5934 Ecclesiarum
3651 5875 3804 5932 Chri-
