4088 6344
296 383 426 448 105
1017 392 1106 448 DE
1141 388 1463 448 CORPORE
1497 389 1586 447 ET
1627 387 1972 446 SANGUINE
2010 387 2265 446 DOMINI.
2321 418 2389 429 -—
2434 383 2826 442 PREFATIO.
3463 375 3565 431 lOG

295 503 599 558 stianarum
657 501 1000 558 successione
1049 510 1105 558 et
1155 511 1318 565 statu.
1379 517 1500 574 pag.
1555 500 1665 566 46,
1715 499 1743 572 ᾗ
1790 498 1876 554 l6.
1909 503 1958 560 Α
2055 497 2240 554 Sixtus
2267 497 2544 564 Senensis,
2574 512 2639 552 ex
2670 495 2859 552 ordine
2903 491 3397 550 Dominicanorum,
3425 503 3569 544 anno

295 595 782 652 Verumenimvero
808 593 1030 664 hujusce
1051 595 1173 650 libri
1203 595 1458 668 anonymi
1489 597 1765 668 σφάλματα
1790 609 1888 650 nec
1993 591 2149 657 i566,
2184 592 2345 648 tertio
2389 592 2607 647 circiter
2651 598 2772 660 post
2824 584 3240 643 celebrationem
3271 580 3567 653 perfectam

298 687 508 746 felicius
551 703 654 744 nec
679 687 982 757 expeditius
1019 688 1250 758 perspici
1297 698 1352 744 et
1392 687 1614 760 intelligi
1665 695 1890 759 possunt
1992 686 2204 742 concilii
2236 685 2562 746 Tridentini.
2619 699 2722 738 non
2777 681 2948 751 magis
2996 678 3138 734 civili
3183 693 3282 733 nec
3336 674 3572 746 propitia

296 793 458 850 quam
484 792 554 834 ex
587 778 923 848 autographo
961 777 1157 848 publici
1202 776 1343 846 juris
1372 777 1516 834 facto
1549 794 1581 833 a
1632 776 1890 834 Jesuitico
1993 795 2154 834 manu
2179 779 2380 849 excipit
2415 778 2468 832 in
2500 793 2594 832 sua
2634 774 2947 846 praefatione
2975 772 3320 827 Bibliotheca
3356 768 3572 824 Sanetus

297 869 447 926 socio
473 867 706 925 Cellotio
728 883 855 925 cum
892 876 1144 925 notarum
1172 878 1226 926 et
1247 871 1681 927 adversariorum
1709 871 1891 927 densis
1989 885 2152 940 quam
2181 868 2276 925 Pio
2304 868 2640 938 Vinscripsit.
2668 867 2724 922 ln
2754 883 2860 936 qua
2891 874 3177 936 postquam
3205 861 3570 918 mortificante

295 962 716 1020 accessionibus.
1993 960 2201 1015 calamo
2244 969 2300 1016 et
2351 959 2706 1015 mordacitate
2753 956 3038 1012 rharitatis
3064 955 3234 1011 diluto
3279 959 3572 1026 exaggerat

364 1055 592 1125 Insuper
641 1055 976 1127 Sigebertus,
1036 1059 1336 1114 monachus
1363 1058 1790 1124 Gemhlacensis,
1836 1068 1892 1114 et
1993 1053 2255 1108 audacem
2297 1051 2638 1107 insolentiam
2679 1049 3132 1120 protestantium,
3167 1047 3257 1117 qui
3291 1044 3574 1099 fabricatis

296 1147 599 1203 continenti
651 1157 894 1218 tempore
953 1148 1128 1204 sancti
1171 1148 1440 1204 Vincentii
1490 1147 1766 1210 Metensis,
1798 1147 1889 1219 qui
1991 1141 2146 1198 libris
2209 1143 2484 1212 adespOtis
2525 1151 2582 1198 et
2623 1141 3011 1212 pseudonymis
3046 1156 3155 1194 suae
3200 1136 3574 1207 superstitioni

294 1236 518 1294 ineunte
549 1237 869 1293 duodecimo
893 1240 1090 1294 saeculo
1131 1241 1286 1302 vixit,
1327 1249 1383 1296 et
1405 1239 1641 1296 Joannes
1673 1240 1892 1296 Trithe-
1991 1235 2238 1305 propitiis
2277 1235 2531 1291 Ecclesiae
2571 1235 2854 1292 catholicae
2891 1233 3191 1290 doctrinam
3223 1229 3576 1302 impetebant,

294 1326 460 1392 mius,
511 1327 670 1383 initio
724 1327 907 1382 saeculi
958 1329 1152 1385 decimi
1204 1329 1380 1400 quinti
1432 1330 1599 1385 abbas
1646 1329 1892 1400 Spanhe-
1993 1329 2211 1384 nomine
2257 1337 2314 1384 et
2359 1329 2611 1401 panoplia
2658 1337 2903 1385 veterum
2936 1328 3157 1382 Patrum
3195 1325 3470 1390 indusiati,
3521 1323 3579 1378 in

291 1418 520 1475 utiensis
564 1460 580 1486 ,
643 1420 696 1474 in
759 1421 873 1475 suis
940 1421 1006 1476 de
1069 1420 1440 1490 Scriptoribus
1496 1421 1890 1477 Ecclesiasticis
1991 1436 2222 1491 quorum
2261 1437 2489 1478 numero
2539 1431 2835 1495 aggregant
2884 1422 3080 1476 librum
3129 1420 3443 1491 praedictum
3471 1417 3579 1472 Ra-

290 1517 771 1589 ὑπομνιμονευμασι
823 1512 1177 1567 Ratramnum
1227 1513 1368 1569 inter
1416 1515 1710 1585 scriptores
1762 1529 1889 1570 vere
1992 1514 2211 1568 tramni.
2247 1532 2267 1565 ι
2301 1514 2413 1579 Sic,
2439 1515 2613 1584 inquit
2643 1513 2829 1570 Sixtus
2871 1512 3146 1573 Senensis,
3195 1510 3456 1582 proximis
3483 1523 3580 1562 an-

290 1604 415 1661 tidei
468 1621 535 1661 ac
588 1605 866 1662 catholicae
894 1604 1208 1660 defensores
1261 1603 1522 1672 referunt,
1575 1614 1630 1661 et
1661 1605 1777 1675 ejus
1818 1606 1887 1660 li-
1990 1605 2078 1661 nis
2127 1606 2491 1676 perniciosum
2544 1606 2949 1677 OEcolampadii
3011 1604 3262 1660 volumen
3315 1602 3581 1657 adversus

289 1703 451 1752 brum
482 1698 551 1753 de
580 1695 824 1770 Corpore
851 1707 906 1753 et
931 1697 1206 1768 Sanguine
1244 1699 1478 1764 Domini,
1522 1699 1885 1769 conscriptum
1989 1707 2388 1753 sacramentum
2421 1699 2666 1769 corporis
2691 1697 2892 1754 Christi
2922 1697 3267 1767 invulgarunt
3298 1694 3398 1750 sub
3422 1693 3579 1748 titulo

289 1788 441 1859 jussu
487 1789 671 1847 Caroli
701 1790 850 1847 Calvi
893 1791 1256 1862 imperatoris,
1283 1791 1411 1846 nulli
1460 1793 1750 1864 suspicioni
1779 1793 1888 1848 lue-
1990 1791 2259 1846 Bertrami
2290 1792 2592 1864 presbyteri
2624 1793 2690 1850 de
2715 1791 2954 1863 Corpore
2981 1800 3037 1847 et
3066 1790 3338 1863 Sanguine
3368 1786 3578 1845 Dumini

289 1883 430 1936 resis
471 1881 766 1938 obnoxium
816 1890 910 1938 aut
957 1884 1218 1940 adversus
1257 1885 1314 1940 S.
1357 1884 1707 1940 Paschasium
1750 1886 1885 1942 scri-
1911 1875 1960 1934 B
1988 1883 2055 1937 ad
2079 1882 2330 1939 Carolum
2359 1883 2630 1955 Magnum.
2659 1903 2677 1937 ι

289 1981 440 2044 ptum
469 1975 554 2030 vel
590 1975 876 2030 sententiae
904 1975 1158 2031 Ecclesiae
1187 1975 1466 2032 catholicae
1496 1976 1602 2032 ulla
1638 1992 1703 2032 ex
1733 1987 1886 2049 parte
2058 1976 2216 2033 Brevi
2249 1979 2511 2049 temporis
2535 1979 2764 2035 decursu
2786 1987 2907 2050 post
2938 1977 3151 2034 Sixtum
3194 1978 3489 2033 Senensem
3517 1975 3582 2031 i.-

291 2073 684 2135 repugnantem
732 2075 1038 2122 recensent.
1075 2065 1385 2122 Coutineuti
1434 2075 1695 2136 tempore,
1743 2068 1888 2124 solus
1988 2069 2346 2126 lustrissimus
2384 2070 2638 2126 Claudius
2667 2070 2997 2142 Espenceus,
3053 2085 3214 2142 quem
3271 2086 3368 2126 sua
3421 2075 3581 2124 aetate

289 2155 454 2226 hujus
476 2155 868 2213 lucubrationis
917 2159 1248 2215 mentionem
1276 2159 1407 2216 fecit
1439 2175 1543 2216 non
1577 2161 1650 2217 ita
1680 2163 1888 2233 pridem
1989 2161 2170 2217 nullus
2198 2164 2385 2218 doctor
2405 2163 2628 2219 scientia
2657 2172 2750 2218 aut
2793 2163 3096 2220 eruditione
3138 2162 3446 2219 Christiana
3493 2175 3582 2216 su-

291 2247 624 2320 perillustris
659 2246 897 2305 Joannes
935 2249 1243 2316 Fischerus,
1297 2251 1565 2309 Boll'ensis
1595 2254 1649 2308 in
1698 2253 1889 2325 Anglia
1989 2255 2220 2325 peravit,
2249 2255 2334 2310 his
2371 2253 2656 2310 affectibus
2702 2255 3102 2310 contaminatus
3133 2270 3238 2309 non
3297 2252 3400 2307 fuit
3445 2265 3582 2321 quos

291 2341 600 2412 episcopus,
631 2341 697 2395 ad
723 2341 1038 2412 dignitatem
1063 2343 1355 2398 cardinalis
1383 2354 1670 2416 provectus
1694 2345 1748 2400 in
1768 2361 1891 2401 car-
1991 2345 2092 2400 zeli
2127 2355 2182 2400 et
2203 2347 2468 2402 sermonis
2503 2346 2795 2402 Christiani
2840 2347 3056 2402 nomine
3096 2346 3341 2416 plerique
3391 2342 3586 2414 indigi-

293 2448 442 2498 cere,
466 2443 520 2488 et
551 2432 620 2487 ab
649 2431 882 2488 Henrico
901 2443 1116 2501 octavo,
1169 2434 1374 2508 Magnae
1403 2435 1695 2493 Britanniae
1740 2453 1886 2510 rege,
1993 2445 2130 2503 tant,
2180 2439 2336 2508 aquis
2392 2439 2565 2510 rapidi
2627 2437 2866 2495 ﬂuminis
2922 2440 3177 2510 abreptus
3227 2453 3286 2494 se
3337 2435 3587 2508 permisit

297 2527 484 2596 iniquo
524 2525 740 2581 homine
779 2535 835 2582 et
890 2527 1202 2594 mulieroso,
1235 2544 1332 2597 pro
1382 2528 1486 2585 fide
1534 2529 1798 2585 catholica
1835 2538 1891 2586 et
1973 2529 2189 2600 ‘quibus
2219 2530 2508 2586 immersus
2543 2531 2832 2588 videbatur
2872 2530 3198 2586 Ratramnus
3248 2530 3390 2584 inter
3414 2530 3586 2584 luere-

297 2618 614 2675 defensione
655 2617 950 2674 fortissima
977 2621 1124 2676 sedis
1147 2621 1454 2691 apostolicze
1479 2623 1657 2691 capite
1698 2622 1890 2692 plexus
1992 2625 2150 2680 ticos.
2181 2622 2312 2680 Cum
2344 2625 2488 2680 enim
2535 2626 2755 2680 sudaret
2807 2625 2992 2680 labore
3044 2623 3318 2680 exantlato
3365 2637 3584 2677 suorum

296 2713 478 2770 aetatis
501 2713 890 2783 octuagesimo,
924 2713 1064 2770 idem
1105 2714 1423 2784 opusculum
1451 2714 1737 2770 Ratramni
1760 2731 1888 2786 pro-
1994 2715 2061 2770 de
2086 2713 2419 2771 Adoratione
2459 2715 2819 2771 Eucharistize
2843 2716 3128 2780 librorum,
3153 2729 3288 2784 quos
3318 2722 3441 2784 post
3469 2711 3588 2767 obi-

300 2805 440 2861 didit
465 2805 520 2860 in
551 2805 986 2860 testiiicationem
1021 2806 1144 2860 ﬁdei
1184 2806 1465 2862 catholij
1489 2807 1556 2863 de
1604 2808 1892 2877 praesentia
1997 2815 2110 2860 tum
2137 2806 2336 2877 publici
2361 2807 2502 2876 juris
2536 2807 2664 2862 fecit
2699 2807 2924 2862 illustris
2967 2807 3157 2862 doctor
3185 2804 3457 2860 Gilbertus
3482 2804 3586 2860 Ge-

301 2898 549 2969 corporis
577 2907 634 2952 et
661 2897 940 2969 sanguinis
959 2898 1162 2953 Christi
1187 2899 1239 2953 in
1270 2899 1610 2955 Eucharistia
1630 2909 1685 2954 et
1717 2909 1892 2954 trans-
1997 2899 2318 2964 nebrardus,
2356 2899 2492 2955 libro
2519 2900 2608 2965 il,
2635 2900 2811 2970 capite
2840 2900 2926 2964 19,
2967 2900 3166 2955 multos
3217 2912 3429 2954 errores
3458 2912 3586 2952 con-

301 2990 778 3056 subs’tantiatione,
827 2991 880 3045 in
931 2993 1244 3062 praefatione
1270 2993 1390 3048 libri
1419 2994 1597 3062 quarti
1633 2994 1892 3050 Euchari-
1996 2996 2080 3043 tra
2128 2991 2286 3046 fidem
2331 2979 2385 3045 in
2435 2992 2536 3048 hoc
2588 2991 2928 3063 recognoscit
2974 2991 3254 3046 Ratramni
3308 2988 3586 3061 opusculo,

301 3085 419 3141 stis.-
448 3086 711 3140 adversus
735 3083 1212 3156 (Ecolampadium
1243 3102 1387 3141 anno
1413 3086 1572 3152 1526,
1616 3101 1710 3142 sex
1735 3087 1893 3142 annis
1993 3091 2278 3152 postquam
2327 3083 2696 3140 admonitione
2733 3085 2931 3154 praevia
2980 3084 3261 3141 adnotavit
3309 3093 3588 3140 auctorem

299 3179 524 3235 circiter
550 3188 838 3251 antequam
865 3180 1002 3252 typis
1032 3181 1286 3236 ederetur
1305 3179 1540 3236 Coloniae
1567 3196 1710 3237 anno
1733 3181 1889 3247 1552,
1928 3243 1965 3252 _
1996 3175 2117 3246 plus
2150 3175 2427 3246 implicare
2451 3178 2732 3233 materiam
2762 3187 2817 3234 et
2865 3178 3093 3235 salebris
3136 3179 3397 3234 intricare
3423 3191 3586 3247 quam

300 3273 388 3328 cui
418 3272 670 3343 adjunxit
711 3272 1058 3329 Paschasium
1095 3273 1242 3328 nullo
1290 3274 1603 3329 discrimine
1632 3275 1894 3330 doctrinae
1920 3243 1967 3307 ο
1999 3269 2236 3324 enodare
2265 3279 2320 3324 et
2351 3270 2661 3341 explicare:
2710 3271 2983 3327 concludit
3029 3286 3148 3327 esse
3175 3286 3312 3342 opus
3341 3268 3591 3340 supposi-

303 3364 562 3422 adducto.
617 3364 690 3420 At
728 3380 858 3421 vero
889 3381 1011 3420 cum
1053 3366 1288 3436 primum
1335 3365 1389 3420 in
1419 3365 1591 3421 lucem
1623 3365 1894 3437 publicam
2001 3361 2200 3426 tilium,
2243 3361 2398 3432 cujus
2422 3360 2756 3418 ltatramnus
2796 3361 3061 3434 genuinus
3087 3371 3276 3418 auctor
3305 3369 3398 3416 aut
3419 3359 3589 3433 gemi-

301 3455 530 3509 eductus
558 3468 642 3510 est
673 3455 872 3510 sudore
900 3453 1032 3526 preli
1063 3455 1453 3525 typographici,
1494 3442 1696 3511 sortem
1727 3456 1897 3511 incre-
1996 3471 2098 3509 nus
2125 3469 2247 3510 esse
2272 3471 2379 3510 non
2412 3457 2603 3526 potuit.

301 3545 542 3602 dihiliter
589 3548 796 3602 variam
847 3556 902 3604 et
951 3548 1263 3604 mutabilem
1304 3558 1561 3620 expertus
1589 3558 1716 3605 est:
1775 3565 1896 3619 quae
2073 3547 2412 3613 Sanctesins,
2464 3549 2750 3620 episcopus
2799 3548 3168 3613 Ebroicensis,
3224 3547 3317 3618 qui
3360 3547 3592 3603 fortibus

298 3634 443 3690 forte
493 3635 626 3690 nulli
689 3637 897 3692 auctori
951 3638 1223 3694 catholico
1284 3654 1513 3709 usquam
1571 3640 1893 3710 Contigerat.
1998 3645 2054 3690 et
2079 3636 2407 3709 fulgentibus
2435 3637 2603 3693 armis
2636 3639 2824 3695 eodem
2872 3639 3069 3695 sazculo
3112 3639 3374 3693 adversus
3422 3638 3592 3692 luere-

303 3730 564 3798 Qnamvis
591 3730 722 3784 nihil
743 3731 1085 3802 prtesel'erret
1132 3747 1439 3804 repugnans
1485 3743 1579 3787 aut
1609 3733 1894 3787 adversum
2001 3726 2138 3781 tinos
2167 3727 2450 3782 Veritatem
2475 3727 2734 3794 defendit,
2761 3730 3005 3784 eamdem
3057 3729 3213 3782 ἱηὶνίι
3241 3727 3587 3791 sententiam.

304 3821 527 3877 veritati
558 3820 862 3887 catholica,
909 3823 1053 3892 quod
1104 3838 1170 3878 ex
1223 3823 1324 3879 hac
1369 3823 1742 3878 lucubratione
1774 3824 1894 3890 tibi,
1999 3815 2438 3872 clRalramnum
2463 3826 2740 3874 auctorem
2773 3817 2997 3887 hujusce
3039 3818 3159 3874 libri
3202 3833 3321 3874 esse
3366 3835 3472 3874 non
3498 3834 3596 3890 po-

305 3911 501 3978 lector,
551 3911 709 3967 facile
763 3912 1096 3968 intellectum
1152 3913 1217 3968 iri
1276 3928 1381 3969 non
1411 3912 1740 3980 dubitamus,
1773 3931 1894 3970 cum
2002 3913 2170 3968 tuisse
2193 3913 2449 3968 tuendum
2471 3914 2665 3986 recipit
2689 3915 2924 3970 secunda
2948 3914 3270 3984 repetitione
3296 3914 3360 3970 de
3381 3913 3594 3970 Eucha-

303 4005 484 4060 studio
507 4013 564 4060 et
589 4020 722 4060 cura
744 4014 800 4061 et
835 4007 974 4078 typis
1004 4006 1427 4062 Protestantium
1449 4005 1894 4064 Germanicormn
2001 4006 2175 4069 ristia,
2207 4007 2382 4078 capite
2416 4006 2502 4061 14.

304 4099 506 4169 publici
539 4096 681 4168 juris
707 4098 882 4155 factus
919 4098 1104 4166 fuerit,
1137 4108 1389 4171 tanquam
1434 4116 1570 4170 opus
1593 4101 1737 4172 quod
1783 4100 1896 4156 suis
2074 4100 2258 4157 Eidem
2309 4101 2592 4157 sententiae
2635 4101 3014 4173 deputatorum
3057 4119 3347 4160 censorum
3375 4104 3595 4162 concilii

302 4191 780 4262 superstitionibus
811 4199 866 4247 et
900 4192 1226 4248 coitionibus
1250 4192 1540 4263 propitium
1589 4192 1691 4248 sibi
1721 4192 1894 4249 finxe-
2001 4193 2303 4249 Tridentini
2339 4195 2528 4249 annuit
2557 4195 2913 4251 libentissime
2939 4212 3184 4253 summus
3213 4196 3456 4268 pontifex
3481 4198 3600 4254 Cle-

305 4292 456 4346 runt,
483 4295 676 4337 omnes
702 4282 814 4338 fere
859 4283 962 4338 viri
1005 4283 1252 4350 litterati,
1303 4284 1486 4339 nescio
1519 4299 1626 4356 quo
1671 4293 1895 4340 veterno
2001 4303 2154 4342 mens
2179 4285 2308 4352 Vlll,
2343 4287 2646 4358 librumque
2670 4296 2728 4342 ut
2754 4289 3068 4344 haereticum
3096 4305 3319 4360 prorsus
3348 4291 3599 4360 repudia-

304 4375 574 4446 consopiti
599 4375 874 4442 catholici,
928 4376 1069 4432 datis
1096 4377 1277 4432 verbis
1332 4375 1754 4432 Protestantium
1788 4393 1894 4432 non
1998 4383 2098 4444 vit,
2129 4381 2352 4451 ejusque
2399 4380 2708 4436 decretorio
2749 4379 2956 4450 judicio
3003 4383 3597 4453 obtemperaruntcar—

306 4469 617 4523 abnuerunt
649 4476 703 4524 et
731 4469 913 4539 pravis
959 4469 1199 4524 consiliis
1229 4485 1335 4524 non
1365 4470 1712 4536 obstiterunt,
1735 4487 1895 4541 opns-
2001 4475 2208 4529 dinales
2238 4473 2618 4540 Bellarminus,
2651 4475 2909 4547 Quiroga,
2959 4474 3229 4532 Sandoval
3274 4485 3329 4532 et
3371 4477 3596 4532 Alanus.

304 4573 409 4629 que
447 4558 732 4615 Batramni
766 4560 913 4616 omni
941 4561 1190 4617 examine
1227 4562 1524 4634 postposito
1557 4572 1612 4618 et
1651 4561 1896 4638 ἅνακρισι
1926 4621 1976 4641 ἢ
2077 4568 2181 4624 Sed
2231 4567 2482 4624 doctores
2511 4569 2900 4633 Lovauienscs,
2947 4570 3073 4625 dicti
3132 4570 3288 4641 vulgo
3340 4569 3599 4640 Theologi

305 4651 514 4717 relicta,
542 4660 801 4723 tanquam
823 4669 958 4724 opus
985 4655 1240 4710 lueretica
1264 4655 1529 4725 pravitate
1557 4621 1896 4726 inquinaium
1926 4621 1978 4682 Β
2004 4663 2332 4728 Duacenses,
2367 4679 2508 4717 anno
2541 4662 2700 4727 157i,
2731 4678 2840 4732 quo
2866 4663 2972 4716 vita
3005 4621 3265 4733 Espencgi
3292 4661 3498 4716 calculo
3521 4621 3599 4715 [:-

304 4752 359 4799 et
385 4743 511 4799 dolo
559 4744 794 4816 maligno
843 4743 1263 4799 Proleslanlium
1312 4745 1612 4816 nimiopcl‘e
1663 4746 1898 4802 labrica-
2005 4753 2249 4809 borantis
2275 4753 2596 4824 stranguria:
2617 4752 2897 4809 doloribus
2919 4754 2971 4808 in
2997 4752 3164 4808 caelos
3193 4751 3439 4816 recessit,
3472 4768 3596 4807 cum

307 4841 418 4887 tum
450 4848 465 4888 :
497 4849 780 4906 perperam
829 4835 1080 4906 imposito
1107 4836 1322 4892 nomine
1376 4837 1656 4906 scriptoris
1712 4839 1899 4895 catho-
2007 4843 2167 4898 indici
2196 4843 2456 4898 librorum
2489 4844 2884 4912 probibitorum
2914 4844 2967 4898 in
2995 4843 3176 4914 Belgio
3221 4843 3604 4899 incumberent

307 4924 392 4982 lici
426 4939 485 4982 ut
509 4926 720 4983 facilius
750 4927 1142 4985 intoxicatione
1169 4929 1344 4986 celata
1387 4946 1654 4988 venenum
1707 4933 1893 5004 propi-
2004 4935 2354 5007 perficiendo,
2388 4952 2544 5007 posse
2570 4937 2713 4992 hunc
2743 4936 2962 5000 librum,
2992 4935 3244 4990 admissis
3276 4935 3601 5006 quibusdam

307 5028 520 5074 narent.
2007 5029 2496 5094 emendationibus,
2553 5029 2669 5100 lege
2703 5028 3078 5099 prohibitionis
3129 5028 3318 5094 eximi,
3374 5045 3474 5084 nec
3508 5029 3603 5084 de-

375 5112 878 5180 Verumenimvero,
934 5130 1188 5172 censores
1235 5132 1265 5172 a
1313 5119 1542 5175 concilio
1579 5119 1897 5176 Tridentino
2007 5122 2134 5176 bere
2168 5120 2310 5176 inter
2343 5121 2714 5191 supposititios
2737 5119 3032 5185 recenseri,
3073 5127 3262 5174 contra
3307 5135 3466 5188 quam
3515 5117 3600 5174 fas

307 5204 548 5276 deputati
581 5221 724 5262 anno
757 5207 890 5262 1559
915 5209 982 5263 ad
1031 5225 1258 5266 examen
1291 5211 1552 5268 librorum
1599 5231 1736 5285 quos
1773 5215 1898 5286 jure
2005 5223 2087 5269 est
2123 5214 2286 5268 etiam
2313 5213 2394 5267 eis
2422 5210 2680 5281 injuriose
2702 5210 3087 5281 imponeretur.
3120 5209 3177 5266 Si
3209 5210 3332 5281 quis
3355 5211 3456 5265 sibi
3481 5224 3603 5280 per-

307 5297 504 5352 merito
541 5311 664 5352 esse
684 5299 1046 5368 prohibendos
1073 5299 1261 5357 Patres
1295 5302 1706 5370 existimabant,
1752 5305 1898 5360 hunc
2006 5309 2261 5363 suaderet
2310 5307 2596 5378 praedictos
2637 5305 2826 5378 Belgas
2883 5305 3194 5375 percontari
3255 5304 3490 5360 voluisse
3544 5314 3602 5376 et

306 5390 505 5446 librum
534 5391 588 5445 iit
619 5390 863 5463 catalogo
889 5392 1226 5449 collocarunt
1252 5403 1307 5450 et
1342 5395 1486 5449 inter
1533 5411 1697 5466 opera
1731 5412 1894 5467 prava
2005 5403 2248 5473 quaedam
2281 5401 2396 5457 loca
2438 5401 2727 5457 emendare
2767 5408 2826 5454 ut
2873 5400 3063 5455 deletis
3109 5399 3428 5469 quibusdam
3455 5411 3602 5468 quae-

308 5483 642 5555 relegarunt,
680 5485 922 5554 adeoque
948 5485 1108 5542 hodie
1135 5487 1186 5541 itt
1210 5487 1311 5543 hoc
1334 5487 1508 5543 indice
1549 5488 1776 5545 incurrit
1801 5507 1897 5546 nu-
2005 5493 2128 5548 dam
2159 5508 2294 5547 nova
2341 5492 2458 5548 loco
2494 5499 2885 5562 expunctorum
2931 5493 3221 5546 verborum
3273 5491 3340 5544 ad
3385 5491 3598 5545 libitum

307 5592 459 5634 mero
484 5577 539 5640 5,
573 5578 674 5634 sub
704 5579 922 5635 nomine
955 5579 1219 5635 Bertrami
1254 5580 1339 5636 his
1368 5583 1643 5652 conceptis
1667 5582 1847 5639 verbis
1880 5601 1893 5639 :
2008 5595 2465 5658 aggregarentur:
2497 5585 2694 5656 quippe
2727 5584 2883 5640 facile
2917 5584 2990 5638 sit
3017 5583 3315 5656 intelligere
3344 5598 3436 5639 eos
3467 5583 3602 5637 nihil

309 5667 573 5725 Bertrami
602 5671 735 5726 liber
753 5671 844 5743 qui
877 5673 1182 5728 inscribitur
1214 5673 1278 5729 de
1305 5672 1534 5745 Corpore
1556 5685 1604 5730 et
1633 5673 1901 5748 Sanguine
2011 5680 2154 5736 aliud
2182 5681 2233 5737 in
2262 5681 2441 5736 animo
2469 5680 2720 5736 habuisse
2751 5695 2912 5750 quam
2936 5679 3225 5736 emendare
3253 5689 3306 5733 et
3327 5678 3602 5750 corrigere

312 5761 544 5819 Domini.
575 5763 850 5835 Ejusmodi
883 5783 1174 5824 censorum
1197 5765 1458 5836 judicium
1497 5767 1599 5824 fuit
1623 5770 1902 5827 continen—
2011 5790 2147 5846 Opus
2173 5790 2291 5832 esse
2338 5792 2401 5833 ea
2441 5794 2562 5849 qum
2603 5779 2734 5834 viris
2781 5779 2951 5850 {equis
2995 5786 3050 5834 et
3080 5777 3336 5833 litteratis
3372 5785 3428 5831 et
3475 5790 3602 5846 pru-

310 5863 394 5911 ter
423 5857 574 5915 aPio
601 5858 669 5914 ιγ
694 5860 948 5931 pontifice
974 5861 1215 5918 maximo
1235 5863 1652 5935 promulgatum.
2016 5867 2266 5925 dentibus
2316 5871 2619 5928 necessaria
2679 5878 2734 5926 et
2783 5871 3144 5926 conducibilia
3191 5871 3256 5926 ad
3303 5867 3600 5927 faciliorem

725 5953 976 6018 Pauor.
1051 5954 1285 6020 CXXI.
1769 5949 1782 5962 ’
2156 6017 2190 6036 ,,

1769 5949 1782 5962 ’
2156 6017 2190 6036 ,,
2401 6022 2432 6034 Ἰ,
3131 5969 3167 6023 [ι
