4088 6344
491 366 594 422 107

1537 357 1894 417 RATRAMNI
1934 359 2383 416 GOBBEIENSIS
2423 356 2746 415 MONACHI

3661 351 3762 410 108

492 487 672 534 textus
699 477 940 533 auctoris
966 475 1369 546 intelligentiam
1419 483 1473 528 et
1513 489 1728 529 sensum
1772 474 2072 544 percipien-
2099 479 2147 539 Α
2177 474 2278 529 lico
2325 488 2476 529 more
2506 483 2559 529 ct
2589 473 2729 544 stylo
2769 472 3071 528 orthodoxo
3119 469 3377 542 exprimit
3412 478 3467 524 et
3505 467 3760 538 explicat.

489 572 615 627 dum
644 569 998 625 viderentur:
1051 567 1202 622 verbi
1242 566 1435 636 gratia,
1491 564 1778 637 legendum
1825 581 1948 621 esse
1976 581 2076 619 nu-

490 675 639 718 mero
664 659 756 726 47,
809 657 1133 714 invisibiliter
1159 665 1211 711 et
1250 672 1354 710 non
1384 655 1688 710 visibiliter:
1744 657 1884 712 hanc
1929 657 2075 711 enim

489 755 923 812 emendationem
981 752 1113 806 adeo
1141 759 1496 820 opportunam
1531 749 1848 819 judicarunt
1889 749 2076 805 Prote-

489 856 695 906 stantcs
748 855 805 899 ut
849 860 970 899 eam
1025 843 1254 897 libenter
1305 842 1622 898 admiserint
1648 843 1699 898 in
1749 843 2076 899 editionibus

488 937 783 994 Basileensi
827 933 1200 990 consectaneis
1229 934 1354 987 anni
1388 931 1521 987 1557
1550 951 1561 986 :
1621 933 1672 986 hi
1697 933 1861 987 etiam
1892 932 2075 988 docto-

489 1046 577 1087 res
608 1043 881 1099 nunquam
931 1027 1030 1082 sibi
1080 1036 1466 1098 persuaserunt
1495 1027 1698 1080 dandos
1723 1033 1776 1079 et
1805 1024 2076 1095 applican-

487 1125 585 1179 dos
610 1136 731 1177 esse
753 1136 945 1176 sensus
976 1120 1257 1175 sententia:
1286 1118 1444 1188 hujus
1474 1117 1715 1172 auctoris
1739 1118 1995 1172 adversos
2021 1124 2076 1171 et

487 1224 848 1288 repugnantes
887 1215 956 1270 iis
979 1231 1114 1284 quos
1147 1215 1354 1280 habuit,
1387 1229 1510 1270 cum
1553 1215 1601 1270 ei
1632 1214 1942 1270 commodos
1981 1229 2077 1269 seu

485 1305 926 1364 accommodatus
969 1321 1089 1361 esse
1113 1307 1318 1362 dandos
1341 1317 1708 1371 censuerunt;
1743 1305 1819 1359 uti
1845 1305 2002 1375 plane
2023 1313 2079 1360 et

487 1395 725 1468 perfecte
779 1396 1177 1452 demonstravit
1226 1397 1570 1452 doctissimus
1605 1394 1811 1451 Jesuita
1841 1395 2077 1450 lacobus

483 1491 793 1555 Gretzerus,
852 1492 906 1546 in
934 1491 1172 1546 secundo
1195 1489 1331 1545 libro
1359 1491 1424 1545 de
1465 1490 1593 1545 Jure
1617 1498 1672 1544 et
1703 1489 1857 1544 Modo
1889 1489 2075 1558 probi-

485 1585 643 1640 bendi
673 1583 839 1639 libros
857 1584 1051 1649 malos,
1079 1583 1255 1654 capite
1271 1583 1337 1636 10
1353 1591 1540 1638 contra
1558 1581 1798 1644 Junium,
1813 1597 1932 1651 pag.
1948 1579 2076 1644 327,

485 1680 734 1746 impress.
790 1677 1099 1750 lngolstadii
1154 1691 1296 1730 anno
1352 1673 1504 1728 1605.
1570 1672 1694 1728 Haac
1753 1672 1884 1727 nihil
1931 1671 2078 1725 aliud

485 1770 796 1840 significant
819 1768 920 1823 nisi
949 1767 998 1822 ei
1031 1766 1409 1822 ascribendum
1437 1773 1491 1818 et
1523 1765 1779 1819 tuendum
1807 1778 1926 1818 esse
1955 1777 2078 1817 sen-

2182 567 2287 623 Sed
2328 567 2592 636 ejusmodi
2631 567 2845 638 generis
2869 566 3060 639 agendi
3093 565 3302 620 ratione
3330 578 3433 620 non
3465 573 3611 619 esset
3636 579 3767 620 usus

2179 662 2468 718 cardinalis
2495 661 2790 719 Perronius
2818 662 2863 718 si
2890 662 3062 734 magis
3090 669 3242 719 certa
3269 659 3548 728 voluntate
3575 669 3632 715 et
3660 675 3774 716 me-

2179 755 2441 812 ditatione
2483 764 2717 812 mentem
2751 771 2983 828 ruspans
3022 757 3090 811 ad
3135 756 3239 812 hoc
3286 754 3560 825 negotium
3598 753 3768 824 appli-

2179 854 2376 901 casset.
2428 845 2611 902 Facile
2655 847 2802 902 enim
2851 855 3002 903 tanto
3040 855 3098 902 et
3140 856 3252 902 tam
3299 846 3516 902 excelso
3559 844 3772 902 doctori

2181 939 2371 994 fuisset
2394 939 2828 995 animadvertere
2854 939 3076 1008 hujusce
3105 939 3346 994 auctoris
3370 939 3612 994 animum
3639 955 3776 995 neu-

2181 1032 2384 1102 tiquam
2433 1033 2695 1088 inclinare
2731 1033 2799 1088 ad
2839 1033 3335 1104 recognoscendam
3379 1033 3676 1088 solitariam
3717 1034 3777 1088 in

2183 1121 2524 1178 Eucharistia
2578 1123 2802 1195 figuram
2854 1124 3099 1195 corporis
3133 1134 3190 1179 et
3227 1125 3506 1196 sanguinis
3545 1123 3776 1192 Christi,

2183 1216 2383 1270 nullam
2412 1231 2543 1271 vero
2569 1215 2687 1284 ejus
2712 1217 2996 1273 veritatem
3039 1227 3132 1273 aut
3172 1233 3356 1274 veram
3405 1219 3776 1288 praesentiam,

2181 1305 2324 1374 quod
2364 1305 2576 1373 subiicit
2597 1321 2719 1376 pag.
2758 1306 2866 1361 672
2899 1307 3079 1378 operis
3107 1308 3174 1362 de
3202 1307 3566 1372 Eucharistia,
3597 1309 3780 1380 ipsum

2183 1411 2312 1452 vero
2340 1396 2697 1452 Ratramnum
2726 1413 2951 1468 prorsus
2993 1398 3120 1454 huic
3160 1398 3402 1468 opinioni
3432 1414 3774 1470 repugnare;

2181 1490 2323 1559 quod
2357 1489 2656 1562 intelligere
2689 1489 2805 1545 fore
2831 1489 3148 1545 facillimum
3184 1503 3290 1546 non
3317 1491 3506 1546 dubito
3529 1508 3597 1548 ex
3624 1500 3779 1548 textu

2184 1582 2518 1652 autographo
2564 1591 2620 1634 ct
2666 1582 3107 1637 adnotationibus
3133 1589 3189 1636 et
3215 1581 3336 1638 aliis
3367 1581 3618 1639 vindiciis
3643 1599 3778 1638 con-

2184 1682 2266 1728 tra
2295 1671 2511 1728 Patrem
2544 1671 2877 1726 Harduinum
2909 1672 3178 1729 adiunctis
3203 1682 3258 1729 et
3291 1673 3345 1728 in
3372 1674 3478 1730 hoc
3505 1673 3786 1731 volumine

2185 1769 2432 1818 recenter
2462 1761 2641 1816 editis.

484 1861 892 1916 sum'Ecclesiae
917 1860 1214 1922 catholicae,
1263 1874 1292 1911 a
1335 1871 1442 1928 quo
1475 1873 1661 1912 revera
1692 1855 1920 1911 alienior
1968 1870 2075 1910 non
2106 1851 2151 1910 Β
2249 1856 2318 1910 At
2364 1871 2492 1911 vero
2543 1871 2667 1911 cum
2721 1869 2948 1926 magnus
3007 1856 3088 1910 vir
3140 1855 3344 1927 passim
3396 1855 3610 1914 audiret
3657 1871 3786 1912 car-

484 1953 728 2018 videtur,
789 1952 869 2007 uti
924 1950 1221 2023 intelligere
1261 1949 1416 2004 facile
1461 1948 1568 2002 erit
1617 1965 1683 2002 ex
1738 1949 2076 2018 autographo

486 2050 633 2102 textu
680 2044 874 2100 Latino
920 2044 1038 2098 libri
1077 2043 1381 2107 Ratramni,
1433 2041 1761 2096 adversariis
1791 2040 1992 2095 nostris
2021 2048 2079 2094 et

486 2138 735 2193 vindiciis
785 2136 980 2206 quibus
1024 2135 1283 2190 adversus
1330 2134 1544 2189 Patrem
1594 2132 1949 2197 llarduinum,
1991 2149 2077 2187 so-

482 2230 625 2285 cium
676 2227 994 2284 lesuiticum
1021 2267 1036 2292 ,
1094 2227 1290 2282 librum
1328 2226 1624 2280 Ratramno
1672 2243 1765 2280 seu
1793 2225 2077 2281 Bertramo

483 2320 802 2392 presbytero
825 2320 1092 2374 monacho
1121 2317 1351 2372 abbatize
1404 2326 1671 2372 assertum
1709 2316 1776 2369 ab
1806 2316 1952 2370 omni
1981 2331 2078 2371 no-

483 2415 666 2470 vitatis
699 2423 790 2469 aut
819 2413 1044 2468 haeresis
1070 2412 1393 2466 Lutberanae
1414 2423 1506 2465 aut
1537 2409 1866 2466 Calvinianae
1894 2413 2080 2464 inven-

483 2507 629 2562 tione
671 2517 764 2561 aut
793 2506 1098 2577 suSpicione
1127 2514 1341 2559 tuemur
1373 2513 1428 2558 et
1461 2503 1820 2559 defendimus.
1873 2503 2077 2557 Doctus

481 2611 539 2653 et
588 2599 779 2653 doctor
835 2595 1164 2651 Sorbonicus
1211 2594 1585 2658 Generardus,
1641 2593 2079 2664 archiepiscopus

481 2689 772 2759 Aquensis,
801 2687 892 2756 qui
921 2695 1209 2754 antequam
1252 2685 1475 2754 hujusce
1515 2685 1718 2756 negotii
1748 2685 1958 2739 viscera
1987 2699 2078 2745 pe-

483 2791 774 2847 netrasset,
799 2781 854 2836 in
880 2798 977 2836 suo
1001 2781 1272 2837 Chronico
1306 2779 1662 2834 Ratramnum
1692 2779 1833 2833 inter
1862 2777 2078 2832 basreli-

482 2890 576 2931 cos
605 2875 732 2930 noni
782 2873 962 2928 saeculi
994 2873 1372 2936 collicaverat,
1426 2873 1602 2928 locum
1627 2872 1676 2926 ei
1722 2869 2079 2926 honorificum

487 2981 592 3021 non
617 2963 902 3034 denegavit
937 2962 1079 3017 inter
1114 2962 1428 3017 defensores
1458 2960 2080 3016 tr:mssubstantiationis

485 3073 629 3114 anno
662 3057 819 3113 1215.
857 3056 992 3110 Eum
1041 3055 1288 3119 sulcum,
1340 3055 1392 3109 in
1422 3055 1633 3110 erudito
1690 3053 1912 3123 pulvere
1941 3053 2080 3106 anti-

484 3149 708 3221 quitatis
739 3147 841 3204 sibi
871 3146 1146 3201 diductum
1199 3162 1227 3198 a
1276 3145 1592 3200 doctoribus
1623 3143 2075 3210 Lovaniensibus,

2181 1948 2390 2011 dinalis,
2437 1957 2491 2002 et
2541 1949 2730 2019 ingens
2774 1949 3046 2019 ingentem
3094 1961 3413 2018 personaret
3452 1950 3603 2006 orbis
3631 1949 3776 2006 Per-

2183 2040 2418 2105 ronium,
2447 2037 2564 2108 ejus
2599 2039 2887 2096 sententiae
2917 2040 3096 2096 nullus
3138 2042 3421 2098 doctorum
3463 2041 3783 2097 mortalium

2180 2131 2418 2186 abnuere
2453 2147 2619 2187 ausus
2657 2141 2761 2198 est,
2805 2133 3106 2202 praesertim
3142 2133 3195 2189 in
3225 2133 3398 2190 Gallia
3434 2146 3644 2197 nostra,
3685 2134 3789 2192 ubi

2183 2224 2458 2280 versiones
2515 2225 2736 2280 Gallica:
2775 2225 2805 2280 ὲ
2849 2225 3281 2283 Protestantibus
3319 2227 3474 2283 facte
3513 2230 3582 2286 ab
3629 2245 3784 2287 anno

2183 2315 2320 2370 1558
2347 2317 2412 2370 ad
2444 2331 2646 2371 annum
2685 2317 2824 2372 1600
2860 2333 3059 2389 genere
3083 2330 3137 2374 et
3166 2321 3326 2376 modo
3355 2321 3790 2378 Protcstantiuln

2185 2407 2496 2462 fictionibus
2521 2407 2676 2462 valde
2707 2409 2962 2478 propitio,
3005 2425 3110 2465 non
3144 2409 3335 2467 leviter
3361 2413 3704 2469 contulerunt
3727 2423 3792 2470 et

2183 2495 2534 2566 profecerunt
2559 2498 2625 2552 ad
2652 2499 3086 2567 persuadendum
3123 2499 3375 2556 omnibus
3408 2501 3520 2557 fere
3548 2505 3790 2560 homini-

2181 2587 2284 2644 bus
2335 2586 2567 2641 incautis
2617 2596 2671 2640 et
2734 2588 3037 2645 studiorum
3090 2589 3309 2648 levitate
3361 2593 3790 2651 inconsideratis

2183 2680 2329 2735 hunc
2365 2679 2686 2749 scriptorem
2718 2679 2884 2736 fuisse
2913 2682 3174 2737 doctrina:
3203 2683 3463 2741 Ecclesia:
3491 2687 3789 2746 catholica:

2183 2771 2471 2826 adversum
2515 2780 2572 2824 et
2615 2771 3018 2842 detorquendos
3048 2772 3185 2828 alios
3220 2788 3288 2830 ne
3326 2777 3561 2852 ἆνάκρωι
3592 2777 3791 2834 docto—

2183 2880 2302 2919 rum
2350 2863 2765 2920 Lovaniensium
2813 2872 2923 2920 tam
2955 2863 3118 2933 justae
3143 2882 3306 2937 quam
3327 2869 3556 2923 erudita:
3575 2885 3791 2926 annue-

2185 2964 2326 3010 rent.
2375 2955 2476 3010 llic
2519 2953 2690 3010 ferme
2735 2954 2836 3010 fuit
2869 2971 3029 3012 casus
3054 2973 3148 3011 seu
3175 2972 3294 3013 sors
3323 2958 3615 3029 singularis
3654 2959 3790 3017 libri

2183 3046 2470 3102 Ratramni
2496 3046 2564 3102 de
2592 3062 2820 3118 corpore
2848 3057 2902 3103 et
2929 3049 3192 3120 sanguine
3231 3049 3444 3105 Domini
3469 3051 3538 3105 ad
3573 3066 3788 3107 annum

2186 3140 2346 3206 1655,
2393 3156 2499 3210 quo
2547 3141 2892 3196 doctissimus
2938 3142 3304 3212 professorum
3354 3142 3784 3200 Sorbonicorum

488 3219 887 3312 ingeminarunt
918 3234 1214 3307 Gregorius
1254 3237 1320 3290 de
1352 3234 1619 3298 Valentia,
1660 3234 1894 3289 Jacobus
1924 3234 2078 3289 Gret-
2107 3219 2152 3281 C
2183 3233 2417 3290 Jacobus
2451 3233 2807 3288 Samboevius
2848 3233 2900 3288 in
2937 3249 2994 3288 se
3019 3235 3226 3306 recepit
3261 3234 3627 3292 defensionem
3655 3237 3791 3294 libri

487 3347 665 3396 serus,
724 3329 990 3385 Antonius
1037 3327 1386 3389 Possevinus,
1415 3325 1657 3391 Jesuitaa,
1691 3324 1944 3379 Nicolaus
1973 3325 2080 3380 Ro-

488 3437 659 3487 meus,
715 3419 1001 3496 prgfectus
1052 3418 1320 3490 generalis
1354 3415 1850 3472 Do'minicanormn.
1901 3417 1964 3470 Et
1999 3433 2078 3472 rc-

487 3531 614 3570 vera
666 3512 859 3568 Petrus
906 3511 1114 3564 Alixius
1162 3510 1302 3565 inter
1357 3509 1636 3564 ministros
1680 3508 2078 3577 superstitionis

486 3607 814 3662 Calvinianae
851 3605 1087 3675 quandiu
1131 3605 1182 3660 in
1221 3603 1409 3660 Galliis
1448 3603 1722 3667 substitit,
1747 3604 1894 3657 oumi
1925 3618 2080 3658 exce-

487 3701 670 3769 ptione
695 3697 886 3768 major,
919 3711 1203 3766 perperam
1229 3696 1364 3751 dixit
1390 3696 1442 3750 in
1482 3695 1835 3766 responsione
1885 3695 1952 3749 ad
1978 3693 2080 3747 Pa-

488 3806 626 3852 trem
652 3793 828 3858 Paris,
871 3793 1187 3847 canonicum
1221 3791 1518 3862 regularem
1553 3790 1767 3845 Sanctae
1792 3787 2080 3845 Genuvcfaa

486 3890 829 3951 Parisiensis,
880 3904 1002 3958 pag.
1033 3889 1089 3952 7,
1111 3888 1251 3942 hanc
1274 3887 1464 3956 agendi
1500 3887 1762 3941 rationem
1794 3883 2078 3939 doctormn

488 3979 904 4036 Lovaniensium
966 3993 1187 4048 prorsus
1235 3992 1352 4032 esse
1397 3984 1853 4046 supervacaneam
1912 3974 1980 4028 ab
2012 3989 2079 4029 eo

489 4085 737 4144 tempore
774 4087 881 4142 quo
932 4070 1136 4126 inventi
1187 4079 1311 4125 sunt
1345 4071 1395 4124 in
1448 4069 1580 4124 locis
1628 4068 1766 4123 haud
1813 4067 2078 4136 suspe:~tis

488 4166 650 4236 hujus
683 4165 922 4221 auctoris
949 4165 1164 4220 codices
1203 4163 1554 4232 manuscripti
1600 4161 1759 4231 plane
1782 4161 2078 4217 concordes

489 4257 770 4327 impressis
822 4265 877 4311 et
903 4254 1121 4327 gemini,
1174 4269 1296 4310 cum
1353 4269 1420 4308 ex
1468 4253 1694 4306 adverso
1743 4266 1808 4306 ex
1844 4249 2076 4304 inventis

489 4347 1045 4421 ejusmodicodicibus
1067 4346 1450 4416 Inanuscriptis
1471 4344 1804 4400 intellectum
1829 4351 1912 4398 est
1937 4344 2078 4396 hunc

488 4451 768 4497 auctorem
802 4454 907 4494 non
958 4453 1079 4495 esse
1127 4436 1494 4494 adversarium
1541 4445 1633 4490 aut
1687 4445 2077 4506 repugnantem

488 4533 804 4598 Paschasio,
831 4545 930 4586 nec
953 4531 1276 4585 abnuentem
1304 4529 1562 4585 doctrina:
1591 4529 1870 4585 catholica:
1899 4528 2078 4583 Eccle-

489 4627 602 4683 siae.
655 4625 912 4694 Equidem
964 4623 1076 4678 scio
1100 4620 1426 4678 cardinalem
1452 4621 1795 4687 Perronium,
1843 4623 1932 4691 qui
1979 4622 2077 4676 hos

489 4721 703 4777 codices
764 4719 1162 4788 manuscriptos
1221 4714 1381 4786 plane
1433 4715 1730 4770 concordes
1793 4730 1917 4770 cum
1979 4715 2079 4770 im-

487 4815 690 4887 pressis
726 4822 1096 4885 reputaverat,
1137 4811 1212 4865 uti
1243 4809 1578 4864 intellexerat
1609 4824 1675 4863 ex
1699 4807 1886 4863 codice
1918 4808 2077 4863 valde

488 4908 798 4965 authentico
821 4916 878 4962 et
905 4906 1239 4977 autographo
1262 4903 1599 4959 bibliothecae
1626 4901 1946 4956 nobilissimi
1973 4899 2076 4954 viri

483 4995 672 5055 Jacobi
699 4997 860 5054 Giloti
904 4995 1236 5052 sacrosancti
1285 4993 1466 5050 sacelli
1515 4992 1838 5048 Parisiensis
1883 4989 2076 5044 Palatii

486 5088 758 5153 canonici,
806 5095 860 5143 et
904 5086 1268 5158 augustissimi
1312 5093 1534 5140 senatus
1567 5083 1890 5138 Parisiensis
1921 5097 2079 5136 sena-

485 5181 640 5246 toris,
694 5178 852 5234 amici
902 5177 1000 5240 sui,
1031 5178 1122 5247 qui
1161 5177 1297 5232 obiit
1337 5191 1477 5231 anno
1518 5175 1687 5235 1618,
1724 5189 1883 5243 quem
1912 5172 2076 5226 etiam

485 5273 632 5328 Isaac
677 5271 1028 5327 Casaubonus
1077 5268 1284 5324 viderat
1327 5277 1381 5322 et
1428 5267 1754 5338 perviderat,
1809 5274 1868 5318 ut
1910 5262 2078 5319 refert

485 5364 738 5421 Usserius
764 5363 942 5434 capite
970 5363 1005 5417 2
1035 5362 1104 5418 de
1126 5361 1481 5417 Successione
1507 5358 1898 5421 Ecclesiarum,
1929 5355 1956 5428 §
1983 5357 2072 5423 18,

485 5473 590 5512 non
624 5456 898 5512 dubitasse
935 5454 1094 5524 hujus
1120 5454 1241 5509 libri
1269 5462 1544 5507 auctorem
1568 5465 1687 5506 esse
1716 5450 2069 5503 Ratramnum

483 5561 745 5616 nostrum,
797 5566 958 5622 quem
1011 5558 1190 5604 tamen
1244 5548 1382 5602 inter
1432 5546 1715 5601 luereticos
1767 5544 2072 5612 relinquere

481 5660 588 5700 non
635 5645 841 5710 abnuit,
895 5654 949 5698 et
999 5642 1171 5696 dubiae
1219 5641 1339 5695 fidei
1384 5640 1730 5710 scriptorem,
1762 5638 1853 5707 qui
1890 5637 2068 5692 dedita

482 5751 644 5807 opera
670 5737 1030 5809 cogitationes
1052 5750 1179 5788 suas
1207 5733 1454 5788 obscuris
1483 5740 1538 5786 et
1570 5731 1862 5788 salebrosis
1893 5731 2072 5786 verbis

480 5830 680 5886 t’cculit
708 5839 764 5887 et
793 5844 984 5885 sensus
1015 5827 1296 5883 haereticos
1339 5825 1612 5895 conceptis
1653 5825 1834 5880 verbis
1884 5825 2071 5880 catho-

2103 4584 2156 4645 D

2173 3325 2426 3394 praedicti
2460 3325 2512 3378 in
2538 3333 2772 3380 tractatu
2807 3325 2874 3381 de
2900 3325 3264 3390 Eucharistia,
3308 3326 3462 3398 cujus
3497 3329 3792 3384 enodatio-

2183 3431 2278 3471 nes
2322 3415 2626 3471 resolvebat
2667 3417 2733 3470 ad
2775 3426 3012 3472 mentem
3057 3419 3428 3490 theologorum
3479 3420 3790 3476 Lovanien-

2182 3509 2320 3563 sium
2355 3509 2408 3562 in
2441 3507 2641 3562 scholis
2675 3506 2996 3564 Sorbonicis
3023 3525 3165 3565 anno
3195 3511 3472 3580 praedicto,
3511 3512 3786 3582 plerisque

2182 3601 2331 3656 urbis
2367 3599 2696 3656 Parisiensis
2732 3599 3074 3656 auditoribus
3103 3603 3532 3672 approbantibus
3565 3612 3622 3657 et
3652 3603 3778 3657 infi-

2182 3692 2313 3748 nitis
2349 3691 2470 3747 aliis
2498 3691 2778 3762 propalam
2810 3692 3211 3762 plaudentibus.
3242 3692 3644 3750 lllustrissimus
3672 3693 3775 3749 Pe-

2184 3796 2300 3840 trus
2325 3787 2391 3840 de
2417 3785 2617 3852 Marce,
2657 3786 2742 3840 his
2765 3785 2956 3842 diebus
2983 3786 3426 3857 archiepiscopus
3453 3786 3776 3853 Tolosanus,

2183 3879 2496 3950 designatus
2549 3893 2578 3932 a
2629 3893 2754 3948 rege
2811 3877 3280 3935 Christianissimo
3331 3880 3777 3951 archiepiscopus

2181 3971 2503 4026 Parisiensis
2535 3980 2591 4025 et
2616 3988 2646 4024 a
2674 3987 2886 4027 summo
2916 3971 3169 4042 pontifice
3197 3971 3356 4028 bullis
3390 3973 3774 4037 confirmatus,

2183 4063 2326 4117 nulla
2374 4062 2717 4134 possessione
2765 4064 2960 4135 adepta
3014 4073 3261 4121 mortuus
3321 4074 3442 4120 est:
3475 4064 3781 4121 continenn'

2184 4165 2426 4225 tempore
2475 4157 2704 4210 tentavit
2744 4171 2883 4213 nova
2933 4158 3142 4212 ratione
3183 4166 3241 4213 et
3285 4158 3371 4212 via
3415 4167 3474 4212 ut
3504 4157 3778 4213 celebrem

2185 4249 2329 4303 hunc
2375 4248 2696 4318 scriptorem
2739 4249 2867 4304 noni
2911 4249 3092 4306 saeculi
3125 4251 3194 4304 ab
3238 4249 3446 4305 insidiis
3470 4258 3525 4306 et
3548 4250 3780 4306 salebris

2183 4341 2377 4412 quibus
2429 4342 2783 4398 intricabatur
2834 4343 3112 4408 liberaret,
3166 4340 3320 4412 cujus
3364 4343 3619 4413 opuscula
3667 4343 3779 4400 duo

2181 4434 2627 4505 praestantissima
2670 4433 2736 4488 de
2782 4432 3266 4491 Prmdestinatione
3313 4442 3440 4490 ante
3472 4450 3564 4489 sex
3603 4449 3779 4492 annos

2182 4527 2382 4597 publici
2423 4526 2564 4597 juris
2615 4524 2820 4581 fecerat
2867 4525 3202 4581 clarissimus
3243 4527 3410 4582 curiae
3459 4528 3778 4584 monetarize

2183 4633 2382 4688 praeses
2427 4617 2782 4689 Mauguinus;
2833 4618 2933 4673 hoc
2979 4632 3108 4673 vero
3147 4619 3336 4674 eodem
3367 4633 3510 4673 anno
3539 4627 3778 4688 quatuor

2181 4713 2437 4769 emiserat
2471 4712 2698 4783 insignis
2725 4710 2924 4780 pietate
2957 4718 3013 4767 et
3049 4710 3279 4766 scientia
3306 4709 3588 4782 theologus
3611 4710 3771 4768 dom-

2182 4824 2282 4864 nus
2331 4806 2506 4862 Lucas
2561 4805 2856 4861 Dacherius
2906 4805 2972 4860 ad
3027 4804 3408 4862 refutationem
3455 4805 3775 4865 Graecorum

2183 4905 2310 4951 tom.
2342 4895 2382 4950 ll
2407 4895 2700 4966 Spicilegii.

2265 4988 2411 5044 Nova
2477 4990 2613 5044 ratio
2671 4990 2881 5044 tuendae
2951 4989 3195 5045 veritatis
3249 4990 3315 5044 de
3365 4990 3469 5045 hoc
3521 4989 3772 5044 Ratram-

2182 5083 2233 5136 ui
2295 5081 2473 5136 libello
2515 5081 2833 5152 intelligitur
2875 5097 2942 5137 ex
2983 5082 3210 5154 epistola
3253 5081 3446 5138 Latina
3486 5099 3650 5153 quam
3680 5099 3770 5138 re-

2181 5173 2448 5228 verendus
2497 5173 2724 5230 antistes
2769 5175 2834 5230 de
2883 5174 3059 5231 Marca
3118 5175 3338 5246 scripsit
3392 5173 3459 5230 ad
3509 5175 3768 5230 domuum

2181 5263 2379 5319 Lucam
2414 5263 2734 5319 Dacherium
2779 5264 3033 5321 Kalendis
3065 5264 3305 5321 Januarii
3339 5266 3463 5321 anni
3495 5265 3651 5324 1657.
3687 5281 3771 5321 re—

2179 5357 2284 5410 lata
2327 5365 2472 5412 tomo
2517 5356 2557 5410 ll
2603 5356 2900 5428 Spicilegii.
2950 5360 3139 5416 eodem
3189 5376 3333 5414 anno
3385 5359 3585 5430 publici
3627 5359 3772 5428 juris

2180 5448 2324 5503 facti.
2357 5447 2481 5503 Haec
2509 5448 2826 5518 expediendi
2860 5451 3058 5521 negotii
3103 5452 3170 5507 de
3208 5451 3348 5507 libro
3377 5451 3657 5505 Ratramni
3684 5451 3767 5504 in-

2178 5553 2326 5613 tegra
2372 5542 2510 5595 ratio
2541 5541 2592 5594 in
2631 5557 2695 5594 co
2733 5541 2910 5611 capite
2952 5544 3251 5600 consistere
3291 5545 3524 5609 videtur,
3565 5561 3630 5599 ex
3662 5559 3770 5613 quo

2179 5633 2527 5704 intelligimus
2557 5631 2622 5687 dc
2655 5631 2857 5698 Marca,
2899 5635 3148 5692 abdicata
3191 5637 3365 5707 prima
3410 5636 3673 5693 sententia
3703 5634 3770 5704 (si

2177 5742 2366 5783 revera
2407 5726 2478 5780 sit
2523 5734 2714 5780 auctor
2756 5736 3022 5783 tractatus
3071 5728 3263 5785 Gallici
3309 5730 3375 5785 de
3424 5728 3768 5786 Eucharistia

2176 5835 2336 5888 quem
2382 5835 2478 5874 suo
2510 5820 2726 5875 nomine
2756 5830 3018 5893 cognatus
3048 5821 3165 5891 ejus
3193 5824 3363 5880 abbas
3394 5825 3561 5895 Fuget
3589 5823 3766 5894 publi-
