4088 6344
353 360 450 415 1υ9

1067 356 1155 413 DE
1189 357 1512 415 CORPORE
1547 357 1634 414 ET
1675 355 2021 429 SA‘NGUINE
2061 357 2314 412 DOMINI.
2359 388 2424 398 —-
2465 355 2854 414 PREFATIO.

3496 364 3596 418 Ilii

347 469 533 540 cavit),
567 471 712 525 hunc
736 477 1022 525 tractatum
1050 469 1118 524 de
1149 470 1387 541 Corpore
1426 478 1481 526 et
1515 469 1786 542 Sanguine
1811 471 1916 524 Do—
1947 472 1998 530 Α
2024 477 2114 522 aut
2135 469 2501 546 βκλανοφάγοις
2524 471 2614 541 qui
2638 487 2904 542 nusquam
2928 488 3122 529 eorum
3135 477 3336 548 scripta
3362 481 3601 550 partitim

347 562 499 626 mini,
528 577 634 616 non
664 577 785 617 esse
801 563 1100 632 genuinum
1128 564 1295 618 fetum
1325 561 1453 620 dicti
1489 562 1790 629 Ratramni,
1831 563 1926 620 sed

343 649 568 706 Joannis
596 648 745 706 Scoti
778 650 861 706 vel
889 649 1132 723 Erigonae
1158 653 1400 725 aaqualis,
1430 653 1514 710 cui
1549 670 1741 710 nomen
1767 653 1928 710 Pseu-

344 741 725 799 do—Ratramni
768 745 1117 816 imposuerat,
1155 757 1211 804 et
1257 750 1554 806 continenti
1593 759 1835 821 tempore
1870 752 1924 805 in

343 835 579 892 concilio
620 836 945 894 Vercellensi
979 841 1078 894 sub
1103 840 1278 898 Leone
1313 843 1382 898 IX
1410 844 1697 901 damnatus
1723 844 1922 913 fuerat,

343 927 659 984 combustus
690 944 784 985 seu
817 941 1122 1004 assumptus
1167 935 1291 1006 igne
1329 937 1382 991 in
1417 939 1649 994 concilio
1680 938 1924 994 Romano

341 1021 442 1076 sub
469 1036 682 1077 summo
707 1020 925 1079 Nicolao
947 1025 1011 1091 Il,
1041 1043 1181 1082 anno
1210 1028 1369 1097 1059,
1404 1031 1456 1086 in
1491 1048 1598 1103 quo
1627 1041 1924 1093 sectatores

337 1111 655 1184 Berengarii
683 1114 873 1172 Joanni
915 1119 1077 1175 Scoto
1111 1124 1494 1194 ascripserunt.
1534 1126 1684 1184 Hanc
1711 1128 1922 1186 Domini

339 1205 408 1260 de
451 1206 625 1262 Marca
670 1209 1031 1280 conjecturam
1073 1230 1298 1271 nervose
1340 1218 1576 1274 defendit
1603 1222 1778 1290 quoad
1807 1223 1924 1293 ejus

338 1299 460 1354 ﬁeri
490 1301 664 1370 potuit
689 1301 755 1356 Β.
784 1303 944 1360 Pater
971 1305 1150 1374 Paris,
1176 1310 1366 1366 doctus
1391 1314 1686 1368 canonicus
1719 1315 1925 1385 regula-

339 1393 417 1448 ris
467 1395 635 1450 sancti
678 1396 983 1468 Augustini,
1035 1417 1204 1457 sacrre
1244 1405 1523 1476 theologia:
1563 1406 1836 1476 professor
1866 1409 1920 1464 in

337 1483 557 1539 abbatia
584 1495 784 1542 sanctae
807 1487 1092 1546 Genovefze
1115 1492 1434 1550 Parisiensis
1460 1497 1512 1550 in
1541 1497 1923 1556 dissertatione

330 1574 482 1644 typis
520 1575 806 1646 impressa,
846 1579 900 1632 in
934 1579 1040 1637 fine
1071 1583 1198 1637 tomi
1221 1583 1264 1648 I,
1295 1601 1425 1640 cura
1447 1594 1503 1641 et
1527 1587 1706 1643 studio
1737 1597 1922 1646 aucto-

330 1681 456 1720 rum
483 1665 606 1721 libri
629 1667 696 1723 de
726 1667 1089 1741 Perpetuitate
1134 1673 1282 1729 Fidei
1326 1676 1585 1733 adversus
1611 1676 1918 1746 Claudium,

330 1759 737 1828 superstitionis
773 1761 1096 1818 Calvinianae
1121 1766 1173 1820 in
1200 1768 1398 1838 templo
1422 1769 1788 1827 Cbarentonio
1818 1773 1917 1827 mi-

2031 569 2124 614 aut
2167 563 2463 632 generatim
2504 564 2767 641 applicata
2798 566 3074 625 voluntate
3107 569 3370 643 legerunt.
3408 573 3602 632 Paucis

2029 651 2224 710 abhinc
2273 657 2428 712 annis
2473 656 2665 712 Oxonii
2710 675 2852 714 anno
2900 661 3030 717 1681
3079 664 3216 735 typis
3243 665 3476 735 publicis
3502 668 3604 724 im-

2025 761 2245 814 pressus
2291 759 2374 804 est
2422 749 2659 807 famosus
2720 762 2983 812 tractatus
3019 755 3245 814 Joannis
3289 761 3434 817 Scoti
3485 767 3605 840 napi

2025 841 2222 912 φύσεων
2265 850 2542 920 μερισμοῦ,
2588 843 2741 914 cujus
2780 850 3104 918 oeconomia,
3151 854 3286 908 ordo
3332 864 3388 911 et
3433 873 3603 928 genus

2027 929 2296 987 scribendi
2328 934 2462 989 adeo
2497 934 2708 991 diversa
2739 948 2864 994 sunt
2891 949 2946 994 et
2971 946 3323 1015 repugnantia
3362 949 3432 1004 ab
3471 965 3604 1019 opu-2

2027 1021 2175 1076 sculo
2204 1023 2485 1081 Ratramni
2515 1027 2582 1082 de
2617 1027 2852 1100 Corpore
2880 1042 2934 1088 et
2960 1033 3232 1106 Sanguine
3269 1038 3499 1107 Domini,
3543 1054 3604 1099 ut

2026 1112 2114 1166 vix
2139 1114 2367 1171 inveniri
2391 1133 2550 1188 posse
2576 1135 2901 1192 quemquam
2925 1135 3106 1196 putem
3134 1132 3222 1199 qni
3252 1133 3318 1188 de
3338 1144 3604 1203 potestate

2028 1209 2225 1264 mentis
2259 1225 2364 1265 non
2407 1215 2723 1280 excesserit,
2764 1217 2851 1272 cui
2889 1217 3110 1274 dubium
3154 1224 3401 1282 subolere
3433 1227 3606 1298 possit

2027 1298 2092 1352 de
2117 1299 2434 1356 ascribendo
2463 1302 2656 1359 Joanni
2686 1304 2846 1362 Scoto
2873 1311 3131 1380 opusculo
3155 1313 3461 1386 Rati-amni,
3492 1330 3604 1378 tam

2024 1388 2133 1459 cito
2156 1405 2300 1460 cepa:
2331 1394 2574 1450 redolent
2603 1397 2790 1454 violas.
2834 1388 3243 1474 Sedutcunque
3278 1408 3393 1466 haec
3419 1415 3604 1470 omnia

2028 1478 2159 1537 falsa
2197 1493 2289 1537 aut
2324 1485 2509 1542 fictilia
2557 1489 2688 1555 sint,
2729 1492 2856 1561 quid
2897 1496 3083 1564 reponi
3128 1513 3286 1568 posse
3332 1502 3606 1561 videretur

2026 1575 2339 1661 doctissimo
2381 1577 2528 1633 Patri
2569 1579 2764 1638 Joanni
2812 1581 3138 1652 Mabillonio,
3187 1591 3393 1648 ordinis
3430 1597 3603 1653 sancti

2024 1664 2299 1722 Benedicti
2341 1671 2631 1738 perillustri
2679 1677 2964 1744 monacho,
3006 1695 3074 1736 ex
3106 1683 3261 1754 cujus
3287 1685 3603 1754 praefatione

2026 1759 2259 1829 ascripta
2288 1759 2450 1818 fronti
2484 1765 2704 1821 secundi
2728 1768 2909 1824 saaculi
2937 1769 3194 1827 Actorum
3225 1776 3602 1834 Benedictino-

331 1849 588 1916 nistrum,
617 1861 672 1907 et
702 1852 755 1907 in
782 1853 974 1909 iterata
1021 1857 1368 1927 responsione
1412 1861 1706 1918 doctissimi
1750 1847 1911 1920 cano?

2025 1867 2140 1905 rum
2179 1854 2542 1926 intelligimus,
2570 1860 2762 1930 pagina
2787 1862 2873 1925 45,
2898 1863 2939 1937 ,ᾗ
2963 1865 3057 1930 85,
3095 1881 3156 1922 se
3181 1871 3474 1929 contulisse
3507 1890 3606 1932 seu

327 1942 441 1998 nici
481 1944 747 2016 regularis
788 1947 1028 2016 praedicti
1061 1948 1126 2004 ad
1158 1949 1295 2017 alius
1324 1952 1654 2010 Cbarentoni
1685 1957 1918 2014 ministri

328 2038 766 2107 responsionem,
790 2042 1005 2096 nomine
1033 2042 1217 2110 Alixii,
1245 2047 1335 2114 qui
1357 2047 1790 2104 dissertationem
1821 2049 1920 2104 Pa-

327 2128 434 2182 tris
465 2126 622 2183 Paris
661 2129 1012 2188 refutaverat.
1049 2132 1220 2190 Porro
1247 2139 1537 2206 praedictus
1569 2139 1729 2196 Pater
1762 2141 1920 2198 Paris

325 2218 472 2274 hanc
516 2221 858 2278 solummodo
909 2225 1331 2283 moderationem
1372 2239 1425 2284 et
1475 2233 1918 2302 temperationem

325 2309 578 2378 adjunxit
620 2322 680 2366 ut
721 2313 1035 2370 incredibile
1079 2316 1181 2372 sibi
1221 2319 1470 2374 videatur
1496 2319 1756 2377 Joannem
1785 2323 1918 2378 Sco-

330 2412 445 2458 tum
478 2403 624 2459 bunc
651 2403 885 2460 libellum
931 2407 997 2462 de
1038 2407 1276 2480 Corpore
1304 2419 1358 2466 et
1387 2409 1660 2484 Sanguine
1703 2414 1916 2472 Domini

330 2495 652 2567 ascripsisse
687 2505 742 2552 et
775 2497 1115 2568 adjudicasse
1161 2499 1480 2571 Ratramno,
1532 2521 1625 2562 seu
1665 2506 1783 2577 ejus
1820 2523 1917 2564 no-

328 2589 476 2655 mine
511 2588 870 2659 inscripsisse,
912 2591 1110 2663 quippe
1145 2594 1286 2666 quod
1317 2596 1492 2668 magis
1514 2598 1809 2654 convenire
1837 2599 1916 2655 vi-

325 2679 521 2734 deatur
548 2679 874 2750 Bereugario
897 2691 992 2737 aut
1015 2684 1371 2741 sectatoribus
1393 2684 1510 2754 ejus
1532 2689 1776 2744 ducentis
1801 2688 1916 2745 fere

326 2769 486 2823 annis
511 2784 542 2823 a
571 2768 853 2826 Batramni
901 2781 1060 2828 tetate
1100 2773 1288 2844 lapsis.
1321 2773 1548 2848 Insuper
1577 2794 1684 2834 non
1721 2779 1914 2849 cupide

326 2863 493 2918 nimis
520 2872 616 2918 aut
644 2864 944 2930 decretorie
969 2867 1114 2922 hunc
1143 2866 1337 2922 librum
1363 2869 1689 2928 condemnat
1713 2872 1778 2926 R.
1812 2871 1914 2926 Pa-

327 2965 414 3011 ter
438 2957 617 3023 Paris,
649 2967 743 3013 aut
779 2959 920 3014 inter
955 2959 1240 3017 haereticos
1268 2971 1321 3016 et
1341 2963 1486 3034 juste
1511 2966 1792 3022 damnatos
1828 2981 1913 3023 re—

328 3048 489 3120 legat.
543 3058 762 3106 secutns
817 3052 961 3107 dom.
1013 3052 1080 3108 de
1127 3052 1340 3121 Marca;
1395 3055 1489 3111 sed
1538 3056 1687 3112 illum
1726 3059 1912 3115 multis

327 3143 620 3197 verborum
649 3143 1020 3200 obscuriorum
1053 3146 1280 3204 salebris
1311 3147 1644 3222 implicatum
1674 3159 1730 3208 et
1760 3151 1913 3207 intri-

2024 1955 2366 2011 comparassc
2398 1947 2720 2018 scripturam
2755 1967 2850 2008 seu
2879 1954 3224 2015 characteres
3264 1963 3468 2019 codicis
3504 1966 3606 2021 im-

2022 2033 2192 2099 pressi
2219 2034 2340 2089 libri
2370 2035 2650 2094 Batramni
2676 2056 2794 2096 cum
2825 2048 3192 2119 manuscripto
3217 2067 3376 2121 quem
3404 2055 3602 2112 iterata

2021 2123 2140 2218 vice
2181 2125 2282 2180 bac
2320 2128 2554 2186 editione
2586 2147 2746 2202 quam
2777 2151 2889 2204 prce
2920 2141 3167 2198 manibus
3199 2144 3367 2202 habes
3396 2149 3600 2218 publici

2014 2210 2154 2281 juris
2191 2215 2451 2287 facimus,
2498 2224 2800 2295 asseritque
2839 2237 3053 2286 aetatem
3093 2248 3213 2290 esse
3258 2210 3600 2311 actin-gento-

2022 2317 2143 2356 rum
2178 2319 2460 2375 annorum,
2514 2311 2718 2368 scilicet
2767 2314 2836 2370 ab
2875 2317 3100 2388 imperio
3142 2320 3318 2381 Caroli
3347 2324 3495 2384 Calvi
3532 2331 3601 2386 ad

2021 2402 2204 2449 nostra
2249 2405 2513 2467 tempora,
2545 2410 2598 2455 et
2629 2405 2817 2460 vadem
2854 2423 2915 2466 se
2955 2421 3216 2480 prestare
3261 2432 3366 2473 non
3421 2422 3604 2478 renuit

2018 2484 2277 2555 ejusmodi
2333 2493 2572 2549 codicem
2620 2510 2679 2552 se
2720 2498 2922 2557 vidisse
2960 2512 3016 2559 et
3053 2505 3349 2579 perlegisse
3377 2526 3600 2584 compa-

2019 2586 2163 2634 ctum
2193 2597 2316 2637 cum
2347 2584 2556 2642 duobus
2594 2588 2745 2646 libris
2779 2591 2845 2648 de
2873 2595 3364 2668 prtedestinatione,
3407 2606 3602 2673 quibus

2018 2688 2211 2730 nomen
2258 2675 2538 2736 Ratramni
2583 2685 2918 2754 aequabiliter
2950 2698 3006 2744 et
3036 2693 3372 2766 “pausia:
3406 2697 3602 2754 inscri-

2017 2775 2168 2838 ptum
2215 2774 2342 2827 est?
2395 2772 2620 2847 Insuper
2674 2778 3018 2840 doctissimus
3071 2785 3160 2840 ille
3213 2792 3512 2849 monachus
3544 2795 3598 2850 in

2017 2859 2374 2931 dignoscenda
2405 2873 2564 2924 aztate
2593 2884 2657 2926 ac
2697 2870 2906 2942 figenda
2932 2884 3176 2932 veterum
3207 2881 3456 2939 codicum
3484 2901 3602 2942 ma-

2018 2955 2415 3025 nuscriptorum
2451 2968 2567 3016 arte
2605 2964 2894 3033 acquisita,
2919 2981 3084 3037 quam
3109 2971 3212 3026 sibi
3245 2989 3462 3031 moroso
3487 2987 3584 3034 stu-

2017 3043 2104 3097 dio
2149 3049 2503 3116 comparavit,
2554 3053 2619 3106 ad
2659 3053 3026 3115 discutiendas
3066 3069 3275 3120 veteres
3301 3066 3519 3124 chartas
3545 3083 3602 3127 et

2015 3137 2227 3227 codices
2275 3141 2545 3214 antiquos,
2590 3153 2650 3202 ut
2695 3162 2763 3202 ex
2800 3148 2954 3207 libris
2992 3168 3129 3224 quos
3164 3158 3384 3227 scripsit
3419 3163 3486 3217 de
3520 3162 3601 3220 Re

327 3240 511 3306 catum
538 3232 804 3306 designat,
835 3235 987 3307 cujus
1022 3251 1241 3293 sensum
1265 3246 1319 3292 et
1347 3240 1669 3295 sententiam
1693 3241 1909 3312 assequi
1937 3231 1982 3294 C
2015 3226 2357 3297 diplomatica
2388 3233 2682 3306 ἰηιειιῑεθτε
2710 3237 2868 3296 facile
2888 3252 2990 3307 εει»
3015 3249 3211 3304 asserit
3235 3226 3379 3306 hunc
3401 3252 3597 3310 librum

328 3323 545 3380 diﬂlcile
577 3333 679 3389 est,
726 3325 904 3382 sulcos
930 3329 1032 3384 sibi
1066 3328 1313 3387 diductos
1342 3331 1409 3387 ab
1438 3333 1748 3391 auctoribus
1775 3332 1909 3390 Per-

326 3417 610 3486 petuitatis
640 3417 763 3472 fidei
794 3419 1084 3488 incedens,
1117 3422 1208 3492 qui
1240 3439 1345 3477 non
1377 3423 1674 3497 nimiopcre
1708 3428 1911 3483 condu-

328 3507 486 3562 cibile
526 3508 974 3564 existimaveram
1003 3520 1095 3566 aut
1122 3514 1487 3569 necessarium
1522 3516 1683 3572 rebus
1706 3517 1827 3574 libri
1859 3527 1912 3573 et

326 3584 573 3671 personae
603 3603 899 3676 .Ratramni
941 3612 1034 3660 aut
1070 3604 1191 3662 fidei
1221 3607 1500 3673 catholica:
1534 3613 1790 3669 tuendum
1817 3622 1910 3668 aut

325 3691 690 3746 accusandum
735 3694 979 3765 recipere
1031 3697 1160 3752 noni
1206 3699 1384 3755 δίδουιί
1441 3701 1684 3772 ignotum
1724 3719 1907 3760 mona-

326 3782 507 3837 chum.
562 3782 688 3839 Haec
716 3785 899 3855 opinio
931 3787 1284 3844 illustrissimi
1325 3789 1384 3844 P.
1429 3792 1495 3847 de
1540 3793 1746 3861 Marca,
1790 3811 1909 3867 quae

324 3875 494 3944 prima
525 3874 704 3931 fronte
728 3892 861 3938 auro
883 3879 1118 3935 micante
1143 3879 1309 3952 fulget
1330 3891 1384 3937 et
1407 3883 1614 3940 animos
1639 3886 1707 3940 ad
1731 3885 1908 3941 studia

324 3975 380 4020 et
417 3967 631 4023 litteras
662 3978 933 4040 utcunque
968 3981 1124 4027 natos
1148 3983 1241 4027 aut
1266 3973 1439 4031 factos
1468 3978 1676 4048 pungit,
1708 3977 1796 4032 vix
1827 3978 1908 4033 in-

326 4058 510 4113 venire
544 4059 808 4128 potuisset
849 4069 1148 4117 sectatores
1181 4063 1610 4137 qualescunque;
1637 4074 1691 4120 et
1719 4083 1906 4124 revera

325 4149 378 4202 ni
406 4149 706 4218 opitulatus
743 4160 886 4206 esset
922 4150 1086 4206 Pater
1121 4152 1274 4207 Paris
1305 4171 1400 4210 suo
1428 4171 1626 4226 genere
1655 4159 1903 4216 modera-

324 4239 488 4293 tionis
515 4250 570 4294 et
602 4242 1008 4310 temperationis
1048 4258 1209 4314 supra
1250 4254 1470 4312 notatae,
1515 4247 1907 4308 famosissimus

321 4328 767 4399 archiepiscopus
805 4329 1105 4388 Tolosanus
1142 4343 1195 4389 et
1241 4333 1560 4393 Parisiensis
1602 4338 1786 4395 relicta
1820 4356 1906 4395 as-

322 4419 621 4474 sociatione
663 4419 918 4477 Canonici
966 4425 1231 4496 regularis
1268 4426 1321 4481 in
1365 4442 1462 4482 sua
1507 4431 1758 4502 Opinione
1779 4449 1904 4504 pera

321 4513 614 4566 mansisset
634 4513 774 4568 sicut
801 4529 990 4584 passer
1012 4517 1284 4575 solitarius
1309 4520 1361 4575 in
1389 4529 1546 4578 tecto.

2014 3323 2295 3414 Batramni
2335 3333 2402 3388 de
2439 3333 2678 3408 Corpore
2707 3349 2765 3396 et
2795 3339 3070 3414 Sanguine
3113 3346 3325 3402 Domini
3369 3348 3599 3406 abbatiae

2010 3413 2291 3475 Lobiensis
2310 3437 2431 3478 esse
2449 3425 2854 3487 characteribus
2872 3413 3306 3505 octingentorum
3328 3453 3593 3495 annoru

2010 3517 2310 3564 exaratum.
2357 3512 2592 3574 Prodere
2621 3528 2808 3576 testem
2837 3539 2943 3578 non
2973 3526 3114 3594 potis
3153 3536 3258 3592 est,
3307 3531 3456 3586 omni
3503 3547 3598 3588 ex-

2011 3597 2258 3666 ceptione
2299 3618 2576 3671 majorem.
2631 3607 2854 3681 Insuper
2900 3613 3064 3680 idem,
3114 3617 3244 3673 nulli
3293 3621 3408 3675 viro
3451 3622 3598 3678 inter

2010 3691 2252 3747 eruditos
2300 3694 2418 3752 falsi
2469 3700 2822 3769 suspiciosus,
2855 3709 3154 3766 monachus
3189 3712 3512 3770 testificatur
3539 3716 3592 3772 in

2010 3795 2106 3835 suo
2166 3782 2361 3842 Itinere
2419 3787 2774 3860 Germanico,
2842 3796 3105 3867 impresso
3155 3800 3380 3860 Parisiis
3438 3805 3593 3862 initio

2012 3873 2140 3928 tomi
2181 3873 2249 3930 IV
2279 3877 2663 3939 Analectorum
2689 3900 2833 3941 anno
2861 3887 3019 3956 1685,
3049 3907 3110 3948 se
3146 3896 3380 3965 propriis
3419 3898 3594 3954 oculis

2011 3963 2210 4020 vidisse
2259 3977 2313 4023 et
2360 3971 2606 4028 manibus
2649 3989 2896 4034 versasse
2935 3979 2988 4034 in
3033 3963 3366 4042 monasterio
3412 3985 3591 4043 Solem

2011 4055 2205 4112 Weiler
2229 4063 2434 4119 ordinis
2463 4064 2853 4137 Cistertiensis,
2881 4071 3107 4132 fundato
3133 4086 3395 4149 tempore,
3417 4083 3590 4137 sancti

2009 4149 2289 4219 Bernardi,
2333 4171 2476 4212 anno
2516 4160 2671 4227 1157,
2711 4163 2954 4222 codicem
2985 4172 3417 4244 manuscriptum
3446 4176 3590 4244 plus—

2006 4255 2166 4310 quam
2213 4245 2674 4318 septingentorum
2713 4268 3011 4324 annorum,
3062 4259 3116 4314 in
3159 4277 3266 4332 quo
3310 4277 3587 4336 compacta

2006 4335 2195 4390 eadem
2223 4352 2383 4407 opera
2425 4341 2525 4397 sub
2566 4345 2784 4402 nomine
2811 4346 3097 4409 Ratramni
3121 4353 3377 4428 inscripta
3406 4335 3588 4428 :oqua—

2006 4423 2186 4481 biliter
2231 4429 2530 4488 incurrunt.
2581 4434 2711 4502 Qua:
2746 4455 2868 4496 cum
2899 4442 2973 4498 ita
3004 4444 3133 4510 sint,
3161 4423 3588 4518 quis—dubitamli

2007 4518 2156 4575 locus
2196 4522 2426 4595 relinqui
2458 4536 2654 4595 potest,
2685 4532 2816 4601 quin
2843 4533 3105 4604 ejusmodi
3131 4541 3444 4608 opusculum
3475 4545 3591 4596 sine

392 4603 505 4659 Non
551 4620 772 4661 moveor
814 4605 1051 4664 efﬂictim
1090 4612 1270 4667 animo
1307 4615 1582 4684 repetendi
1609 4625 1702 4671 aut
1731 4619 1903 4673 revel-
1930 4597 1980 4656 D
2008 4612 2169 4669 dubio
2214 4615 2517 4685 Ratramni,
2558 4619 2753 4678 Joanni
2793 4624 2958 4682 Scoto
2989 4629 3134 4686 nulla
3177 4632 3386 4687 ratione
3424 4636 3592 4702 possit

317 4703 457 4758 Iendi
485 4719 549 4758 ea
576 4721 695 4776 quae
723 4706 791 4762 de
825 4708 1051 4762 materia
1097 4709 1336 4780 subjecta
1372 4721 1530 4767 antea
1563 4713 1703 4770 dicta
1734 4724 1896 4780 sunt;

317 4805 442 4850 eant
490 4797 669 4864 potius
703 4798 772 4852 ad
806 4801 1098 4856 vendentes
1134 4800 1302 4857 libros
1329 4803 1395 4858 de
1439 4805 1540 4859 hac
1577 4819 1738 4860 causa
1773 4821 1900 4861 con-

318 4887 550 4958 scriptos
575 4887 811 4946 lectores
851 4891 1051 4948 curiosi
1099 4908 1330 4964 quorum
1376 4895 1586 4952 animos
1634 4896 1897 4970 ejusmodi

317 4987 550 5058 κριτήρια
575 4983 900 5052 prolectant.

385 5074 500 5146 Ego
531 5089 662 5130 vero
689 5076 755 5131 ad
783 5075 1118 5147 probandum
1169 5081 1431 5154 ejusmodi
1475 5082 1669 5138 librum
1722 5085 1896 5138 neuti-

316 5181 475 5236 quam
506 5182 667 5238 posse
697 5167 889 5225 Joanni
928 5167 1095 5227 Scoto
1127 5173 1323 5230 ascribi
1361 5188 1466 5229 non
1506 5174 1720 5230 aliunde
1750 5175 1896 5232 arbi-

317 5267 429 5314 tror
476 5271 856 5332 argumentum
904 5266 1286 5320 assumendum
1324 5282 1444 5323 esse
1471 5284 1630 5338 quam
1659 5283 1724 5323 ex
1749 5266 1898 5323 dill‘e-

319 5353 510 5418 rentia,
558 5356 822 5410 varietate
867 5365 922 5412 et
974 5359 1323 5432 repugnantia
1376 5359 1497 5432 styli
1537 5371 1589 5416 et
1633 5363 1896 5417 sermonis

319 5443 459 5501 Scoti
510 5455 565 5502 et
602 5447 885 5504 Ratramni
933 5450 1191 5507 doctrinae
1235 5462 1288 5508 et
1336 5453 1722 5510 sententiarum
1757 5456 1896 5509 anti-

318 5554 544 5609 quorum
577 5539 800 5596 Patrum
832 5551 886 5598 et
926 5543 1208 5600 doctorum
1254 5543 1504 5603 Ecclesia:
1541 5546 1631 5616 qui
1663 5548 1730 5602 ab
1768 5547 1894 5618 ipsis

320 5632 560 5704 utrisque
596 5635 832 5690 citantur
859 5645 910 5691 et
955 5636 1261 5696 laudantur.
1309 5638 1430 5693 ":N'
1466 5640 1608 5694 enim
1640 5656 1734 5696 eos
1763 5642 1897 5697 adeo

323 5724 575 5781 adversos
604 5735 658 5781 et
687 5727 931 5785 diversos
975 5746 1097 5787 esse
1142 5733 1513 5804 comprobant,
1558 5744 1616 5790 ut
1645 5734 1896 5790 confundi

325 5834 381 5871 ac.
416 5821 630 5874 misceri
674 5831 962 5891 nequeant,
1018 5825 1116 5878 nisi
1169 5825 1234 5878 ab
1273 5826 1337 5878 iis
1368 5827 1676 5882 hominibus
1717 5829 1900 5883 bardis

2009 4706 2349 4785 adjudicari?

2083 4799 2365 4874 Utcunque
2399 4821 2486 4862 res
2515 4808 2646 4875 sint,
2689 4811 2822 4866 nihil
2840 4812 2956 4883 jam
2982 4816 3318 4884 probandum
3347 4829 3588 4889 superest

2010 4893 2164 4948 nobis
2187 4894 2288 4949 nisi
2317 4895 2670 4955 Ratramnum
2703 4902 2756 4956 in
2787 4903 2890 4958 hoc
2913 4920 3077 4975 opere
3102 4908 3402 4965 orthodoxe
3425 4920 3474 4964 et
3503 4929 3588 4965 ca-

2011 4986 2207 5044 tholice
2244 5004 2662 5050 sensum-suum
2692 5005 2747 5051 et
2777 4998 3081 5056 doctrinam
3127 5017 3314 5059 sanam
3359 5022 3422 5062 ac
3460 5022 3588 5062 vere

2009 5079 2328 5136 catholicam
2356 5086 2686 5154 exposuisse.
2721 5086 2832 5142 Hoc
2855 5087 2968 5156 jam
2997 5091 3222 5161 perfecit
3253 5095 3589 5153 abundanter

2011 5171 2168 5228 Pater
2201 5173 2540 5232 Mabillonius
2576 5178 2629 5232 in
2671 5178 2834 5234 citata
2876 5197 3035 5253 supra
3072 5184 3386 5254 praefatione
3421 5187 3586 5243 Acto-

2007 5283 2122 5321 rum
2161 5267 2631 5326 Benedictinornm
2664 5287 2783 5342 pag.
2821 5274 2912 5356 45‘,
2945 5276 3096 5347 §88;
3135 5285 3190 5332 et
3212 5293 3492 5347 speramus
3520 5283 3586 5333 ab

2004 5360 2253 5417 omnibus
2281 5361 2454 5418 doctis
2473 5373 2528 5418 et
2546 5365 2880 5435 sapientibus
2898 5367 3054 5425 facile
3076 5370 3404 5427 intellectum
3432 5373 3496 5428 iri
3519 5389 3584 5427 ex

2005 5455 2105 5510 hac
2135 5471 2272 5512 nona
2300 5455 2536 5511 editione
2577 5466 2756 5515 textus
2792 5459 2965 5516 Latini
2995 5471 3047 5516 et
3075 5464 3390 5533 antegraphi
3421 5481 3450 5519 a
3481 5464 3583 5519 Pa-

2001 5560 2081 5604 trc
2117 5548 2421 5605 Mabillonio
2466 5566 2674 5606 mecum
2735 5555 3139 5621 communicati,
3168 5563 3223 5611 et
3267 5556 3407 5611 notis
3445 5573 3594 5626 quas.

1996 5640 2106 5710 jam
2138 5657 2249 5712 pra:
2281 5643 2527 5698 manibus
2569 5646 2755 5712 habes,
2797 5645 2962 5702 lector
2989 5647 3216 5709 erudite,
3245 5657 3492 5703 recenter
3523 5650 3586 5702 de

2002 5733 2223 5789 Gallicis
2259 5736 2310 5789 in
2341 5739 2682 5794 commodum
2715 5739 3072 5796 litteratorum
3103 5741 3380 5796 hominum
3407 5758 3470 5797 ex
3499 5762 3586 5797 na-

2008 5827 2240 5880 tionibus
2283 5830 2484 5884 exteris
2529 5830 2738 5900 Anglia,
2789 5832 3075 5887 Germania
3115 5839 3166 5884 et
3211 5830 3484 5901 Hispaniis
3530 5836 3584 5888 in
