4088 6344
439 383 536 441 ill

1478 376 1837 435 RATRAMNI
1871 374 2326 434 CORBEIENSIS
2363 376 2668 435 MONACHI

3617 374 3729 430 Hi

438 505 574 563 urbe
593 499 888 560 Parisiensi
915 500 1211 572 hospitum,
1239 495 1431 553 Latine
1459 497 1696 568 scriptis,
1723 505 1778 552 et
1804 497 2023 566 insuper
2051 496 2104 558 Α
2128 509 2323 552 nomen
2379 503 2434 552 et
2457 495 2603 551 fama
2653 494 2722 550 ab
2770 492 3034 562 ejusmodi
3092 491 3399 565 suspicione
3428 505 3591 562 prava
3621 505 3727 546 ex-

441 594 640 653 additis
676 594 998 666 quibusdam
1036 607 1143 647 non
1169 589 1580 646 contemnendis
1602 587 2024 656 accessionibus,

437 686 572 744 nulli
602 686 766 757 forte,
796 685 1012 758 dempto
1044 681 1205 738 Patre
1235 680 1542 747 Harduino,
1571 679 1776 738 Jesuita
1795 687 1852 736 et
1872 680 2029 735 docto

447 779 734 849 scriptore,
767 773 1138 848 displicituris.

519 869 626 927 Sed
660 876 947 938 antequam
973 864 1040 921 ad
1071 862 1297 935 hujusce
1323 863 1714 921 lucubrationis
1742 863 2031 920 lectionem

442 963 758 1021 meditatam
793 959 1032 1016 animum
1064 959 1362 1031 appuleris,
1407 974 1517 1016 non
1564 958 1736 1015 solum
1757 973 1912 1031 opus,
1946 971 2032 1012 ve-

447 1071 566 1112 rum
609 1052 774 1109 etiam
811 1064 1184 1108 necessarium
1211 1063 1330 1107 esse
1379 1050 1517 1106 miht
1559 1051 1772 1106 videtur
1811 1063 2033 1118 respon-

447 1149 576 1204 dere
608 1146 818 1204 duobus
867 1145 1203 1218 argumentis
1252 1144 1322 1200 ab
1374 1143 1592 1200 homine
1620 1143 1858 1214 partium
1905 1140 2033 1195 Pro-

449 1239 764 1297 testantium
791 1238 1041 1309 prolatis,
1067 1237 1159 1307 qui
1182 1243 1474 1292 tractatum
1501 1234 1784 1310 Batramni
1811 1234 1877 1288 de
1903 1232 2038 1287 Cor-

445 1346 579 1403 pore
603 1337 660 1385 et
687 1329 962 1402 Sanguine
989 1326 1192 1384 Christi
1225 1327 1291 1384 de
1331 1326 1540 1382 Latinis
1584 1341 1690 1381 non
1738 1324 2036 1393 nimiopere

445 1432 502 1479 et
531 1421 808 1494 eleganter
836 1419 1072 1492 scriptis,
1105 1417 1311 1476 Gallice
1346 1417 1586 1473 deterius
1635 1416 1873 1486 scripsu.
1907 1415 2038 1480 Quae

447 1516 664 1588 quidem
693 1514 747 1569 in
773 1512 1088 1586 praefatione
1111 1527 1206 1568 seu
1229 1511 1526 1583 praeloquio
1545 1509 1803 1582 prodidit,
1825 1515 1886 1562 ut
1908 1521 2036 1578 pro«

445 1606 604 1662 baret
633 1605 737 1660 hoc
763 1601 1084 1674 opusculum
1133 1615 1324 1657 revera
1367 1599 1522 1670 jussu
1567 1598 1910 1669 imperatoris
1936 1595 2040 1652 Ca-

448 1695 548 1751 roli
578 1693 726 1750 Calvi
775 1693 944 1749 fuisse
990 1692 1352 1763 compositum
1378 1691 1449 1747 ad
1477 1689 1902 1746 confutationem
1945 1687 2041 1742 do-

446 1785 647 1857 gmatis
689 1784 943 1840 Ecclesim
991 1783 1249 1840 Romanae
1278 1784 1344 1840 de
1389 1798 1518 1840 vera
1550 1781 1796 1854 corporis
1837 1779 2042 1836 Christi

2136 587 2392 644 imantur.
2427 587 2903 643 Verumenimvero
2951 585 3167 642 etiamsi
3195 582 3459 653 ejusmodi
3496 583 3730 640 haeresis

2136 679 2454 746 exstitisset,
2482 690 2536 735 et
2565 694 2672 734 non
2696 676 2886 734 fuisset
2916 685 3120 732 temere
3157 685 3214 731 et
3242 674 3514 730 malitiose
3553 674 3733 744 impo-

2135 771 2239 828 sita
2294 781 2430 828 aestu
2483 771 2862 842 disputationis
2910 769 3043 825 viris
3088 767 3393 836 catholicis,
3419 776 3477 824 et
3504 768 3570 823 de
3599 767 3732 823 reli-

2135 863 2295 934 gione
2330 874 2476 920 recte
2504 863 2864 920 sentientibus
2907 863 3165 935 ascripta,
3196 877 3334 934 quos
3376 876 3571 934 cogere
3597 860 3736 918 totis

2137 951 2345 1011 viribus
2373 954 2710 1011 conabantur
2728 964 2786 1010 ut
2808 954 2909 1010 sibi
2938 953 3330 1025 persuaderent
3355 962 3466 1008 tam
3493 952 3730 1023 probro-

2140 1061 2260 1102 sum
2307 1055 2363 1102 et
2398 1055 2554 1118 turpe
2603 1045 3018 1103 deliramentum
3067 1053 3484 1102 consectaneum
3515 1059 3637 1101 esse
3663 1059 3736 1100 ex

2141 1153 2204 1194 ea
2227 1137 2479 1193 suasione
2505 1152 2600 1192 seu
2632 1136 2737 1193 fide
2767 1136 2822 1192 in
2850 1152 2956 1207 qua
2979 1145 3137 1192 erant
3159 1151 3358 1208 corpus
3401 1135 3606 1192 Christi
3631 1136 3738 1192 Do-

2143 1229 2275 1285 mini
2305 1230 2358 1285 in
2383 1229 2741 1294 Eucharistia,
2782 1229 2962 1301 aliquo
2991 1229 3220 1286 rationis
3255 1245 3456 1303 genere
3484 1239 3539 1286 et
3571 1229 3739 1287 modo

2143 1323 2243 1378 sub
2285 1330 2492 1378 tactum
2517 1329 2574 1378 et
2605 1321 2780 1377 visum
2831 1322 3048 1388 cadere,
3086 1333 3144 1378 et
3192 1320 3314 1378 aliis
3344 1321 3593 1393 corporis
3624 1321 3741 1377 cir-

2141 1415 2656 1486 cumscriptionibus
2697 1413 2992 1470 obnoxium
3022 1428 3185 1471 esse:
3234 1415 3464 1470 arduum
3503 1424 3562 1470 et
3596 1413 3740 1470 dilli-

2143 1507 2245 1562 cile
2270 1522 2376 1562 non
2405 1506 2576 1562 solum
2605 1514 2772 1572 esset,
2803 1521 2990 1561 verum
3018 1505 3181 1562 etiam
3205 1521 3432 1578 prorsus
3468 1503 3740 1572 ἀδύνατον,

2142 1601 2375 1670 probare
2417 1600 2738 1671 praedictum
2769 1599 3050 1654 Ratramni
3108 1598 3426 1671 opusculum
3468 1597 3745 1671 applicato

2146 1695 2329 1750 animo
2364 1702 2420 1749 et
2444 1692 2670 1749 consilio
2692 1690 2896 1748 factum
2922 1690 3088 1747 fuisse
3109 1691 3176 1746 ad
3199 1692 3339 1748 hanc
3367 1689 3745 1746 Stercoranis-

2148 1785 2279 1842 tiam
2328 1785 2710 1842 confutandam
2742 1801 2756 1850 ;
2803 1785 2868 1840 de
2901 1799 3010 1854 qua
3055 1799 3124 1840 ne
3151 1787 3248 1860 νρὺ
3275 1782 3491 1855 quidem
3516 1782 3570 1838 in
3601 1797 3748 1853 pne-

445 1875 737 1948 przesentia
789 1875 843 1931 in
897 1874 1238 1931 Eucharistia
1291 1884 1346 1930 et
1411 1871 2037 1938 transsubstantiatioue,
2074 1879 2292 1950 Baicto
2330 1877 2532 1934 libello.
2567 1877 2774 1950 Quippe
2823 1878 3001 1950 palam
3056 1877 3414 1949 improbabile
3457 1878 3748 1934 hominum

447 1984 612 2040 quam
642 1968 805 2026 hodie
853 1967 1096 2024 Ecclesia
1149 1967 1421 2024 catholica
1475 1965 1718 2023 defendit
1743 1973 1799 2022 et
1829 1979 2044 2034 semper

450 2060 705 2116 tuendam
733 2059 1004 2131 recepisse
1032 2058 1390 2115 defendimus.
1449 2050 1456 2054 ”

522 2153 602 2210 Eo
629 2153 933 2210 devolvitur
957 2153 1197 2224 primum
1223 2162 1622 2226 argumentum,
1648 2152 1794 2224 quod
1839 2148 2047 2208 scilicet

450 2263 576 2304 cum
601 2247 695 2304 hic
721 2247 950 2304 diversae
978 2247 1151 2318 partis
1201 2248 1437 2319 scriptor
1469 2264 1538 2304 ex
1567 2246 1860 2318 assumptis
1885 2261 1950 2301 ex
1982 2245 2046 2300 li-

449 2342 549 2397 bro
587 2357 652 2397 tu
681 2340 969 2407 Albertini,
1001 2339 1356 2396 Charentonii
1407 2341 1665 2407 ministri,
1717 2340 1786 2396 de
1836 2340 2048 2396 Eucha-

451 2430 606 2487 ristia
653 2431 917 2488 adversus
953 2431 1286 2488 cardinalem
1340 2432 1664 2490 Perronium
1712 2431 2047 2504 argumentis

449 2524 687 2594 probare
711 2523 905 2580 enixus
951 2523 1023 2580 sit
1063 2522 1422 2580 Ratramnum
1474 2526 1790 2597 praedictum
1821 2541 1926 2579 non
1953 2539 2047 2594 po-

449 2614 622 2671 tuisse
681 2629 838 2670 suum
895 2613 1093 2670 librum
1154 2631 1410 2673 exarasse
1455 2617 1716 2674 adversus
1759 2617 2048 2688 quamdam

452 2715 658 2764 sectam
687 2704 1241 2774 Stercoranistarum,
1267 2723 1389 2779 qua:
1414 2709 1728 2781 neutiquam
1769 2709 1822 2764 in
1865 2724 2048 2764 rerum

453 2808 649 2855 natura
703 2798 936 2865 exstitit,
963 2808 1021 2856 et
1061 2815 1184 2871 quae
1237 2816 1464 2871 prorsus
1489 2801 1731 2872 antiquis
1773 2800 2050 2856 historicis

453 2892 639 2962 ignota
685 2889 788 2945 fuit
815 2891 908 2962 qui
953 2890 1020 2946 de
1063 2891 1450 2947 schismatibus
1474 2898 1529 2948 et
1576 2892 1745 2949 variis
1769 2906 1891 2963 qua:
1921 2907 2050 2948 con-

453 2984 694 3056 tigerunt
719 2998 1011 3057 progressu
1039 2991 1342 3057 temporum
1370 2985 1669 3043 hmresibus
1693 2987 2048 3056 scripserunt,

455 3074 778 3147 opusculum
811 3073 1093 3130 Ratramni
1125 3076 1434 3132 necessario
1476 3077 1737 3147 scriptum
1767 3076 1936 3133 fuisse
1964 3076 2054 3132 ad-

457 3182 649 3224 versus
703 3166 1015 3225 defensores
1069 3183 1215 3226 verre
1255 3169 1563 3240 praesentia:
1614 3169 1860 3240 corporis
1896 3168 2054 3224 Chri-

2150 1985 2311 2027 sensu
2340 1978 2395 2025 et
2423 1969 2635 2025 ratione
2672 1968 2991 2041 praedictum
3022 1969 3306 2041 scripsisse
3343 1968 3605 2024 adversus
3633 1969 3750 2023 ha:-

2153 2061 2339 2126 resim,
2380 2057 2497 2130 ejus
2545 2060 2882 2132 expositione
2935 2061 3148 2116 sincere
3197 2067 3253 2115 et
3298 2075 3426 2116 vere
3473 2058 3665 2116 reliCta
3695 2068 3754 2114 ct

2150 2151 2540 2224 printer-missa,
2572 2151 2771 2223 quippe
2805 2150 2942 2207 adeo
2971 2151 3106 2207 futili
3146 2159 3202 2207 et
3240 2150 3489 2217 ridicula,
3520 2161 3577 2205 ut
3608 2151 3751 2206 sitn-

2151 2245 2276 2316 plici
2307 2243 2648 2316 expositione
2677 2240 2908 2298 friabilis
2934 2255 3059 2300 esse
3103 2241 3381 2298 videretur
3406 2241 3661 2297 omnibus
3694 2246 3754 2296 et

2153 2337 2422 2394 diluenda.
2455 2335 2712 2409 Apposite
2751 2334 2916 2407 igitur
2952 2343 3006 2391 et
3033 2342 3401 2407 congruenter
3457 2333 3617 2388 fateri
3656 2345 3756 2388 nec

2152 2444 2304 2486 cesse
2352 2437 2436 2486 est
2479 2427 2678 2482 librum
2729 2425 3013 2482 Ratramni
3061 2436 3345 2482 exaratum
3385 2435 3441 2481 et
3483 2424 3752 2494 scriptum

2153 2520 2323 2577 fuisse
2351 2521 2616 2577 adversus
2644 2518 2921 2591 theologos
2945 2520 3280 2576 orthodoxos
3308 2537 3322 2574 :
3351 2518 3445 2575 sed
3481 2518 3608 2574 hinc
3637 2533 3754 2574 non

2153 2611 2506 2683 consequitur
2527 2611 2726 2668 factum
2742 2609 2914 2667 fuisse
2938 2610 3120 2666 dedita
3147 2627 3309 2682 opera
3339 2609 3656 2681 praedictum
3685 2609 3756 2665 li-

2155 2706 2313 2762 brum
2329 2706 2397 2762 ad
2411 2705 2794 2762 confutandam
2817 2705 3142 2761 sententiam
3173 2704 3498 2761 catholicam
3523 2703 3588 2759 de
3611 2718 3757 2776 prae-

2157 2801 2330 2857 sentia
2353 2815 2481 2856 vera
2502 2800 2750 2872 corporis
2767 2807 2822 2856 et
2845 2800 3130 2871 sanguinis
3146 2799 3352 2856 Christi
3390 2808 3448 2855 et
3469 2798 3758 2854 transsub-

2157 2893 2528 2950 stantiatione.
2551 2892 2761 2950 Revera
2791 2892 3082 2966 genuinum
3109 2901 3164 2948 et
3192 2892 3333 2948 idem
3361 2903 3758 2964 augumentum

2159 2985 2302 3057 quod
2328 2986 2522 3057 probat
2553 2993 2740 3042 contra
2782 2986 3189 3056 opinamentum
3227 2983 3759 3040 Stercoranistarum

2159 3075 2362 3134 factum
2385 3093 2493 3133 non
2519 3092 2662 3144 esse,
2693 3086 2750 3134 et
2775 3077 2841 3134 de
2870 3093 2977 3148 quo
3004 3076 3137 3132 nihil
3167 3077 3220 3132 in
3257 3077 3360 3132 hoc
3397 3075 3535 3131 libro
3566 3075 3759 3132 incur-

2163 3167 2234 3222 rit
2259 3168 2538 3239 conceptis
2567 3166 2747 3223 verbis
2784 3167 3109 3237 expositum,
3141 3167 3480 3223 demonstrat
3507 3167 3760 3237 aequabi-

457 3259 550 3324 sti,
588 3267 642 3316 ct
669 3259 1324 3327 transsubstantiationis;
1360 3262 1603 3332 adeoque
1624 3261 1728 3318 hoc
1750 3261 1925 3319 solum
1952 3261 2050 3316 do-
2081 3288 2129 3354 ο
2162 3256 2288 3314 liter
2318 3259 2580 3315 adversus
2607 3258 2801 3331 dogma
2829 3259 3130 3329 praesentiae
3159 3259 3344 3324 realis,
3388 3275 3551 3330 quam
3593 3259 3760 3316 reali-

461 3368 584 3423 gma
613 3352 868 3410 Ecclesiae
904 3352 1165 3409 Romanis
1206 3353 1262 3410 in
1303 3354 1408 3412 hoc
1446 3362 1685 3410 tractatu
1715 3354 2054 3410 confutatunt

460 3445 651 3502 fuisse.

532 3537 844 3595 Secundum
870 3547 1253 3612 argumentum
1278 3554 1346 3596 ex
1380 3537 1548 3595 variis
1579 3537 1792 3596 dicendi
1842 3537 2056 3610 generi-

462 3630 568 3687 bus
593 3637 650 3685 et
686 3630 958 3702 expressis
987 3630 1316 3702 imaginibus
1355 3640 1410 3686 et
1441 3629 1651 3688 Latinis
1698 3629 2060 3686 locutionibus

462 3721 695 3793 hujusce
743 3731 1010 3780 tractatus
1065 3723 1382 3790 assumitur,
1431 3739 1567 3795 quas
1618 3723 1798 3796 lingua
1857 3721 2061 3779 Gallica

464 3813 631 3869 scribi
680 3821 735 3868 et
778 3814 973 3884 exponi
1024 3830 1131 3870 non
1175 3828 1334 3885 posse
1382 3816 1486 3871 sibi
1533 3816 1830 3888 persuasit,
1872 3817 1928 3872 ni
1968 3815 2065 3871 do-

456 3899 636 3973 gmati
664 3899 922 3957 Ecclesia:
949 3903 1205 3959 Romanae
1245 3912 1300 3959 et
1327 3904 1607 3960 catholicae
1636 3905 1864 3961 adverso
1889 3915 1945 3960 et
1972 3921 2062 3960 re-

463 3989 730 4061 pugnanti
754 3989 1002 4062 adeoque
1039 3991 1221 4048 sensui
1246 3991 1671 4050 Protestantium
1695 3994 1950 4066 propitio.
1986 3994 2062 4049 Ea

468 4089 599 4138 sunt
623 4078 837 4150 objecta
883 4096 1006 4152 quae
1021 4081 1134 4153 jam
1161 4084 1416 4141 retaliare
1443 4086 1601 4142 nobis
1632 4086 1917 4142 incumbit.

543 4171 729 4228 Primo
759 4169 994 4228 fatemur
1040 4173 1274 4232 libenter
1319 4186 1480 4233 aetate
1525 4177 1810 4234 Ratramni
1864 4177 2064 4234 nullam

473 4263 754 4321 exstitisse
781 4262 1305 4324 Stercoranistarum
1350 4279 1552 4326 sectam
1585 4287 1600 4336 ;
1633 4269 1858 4334 scilicet,
1893 4270 2069 4341 impu-

473 4355 719 4414 dentium
741 4355 1023 4414 hominum
1051 4361 1389 4426 societatem,
1422 4362 1515 4433 qui
1543 4362 1646 4418 sibi
1675 4365 2066 4434 persuaserint.

475 4456 668 4506 contra
689 4465 909 4507 sensum
931 4450 1186 4509 Ecclesiae
1206 4455 1505 4524 catholicae,
1531 4456 1790 4513 credibile
1809 4472 1930 4514 esse
1953 4473 2070 4514 cor—

475 4555 578 4614 pus
603 4551 662 4598 et
693 4557 914 4600 carnem
957 4543 1163 4601 Christi
1210 4561 1370 4616 quam
1414 4547 1469 4603 in
1515 4548 1870 4605 Eucharistiae
1892 4565 2073 4604 sacra-

2163 3360 2331 3408 tatem
2386 3361 2586 3408 vocant
2640 3351 2878 3424 theologi
2935 3352 3272 3418 scholastici,
3325 3353 3489 3410 etiam
3548 3354 3761 3410 factum

2160 3459 2268 3500 non
2290 3443 2478 3512 fuisse,
2505 3443 2646 3501 etde
2667 3459 2772 3514 qua
2795 3444 2960 3500 etiam
2987 3445 3187 3500 nullam
3220 3445 3551 3501 mentionem
3586 3443 3719 3500 facit
3744 3465 3757 3500 :

2160 3549 2216 3595 et
2246 3554 2377 3595 vero
2399 3555 2505 3611 qua
2532 3539 2744 3595 ratione
2771 3555 2902 3594 usus
2929 3548 3076 3595 esset
3127 3549 3319 3596 auctor
3349 3539 3531 3596 verbis
3557 3550 3613 3594 et
3639 3555 3762 3596 ser-

2162 3645 2323 3686 mone
2348 3630 2635 3685 realitatem
2660 3640 2706 3685 et
2737 3631 3382 3688 transsubstantiatiouem
3402 3633 3764 3706 significanti-

2162 3720 2266 3777 bus
2291 3720 2344 3775 in
2371 3736 2535 3792 opere
2553 3720 2710 3791 cujus
2731 3721 3016 3776 consilium
3048 3733 3102 3777 et
3136 3724 3378 3779 auctoris
3405 3724 3570 3779 animi
3623 3723 3763 3780 aﬂ‘e—

2163 3824 2284 3871 ctus
2311 3823 2430 3870 erat
2459 3814 2806 3887 impugnandi
2837 3824 2891 3870 et
2914 3815 3220 3873 refellenda:
3249 3815 3512 3886 ejusmodi
3541 3827 3763 3876 senten-

2167 3905 2275 3961 tias.
2318 3905 2472 3973 Quod
2502 3904 2660 3960 facile
2689 3900 3033 3978 perspectum
3081 3907 3144 3962 iri
3193 3924 3298 3963 non
3349 3908 3661 3965 dubitamus
3690 3927 3762 3967 ex

2165 3995 2333 4051 variis
2358 3995 2797 4052 adnotationibus
2825 4013 3054 4067 quarum
3110 3999 3423 4055 accessione
3475 4000 3615 4058 hanc
3644 4001 3764 4056 edi-

2169 4086 2371 4143 tionem
2415 4096 2658 4143 nostram
2687 4089 3102 4145 cumulavimus.
3137 4090 3261 4147 Haec
3283 4091 3447 4163 igitur
3468 4093 3649 4148 omnia
3675 4108 3766 4149 as-

2169 4181 2432 4237 sumenda
2483 4191 2610 4238 sunt
2635 4183 2704 4238 ad
2744 4182 3174 4240 concludendum
3204 4185 3494 4242 censilium
3533 4195 3589 4242 et
3617 4202 3764 4243 men-

2171 4282 2282 4330 tem
2312 4273 2596 4330 Ratramni
2635 4274 2802 4330 fuisse
2837 4275 3054 4331 tertiam
3085 4276 3409 4332 sententiam
3443 4276 3766 4349 impugnare

2171 4382 2292 4438 quae
2340 4382 2593 4440 magnam
2652 4367 2817 4424 habet
2863 4384 2894 4424 a
2949 4368 3157 4424 duabus
3205 4368 3327 4425 aliis
3379 4367 3762 4426 differentiam.

2173 4459 2462 4516 Enimvero
2495 4461 2607 4515 haec
2655 4459 2956 4531 intelligere
2992 4469 3048 4517 et
3071 4460 3350 4532 propalam
3395 4460 3598 4516 habere
3641 4475 3768 4532 per-

2176 4558 2360 4620 specta
2388 4559 2444 4607 et
2486 4549 2644 4621 plane
2679 4549 2908 4605 enodata
2961 4548 3120 4605 facile
3149 4560 3234 4606 est
3261 4566 3328 4605 ex
3357 4551 3474 4621 ipso
3503 4550 3766 4622 opusculo

474 4641 662 4691 mento
681 4635 995 4707 recipimus,
1023 4635 1310 4693 obnoxiam
1335 4638 1502 4696 fuisse
1521 4640 1827 4711 digestioni,
1855 4640 2076 4697 alimen-
2102 4653 2151 4714 ι)
2179 4643 2480 4709 Ratramni,
2514 4643 2568 4698 in
2588 4658 2696 4713 quo
2725 4650 2895 4698 totum
2928 4642 3311 4714 disputationis
3358 4641 3634 4716 negotium
3670 4641 3766 4698 de-

477 4733 660 4782 torum
684 4726 1016 4785 triturationi
1045 4738 1101 4786 et
1131 4730 1393 4803 egestioui
1426 4745 1919 4802 excrementorum,
1947 4736 2072 4806 qui-

476 4817 584 4874 bus
611 4818 860 4876 homines
885 4820 1051 4893 largis
1077 4823 1304 4892 dapibus
1333 4825 1526 4890 saturi,
1552 4825 1733 4881 alvum
1760 4842 1915 4882 snam
1944 4843 2076 4884 exo-

480 4925 680 4968 nerare
708 4913 904 4970 solent.
939 4913 1054 4972 Hoc
1104 4917 1436 4989 opinamenti
1483 4935 1654 4992 genus
1703 4924 1838 4978 adeo
1866 4922 2073 4978 fatuum

480 5011 540 5059 et
565 5011 728 5060 recta:
755 5006 950 5064 rationi
991 5022 1298 5080 repugnans
1345 5011 1578 5078 videtur,
1620 5022 1680 5068 ut
1713 5029 1936 5086 prorsus
1969 5014 2073 5070 im-

481 5095 765 5168 probabile
791 5098 964 5154 visum
1009 5099 1177 5158 fuisse
1207 5118 1428 5160 necesse
1474 5118 1594 5160 esse
1623 5104 1872 5160 videatur
1902 5105 2077 5160 omni-

481 5188 586 5244 bus
612 5189 747 5246 viris
769 5191 864 5262 qui
913 5192 980 5249 de
1026 5203 1292 5264 potestate
1321 5195 1521 5252 mentis
1567 5212 1674 5253 non
1723 5197 2077 5254 excesserint.

482 5277 710 5351 Insuper
736 5281 872 5338 adeo
899 5281 1146 5351 feliciter,
1179 5303 1408 5345 nervose
1431 5298 1488 5344 et
1518 5287 1749 5344 faciliter
1778 5289 1942 5344 Pater
1968 5289 2083 5344 Ma-

483 5370 738 5429 billouius
785 5375 854 5431 ab
904 5377 1006 5435 hoc
1059 5378 1316 5452 figmento
1374 5382 1671 5438 vindicavit
1730 5382 2080 5439 lleribaldum

486 5463 801 5538 episcopum
831 5467 1366 5539 Altissiodorensem,
1397 5473 1756 5539 Amalarium,
1802 5473 2077 5530 archidia-

488 5574 688 5617 conum
714 5561 1112 5633 Trevirensem,
1137 5567 1449 5630 Rabanum,
1477 5567 1946 5639 archiepiscopum
1973 5567 2085 5624 Mo-

491 5652 891 5727 gul-tinensem,
919 5657 1160 5725 Florum,
1185 5659 1467 5716 diaconum
1489 5659 1748 5717 Ecclesia:
1768 5660 2087 5733 Lugdunen-

492 5745 590 5811 sis,
617 5755 677 5802 ut
701 5749 880 5806 uullus
908 5750 1189 5807 dubitandi
1237 5751 1387 5806 locus
1419 5751 1758 5822 relinquatur
1786 5754 1917 5825 quin
1950 5769 2086 5824 pra:-

497 5838 756 5897 stantium
792 5849 845 5898 et
889 5842 1467 5900 excellentissimorum
1528 5845 1766 5901 virorum
1821 5847 2084 5917 ejusmodi.

2178 4737 2412 4793 volvitur
2435 4736 2501 4791 ad
2535 4735 2640 4791 duo
2672 4735 2852 4806 capita
2889 4734 3002 4790 sive
3034 4736 3278 4792 membra
3305 4750 3374 4792 ex
3402 4736 3601 4807 quibus
3627 4735 3766 4790 liber

2180 4828 2452 4884 coalescit.
2482 4827 2720 4882 Primum
2750 4835 2963 4898 spectat
2991 4843 3085 4884 eos
3109 4817 3200 4900 qui
3225 4827 3325 4882 sibi
3357 4827 3768 4899 persuadebant

2182 4935 2294 4977 rem
2335 4934 2549 4976 omnem
2591 4919 2737 4975 nulla
2779 4929 2935 4991 parte
2972 4921 3186 4992 dempta
3215 4921 3268 4976 in
3292 4909 3632 4978 Eucharistia
3658 4920 3766 4991 pla-

2181 5027 2304 5067 nam
2321 5021 2373 5067 et
2389 5019 2629 5081 apertam
2649 5011 2982 5085 contingere,
3001 5013 3053 5068 in
3074 5013 3261 5069 oculos
3276 5021 3332 5070 et
3346 5013 3463 5069 sine
3483 5012 3653 5084 figura
3673 5021 3767 5068 aut

2181 5103 2301 5160 velo
2334 5104 2631 5162 incurrere.
2667 5103 2822 5171 Quod
2861 5102 3007 5159 nulla
3033 5104 3128 5160 sub
3157 5104 3356 5176 ﬁgura,
3386 5103 3535 5160 nulla
3557 5103 3653 5159 sub
3676 5103 3767 5158 ob-

2183 5196 2434 5254 velatione
2473 5196 2590 5267 liat,
2635 5196 2725 5252 sed
2756 5197 2922 5268 ipsius
2983 5197 3215 5252 veritatis
3269 5198 3412 5252 nuda
3462 5197 3769 5267 manifesta.

2181 5289 2324 5343 tione
2340 5300 2642 5366 peragatur.
2667 5289 2806 5346 Ecca
2828 5299 2956 5347 sunt
2977 5300 3236 5362 concepta
3261 5290 3426 5347 verba
3451 5289 3766 5358 Ratramni;

2186 5396 2252 5436 ex
2283 5381 2481 5450 quibus
2509 5380 2808 5452 intelligere
2840 5381 2998 5437 facile
3026 5390 3110 5438 est
3141 5399 3249 5438 non
3270 5382 3556 5455 scripsisse
3577 5391 3767 5439 contra

2188 5471 2247 5527 S.
2278 5471 2632 5529 Paschasium
2656 5472 3000 5540 Ratbertum,
3040 5489 3147 5530 non
3174 5474 3438 5531 adversus
3469 5474 3768 5531 Ecclesiam

2186 5566 2533 5631 catholicam,
2565 5580 2686 5636 qua:
2705 5579 2920 5637 semper
2950 5565 3000 5621 in
3031 5581 3093 5622 ea
3119 5565 3370 5624 suasione
3396 5567 3502 5622 fuit
3528 5567 3769 5638 aliquam

2184 5660 2297 5714 sive
2321 5658 2654 5729 aliquantam
2693 5672 2813 5714 esse
2857 5657 2913 5714 in
2961 5657 3222 5732 my‘sterio
3250 5657 3606 5716 Eucharistiaa
3633 5659 3768 5732 figu-

2187 5768 2304 5809 ram
2333 5753 2410 5808 rei
2443 5767 2598 5812 verae.
2625 5751 2871 5822 corporis
2899 5751 3099 5812 Christi
3143 5763 3199 5809 et
3229 5753 3506 5826 sangmnis
3533 5769 3770 5825 praesen-

2190 5848 2258 5902 tis
2285 5861 2390 5902 non
2421 5844 2811 5902 insociabilem.
