4088 6344
340 405 445 464 “'5

1069 404 1152 460 DE
1187 404 1509 462 CORPORE
1550 403 1638 460 ET
1676 403 2025 464 SANGUINE
2065 406 2321 464 DOMINI.
2361 439 2431 450 —
2467 407 2858 468 ΡΗᾸΞΕἋΤΙΟ.

3503 416 3605 472 HL

409 527 720 583 Secundum
746 527 890 599 quod
917 527 1213 597 impugnat,
1239 535 1293 581 et
1317 527 1478 597 primi
1503 533 1922 581 consectaneum
1949 536 2000 591 Α
2029 525 2307 582 Ratramni
2332 544 2345 582 :
2372 527 2597 599 legatur.
2633 529 2711 585 Ex
2737 544 2802 586 eo
2827 528 2981 585 facile
3009 529 3114 586 erit
3139 529 3436 603 intelligere
3460 532 3606 602 quod

337 619 740 684 necessarium,
771 617 971 690 quippe
997 633 1121 673 cum
1158 618 1204 674 si
1240 614 1374 673 nihil
1397 625 1544 673 esset
1573 615 1628 671 in
1654 613 1920 671 Euchari-

336 715 442 771 stia
471 713 800 786 ﬁguratum,
847 728 946 769 seu
973 712 1240 780 velatum,
1273 719 1697 783 consequeretur
1722 725 1791 766 ex
1819 709 1922 766 hac

337 809 648 879 sumptione
698 809 1064 866 necessarium
1114 824 1227 866 rem
1279 819 1445 865 totam
1496 823 1618 866 esse
1665 821 1922 864 sensuum

335 901 636 971 cognitioni
664 899 990 970 subiectam,
1019 900 1261 970 adeoque
1291 900 1658 964 corollarium,
1689 898 1920 962 scilicet,

333 1007 556 1048 carnem
596 1001 654 1048 et
687 993 1004 1064 sanguinem
1031 992 1230 1048 Christi
1271 1007 1392 1063 quae
1428 1007 1524 1047 ore
1561 990 1797 1047 fidelium
1827 1004 1920 1044 su-

331 1086 645 1149 mebantur,
666 1085 782 1141 sive
810 1093 981 1139 totum
1010 1083 1152 1153 quod
1183 1084 1430 1140 sensibus
1456 1083 1774 1154 percipitur,
1805 1097 1924 1138 esse

331 1191 536 1247 corpus
563 1175 803 1233 Christi:
838 1176 979 1232 idem
1015 1176 1382 1248 particulatim
1410 1177 1478 1232 de
1516 1177 1673 1232 beata
1703 1175 1925 1244 Virgine

331 1279 562 1335 natum,
614 1269 935 1326 cruciﬁxum
983 1286 1081 1341 pro
1132 1270 1287 1326 nobis
1333 1286 1398 1326 ac
1441 1253 1731 1341 sepultum.
1783 1268 1923 1325 Ecca

331 1378 546 1420 summa
575 1364 651 1418 rei
681 1363 914 1419 secunda
937 1403 953 1427 ,
990 1377 1153 1433 quam
1182 1361 1320 1417 Galli
1349 1361 1645 1417 secundum
1672 1370 1923 1431 punctum

329 1465 548 1517 vorant,
580 1471 738 1526 quam
773 1454 1103 1511 Ratramuus
1131 1456 1426 1526 impetebat
1451 1465 1506 1510 et
1537 1453 1681 1509 nulla
1713 1453 1924 1509 ratione

329 1548 639 1602 doctrinam
675 1545 927 1602 Ecclesiae
955 1546 1213 1602 Romanae
1247 1554 1485 1616 spectat,
1517 1545 1569 1599 in
1600 1560 1704 1614 qua
1734 1558 1922 1599 revera

326 1640 572 1694 creditur
598 1655 798 1711 corpus
827 1638 1029 1695 Christi
1059 1640 1320 1706 velatum,
1370 1649 1426 1695 et
1472 1639 1616 1709 quod
1657 1638 1757 1694 sub
1793 1651 1921 1708 spe-

329 1733 518 1788 ciebus
547 1733 728 1788 sensui
758 1729 1008 1788 obnoxiis
1038 1733 1370 1787 reconditum
1401 1740 1485 1787 est
1517 1733 1693 1801 ipsum
1725 1745 1922 1802 corpus

326 1826 394 1880 de
425 1826 584 1881 beata
614 1826 831 1898 Virgine
859 1834 1043 1882 natum
1071 1834 1127 1880 et
1151 1824 1299 1880 cruci
1329 1822 1576 1890 aﬂixum;
1611 1824 1703 1880 sed
1732 1824 1787 1879 in
1813 1839 1920 1894 qua

2025 621 2197 691 prima
2239 631 2395 692 parte
2435 624 2629 695 probat
2677 625 2795 680 sine
2844 623 3169 695 amphibolia
3215 633 3271 680 et
3310 626 3608 702 ὶηομάχιᾳ

2026 711 2352 784 singularem
2400 728 2518 770 esse
2561 714 2788 786 ﬁguram
2839 725 2895 772 et
2941 715 3276 787 aliquantam
3322 716 3377 772 in
3421 730 3608 773 sacra-

2025 815 2207 862 mento
2234 807 2478 878 corporis
2513 816 2569 864 et
2603 809 2880 882 sanguinis
2904 809 3148 876 Domini,
3187 819 3242 866 et
3273 825 3466 867 sensus
3495 825 3604 867 non

2024 898 2203 952 omnia
2231 899 2510 969 percipere
2536 908 2591 954 et
2615 900 2830 972 assequi
2855 917 2976 972 quae
3004 901 3058 958 in
3084 917 3150 957 eo
3177 911 3302 958 sunt
3326 921 3339 958 :
3369 901 3607 959 secunda

2025 1001 2154 1043 vero
2187 988 2552 1046 abundantius
2589 990 2779 1062 probat
2819 992 2923 1047 hoc
2950 1008 3148 1063 corpus
3176 993 3378 1050 Christi
3417 1007 3605 1050 sacra-

2025 1080 2260 1137 mentale
2308 1093 2367 1138 et
2410 1084 2732 1154 mysticum,
2780 1084 2894 1141 sive
2939 1086 3178 1142 exterius
3221 1086 3509 1159 ﬁguratum
3553 1094 3610 1142 et

2027 1175 2279 1230 sensibus
2324 1175 2620 1245 subjectum
2665 1185 2721 1234 et
2763 1178 3117 1249 permissum,
3159 1179 3301 1236 idem
3340 1196 3445 1236 non
3485 1194 3608 1237 esse

2028 1269 2170 1339 quod
2203 1278 2392 1324 natum
2433 1271 2498 1326 de
2527 1271 2747 1342 Virgine
2776 1279 2828 1326 et
2859 1272 3174 1328 cruciﬁxum
3207 1271 3327 1328 fuit.
3380 1272 3494 1329 Hoc
3523 1288 3609 1329 se-

2028 1361 2264 1417 cundum
2293 1363 2672 1433 disputationis
2703 1363 3000 1419 membrum
3035 1373 3154 1419 erat
3187 1375 3608 1420 consectaneum

2027 1453 2271 1509 naturale
2294 1469 2360 1509 ex
2387 1455 2583 1526 primo,
2609 1456 2850 1528 adeoque
2872 1471 3094 1513 necesse
3117 1465 3202 1512 est
3224 1457 3607 1514 refutationem

2027 1547 2318 1602 secundam
2349 1562 2471 1603 cum
2503 1548 2678 1619 prima
2715 1564 2836 1606 esse
2861 1549 3195 1628 naturaliter
3223 1565 3522 1606 connexam
3554 1565 3608 1605 et

2025 1641 2309 1695 sociatam.
2356 1640 2566 1698 Revera
2596 1658 2837 1698 annuere
2868 1658 3094 1700 necesse
3119 1652 3204 1700 est
3231 1644 3394 1714 paulo
3419 1643 3612 1698 diluci—

2026 1734 2146 1790 dius
2175 1734 2526 1790 Paschasium
2567 1744 2805 1792 mentem
2832 1752 2985 1793 suam
3017 1738 3336 1808 explanasse
3361 1738 3478 1808 ipso
3505 1737 3611 1792 Ra-

2028 1834 2262 1882 tramno.
2319 1826 2428 1883 Sed
2468 1828 2584 1883 haec
2622 1828 2888 1884 absolutio
2927 1827 3204 1886 Paschasii
3247 1846 3352 1887 non
3395 1829 3612 1887 aliunde

328 1933 608 1989 nunquam
637 1919 906 1973 creditum
945 1926 1028 1974 est
1072 1927 1130 1974 et
1172 1933 1512 1989 persuasum,
1545 1917 1686 1973 hanc
1712 1926 1921 1988 partem
1950 1901 1998 1962 Β
2027 1918 2263 1988 erumpit
2293 1933 2459 1990 quam
2490 1933 2556 1974 eo
2582 1919 2726 1990 quod
2766 1935 2947 1977 sermo
2989 1920 3107 1992 eius
3153 1920 3387 1992 amplior
3429 1928 3514 1976 est
3556 1928 3612 1975 et

327 2013 582 2068 sensibus
614 2013 910 2082 subiectam
950 2011 1310 2077 exteriorem,
1351 2011 1454 2067 hoc
1483 2010 1661 2066 velum
1701 2021 1757 2067 et
1791 2027 1916 2082 spe-

326 2105 462 2168 cies,
495 2104 657 2159 aliter
697 2103 839 2159 haud
882 2117 1038 2160 secus
1074 2112 1260 2159 essent
1300 2117 1498 2174 corpus
1522 2101 1724 2158 Christi
1754 2117 1919 2173 quam

328 2196 380 2250 in
412 2195 582 2268 ﬁgura
612 2203 708 2250 aut
735 2196 1232 2266 repraesentatione,
1256 2195 1324 2251 ad
1347 2203 1580 2250 mentem
1603 2192 1918 2260 Lanfranci,

326 2290 544 2347 abbatis
556 2288 842 2346 Beccensis
860 2297 916 2345 et
937 2289 1196 2360 temporis
1215 2303 1505 2360 progressu
1526 2287 1919 2359 archiepiscopi

325 2380 768 2447 Cantuariensis,
811 2396 974 2451 quam
1015 2380 1373 2437 defenderant
1401 2388 1456 2436 et
1486 2380 1577 2436 alii
1608 2379 1791 2451 plures
1820 2381 1919 2436 ad-

329 2488 520 2529 versus
565 2481 860 2529 sectatores
896 2471 1252 2544 Berengarii:
1303 2471 1546 2538 scilicet,
1593 2468 1918 2540 Fulbertus,

325 2566 682 2623 Carnotensis
703 2567 1008 2638 episc0pns,
1036 2575 1093 2622 et
1117 2567 1228 2632 alii,
1254 2567 1347 2637 qui
1375 2565 1555 2637 palam
1584 2581 1920 2638 cognoscun-

328 2669 417 2714 tur
441 2673 508 2714 ex
537 2659 679 2714 notis
709 2659 930 2722 nostris,
959 2658 1027 2714 ad
1054 2673 1338 2714 numerum
1366 2659 1643 2731 octoginta
1670 2674 1788 2715 sex.

395 2750 476 2806 Ex
507 2751 594 2806 his
623 2749 826 2822 liquido
852 2759 1064 2807 constat
1098 2759 1154 2806 et
1187 2751 1420 2806 dilucide
1459 2751 1601 2808 hunc
1630 2760 1920 2808 tractatum

327 2844 614 2900 Ratramni
645 2858 919 2914 nunquam
942 2843 1184 2913 potuisse
1207 2840 1376 2898 efﬁeri
1404 2843 1664 2900 adversus
1686 2842 1922 2899 Pascha-

326 2940 492 2994 sium.
551 2936 760 3008 Quippe
807 2952 964 3001 cum,
1020 2936 1074 2991 in
1123 2952 1189 2992 eo
1235 2938 1378 3006 quod
1428 2947 1636 3008 spectat
1681 2939 1918 3009 primum

328 3031 632 3088 membrum
678 3029 1097 3100 disputationis,
1150 3027 1478 3086 Paschasius
1526 3040 1635 3086 tam
1686 3030 1920 3089 dilucide

327 3124 618 3198 patefaciat
643 3139 806 3194 quam
836 3123 1168 3179 Ratramnus
1197 3123 1434 3195 aliquam
1464 3138 1585 3180 esse
1623 3125 1676 3180 in
1705 3125 1920 3182 Eucha-

328 3220 478 3276 ristia
502 3218 731 3289 ﬁguram
753 3228 808 3274 ct
829 3217 950 3273 vela
974 3233 1068 3274 seu
1097 3218 1433 3289 paropsides,
1451 3232 1551 3274 nec
1575 3218 1642 3274 de
1665 3218 1919 3276 omnibus

301 3308 447 3383 quae
483 3311 538 3366 in
568 3325 631 3366 ea
658 3319 783 3365 sunt
817 3324 1010 3366 sensus
1045 3310 1384 3376 discernere;
1434 3320 1490 3366 et
1519 3311 1662 3382 quod
1707 3319 1914 3383 spectat

326 3401 622 3460 secundum
661 3399 999 3467 membrum,
1037 3416 1261 3472 prorsus
1289 3401 1359 3457 sit
1385 3400 1635 3460 ἀδύνατον
1664 3402 1915 3457 Ratram-

327 3510 456 3551 num
502 3503 559 3550 et
602 3492 957 3550 Paschasium
1001 3502 1185 3565 partes
1227 3493 1484 3550 adversas
1522 3503 1578 3548 et
1613 3493 1915 3549 contrarias

326 3586 633 3644 defendisse
659 3605 673 3641 :
711 3601 832 3643 cum
862 3588 1162 3658 praesertim
1187 3587 1238 3642 id
1260 3588 1403 3658 quod
1427 3589 1666 3644 exterius
1690 3596 1915 3659 apparet

327 3681 380 3736 in
411 3679 753 3736 Eucharistia
779 3689 835 3735 et
863 3680 1114 3737 sensibus
1138 3691 1480 3752 perceptum,
1509 3697 1707 3753 corpus
1737 3683 1913 3753 ipsum

327 3772 526 3828 Christi
567 3787 688 3828 esse
718 3771 1344 3844 Paschasius-nusquam
1377 3775 1574 3829 dixerit
1614 3783 1801 3830 natum
1845 3789 1915 3830 ex

330 3866 553 3936 Virgine
581 3872 639 3918 et
663 3864 809 3920 cruci
840 3863 1079 3930 allixum,
1113 3865 1207 3921 sed
1233 3865 1570 3922 solummodo
1597 3867 1740 3937 quod
1768 3866 1914 3923 vela-

332 3967 440 4014 tum
474 3965 532 4012 et
561 3957 895 4012 reconditum
924 3965 1010 4013 est
1047 3967 1104 4014 et
1132 3958 1400 4014 occultum
1429 3958 1530 4014 sub
1557 3959 1737 4030 specie
1764 3968 1915 4017 exte-

331 4051 458 4106 riori
489 4050 740 4106 sensibus
771 4049 1042 4120 subjecta,
1089 4053 1230 4122 quod
1275 4050 1604 4107 Ratramnus
1634 4068 1911 4123 nunquam

331 4157 551 4213 negare,
601 4142 708 4196 imo
745 4157 876 4198 vero
920 4142 1146 4199 ﬁrmiter
1190 4143 1451 4199 revellere
1495 4153 1550 4200 et
1592 4144 1914 4202 conﬁrmare

330 4235 544 4290 videtur
582 4242 638 4289 et
676 4233 993 4304 intelligitur
1024 4250 1092 4290 ex
1128 4243 1278 4290 textu
1314 4236 1650 4307 autographo
1681 4237 1764 4291 sui
1797 4246 1910 4292 tra-

332 4337 508 4383 ctatus
536 4325 604 4382 de
631 4325 869 4397 Corpore
890 4337 945 4382 et
965 4326 1240 4400 Sanguine
1265 4328 1502 4396 Domini,
1532 4337 1586 4386 et
1612 4330 1915 4386 adnotatio-

334 4422 489 4477 nibus
520 4421 724 4476 nostris
759 4435 894 4490 quas
935 4421 1000 4476 de
1027 4419 1232 4476 Gallico
1257 4421 1479 4478 Latinas
1513 4421 1691 4478 daturi
1725 4438 1913 4481 sumus

335 4516 385 4570 in
414 4515 519 4571 hoc
546 4513 822 4570 volumine
849 4525 1197 4585 compactas:
1231 4515 1359 4586 quid
1391 4516 1553 4588 igitur
1582 4531 1803 4574 necesse
1830 4527 1915 4575 est

335 4616 408 4662 tot
438 4607 694 4678 vepribus
729 4615 786 4661 et
821 4608 1018 4663 mentis
1047 4609 1295 4664 humanm
1323 4609 1555 4680 seipsam
1585 4608 1913 4668 ludiﬁcantis

332 4697 560 4753 salebris
591 4697 798 4753 stillare
825 4698 1110 4755 cerebrum
1150 4699 1217 4755 ad
1255 4701 1692 4772 perspiciendum
1732 4710 1787 4757 et
1825 4703 1910 4758 in-

333 4789 588 4844 tuendum
620 4789 904 4846 consilium
935 4800 988 4847 et
1014 4800 1252 4847 mentem
1283 4793 1564 4848 flatramni
1599 4793 1652 4849 in
1686 4793 1822 4850 libro
1847 4796 1914 4852 de

329 4881 568 4955 Corpore
613 4892 668 4938 et
715 4883 975 4956 Sanguini
1009 4885 1262 4941 Domini?
1309 4885 1390 4941 Ad
1415 4887 1544 4958 quid
1574 4886 1913 4945 conducibile

329 4990 446 5031 esse
477 4983 657 5047 potest
684 4976 999 5048 figmentum
1030 4987 1086 5032 et
1123 4977 1400 5034 inventum
1430 4987 1590 5034 secta:
1625 4977 1910 5034 Stercora-

329 5066 594 5120 nistarum
623 5065 690 5120 ad
719 5065 1050 5132 diluendum,
1071 5067 1205 5123 adeo
1235 5065 1438 5123 fatuum
1464 5077 1517 5124 et
1545 5069 1911 5140 incogitabile,

328 5167 380 5213 ut
405 5159 495 5214 vix
522 5159 780 5216 credibile
805 5159 877 5216 sit
900 5159 1163 5232 ejusmodi
1187 5170 1392 5217 sectam
1413 5162 1467 5217 in
1487 5162 1620 5218 orbe
1643 5171 1912 5220 terrarum

328 5253 630 5318 exstitisse,
677 5251 742 5308 de
777 5268 884 5325 qua
923 5269 992 5309 ne
1018 5255 1243 5310 verbum
1279 5255 1496 5325 quidem
1531 5257 1790 5327 prodidit.
1846 5258 1913 5314 Et

329 5343 454 5414 quid
475 5357 544 5398 ex
565 5341 794 5400 adverso
818 5359 955 5416 opus
976 5354 1061 5402 est
1079 5344 1433 5400 Ratramnum
1459 5344 1562 5402 sibi
1585 5347 1912 5418 persuadere

331 5434 645 5506 impugnare
669 5435 905 5493 voluisse
945 5451 1058 5492 rem
1101 5437 1406 5508 praesentiae
1434 5439 1678 5508 corporis
1706 5441 1908 5497 Christi

329 5525 383 5580 in
405 5525 747 5583 Eucharistia
774 5536 831 5583 et
855 5529 1025 5600 ipsam
1050 5529 1730 5596 transsubstantiatiouem,
1747 5547 1932 5612 quam;

332 5617 660 5690 aliquantula
691 5620 1020 5693 cogitatione
1045 5630 1138 5676 aut
1163 5621 1515 5678 meditatione
1540 5637 1647 5678 non
1675 5631 1909 5694 reputat,

329 5719 382 5765 et
405 5718 516 5766 tam
544 5725 575 5765 a
603 5711 810 5768 duobus
830 5713 1098 5785 capitibus
1120 5713 1502 5785 disputationis
1524 5727 1686 5784 quam
1715 5722 1913 5770 tractat

329 5802 505 5860 aliena
532 5812 646 5871 est,
678 5821 841 5877 quam
871 5807 1052 5878 opinio
1085 5805 1608 5864 Stercoranistarum
1644 5806 1817 5879 turpis
1855 5816 1912 5864 et

331 5895 608 5962 probrosa.
665 5894 846 5955 Facile
890 5907 976 5956 est
1021 5915 1131 5972 prae
1178 5898 1428 5956 manibus
1468 5898 1672 5956 habere
1709 5897 1910 5956 librum

2024 2012 2200 2082 magis
2227 2011 2396 2068 fusus.
2458 2011 2746 2084 Utcunque
2779 2029 2869 2069 res
2897 2013 3037 2080 sint,
3083 2015 3224 2069 idem
3267 2028 3491 2084 prorsus
3526 2021 3612 2069 est

2023 2105 2307 2174 utriusque
2343 2119 2572 2172 sensus,
2619 2103 2753 2161 adeo
2800 2113 2860 2161 ut
2906 2105 3172 2161 utrumvis
3215 2105 3396 2161 videat
3441 2104 3612 2160 lector

2025 2197 2349 2269 applicatus,
2376 2212 2592 2268 semper
2636 2206 2924 2268 utrumque
2959 2197 3102 2253 idem
3145 2197 3423 2253 censuisse
3455 2196 3612 2252 intel-

2022 2290 2174 2363 ligat.
2229 2291 2520 2348 Enimvero
2568 2291 2694 2347 licet
2745 2290 3049 2348 clarissime
3094 2290 3238 2347 dicat
3282 2288 3611 2346 Paschasius

2023 2397 2222 2455 corpus
2249 2383 2453 2441 Christi
2482 2396 2700 2453 verum,
2725 2385 2793 2442 de
2810 2385 3032 2458 Virgine
3061 2392 3246 2440 natum
3276 2399 3397 2440 esse
3424 2384 3480 2439 in
3506 2382 3611 2439 Eu-

2023 2478 2280 2534 charistia
2297 2519 2312 2545 ,
2347 2494 2625 2550 nunquam
2651 2479 2792 2549 quod
2818 2477 2990 2550 ﬁgura
3015 2485 3099 2534 est
3116 2477 3319 2543 velum,
3343 2477 3398 2532 in
3421 2475 3611 2532 eadem

2022 2571 2364 2628 Eucharistia
2385 2585 2508 2628 esse
2529 2571 2822 2644 ipsummet
2839 2585 3036 2642 corpus
3055 2569 3290 2637 Christi;
3317 2577 3372 2625 et
3394 2567 3611 2625 etiamsi

2034 2667 2169 2724 Iicat
2215 2665 2546 2722 Ratramnus
2588 2674 2646 2721 et
2685 2665 2892 2735 liquido
2920 2664 3160 2720 declaret
3186 2663 3330 2734 quod
3365 2661 3609 2719 exterius

2023 2772 2216 2814 sensus
2255 2755 2389 2812 facit
2431 2757 2486 2812 in
2530 2763 2872 2812 sacramento
2899 2770 3004 2810 non
3037 2769 3159 2810 esse
3202 2753 3374 2824 ipsum
3411 2766 3611 2823 corpus

2021 2844 2224 2904 Christi
2264 2859 2450 2905 natum
2491 2863 2558 2905 ex
2585 2847 3000 2922 Virgine(num.
3028 2847 3146 2920 57),
3192 2845 3383 2904 nullibi
3428 2857 3607 2902 tamen

2021 2949 2185 3012 negat
2205 2957 2322 2997 esse
2346 2941 2525 2998 velum
2552 2951 2645 2998 aut
2669 2943 3014 3015 paropsidem
3043 2951 3137 2998 aut
3162 2952 3394 3015 tegetem
3415 2955 3608 3012 corpo-

2022 3036 2100 3092 ris
2153 3035 2367 3090 Domini
2411 3050 2426 3090 :
2477 3050 2602 3092 cum
2646 3045 2868 3092 econtra
2909 3035 3281 3108 dicatgaperte
3314 3044 3369 3091 et
3402 3032 3607 3089 affatim

2021 3139 2233 3187 asserat
2257 3131 2426 3201 (num.
2452 3129 2541 3202 16)
2579 3131 2722 3201 quod
2748 3129 2991 3186 exterius
3018 3139 3244 3200 apparet
3272 3145 3396 3185 esse
3419 3141 3604 3184 sacra-

2023 3233 2264 3281 mentum
2285 3240 2427 3281 verae
2445 3224 2627 3280 carnis
2648 3225 2974 3291 Dominicae;
3002 3233 3058 3280 et
3078 3239 3198 3282 esse
3219 3227 3351 3282 duas
3369 3223 3607 3281 existen-

2021 3320 2126 3376 tias
2151 3320 2394 3376 diversas
2423 3333 2606 3375 rerum
2639 3320 2867 3376 duarum
2898 3317 3258 3377 differentium
3286 3319 3454 3392 (num.
3479 3318 3603 3392 50);

2016 3427 2213 3483 panem
2262 3421 2319 3468 et
2361 3415 2548 3470 vinum
2597 3430 2719 3471 esse
2767 3429 3094 3472 conversum
3142 3414 3197 3470 in
3242 3414 3604 3470 substantiam

2016 3505 2265 3576 corporis
2291 3514 2345 3561 et
2373 3507 2652 3578 sanguinis
2679 3504 2848 3577 (num.
2878 3506 2991 3578 15).
3038 3505 3106 3561 Et
3144 3520 3251 3562 non
3289 3520 3451 3576 posse
3486 3506 3606 3560 sine

2014 3599 2246 3654 crimine
2271 3599 2511 3669 reputari
2542 3599 2616 3655 ibi
2646 3613 2754 3653 non
2783 3598 2953 3669 recipi
2982 3611 3178 3668 corpus
3206 3594 3406 3652 Christi
3430 3611 3601 3666 mum.

2013 3691 2128 3761 99).
2186 3690 2596 3746 Sacramentum
2635 3689 2838 3746 habere
2876 3704 3072 3744 nomen
3114 3687 3359 3758 corporis
3395 3686 3599 3742 Christi

2015 3789 2072 3837 et
2102 3795 2222 3837 esse
2249 3780 2416 3853 (num.
2451 3781 2560 3851 15),
2611 3795 2718 3835 non
2766 3777 2954 3848 majori
3002 3783 3272 3850 potestate
3311 3791 3446 3848 opus
3478 3790 3600 3832 esse

2015 3889 2130 3929 rem
2169 3888 2234 3928 ex
2264 3871 2432 3928 nihilo
2463 3871 2764 3928 faciendam
2794 3887 2955 3942 quam
2987 3873 3055 3928 ad
3088 3873 3400 3928 mutandam
3442 3881 3601 3927 natu.

2013 3981 2131 4021 ram
2162 3966 2329 4036 (num.
2358 3963 2470 4037 55).
2525 3963 2812 4035 Utcunque
2853 3977 2942 4019 res
2986 3963 3127 4031 sint,
3178 3977 3456 4035 nunquam
3494 3963 3600 4020 sibi

2012 4058 2451 4130 persuadendum
2480 4073 2623 4125 esse,
2661 4058 3074 4130 quibuscunque
3119 4056 3460 4113 sermonibus
3505 4065 3602 4112 aut

2013 4151 2195 4206 verbis
2228 4165 2360 4206 usus
2392 4151 2495 4214 sit,
2541 4164 2740 4221 corpus
2766 4148 2969 4206 Christi
3007 4149 3063 4205 in
3101 4147 3447 4206 Eucharistia
3488 4162 3595 4204 non

2014 4243 2182 4314 recipi
2207 4243 2374 4315 (num.
2402 4242 2548 4316 101).

2085 4337 2163 4392 Ea
2208 4338 2274 4392 de
2319 4352 2484 4392 causa
2529 4336 2903 4393 Protestantes
2949 4326 3226 4393 vindicare
3270 4337 3597 4393 studuerunt

2016 4427 2394 4484 ascribendum
2424 4443 2544 4484 esse
2565 4427 2747 4483 verbis
2775 4436 2829 4482 et
2855 4425 3092 4483 sermoni
3119 4425 3400 4482 Ratramni
3431 4424 3594 4480 alium

2014 4537 2232 4578 sensum
2277 4529 2333 4575 et
2374 4517 2746 4577 diversum'ab
2772 4535 2837 4577 eo
2861 4535 3025 4591 quem
3065 4519 3376 4591 signiﬁcare
3403 4517 3588 4572 voluit.

1941 4644 1994 4707 Β
2015 4611 2132 4670 Hoc
2157 4627 2287 4669 vero
2323 4610 2458 4682 jam.
2481 4613 2638 4668 nobis
2668 4611 3064 4669 discutiendum
3104 4617 3352 4707 superest
3392 4606 3444 4662 in
3476 4621 3592 4662 res-

2015 4705 2278 4775 ponsione
2302 4707 2369 4760 ad
2393 4704 2685 4760 secundam
2709 4701 3068 4772 objectionem
3086 4697 3391 4755 diluendam
3413 4705 3600 4752 aucto-

2014 4798 2093 4853 ris
2120 4797 2475 4853 traductionis
2499 4796 2720 4853 Gallica:
2747 4795 3030 4851 Ratramni
3055 4807 3197 4848 anno
3225 4790 3385 4848 1672.

2084 4891 2280 4946 Animo
2302 4890 2533 4945 intendit
2553 4899 2664 4946 toto
2683 4900 2739 4946 et
2756 4890 2966 4960 integro
2987 4894 3222 4942 tractatu
3237 4885 3592 4942 Ratramnum

2016 4997 2146 5038 voce
2181 4982 2410 5037 veritatis
2448 4982 2589 5037 idem
2623 4980 2931 5053 signiﬁcare
2959 4977 3103 5051 quod
3128 4993 3263 5036 voce
3292 4978 3550 5034 realitmis
3576 4996 3594 5034 :

2015 5092 2136 5147 quae
2181 5075 2358 5131 media
2401 5081 2560 5130 aetate
2604 5073 2911 5129 Latinitatis
2955 5089 3110 5130 usum
3158 5073 3340 5130 subire
3386 5073 3594 5144 cmpit,

2015 5169 2194 5223 adhuc
2228 5167 2476 5238 vagiente
2517 5164 2838 5220 scholastica
2882 5163 3163 5236 disciplina
3207 5165 3262 5220 in
3309 5164 3594 5236 parietinis

2015 5261 2291 5330 castigata:
2318 5257 2649 5323 Latinitatis,
2675 5257 2932 5327 quoniam
2964 5257 3082 5312 haec
3110 5272 3213 5313 vox
3245 5257 3484 5313 maxime
3508 5271 3595 5312 re-

2013 5360 2215 5423 pugnat
2252 5349 2473 5423 ﬁgurae;
2527 5357 2581 5404 et
2608 5364 2676 5404 ex
2713 5349 2799 5405 his
2827 5346 3101 5404 concludit
3136 5349 3280 5420 quod
3316 5363 3439 5404 cum
3480 5356 3596 5404 toto

2013 5446 2116 5500 hoc
2163 5441 2302 5498 libro
2348 5442 2543 5498 doceat
2581 5441 2912 5499 Ratramnus
2951 5458 3148 5514 corpus
3184 5441 3382 5498 Christi
3435 5439 3593 5498 nobis

2012 5550 2116 5591 non
2162 5534 2277 5590 dari
2324 5533 2378 5588 in
2421 5536 2657 5600 ueritate,
2697 5533 2789 5589 sed
2818 5535 2874 5590 in
2901 5535 3168 5607 mysterio,
3214 5542 3274 5588 ιιι
3313 5533 3591 5606 conceptis

2011 5626 2192 5683 verbis
2217 5625 2569 5695 qumstionem
2593 5625 2920 5698 propositam
2945 5625 3197 5695 explicet,
3221 5639 3445 5682 necesse
3466 5638 3590 5681 esse

1987 5727 2134 5775 eum
2165 5716 2399 5774 voluisse
2427 5717 2661 5788 probare
2689 5717 2742 5774 in
2771 5716 3113 5774 Eucharistia
3141 5732 3270 5774 vere
3297 5727 3353 5773 et
3379 5715 3591 5772 reatiter

2012 5827 2118 5868 non
2148 5810 2316 5882 recipi
2343 5825 2541 5882 corpus
2570 5809 2795 5876 Christi,
2821 5811 2917 5868 sed
2942 5809 3278 5866 solummodo
3303 5809 3359 5864 in
3387 5815 3592 5880 mysteo

2011 5902 2095 5958 rio
2138 5909 2193 5957 et
2240 5901 2409 5974 ﬁgura
2455 5902 2601 5973 quod
2647 5903 2865 5973 quidem
2917 5899 3588 5959 sensum'Calvinisticum
