4088 6344
475 406 573 463 ii5

1500 403 1851 459 ΙιᾹῚΙὶΑΜΝΙ
1893 401 2343 457 (IORBEIENSIS
2383 404 2684 463 MONACHI

3612 403 3758 472 ἠδ

466 528 670 600 liquido
701 541 765 582 ac
794 526 1029 581 dilucide
1055 524 1273 595 exponit
1301 533 1357 577 et
1381 522 1668 594 signiﬁcat.
1709 522 1767 577 Si
1798 524 1899 577 hoc
1927 536 2053 576 con-
2083 522 2129 583 Λ
2161 538 2340 578 rerum
2388 534 2443 578 ut
2478 525 2531 579 in
2573 541 2630 581 sc
2679 528 3005 585 consisteret
3045 546 3059 583 :
3093 529 3146 585 id
3184 538 3289 598 est,
3331 540 3512 587 utrum
3560 535 3755 604 reipsa

466 622 652 679 silium
693 637 788 677 seu
821 611 1267 688 inentem'aiiqna
1302 616 1621 687 probatione
1654 617 1807 671 ﬁrma
1839 624 1893 671 et
1926 630 2051 671 ner—

469 730 600 770 vosa
653 712 845 768 fulcire
899 710 1256 777 intendisset,
1316 709 1431 780 iam
1484 708 1769 766 Ratramni
1830 724 2049 765 causam

459 807 704 880 ieiunam
734 805 1041 875 relinquere
1068 816 1291 858 necesse
1319 813 1481 869 esset,
1511 811 1569 859 et
1596 802 1897 858 imitatione
1924 818 2051 857 con-

470 898 626 970 sequi
669 904 747 953 tot
785 896 1083 966 scriptores
1118 894 1539 959 ecclesiasticos,
1569 896 1636 949 de
1663 895 1860 965 quibus
1889 894 2050 964 supra

470 990 798 1047 mentionem
846 986 1093 1043 fecimus.
1151 986 1260 1043 Nec
1307 986 1587 1043 dubitandi
1634 986 1784 1043 locus
1832 986 2052 1043 relictus

469 1092 615 1141 esset
642 1083 774 1154 quin
802 1082 906 1138 iste
931 1078 1419 1153 monachusliuerit
1443 1080 1651 1152 primus
1680 1080 1905 1136 haeresis
1926 1079 2051 1135 Cai-

468 1179 702 1234 vinianae
728 1185 919 1233 auctor
943 1185 1000 1232 et
1025 1175 1409 1248 protoplastes.
1447 1174 1544 1231 His
1574 1173 1648 1231 ita
1678 1175 1887 1246 positis,
1912 1189 2055 1231 unus

466 1285 535 1329 ex
572 1268 761 1325 multis
807 1267 983 1324 deerit
1025 1268 1183 1324 testis
1209 1266 1460 1322 veritatis
1501 1275 1557 1322 et
1598 1265 1915 1338 singularis,
1967 1266 2053 1321 cui

468 1364 650 1419 caeteri
689 1377 787 1418 seu
823 1375 1015 1417 omnes
1052 1360 1283 1416 libenter
1311 1359 1551 1415 abnuere
1579 1372 1686 1413 non
1715 1357 1873 1412 veriti
1905 1364 2051 1423 sunt,

466 1452 701 1526 aquales
731 1463 827 1509 aut
866 1466 1146 1524 suppares.
1200 1451 1469 1509 Caeterum
1509 1466 1576 1507 eo
1614 1450 1917 1507 devolvitur
1946 1460 2056 1506 tota

467 1546 719 1619 probatio
757 1545 1143 1612 Protestantis,
1192 1561 1313 1617 pag.
1364 1560 1515 1600 xxxii
1563 1559 1676 1600 sua:
1724 1542 2058 1615 praefationis

469 1640 750 1711 impressae
774 1639 1096 1712 Rothomagi
1126 1655 1223 1712 per
1240 1638 1503 1696 Joannem
1530 1638 1707 1695 Lucas
1734 1654 1876 1694 anno
1897 1638 2055 1694 1672.

472 1786 478 1795 ,
548 1751 568 1784 ι
599 1731 715 1789 Vox
742 1733 997 1796 veritatis,
1028 1733 1205 1803 inquit
1232 1731 1458 1797 Gallice,
1490 1740 1671 1804 potest
1705 1731 1871 1801 obiici
1900 1746 2056 1787 men-

2156 614 2299 683 quod
2332 616 2505 673 oculis
2530 616 2818 687 subjicitur
2842 629 2987 677 esset
3027 636 3224 694 corpus
3252 620 3451 680 Christi
3480 627 3624 698 quod
3655 629 3753 681 vi-

2155 721 2273 763 sum
2298 718 2353 762 et
2381 718 2596 779 gustum
2623 711 2861 778 subiret;
2894 713 2974 768 vel
2997 713 3317 785 simpliciter
3332 717 3541 786 species
3572 726 3628 772 et
3648 734 3760 789 ap-

2152 798 2454 869 paritiones
2474 801 2631 871 panis
2667 811 2723 858 et
2747 802 2879 859 vini.
2919 803 3133 861 inﬁcias
3160 805 3241 861 ire
3271 821 3432 861 nemo
3463 808 3626 863 homo
3648 824 3727 879 ρο

2156 897 2263 945 test
2284 890 2411 961 quin
2442 894 2813 964 recognoverit
2844 894 3142 954 realitatem
3172 899 3418 968 corporis
3445 898 3650 956 Christi
3672 916 3752 958 eo

2155 983 2317 1038 modo
2342 997 2449 1054 quo
2479 983 2623 1039 illam
2652 985 3003 1059 intelligimus
3048 990 3361 1047 sociabilem
3395 1006 3519 1049 cum
3546 977 3755 1066 ﬁgura,

2155 1094 2279 1136 cum
2328 1081 2471 1137 dicat
2509 1083 2711 1152 passim
2744 1084 2911 1156 (num.
2955 1085 3047 1158 99)
3094 1088 3237 1145 hunc
3281 1104 3475 1161 panem
3503 1100 3557 1147 et
3600 1093 3757 1151 hunc

2158 1173 2407 1241 calicem,
2430 1175 2637 1234 scilicet
2664 1178 3088 1248 Eucharistiam,
3111 1197 3234 1238 esse
3264 1184 3601 1241 nominatam
3626 1204 3761 1243 cor-

2156 1281 2259 1337 pus
2285 1266 2487 1323 Christi
2515 1277 2715 1335 etesse,
2740 1272 3019 1342 vinumque
3048 1275 3280 1345 potuisse
3301 1277 3531 1331 converti
3547 1278 3603 1332 in
3629 1296 3762 1350 pro-

2156 1357 2330 1430 prium
2357 1358 2470 1428 ejus
2496 1363 2801 1432 sanguinem
2841 1362 3009 1435 (num.
3033 1365 3158 1436 28);
3190 1367 3289 1422 has
3312 1367 3522 1438 species
3548 1383 3760 1439 corpus

2158 1448 2386 1515 Christi,
2422 1466 2529 1507 non
2558 1467 2740 1508 rerum
2773 1453 3003 1510 duarum
3030 1454 3395 1512 differentium
3427 1459 3757 1515 existentias

2159 1541 2328 1612 (num.
2371 1542 2483 1615 l6);
2513 1543 2565 1598 in
2600 1545 2701 1601 hoc
2722 1546 2983 1617 mysterio
3013 1560 3128 1604 rem
3161 1565 3323 1605 unam
3352 1550 3406 1605 in
3437 1550 3599 1607 aliam
3624 1565 3760 1608 esse

2160 1636 2675 1708 conversamg(num.
2715 1638 2835 1711 l5);
2864 1650 2921 1698 et
2941 1656 3153 1697 summa
3177 1647 3532 1715 precantione
3561 1653 3760 1702 utatur

2159 1744 2287 1801 erga
2331 1729 2565 1787 lectores
2604 1731 2750 1787 circa
2778 1734 2943 1789 verba
2983 1736 3228 1806 quaedam
3258 1737 3453 1808 quibus
3482 1739 3655 1793 utitur
3682 1754 3759 1794 ne

469 1824 629 1881 dacio
647 1823 732 1879 vel
756 1823 960 1896 ﬁgurae.
986 1823 1157 1881 Usum
1178 1824 1323 1880 subit
1346 1824 1487 1895 apud
1502 1823 1859 1878 Ratramnum
1884 1822 2059 1893 primo
2086 1895 2122 1902 ᾳ
2159 1834 2359 1891 corpus
2378 1821 2580 1878 Christi
2619 1821 2721 1879 sibi
2756 1824 2959 1896 porrigi
3001 1842 3105 1882 non
3138 1828 3383 1883 credant.
3415 1828 3549 1884 Nam
3581 1831 3629 1886 si
3653 1846 3760 1902 per

469 1933 656 1983 sensu,
689 1895 946 1988 quoniam
978 1916 1210 1987 ﬁgurata
1239 1916 1451 1973 dicendi
1480 1930 1680 1988 genera
1703 1915 1900 1987 quibus
1926 1930 2056 1970 usus
2083 1895 2131 1957 Β
2156 1927 2346 1968 vocem
2373 1914 2605 1969 veritatis
2636 1895 2929 1971 realitateni
2958 1917 3327 1984 intellexisset,
3354 1920 3493 1977 hihii
3516 1895 3690 1995 magis
3722 1939 3757 1978 a

469 2009 742 2083 estJesus
767 2010 1017 2068 Christus
1056 2012 1109 2065 in
1143 2009 1434 2083 Evangelia
1470 2023 1576 2064 non
1616 2018 1740 2063 sunt
1776 2007 2057 2063 mendacia

471 2082 573 2160 nec
613 2102 770 2159 falsa.
827 2101 935 2158 Sed
978 2103 1033 2158 in
1079 2100 1341 2167 secundo,
1382 2116 1490 2171 quo
1524 2114 1626 2155 vox
1665 2099 1897 2155 veritatis
1940 2098 2057 2153 voci

469 2194 728 2251 realitatis
750 2194 943 2251 similis
966 2203 1053 2252 est
1076 2205 1133 2251 et
1154 2202 1239 2250 est
1259 2194 1505 2267 gemina;
1535 2191 1686 2249 verbi
1711 2192 1907 2263 gratia,
1933 2206 2058 2247 cum

471 2286 604 2341 dicit
633 2285 933 2341 Dominus:
977 2284 1090 2357 Ego
1118 2300 1236 2340 sunt
1265 2285 1420 2356 panis
1457 2284 1631 2349 vivus,
1665 2281 1753 2338 vel
1777 2282 1930 2346 vitae,
1970 2283 2060 2351 qui

471 2376 535 2431 de
559 2376 690 2433 calo
716 2377 961 2433 descendi
984 2377 1143 2449 panis
1165 2375 1289 2431 cali
1319 2375 1502 2447 (Joan.
1522 2388 1579 2430 vt
1597 2415 1611 2440 ,
1647 2374 1711 2429 il
1736 2414 1751 2438 ,
1787 2372 1911 2438 5i);
1946 2372 2059 2443 Ego

471 2487 588 2526 sum
614 2475 769 2542 panis
795 2473 960 2538 vim,
982 2472 1069 2526 vel
1095 2470 1253 2541 panis
1273 2470 1420 2535 vitai,
1443 2471 1531 2543 qui
1556 2469 1622 2525 de
1644 2467 1771 2523 σωΙο
1793 2467 2057 2532 descendi,

471 2570 598 2618 sunt
622 2561 923 2619 locutiones
952 2561 1219 2634 ﬁguratae,
1250 2575 1373 2633 qua
1401 2568 1583 2617 tamen
1612 2573 1756 2615 verte
1786 2566 1937 2624 sunt,
1970 2572 2061 2613 ve-

471 2656 634 2710 ritate
679 2655 965 2712 mendacio
1010 2663 1066 2711 et
1114 2652 1255 2710 falso
1298 2652 1547 2726 opposita
1596 2660 1655 2707 et
1703 2658 2058 2722 repugnante.

471 2747 698 2820 impium
750 2747 898 2805 enim
954 2756 1100 2805 esset
1148 2748 1333 2804 dicere
1383 2745 1662 2803 Christum
1714 2758 1899 2799 verum
1955 2757 2060 2798 non

471 2840 717 2896 dixisse:
749 2848 805 2896 et
828 2855 894 2895 ex
927 2839 1015 2896 his
1042 2839 1405 2899 locationibus
1441 2837 1600 2894 facile
1637 2845 1722 2893 est
1764 2834 2062 2907 intelligere

472 2930 751 2989 Christum
789 2931 1100 3003 signiﬁcare
1126 2930 1359 2989 voluisse
1392 2944 1452 2987 se
1486 2940 1748 3002 praestare
1777 2930 2063 2985 animabus

475 3026 680 3079 nostris
706 3024 855 3094 quod
888 3023 1213 3095 corporibus
1248 3024 1454 3079 nostris
1494 3023 1653 3095 panis
1682 3024 1927 3079 admovet
1967 3021 2063 3077 sli-

478 3126 738 3183 mentum,
768 3117 977 3175 scilicet
997 3117 1166 3174 vitam
1190 3125 1245 3173 et
1268 3117 1662 3175 nutrimentum
1694 3116 1958 3188 spiritale,
1988 3116 2063 3170 uti

477 3208 606 3265 alibi
634 3208 911 3281 explicuit.
945 3208 1335 3268 Verumtamen
1355 3252 1371 3277 ,
1400 3209 1666 3280 ejusmodi
1696 3209 1866 3280 ﬁgura
1895 3217 1950 3266 et
1981 3208 2062 3265 lo-

2159 2020 2321 2061 sensu
2338 2008 2607 2063 communi
2629 2017 2724 2064 aut
2747 2017 2861 2064 rata
2887 2011 3095 2065 ratione
3107 2010 3337 2068 alienius
3357 2012 3526 2068 videri
3542 2024 3755 2085 posset,

2106 2133 2113 2136 η
2160 2114 2323 2169 quam
2347 2114 2507 2169 quem
2524 2101 2755 2157 subeunt
2780 2117 2936 2157 usum
2954 2102 3200 2174 quaedam
3222 2103 3543 2162 elocutionis
3560 2107 3757 2163 formae

2162 2193 2216 2248 in
2240 2208 2335 2247 ore
2362 2193 2501 2265 eius,
2536 2209 2656 2264 quae
2684 2195 2831 2250 omni
2856 2204 3066 2252 remoto
3107 2197 3422 2255 discrimine
3443 2201 3761 2274 signiﬁcant

2162 2283 2321 2339 ﬁdem
2345 2282 2483 2354 eius,
2510 2285 2717 2342 scilicet
2738 2284 3042 2355 Ratramni,
3066 2297 3159 2343 aut
3179 2289 3555 2345 credulitatem
3583 2290 3759 2349 fuisse

2163 2390 2280 2431 rem
2312 2376 2560 2447 corporis
2610 2376 2813 2434 Christi
2856 2394 2978 2434 cum
3037 2379 3207 2451 ﬁgura
3247 2395 3369 2437 esse
3415 2382 3754 2439 sociabilem.

2163 2467 2366 2524 Verum
2396 2470 2450 2524 id
2482 2470 2586 2525 dici
2614 2469 2922 2526 nullatenus
2948 2479 3125 2542 potest
3152 2472 3297 2528 circa
3325 2471 3410 2529 vel
3448 2488 3573 2543 erga
3602 2484 3760 2544 pate-

2164 2561 2452 2618 factionem
2475 2562 2721 2636 corporis
2760 2562 2980 2620 Christi.
3014 2564 3222 2635 Quippe
3249 2578 3374 2620 cum
3422 2580 3528 2621 non
3572 2565 3755 2637 possi-

2166 2670 2287 2710 mus
2315 2655 2738 2725 praetermittere
2780 2664 2872 2711 aut
2911 2655 3153 2713 oblivisci
3179 2672 3335 2714 usum
3361 2673 3481 2714 esse
3509 2657 3761 2714 llatram-

2166 2762 2293 2801 num
2322 2746 2686 2817 quadraginta
2738 2755 2832 2803 aut
2880 2747 3239 2821 quadraginta
3289 2749 3498 2805 duabus
3544 2749 3758 2807 vicibus

2164 2839 2252 2895 his
2277 2838 2498 2895 vocibus
2530 2839 2657 2906 veri,
2681 2839 2915 2895 veritatis
2962 2849 3014 2894 et
3055 2856 3171 2895 cere
3219 2841 3467 2911 opposite
3506 2841 3574 2897 ad
3619 2842 3758 2913 iigu-

2160 2944 2308 3005 ram,
2362 2943 2429 2985 ex
2479 2929 2565 2985 his
2611 2930 2971 3002 quadraginta
3021 2931 3244 3003 triginta
3290 2932 3467 2989 tribus
3518 2933 3759 2990 voluisse

2166 3020 2474 3092 signiﬁcare
2503 3020 2923 3092 patefactionem
2951 3021 3201 3078 sensibus
3246 3021 3545 3093 subiectam
3568 3034 3760 3095 corpo-

2170 3111 2247 3166 ris
2272 3109 2507 3167 Domini.

2243 3200 2454 3260 Revera
2483 3217 2589 3260 nou
2618 3212 2751 3275 puto
2786 3202 2913 3259 alibi
2944 3203 3301 3260 Ratramnum
3332 3219 3488 3261 usum
3523 3217 3648 3262 esse
3673 3204 3759 3261 his

475 3302 711 3364 cutionis
747 3316 918 3376 genus
954 3319 1062 3361 non
1102 3303 1412 3375 signiﬁcant
1445 3317 1826 3359 RIALI'I’A'I‘ES:
1867 3303 2065 3373 quippe
2091 3285 2138 3350 C
2167 3297 2347 3352 verbis
2394 3297 2460 3352 ad
2487 3297 2899 3369 signiﬁcandam
2937 3297 3052 3353 veri
3097 3297 3343 3368 corporis
3373 3297 3577 3355 Christi
3610 3314 3754 3370 pras-

477 3409 602 3451 cum
629 3393 891 3453 Dominus
916 3411 1023 3452 non
1047 3395 1120 3451 sit
1144 3410 1358 3462 revera,
1384 3409 1481 3451 seu
1507 3395 1746 3461 realiter,
1771 3403 1863 3450 aut
1891 3394 2066 3464 reipsa

477 3485 654 3558 panis,
698 3486 792 3543 sed
833 3485 1009 3543 solum
1037 3486 1090 3541 vi
1127 3494 1405 3556 respectus
1448 3485 1662 3557 mystici
1704 3499 1862 3555 quem
1905 3484 2068 3539 habet

478 3579 547 3634 ad
595 3593 810 3650 panem.
868 3577 980 3635 Nec
1019 3578 1305 3651 quisquam
1342 3576 1627 3633 audaciter
1654 3573 1874 3645 obiiciat
1914 3574 2069 3631 nobis

478 3673 727 3729 eamdem
777 3687 892 3728 rem
936 3685 1099 3742 posse
1125 3685 1248 3727 esse
1275 3670 1563 3726 veritatem
1610 3678 1668 3724 et
1712 3668 1974 3739 ﬁguram,
2011 3675 2071 3721 ut

479 3765 657 3835 inquit
679 3764 1026 3821 Paschasius.
1078 3762 1213 3819 Nam
1243 3762 1459 3819 etiamsi
1495 3764 1599 3819 hoc
1631 3776 1734 3817 non
1766 3762 1836 3816 sit
1866 3760 2068 3831 impos-

482 3858 638 3913 sibile
667 3857 854 3928 aliquo
879 3872 1044 3913 sensu
1080 3866 1173 3911 aut
1210 3857 1394 3928 aliquo
1422 3872 1584 3921 casu,
1615 3871 1843 3927 prorsus
1870 3855 2073 3924 impos-

484 3950 644 4005 sibile
669 3958 756 4004 est
784 3950 838 4004 in
867 3950 1170 4020 quastione
1198 3950 1498 4005 Ratramno
1528 3949 1837 4021 proposita,
1869 3962 1938 4002 ex
1965 3962 2071 4016 qua

480 4038 661 4111 palam
690 4038 1112 4095 internoscimus
1141 4053 1304 4095 voces
1340 4038 1529 4111 figurat
1569 4047 1625 4094 et
1663 4038 1899 4094 veritatis
1933 4038 2074 4092 inter

480 4145 542 4187 se
567 4146 810 4202 pugnare
839 4131 1082 4202 adeoque
1112 4132 1457 4189 insociabiles
1485 4148 1605 4189 esse
1632 4152 1645 4187 :
1681 4131 1794 4202 iam
1823 4146 1956 4203 ergo
1983 4147 2074 4187 sn-

480 4234 581 4291 per
609 4221 712 4275 hac
741 4221 1042 4290 quaestione
1069 4238 1206 4293 opus
1242 4231 1325 4278 est
1353 4223 1670 4280 memoriter
1695 4233 1750 4279 et
1775 4238 1966 4279 secure
1997 4230 2075 4278 te-

483 4324 649 4376 nere,
689 4310 790 4366 bas
818 4326 980 4370 voces
1007 4327 1299 4369 VERITA’HS
1327 4323 1383 4370 et
1408 4329 1548 4370 vitae
1582 4315 1716 4371 nihil
1755 4314 1974 4386 proprie
2002 4315 2073 4369 si-

483 4396 746 4468 gniﬁcare
770 4410 971 4470 praeter
998 4416 1169 4457 nunc
1199 4410 1254 4457 et
1281 4416 1569 4459 BEALI'I'ER.
1607 4424 1623 4456 ι

563 4491 620 4549 in
649 4491 1018 4547 controversia
1068 4491 1213 4547 nulla
1270 4501 1354 4549 est
1405 4492 1763 4551 Ratramnum
1796 4497 1874 4552 uti
1910 4497 2078 4553 verbo

485 4582 716 4639 veritatis
766 4581 1061 4652 disparate,
1086 4582 1201 4639 sive
1228 4598 1327 4655 per
1365 4584 1763 4655 oppositionem
1789 4587 1856 4642 ad
1890 4602 2076 4643 vocem

482 4674 692 4748 ﬁgurae,
724 4675 818 4733 sed
848 4690 917 4732 ex
947 4675 1050 4733 hoc
1079 4677 1391 4750 neutiquam
1422 4680 1773 4751 consequitur
1821 4696 1886 4737 eo
1911 4697 2073 4739 sensu
2103 4656 2155 4717 Ῐ)

485 4783 700 4825 sumere
725 4769 1019 4827 realitatem
1059 4787 1167 4841 quo
1209 4787 1370 4829 sensu
1412 4788 1531 4829 eam
1558 4774 1896 4832 vindicamus
1939 4793 2078 4849 prte-

486 4862 626 4917 senti
653 4864 866 4934 corpori
905 4864 1107 4922 Christi
1145 4864 1198 4921 in
1239 4865 1603 4924 Eucharistia.
1657 4869 1947 4927 Enimvero
1985 4871 2079 4928 de-

486 4948 648 5009 fendo
669 4952 817 5009 illum
847 4969 1129 5013 assumere
1150 4957 1292 5014 hanc
1322 4972 1508 5015 vocem
1538 4968 1594 5015 et
1623 4961 1676 5015 in
1725 4964 1928 5033 St‘t‘iplo
1959 4964 2077 5034 eius

489 5044 663 5102 solum
687 5045 870 5102 subire
910 5049 977 5102 ad
1007 5049 1415 5120 signiﬁcandam
1455 5052 1874 5123 patefactionem
1906 5054 2079 5126 perfe-

489 5147 636 5195 ctam
681 5146 739 5194 et
776 5139 1097 5210 completam
1146 5144 1329 5200 carnis
1351 5144 1552 5201 Christi
1580 5156 1635 5202 et
1681 5149 1980 5219 sanguinis,
2026 5157 2083 5204 et

491 5230 633 5288 hanc
653 5227 1070 5301 patefactionem
1100 5248 1221 5290 esse
1244 5249 1308 5290 ex
1348 5246 1528 5292 mente
1566 5237 1681 5306 eius
1708 5240 2077 5297 insociabilem

489 5337 612 5379 cum
661 5322 949 5394 presentia
993 5323 1147 5389 reali,
1177 5326 1382 5383 scilicet
1433 5329 1733 5385 substantia
1779 5333 1996 5401 propria
2026 5342 2080 5387 et

394 5468 406 5480 ,
492 5422 686 5471 natura
725 5416 841 5485 ipsa
888 5415 1124 5471 humana
1175 5415 1395 5473 Christi.
1448 5420 1524 5475 Ex
1573 5421 1657 5477 his
1700 5422 1987 5478 manifeste
2026 5432 2080 5480 et

395 5504 406 5528 ‘
491 5506 725 5565 dilucide
751 5517 919 5578 patet,
945 5509 998 5565 in
1021 5510 1275 5566 examine
1299 5511 1522 5582 huiusce
1542 5516 1872 5584 quaestionis,
1899 5526 2078 5572 utrum

490 5612 688 5668 corpus
723 5608 778 5656 et
804 5601 1032 5671 sanguis
1050 5600 1250 5657 Christi
1299 5603 1492 5660 existat
1539 5606 1592 5661 in
1620 5606 1975 5664 Eucharistia.
2014 5607 2083 5663 In

488 5694 735 5766 mysterio
764 5704 854 5749 aut
873 5694 929 5751 in
956 5696 1200 5761 veritate,
1230 5696 1361 5752 nihil
1392 5697 1532 5753 aliud
1555 5700 1824 5757 discutere
1852 5701 2085 5757 voluisse

489 5794 691 5857 przeter
748 5787 888 5845 hanc
939 5790 1292 5861 qttazstionern
1322 5832 1338 5857 ,
1401 5805 1583 5849 utrum
1643 5796 1696 5850 in
1744 5796 2080 5853 Encharistia

492 5878 766 5953 aliquanta
798 5880 965 5955 ﬁgura
1021 5883 1310 5965 existeret,
1337 5885 1420 5943 vel
1460 5887 1749 5961 patefactio
1797 5890 2081 5948 manifesta

2170 3392 2419 3455 Sentiam,
2467 3406 2631 3462 quam
2668 3391 2959 3447 realitatent
2992 3400 3306 3463 nuncupant
3335 3391 3590 3464 theologi,
3636 3391 3759 3450 aliis

2170 3486 2224 3541 in
2247 3484 2382 3541 locis
2412 3499 2576 3555 quam
2600 3499 2752 3545 num.
2786 3482 2851 3552 5,
2889 3484 2990 3552 49,
3022 3484 3128 3556 67,
3156 3483 3226 3540 83
3259 3492 3314 3541 et
3339 3484 3429 3552 84,
3468 3500 3533 3541 ex
3562 3485 3760 3556 quibus

2170 3575 2518 3648 incogitabiie
2566 3585 2651 3632 est
2704 3591 2863 3647 posse
2904 3575 3281 3632 Protestantes
3310 3578 3602 3648 quidquam
3654 3577 3759 3634 sibi

2171 3669 2466 3741 propitium
2516 3677 2610 3724 aut
2650 3669 2950 3725 secundum
2984 3669 3259 3743 colligere.
3293 3670 3505 3740 Quippe
3534 3687 3660 3727 cum
3694 3686 3758 3726 ea

2172 3762 2384 3817 ratione
2428 3762 2621 3832 agendi
2668 3777 2798 3818 usus
2846 3762 2937 3828 sit,
2971 3770 3029 3816 ut
3079 3763 3389 3818 distinctius
3440 3763 3763 3819 observaret

2172 3855 2429 3911 Ecclesiae
2446 3854 2729 3911 catholica:
2765 3852 2954 3910 ﬁdeles
2979 3869 3085 3909 non
3110 3854 3354 3919 credere,
3381 3869 3482 3911 nec
3506 3855 3606 3911 sibi
3631 3869 3760 3926 per-

2173 3950 2405 4002 suadere
2447 3961 2644 4017 corpus
2693 3944 2899 4002 Christi
2959 3959 3080 4001 esse
3133 3947 3277 4017 quod
3321 3947 3566 4003 exterius
3604 3955 3762 4003 extra

2176 4041 2493 4112 mysterium
2516 4041 2737 4112 pateﬁt,
2781 4043 2875 4097 sed
2903 4054 3129 4099 econtra
3154 4059 3255 4100 nos
3288 4044 3515 4100 credere
3544 4043 3617 4100 ibi
3641 4058 3763 4099 esse

2177 4134 2443 4190 creditum
2497 4142 2554 4189 et
2586 4136 2864 4206 cognitum
2890 4137 3083 4210 spiritu
3111 4139 3211 4194 sub
3242 4137 3476 4210 imagine
3508 4137 3681 4194 oculis
3709 4147 3765 4193 et

2176 4227 2426 4283 sensibus
2462 4227 2664 4283 nostris
2692 4228 2936 4299 subiecta
2969 4246 3155 4287 revera
3190 4232 3553 4287 reconditum.

2247 4319 2374 4376 Haec
2406 4319 2608 4376 habere
2637 4330 2919 4393 perspecta
2959 4321 3117 4379 facile
3157 4331 3239 4379 est
3273 4338 3339 4378 ex
3382 4339 3532 4380 num.
3582 4321 3671 4383 77.
3711 4324 3765 4378 in

2178 4426 2286 4483 quo
2314 4414 2592 4483 conceptis
2620 4413 2801 4471 verbis
2826 4415 2941 4472 haec
2959 4415 3228 4488 leguntur.
3260 4435 3279 4468 ι
3314 4416 3570 4472 Exterius
3600 4417 3768 4487 igitur

2175 4504 2321 4574 quod
2348 4513 2572 4575 apparet
2599 4520 2706 4561 non
2736 4514 2820 4562 est
2844 4508 2958 4578 ipsa
2987 4522 3095 4573 res,
3120 4508 3213 4563 sed
3240 4509 3418 4579 imago
3449 4508 3556 4575 rei;
3586 4519 3767 4564 mente

2177 4610 2312 4651 vero
2341 4598 2484 4669 quod
2524 4598 2757 4653 sentitur
2790 4606 2845 4654 et
2894 4598 3230 4671 intelligitur,
3276 4601 3479 4656 veritas
3513 4600 3613 4656 rei.
3652 4621 3671 4653 ι
3705 4601 3768 4656 Et

2180 4706 2332 4746 num.
2367 4691 2436 4747 84
2469 4709 2481 4745 :
2515 4709 2533 4743 ι
2587 4691 2654 4747 Et
2690 4691 2882 4748 modus
2910 4692 3013 4747 iste
3034 4693 3087 4747 in
3116 4691 3285 4765 ﬁgura
3309 4703 3393 4749 est
3423 4701 3479 4748 et
3508 4693 3763 4764 imagine,

2180 4790 2242 4837 ut
2268 4783 2590 4842 veritas.res
2624 4781 2738 4853 ipsa
2780 4783 3064 4839 sentiatur.
3105 4803 3124 4836 ι
3154 4781 3440 4854 Utcunque
3465 4798 3523 4838 se
3551 4798 3640 4838 res
3670 4785 3768 4838 ha-

2181 4875 2363 4941 beant,
2386 4890 2509 4930 cum
2542 4883 2792 4931 versatur
2815 4876 3066 4933 manibus
3093 4877 3458 4933 litteratorum
3483 4877 3765 4932 hominum

2181 4975 2235 5021 et
2269 4966 2603 5020 eruditorum
2634 4967 2872 5021 virorum
2906 4967 3044 5023 liber
3067 4968 3306 5024 auctoris
3341 4978 3396 5024 et
3427 4970 3492 5024 de
3521 4982 3588 5024 eo
3614 4984 3767 5040 qua:-

2181 5055 2287 5111 stio
2312 5055 2442 5111 facti
2475 5063 2745 5123 movetur,
2786 5056 3151 5114 consulendus
3173 5066 3261 5114 est
3291 5059 3536 5131 apprime
3559 5068 3618 5115 ut
3642 5059 3768 5131 quis

2184 5148 2257 5204 sit
2292 5147 2411 5218 eius
2445 5162 2638 5204 sensus
2682 5148 3033 5220 percipiatur,
3085 5165 3190 5207 non
3219 5164 3379 5207 secus
3417 5167 3481 5208 ac
3512 5151 3556 5207 sl
3587 5151 3769 5207 adhuc

2184 5239 2238 5293 in
2277 5239 2411 5294 vivis
2451 5249 2597 5296 esset
2643 5250 2852 5298 auctor.
2896 5241 2968 5297 At
3002 5256 3133 5298 vero
3163 5240 3515 5312 subiiciamus
3537 5240 3652 5312 iam
3681 5257 3769 5298 re-

2183 5333 2383 5389 vixisse
2424 5334 2802 5402 Ratramnum,
2848 5345 2904 5391 et
2931 5345 3319 5405 percontemur
3344 5337 3413 5393 ab
3432 5352 3500 5392 eo
3520 5335 3650 5407 quid
3682 5337 3769 5392 in-

2186 5427 2449 5485 tellcxerit
2471 5446 2566 5501 per
2589 5432 2728 5486 hanc
2747 5445 2935 5487 vocem
2957 5431 3208 5499 veritatis,
3236 5440 3290 5489 et
3310 5433 3439 5504 quid
3460 5433 3771 5507 signiﬁcare

2184 5522 2365 5577 animo
2395 5523 2684 5579 intenderit
2724 5539 2755 5579 e
2800 5524 3019 5595 regione
3063 5523 3222 5593 huius
3261 5527 3411 5581 vocis
3450 5525 3673 5597 ﬁgam;
3714 5535 3772 5582 et

2184 5619 2538 5688 responderet
2585 5617 2742 5674 nobis
2793 5618 3029 5676 dilucide
3075 5635 3197 5676 esse
3246 5621 3766 5678 demonstrationem

2185 5728 2280 5767 Sen
2309 5711 2725 5782 patefactioncm
2759 5713 2835 5769 rei
2859 5713 3022 5769 nullis
3054 5714 3262 5769 umbris
3283 5714 3471 5769 velatm
3507 5731 3605 5771 nec
3639 5715 3773 5789 ﬁgu-

2187 5803 2263 5857 ris
2293 5803 2614 5869 reeondiue;
2649 5819 2835 5860 revera
2863 5803 2980 5873 eius
3005 5806 3340 5876 responsioni
3369 5814 3476 5860 tam
3501 5805 3687 5872 ciarre,
3714 5815 3768 5863 et

2185 5895 2347 5953 nullis
2378 5895 2699 5963 ambagibus
2736 5897 3024 5961 intricatze,
3061 5895 3219 5953 ﬁdem
3260 5895 3522 5955 adhibere
3553 5913 3660 5979 non
3690 5912 3754 5957 rc
