4088 6344
355 324 459 385 ΗῚ

1074 336 1161 389 DE
1199 334 1523 394 CORPORIS
1556 337 1647 396 ET
1683 332 2033 395 SANGUINE
2069 335 2331 399 DOMINI.
2369 375 2438 387 —-
2477 346 2895 408 PREFATIO:

3525 359 3629 417 ηε

353 463 670 513 ualeremus,
713 464 815 505 nec
852 451 1228 509 dubitaremus
1251 453 1380 521 quin
1410 466 1478 509 ex
1507 455 1677 511 verbo
1703 453 1935 510 veritatis
1964 448 2013 511 A
2112 450 2403 517 Enimvero
2425 476 2616 521 omnes
2660 478 2789 521 suos
2833 475 3061 523 conatus
3093 467 3159 522 ad
3191 467 3297 524 duo
3322 471 3501 542 capita
3530 489 3626 530 seu

352 540 689 598 intellexerit
732 543 1150 614 patefactionem
1208 554 1265 602 et
1322 547 1742 607 declarationem
1793 564 1824 603 a
1879 564 1941 607 re

352 632 494 705 ipsa,
523 634 765 692 admisso
797 636 1115 694 discrimine
1146 647 1206 696 et
1243 637 1545 696 differentia
1585 659 1598 695 :
1627 640 1671 696 si
1716 640 1940 711 insuper

349 735 631 783 assereret
675 742 790 784 rem
846 729 1020 800 ipsam
1046 744 1168 787 esse
1205 731 1541 790 reconditam
1576 731 1807 788 velatam
1836 731 1940 789 sub

349 818 547 889 ﬁgura,
581 820 729 891 quod
753 836 942 877 revera
974 823 1047 879 ita
1066 837 1129 879 se
1155 824 1355 880 habere
1389 825 1582 881 asserit
1617 833 1673 882 et
1705 823 1941 883 affirmat

348 918 416 973 de
437 932 672 988 corpore
698 917 902 976 Christi
942 921 997 975 in
1037 920 1397 978 Eucharistia.
1428 922 1500 979 At
1525 937 1654 980 vero
1680 924 1803 993 quis
1831 925 1934 980 du-

344 1009 559 1065 bitandi
586 1009 739 1067 locus
760 1013 1084 1084 relinquitur
1102 1015 1249 1085 quin.
1269 1016 1342 1075 ita
1368 1017 1581 1075 locutus
1607 1019 1679 1075 sit
1707 1028 1764 1075 et
1790 1020 1933 1078 scri-

341 1101 519 1174 pserit
572 1105 851 1175 conceptis
900 1106 1082 1163 verbis
1138 1108 1467 1166 Rati-smnus
1497 1152 1511 1176 ,
1572 1120 1628 1167 et
1695 1121 1931 1169 utentem

341 1209 501 1250 suam
550 1198 827 1266 aperuerit
870 1214 1019 1255 num.
1068 1201 1138 1268 8,
1178 1202 1262 1258 sui
1313 1203 1431 1258 libri
1478 1205 1547 1260 de
1579 1204 1820 1277 Corpore
1876 1216 1933 1264 et

340 1286 623 1359 Sanguine
647 1289 869 1356 Christi,
897 1292 952 1348 in
982 1307 1091 1364 quo
1115 1303 1402 1366 postquam
1448 1295 1632 1369 figura:
1662 1298 1929 1356 rationem

336 1383 615 1452 exposuit,
656 1386 737 1441 sic
784 1385 932 1443 fatur
972 1405 986 1442 :
1038 1408 1059 1442 ι
1102 1387 1317 1448 Veritas
1348 1407 1481 1448 vero
1516 1402 1604 1450 est
1638 1394 1717 1449 rei
1754 1396 1931 1450 mani-

334 1473 478 1529 festa
509 1474 906 1535 demonstratio
936 1480 1121 1537 multis
1147 1483 1462 1539 umbrarum
1486 1485 1811 1558 imaginibus
1832 1487 1929 1542 ob.

334 1567 533 1623 velata.
577 1589 599 1623 ι
630 1569 749 1627 Non
769 1572 913 1629 enim
941 1573 1203 1643 praefatur
1219 1590 1374 1631 suam
1400 1585 1634 1634 mentem
1656 1578 1928 1649 appellere

334 1662 626 1721 consilium
656 1665 848 1723 initum
873 1682 995 1725 esse
1016 1668 1083 1724 ad
1101 1670 1520 1727 examinandum
1541 1680 1598 1729 et
1623 1672 1922 1731 discutien-

333 1751 463 1808 dum
498 1770 571 1813 an
610 1771 810 1827 corpus
854 1757 1057 1816 Christi
1097 1774 1335 1829 praesens
1367 1762 1438 1816 sit
1466 1762 1551 1821 vel
1580 1778 1773 1821 revera
1802 1765 1920 1823 exi-

334 1856 446 1903 stat
474 1848 531 1904 in
558 1837 904 1909 Eucharistia
930 1865 946 1908 :
973 1851 1040 1907 de
1071 1853 1175 1909 boc
1199 1853 1343 1911 enim
1370 1853 1577 1911 nullum
1612 1857 1663 1913 ei
1697 1856 1919 1915 dubium

332 1938 569 2008 subolet,
599 1956 703 2000 nec
745 1943 1044 2001 secundum
1071 1943 1433 2018 Batramnum
1457 1946 1625 2018 (nam.
1658 1947 1747 2017 l5)
1783 1964 1918 2007 con-

331 2033 561 2088 trarium
600 2042 697 2090 aut
728 2049 1036 2107 repugnans
1071 2035 1177 2091 dici
1223 2014 1315 2092 αῗιι
1361 2014 1585 2108 cogitari
1616 2014 1784 2110 potest
1808 2040 1920 2096 sine

328 2124 585 2190 crimine;
631 2126 727 2183 sed
773 2126 953 2198 palam
1001 2143 1069 2185 ac
1097 2128 1301 2199 liquido
1344 2129 1566 2186 discutit
1596 2139 1651 2188 et
1688 2147 1919 2203 ruspans

326 2217 610 2273 examinat
649 2227 826 2274 utrum
873 2219 1047 2275 oculis
1087 2221 1333 2291 corporis
1371 2222 1692 2293 subjiciatur
1711 2230 1768 2278 et
1791 2238 1915 2293 per-

326 2309 599 2379 spiciatur
621 2327 689 2366 an
719 2311 943 2381 patefiat
987 2313 1297 2370 nullatenus
1333 2314 1571 2371 velatum
1592 2323 1645 2371 et
1668 2316 1918 2373 recondi-

328 2408 446 2456 tum
470 2404 641 2471 (nam.
663 2403 740 2475 5).
768 2424 789 2459 ι
814 2406 898 2461 An
929 2407 1047 2462 sine
1078 2408 1445 2478 cujuscunque
1473 2409 1744 2465 velatione
1767 2427 1915 2482 mys-v

326 2494 452 2549 terii
488 2494 594 2553 hoc
615 2505 871 2567 aspectus
916 2499 1193 2555 intueatur
1218 2500 1464 2570 corporis
1483 2488 1915 2572 exterius,'quod

322 2586 530 2642 mentis
554 2586 700 2644 visus
750 2588 1000 2659 inspiciat
1049 2590 1300 2658 interius,
1329 2599 1388 2648 ut
1419 2602 1590 2650 totum
1617 2595 1761 2665 quod
1800 2597 1916 2668 agi-

322 2684 440 2743 tur,
470 2678 523 2735 in
552 2678 1002 2739 manifestationis
1031 2682 1149 2741 luce
1190 2682 1483 2743 clarescat.
1522 2705 1541 2738 ι
1586 2684 1685 2741 Hic
1710 2696 1798 2743 est
1822 2702 1914 2743 ve-

321 2784 422 2823 rus
450 2770 772 2840 quaestionis
819 2779 1017 2839 status,
1060 2773 1175 2830 sive
1202 2790 1311 2844 quo
1347 2775 1468 2833 loco
1505 2792 1593 2835 res
1619 2786 1702 2834 est
1727 2778 1912 2848 dispu-

323 2859 551 2919 tationis
574 2860 641 2917 de
674 2861 1014 2921 Eucharistia
1047 2864 1189 2935 apud
1214 2865 1594 2927 Ratramnum.
1620 2868 1689 2925 Et
1719 2884 1911 2939 quam-
1952 2878 1957 2883 ‘

319 2950 405 3007 vis
444 2965 553 3007 non
598 2953 671 3009 sit
714 2953 999 3015 dubitandi
1031 2955 1182 3014 locus
1217 2958 1349 3028 quin
1398 2974 1540 3030 saepe
1588 2961 1786 3031 saepius
1825 2977 1911 3020 res

317 3042 437 3112 ipsa
463 3056 562 3099 seu
591 3042 827 3109 realitas,
858 3053 919 3100 ut
944 3055 1184 3111 vocatur,
1231 3048 1302 3103 sit
1337 3048 1625 3120 aliquoties
1654 3060 1710 3107 et
1743 3052 1911 3111 inter.

318 3134 450 3191 dum
501 3143 655 3193 stans
694 3136 941 3193 adversis
965 3200 968 3203 η
992 3137 1234 3210 vestigiis
1258 3147 1314 3195 et
1350 3154 1659 3211 repugnans
1689 3141 1902 3213 figuras;
1934 3177 1981 3244 α

320 3242 445 3283 cum
472 3242 663 3289 revera
700 3244 808 3284 non
836 3229 912 3289 ita
942 3244 1157 3301 semper
1185 3232 1402 3287 eveniat
1433 3248 1501 3288 ex
1524 3247 1792 3289 consensu
1820 3234 1903 3289 di-

320 3334 492 3376 versa:
519 3320 695 3389 partis
720 3320 1003 3392 scriptoris
1032 3321 1370 3392 praefationis
1395 3321 1615 3383 Gallicae
1641 3331 1696 3379 et
1723 3322 1901 3380 Calvi—

317 3416 527 3472 aisticae
547 3430 713 3486 quam
756 3415 846 3473 hic
874 3424 1213 3475 tractamus:
1239 3417 1404 3475 dubio
1437 3418 1625 3489 procul
1651 3418 1909 3476 Ratram~

314 3523 420 3564 nus
448 3508 872 3581 patefactionem
895 3523 1013 3577 seu,
1051 3517 1113 3567 ut
1156 3507 1273 3579 ejus
1311 3510 1492 3569 verbis
1533 3521 1677 3578 utar,
1731 3513 1903 3566 mani-

314 3601 648 3672 [estationsm
694 3610 788 3657 aut
845 3602 1182 3673 manifestam
1225 3603 1722 3663 demonstrationem
1768 3620 1902 3662 voce

314 3694 548 3750 ueritatis
579 3692 884 3760 intellexit;
917 3694 1117 3766 quippe
1142 3710 1267 3753 cum
1309 3696 1536 3764 ipsemet
1560 3695 1728 3761 dicat,
1760 3697 1902 3753 hanc

312 3785 625 3857 opinionem
656 3801 752 3845 seu
774 3785 1153 3845 credulitatem
1176 3786 1243 3843 de
1270 3786 1387 3843 viso
1409 3802 1505 3845 seu
1532 3787 1706 3844 oculis
1733 3788 1903 3843 numi-

312 3882 452 3941 f'este
479 3891 776 3955 conspecto
800 3897 1028 3953 corpore
1054 3882 1256 3941 Christi
1276 3884 1328 3939 in
1353 3883 1717 3952 Eucharistia,
1742 3893 1898 3941 tuen-

312 3967 435 4035 dam
466 3987 746 4049 receptam
790 3976 961 4035 fuisse
999 3978 1069 4034 ab
1094 3977 1413 4035 orthodoxis
1446 3979 1719 4051 plerisque
1747 3981 1899 4037 theo-

312 4075 469 4146 logis,
524 4073 731 4131 scilicet
770 4074 1136 4151 annuentibus
1183 4073 1414 4132 libenter
1439 4091 1503 4131 ac
1545 4085 1737 4147 sponte
1774 4077 1895 4134 fidei

312 4186 405 4227 seu
450 4168 693 4224 suasioni
725 4152 983 4223 Ecclesiae
1012 4158 1293 4223 catholicae
1321 4176 1379 4222 et
1412 4167 1685 4223 communi
1716 4168 1783 4223 de
1812 4185 1896 4224 re-

310 4280 435 4320 vera
478 4263 754 4319 existente
797 4261 1084 4331 prtesentia
1111 4260 1354 4331 corporis
1398 4259 1599 4316 Christi
1629 4271 1687 4316 et
1725 4270 1893 4317 trans-

309 4353 791 4417 substantiatione,
806 4351 1055 4407 ducentis
1064 4350 1185 4421 plus
1198 4366 1361 4420 quam
1378 4351 1536 4406 annis
1558 4361 1678 4421 post
1693 4352 1893 4407 editum

306 4450 454 4521 jussu
479 4445 664 4503 Caroli
703 4443 851 4500 Calvi
906 4444 972 4499 de
998 4441 1237 4513 Corpore
1274 4450 1331 4498 et
1364 4440 1640 4513 Sanguine
1682 4443 1894 4498 Domini

2041 557 2358 615 argumenta
2383 550 2619 609 devolvit
2657 554 2885 613 diverse
2913 571 3008 613 seu
3054 555 3420 617 Calvinistica:
3450 564 3626 632 partis

2039 639 2273 709 scriptor
2302 651 2361 698 ut
2387 644 2639 711 ostendat
2666 645 3082 716 patefactiouem
3115 664 3212 706 seu
3230 648 3619 723 manifestans-

2038 746 2157 787 nem
2189 732 2499 804 signiﬁcare
2553 752 2728 809 ipsam
2785 738 3096 809 realitatem,
3138 755 3236 798 seu
3284 756 3473 803 veram
3504 744 3620 801 veri

2036 823 2279 892 corporis
2297 823 2514 883 Christi
2538 828 2818 885 existentis
2848 831 3225 903 praesentiam;
3265 848 3497 907 quorum
3526 834 3621 892 de-

2034 914 2394 991 bilitationem
2423 928 2476 976 et
2499 921 2860 994 abjectionem
2893 924 3263 985 internoscere
3286 943 3388 986 nec
3407 927 3622 989 diﬂicile

2035 1023 2138 1064 nec
2162 1009 2390 1066 arduum
2415 1020 2518 1080 est,
2542 1014 2673 1071 viris
2700 1014 2969 1089 applicata
2999 1016 3280 1077 voluntate
3307 1020 3437 1081 huic
3461 1035 3621 1095 nego-

2034 1100 2112 1158 tio
2133 1110 2188 1159 et
2221 1105 2400 1162 studio
2432 1107 2893 1167 incumbentibus.

2103 1191 2345 1249 Primum
2373 1196 2609 1267 objicere
2651 1214 2760 1255 non
2788 1200 3181 1274 pertimescunt
3225 1218 3450 1263 necesse
3501 1203 3620 1269 fore

2032 1283 2374 1343 adversarios
2411 1302 2548 1361 quos
2575 1291 2841 1363 impetivit
2886 1291 3238 1361 Ratramnus,
3280 1294 3327 1351 si
3355 1294 3633 1355 vocabulo

2033 1374 2469 1444 manifestationis
2496 1394 2603 1435 non
2631 1381 2895 1439 intellexit
2923 1383 3237 1453 reatitatem,
3264 1386 3370 1444 sibi
3398 1403 3620 1460 persua-

2030 1464 2167 1520 sisse
2192 1482 2389 1538 corpus
2415 1468 2617 1529 Christi
2667 1474 2946 1532 oculorum
2979 1476 3151 1535 aciem
3205 1477 3461 1546 subiisse,
3517 1483 3617 1536 sub

2030 1556 2393 1631 qualicunque
2412 1561 2586 1620 forma
2616 1575 2711 1621 aut
2738 1568 2917 1639 specie
2944 1569 3127 1627 carnis
3172 1569 3444 1639 humanae,
3490 1587 3615 1627 cum

2030 1664 2187 1707 secus
2212 1660 2266 1706 et
2315 1653 2472 1711 aliter
2514 1657 2955 1730 manifestationis
3002 1660 3223 1717 nomine
3262 1676 3370 1716 non
3434 1670 3616 1732 posset

2029 1746 2352 1816 nuncupari,
2384 1756 2438 1803 et
2467 1751 2764 1807 secundum
2789 1753 3243 1825 significationem
3290 1754 3617 1827 naturalem,

1951 1809 2001 1875 Β
2029 1836 2097 1893 iis
2121 1841 2415 1897 convenire
2440 1858 2547 1899 non
2572 1852 2789 1917 poterat
2828 1846 3139 1904 hominibus
3190 1848 3419 1906 oculatis
3467 1857 3616 1909 recte

2024 1942 2078 1990 et
2102 1944 2355 1992 accurate
2382 1938 2677 1995 scientibus
2699 1941 2811 1996 suis
2833 1941 3004 1999 oculis
3028 1940 3094 1998 ac
3137 1941 3431 2001 luminibus
3477 1941 3613 2001 nihil

2023 2026 2214 2099 subjici
2244 2043 2401 2100 posse
2430 2040 2627 2102 praeter
2654 2032 2944 2107 ἐπιφάνειας
2957 2037 3362 2111 ϐιπαράστασις
3385 2035 3542 2109 panis
3556 2044 3612 2097 et

2021 2120 2156 2186 vini,
2172 2121 2375 2180 scilicet
2392 2124 3112 2192 albedinem,rotunditatem
3125 2138 3181 2184 et
3197 2129 3598 2189 extensionem.

2022 2210 2224 2270 Verum
2268 2230 2492 2272 necesse
2523 2227 2609 2271 est
2638 2219 2966 2277 adversariis
3009 2220 3291 2301 Ratrarpni
3342 2219 3610 2291 ejusmodi

2021 2321 2137 2363 rem
2164 2308 2504 2379 cogitabilem
2538 2309 2705 2367 fuisse
2729 2326 2829 2369 seu
2856 2320 3093 2369 mentem
3137 2312 3447 2373 incurrisse.
3500 2312 3609 2375 De-

2018 2397 2181 2455 fendo
2210 2401 2354 2457 enim
2381 2399 2595 2457 fortiter
2629 2410 2687 2458 et
2719 2418 2948 2461 nervose
2977 2404 3081 2461 sibi
3114 2405 3449 2476 persuasisse
3478 2419 3610 2462 ocu-

2019 2489 2195 2546 lorum
2224 2507 2446 2549 suorum
2478 2495 2652 2553 aciem
2681 2497 2974 2571 perstringi
2997 2512 3223 2569 corpore
3255 2507 3310 2555 et
3345 2498 3609 2571 sanguine

2017 2578 2144 2638 Jesu
2176 2580 2374 2639 Christi
2404 2583 2614 2645 affectis
2639 2587 2991 2657 qualitatibus
3021 2592 3178 2661 panis
3212 2598 3267 2644 et
3293 2589 3421 2644 vini.
3456 2589 3606 2651 llanc

2017 2674 2162 2731 enim
2209 2677 2536 2733 sententiam
2585 2679 2838 2737 tuendam
2879 2682 3081 2751 recepit
3108 2681 3453 2739 doctissimus
3480 2696 3604 2743 carv

2017 2762 2213 2819 dinalis
2235 2764 2550 2835 Perronius,
2579 2769 2694 2823 sive
2719 2784 2915 2840 corpus
2944 2769 3144 2827 Christi
3194 2772 3383 2829 eadem
3416 2785 3606 2845 super:

2018 2852 2140 2910 ﬁcio
2166 2856 2588 2930 circumseptum
2604 2857 2769 2916 fuerit
2783 2861 2940 2931 panis
2961 2870 3015 2918 et
3035 2863 3143 2918 vini
3167 2864 3601 2935 praeexistentis;

2016 2962 2082 3005 ex
2132 2949 2330 3021 quibus
2382 2949 2729 3009 manifestum
2789 2962 3208 3010 consectaneum
3262 2955 3599 3027 erumpebat,

2015 3040 2225 3097 scilicet
2253 3056 2451 3114 corpus
2478 3041 2681 3100 Christi
2724 3044 2914 3101 eodem
2964 3044 3123 3103 modo
3158 3061 3349 3103 sensus
3387 3056 3603 3102 nostros

2015 3132 2231 3192 afficere
2256 3136 2456 3193 debere
2493 3154 2600 3209 quo
2628 3139 2786 3209 panis
2813 3148 2869 3197 et
2898 3140 3080 3196 vinum
3102 3150 3259 3197 antea
3274 3140 3598 3211 afllciebant,

2014 3230 2089 3283 uti
2117 3229 2392 3301 explicant
2414 3230 2721 3304 philosophi
2746 3232 3083 3301 Cartesiani;
3113 3233 3196 3290 vel
3224 3232 3390 3294 Deum
3419 3247 3517 3307 per
3542 3244 3603 3289 se

2007 3323 2063 3379 in
2115 3323 2363 3380 sensibus
2412 3325 2616 3381 nostris
2664 3324 2910 3396 sculpere
2944 3326 3162 3382 easdem
3213 3325 3479 3398 imagines
3507 3332 3602 3381 aut

2007 3417 2398 3473 conscribitare
2421 3434 2557 3489 quas
2584 3418 2740 3490 panis
2761 3427 2817 3475 et
2846 3419 3030 3477 vinum
3060 3419 3461 3491 imprimerent,
3489 3417 3597 3474 nisi

2005 3526 2193 3569 eorum
2226 3514 2608 3571 transmutatio
2644 3512 2789 3570 facta
2815 3514 3003 3581 fuerit,
3054 3524 3112 3571 ut
3140 3513 3375 3586 explicat
3400 3512 3599 3571 doctis-
3693 3587 3705 3596 ~

2005 3606 2177 3661 situlus
2201 3605 2362 3663 Pater
2390 3606 2615 3679 Magnan
2646 3623 2714 3663 ex
2741 3607 2932 3665 ordine
2951 3608 3319 3667 Miuimorum.
3338 3608 3453 3667 Hoc
3468 3622 3597 3673 vero

2005 3697 2211 3767 liquido
2238 3707 2449 3755 constat
2475 3707 2532 3755 et
2556 3699 2839 3757 evidenter
2867 3714 2937 3757 ex
2965 3701 3306 3757 sermonibus
3331 3708 3388 3759 et
3410 3699 3594 3759 verbis

2003 3790 2219 3849 abbatis
2248 3790 2517 3857 Abbaudi,
2566 3792 2656 3863 qui
2705 3800 2827 3863 post
2876 3791 3235 3849 Ratramnum
3274 3789 3494 3863 scripsit
3539 3798 3597 3846 et

2003 3883 2146 3941 hanc
2175 3884 2500 3940 sententiam
2531 3884 2786 3941 tuendam
2816 3884 3039 3959 recepit,
3064 3900 3228 3956 quam
3264 3882 3468 3941 affatim
3499 3897 3592 3938 ex-

2002 3975 2169 4045 plicat
2191 3984 2247 4031 et
2272 3976 2501 4033 extricat
2538 3985 2597 4032 ut
2639 3992 2706 4031 ex
2758 3976 3198 4034 adnotationibus
3224 3974 3427 4032 nostris
3454 3973 3590 4031 diluv

2004 4068 2123 4124 cide
2149 4078 2205 4123 et
2232 4069 2435 4139 liquido
2456 4070 2680 4141 patebit.
2714 4088 2732 4121 ι
2772 4070 3171 4147 (.‘ogitaveram,
3214 4070 3409 4141 inquit,
3437 4078 3493 4125 et
3519 4067 3587 4124 ilo

2003 4157 2068 4214 lis
2117 4159 2297 4229 aliqua
2348 4161 2675 4232 respondere
2705 4162 2797 4234 qui
2826 4161 3013 4218 dicunt
3039 4162 3215 4234 ipsum
3251 4176 3450 4232 corpus
3479 4174 3586 4216 non

2001 4249 2197 4323 frangi,
2237 4252 2331 4309 sed
2367 4247 2421 4307 in
2469 4252 2718 4310 albedine
2778 4253 2894 4323 ejus
2931 4262 2986 4310 et
3013 4253 3345 4309 rotunditate
3381 4250 3587 4322 aliquid

2001 4343 2269 4413 factitari;
2325 4346 2420 4402 sed
2466 4346 2777 4418 recogitans
2822 4346 3064 4418 ineptum
3118 4361 3239 4404 esse
3290 4344 3587 4418 Evangelio

2001 4435 2203 4494 Christi
2241 4438 2308 4493 de
2333 4437 2581 4495 albedine
2608 4446 2663 4495 et
2695 4439 3027 4496 rotunditate
3054 4438 3340 4511 disputari,
3372 4447 3587 4494 amatu-

309 4543 528 4598 librum.
556 4538 713 4609 Quod
740 4553 770 4592 a
804 4546 875 4599 te,
916 4536 1089 4592 lector
1115 4535 1340 4606 Optime,
1368 4534 1642 4591 cumulate
1668 4549 1884 4606 perspe-
1926 4546 1973 4606 ι)
2001 4529 2078 4585 ris
2092 4529 2216 4585 talia
2236 4529 2459 4586 auribus
2481 4532 2783 4611 dimovens,
2809 4531 3108 4590 dialecticis
3126 4537 3385 4587 autcerte
3403 4527 3588 4610 pueris

306 4652 453 4696 ctum
483 4636 554 4693 iri
585 4649 692 4690 non
719 4631 908 4687 dubito
933 4647 998 4686 ex
1050 4631 1363 4689 accessione
1394 4639 1670 4695 notarum,
1694 4630 1749 4686 in
1770 4631 1889 4701 qui-

307 4738 408 4794 bus
457 4730 788 4790 mentionem
845 4723 1169 4779 adduximus
1223 4721 1434 4778 abbatis
1494 4721 1777 4787 Ahbaudi,
1836 4731 1891 4777 et

307 4824 573 4889 Gnalterl,
607 4818 785 4891 magni
827 4817 1026 4889 prioris
1055 4814 1284 4871 abbatire
1328 4814 1501 4870 sancti
1530 4814 1765 4870 Victoris
1791 4814 1892 4870 Pa-

307 4920 576 4981 risiensis.
631 4917 798 4973 Porro
851 4926 1313 4984 supervacaneum
1351 4910 1491 4967 foret
1521 4913 1588 4967 ad
1617 4912 1891 4970 subterfu-

307 5018 560 5092 giendam
603 5021 661 5069 et
688 5006 1053 5067 enervaudam
1090 5004 1316 5075 hujusce
1365 5005 1733 5075 responsionis
1759 5006 1887 5071 vim,

306 5113 371 5167 avi
401 5112 581 5166 instar
608 5101 847 5159 auctoris
888 5096 1224 5170 przef‘ationis
1247 5095 1466 5152 Gallica:
1491 5097 1705 5167 scripue
1746 5114 1888 5167 anno

307 5206 466 5266 1672,
494 5214 618 5274 pag.
649 5196 722 5254 53
745 5192 912 5259 et34,
941 5190 1269 5249 contendere
1296 5198 1352 5244 et
1377 5189 1505 5245 totis
1528 5190 1736 5245 viribus
1773 5191 1890 5245 vin-

309 5300 493 5353 dicare
514 5293 659 5347 hanc
685 5300 873 5343 vocem
892 5293 948 5339 et
973 5283 1305 5339 locutionem
1334 5280 1778 5351 manifestationis
1801 5300 1887 5338 ve-

308 5388 481 5443 ritatis
523 5380 833 5453 significare
879 5378 1053 5449 ipsum
1098 5389 1260 5446 quam
1311 5380 1509 5429 vocant
1572 5373 1883 5442 realitatem,

308 5484 551 5550 :i‘feoqne
598 5474 957 5530 Ratramnum
1008 5470 1181 5540 ipsam
1232 5468 1480 5538 negando
1509 5466 1890 5536 manifestatio-

306 5568 681 5642 uem’corporis
701 5564 900 5621 Christi
944 5564 998 5617 in
1044 5560 1405 5625 Encharistia,
1446 5573 1772 5629 pernegasse
1805 5560 1885 5632 ip-

306 5682 420 5720 sum
461 5661 753 5718 realitatem
781 5673 875 5712 seu
906 5653 1027 5710 fidei
1051 5670 1144 5710 seu
1169 5653 1404 5709 suasioni
1436 5654 1753 5709 orthodoxa:
1778 5654 1890 5710 sin-

305 5774 429 5813 cere
459 5754 716 5811 abnuisse
765 5767 779 5805 :
825 5766 947 5805 cum
996 5749 1096 5802 hoc
1153 5747 1381 5817 probare
1411 5747 1482 5801 sit
1524 5762 1749 5816 prorsus
1777 5755 1886 5802 tam

304 5850 523 5912 difﬁcile
557 5863 719 5922 quan.
749 5846 996 5905 ἀδύνατον
1026 5857 1119 5898 seu
1147 5838 1494 5911 impossibile.

2002 4619 2126 4674 talia
2176 4622 2419 4691 permisi.
2472 4618 2792 4680 Praesertim
2822 4639 2944 4681 cum
2987 4621 3165 4694 quivis
3209 4619 3369 4675 facile
3407 4618 3587 4674 videat

2001 4708 2304 4765 albedinem
2357 4727 2453 4768 seu
2498 4714 2882 4771 rotunditatem
2929 4714 2996 4769 ab
3047 4712 3161 4783 ipso
3185 4724 3415 4781 corpore
3442 4711 3586 4780 quod

2000 4800 2181 4855 album
2206 4810 2301 4857 aut
2325 4804 2614 4860 rotundum
2642 4814 2744 4871 est,
2794 4803 3036 4876 separari
3065 4816 3173 4857 non
3209 4815 3387 4873 posse,
3420 4800 3495 4856 ita
3530 4809 3588 4855 ut

2000 4894 2068 4949 ab
2099 4886 2215 4966 ipso
2245 4911 2351 4952 non
2379 4897 2553 4953 fracto
2571 4913 2670 4971 per
2709 4914 2768 4956 se
2789 4896 3137 4969 singulariter
3179 4895 3519 4969 frangantur.
3560 4915 3580 4949 ι

2071 4986 2126 5042 1η
2158 4989 2404 5045 eamdem
2437 4991 2760 5047 sententiam
2785 4989 2948 5046 ivisse
2977 4987 3322 5055 Gualterum,
3345 4988 3582 5061 priorem

2003 5080 2061 5135 S.
2098 5079 2351 5147 Victoris,
2388 5091 2442 5136 et
2467 5082 2717 5139 eumdem
2746 5061 2903 5137 usum
2944 5080 3085 5152 apud
3136 5088 3427 5151 utrumque
3457 5078 3585 5134 sub—

1999 5175 2128 5230 iisse
2175 5175 2397 5231 verbum
2444 5175 2672 5230 veritatis
2714 5177 2781 5230 ad
2809 5174 3218 5247 significandam
3270 5172 3584 5247 patefactio-

1999 5283 2122 5323 nem
2154 5281 2248 5322 seu
2289 5267 2619 5338 manifestam
2650 5267 3166 5333 demonstrationem,
3197 5280 3291 5321 seu
3319 5262 3583 5337 cognitio~

1998 5377 2119 5416 nem
2152 5360 2464 5417 sensitivam
2497 5361 2740 5432 corporis
2768 5360 2969 5417 Christi
2993 5361 3094 5417 sub
3122 5357 3404 5417 affectibus
3426 5357 3582 5431 panis

1994 5461 2048 5507 et
2074 5452 2204 5517 viui,
2239 5451 2543 5513 nullatenus
2571 5466 2702 5508 vero
2723 5452 3071 5524 praesentiam
3096 5450 3212 5519 eius
3243 5463 3430 5505 revera
3460 5447 3579 5505 exi-

1992 5552 2224 5599 stentem
2254 5543 2391 5609 sive,
2421 5559 2582 5615 quam
2616 5553 2810 5601 vocant
2848 5544 2948 5600 aevi
2993 5541 3314 5615 posterioris
3355 5540 3583 5614 scripto-

1993 5653 2099 5703 res,
2134 5637 2448 5693 realitatem.

2064 5733 2179 5791 lam
2230 5735 2524 5791 secundum
2590 5743 2755 5806 caput
2806 5740 3247 5804 argumentorum
3306 5728 3579 5783 discutere

1995 5832 2408 5902 aggrediamur;
2446 5846 2634 5887 revera
2664 5828 2830 5899 priori
2854 5825 3084 5908 amplius
3106 5832 3157 5879 et
3195 5820 3468 5907 extentius
3496 5822 3577 5889 vi-
