4088 6344
527 397 628 451 “9

1577 395 1935 452 RATRAMNI
1971 395 2418 454 CORBEIENSIS
2458 395 2764 454 MONACHI

3689 397 3792 456 120

525 521 705 586 detur,
745 521 841 576 sed
886 522 954 576 ad
999 522 1291 593 perfectam
1322 522 1444 577 libri
1487 521 1770 578 Ratramni
1800 496 2104 592 intelligen-
2131 531 2180 592 Α
2207 521 2416 578 cerebri
2440 536 2599 578 sensu
2635 522 2712 577 uti
2746 521 2999 579 videatur
3026 523 3358 580 Ratramnus
3395 539 3622 582 necesse
3659 535 3744 582 est
3775 543 3789 580 :

525 614 653 668 tiam
681 615 890 671 diluere
909 631 1132 671 necesse
1152 625 1256 671 est.
1278 616 1356 671 Ex
1385 624 1620 686 quatuor
1663 615 1798 671 locis
1827 613 1987 684 hujus
2009 631 2105 669 au-

521 708 691 762 ctoris
721 710 973 778 erumpit,
998 724 1062 763 ex
1094 709 1288 778 quibus
1316 709 1595 764 traductor
1609 707 1846 763 Gallicus
1874 709 2104 764 diversa:

518 797 693 870 partis
742 798 1019 853 vindicare
1052 807 1225 853 teutat
1269 798 1436 854 verbo
1488 798 1952 867 manifestationis,
1990 798 2104 852 sive

520 891 820 945 manifestae
849 891 1352 956 demonstrationis,
1403 889 1761 944 Ratramnum
1793 889 2103 961 significare

519 983 756 1039 voluisse
788 985 1096 1040 rcalitatem.
1127 985 1233 1041 Sed
1275 1001 1341 1040 ex
1365 986 1449 1040 his
1470 996 1702 1056 quatuor
1729 985 1862 1040 locis
1885 1000 2105 1056 prorsus

520 1075 851 1132 contrarium
881 1077 1133 1134 evincere
1164 1077 1294 1133 mihi
1323 1076 1534 1132 facilius
1566 1076 1799 1142 videtur,
1841 1085 1895 1131 et
1921 1092 1953 1131 e
1974 1091 2102 1131 con-

516 1177 604 1225 tra
645 1169 980 1240 apertionem
1015 1186 1111 1226 seu
1153 1169 1568 1242 patefactiouem
1618 1169 1869 1226 sensibus
1923 1167 2103 1239 subje-

516 1270 660 1318 ctam
688 1264 936 1333 corporis
963 1263 1186 1320 Christi.

588 1352 802 1409 Primus
833 1355 982 1410 locus
1011 1357 1305 1412 assumitur
1348 1372 1376 1412 a
1408 1358 1707 1413 Ratramno
1740 1374 1808 1414 ex
1845 1357 2102 1413 orationi-

512 1449 613 1500 bus
649 1461 742 1502 seu
789 1446 1041 1504 Collectis
1085 1449 1342 1505 Ecclesiae
1375 1451 1652 1516 Romanze,
1686 1450 2102 1506 Mediolanensis

511 1545 565 1590 et
627 1537 955 1596 Senoneusis
997 1554 1048 1598 ι.
1096 1539 1299 1614 Pignus
1324 1554 1534 1599 (eternce
1555 1546 1672 1599 vita:
1699 1546 1981 1615 capientes,
2010 1544 2102 1597 hu~

511 1629 705 1683 militer
763 1632 1102 1703 imploramus
1173 1645 1229 1690 ut
1287 1639 1426 1708 quod
1491 1638 1544 1691 in
1605 1638 1832 1707 imagine
1896 1639 2099 1692 contin-

510 1723 682 1793 gimus
737 1732 1070 1794 sacramenti,
1122 1731 1404 1798 manifesta
1452 1734 1855 1803 participatione
1923 1750 2101 1788 suma-

510 1830 646 1868 mus.
674 1815 750 1869 Ex
779 1817 862 1871 his
888 1833 1016 1873 vero
1038 1819 1156 1874 luce
1184 1821 1385 1876 clarius
1405 1831 1554 1893 patet
1583 1823 1877 1877 Ecclesiam
1905 1838 2099 1894 rogare

511 1905 679 1962 Deum
734 1908 938 1964 claram
982 1921 1037 1966 et
1085 1924 1328 1982 apertam
1388 1916 1805 1985 patefactionem
1851 1919 2098 1990 corporis
2126 1917 2174 1978 Β

510 1992 733 2061 Christi,
768 1999 844 2053 uti
882 2016 1071 2057 revera
1099 2004 1151 2058 in
1172 2015 1376 2060 aeterna
1417 2007 1587 2076 gloria
1636 2009 1905 2074 consistit,
1956 2012 2098 2080 quod

510 2086 568 2141 in
604 2097 845 2160 tempore
875 2092 975 2147 sub
1003 2097 1290 2166 paropside
1318 2113 1410 2152 seu
1437 2099 1742 2160 velamento
1771 2101 2098 2156 sacramenti

509 2182 790 2252 possidet:
819 2187 963 2256 quod
1001 2188 1286 2246 manifeste
1331 2192 1667 2248 demonstrat
1697 2193 1932 2264 aliquam
1965 2209 2090 2249 con-

510 2271 706 2330 sistere
747 2276 801 2331 in
841 2290 1181 2336 sacramento
1209 2281 1434 2354 figuram
1475 2285 1610 2339 etin
1656 2298 1721 2339 eo
1749 2301 1869 2356 qua:
1910 2300 2100 2340 recon-

512 2364 623 2418 dita
659 2376 802 2430 sunt,
836 2385 942 2425 non
969 2365 1216 2441 patefieri
1253 2375 1534 2444 manifesta
1561 2374 1676 2430 luce
1706 2375 1981 2440 clarescat,
2022 2375 2099 2430 uti

512 2457 813 2515 adversarii
854 2462 1132 2520 Ratramni
1163 2466 1344 2521 animo
1371 2467 1741 2533 intendebant,
1773 2469 1862 2539 qui
1897 2469 2096 2524 nullam

518 2551 880 2608 admittebant
910 2571 1002 2611 seu
1045 2540 1507 2628 recognoscebant
1555 2560 1608 2615 in
1659 2561 1919 2633 mysterio
1967 2562 2099 2632 ﬁgu-

511 2657 654 2707 ram,
682 2645 776 2699 sed
804 2646 913 2702 imo
949 2648 1132 2704 omnia
1165 2651 1416 2706 sensibus
1442 2653 1724 2708 oculorum
1754 2654 1924 2708 aciem
1973 2653 2098 2709 sub-

512 2734 594 2789 ire
624 2745 680 2791 et
714 2738 964 2794 sensibus
1007 2741 1219 2809 subjici.
1269 2741 1430 2797 Plura
1478 2743 1757 2813 conceptis
1783 2743 1962 2799 verbis
1991 2760 2098 2799 non

509 2827 821 2898 significant
845 2847 965 2902 qua:
993 2832 1341 2903 proferuntur
1365 2850 1431 2890 ex
1454 2835 1701 2892 oratione
1726 2837 1996 2892 secunda:
2027 2835 2096 2892 Ut

507 2938 627 2992 qua?
645 2940 780 2978 nunc
812 2927 978 2995 specie
1008 2928 1260 2997 gerimus,
1294 2945 1467 2983 rerum
1495 2931 1711 2986 veritate
1742 2933 2092 3003 capiamusb;

509 3016 709 3086 quippe
731 3032 851 3072 cum
891 3035 989 3075 vox
1013 3023 1199 3075 veritas
1226 3021 1358 3076 nihil
1391 3032 1589 3093 pneter
1618 3026 2097 3095 manifestationem

508 3116 558 3160 et
595 3108 932 3177 manifestam
962 3111 1456 3169 demonstrationem
1487 3115 1756 3186 significet
1784 3136 1796 3170 :
1821 3134 1943 3189 quae
1971 3127 2097 3174 sunt

509 3199 625 3268 ipsa
648 3200 813 3256 verba
841 3201 1122 3260 Ratramui
1149 3215 1204 3260 et
1226 3205 1455 3261 aliorum
1473 3208 1563 3276 qui
1593 3209 1915 3263 sententiam
1932 3225 2097 3279 quam

2207 629 2330 670 cum
2359 614 2408 669 ei
2435 613 2577 669 nulla
2606 615 2820 671 intersit
2849 617 3184 672 concertatio
3213 627 3307 673 aut
3335 617 3625 690 disputatio
3666 634 3792 674 cum

2207 708 2467 780 theologis
2494 709 2626 764 viris
2658 719 2879 781 propter
2906 719 3178 781 receptam
3208 719 3301 767 aut
3340 713 3408 768 ab
3444 714 3577 784 ipsis
3604 711 3794 769 defen-

2205 815 2318 855 sam
2348 802 2690 871 prazsentiam
2725 801 2969 872 corporis
3015 803 3237 870 Christi,
3286 805 3380 860 sed
3437 805 3618 876 potius
3657 807 3793 862 dicti

2204 891 2446 961 corporis
2475 893 2585 947 veri
2613 894 2746 948 etin
2783 893 3120 950 Eucharistia
3152 897 3416 952 reconditi
3462 896 3790 969 patefactio-

2203 999 2325 1040 nem
2374 1001 2466 1040 seu
2504 987 2843 1042 manifestam
2894 988 3440 1057 demonstrationem,
3484 994 3631 1049 omni
3671 992 3795 1049 velo

2201 1079 2500 1148 postposito
2542 1089 2597 1135 et
2647 1081 2814 1152 figura
2859 1084 3254 1152 praetermissa;
3296 1086 3492 1157 quippe
3523 1087 3625 1142 sibi
3668 1100 3796 1157 per-

2203 1170 2500 1225 suasissent
2527 1182 2583 1226 et
2620 1172 2801 1226 animo
2830 1173 3092 1229 haberent
3130 1174 3423 1231 absurdum
3449 1187 3502 1232 et
3530 1193 3796 1249 superva-

2200 1277 2428 1319 caueam
2478 1278 2601 1319 esse
2643 1263 2890 1337 frangere
2938 1265 3241 1323 albcdinem
3275 1280 3368 1324 aut
3397 1271 3792 1327 rotunditatem

2200 1356 2373 1426 panis,
2406 1357 2498 1412 sed
2529 1357 2638 1412 imo
2669 1373 2889 1415 necesse
2935 1374 3055 1416 esse
3100 1360 3216 1417 fore
3252 1378 3450 1434 corpus
3478 1362 3679 1419 Christi
3710 1363 3796 1419 al-

2201 1445 2330 1500 bum
2380 1455 2436 1501 et
2497 1449 2808 1515 rotundum,
2866 1450 3188 1521 disruptum,
3238 1455 3315 1509 uti
3360 1455 3676 1527 intelligitur
3719 1472 3796 1513 ex

2202 1546 2434 1592 tractatu
2479 1538 2728 1595 Abbaudi
2759 1540 2971 1597 abbatis
3018 1553 3072 1597 et
3125 1544 3353 1600 aliorum
3401 1547 3517 1616 ejus
3546 1549 3792 1618 opinioni

2202 1643 2309 1684 non
2340 1629 2714 1697 almuentium,
2754 1633 2864 1688 imo
2889 1634 2937 1687 ei
2969 1634 3220 1706 religiose
3250 1639 3677 1708 propitiantium.

2274 1745 2515 1802 Tertium
2544 1755 2918 1817 argumentum
2942 1751 3187 1806 exoritur
3211 1767 3277 1808 ex
3295 1769 3521 1809 numero
3539 1755 3634 1812 851
3666 1767 3794 1827 post

2204 1839 2497 1893 secundam
2543 1839 2870 1905 orationem,
2921 1841 2974 1895 in
3025 1857 3133 1912 quo
3170 1843 3646 1915 manifestationem
3694 1863 3791 1903 seu

2205 1932 2477 1990 veritatem
2520 1932 2836 2002 neutiquam
2865 1932 3157 1988 realitatem
3183 1937 3407 2006 opponit
3436 1937 3659 1995 vocibus
3677 1957 3794 2010 spe-

2203 2023 2303 2078 ciei
2321 2031 2375 2078 et
2413 2022 2757 2093 apparentiw,
2805 2023 2881 2102 uti
2918 2024 3117 2094 passim
3165 2026 3220 2080 in
3269 2027 3482 2098 integro
3536 2037 3789 2086 tractatu.

2204 2116 2308 2172 Sed
2335 2131 2400 2170 eo
2444 2115 2549 2171 loci
2589 2115 2766 2170 nullus
2807 2119 3146 2186 responsioni
3188 2119 3338 2177 locus
3369 2123 3562 2177 adesse
3589 2132 3789 2192 potest.

2201 2208 2526 2278 Nentiquam
2579 2207 2722 2262 enim
2783 2209 2968 2280 negari
3021 2220 3200 2280 potest
3241 2213 3416 2284 ipsum
3465 2215 3794 2271 intellexisse

2202 2299 2566 2370 cognitionem
2618 2300 2866 2370 corporis
2903 2299 3104 2356 Christi
3155 2317 3254 2372 per
3301 2304 3644 2367 manifestam
3693 2308 3794 2360 de-

2201 2390 2676 2455 monstrationem,
2701 2390 2924 2446 minime
2951 2407 3078 2447 vero
3123 2393 3294 2464 ipsam
3320 2396 3664 2452 existentiam
3699 2406 3796 2453 aut

2200 2499 2385 2540 veram
2436 2478 2801 2554 praesentiam.
2880 2486 3091 2557 Quippe
3151 2503 3273 2544 cum
3324 2497 3436 2544 tota
3489 2490 3793 2547 differentia

2199 2591 2360 2646 quam
2389 2591 2509 2631 esse
2543 2579 2885 2647 recognoscit
2926 2579 3070 2634 inter
3110 2595 3308 2653 corpus
3344 2581 3543 2638 Christi
3588 2583 3641 2637 in
3679 2582 3792 2638 Eu-

2201 2666 2458 2722 charistia
2489 2667 2724 2723 Velatum
2771 2678 2830 2725 et
2871 2670 3165 2738 occultum,
3223 2682 3277 2728 et
3325 2673 3464 2729 idem
3523 2673 3575 2730 in
3620 2674 3792 2746 gloria

2199 2767 2510 2812 sanctorum
2539 2758 2751 2829 fulgens
2778 2770 2834 2817 et
2877 2761 3232 2832 patefactum,
3261 2765 3564 2822 consistere
3594 2767 3795 2823 asserit

2198 2852 2340 2922 quod
2373 2852 2666 2924 gloriosum
2704 2870 2902 2926 corpus
2922 2874 3013 2918 per
3036 2861 3464 2916 resurrectionem
3485 2863 3600 2933 jam
3627 2863 3792 2935 glori-

2199 2944 2414 3014 ﬁcatum
2437 2947 2770 3016 cognoscitur
2798 2964 2920 3003 cum
2951 2951 3079 3005 satis
3110 2951 3296 3021 fuisset
3323 2953 3517 3019 dicere,
3552 2956 3670 3025 jam
3698 2972 3794 3026 per

2199 3039 2629 3092 resurrectionem
2691 3038 3042 3109 gloriﬁcatum
3105 3044 3301 3097 existit.
3357 3043 3510 3110 Quod
3569 3046 3790 3115 quidem

2197 3127 2518 3183 vocabulum
2545 3143 2701 3185 usum
2734 3142 2894 3186 astate
2933 3132 3214 3190 Ratramni
3258 3136 3499 3193 subierat
3539 3139 3605 3193 ad
3631 3139 3795 3211 signi-

2203 3217 2470 3274 ficandum
2500 3237 2698 3293 corpus
2726 3224 2926 3280 Christi
2964 3226 3064 3283 hoc
3094 3244 3290 3285 nomen
3317 3245 3422 3286 non
3468 3231 3641 3287 solum
3693 3234 3791 3290 ha-

509 3290 847 3371 impugnavit
884 3295 1136 3350 tuendam
1175 3305 1518 3367 receperunt.
1545 3297 1769 3369 Insuper
1809 3298 1968 3355 facile
2011 3309 2098 3354 est
2125 3280 2170 3343 (ἶ
2203 3310 2332 3366 bere
2357 3311 2410 3366 in
2453 3280 2814 3380 EUCh-al‘iSlia,
2845 3317 2937 3372 sed
2969 3317 3022 3372 in
3060 3334 3123 3374 ea
3166 3335 3288 3376 esse
3317 3331 3374 3376 ει
3397 3322 3649 3379 existere,
3681 3325 3792 3378 Αά-

507 3383 812 3454 intelligere
840 3385 1140 3442 Ecclesiam
1185 3387 1436 3444 Latinam
1469 3399 1721 3460 acceptas
1762 3391 1862 3446 has
1908 3407 2098 3463 preces

506 3486 563 3532 et
583 3478 860 3534 orationes
895 3480 948 3534 in
979 3478 1226 3535 Grtecam
1251 3482 1606 3547 retulisse,ex
1631 3483 1748 3538 loco
1771 3483 1944 3538 sancti
1979 3483 2098 3539 Dio.

509 3567 649 3638 nysii
677 3569 851 3640 capite
878 3571 912 3625 5
941 3571 1008 3625 de
1034 3569 1378 3637 Hierarchia,
1407 3589 1530 3644 pag.
1561 3573 1702 3629 286:
1737 3571 1883 3632 Ἀλλὰ
1906 3571 1946 3630 ὦ
1968 3579 2097 3632 euo-

504 3659 633 3718 τάτη
659 3664 741 3716 καὶ
770 3663 886 3736 ἱερὰ
908 3663 1105 3740 τελετῇ,
1130 3674 1195 3720 τά
1220 3667 1541 3737 περικειμένας
1553 3688 1632 3723 σοι
1651 3668 1974 3738 συμϐολικῶς
1998 3672 2099 3740 ἀμ·

505 3754 762 3824 φάσματα
780 3762 879 3808 τῶν
902 3756 1207 3829 (itaque:er
1225 3757 1658 3831 ἀποκαλυψάμενη
1684 3763 1947 3834 τηλαυγῶς
1975 3765 2097 3833 ἡμῖν

503 3842 860 3916 ἀναδιίχθῆτι,
909 3849 996 3901 καὶ
1047 3851 1142 3908 τὰς
1194 3851 1375 3922 vespa};
1423 3852 1562 3919 ἡμῶν
1614 3848 1748 3923 ὄφεις
1797 3855 1984 3909 ἓνιαίου
2012 3855 2095 3908 καὶ

504 3935 920 4010 imperiunm-ou
946 3941 1107 4009 φωτὸς
1129 3940 1524 4016 ἀποπλήρωσον.
1550 3941 1726 3998 Pravo
1751 3954 1805 4000 et
1833 3946 2097 4018 intempe-

506 4027 651 4080 ranti
696 4028 965 4083 ratiocinii
1011 4045 1209 4101 genere
1238 4039 1438 4098 utetur,
1468 4033 1714 4104 quisquis
1748 4051 1815 4090 ex
1845 4037 1930 4093 his
1969 4053 2094 4094 vere

503 4117 590 4172 bis
638 4119 810 4173 sancti
858 4119 1095 4192 Dionysii
1148 4132 1524 4194 argumentum
1580 4126 1844 4184 adversus
1891 4128 2091 4186 realem

503 4213 849 4281 praesentiam
881 4214 1125 4284 corporis
1154 4214 1378 4282 Christi,
1409 4233 1570 4288 quam
1623 4221 1917 4278 realitatem
1957 4239 2094 4279 nun-

504 4311 727 4373 cupant,
755 4314 1074 4361 assumeret.
1118 4307 1408 4364 Enimvero
1443 4326 1566 4366 cum
1599 4323 1819 4368 econtra
1848 4317 2092 4373 adoratio

504 4397 730 4465 supplex
753 4399 826 4452 sit
855 4401 922 4454 ad
948 4409 1371 4468 sacramentum,
1399 4409 1646 4467 Θειοτὰτη
1673 4410 1760 4463 καὶ
1785 4409 1897 4485 ἱερά
1917 4411 2089 4473 τελετή

507 4504 696 4544 revera
719 4491 972 4546 subaudit
999 4507 1093 4547 seu
1125 4495 1380 4564 supponit
1407 4497 1459 4550 in
1505 4513 1572 4554 eo
1618 4514 1814 4570 corpus
1862 4501 2088 4570 Christi,

499 4597 761 4652 praesens,
797 4584 864 4639 ad
903 4601 1061 4656 quem
1086 4587 1285 4654 solum,
1313 4604 1437 4643 cum
1465 4589 1630 4656 efﬁat,
1662 4600 1722 4646 ut
1753 4591 1886 4648 fides
1909 4593 2085 4662 docet,

2203 3403 2392 3458 damus
2416 3408 2572 3459 etiam
2607 3407 2749 3477 quod
2791 3408 2890 3463 iste
2925 3410 3076 3479 panis
3105 3423 3153 3466 et
3181 3414 3346 3477 calix,
3391 3415 3481 3486 qui
3520 3431 3709 3485 corpus
3737 3429 3787 3473 et

2202 3498 2412 3568 sanguis
2437 3495 2632 3552 Christi
2674 3501 2977 3554 nominatur
3006 3512 3054 3557 et
3083 3504 3260 3559 existit
3287 3507 3454 3576 (num.
3488 3505 3557 3563 99
3593 3517 3644 3562 et
3673 3510 3784 3580 tu).

2274 3587 2538 3656 Quartum
2594 3592 2891 3646 assumitur
2941 3609 3091 3650 num.
3144 3595 3233 3662 97,
3289 3597 3343 3652 in
3400 3614 3508 3670 quo
3559 3601 3787 3671 repetita

2200 3679 2503 3737 differentia
2532 3683 2675 3739 inter
2726 3699 2922 3756 corpus
2973 3686 3174 3745 Christi
3233 3691 3285 3745 in
3341 3703 3682 3750 sacramento
3732 3706 3790 3750 et

2199 3775 2342 3831 idem
2379 3777 2433 3830 in
2468 3776 2660 3848 gloria,
2693 3779 2771 3833 ait
2820 3780 2874 3835 in
2925 3781 3098 3854 gloria
3144 3785 3482 3842 reconditum
3520 3803 3626 3843 non
3665 3805 3787 3845 esse

2198 3867 2299 3920 sub
2328 3867 2536 3938 figuris,
2586 3869 2681 3924 sed
2729 3871 3015 3928 manifesta
3065 3876 3524 3935 demonstratione
3577 3883 3788 3951 patefa-

2198 3965 2340 4010 ctum
2372 3956 2424 4010 in
2467 3957 2637 4026 gloria
2687 3968 2743 4015 et
2785 3962 3106 4031 cognitum:
3154 3963 3268 4019 Nec
3308 3971 3365 4022 in
3403 3984 3462 4024 eo
3498 3969 3577 4023 vel
3605 3969 3785 4040 aliqua

2195 4046 2394 4117 ﬁgura,
2420 4050 2511 4102 sed
2532 4050 2648 4120 ipsa
2673 4052 2748 4106 rei
2789 4054 3146 4124 manifestatio
3175 4061 3523 4130 cognoscitur.
3549 4062 3786 4116 Concor-

2197 4137 2337 4192 diter
2377 4138 2444 4193 ad
2493 4155 2558 4194 ea
2595 4157 2715 4211 qua:
2757 4153 2916 4200 antea
2970 4145 3181 4202 dixerat
3232 4149 3401 4220 (num.
3447 4150 3538 4221 89)
3585 4166 3784 4222 corpus

2196 4239 2316 4302 post
2355 4235 2808 4290 resurrectionem
2861 4252 2983 4293 esse
3025 4241 3276 4296 sensibus
3314 4243 3615 4313 subjectum
3665 4245 3782 4314 pat-

2193 4323 2365 4393 pabile
2386 4341 2475 4379 seu
2520 4325 2719 4381 uisibile
2748 4329 2906 4383 etiam
2934 4341 3051 4401 post
3096 4333 3548 4399 resurrectionem,
3589 4343 3644 4390 ct
3682 4336 3786 4393 hoc

2193 4426 2277 4471 est
2303 4417 2447 4487 quod
2491 4417 2758 4489 interpres
2815 4420 3177 4478 Protestantis
3229 4425 3400 4493 partis
3441 4425 3679 4480 defendit
3719 4429 3784 4482 de

2192 4505 2401 4566 Latinis
2431 4508 2634 4566 Gallice
2662 4513 2825 4567 scribi
2869 4514 3068 4571 debere
3101 4531 3289 4586 corpus
3327 4517 3465 4572 rcale
3506 4534 3575 4573 un
3619 4535 3783 4576 conrs

2194 4605 2366 4655 REI-2L:
2401 4603 2495 4657 sed
2527 4603 2631 4658 hoc
2653 4606 2827 4661 estde
2853 4605 3114 4664 lectorum
3149 4611 3470 4668 credulitate
3493 4613 3699 4680 ludere,
3729 4625 3783 4670 et

503 4678 701 4732 unione
728 4679 915 4734 intima
965 4690 1171 4736 natura?
1203 4684 1450 4739 humanm
1477 4701 1598 4739 cum
1636 4701 1866 4756 persona
1903 4687 2084 4754 Verbi,
2115 4673 2166 4735 D
2195 4703 2405 4751 mentes
2429 4698 2696 4752 humanas
2737 4699 3162 4772 intemperanter
3209 4703 3508 4762 ludificare.
3560 4707 3783 4780 Insuper

500 4778 655 4824 actus
689 4786 782 4826 seu
812 4771 949 4828 ritus
979 4773 1369 4844 implorationis
1403 4779 1640 4847 praesidii
1679 4779 1844 4842 divini
1875 4791 1930 4836 et
1959 4784 2088 4839 ado-

500 4861 726 4917 rationis
754 4863 807 4917 in
839 4866 1031 4935 spiritu
1077 4875 1131 4922 et
1170 4869 1397 4925 veritate
1427 4871 1618 4928 referri
1644 4875 1836 4945 potuit.

573 4949 881 5008 Secundum
914 4958 1032 5012 sine
1075 4961 1253 5015 medio
1292 4964 1535 5032 sequitur
1557 4961 1811 5036 primum
1847 4973 2086 5043 :quippe

497 5060 620 5100 cum
652 5046 738 5101 his
767 5047 1011 5105 terminis
1032 5066 1127 5106 seu
1153 5054 1378 5110 vocibus
1398 5057 1652 5114 admissis
1670 5061 1926 5130 pignoris,
1955 5063 2089 5117 ima-

496 5137 634 5208 ginis
674 5146 765 5192 aut
786 5140 993 5210 ﬁgurae,
1016 5143 1094 5197 ait
1132 5161 1146 5198 :
1185 5146 1482 5216 signiﬁcant
1511 5150 1583 5204 ita
1612 5167 1742 5216 rem,
1767 5153 1919 5222 cujus
1942 5165 2085 5220 sunt,

497 5251 603 5288 non
644 5235 919 5305 manifeste
973 5240 1269 5308 ostendunt,
1332 5258 1400 5298 ex
1446 5245 1643 5315 quibus
1694 5246 1797 5302 hoc
1861 5249 2086 5303 verbum

494 5329 775 5381 ostendunt
805 5329 1105 5386 distinctim
1141 5333 1387 5404 indigitat
1416 5352 1510 5392 seu
1539 5338 1810 5408 significat
1847 5339 2084 5408 objicere

493 5424 552 5472 et
577 5433 850 5489 opponere
888 5420 1116 5494 ﬁguram
1147 5435 1202 5480 et
1245 5427 1532 5498 imaginem
1571 5429 1866 5486 ostensioni
1902 5439 1957 5486 et
1990 5446 2082 5501 pa-

493 5506 771 5565 tefactioni
821 5512 900 5567 rei
941 5515 1168 5572 occultae
1197 5525 1253 5571 et
1281 5519 1590 5576 reconditae.
1624 5520 1682 5577 Si
1718 5523 1862 5578 enim
1893 5532 2083 5578 utcun-

493 5614 601 5670 que
625 5616 715 5657 res
731 5617 838 5658 non
864 5604 938 5659 ita
973 5606 1094 5674 fuit,
1124 5619 1306 5664 mente
1329 5611 1469 5680 capti
1501 5612 1738 5671 hominis
1765 5625 1820 5670 et
1851 5617 2081 5673 tortuosi

474 5771 476 5776 ι
564 5747 588 5817 f
612 5735 777 5793 Liber
791 5737 1270 5817 Sacramentorum
1289 5744 1545 5802 Ecclesia:
1566 5748 1844 5817 Romamn,
1875 5751 1910 5806 1.
1939 5769 1996 5817 ιι,
2027 5754 2080 5810 in

491 5814 684 5880 octava
717 5811 1084 5879 apostolorum
1139 5813 1283 5871 Petri
1328 5827 1382 5873 et
1409 5817 1653 5874 Pauli.--
1685 5811 1897 5879 Missale
1951 5811 2080 5880 Am-

493 5876 807 5936 brosiannm
833 5893 886 5936 et
920 5882 1251 5942 Senonense.

2196 4785 2299 4840 alia
2336 4786 2503 4841 multa
2556 4800 2847 4859 supersunt
2878 4793 2933 4846 iu
2967 4809 3066 4848 usu
3115 4795 3420 4863 liatranmi,
3470 4797 3538 4853 de
3585 4799 3783 4871 quibus

2194 4887 2601 4948 praeoccupatas
2655 4891 2864 4936 mentes
2933 4895 3262 4954 prasvertere
3322 4897 3378 4943 et
3445 4904 3781 4960 praecurrere

2197 4981 2418 5022 necesse
2439 4977 2564 5022 est:
2599 4970 2775 5038 qualis
2802 4981 2887 5027 est
2923 4989 3024 5028 vox
3076 4980 3293 5046 spectes,
3346 4979 3415 5035 de’
3452 4997 3557 5051 qua
3601 4983 3782 5040 ttdere

2191 5055 2318 5112 licet
2345 5059 2718 5117 adnotationes
2745 5065 3029 5133 quasdam,
3055 5083 3122 5124 ex
3149 5070 3347 5139 quibus
3368 5071 3673 5146 intelligere
3697 5084 3781 5132 est

2189 5150 2498 5223 signifiéarc
2541 5158 2925 5226 apparentiam,
2967 5176 3072 5217 non
3105 5163 3276 5233 ipsam
3317 5180 3498 5222 rerum
3528 5168 3773 5224 substan-

2189 5243 2318 5297 tiam
2359 5253 2454 5299 aut
2495 5255 2770 5316 naturam,
2822 5251 2889 5305 ad
2919 5263 3156 5310 mentem
3189 5256 3654 5332 philosophorum.
3685 5261 3776 5331 qui

2188 5345 2462 5408 utcunque
2482 5349 2707 5396 utuntur
2732 5345 2950 5402 nomine
2982 5347 3316 5416 substantiae,
3339 5352 3483 5423 quod
3504 5367 3610 5408 non
3633 5367 3776 5410 sem-

2191 5446 2289 5502 per
2313 5441 2563 5490 naturam
2595 5437 2900 5508 significat:
2933 5443 3027 5498 sed
3075 5444 3366 5514 qualitates
3391 5456 3445 5503 et
3474 5448 3776 5520 proptieta-

2193 5533 2273 5581 tes
2298 5527 2494 5596 quibus
2521 5538 2713 5586 natura
2749 5532 2996 5590 afficitur.
3043 5536 3348 5610 Supersunt
3378 5542 3540 5598 etiam
3571 5557 3622 5614 ιη
3637 5558 3774 5600 :eca-

2193 5618 2362 5673 veuda
2403 5621 2646 5688 quaedam
2673 5625 2911 5690 nomina,
2944 5628 3153 5686 scilicet
3177 5633 3418 5702 interius,
3447 5633 3678 5694 exterius
3713 5644 3772 5693 ot

2258 5751 2286 5791 ι’
2320 5750 2664 5812 Sacrament.
2695 5757 2752 5814 S.
2780 5759 3044 5832 Gregorii.
