4088 6344
251 337 353 393 121

253 446 632 518 corporaliter,
676 441 743 496 ad
784 453 904 510 qua:
948 442 1182 491 mentem
1231 427 1556 502 applicatam
1600 406 1849 478 conferre
1875 417 1928 479 Α

255 557 399 615 opus
429 549 534 595 est.
568 532 679 591 Sed
704 544 893 587 revera
939 541 1059 598 quae
1111 524 1156 579 si
1208 521 1533 576 Ratramnus
1583 512 1650 567 ad
1695 523 1852 565 usqu

259 605 370 692 non
400 628 619 688 reduxit.
638 635 698 680 ιιι
722 635 920 693 corpus
944 615 1147 675 Christi
1172 613 1458 685 mysticum
1483 615 1538 664 et
1564 605 1854 676 ﬁguratum

260 723 604 793 indigitaret,
653 691 895 784 adeoque
953 720 1258 779 repugnans
1319 698 1548 756 realitati
1595 711 1689 751 seu
1741 691 1856 747 veri

262 815 514 887 corporis
549 825 692 866 verae
717 803 1037 879 praesentiae,
1081 798 1159 854 uti
1192 792 1528 852 defendimus
1556 788 1658 843 hac
1706 787 1858 840 lucu-

263 912 558 968 bratione:
607 901 974 959 dilﬁcultatem
1012 893 1255 950 excitare
1292 903 1399 944 non
1429 889 1655 956 possunt
1696 893 1856 948 quam

264 1019 378 1059 non
416 999 573 1056 facile
609 1005 666 1052 et
711 991 1053 1049 commodum
1101 984 1309 1041 diluere
1343 989 1399 1035 et
1449 976 1640 1039 friare,
1688 980 1749 1026 ut
1791 985 1861 1024 ex

266 1097 375 1152 bac
405 1091 721 1165 praefatione
746 1084 1004 1142 historica
1047 1088 1102 1136 et
1141 1073 1579 1134 adnotationibus
1626 1082 1856 1140 quarum

263 1185 678 1245 accessionibus
703 1191 905 1237 textum
946 1173 1228 1231 Ratramui
1259 1171 1362 1225 hac
1401 1167 1636 1222 editione
1673 1176 1863 1218 cumu-

266 1280 497 1335 landum
543 1273 874 1332 censuimus.
919 1268 1037 1325 Jam
1067 1280 1196 1335 ergo
1227 1255 1656 1330 respondendum
1710 1250 1864 1306 nobis

268 1376 524 1440 superest
550 1363 746 1437 triplici
776 1371 831 1417 et
861 1365 1081 1415 attenta:
1102 1348 1416 1429 cogitationi
1456 1361 1552 1400 seu
1576 1341 1863 1413 applicatze

270 1462 445 1518 menti
487 1432 727 1514 auctoris
754 1450 1034 1525 prmloquii
1078 1444 1239 1515 huius
1285 1448 1548 1498 tractatus
1581 1432 1864 1490 Ratramni

271 1548 711 1622 interpretationi
756 1545 977 1603 Gallica;
1023 1538 1261 1612 adiuncti
1305 1533 1506 1607 publici
1531 1531 1670 1603 juris
1711 1528 1866 1584 facta:

273 1661 424 1702 anno
454 1642 615 1699 1672.

345 1737 555 1793 Harum
585 1748 716 1789 vero
759 1729 1022 1803 cogitatio
1063 1741 1160 1783 seu
1209 1719 1495 1778 meditatio
1526 1716 1700 1787 prima
1741 1729 1870 1768 con-

982 319 1067 377 DE
1103 313 1430 376 CORPORE
1468 310 1558 368 ET
1597 298 1947 365 SANGUINE
1981 294 2238 355 DOMlNl.
2295 322 2348 333 —
2383 284 2758 346 PBEFATIO

3438 276 3536 330 lii

1953 425 2072 466 rum
2096 407 2338 475 adeoque
2361 399 2660 458 Ecclesiam
2686 395 2890 467 pariter
2925 409 3033 449 non
3063 391 3286 450 credere
3318 390 3481 461 recipi
3502 404 3534 443 a

1954 503 2086 558 viris
2131 501 2248 556 sive
2293 495 2449 552 bonis
2479 494 2592 549 sive
2629 489 2787 546 malis
2817 503 2914 544 ore
2940 485 3216 557 corporis,
3245 482 3340 540 sed
3365 481 3536 537 solum

1955 612 2052 653 ore
2097 594 2324 656 animae,
2362 587 2507 660 quod
2552 602 2583 641 a
2631 585 2734 640 ﬁde
2781 599 2886 639 non
2928 578 3125 637 diﬂ'ert.
3177 576 3376 632 Verum
3419 573 3539 644 plus

1957 703 2119 760 quam
2166 697 2389 740 necesse
2430 665 2516 735 est
2559 677 2856 745 nimiopcre
2894 679 3107 728 constat
3143 669 3382 724 locutum
3419 678 3540 720 esse

1958 756 2313 836 ﬁatramnum
2340 774 2406 828 ad
2436 779 2672 826 mentem
2697 765 2868 822 sancti
2894 759 3178 834 Augustini
3201 768 3257 814 et
3290 756 3392 813 sibi
3427 768 3542 826 per-

1960 885 2198 928 suasnsse
2237 879 2434 936 corpus
2474 859 2674 918 Christi
2696 857 2942 928 spiritum
2967 863 3022 909 et
3041 853 3207 908 vitam
3230 865 3349 905 esse
3369 847 3435 902 iis
3455 860 3545 901 so-

1961 961 2237 1018 lummodo
2263 958 2352 1028 qui
2383 954 2511 1010 illud
2535 967 2660 1008 cum
2689 950 2791 1004 ﬁde
2819 947 3104 1016 recipiunt,
3134 939 3381 1014 quamvis
3408 939 3459 993 in
3484 951 3543 992 se

1961 1055 2184 1128 spiritus
2207 1060 2262 1107 et
2287 1051 2394 1104 vita
2423 1061 2543 1103 esse
2572 1060 2676 1100 non
2705 1039 2936 1095 desistat
2964 1051 3087 1092 cum
3126 1034 3193 1089 ab
3235 1028 3546 1086 inﬁdelibus

1963 1125 2017 1205 et
2057 1143 2349 1202 incredulis
2387 1149 2480 1196 aut
2514 1138 2616 1192 ﬁde
2655 1132 2963 1192 carentibus
2997 1128 3278 1196 accipitur.
3318 1125 3389 1179 At
3417 1135 3546 1177 vero

1963 1255 2068 1311 qua
2103 1237 2309 1292 ratione
2352 1231 2573 1300 intelligi
2619 1235 2795 1298 potest
2839 1223 3087 1294 spiritum
3128 1228 3184 1274 et
3217 1218 3380 1272 vitam
3407 1215 3459 1269 in
3488 1227 3548 1269 se

1964 1307 2084 1390 esse
2113 1343 2307 1399 corpus
2331 1324 2530 1382 Christi
2557 1317 2943 1392 recipientibus
2977 1312 3283 1370 inﬁdelibus
3309 1307 3547 1377 indigne,

1965 1426 2070 1484 nisi
2100 1439 2227 1480 vere
2257 1431 2310 1477 et
2339 1419 2580 1483 realiter,
2624 1416 2726 1470 hoc
2763 1422 2845 1468 est
2873 1424 3060 1480 reapse
3097 1414 3154 1462 et
3179 1418 3402 1468 revera,
3437 1399 3554 1456 exi-

1968 1531 2117 1577 stens
2141 1526 2195 1574 et
2225 1527 2462 1587 praesens
2501 1527 2596 1566 ore
2639 1505 2934 1563 inﬁdelium
2964 1499 3279 1570 recipiatur,
3311 1493 3400 1566 qui
3427 1505 3553 1548 cum

1968 1613 2128 1668 modo
2171 1583 2398 1679 spiritali
2432 1603 2687 1659 instinctu
2726 1598 2851 1653 ﬁdei
2879 1605 2934 1651 et
2962 1590 3244 1650 charitatis
3275 1603 3379 1642 ron
3420 1583 3556 1640 reci-

1968 1705 2120 1776 piant
2165 1696 2532 1759 solummodo,
2580 1703 2642 1747 ut
2686 1692 3011 1761 loquuntur,
3059 1669 3411 1752 corporaliter
3462 1690 3558 1732 seu

345 1767 555 1793 ιιυιυιιι
592 1767 716 1789 νῠιυ
759 1767 1021 1803 υυδιιαιιυ
1063 1767 1160 1783 υνυ-
1211 1767 1490 1778 ...νυ-...η-⁷
1527 1767 1698 1787 τ--.-γη
1969 1767 1985 1776 .

275 1830 421 1888 sistit
445 1831 500 1884 in
538 1842 606 1883 eo
658 1824 802 1896 quod
849 1823 902 1877 in
955 1810 1273 1876 tractatibus
1326 1809 1600 1869 Paschasii
1655 1817 1712 1863 et
1760 1805 1868 1860 Ra,
1895 1788 1942 1848 Β
1970 1813 2064 1854 ore
2089 1793 2351 1863 corporis,
2381 1791 2483 1844 hoc
2507 1799 2635 1840 vere
2665 1785 2717 1839 in
2745 1781 2888 1836 omni
2923 1779 3099 1833 fructu
3135 1783 3189 1829 et
3217 1771 3408 1827 elfectu
3435 1767 3557 1822 uni-

2240 1885 2294 1896 ’ν’
2449 1895 2454 1896 γ
2502 1885 2608 1896 Αριι
2659 1882 2703 1896 ΑΔ
2740 1868 3036 1896 *ΑΛΙ-ιΛθζΙΛ
3101 1865 3236 1896 cntum
3271 1869 3390 1896 cnnl
3427 1872 3557 1896 ιιι-ιη-

276 1924 478 1980 ιι-ειπιῐιί
518 1920 664 1977 nulla
694 1918 940 1974 incurrat
966 1912 1170 1969 mentio
1211 1909 1279 1965 de
1323 1904 1641 1961 adoratione
1670 1900 1870 1956 eucha-

280 2018 471 2080 ristize,
505 2028 671 2086 quam
719 2011 972 2067 omittere
1011 2003 1325 2074 neutiquam
1373 1996 1703 2054 debuissent,
1747 2005 1871 2046 cum

280 2127 344 2168 ex
382 2109 705 2165 adoratione
748 2100 1068 2160 naturaliter
1115 2103 1533 2153 consectaneum
1578 2089 1650 2143 sit
1678 2087 1872 2156 dogma

281 2203 541 2260 realitatis
595 2215 691 2256 seu
745 2193 1048 2268 praesentia:
1092 2204 1220 2245 vere
1277 2184 1563 2241 cxistentis
1632 2177 1875 2249 corporis

285 2297 510 2360 Jhristi,
543 2309 706 2365 quam
735 2290 1061 2347 conﬁrmare
1082 2282 1277 2338 avebat
1315 2274 1640 2333 Paschasius
1666 2278 1720 2327 et
1747 2285 1875 2326 con—

286 2401 462 2446 .utare
489 2360 844 2449 Ratramnus,
893 2379 994 2436 sibi
1042 2377 1252 2446 ﬁngunt
1289 2371 1664 2427 Protestantes
1697 2369 1752 2418 et
1788 2360 1878 2417 Je-

291 2485 424 2541 suita
455 2479 789 2537 Harduinus.

357 2574 466 2631 Sed
512 2573 564 2628 in
598 2572 702 2626 hoc
727 2568 1080 2624 vehementer
1122 2559 1444 2617 allucinatus
1480 2563 1564 2610 est
1609 2553 1880 2621 interpres

293 2670 520 2725 diversa:
548 2663 722 2736 partis
752 2659 975 2728 hujusce
1000 2655 1126 2710 libri
1165 2649 1473 2714 Ratramni,
1508 2662 1628 2702 cum
1655 2643 1800 2700 enim
1826 2640 1882 2696 hi

295 2761 396 2815 .luo
443 2757 748 2827 scriptores
793 2751 896 2807 sibi
955 2747 1188 2804 invicem
1243 2759 1348 2799 non
1405 2745 1724 2811 repugnent,
1785 2749 1886 2789 nec

295 2865 485 2923 reapse
506 2857 696 2905 contra
725 2861 785 2902 se
829 2843 1057 2898 invicem
1087 2835 1431 2894 conﬁixerint
1473 2841 1566 2886 aut
1591 2825 1884 2900 deprteliati

296 2945 435 3006 sint,
479 2941 590 2996 imo
631 2938 686 2992 in
734 2935 922 2991 eadem
973 2930 1078 2987 ﬁde
1130 2935 1185 2982 et
1237 2924 1488 2982 suasione
1542 2921 1608 2977 de
1661 2931 1886 2986 corpore

297 3034 498 3093 Christi
543 3033 598 3088 in
637 3026 970 3086 eucharistia
1005 3019 1366 3079 remanserint
1407 3035 1420 3070 :
1474 3011 1652 3070 neutri
1685 3007 1888 3066 condu-

297 3127 459 3184 cibile
488 3124 555 3180 ad
585 3136 808 3178 causam
846 3133 997 3174 suam
1047 3113 1300 3170 tuendam
1330 3123 1452 3166 esse
1482 3111 1696 3178 poterat
1728 3117 1888 3172 argu-

300 3230 543 3278 mentum
567 3232 633 3274 ex
666 3212 984 3270 adoratione
1020 3214 1356 3278 assumptum
1395 3212 1450 3258 et
1472 3200 1639 3256 fuisse
1664 3210 1891 3268 praeser-

300 3311 395 3367 tim
426 3310 484 3365 in
508 3321 672 3364 causa
702 3302 988 3359 Ratramni
1007 3308 1467 3369 supervacaneum
1497 3310 1509 3346 :
1542 3289 1740 3360 quippe
1766 3301 1890 3342 cum

301 3423 328 3459 Α
357 3402 582 3459 nemine
610 3388 950 3465 homine'ipsi
977 3389 1249 3460 obiectum
1279 3387 1459 3441 fuerit.
1492 3381 1715 3438 Interim
1737 3377 1893 3433 valde

301 3505 342 3551 ιε
357 3491 582 3550 merarii
619 3497 676 3545 et
705 3483 1094 3544 inconsiderati
1143 3477 1380 3537 hominis
1405 3490 1525 3532 esse
1554 3472 1770 3528 videtur
1802 3468 1894 3524 de-

301 3586 525 3645 fendere
563 3596 706 3638 nono
729 3576 948 3641 saeculo,
988 3590 1096 3646 quo
1136 3573 1466 3628 Ratramnus
1488 3576 1541 3622 et
1567 3562 1894 3619 Paschasius

305 3679 582 3741 vixerunt,
608 3671 847 3729 nondum
883 3668 1070 3724 orbem
1105 3662 1475 3720 Christianum
1507 3659 1761 3712 adorasse
1801 3669 1896 3709 eu-

303 3771 585 3832 charistia:
627 3771 1028 3823 sacramentum
1059 3774 1154 3814 seu
1205 3768 1426 3811 carnem
1483 3759 1538 3806 et
1579 3748 1897 3818 sanguinem

305 3861 511 3921 Christi
553 3860 609 3914 in
646 3853 908 3928 mysterio
935 3849 1288 3906 reconditam.
1323 3843 1475 3899 lianc
1500 3841 1788 3897 veritatem
1812 3852 1901 3891 ar-

306 3951 588 4028 gumentis
611 3959 719 4004 tam
762 3943 979 4001 invictis
1008 3955 1170 4012 quam
1215 3936 1444 3992 fortibus
1471 3943 1526 3990 et
1570 3928 1900 4002 fulgentibus

310 4024 483 4105 armis
519 4044 698 4117 capite
751 4041 819 4097 16
861 4037 984 4094 libri
1013 4052 1030 4092 ι
1060 4037 1125 4091 de
1168 4030 1496 4089 Adoratione
1535 4024 1899 4089 eucharistize,

313 4141 458 4215 typis
488 4136 696 4206 vulgati
742 4130 967 4188 Parisiis
995 4143 1138 4183 anno
1173 4123 1332 4187 l685,
1359 4119 1654 4190 assumptis
1684 4133 1751 4172 ex
1777 4130 1904 4172 cou-

313 4234 441 4288 cilio
482 4245 520 4285 u
552 4228 795 4291 Niczeno,
835 4219 1176 4280 confessione
1226 4215 1351 4271 ﬁdei
1387 4211 1599 4268 Alcuiui
1639 4220 1694 4265 et
1725 4208 1905 4264 conci-

314 4330 388 4384 lio
417 4319 791 4386 Cabilonensi,
833 4317 908 4374 ita
935 4324 994 4370 ut
1027 4312 1233 4368 nullum
1259 4305 1538 4365 dubitandi
1567 4303 1744 4359 locum
1784 4301 1908 4356 reli-

317 4431 466 4478 ctum
521 4416 688 4472 fuisse
721 4410 1093 4469 existimemus
1140 4413 1245 4459 tam
1284 4414 1427 4457 nono
1457 4412 1621 4469 quam
1671 4394 1911 4450 anterio-

322 4518 476 4574 ribus
508 4511 740 4570 saeculis.
785 4505 920 4563 Cum
961 4499 1261 4574 praesertim
1293 4496 1361 4551 ab
1399 4492 1650 4549 omnibus
1699 4487 1910 4544 intelle-

323 4622 474 4668 ctum
524 4605 592 4661 iri
635 4615 748 4660 mn
778 4597 1019 4656 dubitem
1055 4609 1121 4650 ex
1171 4590 1279 4646 ﬁne
1315 4587 1473 4658 hujus
1512 4581 1793 4655 praeloquii
1845 4580 1912 4635 ad

325 4714 525 4759 novam
564 4695 856 4753 editionem
901 4696 956 4744 et
990 4692 1300 4742 accuratam
1354 4677 1476 4732 libri
1524 4671 1807 4730 Ratramni
1852 4671 1917 4725 de

330 4805 563 4863 corpore
603 4796 658 4843 et
705 4783 967 4856 sanguine
1000 4774 1200 4834 Christi
1234 4769 1478 4844 praedicti
1526 4780 1689 4836 quam
1721 4761 1916 4816 falsum

333 4887 403 4942 sit
428 4851 601 4940 hosce
628 4877 764 4933 ducs
803 4851 1099 4942 scriptores
1129 4865 1194 4921 de
1222 4859 1539 4918 adoratione
1576 4851 1922 4912 eucharistiae

333 4978 535 5036 nullam
563 4969 892 5028 mentionem
923 4961 1139 5023 fecisse,
1168 4969 1290 5012 cum
1322 4968 1386 5008 ex
1411 4951 1642 5007 adverso
1666 4953 1926 5014 tauquam

336 5069 568 5128 ascesim
593 5064 666 5120 ab
691 5061 946 5118 universa
971 5050 1212 5111 Ecclesia
1237 5046 1433 5104 Latina
1461 5048 1735 5112 receptam
1763 5035 1929 5091 fuisse

340 5162 681 5221 abundanter
706 5160 939 5211 constet.

340 5317 342 5319 ,
410 5251 664 5312 Secunda
692 5244 946 5319 cogitatio
979 5254 1074 5296 seu
1111 5229 1393 5291 meditatio
1421 5227 1652 5298 primam
1683 5235 1792 5277 non
1836 5232 1932 5272 an-

343 5347 567 5407 tecellit.
617 5341 676 5398 ln
718 5353 786 5396 eo
822 5335 996 5409 posita
1043 5338 1154 5395 est,
1197 5326 1404 5384 scilicet
1444 5321 1796 5375 Ratramnum
1840 5324 1934 5366 eos

347 5402 620 5514 appellare
649 5402 864 5501 semper
888 5425 1072 5482 ﬁdeles
1101 5421 1193 5493 qui
1215 5431 1414 5489 corpus
1434 5408 1634 5468 Christi
1665 5405 1767 5462 rite
1795 5402 1934 5458 reci-

348 5539 500 5610 piunt
525 5531 631 5590 sibi
664 5530 718 5585 in
753 5524 982 5583 ecclesia
1009 5518 1468 5578 administratum,
1499 5507 1583 5564 vel
1605 5518 1792 5561 verum
1817 5497 1936 5557 eSse

1975 1905 2076 1945 mae
2103 1885 2362 1957 propitio,
2407 1885 2616 1934 remoto
2652 1882 2707 1930 et
2740 1868 3058 1943 postposito.
3099 1865 3238 1920 Ecca
3271 1869 3396 1917 sunt
3427 1872 3558 1912 con-

1976 1952 2128 2052 cepta
2155 1952 2321 2034 verba
2355 1971 2529 2029 sancti
2558 1965 2844 2040 Augustini
2877 1977 2997 2033 qua:
3031 1956 3266 2029 prodidit
3308 1952 3560 2006 Ratram—

1977 2089 2101 2139 nus,
2129 2077 2382 2139 excerpta
2409 2081 2476 2120 ex
2515 2059 2852 2132 expositione
2894 2056 2949 2110 in
2988 2047 3338 2119 Evangelium
3385 2039 3562 2098 sancti

1977 2162 2232 2219 Joannis:
2263 2130 2441 2225 (Quid
2470 2161 2570 2213 est,
2587 2130 2801 2221 spiritus
2827 2154 2875 2200 et
2889 2143 2994 2198 vim
3018 2138 3178 2195 sunt?
3198 2130 3564 2205 Spiritualiter

1980 2250 2327 2323 intelligenda
2373 2255 2516 2302 sunt.
2556 2236 2873 2297 intellexisti
2909 2227 3300 2305 spiritualiter?
3341 2224 3566 2295 spiritus

1978 2355 2033 2402 et
2074 2312 2185 2398 vita
2224 2348 2366 2398 sunt.
2409 2332 2722 2392 Intellexisti
2767 2324 3095 2385 carnaliter?
3145 2321 3307 2377 etiam
3351 2316 3430 2372 sic
3475 2312 3566 2368 illa

1982 2436 2202 2509 spiritus
2230 2441 2287 2489 et
2312 2431 2420 2486 vita
2451 2438 2596 2491 sunt,
2627 2424 2719 2479 sed
2751 2421 2848 2476 tibi
2881 2433 2986 2474 non
3014 2424 3157 2472 sunt.
3188 2432 3207 2466 ι
3247 2410 3327 2466 Ex
3359 2408 3445 2463 his
3474 2419 3567 2475 pa-

1985 2543 2061 2588 tet
2090 2539 2274 2601 aperte
2320 2534 2596 2580 auctorem
2654 2525 2897 2574 nostrum
2943 2511 3088 2566 aliud
3139 2509 3191 2562 in
3233 2511 3412 2559 mente
3461 2513 3566 2553 non

1984 2593 2238 2680 habuisse
2266 2633 2387 2673 cum
2435 2611 2620 2669 ﬁdeles
2666 2623 2759 2664 eos
2809 2602 3042 2675 appellat
3081 2597 3174 2668 qui
3221 2593 3485 2653 credunt,
3515 2596 3572 2642 et

1986 2728 2261 2785 nunquam
2293 2709 2472 2771 aliter,
2519 2718 2614 2759 eos
2657 2699 2748 2770 qui
2787 2695 3056 2764 recipiunt
3101 2700 3297 2757 corpus
3343 2679 3570 2744 Christi,

1989 2806 2090 2862 uisi
2117 2769 2184 2857 ⁸ιιι
2214 2799 2400 2855 ﬁdeles
2428 2769 2484 2850 et
2505 2769 2812 2852 credentes,
2835 2799 2960 2852 erga
2985 2794 3120 2851 quos
3146 2776 3367 2848 spiritus
3388 2780 3442 2826 et
3463 2769 3574 2823 vita

1988 2905 2071 2952 est
2097 2902 2152 2949 et
2175 2891 2490 2946 alimentum
2520 2881 2715 2937 animae
2737 2919 2752 2944 ,
2795 2874 2925 2931 illud
2958 2886 3081 2928 cunt
3100 2867 3276 2923 fructu
3299 2874 3354 2919 et
3383 2859 3576 2915 eﬁectu

1991 2987 2280 3059 recepisse.
2323 2978 2686 3049 Quamobrem
2715 2982 2992 3039 nunquam
3013 2963 3152 3020 dixit
3178 2959 3336 3015 ﬁdem
3363 2954 3578 3011 elﬁcere

1991 3062 2190 3155 corpus
2228 3075 2429 3136 Christi
2459 3070 2601 3144 quod
2627 3083 2722 3124 ore
2755 3074 2810 3122 et
2851 3063 2952 3118 rite
2980 3055 3308 3132 percipimus
3341 3052 3395 3105 in
3424 3062 3580 3104 sacro

1918 3169 1966 3233 Ο
1997 3169 2394 3230 Eucharistico,
2427 3143 2520 3220 sed
2552 3178 2582 3218 e
2607 3167 2800 3215 contra
2825 3164 2881 3211 et
2902 3169 2968 3207 ex
2994 3149 3244 3206 adverso.
3262 3143 3364 3198 hoc
3385 3153 3584 3209 corpus

1992 3281 2114 3323 esse
2144 3261 2416 3332 obiectum
2445 3255 2591 3318 ﬁdei,
2625 3252 2696 3309 ibi
2724 3264 2844 3306 esse
2868 3245 3103 3319 positum
3141 3254 3236 3295 seu
3262 3235 3583 3293 collocatum

1993 3359 2200 3432 potenti
2235 3356 2434 3412 virtute
2457 3349 2694 3422 Spiritus
2715 3343 2922 3408 sancti,
2953 3351 3009 3395 et
3038 3337 3097 3392 ﬁt
3126 3335 3439 3391 alimentum
3466 3327 3584 3383 ani-

1995 3467 2097 3507 tua:
2137 3457 2357 3511 nostrae,
2389 3443 2474 3498 cui
2516 3449 2732 3496 aaterna:
2771 3435 2896 3490 vitae
2925 3427 3280 3487 substantiam
3321 3418 3585 3478 submini-

1997 3551 2154 3600 strat.
2180 3540 2272 3605 Ut,
2302 3536 2477 3606 inquit
2508 3533 2856 3592 Ratramnus,
2885 3536 3111 3578 numero
3139 3516 3207 3572 54
3235 3533 3249 3570 :
3287 3533 3305 3565 ι
3335 3512 3431 3566 Est
3454 3521 3585 3580 ergo

2000 3634 2230 3691 interius
2252 3602 2644 3684 commutatum
2670 3617 2906 3688 Spiritus
2927 3610 3101 3667 sancti
3126 3605 3330 3678 potenti
3361 3602 3587 3664 virtute,

2000 3726 2142 3798 quod
2174 3722 2307 3776 ﬁdes
2338 3715 2552 3788 aspicit,
2585 3711 2823 3766 animam
2851 3702 3043 3775 pascit,
3080 3706 3298 3754 aeternae
3317 3692 3444 3746 vitae
3467 3688 3592 3744 sub-

2002 3818 2252 3875 stantiam
2271 3807 2663 3868 subministrat.
2690 3821 2707 3855 ι
2726 3799 2784 3855 lu
2815 3812 2935 3854 eam
2963 3783 3438 3858 sanctiAugustini
3465 3796 3589 3837 seu-

2005 3909 2230 3966 tentiam
2285 3901 2450 3959 ivisse
2502 3897 2716 3952 videtur
2760 3899 2945 3962 aperte
2993 3881 3311 3941 Anastasius
3358 3874 3592 3939 Sinaita,

2007 4002 2292 4073 episcopus
2316 3990 2686 4050 Antiocbeuus
2711 4027 2726 4052 ,
2784 3981 2877 4053 qui
2925 3995 2956 4035 e
2993 3976 3132 4032 vivis
3176 3969 3428 4029 discessit
3454 3979 3597 4021 anno

2006 4064 2207 4152 Christi
2237 4089 2340 4145 599
2361 4129 2376 4154 ,
2419 4087 2559 4142 libro
2596 4098 2675 4138 xu
2726 4076 3133 4134 Meditatiouum
3162 4064 3594 4138 Anagogicarum

2010 4189 2064 4244 in
2109 4184 2534 4242 Hexaemerum,
2570 4186 2799 4246 quarum
2832 4168 3052 4225 Graecus
3075 4169 3256 4218 textus
3283 4153 3599 4229 αὐτογράφος

2013 4277 2155 4350 typis
2179 4271 2428 4344 vulgatus
2454 4274 2536 4322 est
2560 4261 2853 4337 primulum
2879 4254 3131 4318 Londini,
3157 4249 3349 4305 Latine
3372 4256 3599 4300 conver-

2014 4384 2107 4425 sus
2146 4381 2176 4420 a
2203 4361 2506 4420 clarissimo
2549 4358 2666 4411 viro
2713 4362 2769 4409 et
2805 4347 3120 4407 doctissimo
3164 4338 3410 4398 Bacierio
3459 4345 3603 4388 anno

2019 4423 2156 4520 l682
2179 4505 2193 4528 ,
2229 4461 2282 4515 in
2313 4471 2421 4529 quo
2451 4455 2526 4509 ait
2557 4453 2676 4508 haec
2697 4447 2859 4503 verba
2888 4435 3162 4511 Evangelii
3185 4431 3358 4490 sancti
3379 4423 3603 4483 Joannis

2019 4557 2195 4627 capite
2215 4568 2292 4619 vt,
2319 4565 2462 4605 vers.
2495 4547 2596 4602 57:
2620 4565 2637 4596 ‹
2670 4541 2771 4610 Qui
2799 4536 3090 4595 mauducat
3114 4541 3286 4584 meam
3307 4532 3524 4578 carnem
3549 4524 3606 4569 et

2021 4651 2157 4708 bibit
2189 4663 2368 4704 meum
2395 4641 2746 4713 sanguinem,
2779 4635 2831 4688 iu
2860 4646 2943 4686 me
2966 4632 3148 4681 manet
3173 4630 3227 4675 et
3253 4631 3353 4688 ego
3381 4614 3432 4668 in
3459 4624 3546 4674 eo,
3578 4625 3599 4660 ι

2024 4758 2130 4800 non
2170 4737 2393 4808 intelligi
2436 4700 2512 4789 de‘
2547 4745 2712 4787 carne
2734 4700 2935 4780 visibili
2974 4727 3030 4774 et
3062 4711 3321 4781 sanguine
3357 4700 3607 4759 sensibus

2027 4792 2300 4907 subjecto;
2344 4792 2542 4901 quippe
2587 4839 2708 4880 cum
2759 4818 2926 4875 ludas
2973 4822 3027 4868 et
3068 4806 3220 4907 Simo
3265 4800 3480 4871 Magus’,
3513 4792 3608 4865 qui

2030 4943 2225 5001 corpus
2254 4935 2308 4982 et
2338 4920 2654 4992 sanguinem
2681 4908 2881 4970 Christi
2906 4897 3262 4961 Eucharistiae
3297 4909 3361 4950 ex
3389 4903 3529 4962 pane
3556 4895 3612 4941 et

3059 4991 3070 5001 .
3126 4999 3130 5001 Α
3170 4989 3181 5001 .
3361 4983 3458 5001 .,,,
3489 4977 3608 5001 μη,

2031 4977 2202 5080 calice
2225 4977 2570 5088 receperunt,
2598 5021 2704 5062 non
2738 4991 3138 5072 permanserint
3170 4989 3222 5044 in
3245 4983 3464 5042 Christo
3481 4977 3609 5036 Jesu

2034 5130 2210 5186 neque
2231 5079 2481 5166 Christus
2508 5103 2562 5157 in
2591 5099 2671 5155 eis
2688 5138 2702 5160 ,
2731 5096 2833 5150 hoc
2859 5099 2944 5146 est
2971 5087 3172 5156 absque
3195 5080 3372 5135 fructu
3399 5079 3615 5142 recepto

2037 5167 2437 5265 cminmunionis
2467 5193 2568 5249 sibi
2598 5186 3004 5246 administrate.
3030 5180 3176 5250 Λέγει
3198 5177 3298 5251 γὰρ
3326 5167 3616 5226 ἀκολούθως

2038 5304 2066 5362 ὃ
2091 5302 2212 5364 Θεὸς
2239 5299 2414 5372 Λόγος·
2441 5304 2497 5349 '0
2520 5289 2728 5367 τρωγών
2753 5303 2853 5357 μου
2879 5282 2969 5338 τήν
2998 5275 3195 5349 σάρκα.
3226 5270 3314 5323 καὶ
3339 5267 3494 5321 πίνων
3518 5279 3617 5330 μου

2039 5399 2098 5456 τὸ
2124 5396 2273 5466 αἷμα,
2305 5392 2351 5445 ἐν
2381 5388 2489 5460 ὶμοὶ
2525 5384 2659 5455 μένει
2678 5419 2694 5444 ,
2733 5378 2814 5432 καὶ
2841 5373 2939 5448 ἐγῶ
2979 5370 3028 5425 ἓν
3052 5360 3221 5434 αὐτῷ’
3251 5361 3311 5416 οὗ
3366 5357 3485 5431 περὶ
3528 5358 3622 5411 τῆς

2932 5465 2941 5466 7
2972 5463 2981 5466 ⁸
3242 5453 3269 5466 ⁸
3323 5449 3351 5466 Ω
3458 5448 3467 5463 ⁸
3544 5443 3622 5466 NL!

2348 5443 2536 5557 σοὶρκὸξ
2563 5477 2646 5530 καὶ
2685 5443 2898 5542 stipare;
2930 5463 3081 5534 λέγει.
3125 5449 3376 5512 κατέλαϐε
3409 5448 3508 5521 γὰρ
3539 5443 3624 5498 καὶ

2043 5491 2302 5569 aputanti:

2561 5569 2588 5625 ὁ
2614 5581 2778 5639 Μαγος
2806 5555 2894 5618 to;
2925 5559 3164 5626 σώματος
3184 5548 3272 5602 καὶ
3298 5547 3390 5600 τοῦ
3410 5539 3624 5610 αἳματος

2043 5583 2232 5644 Ἰούδας
2253 5581 2336 5636 καὶ
2364 5579 2523 5647 Σίμων

352 5628 601 5688 credunt.
642 5622 722 5680 Ex
751 5621 855 5677 hoc
893 5617 1038 5674 enim
1079 5615 1185 5670 duo
1225 5617 1581 5668 consectanea
1623 5595 1940 5658 naturaliter

354 5721 646 5778 observat:
681 5715 738 5769 1ο
767 5711 974 5769 scilicet
1019 5717 1261 5777 tempore
1311 5694 1591 5757 Ratramni
1637 5687 1943 5749 incredulos

359 5824 414 5871 et
439 5813 660 5885 iniquos
694 5806 943 5863 homines
977 5817 1084 5857 non
1115 5795 1385 5868 recepisse
1405 5803 1605 5860 corpus
1627 5779 1826 5841 Christi
1854 5792 1947 5835 ve-

2062 5630 2225 5644 IVVV—'
2256 5630 2333 5636 -V-_,
2416 5630 2425 5647 ι
2701 5630 2713 5639 '

2047 5687 2138 5739 τῆς
2155 5671 2529 5746 Εὖχαριστίας,
2546 5667 2639 5720 τοῦ
2666 5655 2824 5735 ἄρτου
2850 5654 2934 5708 καὶ
2951 5652 3040 5705 τοῦ
3060 5641 3325 5717 ποτηρίου,
3340 5631 3441 5690 ἀλλ’
3465 5630 3522 5684 οὺ
3541 5647 3628 5681 κα-

3023 5738 3036 5746 ·
3238 5735 3247 5746 ι
3344 5742 3365 5746 Α
3382 5729 3395 5744 ς
3411 5723 3434 5746 θ
3448 5729 3457 5746 ς
3494 5719 3628 5746 Αδο-Δι

2058 5719 2219 5739 μη..-
2270 5719 2566 5744 ..Γ----ηπ
2702 5719 2712 5735 ι

2053 5719 2300 5831 tabanus,
2328 5760 2440 5819 οὐδὲ
2475 5759 2720 5832 asp-annm
2748 5752 2797 5804 ἒν
2826 5747 2996 5802 αὐτοῖς
3017 5738 3043 5794 ὃ
3067 5735 3316 5812 Χριστὸς,
3343 5723 3460 5782 οὐδὲ
3485 5719 3630 5780 αὐτοὶ
