4088 6344
492 386 501 399 ,η
526 344 628 401 125

1574 337 1936 396 RATBAMNI
1973 334 2424 397 COliBEIENSlS
2460 334 2764 397 MONACHI
2804 366 2807 367 ν

3704 340 3817 397 {ﬂ

537 460 589 516 iv
608 449 1070 532 insanissima
1088 458 1298 513 dubitet
1309 456 1440 528 quin
1458 456 1548 512 hic
1567 456 1844 512 sitseusus
1860 454 2133 526 genuinus
2152 467 2201 526 Α
2300 451 2410 509 Nec
2453 453 2734 509 dubitandi
2774 451 2926 514 locus
2965 450 3186 509 relictus
3225 460 3311 508 est
3339 452 3471 524 quin
3498 452 3737 511 libenter
3760 464 3816 510 et

536 551 875 607 Anastasiiet
898 553 953 609 in
968 550 1221 610 suasione
1240 549 1404 604 fuerit
1426 547 1641 617 indigne
1661 546 2020 617 suscipientes
2033 544 2130 600 ho-

538 643 713 699 mines
742 658 937 714 pravos
964 641 1400 699 communionem
1420 641 1665 711 corporis
1684 638 1884 696 Christi
1907 654 2126 694 carnem

438 788 441 793 .
537 751 721 793 veram
742 745 798 793 et
812 737 1130 807 sanguinem
1144 751 1331 791 verum
1344 749 1440 790 ore
1456 726 1761 805 percipere:
1783 733 1981 803 quippe
2004 747 2126 787 cum

535 830 797 885 anteriori
819 827 949 885 dicti
985 828 1108 884 libri
1142 826 1270 884 folio
1298 828 1517 899 indigne
1547 828 1869 897 recipientes
1905 841 1937 880 a
1969 825 2127 896 digne

535 921 919 992 recipientibus
930 921 983 976 in
1000 936 1067 978 eo
1089 921 1384 992 distinguat
1397 930 1452 976 et
1465 919 1801 975 discriminet
1813 918 1953 988 quod
1967 918 2126 989 digne

538 1014 863 1083 recipientes
892 1014 947 1071 in
974 1023 1240 1070 sternunt
1265 1028 1371 1068 non
1394 1012 1714 1078 morientur,
1743 1010 1833 1066 alii
1860 1025 1988 1066 vero
2011 1011 2125 1065 sive

538 1106 689 1172 mali,
722 1106 930 1177 impiati
957 1121 1024 1162 ac
1055 1106 1375 1162 criminibus
1398 1104 1698 1175 inquinati,
1729 1112 1785 1157 et
1809 1110 2119 1167 terrestres,

531 1197 702 1254 solam
739 1213 959 1254 carnem
995 1206 1309 1253 terrestrem
1348 1206 1401 1251 et
1428 1196 1743 1266 sanguinem
1784 1194 1986 1250 Christi
2015 1209 2122 1249 -su-

529 1292 799 1362 scipiettt:
832 1293 892 1347 Ol
938 1292 993 1350 δὲ
1035 1293 1187 1367 γιΐνοι
1234 1295 1322 1347 καὶ
1365 1294 1433 1350 τὰ
1480 1290 1631 1366 vntum
1673 1296 1985 1366 φροωιῦτες.
2029 1300 2123 1353 τῆς

529 1383 703 1453 vatim:
725 1387 831 1456 μιν,
876 1387 958 1440 καὶ
992 1385 1147 1455 μόνης
1185 1387 1379 1461 σαρκὸς
1406 1390 1496 1440 τοῦ
1526 1388 1752 1459 Χριστοῦ
1793 1384 2122 1456 μεταλαμϐά-

528 1496 702 1533 νουσιν
727 1478 992 1552 τολμηρῶς
1014 1482 1094 1534 καὶ
1119 1481 1354 1544 ἀναξίως.
1386 1498 1404 1529 ‹
1427 1477 1528 1545 Qui
1552 1491 1682 1532 vero
1703 1477 1904 1533 terreni
1926 1487 1981 1531 et
2012 1486 2121 1532 ter-

528 1585 660 1625 rena
704 1572 974 1642 sapientes
1013 1573 1282 1643 recipiunt
1319 1572 1581 1628 audacter
1624 1584 1679 1627 et
1708 1570 1926 1642 indigne
1949 1571 2118 1627 solam

528 1683 744 1722 carnem
790 1679 1108 1727 terrestrem
1154 1671 1376 1728 Christi.
1408 1690 1426 1722 ι
1489 1670 1746 1725 Fortasse
1793 1670 2116 1739 quibusdam

528 1773 635 1812 non
664 1760 930 1830 imperitis
965 1762 1097 1818 viris
1128 1777 1228 1818 nec
1262 1762 1676 1817 inconsideratis
1703 1776 1893 1830 parum
1926 1776 2118 1831 oppor-

2231 553 2424 616 sponte
2450 561 2637 601 verum
2666 545 2812 615 quod
2837 556 2918 601 est
2942 554 2999 600 et
3025 555 3276 616 apertum
3306 534 3686 618 rehognoverit
3704 550 3816 611 cta-

2231 636 2480 692 rissimus
2507 646 2562 692 et
2587 636 3001 693 honestissimus
3030 636 3317 703 Da'cerius,
3348 653 3483 695 eum
3509 642 3815 711 prtesertim

2229 729 2631 800 superstitionis
2658 728 2986 785 Calviniante
3014 728 3281 787 fascinum
3314 730 3549 791 sincero
3561 739 3620 789 et
3640 731 3815 789 ﬁdeli-

2229 829 2313 876 ter
2341 820 2653 889 ejuraverit.

2296 910 2417 968 Jam
2447 913 2513 968 ad
2544 914 2760 969 tertiam
2797 913 3178 986 cogitationem
3216 923 3274 971 et
3293 916 3702 974 meditationem
3728 918 3815 973 in-

2227 1005 2480 1076 terpretis
2525 1005 2808 1062 Ratramni
2848 1007 3239 1078 procedamus:
3268 1024 3391 1079 quas
3424 1025 3553 1066 cum
3594 1010 3814 1067 diversa

2224 1099 2443 1155 nomina
2472 1100 2816 1156 eucharistire
2853 1101 3020 1156 variis
3048 1100 3382 1171 temporibus
3413 1116 3445 1157 a
3471 1100 3705 1160 diversis
3728 1117 3818 1158 re-

2224 1194 2444 1266 gionum
2468 1201 2523 1248 et
2544 1193 2826 1265 plagarum
2846 1193 2995 1249 orbis
3018 1191 3316 1250 Christiani
3337 1192 3530 1249 incolis
3553 1193 3815 1265 imposita

2223 1293 2489 1356 spectent,
2522 1285 2655 1340 nihil
2685 1294 2847 1343 rectas
2876 1286 3071 1365 rationi
3099 1300 3328 1343 concors
3355 1296 3451 1342 aut
3477 1301 3816 1344 convemens

2222 1392 2290 1431 ex
2320 1392 2384 1431 ea
2410 1375 2602 1431 deduci
2629 1384 2808 1455 potest
2832 1378 3094 1433 adversus
3120 1377 3380 1433 Ecclesiae
3419 1377 3680 1434 Romane
3714 1379 3812 1434 do-

2222 1469 2454 1524 ctrinam
2482 1486 2494 1523 :
2529 1484 2654 1525 cum
2683 1470 2906 1540 insuper
2929 1470 3212 1525 materiam
3243 1470 3477 1541 amplam
3497 1470 3816 1542 suppedita-

2222 1569 2307 1616 ret
2332 1560 2399 1615 ad
2429 1559 2626 1615 librum
2652 1560 2919 1633 integrum
2939 1601 2957 1628 ,
2992 1561 3037 1617 si
3066 1562 3133 1617 de
3159 1576 3350 1618 eorum
3381 1562 3663 1617 nominum
3699 1562 3815 1617 ori—

2221 1652 2344 1723 gine
2368 1651 2673 1707 faciendum
2700 1666 2838 1723 Opus
2868 1653 3289 1725 aggrederentur
3311 1661 3361 1708 et
3389 1653 3702 1720 ostendere,
3732 1654 3813 1710 uti

2221 1744 2380 1800 facile
2402 1753 2569 1810 esset,
2598 1745 2848 1814 imposita
2874 1746 2922 1800 ei
2951 1745 3119 1802 fuisse
3138 1747 3257 1803 haec
3282 1746 3500 1801 nomina
3526 1762 3558 1801 a
3585 1745 3720 1802 viris
3743 1745 3813 1801 de

530 1858 656 1904 tuna
701 1852 971 1907 videbitur
1021 1853 1287 1925 digressio
1317 1868 1412 1909 seu
1455 1868 1719 1909 excursus
1760 1852 1849 1907 hic
1889 1868 1919 1907 a
1960 1852 2111 1909 nobis

2222 1837 2335 1893 veri
2371 1837 2618 1908 corporis
2663 1836 2863 1892 Christi
2913 1837 2965 1892 in
3011 1837 3344 1893 eucharistia
3392 1836 3681 1907 praesentia
3714 1851 3814 1893 seu

525 1941 690 1997 θαίμνί
740 1944 805 1999 de
853 1945 1090 2000 editione
1133 1945 1548 2003 Graeco-Latina
1606 1961 1637 2000 a
1684 1945 2116 2001 Protcstantibus

527 2045 836 2104 procurata,
871 2052 1014 2092 anno
1044 2039 1213 2107 1682,
1242 2039 1484 2110 praedicti
1512 2039 1817 2094 duodecimi
1848 2038 1970 2093 libri
2001 2039 2113 2094 Me-

523 2126 841 2183 dltationum
889 2129 1161 2187 Anastasii
1193 2133 1259 2188 ad
1303 2131 1462 2187 ﬁdem
1509 2131 1715 2188 codicis
1760 2132 2114 2201 manuscripti

523 2220 864 2277 bibliothecte
888 2221 1133 2280 celebris
1173 2225 1402 2281 ministri
1435 2226 1665 2281 senioris
1691 2224 2114 2281 Charentoniani

523 2310 746 2369 Joannis
777 2298 988 2381 Daﬂaei,
1021 2331 1180 2385 quem
1208 2316 1260 2372 in
1294 2317 1675 2372 bibliothecam
1708 2316 1933 2372 illustris
1960 2316 2112 2388 regni

520 2404 831 2459 administri
857 2404 1096 2461 Colberti
1131 2407 1444 2463 translatam
1480 2409 1646 2465 fuisse
1681 2410 2025 2475 existimant,
2060 2409 2111 2465 in

522 2493 912 2567 investigandis
941 2497 1095 2554 libris
1116 2501 1353 2570 antiquis
1377 2501 1479 2556 viri
1517 2502 1715 2557 curiosi
1745 2512 1799 2558 et
1836 2501 2109 2573 applicati.

524 2584 633 2641 Sed
674 2588 1000 2658 obsequioso
1044 2590 1258 2648 silentio
1292 2595 1706 2663 praetermittere
1750 2609 1854 2649 non
1895 2609 2111 2664 possum

525 2685 799 2733 auctorem
828 2682 1113 2750 versiouis,
1143 2685 1233 2755 qui
1259 2684 1327 2741 de
1356 2684 1561 2741 Graecis
1586 2686 1739 2742 bonis
1766 2686 1983 2757 scripsit
2007 2685 2111 2741 La-

521 2769 636 2826 tine
664 2787 770 2828 non
797 2773 1061 2843 deterius,
1090 2777 1260 2832 virum
1299 2778 1562 2849 insignem
1594 2780 1803 2835 meritis
1831 2779 2111 2835 litterariis

521 2858 727 2918 Graecis
750 2873 806 2919 et
829 2864 1037 2922 Latinis
1054 2876 1110 2921 et
1133 2870 1605 2926 commendatione
1630 2871 1861 2941 plurima
1889 2872 2109 2943 dignum

508 2952 663 3022 apud
699 2970 891 3013 omnes
921 2959 1301 3028 antiquitatum
1334 2963 1763 3035 investigatores,
1796 2966 1979 3022 nescio
2004 2982 2109 3037 qua

522 3045 755 3112 ratione,
781 3063 809 3102 τι
836 3048 1009 3105 (ἓηεὶ
1040 3059 1219 3107 textus
1248 3052 1559 3109 sinceritate
1585 3055 1906 3124 declinasse,
1937 3057 2013 3111 uti
2042 3072 2108 3112 ex

524 3137 609 3192 his
638 3139 934 3212 intelligere
967 3159 1189 3199 necesse
1209 3154 1293 3200 est
1316 3149 1493 3224 οὐπερί
1511 3157 1603 3210 τῆς
1629 3151 1883 3225 ὁρωμένης
1914 3153 2108 3226 σαρκὸς

2219 1929 2458 1985 realitate
2499 1945 2604 1986 non
2647 1929 3043 1985 dubitantibus.
3102 1928 3208 1987 Sed
3242 1931 3327 1985 bis
3355 1930 3588 2001 amplius
3617 1930 3816 1985 immo-

2219 2021 2330 2075 rari
2361 2035 2466 2077 non
2485 2020 2659 2090 juvat.
2699 2021 2953 2092 Adeoque
2997 2023 3124 2079 huic
3170 2020 3473 2092 prtefationi
3513 2036 3607 2079 seu
3640 2021 3813 2077 histo-

2217 2110 2312 2166 riae
2339 2110 2463 2166 libri
2506 2110 2791 2167 Ratramni
2842 2112 3002 2168 ﬁnem
3050 2113 3328 2169 meliorem
3375 2113 3656 2183 imponere
3699 2127 3809 2169 non

2215 2219 2381 2275 posse
2414 2204 2662 2260 videmur
2692 2220 2857 2275 quam
2883 2206 2927 2262 si
2955 2214 3066 2262 tres
3106 2206 3270 2261 etiam
3312 2205 3672 2279 cogitationes
3712 2220 3811 2262 seu

2215 2297 2599 2355 meditationes
2626 2299 2693 2355 de
2719 2300 2821 2357 hoc
2851 2300 3113 2370 apusculo
3137 2299 3420 2356 Ratramni
3448 2314 3810 2370 exponamus,

2215 2390 2414 2460 quibus
2450 2406 2481 2449 α
2523 2390 2959 2451 Protestantibus
2999 2408 3107 2451 non
3152 2407 3474 2462 responsum
3521 2392 3587 2448 iri
3638 2392 3811 2449 conﬁ-

2214 2480 2416 2536 dimus.
2982 2544 2983 2547 η
3658 2506 3661 2507 ⁷

2286 2571 2470 2628 Primo
2498 2573 2763 2645 subjecto,
2792 2577 2935 2645 quod
2964 2573 3157 2633 falsum
3190 2582 3529 2647 reputamus,
3556 2568 3809 2632 Ramm-

2212 2684 2343 2727 num
2388 2669 2706 2741 impugnare
2741 2671 2975 2729 voluisse
3014 2671 3173 2728 ﬁdem
3202 2688 3298 2729 seu
3325 2674 3633 2733 suasionem
3664 2687 3807 2744 prat-

2213 2764 2403 2821 sentite
2427 2779 2570 2820 verae
2596 2765 2710 2820 veri
2734 2766 2979 2838 corporis
3014 2764 3253 2833 Christi;
3281 2766 3475 2823 saltem
3515 2781 3625 2823 non
3649 2767 3809 2823 dubi-

2214 2863 2393 2913 tamus
2445 2856 2575 2925 quin
2625 2855 2809 2913 ﬁdeles
2862 2858 3197 2928 reputaverit
3258 2867 3313 2915 et
3366 2860 3683 2931 neutiquam
3741 2860 3810 2916 ab

2213 2944 2470 3002 Ecclesiae
2497 2956 2641 3003 ctetu
2670 2957 2911 3005 secretos
2956 2949 3207 3009 homines
3240 2950 3554 3008 defensores
3580 2951 3809 3021 hujusce

2213 3039 2479 3096 veritatis.
2510 3039 2635 3097 Haec
2662 3041 2837 3111 palam
2858 3050 2916 3098 et
2943 3042 3147 3112 liquido
3178 3043 3551 3116 intelliguntur
3573 3060 3641 3102 ex
3677 3059 3810 3101 eon-

2213 3136 2385 3205 ceptis
2411 3136 2592 3192 verbis
2619 3136 2839 3192 secundi
2868 3136 3081 3192 articuli
3112 3136 3233 3192 libri
3259 3135 3543 3192 Ratramni
3572 3155 3587 3192 :
3622 3154 3642 3190 ι
3670 3137 3808 3194 Dum

522 3239 611 3290 και
638 3238 858 3309 αἵματος
886 3239 1040 3312 λίγα,
1069 3256 1189 3311 qua:
1209 3241 1288 3297 sic
1306 3222 1497 3299 Latine
1521 3222 1724 3300 reddit:
1747 3245 1867 3300 Non
1888 3247 1952 3301 de
1971 3222 2111 3318 prte-

2214 3227 2358 3282 enim
2390 3228 2616 3298 quidam,
2645 3228 2884 3286 ﬁdelium
2913 3229 3156 3301 corporis
3192 3230 3578 3301 sanguinisque
3601 3230 3810 3288 Christi

520 3328 660 3381 senti
685 3344 842 3384 came
883 3340 931 3385 et
959 3333 1216 3401 sanguine
1243 3337 1409 3405 pergit
1430 3376 1445 3399 ,
1474 3346 1533 3390 ut
1571 3336 1930 3407 intelligamus
1964 3338 2109 3393 Ana—

518 3419 746 3473 stasium
782 3436 885 3476 non
937 3434 1217 3493 reputasse
1254 3434 1346 3480 aut
1387 3426 1683 3483 credidisse
1721 3427 1996 3484 Christum
2025 3430 2109 3487 his

519 3514 797 3584 conceptis
813 3517 992 3571 verbis
1014 3517 1285 3588 Evangelii
1308 3520 1478 3575 sancti
1502 3518 1727 3577 Joannis
1752 3541 1764 3575 :
1787 3541 1803 3574 ι
1834 3522 1935 3591 Qui
1960 3539 2107 3579 man-

518 3602 683 3660 ducat
714 3621 888 3661 meam
922 3623 1138 3664 carnem
1159 3651 1173 3674 ,
1217 3619 1270 3667 et
1297 3612 1434 3667 bibit
1461 3628 1639 3670 meum
1671 3617 1984 3685 sanguinem
2005 3658 2018 3682 ,
2054 3618 2107 3673 in

517 3710 605 3750 me
634 3707 818 3753 manet
840 3707 895 3754 et
920 3715 1019 3773 ego
1043 3701 1094 3756 in
1117 3701 1227 3767 illo,
1259 3724 1277 3755 ι
1315 3704 1586 3774 appulisse
1612 3707 1850 3762 animum
1879 3718 1939 3763 ut
1961 3724 2108 3764 men-

518 3788 720 3844 tionem
749 3789 953 3847 faceret
980 3809 1120 3849 verte
1150 3796 1452 3865 praesentiae
1483 3798 1594 3852 veri
1632 3801 1876 3870 corporis
1904 3800 2107 3856 Christi

518 3878 572 3932 in
613 3881 943 3937 eucharistia
979 3901 993 3938 :
1027 3899 1149 3939 cum
1192 3900 1384 3940 sensus
1427 3886 1697 3943 Anastasii
1740 3890 1811 3944 sit
1859 3900 2106 3946 sanctum

515 3964 777 4025 Joannem
805 3988 926 4025 cum
948 3972 1169 4030 Christo
1193 3974 1421 4032 Domino
1452 3992 1517 4032 eo
1543 3978 1646 4034 loci
1674 3995 1776 4034 non
1810 3982 2107 4038 attendisse

518 4067 613 4112 aut
638 4069 916 4130 spectasse
945 4079 1164 4120 carnem
1195 4076 1248 4120 et
1271 4068 1589 4138 sanguinem
1617 4069 1881 4126 visibilem
1910 4081 1965 4127 et
1988 4088 2109 4129 sen-

517 4150 671 4206 sibus
714 4153 1010 4223 subjectam
1038 4198 1053 4223 ,
1116 4160 1362 4227 quamvis
1407 4171 1728 4231 prtesentem
1775 4178 1963 4219 revera
2012 4180 2105 4219 seu

518 4244 763 4313 realiter;
805 4262 968 4318 quam
1018 4266 1138 4307 esse
1178 4253 1445 4309 sinceram
1497 4256 1797 4312 doctrinam
1849 4257 2107 4314 Ecclesiae

518 4337 800 4393 catholica
827 4354 934 4395 non
962 4341 1182 4397 dubium
1216 4354 1315 4399 est.
1355 4345 1522 4402 Nemo
1550 4347 1686 4403 ﬁdus
1708 4350 1975 4419 interpres
1992 4350 2107 4415 haec

516 4427 682 4482 verba
712 4431 883 4485 sancti
914 4429 1140 4489 Joannis
1167 4432 1538 4507 Chrysostomi
1568 4455 1632 4493 ex
1672 4439 1891 4495 bomilia
1919 4441 2007 4505 75,
2053 4441 2105 4495 in

517 4533 636 4589 cap.
656 4535 746 4575 xw
767 4523 939 4577 sancti
957 4522 1199 4592 Joannis,
1216 4543 1358 4583 vers.
1379 4528 1433 4597 7,
1451 4534 1580 4594 Τοὺς
1594 4536 1685 4605 μέν
1703 4537 1804 4610 γὰρ
1821 4534 2106 4609 ὁρωμένους

516 4609 770 4683 δυνάμεθα
815 4621 901 4672 καὶ
947 4619 1176 4695 ὁρᾶνκαί
1211 4623 1438 4697 ἀγνοεῖν,
1478 4623 1564 4679 his
1590 4609 1798 4681 Latinis
1829 4628 2102 4684 reddidit:

525 4721 544 4754 ι
572 4704 679 4762 Eos
702 4708 847 4764 enim
889 4712 980 4781 qui
1020 4723 1311 4782 praesentes
1351 4724 1478 4770 sunt
1514 4732 1801 4786 possumus
1838 4720 2023 4776 videre
2052 4729 2107 4776 et

438 4862 441 4869 ι
518 4795 800 4867 ignorare;
835 4803 960 4858 sed:
1007 4804 1114 4860 Eos
1152 4820 1289 4877 quos
1324 4807 1572 4865 videmus
1601 4825 1888 4880 possumus
1922 4813 2104 4870 videre

518 4900 573 4947 et
601 4892 872 4963 ignorare.
904 4915 922 4949 ι
968 4896 1154 4953 Fidem
1201 4898 1407 4957 faciunt
1451 4919 1641 4959 omnes
1675 4905 1987 4962 dictionarii
2012 4923 2103 4964 co-

519 4983 669 5039 dices
696 4994 752 5041 et
778 4986 949 5044 lexica
979 4988 1187 5057 Grieca,
1224 5001 1280 5048 et
1304 5004 1546 5067 quoquot
1567 5005 1693 5052 sunt
1723 4990 1827 5052 viri
1851 4998 2097 5065 litterati,

518 5085 574 5133 et
598 5078 845 5137 homines
872 5082 1063 5152 primis
1084 5084 1364 5143 elementis
1383 5087 1556 5145 (ἔτωοί
1584 5090 1857 5145 idiomatis
1887 5092 2100 5159 imbuti,

518 5172 747 5227 verbum
803 5170 1063 5250 Ὀράωμαι
1114 5177 1419 5249 signiﬁcare
1463 5182 1670 5246 videor,
1721 5193 1773 5236 et
1826 5198 2099 5252 nunquam

517 5279 745 5333 prtrsens
771 5281 923 5332 sum;
948 5264 1168 5345 Ὀρασις
1197 5283 1353 5325 sonat
1381 5271 1647 5337 visionem,
1674 5273 2102 5344 praedictionem;

514 5355 794 5433 'Aopanoc,
834 5362 1141 5417 inuisibilem
1177 5372 1232 5419 et
1264 5379 1370 5418 non
1404 5364 1684 5420 absentem.
1725 5365 1906 5437 Longe
1934 5366 2109 5421 scien-

522 5449 591 5503 tia
634 5450 822 5508 Grteca
860 5453 1145 5509 inferiores
1187 5456 1431 5510 Dacierio
1475 5457 1586 5510 suis
1623 5457 2105 5514 Observationilms

520 5542 722 5597 criticis
754 5544 818 5599 ad
863 5544 1166 5616 Longinum
1198 5550 1312 5623 Περὶ
1343 5546 1569 5619 ὖπψους,
1623 5547 1828 5603 Horatii
1877 5547 2021 5605 Odas
2050 5560 2103 5605 et

523 5633 764 5704 Festum,
799 5637 851 5693 id
879 5639 1061 5693 sciunt
1086 5638 1280 5708 quibus
1305 5657 1317 5693 :

1310 5773 1434 5823 Dant
1456 5777 1667 5823 crustula
1693 5775 1851 5825 blandi

647 5834 916 5897 Doctores,
945 5835 1194 5887 elementa
1220 5836 1375 5910 velint
1395 5844 1448 5887 ut
1470 5838 1663 5889 discere
1683 5842 1850 5907 prima.

2134 4593 2184 4656 D

2212 3316 2373 3389 quod
2404 3321 2455 3376 in
2497 3321 2740 3378 Ecclesia
2785 3323 3025 3393 quotidie
3066 3323 3407 3387 celebratur,
3449 3324 3633 3379 dicant
3656 3324 3808 3395 quod

2212 3411 2359 3468 nulla
2407 3414 2507 3469 sub
2559 3414 2767 3485 ﬁgura,
2811 3415 2955 3470 nulla
3005 3416 3106 3472 sub
3152 3417 3492 3473 obvelatione
3534 3416 3672 3482 ﬁat,
3710 3418 3810 3474 sed

2210 3505 2385 3576 ipsius
2410 3506 2657 3563 veritatis
2684 3508 2824 3563 nuda
2860 3508 3297 3566 manifestatione
3325 3520 3648 3581 peragatur;
3682 3512 3808 3581 qui-

2213 3596 2338 3652 dam
2364 3612 2493 3652 vero
2525 3607 2793 3654 testentur
2833 3601 2976 3671 quod
3022 3602 3137 3657 haec
3186 3601 3289 3657 sub
3339 3603 3580 3674 mysterii
3632 3602 3807 3674 ﬁgura
3889 3650 3904 3661 .

2211 3690 2614 3755 contineantur,
2642 3702 2747 3747 etc.
2774 3711 2791 3743 ι
2816 3692 2940 3749 litec
2967 3693 3112 3748 cutim
3136 3709 3243 3749 non
3270 3694 3442 3749 solum
3472 3696 3595 3751 sine
3623 3710 3802 3762 mora,

2212 3780 2309 3837 sed
2336 3782 2515 3838 subito
2534 3784 2864 3841 constituere
2892 3786 3092 3841 debent
3115 3796 3169 3841 et
3194 3787 3356 3859 ﬁgere
3386 3788 3439 3843 in
3470 3788 3576 3843 ﬁde
3603 3798 3659 3844 et
3680 3804 3809 3845 sua-

2211 3871 2385 3938 sione,
2418 3876 2561 3944 quod
2585 3890 2652 3930 ex
2683 3877 2885 3932 nostris
2912 3878 3347 3935 adnotationibus
3375 3879 3577 3936 affatim
3608 3881 3810 3937 intelli-

2210 3975 2389 4034 getur,
2441 3969 2901 4024 concertationem
2951 3986 3072 4041 quae
3120 3971 3294 4027 locum
3350 3973 3497 4028 dedit
3546 3975 3808 4045 opusculo

2213 4058 2496 4115 Ratramni
2528 4077 2672 4117 nono
2698 4063 2896 4119 steculo
2925 4065 3179 4121 Ecclesi:e
3205 4066 3349 4122 inter
3372 4067 3651 4125 catholicae
3680 4067 3807 4124 ﬁdei

2211 4152 2359 4207 viros
2390 4152 2705 4209 defensores
2732 4156 3060 4224 substitisse,
3092 4168 3147 4214 et
3182 4157 3297 4214 ﬁeri
3336 4175 3442 4214 non
3475 4160 3716 4230 potuisse
3746 4171 3807 4216 ut

2212 4244 2505 4300 realitatem
2536 4255 2593 4300 et
2621 4248 2905 4307 veritatem
2949 4252 3196 4321 corporis
3238 4251 3440 4309 Christi
3490 4255 3545 4310 in
3594 4254 3809 4309 Eucha-

2213 4336 2365 4392 ristia
2398 4347 2669 4410 spectaret
2700 4357 2855 4397 :cnm
2884 4359 2983 4414 pro
3007 4354 3063 4400 et
3088 4353 3298 4411 contra,
3329 4346 3398 4403 de
3431 4347 3599 4404 hocce
3627 4357 3807 4421 syste-

2212 4437 2357 4484 mate
2404 4429 2589 4487 ﬁdeles
2634 4434 2976 4504 aequabiliter
3005 4436 3295 4493 defendere
3343 4449 3436 4494 aut
3484 4440 3808 4514 impugnare

2211 4541 2318 4581 non
2349 4530 2653 4597 potuerint;
2685 4540 2740 4585 et
2787 4532 2888 4586 nisi
2935 4532 2989 4587 in
3021 4534 3199 4589 medio
3245 4533 3436 4589 dubios
3465 4537 3764 4593 consistere
3786 4580 3804 4603 ,

2208 4621 2355 4674 omni
2387 4622 2596 4677 delectu
2632 4631 2687 4678 at
2716 4624 3029 4682 discrimine
3074 4634 3303 4683 remoto.
3348 4622 3572 4700 lns‘ier
3614 4630 3807 4688 inutile

2209 4721 2266 4766 et
2288 4728 2748 4784 supervacaneum
2774 4728 2920 4774 esset
2944 4720 3125 4776 dicere
3154 4720 3510 4778 Ratramnum
3542 4732 3803 4794 tanquam

2207 4806 2443 4862 schisma
2481 4808 2636 4864 valde
2672 4810 2983 4868 intricatum
3015 4817 3320 4886 respexisse
3348 4818 3667 4875 divisionem
3704 4836 3800 4878 seu

2207 4898 2525 4957 scissionem
2552 4901 2604 4956 in
2642 4903 2881 4959 Ecclesia
2912 4923 2975 4961 ex
2999 4909 3311 4978 opinionum
3336 4912 3650 4971 diversitate
3674 4930 3800 4970 eru-

2209 5000 2455 5061 pturam:
2482 4996 2680 5066 quippe
2707 5012 2830 5053 cum
2858 4998 3156 5071 nimiopere
3180 5012 3325 5073 patet
3353 5019 3419 5060 eo
3447 5004 3547 5062 loci
3574 5022 3801 5081 exagge-

2210 5099 2362 5140 rasse
2408 5084 2765 5143 Ratramnnm
2817 5107 3123 5148 sermonem
3154 5111 3310 5153 suum
3356 5096 3566 5153 dicendi
3605 5112 3802 5173 genere

2211 5179 2311 5235 sibi
2339 5182 2499 5235 obvio
2532 5189 2585 5235 et
2610 5183 2907 5241 ordinario.
2946 5186 3036 5243 Sic
3066 5189 3264 5260 quippe
3300 5190 3437 5247 libro
3465 5208 3625 5262 quem
3659 5194 3799 5251 scri-

2210 5270 2316 5341 psit
2340 5272 2404 5327 de
2433 5271 2725 5330 Nativitate
2750 5275 2974 5343 Christi,
3003 5282 3180 5351 capite
3217 5284 3425 5338 decimo
3445 5327 3458 5350 ,
3490 5285 3663 5342 instar
3688 5287 3799 5342 bte-

2209 5364 2347 5418 resis
2373 5380 2524 5419 novae
2547 5368 2842 5437 repentinae
2871 5379 3084 5439 reputat
3111 5376 3398 5444 prieteritis
3419 5379 3632 5435 steculis
3657 5381 3804 5437 inco-

2208 5455 2480 5526 gitabilem
2513 5459 2820 5528 opinionem
2854 5477 3041 5518 eorum
3076 5467 3386 5537 hominum,
3419 5474 3508 5543 qui
3538 5474 3638 5529 sibi
3674 5490 3798 5544 per-

2211 5559 2496 5605 suaserant
2545 5566 2760 5607 sacrum
2792 5554 3003 5610 Domini
3033 5561 3200 5614 nostri
3225 5560 3350 5619 Jesu
3374 5563 3575 5641 Christi
3605 5581 3802 5638 corpus

2211 5643 2456 5713 erupisse
2492 5659 2558 5698 ex
2593 5647 2935 5704 sanctissimo
2961 5649 3133 5707 beatte
3168 5652 3406 5726 Virginis
3435 5666 3622 5723 utero,
3662 5674 3800 5729 quo-

2211 5738 2333 5793 dam
2365 5752 2505 5793 novo
2527 5753 2724 5808 genere
2755 5742 2998 5799 miraculi
3031 5746 3244 5803 diverso
3274 5748 3341 5804 ab
3364 5764 3430 5805 eo
3460 5767 3568 5822 quo
3592 5761 3805 5807 cetera:

2211 5831 2464 5888 mulieres
2491 5834 2738 5893 homines
2768 5847 2821 5893 et
2847 5838 2987 5895 fetus
3021 5856 3150 5898 suos
3178 5843 3459 5900 enituntur
3487 5855 3540 5902 et
3562 5846 3799 5921 pariunt.
