4088 6344
245 380 345 437 {ﬁ

1236 379 1324 437 DE
1361 378 1682 438 CORPORE
1720 379 1808 435 ET
1847 378 2195 441 SANGUINE
2233 381 2488 443 DOMINI.

241 499 369 556 Haec
388 500 562 561 enim.
584 497 731 555 onmi
753 496 1052 568 postposito
1072 496 1255 567 dubio,
1270 500 1540 553 sententia
1554 505 1636 553 est
1662 494 1833 551 sancti
1863 500 1910 559 Λ
1939 499 2033 569 qui
2059 512 2166 556 non
2195 482 2362 556 unum
2403 502 2586 558 multis
2617 502 2938 559 miraculum
2977 504 3161 562 refert.
3191 504 3300 564 Sed
3319 521 3386 564 ea
3412 524 3533 564 om-

239 589 492 663 Gregorii
521 587 696 660 Hagni
727 587 883 663 Papae
921 585 1085 657 hujus
1124 587 1362 642 nominis
1396 587 1588 657 primi,
1628 594 1681 643 et
1714 586 1837 656 plu-

240 682 383 739 rium
408 680 638 739 Patrum
670 688 727 739 et
755 679 1128 751 theologorum
1155 677 1412 737 Ecclesia:
1438 677 1718 735 catholicae
1735 716 1751 742 ,
1779 685 1835 732 et

238 790 404 845 quam
422 773 736 831 hareticam
750 780 1024 844 reputasse
1038 773 1211 843 ipsum
1225 771 1577 827 Ratramnum
1593 777 1677 827 est
1687 783 1840 839 pror-

239 881 336 921 sus
365 863 685 921 incredibile
709 872 764 919 et
806 860 1179 933 improbabile,
1215 863 1414 933 quippe
1456 876 1618 932 quam
1647 861 1840 917 lusisse

239 956 308 1011 ad
351 955 568 1013 animos
630 953 958 1011 recreandos
1024 960 1080 1009 et
1116 951 1504 1009 exhilarandos
1553 949 1830 1007 ailirmet:

246 1064 265 1097 ε
305 1045 567 1101 Lusimus
605 1045 723 1100 haec
767 1045 835 1100 de
881 1059 1034 1100 more
1071 1043 1421 1100 studentium.
1465 1042 1596 1111 Quae
1624 1042 1667 1098 si
1721 1042 1843 1112 quis

242 1147 590 1205 contemnet,
639 1137 898 1195 exercitia
928 1137 1084 1195 nobis
1127 1146 1315 1195 nostra
1351 1136 1777 1213 complacebant.
1815 1154 1835 1188 ι

314 1251 570 1308 Secunda
618 1250 913 1307 ruminatio
954 1264 1049 1307 seu
1096 1250 1354 1322 cogitatio
1389 1257 1576 1305 nostra
1625 1249 1693 1305 de
1736 1248 1844 1304 Ra-

245 1352 465 1399 tramno
487 1343 737 1399 consistit
756 1343 808 1397 in
830 1357 896 1398 eo
917 1342 1059 1415 quod
1080 1342 1125 1399 si
1148 1350 1335 1398 contra
1363 1340 1658 1397 realitatem
1678 1355 1842 1413 quam

242 1446 470 1503 vocant,
516 1452 611 1493 seu
659 1436 1002 1507 praesentiam
1046 1436 1158 1491 veri
1191 1435 1436 1506 corporis
1479 1433 1705 1500 Christi,
1747 1449 1841 1490 seu

192 1534 215 1567 ³
242 1528 606 1585 Paschasium
650 1514 931 1601 scripserit
968 1528 1166 1584 librum
1196 1530 1263 1585 de
1298 1544 1408 1601 quo
1434 1537 1514 1584 tot
1540 1528 1845 1585 enucleavi—

244 1636 370 1677 mus
395 1630 451 1677 et
486 1622 828 1678 narravimus
863 1620 916 1678 in
947 1621 1048 1677 hac
1078 1621 1394 1695 prmfatione
1436 1622 1731 1684 historica.
1762 1621 1846 1675 in-

241 1713 506 1770 credibile
559 1723 613 1769 et
656 1714 1001 1787 incogitabile
1047 1715 1284 1772 maxime
1340 1715 1552 1770 videtur
1594 1714 1846 1770 omisisse

242 1795 499 1860 c'onsulto
543 1806 903 1876 respondere,
950 1798 1045 1860 aut
1083 1805 1277 1861 saltem
1313 1805 1516 1876 aliquid
1544 1804 1751 1860 referre
1779 1805 1845 1860 de

1942 591 2030 648 nia
2059 593 2114 648 in
2142 594 2381 650 editione
2404 605 2621 652 exstant
2645 612 2809 666 quam
2841 597 2904 652 Β.
2938 598 3000 653 Ρ.
3028 598 3263 657 Iacobus
3286 601 3531 664 Sirmon-

1942 682 2043 741 dus
2068 699 2193 740 cum
2219 699 2352 743 cura
2375 695 2430 741 et
2471 687 2577 742 fide.
2613 688 2919 760 propalavit
2943 690 3171 750 Parisiis
3192 709 3338 753 almo
3370 694 3530 762 1018,

1942 775 2045 833 sub
2073 775 2177 832 hac
2200 777 2493 849 epigraphe
2524 778 2866 838 arithmetica
2893 782 3054 840 8557.
3154 764 3163 773 κ

2011 866 2240 938 Insuper
2269 870 2427 925 tertia
2455 871 2715 942 cogitatio
2747 883 2931 931 nostra
2957 878 3136 933 oritur
3168 893 3235 937 ex
3261 894 3328 935 eo
3356 881 3537 951 capite

1943 976 2071 1030 quo,
2098 963 2142 1016 si
2169 962 2499 1019 Ratramnus
2528 966 2837 1023 suasionem
2862 969 3124 1026 realitatis
3156 980 3411 1043 tanquam
3440 989 3539 1029 no-

1944 1068 2066 1108 vam
2095 1062 2150 1110 et
2174 1057 2530 1112 recentiorem
2551 1059 2937 1129 existimasset,
2966 1063 3281 1121 incredibile
3305 1074 3390 1122 est
3415 1080 3535 1125 eam

1943 1163 2052 1203 non
2083 1151 2443 1220 exprobrasse
2471 1151 2676 1209 Graecis
2715 1153 2974 1211 adversus
3012 1172 3151 1227 quos
3194 1159 3297 1215 hoc
3324 1174 3462 1217 onus
3488 1174 3541 1215 et

1944 1239 2255 1310 impositum
2295 1240 2473 1299 fuerat
2511 1243 2580 1297 ab
2606 1244 2876 1319 episcopis
2903 1244 3216 1313 Gallicanis,
3247 1257 3376 1304 tunc
3398 1257 3539 1305 tem—

1943 1333 2093 1404 poris
2116 1335 2504 1390 eucharistiam
2545 1334 2749 1392 atl‘atim
2777 1336 3147 1405 adorantibus,
3178 1340 3255 1394 uti
3290 1339 3540 1412 intelligi-

1946 1440 2066 1483 mus
2091 1440 2159 1482 ex
2187 1442 2373 1482 eorum
2409 1427 2698 1501 Liturgiis,
2725 1437 2999 1487 annuente
3041 1428 3403 1487 illustrissimo
3431 1428 3539 1487 Hu-

1946 1534 2086 1591 gone
2121 1518 2331 1587 Grotio,
2373 1536 2497 1592 pag.
2547 1521 2637 1588 88,
2683 1523 2788 1578 uoti
2828 1523 2912 1578 sui
2955 1538 3050 1593 pro
3092 1539 3219 1593 pace
3259 1537 3289 1577 a
3336 1523 3543 1592 meipso

1946 1610 2118 1676 citati,
2156 1611 2333 1681 capite
2368 1612 2453 1674 14,
2480 1612 2604 1667 libri
2633 1628 2672 1679 ι,
2727 1613 2792 1668 de
2822 1613 3146 1669 Adoratione
3182 1612 3536 1668 eucharistiw.

1950 1699 2153 1756 Saltem
2182 1717 2288 1758 non
2321 1702 2652 1760 defendisset
2678 1703 2939 1760 adversus
2969 1720 3062 1761 eos
3091 1720 3213 1776 quae
3240 1720 3390 1760 mera
3418 1710 3545 1761 sunt

1950 1801 2408 1849 consectaneaet
2455 1795 2764 1851 necessaria
2814 1796 3107 1862 realitatis,
3136 1793 3280 1867 quod
3325 1802 3543 1866 prastat

241 1897 451 1953 celebri
496 1898 760 1954 miraculo
793 1913 826 1952 a
870 1896 1164 1954 Paschasio
1212 1897 1383 1953 relato
1417 1896 1595 1968 capite
1633 1895 1701 1952 M
1732 1907 1845 1951 tra-

1953 1884 2090 1941 libro
2111 1901 2187 1951 tv,
2217 1887 2394 1956 capite
2423 1888 2478 1954 3,
2504 1887 2587 1943 sui
2614 1887 2739 1943 libri
2761 1888 3024 1958 pmdicti,
3045 1903 3170 1959 pag.
3203 1886 3326 1952 HO,
3354 1887 3409 1941 in
3439 1901 3547 1957 quo

246 2000 430 2048 ctatus
472 1992 552 2048 sui
584 1992 650 2049 de
685 1991 923 2063 Corpore
950 1992 1153 2050 Christi
1182 2034 1198 2060 ,
1230 1993 1296 2049 de
1324 1992 1661 2063 apparitione
1687 1991 1847 2063 hujus

244 2084 394 2140 sacri
432 2082 632 2140 Christi
676 2086 917 2155 corporis
956 2085 1011 2141 in
1040 2085 1404 2151 eucharistia;
1436 2085 1579 2154 quod
1620 2100 1742 2139 cum
1778 2083 1847 2138 ab

243 2175 501 2231 omnibus
524 2175 842 2232 crederetur
863 2191 925 2232 ea
952 2185 1111 2232 :etate
1141 2186 1193 2234 et
1215 2194 1244 2231 a
1274 2176 1379 2233 [ide
1410 2176 1587 2247 dignis
1609 2177 1848 2233 auctori-

245 2266 349 2323 bus
395 2266 714 2333 referretur,
762 2267 892 2324 illud
936 2268 1043 2341 jam
1092 2268 1147 2325 in
1188 2276 1298 2324 tam
1346 2276 1649 2340 opportuna
1680 2282 1847 2323 causa

245 2358 664 2429 praetermittere
689 2367 808 2414 erat
840 2360 1135 2418 maximum
1183 2361 1250 2416 ad
1283 2360 1575 2416 realitatem
1619 2374 1848 2417 nervosa

244 2451 678 2507 conﬁrmandam
705 2462 1103 2525 argumentum.
1132 2453 1364 2509 Videant
1389 2454 1553 2527 igitur
1581 2462 1637 2509 et
1662 2455 1847 2525 pervi-

246 2542 414 2598 deant
435 2541 736 2599 Calviniani
761 2545 1028 2615 dogmatis
1058 2553 1263 2601 tutores
1282 2589 1296 2613 ,
1335 2561 1439 2617 qua
1466 2546 1674 2603 ratione
1700 2547 1849 2603 hisce

247 2651 309 2692 sc
338 2637 612 2694 extricent
653 2637 930 2694 miraculis
960 2639 1062 2695 sibi
1089 2638 1344 2707 objectis,
1373 2647 1427 2694 et
1455 2654 1518 2695 ea
1549 2646 1851 2710 pernegent

247 2743 313 2784 ac
332 2728 661 2801 suggillent,
683 2740 741 2785 ut
767 2745 833 2785 ex
869 2730 1061 2801 seipsis
1088 2731 1388 2804 intelligant
1415 2746 1577 2801 quam
1607 2745 1849 2786 commo-

248 2820 378 2875 dum
410 2819 574 2877 fuerit
600 2823 1034 2879 etnecessarium
1056 2822 1354 2879 Ratramno
1373 2824 1440 2880 iis
1456 2824 1664 2880 artibus
1680 2823 1776 2886 uti,
1802 2824 1849 2879 si

246 2912 580 2969 scatentiam
608 2928 773 2984 quam
798 2914 899 2984 ipsi
931 2912 1229 2971 defendunt
1253 2917 1504 2973 tuendam
1530 2916 1846 2985 recepisset.

320 3000 543 3059 Interim
568 3003 855 3061 confestim
880 3005 994 3059 scio
1027 3004 1283 3061 Davidem
1325 3004 1682 3070 Blondellum,
1709 3004 1852 3060 cele-

248 3098 403 3152 brem
434 3097 836 3168 superstitionis
874 3096 1205 3154 Calvinianae
1249 3099 1580 3164 ministrum,
1613 3108 1851 3155 tentasse

252 3189 534 3245 vindicare
561 3188 664 3245 hoc
716 3199 877 3261 caput
922 3189 989 3245 Ii.
1017 3188 1294 3246 Paschasii
1339 3205 1445 3246 non
1490 3190 1723 3246 attinere
1748 3187 1850 3245 Pa-

1949 1976 2144 2051 probat
2176 1990 2244 2030 ex
2274 1976 2534 2033 relatione
2564 1977 2782 2034 Eusebii
2805 1977 3157 2034 Caesariensis
3180 2019 3196 2044 ,
3224 1976 3548 2033 auctoritate

1948 2067 2109 2141 Papae
2157 2068 2419 2142 Sylvestri
2477 2087 2571 2127 vos
2622 2071 2821 2127 debere
2868 2071 2922 2126 iu
2974 2071 3223 2141 partibus
3265 2069 3548 2127 catholicis

1951 2161 2095 2219 diem
2131 2159 2329 2217 festum
2364 2161 2648 2218 instituere
2677 2163 2972 2218 solemnem
3009 2164 3283 2220 nativitati
3324 2162 3545 2228 Calicis,

1949 2268 2058 2310 non
2096 2270 2257 2311 secus
2294 2271 2359 2313 ac
2402 2256 2742 2313 Dominicum
2788 2258 2974 2329 quinta
3012 2256 3148 2313 feria
3178 2255 3549 2361 cujuscunque

1951 2346 2319 2404 hebdomadas.
2360 2347 2566 2420 Quippe
2612 2363 2735 2405 cum
2783 2363 2845 2404 ea
2898 2349 2984 2405 die
3024 2345 3254 2421 coeperit
3299 2345 3548 2407 ChriStus

1952 2440 2240 2499 instituere
2283 2442 2702 2501 celebrationem
2741 2443 2994 2501 sacrificii
3037 2443 3285 2515 corporis
3325 2450 3382 2498 et
3426 2456 3548 2499 sau-

1950 2532 2131 2603 guinis
2166 2531 2416 2588 Domini:
2447 2551 2466 2585 ι
2498 2533 2744 2591 Natalem
2784 2535 2982 2593 Calicis
3027 2535 3281 2592 similiter
3309 2543 3369 2589 ut
3406 2533 3547 2589 diem
3649 2554 3659 2563 -

1953 2623 2293 2679 Dominicum
2323 2624 2619 2681 solemnem
2658 2625 2861 2682 habere
2890 2626 3171 2695 debemus,
3206 2629 3259 2681 in
3299 2641 3408 2696 quo
3450 2639 3543 2681 sa-

1952 2717 2217 2775 crificium
2272 2716 2537 2775 Dominici
2585 2720 2831 2791 corporis
2879 2728 2935 2775 et
2976 2720 3256 2789 sanguinis
3309 2720 3379 2777 ab
3434 2718 3548 2789 ipso

1951 2809 2184 2864 Domino
2211 2809 2595 2865 celebrationis
2625 2811 2856 2880 sumpsit
2878 2809 3183 2867 exordium.
3206 2830 3224 2864 ›
3246 2810 3380 2879 Quis
3400 2810 3546 2866 enim

1954 2901 2057 2957 sibi
2095 2901 2419 2972 persuadeat
2462 2917 2698 2974 unquam
2744 2902 3069 2975 appellatum
3105 2902 3171 2958 iri
3221 2901 3547 2961 sacriﬁcium

1955 2995 2299 3053 eucharistite
2330 2995 2630 3067 postposita
2655 3005 2747 3054 aut
2770 2996 3136 3067 praetermissa
3164 2994 3268 3055 fide
3291 3010 3388 3055 seu
3419 3009 3543 3051 sua-

1957 3088 2109 3143 sione
2132 3076 2246 3143 veri
2268 3087 2514 3158 corporis
2542 3085 2768 3152 Christi,
2800 3102 2991 3142 revera
3017 3087 3070 3141 in
3097 3101 3161 3141 ea
3191 3086 3478 3153 praesentis
3497 3092 3548 3141 et

1957 3177 2278 3235 existentis?
2322 3176 2524 3232 Eodem
2563 3176 2730 3233 verbo
2776 3174 2990 3231 Natalis
3041 3174 3238 3233 Culicis
3290 3189 3421 3230 usus
3472 3182 3549 3229 est

248 3280 525 3341 whasium
568 3290 623 3339 et
669 3260 797 3341 essei
822 3285 872 3341 ej
914 3284 1211 3355 ascriptum
1260 3292 1547 3341 ιθιηειιθιε
1590 3284 1684 3341 sed
1727 3300 1852 3340 cum
1879 3260 1926 3327 C
1957 3269 2282 3328 Paschasius
2326 3269 2481 3327 ἰηίιὶο
2520 3269 2715 3345 capitis
2747 3269 2806 3325 II
2841 3267 2965 3325 ιίὺτί
3012 3268 3094 3329 sui
3137 3267 3203 3325 de
3233 3266 3473 3339 Corpore
3502 3272 3550 3321 8³

248 3376 461 3431 nullum
488 3377 784 3447 prodiderit
819 3379 1100 3449 antiquum
1141 3380 1382 3435 codicem
1420 3380 1848 3449 manuscriptum

249 3469 305 3524 in
337 3485 448 3540 quo
475 3469 577 3523 hoc
607 3479 767 3545 caput
794 3488 899 3528 non
932 3472 1177 3527 incurrat
1202 3480 1297 3527 aut
1323 3473 1465 3545 typis
1489 3486 1807 3542 expressum
1833 3510 1849 3537 ,

249 3576 447 3616 omnes
465 3562 694 3619 diversa:
719 3564 891 3634 partis
914 3566 1209 3636 scriptores
1238 3565 1365 3619 huic
1385 3564 1624 3634 opinioni
1654 3564 1855 3618 abnue-

250 3663 383 3710 runt
427 3654 699 3710 efﬂictim.
752 3656 979 3728 Insuper
1025 3637 1225 3713 videre.’
1252 3656 1386 3711 nihil
1438 3665 1583 3711 vetat
1630 3654 1854 3724 hujusce

254 3755 522 3802 tractatus
548 3747 823 3804 Paschasii
861 3750 1103 3806 codicem
1142 3749 1574 3819 manuscriptum
1603 3748 1656 3803 in
1684 3747 1853 3820 Regia

252 3835 485 3894 Parisiis
512 3838 864 3905 bibliotheca,
894 3837 1134 3909 ejusdem
1182 3840 1353 3895 ferme
1380 3839 1572 3899 aetatis,
1621 3838 1721 3897 sub
1754 3853 1854 3894 no-

254 3928 406 3984 mine
458 3929 632 3983 sancti
679 3930 889 3984 abbatis
928 3928 1274 3986 Con-heiensis
1312 3928 1588 3984 Paschasii
1615 3969 1629 3994 ,
1666 3928 1856 3999 inquo

254 4022 366 4076 hoc
395 4021 698 4076 mirandum
724 4023 974 4077 oumibus
997 4022 1237 4077 numeris
1270 4022 1572 4077 absolutum
1597 4019 1850 4076 refertur.

255 4110 363 4169 Hic
392 4129 521 4169 vero
564 4115 730 4171 codex
777 4114 1178 4185 manuscriptus
1223 4113 1317 4169 fuit
1364 4113 1855 4191 illustrissimorum

253 4204 489 4261 fratrum
525 4205 922 4275 Puteanorum,
964 4206 1305 4263 bibliothecae
1348 4206 1530 4276 Regia:
1570 4205 1856 4277 praefecto-

256 4300 419 4363 rum:
450 4297 501 4351 in
531 4313 636 4367 qua
654 4283 918 4353 'subsistit
952 4298 1055 4354 sub
1100 4298 1201 4353 hac
1242 4298 1534 4369 epigraphe
1578 4296 1856 4351 numerica

252 4386 424 4442 I556.
462 4388 707 4446 Alterum
748 4388 854 4445 vidi
895 4389 1067 4446 oculis
1106 4389 1336 4461 propriis
1366 4388 1547 4443 minus
1576 4387 1856 4459 antiquum

1958 3366 2236 3437 Sanguine
2266 3365 2509 3431 Domini;
2532 3381 2600 3423 ex
2621 3380 2731 3438 quo
2753 3364 3107 3437 intelligimus
3127 3372 3184 3421 et
3210 3372 3552 3435 perspectum

1956 3463 2222 3533 habemus
2247 3460 2654 3516 venerationem
2690 3469 2746 3517 et
2773 3459 2977 3517 cultum
3005 3472 3112 3532 quo
3162 3457 3348 3513 ﬁdeles
3378 3467 3547 3512 sacra-

1958 3564 2202 3611 mentum
2240 3553 2591 3609 Eucharistim
2638 3553 3127 3625 prosequebantur,
3178 3564 3299 3621 qua:
3350 3546 3552 3619 liquido

1965 3654 2019 3700 et
2043 3643 2357 3715 planissime
2374 3642 2637 3712 consequi
2664 3644 3105 3701 demonstrantur
3126 3655 3191 3696 ex
3217 3637 3552 3694 institutione

1966 3736 2088 3792 festi
2140 3735 2399 3791 solemnis
2438 3734 2665 3804 originis
2696 3739 2751 3789 et
2798 3732 3157 3788 institutionis
3184 3729 3319 3800 ejus.
3362 3730 3414 3784 ln
3448 3743 3552 3799 quo

1964 3844 2179 3887 sacrum
2204 3828 2521 3884 crederetur
2548 3828 2847 3883 consistere
2890 3834 2945 3881 et
2971 3840 3210 3897 praesens
3236 3818 3552 3897 permanere

1964 3938 2152 3978 verum
2204 3934 2404 3992 corpus
2447 3919 2681 3986 Christi,
2741 3918 2827 3977 cui
2878 3917 3041 3974 Verbi
3088 3916 3276 3971 aeterni
3324 3928 3552 3986 persona

1961 4013 2145 4070 fuerat
2171 4012 2341 4077 unita,
2379 4012 2559 4068 cultus
2600 4011 2841 4068 redditus
2879 4010 3017 4067 alius
3046 4025 3169 4065 esse
3196 4023 3302 4065 non
3341 4006 3551 4079 poterat

1966 4122 2128 4179 quam
2158 4105 2404 4161 adoratio
2438 4104 2633 4160 latrize.
3430 4166 3435 4173 Α

2038 4199 2198 4255 Plura
2221 4199 2334 4273 jam
2363 4212 2623 4255 enarrare
2659 4213 2726 4252 ue
2754 4195 3176 4269 cogitationibus
3218 4203 3273 4249 et
3320 4191 3531 4247 rumina

1966 4293 2205 4350 tionibus
2250 4290 2563 4362 interpretis
2616 4290 2842 4345 diversae
2877 4288 3054 4359 partis
3096 4286 3219 4343 libri
3274 4286 3551 4341 Ratramn'

1966 4398 2426 4461 supervacaneum
2453 4391 2510 4438 et
2542 4380 2731 4439 inutile
2761 4381 3053 4437 videretur.

333 4543 360 4569 ι
385 4527 604 4584 Bloudcl
624 4570 638 4595 ,
679 4528 1134 4585 Eclaircissement
1166 4544 1260 4585 sur
1297 4502 1701 4595 I'Eucharistie,
1729 4542 1851 4601 pag.
1891 4525 2018 4582 454.

264 4660 3544 4706 μ-μ--ψ-*Μ

624 4798 806 4910 DE
891 4795 1542 4953 CORPORE
1626 4796 1807 4907 ET
1899 4792 2610 4912 SANGUINE
2695 4792 3205 4908 DOMINI

1746 5006 2045 5084 LIBER
2071 5063 2090 5097 ,

258 5158 629 5238 L‘xpressus
658 5128 1128 5234 em‘apographo
1181 5165 1322 5210 cum
1364 5163 1519 5208 cura
1565 5141 2126 5287 eth/gfiexslc‘rgpfo
2173 5160 2250 5233 ex
2305 5139 2517 5204 codice
2563 5159 2678 5202 ms.
2718 5138 3222 5221 octingentorum
3249 5156 3556 5201 annorum

1591 5244 1627 5286 a
1712 5240 1856 5284 aue
1960 5240 1993 5282 ο
2042 5238 2250 5284 tensis.
2925 5270 2927 5280 ,

1591 5238 1856 5286 αοοαιιιε
1904 5238 2250 5284 ιοοιθηειε.

336 5457 378 5513 I.
418 5455 689 5521 Jussistis,
720 5468 747 5497 ι
776 5453 1010 5528 gloriose
1043 5452 1320 5527 princeps,
1362 5456 1423 5505 ut
1453 5446 1582 5520 quid
1627 5444 1693 5501 de
1740 5459 1864 5499 san-
1895 5442 1944 5502 D
1971 5444 2391 5515 magniﬁcentia
2417 5445 2716 5517 significem
2747 5465 2761 5500 :
2791 5445 3109 5519 imperium,
3144 5456 3304 5517 quam
3348 5442 3554 5515 magni-

261 5554 447 5626 guinis
468 5560 527 5608 et
547 5550 794 5620 corporis
830 5547 1031 5605 Christi
1080 5546 1340 5620 mysterio
1383 5542 1633 5608 sentiam,
1665 5547 1859 5594 vestra:

339 5679 364 5707 ι
406 5662 649 5725 Gloriosa
674 5663 1023 5734 princeps.lis
1042 5662 1219 5719 verbis
1239 5678 1369 5734 usus
1392 5668 1477 5715 est
1498 5659 1855 5734 liatrampus,

259 5740 320 5796 in
349 5730 699 5793 dedicatione
724 5730 985 5790 librorum
1018 5750 1155 5806 quos
1179 5733 1423 5806 ejusdem
1471 5731 1650 5806 Caroli
1676 5730 1854 5806 Calvi

251 5823 414 5896 jussu
439 5807 661 5896 scripsit
685 5808 752 5862 de
777 5802 1274 5896 Prmdestii’t‘atiope.
1301 5803 1526 5896 gemino
1552 5802 1780 5885 glorioso
1796 5821 1856 5858 ac

255 5873 749 5973 ;,r(rcelleniissimo
779 5878 1003 5953 principi
1046 5873 1257 5933 Carolo.
1303 5873 1412 5931 Nec
1457 5874 1608 5934 timui
1658 5892 1854 5941 nomen

1969 5540 2072 5603 ﬁco
2104 5550 2285 5597 vestro
2315 5540 2617 5612 principatu
2642 5540 2885 5613 dignum,
2911 5548 3020 5597 tam
3047 5547 3245 5597 nostra:
3275 5535 3560 5609 parvitatis

1966 5655 2456 5727 magniﬁcentiwin
2486 5669 2674 5709 vacem
2696 5653 2991 5727 majestatis
3020 5659 3233 5706 mutare
3254 5692 3266 5714 ,
3297 5648 3419 5727 quia
3455 5663 3553 5727 usu

1967 5719 2127 5798 buj'us
2148 5719 2449 5798 'teutporis,
2477 5740 2671 5783 nomen
2703 5719 3003 5796 majestatis
3026 5719 3554 5798 pro‘magniilcentia

1964 5793 2215 5870 usurpari
2245 5793 2451 5870 solebat
2479 5817 2492 5851 :
2519 5793 2843 5870 quod_patét
2897 5810 2960 5870 ex
3013 5793 3328 5870 praefatione
3361 5793 3549 5847 eadem

1966 5866 2245 5931 Batramni
2280 5866 2552 5928 librorum'
2570 5869 2636 5925 de
2663 5866 3169 5933 Praedestinatione.

3415 390 3530 450 196
3614 410 3617 413 ·
