4088 6344
182 392 287 448 {29

1190 392 1278 448 DE
1315 391 1639 450 conpone
1681 393 1768 450 ET
1807 391 2155 449 SANGUINE
2197 391 2454 449 DOMlNl.
2517 351 2521 357 ’

3371 392 3476 451 {30

181 505 442 561 sensibus
472 512 751 576 appareat,
781 503 926 559 aliud
947 512 1126 560 autem
1158 506 1300 574 quod
1339 505 1471 562 ﬁdes
1510 505 1772 576 aspiciat:
1803 508 1854 568 Α
1879 501 2058 573 agitur
2089 501 2143 556 in
2187 499 2642 557 manifestationis
2688 499 2808 555 luce
2840 497 3104 556 clarescat
3137 513 3154 554 :
3193 508 3252 557 et
3287 510 3470 558 utrum

181 610 290 651 non
320 610 491 667 parva
511 595 801 652 diversitas
829 595 972 652 inter
1008 611 1102 653 eos
1141 596 1490 666 dignoscitur.
1542 596 1608 652 Et
1657 611 1778 651 cum

182 689 480 761 Apostolus
530 689 776 747 ﬁdelibus
803 690 1006 746 scribat
1057 689 1108 761 (I
1137 689 1260 745 Cor.
1309 706 1349 756 ι,
1395 689 1506 760 l0),
1540 697 1599 746 ut
1640 690 1780 745 idem

182 784 406 857 sapiant
447 792 504 840 et
535 784 678 840 idem
725 785 905 841 dicant
946 801 1166 852 omnes,
1199 793 1256 840 et
1297 785 1533 841 schisma
1577 775 1778 841 nullum

183 875 329 931 inter
356 891 455 932 eos
484 884 763 947 appareat,
789 893 894 932 non
925 893 1092 948 parvo
1130 879 1422 934 schismate
1446 878 1780 944 dividuntur,

183 966 274 1037 qui
310 967 382 1021 de
411 965 676 1038 mysterio
717 968 964 1039 corporis
1011 969 1397 1042 sanguinisque
1440 969 1643 1027 Christi
1673 986 1780 1027 non

183 1058 380 1114 eadem
408 1059 708 1115 sentientes
735 1060 1084 1132 eloquuntur.

250 1147 343 1204 III.
383 1149 728 1222 Quapropter
749 1163 925 1208 vestra
956 1153 1153 1225 regalis
1177 1153 1481 1211 sublimitas
1516 1154 1631 1210 zelo
1659 1154 1781 1212 lldei

182 1253 506 1314 provocata,
537 1258 644 1298 non
672 1245 1053 1314 aequanimiter
1078 1245 1179 1301 ista
1204 1246 1560 1316 perpendens,
1607 1255 1664 1301 et
1691 1262 1779 1304 se-

183 1335 428 1391 cundum
459 1333 703 1406 Apostoli
730 1345 1060 1408 praeceptum
1104 1336 1328 1407 cupiens
1373 1347 1432 1394 ut
1480 1339 1622 1394 idem
1655 1353 1777 1393 sen-

187 1424 329 1480 tiant
357 1434 413 1481 et
441 1424 582 1481 idem
615 1424 798 1481 dicant
820 1441 1029 1492 omnes,
1073 1427 1318 1483 veritatis
1365 1427 1651 1497 diligenter
1695 1430 1780 1483 in-

184 1516 362 1587 quirit
387 1526 683 1583 secretum,
708 1527 767 1572 ut
786 1518 854 1572 ad
874 1533 994 1574 eam
1018 1517 1294 1574 deviantes
1315 1534 1570 1576 revocare
1591 1520 1778 1590 possit.

185 1604 347 1662 Unde
377 1622 488 1662 non
518 1608 867 1664 contemnitis
893 1609 1054 1664 etiam
1083 1611 1153 1666 ab
1180 1609 1497 1667 humillimis
1519 1611 1676 1680 hujus
1705 1614 1780 1668 rei

181 1701 478 1754 veritatem
527 1700 879 1771 perquirere,
934 1701 1170 1757 scientes
1214 1703 1358 1772 quod
1409 1703 1541 1758 tanti
1586 1705 1781 1760 secreti

182 1788 512 1860 mysterium
584 1805 691 1846 non
754 1791 856 1847 nisi
921 1791 1214 1848 Divinitate
1281 1793 1552 1850 revelante
1613 1797 1784 1867 possit

1883 588 2060 660 ipsum
2090 604 2286 660 corpus
2313 587 2454 659 quod
2501 589 2567 644 de
2597 587 2763 644 Maria
2809 596 2995 644 natum
3016 598 3122 656 est,
3149 597 3204 646 et
3230 605 3470 661 passum,

1883 690 2155 737 mortuum
2179 690 2234 738 et
2256 681 2546 752 sepultum,
2581 682 2834 752 quodque
2879 697 3174 754 resurgens
3217 691 3274 739 et
3301 682 3472 740 celos

1883 776 2204 839 ascendens,
2235 774 2304 829 ad
2333 773 2610 830 dexteram
2635 772 2812 828 Patris
2849 773 3146 831 consideat.

1957 866 2046 922 Vl.
2091 865 2290 921 Harum
2336 866 2565 922 duarum
2609 865 2969 936 quaestionum
3019 867 3249 938 primam
3303 868 3469 941 inspi-

1884 959 2126 1026 ciamus;
2154 968 2299 1016 etne
2334 959 2627 1016 dubietatis
2671 959 2897 1031 ambage
2939 961 3302 1030 detineamur,
3338 964 3471 1020 deﬁ-

1883 1054 2099 1110 niamus
2118 1054 2246 1125 quid
2278 1055 2350 1110 sit
2377 1053 2572 1124 ﬁgura,
2606 1053 2735 1124 quid
2765 1054 2978 1119 veritas,
3007 1065 3066 1110 ut
3110 1065 3318 1112 certum
3368 1057 3471 1113 ali-

1883 1147 2012 1218 quid
2035 1154 2378 1212 contuentes,
2405 1146 2714 1202 noverimus
2735 1160 2843 1216 quo
2866 1145 3092 1203 rationis
3121 1147 3226 1205 iter
3249 1161 3472 1206 conten—

1884 1237 2013 1293 dere
2033 1238 2343 1294 debeamus.

1961 1352 2068 1408 VII.
2107 1349 2310 1424 Figura
2355 1359 2439 1408 est
2474 1351 2816 1409 obumbratio
2856 1351 3103 1425 quaedam
3150 1351 3468 1423 quihusdam

1885 1442 2243 1499 velaminibus
2273 1443 2417 1515 quod
2445 1444 2675 1500 intendit
2712 1445 3044 1510 ostendens;
3093 1445 3241 1500 verbi
3275 1448 3468 1517 gratia,

1885 1533 2124 1589 Verbum
2157 1534 2402 1592 volentes
2423 1536 2626 1601 dicere,
2649 1553 2837 1607 panem
2869 1552 3244 1608 nuncupamtts
3271 1555 3283 1591 :
3336 1537 3476 1592 sicut

1890 1624 1943 1680 in
1968 1613 2225 1682 oratione
2250 1626 2528 1683 Dnminica
2561 1643 2753 1700 panem
2778 1628 3151 1698 quotidiantun
3183 1629 3295 1684 dari
3321 1628 3474 1684 nobis

1885 1718 2296 1788 expostulamus
2345 1717 2510 1790 (Luc.
2557 1735 2644 1782 st,
2681 1718 2787 1791 3);
2839 1719 2921 1774 vel
2961 1737 3082 1774 ctttn
3125 1719 3376 1777 Christus
3419 1719 3473 1774 in

1886 1808 2181 1879 Evangelia
2211 1809 2448 1879 loquitur
2477 1810 2664 1866 dicens
2690 1831 2699 1861 :
2735 1808 2849 1881 Ego
2871 1828 2986 1865 sum
3013 1812 3164 1883 panis
3195 1813 3362 1877 vivus,
3387 1810 3478 1883 qui

181 1881 436 1950 agnosci,
461 1897 582 1952 qua:
609 1882 727 1938 sine
749 1899 1105 1954 personarum
1127 1886 1461 1956 acceptione,
1494 1903 1590 1957 per
1609 1904 1778 1958 quos-

1889 1900 1946 1954 de
1959 1899 2086 1954 ctelo
2103 1900 2346 1954 descendi
2362 1899 2418 1972 t1
2423 1917 2546 1955 oan.
2563 1916 2638 1965 vt,
2655 1901 2745 1971 41)
2764 1879 2884 1966 ς-γθΙ
2903 1879 3024 1957 cum
3041 1903 3276 1972 seipsum
3297 1879 3472 1964 vitem,

181 1985 406 2041 cunque
434 1971 716 2044 delegerit,
749 1989 860 2028 suae
891 1975 1135 2030 veritatis
1160 1975 1339 2032 lumen
1362 1978 1622 2033 ostendit.

258 2062 354 2120 IV.
393 2063 604 2121 Nostra:
632 2081 760 2121 vero
787 2067 1034 2123 tenuitati
1063 2084 1225 2140 quam
1258 2069 1330 2125 sit
1363 2068 1664 2140 jucundum
1690 2087 1780 2128 ve-

180 2164 303 2210 stro
330 2169 527 2226 parere
555 2157 805 2228 imperio,
835 2166 944 2214 tam
976 2169 1063 2216 est
1101 2161 1328 2216 arduum
1361 2178 1525 2233 super
1573 2179 1631 2220 re
1681 2165 1780 2220 hu-

179 2248 368 2303 manis
394 2249 648 2304 sensibus
672 2251 1058 2319 remotissima,
1089 2261 1146 2308 et
1174 2254 1276 2309 nisi
1320 2269 1416 2325 per
1443 2257 1618 2312 sancti
1653 2256 1776 2329 Spi-

182 2340 329 2397 ritus
377 2343 740 2399 eruditionem
785 2360 890 2400 non
919 2360 1080 2416 posse
1124 2357 1428 2418 penetrare,
1481 2349 1777 2421 disputare.

178 2434 454 2494 Subditus
486 2439 649 2511 igitur
687 2451 884 2496 vestra:
927 2443 1316 2515 magnitudinis
1354 2443 1605 2514 jussioni,
1658 2461 1784 2502 con-

178 2529 320 2585 ﬁsus
346 2540 529 2586 autem
564 2532 733 2603 ipsius
763 2533 830 2589 de
853 2549 959 2605 quo
1004 2535 1235 2592 locuturi
1263 2553 1452 2593 sumus
1499 2537 1779 2612 sull‘ragio,

181 2622 393 2691 quibus
413 2631 644 2693 potuero
669 2625 881 2692 verbis,
923 2627 1052 2698 quid
1082 2642 1145 2683 ex
1202 2626 1323 2700 [al.,
1373 2628 1462 2702 de]
1513 2630 1616 2685 hoc
1665 2647 1784 2686 sen-

177 2713 320 2768 tiam
349 2715 565 2784 aperire
614 2717 854 2780 tentabo,
907 2734 1014 2773 non
1061 2720 1278 2790 proprio
1327 2720 1496 2776 fretus
1533 2722 1776 2792 ingenio,

177 2808 281 2862 sed
310 2816 627 2863 sanctorum
658 2810 881 2880 vestigia
915 2809 1137 2867 Patrum
1167 2815 1563 2884 prosequendo.

259 2899 325 2955 ν.
370 2902 527 2971 Quod
555 2903 607 2958 in
632 2903 873 2960 Ecclesia
900 2920 994 2961 ore
1025 2907 1262 2962 ﬁdelium
1302 2909 1554 2973 sumitur,
1586 2926 1782 2981 corpus

176 3005 239 3051 et
268 2997 493 3068 sanguis
518 2996 743 3063 Christi,
795 3000 989 3069 quan-it
1035 3011 1230 3056 vesme
1277 3003 1663 3072 magnitudinis
1689 3020 1784 3060 ex-

177 3087 463 3156 cellentia,
499 3102 525 3131 ι
560 3091 613 3146 in
643 3093 903 3163 mysterio
949 3093 1042 3148 ﬁat
1087 3110 1156 3149 an
1189 3095 1244 3149 in
1286 3099 1536 3151 veritate.
1577 3097 1634 3152 ld
1675 3107 1782 3167 est,

175 3191 371 3236 utrum
399 3181 605 3252 aliquid
637 3175 832 3239 secreti
863 3185 1156 3250 contineat,
1186 3188 1327 3257 quod
1368 3188 1540 3244 octtlis
1581 3190 1780 3245 solum»

175 3274 350 3328 modo
404 3274 780 3344 ﬁdeipatcat,
829 3294 898 3332 an
942 3279 1058 3334 sine
1109 3278 1478 3351 cujuscunque
1512 3283 1780 3341 velatione

175 3365 437 3436 mysterii
474 3366 578 3421 hoc
607 3377 861 3439 aspectus
909 3370 1185 3427 intueatur
1231 3374 1476 3446 corporis
1517 3378 1777 3447 exterius,

178 3457 331 3528 quod
361 3459 565 3515 mentis
593 3460 740 3517 visus
766 3462 998 3533 aspiciat
1028 3466 1286 3532 interius;
1333 3475 1394 3522 ut
1437 3476 1609 3526 totum
1639 3474 1782 3543 quod

179 3624 742 3693 canerecoactnsest
769 3616 1129 3693 Berengarins
1165 3621 1216 3677 in
1252 3624 1482 3681 concilio
1513 3625 1778 3693 Romano,

180 3699 334 3773 anno
356 3684 560 3773 Christi
594 3689 755 3772 1059ζ
783 3684 1023 3773 tempore
1045 3690 1248 3748 Nicolai
1278 3693 1319 3748 II
1345 3711 1513 3766 papae,
1542 3700 1615 3752 uti
1640 3684 1788 3770 patet

181 3755 269 3810 bis
303 3758 486 3832 verbis
513 3761 788 3832 conceptis
816 3755 1012 3832 quibus
1038 3778 1230 3832 passus
1251 3755 1356 3827 est,
1386 3755 1559 3821 verum
1601 3755 1678 3823 σὸι

181 3838 228 3880 et
253 3830 571 3897 stmguinem
603 3829 1009 3887 Dontini'uostri
1036 3829 1165 3887 Ilesu
1205 3833 1402 3889 Christi
1439 3855 1549 3892 esse
1591 3851 1637 3893 et
1663 3829 1783 3894 sen-

181 3898 438 3975 sualiter,
468 3910 514 3952 et
563 3918 665 3975 non
714 3901 885 3955 solum
925 3915 1278 3967 sacramento,
1311 3907 1400 3960 sed
1444 3908 1496 3962 in
1553 3912 1784 3975 veritate,

180 3968 437 4047 manibus
459 3972 790 4047 sacerdotum
809 3976 1050 4047 tractari,
1067 3986 1112 4029 et
1138 3975 1314 4046 frangi
1332 3987 1379 4030 ct
1401 3978 1636 4047 ﬁdelium
1662 3968 1788 4036 den;

182 4038 329 4092 tibus
354 4042 530 4094 atteri.
577 4042 648 4096 At
689 4058 818 4100 vero
864 4046 908 4099 si
953 4038 1065 4100 haec
1091 4038 1356 4101 sententia
1387 4038 1691 4106 communis
1735 4062 1791 4107 et

184 4108 367 4177 magis
399 4110 610 4190 vulgata
642 4113 740 4190 fuit
773 4116 1376 4190 temporeBerengarii.
1411 4135 1517 4174 non
1567 4138 1632 4177 eo
1676 4124 1786 4190 pri-

186 4193 403 4259 mmn_e
433 4186 663 4264 cerebro
691 4186 969 4264 hominum
1015 4186 1304 4264 "erumpere
1355 4191 1539 4259 etrapit,
1590 4186 1786 4264 quippe

185 4266 316 4304 cum
349 4249 401 4303 in
445 4251 666 4327 instanti
709 4263 765 4309 et
817 4257 1101 4312 mnfestim
1145 4249 1790 4327 opitti0ttes'comittuii'es

186 4336 300 4401 non
334 4323 589 4402 evadant.
624 4325 848 4397 Insuper
871 4328 1069 4402 abhac
1097 4323 1362 4384 sententia
1396 4349 1502 4386 non
1528 4333 1784 4402 alienum,

187 4390 309 4471 imo
326 4392 485 4446 valde
519 4390 1008 4471 concors'prodidit
1045 4415 1166 4454 cum
1207 4402 1284 4471 ait
1321 4404 1464 4471 quod
1499 4406 1550 4458 in
1583 4390 1787 4462 caelia-'-

186 4461 349 4516 ristia
379 4479 483 4518 non
512 4467 664 4520 modo
695 4461 820 4521 caro
848 4480 939 4522 aut
971 4473 1185 4539 sanguis
1231 4461 1425 4526 Christi
1470 4475 1524 4528 in
1556 4488 1788 4532 nostrain

187 4544 572 4618 convgrtuntur
598 4553 808 4618 carnem
839 4550 940 4618 aut
980 4543 1284 4618 sanguinem
1305 4583 1321 4608 ,
1344 4543 1437 4598 lib.
1468 4545 1533 4598 de
1561 4545 1787 4618 Corpore

188 4613 245 4681 et
308 4601 585 4681 Sanguine
650 4607 892 4674 Christi,
953 4601 1130 4681 capife
1176 4613 1246 4667 20
1274 4601 1397 4679 ζει
1447 4617 1636 4672 eodem
1663 4601 1783 4674 ’τιδέ
1815 4613 1866 4673 Ι)

187 4673 336 4796 pile,
376 4673 632 4732 observat
664 4697 759 4733 sua
801 4673 962 4736 aetate
1011 4673 1288 4740 exstitisse
1340 4673 1784 4745 monumentaet

213 4745 369 4796 Ibl‘OS
390 4761 485 4796 seu
509 4749 722 4796 codices
758 4767 821 4796 ex
856 4753 1052 4796 ιιιιὶΙιιις
1095 4763 1213 4796 nml
1259 4756 1555 4796 inlnlliapra
1606 4759 1783 4796 nlui-nc

213 4745 485 4826 ibros.sett
509 4749 722 4828 codices
758 4767 839 4828 ext
856 4753 1052 4828 quibus
1095 4763 1213 4809 erat
1236 4756 1575 4828 intelligere,
1605 4759 1786 4828 plures

189 4817 475 4872 exstitisse
512 4817 1103 4896 hominestheologos,
1155 4827 1245 4896 qui
1307 4827 1360 4881 in
1417 4817 1480 4882 é'a
1533 4817 1786 4887 suasione

191 4901 638 4956 permanserant,
675 4892 883 4948 scilicet
903 4892 1098 4965 corpus
1117 4892 1320 4952 Christi
1360 4898 1412 4952 in
1455 4902 1782 4956 euehat-istis

190 4967 512 5034 suscrptnm
538 4976 661 5034 esse
686 4965 968 5034 digestioni
999 4976 1054 5020 et
1078 4965 1356 5024 alfectibus
1403 4983 1784 5028 excremento-

192 5043 321 5108 .rucnt
353 5031 670 5086 obnoxium.
699 5031 830 5113 ob.»
853 5051 951 5113 res
974 5036 1018 5113 si
1048 5039 1132 5113 ita
1175 5040 1309 5103 sint,
1328 5041 1492 5113 hujus
1518 5044 1790 5113 opinionis

193 5097 688 5181 initiuut-tetttpore
707 5097 886 5161 Caroli
912 5105 1059 5162 Calvi
1085 5097 1340 5164 constitui
1366 5097 1522 5180 posse
1553 5097 1784 5181 videtur,

194 5183 319 5250 quc
339 5171 735 5230 scilicet'suum
769 5186 1055 5250 tractatum
1111 5171 1417 5250 composuit
1464 5171 1790 5242 Paschasius

193 5237 253 5324 et
281 5237 614 5300 llatramnus
634 5261 791 5324 suum
818 5249 1055 5324 scripsit.
1080 5237 1284 5324 Exque
1305 5263 1451 5321 patet
1477 5237 1790 5324 planissime

195 5309 460 5393 frangere
489 5324 544 5369 et
571 5317 854 5397 confutare
883 5309 1282 5397 vol_ttisse_duas
1305 5309 1616 5397 ῗῡυὶηἱὸῃνξ,
1639 5309 1791 5397 teque

193 5391 255 5435 et
287 5385 497 5451 pariter
522 5387 782 5444 adversus
805 5390 1065 5447 doctrinae
1113 5385 1370 5448 Ecclesia;
1411 5385 1792 5453 catholiete'et

194 5454 432 5535 somniis
465 5467 639 5535 secta:
684 5460 1062 5518 Calvinisticze.
1117 5465 1327 5535 Quippe
1375 5482 1498 5519 ctttn
1555 5468 1792 5523 enitatur

195 5525 440 5606 probare
463 5525 518 5580 itt
545 5543 886 5606 sacramento
913 5525 1159 5606 corporis
1183 5525 1384 5590 Christi
1413 5536 1649 5606 aliquam
1671 5554 1792 5595 esse

200 5594 437 5675 tiguram
467 5607 524 5652 et
541 5599 662 5675 hoc
680 5617 875 5672 corpus
902 5594 1104 5660 Christi
1136 5609 1278 5675 quod
1309 5608 1360 5660 iit
1389 5623 1454 5662 eo
1493 5594 1554 5662 lit
1606 5594 1784 5666 sensi-9

197 5662 441 5752 bus‘non
462 5668 686 5752 subjici,
715 5662 974 5730 adversus
996 5691 1090 5752 eos
1124 5662 1216 5747 q'ui
1263 5679 1520 5734 tuendum
1567 5662 1794 5752 recipie-

198 5733 586 5824 bantJntt-Ilani
632 5733 686 5797 in
729 5758 794 5799 eo
840 5760 960 5824 esse
1004 5733 1252 5824 ﬁguram,
1298 5733 1796 5824 quoniamicorrpus

200 5804 415 5889 Christi
444 5810 497 5866 in
526 5826 590 5866 ea
619 5818 1010 5889 erat‘sensibus
1037 5804 1348 5889 subject-uni
1367 5829 1422 5874 et
1455 5804 1684 5880 visibile.

279 5889 307 5917 α
351 5876 417 5933 1η
447 5884 695 5951 mysterio
725 5885 824 5956 ﬁat
847 5904 918 5944 an
936 5888 990 5944 in
1024 5876 1260 5945 reriiate.
1305 5876 1683 5952 Veritaswret'n—
1731 5912 1798 5952 eo

1541 6070 1545 6073 μ
1561 6063 1600 6074 ~
1640 6062 1664 6074 υ

1886 1990 2179 2062 discipulos
2213 2001 2392 2046 autem
2441 1990 2682 2062 palmites
2724 1992 2960 2064 appellat
3000 2009 3012 2046 :
3050 1993 3162 2063 Ego
3203 2010 3321 2048 sum
3359 1994 3477 2049 vitis

1884 2099 2026 2149 vera,
2060 2099 2147 2138 cos
2182 2093 2356 2138 autem
2389 2082 2630 2152 palmites
2670 2082 2859 2154 (Jotm.
2894 2099 2962 2138 xv
2983 2124 3000 2150 ,
3038 2084 3118 2155 5).
3159 2083 3285 2140 Haec
3329 2084 3473 2140 enim

1884 2173 2067 2227 omnia
2095 2172 2242 2228 aliud
2273 2172 2462 2228 dicunt
2490 2184 2544 2228 et
2579 2172 2724 2229 aliud
2756 2173 3007 2229 innuunt.

1919 2272 1925 2276 ’
1955 2275 2088 2332 VIII.
2135 2276 2342 2331 Veritas
2369 2292 2498 2332 vero
2523 2285 2606 2332 est
2633 2277 2708 2332 rei
2742 2278 3028 2334 manifesta
3060 2278 3472 2350 demonstratio,

1885 2365 2044 2422 nullis
2076 2367 2395 2422 umbrarum
2426 2367 2750 2438 imaginibus
2778 2367 3060 2434 obvelatze,
3106 2371 3199 2426 sed
3244 2373 3394 2442 puris
3423 2379 3477 2426 et

1884 2457 2109 2527 apertis,
2166 2465 2331 2526 tttque
2373 2457 2586 2528 planius
2619 2457 2974 2529 eloquamur,
3027 2461 3364 2516 naturalibus
3412 2461 3479 2516 si-

1884 2549 2323 2621 gniﬁcationibus
2347 2548 2660 2614 insinuata};
2688 2559 2746 2603 ut
2777 2559 2902 2620 pote
2926 2566 3048 2606 cum
3080 2551 3280 2607 dicitur
3318 2551 3476 2608 Chrio

1883 2651 2003 2696 stus
2040 2651 2199 2696 natus
2230 2641 2296 2696 de
2336 2639 2576 2712 Virgine,
2615 2657 2836 2712 passus,
2881 2642 3201 2705 cruciﬁxus,
3234 2652 3476 2698 mortuus

1883 2742 1940 2789 et
1985 2733 2244 2804 sepultus.
2303 2729 2447 2785 Nihil
2503 2732 2646 2785 enim
2705 2731 2795 2786 hic
2855 2732 3038 2802 ﬁguris
3098 2733 3474 2790 obvelantibus

1885 2823 2274 2886 adumbratur;
2327 2835 2516 2875 verum
2545 2821 2622 2875 rei
2653 2822 2855 2877 veritas
2903 2824 3230 2900 naturalium
3260 2825 3472 2897 signiﬁ-

1884 2914 2187 2971 cationibus
2229 2915 2520 2969 verborum
2569 2916 2900 2980 ostenditur;
2953 2932 3126 2987 neque
3182 2919 3326 2974 aliud
3387 2920 3476 2976 hic

1885 3006 2010 3062 licet
2041 3005 2264 3076 intelligi
2295 3021 2458 3076 quam
2489 3005 2708 3060 dicitur.
2742 3005 2812 3061 At
2849 3007 2902 3061 in
2954 3009 3321 3078 superioribus
3369 3025 3476 3065 non

1887 3097 1982 3152 ita.
2017 3096 2154 3152 Nam
2201 3095 2654 3162 substantialiter,
2705 3113 2806 3152 nec
2853 3099 3008 3168 panis
3057 3099 3326 3165 Christus,
3378 3116 3477 3158 nec

1888 3191 2015 3245 vitis
2042 3189 2314 3255 Christus,
2346 3205 2445 3245 nec
2468 3189 2718 3259 palmites
2747 3191 2996 3260 apostoli.
3027 3191 3366 3265 Quapmpter
3389 3194 3479 3250 hic

1885 3283 2080 3355 ﬁgura,
2105 3282 2353 3353 superius
2379 3298 2508 3339 vero
2527 3283 2732 3340 veritas
2765 3286 2816 3338 in
2865 3285 3178 3343 narratione
3209 3296 3476 3343 monstra-

1889 3382 1994 3439 tur,
2027 3374 2080 3429 id
2112 3382 2198 3430 est
2225 3373 2366 3429 nuda
2394 3382 2450 3429 et
2478 3385 2664 3446 aperta
2694 3376 3036 3448 signiﬁcatio.

1955 3483 2045 3539 IX.
2089 3483 2243 3540 Nunc
2270 3485 2555 3541 redeamus
2596 3485 2664 3541 ad
2713 3486 2800 3542 illa
2846 3504 3076 3558 quorum
3123 3507 3289 3549 causa
3335 3493 3477 3550 dicta

1886 3640 1990 3695 loci
2021 3639 2313 3711 signiﬁcat,
2346 3641 2597 3697 sensibus
2623 3645 2953 3711 sulijeetam;
3006 3647 3085 3703 sic
3129 3649 3309 3704 verbis
3349 3666 3477 3706 con-

1887 3711 2061 3784 ceptis
2084 3714 2436 3784 sequentibus
2462 3713 2698 3784 explicat
2721 3711 3051 3772 Ratramnus
3077 3735 3091 3771 :
3123 3718 3203 3773 An
3245 3721 3356 3774 sine
3384 3739 3475 3775 cu-

1681 3788 1785 3840 ‘Pus
1878 3783 2182 3862 juscunque
2217 3781 2494 3862 veltztione.
2521 3781 2756 3862 mysterii
2801 3786 2898 3862 Itoc
2935 3789 3201 3862 intueatur
3243 3793 3475 3862 corporis

1888 3853 2142 3932 exterius,
2173 3853 2311 3932 quod
2331 3854 2521 3932 tuentis
2553 3853 2690 3932 risus
2719 3858 2959 3932 aspiciat
2981 3859 3218 3914 interius.
3255 3853 3479 3932 Insuper

1889 3938 1957 4003 ex
2006 3923 2203 3976 abbate
2243 3923 2506 4003 Abbaudo
2553 3925 2693 3980 idem
2738 3923 3476 4003 intelligimus,apudqttem

1892 3996 2008 4048 inec
2034 4008 2138 4047 vox
2163 3995 2413 4049 eumdem
2445 4011 2664 4052 sensum
2687 4006 2742 4052 et
2769 3995 2937 4053 usunf
2947 4001 3111 4055 subiit
3141 4019 3160 4056 :
3185 3995 3300 4058 'Sed
3323 3995 3475 4058 aliud

1890 4075 1963 4119 est
1991 4080 2109 4144 cum
2133 4064 2198 4144 de
2221 4064 2431 4144 veritate
2457 4066 2732 4144 cujuslibet
2764 4069 2836 4122 rei
2853 4073 3152 4144 secundum
3193 4077 3482 4144 proprieta-

1891 4145 1993 4216 tetu
2019 4134 2145 4216 facti
2168 4136 2456 4216 quieritur;
2483 4134 2630 4216 aliud
2646 4178 2660 4202 ,
2688 4155 2805 4216 cum
2833 4141 2964 4216 [acti
2985 4134 3216 4216 ejusdem
3262 4134 3480 4216 mystica

1893 4208 2028 4280 ratio
2066 4205 2342 4280 allegorice
2369 4206 2668 4280 discutitur.
2698 4209 2762 4263 Et
2792 4205 3138 4268 continetur:
3166 4205 3478 4280 Quiu'veru-

1892 4276 2020 4330 citer
2041 4273 2228 4341 corpus
2253 4273 2448 4351 Christi
2469 4278 2709 4351 manibus
2738 4280 3006 4348 frangitur
3025 4273 3335 4351 sacerdotis,
3366 4303 3473 4341 non

1892 4362 2050 4402 secus
2097 4361 2162 4420 a_c
2213 4347 2361 4416 prior
2401 4349 2576 4420 sancti
2605 4347 2840 4406 Victuris
2865 4347 3202 4420 Gualterins,
3225 4347 3346 4412 cum
3377 4361 3477 4412 oli-

1893 4426 2073 4472 servat
2121 4417 2504 4488 Berengarium
2562 4431 2809 4476 coactum
2862 4424 3028 4480 fuisse
3088 4417 3247 4482 fateri
3301 4445 3477 4483 rerum

1893 4504 2080 4552 corpus
2103 4497 2148 4541 et
2191 4489 2498 4558 sanguinem
2546 4489 2741 4546 Christi
2788 4509 2932 4558 esse;
2983 4509 3029 4549 et
3073 4497 3390 4554 sensualiter
3431 4510 3478 4552 et

1895 4575 1998 4613 non
2018 4559 2188 4634 solum
2222 4571 2584 4634 sacramento,
2610 4565 2700 4616 sed
2747 4566 2905 4619 etiam
2950 4569 3192 4634 veritate,
3238 4569 3479 4623 manibus

1892 4630 2222 4705 sacerdotum
2252 4633 2491 4695 tractari,
2526 4635 2808 4705 etfrangi,
2854 4646 2902 4689 et
2950 4630 3187 4705 ﬁdelium
3239 4641 3478 4694 dentibus

1893 4710 2082 4775 atteri;
2099 4699 2236 4775 Eum
2263 4716 2480 4775 sensum
2504 4699 2762 4775 subierat
2802 4699 2959 4775 apud"
2984 4707 3332 4764 l’ascltasiutn
3383 4709 3472 4764 lib.

1893 4786 1968 4848 xtl
2043 4769 2454 4848 Expositionis_
2501 4773 2554 4827 in
2624 4769 2934 4831 Mattlue'um
2989 4793 3004 4831 :
3067 4779 3292 4844 Quando
3357 4780 3477 4848 jam

1893 4841 2033 4918 ultra
2087 4856 2209 4918 non_
2240 4853 2390 4894 erunt
2435 4844 2804 4918 Itwc_mystica
2853 4841 3222 4915 sacramenta,
3268 4851 3323 4904 in
3357 4841 3479 4918 'ﬁde

1895 4911 2313 4991 reipsaycritus,
2341 4929 2458 4991 qua:
2487 4911 2661 4969 adhuc
2712 4928 2846 4991 recte
2891 4920 3067 4990 agitur
3110 4921 3166 4975 in
3208 4911 3478 4991 ittystei'io,

1890 4980 2004 5062 luce
2047 4979 2245 5062 clarius
2286 4979 2558 5062 referetur,
2589 4996 2635 5040 et
2666 4989 2764 5062 erit
2793 4979 3235 5062 ontni'buspalam
3261 4979 3318 5046 in
3351 4979 3481 5062 frui;

1890 5051 2028 5105 tione
2047 5053 2194 5128 quod
2221 5051 2357 5128 nunc
2385 5056 2639 5110 sttmintus
2661 5058 2716 5112 in
2746 5061 3012 5128 mysterio.
3043 5051 3147 5117 Res
3175 5064 3313 5119 satis
3351 5051 3476 5118 ’γυι-

1891 5133 2014 5206 gata
2042 5121 2142 5206 init
2168 5124 2360 5206 mediae
2383 5129 2559 5206 aetatis
2588 5144 2717 5184 usus
2743 5121 2889 5185 vo'cis'
2915 5132 3163 5206 ueritatis,
3195 5135 3265 5191 ad
3309 5135 3473 5206 signi-

1894 5197 2031 5247 lican
2057 5198 2160 5248 lam
2220 5195 2295 5249 rei
2347 5199 2719 5265 probationem
2771 5216 2864 5256 seu
2909 5195 3478 5261 denurornsirationém:

1893 5265 2094 5340 quippe
2119 5281 2241 5340 cum
2266 5277 2522 5340 constans
2545 5279 2691 5326 esset
2717 5269 2940 5340 hujusce
2975 5277 3124 5332 vocis
3152 5293 3281 5333 usus
3303 5281 3369 5332 ad
3407 5278 3480 5332 si-

1894 5337 2677 5416 gnitﬁieandas.testiﬁcationes
2704 5337 2840 5414 quas
2870 5344 2922 5399 itt
2958 5345 3049 5416 jus
3091 5350 3270 5404 vocati
3317 5357 3482 5404 testes

1893 5405 2142 5484 proferre
2167 5407 2590 5484 solent,_qnibus
2620 5405 2811 5484 reapse
2849 5405 3081 5473 crubina
3135 5436 3242 5474 non
3297 5420 3482 5475 consi-

1895 5487 2046 5562 stunt
2077 5478 2137 5562 in
2160 5494 2220 5560 se
2241 5479 2376 5562 ._sed
2412 5478 2608 5562 eorum
2655 5478 3004 5562 probationes
3048 5501 3113 5562 et
3144 5499 3480 5562 argumenta

1899 5546 2055 5628 ﬁrma
2083 5558 2145 5628 _et
2167 5549 2389 5628 invicta.
2412 5551 2482 5628 Ut
2509 5546 2849 5628 abundanter
2871 5569 3021 5628 patet
3044 5561 3096 5615 in
3129 5546 3468 5616 Consuetudi-

1899 5618 2050 5696 nibus
2081 5619 2398 5696 insularum,
2433 5623 2515 5696 tit:
2546 5641 2585 5691 ι,
2619 5627 2834 5683 articul.
2867 5618 2934 5685 l9
2963 5640 3017 5686 et
3044 5633 3132 5696 20,
3159 5643 3214 5688 et
3241 5633 3296 5688 in
3324 5632 3463 5689 liber

1899 5689 2102 5770 tatibus
2124 5691 2285 5772 urbis
2294 5695 2466 5772 sancti
2487 5689 2702 5772 Desidet
2716 5698 2775 5772 ii,
2791 5689 3162 5772 intCampani'a
3185 5720 3330 5761 anno
3349 5704 3481 5760 l228

1899 5760 1952 5814 in
1982 5760 2214 5842 concitio
2246 5761 2444 5842 Coyaei
2487 5767 2692 5842 habito,
2729 5760 2784 5826 in
2823 5760 3099 5842 Hispania,
3149 5760 3291 5832 anno
3320 5777 3480 5839 l050,

1897 5831 2377 5972 gérelaio
2400 5840 2540 5910 apud
2565 5831 3206 5911 Ducangiunt,'Glossarii
3224 5831 3377 5905 temo
3397 5831 3480 5912 III,
