4088 6344
599 417 706 515 ut
1629 452 1991 511 nussum
2028 449 2477 510 consummas
2513 447 2820 506 MONACHI
3487 471 3493 477 ε
3771 447 3868 507 iss

598 582 725 631 sunt
748 574 873 639 ista,
899 571 1149 630 videlicet
1174 584 1371 640 corpus
1394 578 1453 626 et
1470 570 1788 641 sanguinem
1816 568 2041 626 Christi.
2071 581 2096 609 ι·
2122 567 2180 624 Si
2210 572 2257 631 Α
2287 564 2609 635 accipiatur,
2637 562 2666 603 ἀ
2693 564 2791 619 sed
2816 571 2986 617 totum
3020 561 3076 616 in
3097 560 3325 617 veritate
3352 557 3743 630 conspiciatur,
3784 561 3866 615 ni-

598 664 744 720 enim
798 663 942 719 nulla
979 663 1080 717 sub
1126 660 1296 732 ﬁgura
1343 661 1658 731 mysterium
1707 659 1839 715 illud
1882 659 2179 731 peragitur,

593 756 705 827 jam
735 755 1047 828 mysterium
1077 767 1184 809 non
1207 762 1355 810 recte
1376 754 1663 809 vocitatur.
1696 751 1962 820 Quoniam
1983 759 2185 823 myste-

601 850 740 906 rium
766 849 875 905 dici
905 862 1010 903 non
1035 855 1232 917 potest,
1260 846 1315 901 in
1337 860 1445 915 quo
1474 845 1608 900 nihil
1633 857 1716 902 est
1746 844 2016 909 abditum,
2045 841 2182 901 nihil

601 956 631 994 a
656 937 1026 1009 corporalibus
1045 936 1292 993 sensibus
1312 945 1598 1002 remotum,
1645 934 1779 990 nihil
1823 934 2004 1004 aliquo
2040 934 2186 989 vela-

604 1032 747 1087 mine
778 1030 1206 1087 contectum.At
1254 1028 1344 1085 ille
1395 1028 1563 1099 panis,
1596 1028 1687 1098 qui
1742 1042 1838 1098 per
1885 1025 2186 1082 sacerdotis

605 1121 961 1179 ministerium
998 1120 1201 1176 Christi
1249 1134 1447 1189 corpus
1487 1119 1806 1185 conﬁcitur,
1857 1118 2001 1173 aliud
2033 1128 2186 1174 exte-

605 1214 718 1269 rius
757 1214 1009 1269 humanis
1058 1211 1307 1267 sensibus
1352 1210 1622 1277 ostendit,
1671 1219 1725 1265 et
1769 1209 1916 1264 aliud
1957 1209 2187 1265 interius

612 1306 849 1363 ﬁdelium
871 1304 1142 1361 mentibus
1175 1305 1392 1359 clamat.
1426 1302 1677 1358 Exterius
1705 1301 1921 1374 quidem
1948 1300 1978 1345 ιο
2008 1301 2185 1371 panis,

606 1399 747 1471 quod
775 1407 905 1455 ante
934 1398 1126 1461 fuerat,
1165 1394 1340 1451 forma
1384 1394 1770 1466 praetenditur,
1819 1394 1967 1449 color
2005 1399 2188 1448 osten~

605 1493 768 1555 ditur,
795 1504 955 1563 sapor
974 1488 1235 1559 accipitur
1267 1506 1280 1541 :
1311 1496 1394 1541 ast
1416 1485 1648 1541 interius
1673 1483 1829 1556 longe
1852 1482 1996 1538 aliud
2020 1481 2189 1538 multo

605 1579 897 1653 pretiosius
938 1577 1214 1649 multoque
1270 1576 1617 1632 excellentius
1667 1576 1949 1631 intimatur
1979 1615 1996 1640 ,
2056 1574 2188 1646 quia

608 1674 847 1738 cmleste,
878 1670 1003 1742 quia
1031 1669 1292 1734 divinum,
1325 1667 1379 1723 id
1402 1677 1484 1723 est
1513 1667 1715 1725 Christi
1759 1684 1975 1739 corpus,
2006 1676 2189 1723 osten-

607 1764 780 1830 ditur,
811 1763 952 1836 quod
979 1778 1085 1819 non
1116 1763 1363 1819 sensibus
1407 1762 1613 1827 carnis,
1663 1760 1756 1817 sed
1801 1761 1969 1817 animi
2013 1759 2188 1817 ﬁdelis

606 1857 847 1912 contuitu
886 1855 967 1911 vel
1005 1852 1823 1927 aspicitur,velaccipitur,vel
1857 1854 2184 1911 comeditur.

2286 657 2361 712 hil
2387 657 2478 712 hic
2507 655 2643 713 ﬁdes
2684 662 2964 724 operatur,
2991 654 3246 724 quoniam
3277 653 3412 709 nihil
3450 652 3701 723 spiritale
3728 655 3871 724 geri-

2285 758 2405 815 tur;
2435 750 2530 804 sed
2556 745 2813 819 quidquid
2845 745 2976 801 illud
3002 754 3105 813 est,
3146 754 3320 802 totum
3347 745 3643 801 secundum
3672 759 3869 815 corpus

2285 840 2564 910 accipitur.
2612 837 2682 893 Et
2715 852 2840 894 eum
2892 835 3046 902 ﬁdes,
3086 835 3383 893 secundum
3410 834 3756 905 Apostolum,
3803 834 3869 891 sit

2285 948 2459 988 rerum
2500 942 2868 1002 argumentum
2901 948 3009 987 non
3048 931 3417 1003 apparentium
3455 928 3645 1003 (Hebr.
3678 946 3756 993 xi,
3793 930 3865 1000 1),

2287 1022 2339 1078 id
2362 1031 2575 1078 estnon
2605 1038 2792 1077 earum
2821 1038 2941 1092 qua:
2963 1021 3238 1089 videntur,
3262 1022 3360 1078 sed
3391 1036 3513 1092 qua:
3546 1036 3657 1075 non
3680 1020 3869 1076 viden-

2288 1123 2378 1171 tur
2404 1113 2853 1181 substantiarum,
2879 1113 3017 1169 nihil
3063 1114 3153 1170 hic
3179 1112 3476 1169 secundum
3514 1110 3677 1167 ﬁdem
3724 1110 3871 1168 acci-

2285 1208 2518 1279 piemus,
2547 1208 2804 1278 quoniam
2833 1209 3095 1279 quidquid
3117 1209 3324 1274 existit,
3350 1207 3646 1264 secundum
3674 1222 3873 1265 sensus

2288 1304 2537 1370 corporis
2561 1297 2942 1367 dijudicamus.
2984 1300 3056 1356 Et
3078 1300 3214 1356 nihil
3243 1299 3530 1356 absurdius
3574 1314 3739 1371 quam
3776 1314 3871 1370 pa-

2289 1406 2413 1445 nem
2442 1405 2662 1446 carnem
2690 1388 2959 1462 accipere,
2988 1398 3044 1446 et
3081 1390 3265 1447 vinum
3300 1391 3614 1462 sanguinem
3632 1390 3827 1446 dicere
3853 1409 3867 1443 :

2289 1496 2391 1537 nec
2408 1480 2524 1551 jam
2554 1482 3029 1568 mysteriumlerit,
3053 1483 3108 1538 in
3135 1498 3246 1554 quo
3296 1481 3431 1540 nihil
3471 1483 3690 1548 secreti,
3733 1482 3873 1539 nihil

2289 1575 2457 1631 abditi
2497 1575 2889 1631 continebitur.

2360 1667 2471 1724 Xll.
2513 1670 2581 1724 Et
2608 1668 2879 1739 quomodo
2897 1667 3013 1739 jam
3040 1683 3237 1739 corpus
3271 1667 3473 1725 Christi
3521 1668 3724 1724 dicitur
3770 1667 3870 1740 [aL

2288 1763 2539 1836 dicetur],
2565 1764 2618 1819 in
2642 1778 2751 1833 quo
2777 1762 2922 1818 nulla
2949 1762 3276 1833 permutatio
3322 1761 3463 1816 facta
3509 1775 3632 1818 esse
3671 1776 3877 1832 cogno-

2288 1856 2495 1913 scitur?
2531 1854 2722 1911 Omnis
2744 1853 2890 1910 enim
2910 1853 3237 1923 permutatio
3272 1860 3367 1907 aut
3404 1865 3472 1906 ex
3510 1865 3578 1907 eo
3604 1852 3749 1921 quod
3788 1859 3879 1907 est

679 1950 745 2008 Χ.
786 1950 981 2008 Vinum
1001 1966 1237 2022 quoque,
1266 1949 1408 2022 quod
1429 1949 1749 2007 sacerdotali
1776 1948 2187 2006 consecratione
2215 1946 2262 2007 Β
2290 1950 2345 2004 in
2366 1949 2419 2002 id
2440 1948 2583 2017 quod
2603 1955 2688 2001 est
2716 1944 2968 2009 eilicitur,
2996 1953 3091 2000 aut
3116 1959 3186 2000 ex
3203 1958 3270 2001 eo
3294 1943 3437 2013 quod
3456 1951 3542 1999 est
3564 1943 3620 1997 in
3647 1942 3701 1998 id
3724 1944 3875 2013 quod

608 2042 805 2102 Christi
829 2044 1104 2117 sanguinis
1134 2041 1364 2099 elﬁcitur
1385 2052 1803 2106 sacramentum,
1837 2041 1983 2097 aliud
2001 2046 2190 2111 superé

610 2136 885 2191 ticietenus
932 2135 1202 2201 ostendit,
1252 2133 1395 2189 aliud
1440 2133 1668 2190 interius
1717 2131 1985 2191 continet.
2049 2128 2190 2198 Quid

609 2229 750 2283 enim
776 2225 918 2282 aliud
960 2227 1013 2283 in
1042 2226 1329 2299 superﬁcie
1362 2241 1523 2297 quam
1570 2224 2013 2282 substantiavini
2055 2238 2183 2279 con-

608 2318 835 2389 spicitur
855 2318 876 2372 ?
895 2306 1086 2385 Custa,
1111 2318 1295 2374 vinum
1322 2318 1493 2387 sapit;
1521 2317 1708 2383 odora,
1732 2318 1918 2372 vinum
1946 2315 2183 2382 redolet;

608 2411 839 2482 inspice,
862 2411 972 2466 vini
993 2409 1143 2466 color
1160 2411 1423 2467 intuetur.
1448 2412 1518 2487 At
1540 2411 1766 2466 interius
1788 2412 1834 2467 si
1850 2410 2185 2477 consideres,

609 2504 716 2572 iam
762 2520 868 2560 non
922 2504 1102 2576 liquor
1127 2504 1259 2572 vini,
1313 2505 1408 2561 sed
1453 2504 1631 2576 liquor
1660 2504 1939 2577 sanguinis
1984 2502 2189 2561 Christi

612 2595 941 2651 credentium
968 2593 1240 2650 mentibus
1266 2604 1322 2652 et
1344 2594 1485 2665 sapit
1505 2594 1633 2650 dum
1658 2603 1921 2666 gustatur,
1948 2600 2002 2648 et
2025 2608 2189 2664 agno-

611 2689 779 2743 scitur
807 2688 933 2743 dum
983 2687 1343 2759 conspicitur,
1372 2695 1426 2742 et
1453 2685 1711 2754 probatur
1749 2684 1876 2741 dum
1908 2684 2186 2741 odoratur.

614 2778 736 2836 llaec
761 2779 834 2834 ita
855 2793 975 2836 esse
1003 2779 1131 2833 dum
1159 2792 1319 2833 nemo
1348 2784 1526 2848 potest
1552 2790 1841 2847 annegare.
1872 2776 2042 2832 claret
2062 2775 2189 2846 quia

616 2882 634 2909 ι
668 2869 821 2942 panis
848 2868 938 2924 ille
966 2869 1256 2938 vinumque
1282 2867 1508 2939 ﬁgurate
1540 2866 1741 2923 Christi
1763 2882 1961 2938 corpus
1985 2876 2039 2922 et
2060 2881 2180 2921 san-

2288 2057 2397 2097 non
2421 2049 2527 2106 est,
2560 2050 2740 2095 antes
2769 2054 2835 2096 eo
2855 2038 2998 2108 quod
3030 2045 3116 2094 est
3144 2038 3201 2095 in
3243 2036 3297 2093 id
3336 2036 3478 2106 quod
3510 2041 3612 2093 est.
3659 2034 3720 2091 lu
3767 2036 3877 2089 isto

2290 2142 2471 2189 autem
2500 2142 2845 2189 sacramento
2868 2172 2886 2198 ,
2917 2132 2963 2188 si
2998 2141 3204 2187 tantum
3241 2130 3294 2186 in
3337 2129 3584 2185 veritatis
3613 2126 3880 2198 simplici-

2290 2233 2401 2280 tate
2431 2223 2828 2290 consideretur,
2853 2231 2910 2278 et
2935 2238 3041 2278 non
3080 2221 3225 2278 aliud
3257 2216 3509 2278 credatur
3538 2235 3700 2291 quam
3727 2219 3878 2289 quod

2288 2318 2569 2389 aspicitur,
2596 2316 2742 2371 nulla
2783 2316 3111 2387 permutatio
3152 2315 3296 2372 facta
3340 2315 3703 2387 cognoscitur.
3735 2312 3879 2368 Nam

2288 2428 2390 2468 nec
2410 2428 2476 2468 ex
2503 2427 2570 2468 eo
2590 2409 2734 2481 quod
2761 2424 2868 2465 non
2910 2418 3045 2475 erat,
3076 2407 3331 2465 transivit
3376 2408 3432 2463 in
3476 2405 3681 2478 aliquid
3726 2404 3879 2476 quod

2289 2502 2380 2568 sit,
2410 2501 2680 2572 quomodo
2709 2498 3051 2555 ﬁttransitus
3086 2514 3144 2553 tu
3193 2496 3356 2554 rebus
3383 2494 3765 2560 nascentibus,
3800 2492 3879 2549 si-

2290 2593 2505 2665 quidem
2552 2608 2658 2649 non
2700 2599 2858 2648 erant
2892 2590 3071 2661 prius,
3106 2590 3201 2646 sed
3243 2597 3305 2645 ut
3336 2588 3467 2654 sint,
3492 2602 3561 2645 ex
3603 2602 3712 2642 non
3752 2600 3879 2642 esse

2292 2686 2359 2743 ad
2406 2688 2459 2743 id
2502 2685 2645 2758 quod
2675 2693 2761 2741 est
2793 2698 2914 2740 esse
2960 2682 3249 2739 transitum
3295 2680 3560 2739 fecerunt.
3610 2679 3713 2736 Hic
3741 2693 3879 2735 vero

2291 2779 2446 2851 panis
2483 2787 2538 2833 et
2560 2778 2743 2833 vinum
2771 2776 2926 2847 prius
2955 2775 3105 2831 fuere
3150 2789 3315 2846 quam
3359 2773 3649 2830 transitum
3697 2772 3753 2826 in
3782 2788 3879 2828 sa.

2292 2880 2630 2929 cramentum
2668 2869 2913 2940 corporis
2953 2877 3010 2924 et
3035 2868 3316 2938 sanguinis
3354 2866 3555 2924 Chrisu'
3599 2865 3871 2923 fecerunt.

564 4302 571 4307 .
634 4255 759 4313 deut
786 4256 921 4312 nihil
959 4256 1013 4310 in
1049 4255 1376 4312 eucharistia
1407 4270 1529 4312 esse
1575 4263 1772 4325 praeter
1811 4255 2101 4327 ﬁguratum
2148 4263 2204 4311 et

614 2966 732 3038 guis
760 2963 961 3020 existit.
995 2960 1110 3018 Non
1148 2962 1292 3016 enim
1328 2960 1622 3018 secundum
1664 2960 1808 3032 quod
1852 2960 2063 3016 videtur
2106 2956 2192 3012 vel
2295 2965 2403 3022 sed
2422 2980 2523 3020 nec
2551 2963 2640 3018 ille
2664 2964 2930 3019 transitus
2975 2962 3066 3032 qui
3095 2960 3156 3016 ﬁt
3177 2975 3246 3016 ex
3271 2974 3337 3015 eo
3360 2958 3504 3030 quod
3529 2966 3614 3016 est
3650 2972 3777 3015 esse
3803 2957 3878 3014 ad

616 3057 792 3113 carnis
819 3054 1027 3127 species
1068 3053 1122 3109 in
1152 3054 1242 3110 illo
1283 3069 1421 3124 pane
1463 3051 1831 3124 cognoscitur,
1870 3049 1954 3106 vel
1988 3050 2057 3115 in
2102 3047 2192 3105 illo
2296 3058 2351 3114 id
2393 3058 2536 3129 quod
2570 3064 2653 3113 est
2678 3070 2787 3111 non
2837 3068 2976 3118 esse,
3025 3052 3117 3123 qui
3167 3052 3428 3109 transitus
3476 3050 3531 3107 in
3576 3051 3739 3106 rebus
3776 3066 3878 3122 per

620 3148 737 3223 tino
784 3145 994 3203 cruoris
1045 3145 1186 3201 unda
1235 3149 1613 3209 ιιιοηεῐωιυτῖ
1669 3157 1792 3197 cum
1843 3149 2021 3196 lamen
2069 3146 2193 3210 Ροει
2297 3149 2568 3205 deiectum
2627 3162 2878 3204 occasum
2941 3144 3497 3218 patientibus'existit
3538 3159 3555 3200 :
3608 3144 3878 3215 quidquid

619 3240 901 3311 mysticam
926 3238 1390 3295 consecrationem
1420 3250 1522 3293 nec
1551 3235 1707 3306 panis
1734 3232 1851 3303 jam
1877 3233 2074 3289 dicitur
2094 3246 2195 3287 nec
2298 3240 2443 3295 enim
2469 3238 2674 3306 ίηιετῖι,
2708 3241 2859 3310 prius
2895 3239 3238 3295 subsistendo
3283 3238 3414 3306 fuit,
3457 3251 3558 3294 nec
3590 3236 3877 3294 interitum

623 3332 823 3397 vinum,
847 3328 940 3385 sed
970 3327 1171 3385 Christi
1194 3343 1390 3399 corpus
1417 3336 1473 3383 et
1497 3326 1736 3398 sanguis.
2217 3315 2262 3379 C
2294 3331 2404 3403 pati
2432 3341 2608 3402 potest
2628 3332 2771 3402 quod
2797 3330 3055 3398 nonfuit;
3083 3331 3174 3388 hic
3198 3345 3414 3402 quoque
3435 3345 3541 3388 non
3564 3330 3669 3387 iste
3691 3340 3878 3389 trans-

691 3422 777 3477 XI.
818 3419 950 3475 Nam
981 3420 1026 3476 si
1058 3421 1352 3476 secundum
1381 3418 1639 3489 quosdam
1669 3416 1898 3489 ﬁgurate
1925 3414 2063 3474 nihil
2103 3415 2194 3475 hic
2297 3426 2404 3481 itus
2443 3423 2621 3481 iactus
2658 3439 2778 3483 esse
2810 3424 3177 3496 cognoscitur,
3200 3424 3245 3497 ιο
3271 3414 3529 3496 quoniam
3572 3424 3877 3483 secundum

690 3567 718 3595 ι
755 3550 812 3608 Si
837 3551 975 3607 enim
1000 3549 1147 3605 nulla
1176 3549 1270 3604 sub
1311 3548 1481 3621 ﬁgura
1502 3549 1808 3621 mysterium
1829 3548 1962 3603 illud
1991 3550 2197 3620 peragi-

623 3637 726 3680 tur.
760 3622 873 3679 Hoc
900 3623 1095 3677 iterum
1125 3621 1341 3692 repetit,
1377 3629 1436 3675 ut
1466 3620 1657 3678 omnes
1699 3620 1961 3692 alilictim
1990 3636 2195 3692 cogno-

624 3704 777 3753 scant
802 3695 1061 3748 adversus
1093 3690 1547 3748 eos'solummodo
1573 3707 1752 3762 agere.
1781 3690 1873 3762 qui
1925 3690 2025 3747 sibi
2067 3690 2197 3760 'per—

626 3766 923 3823 suadebant
947 3772 1116 3819 totum
1151 3763 1293 3833 quod
1331 3764 1386 3818 in
1415 3762 1753 3820 Eucharistia
1774 3762 1844 3833 ﬁt
1871 3777 1994 3818 esse
2019 3763 2197 3818 sensi-

625 3838 725 3892 bus
754 3834 1073 3903 subjectum.
1101 3832 1182 3888 Et
1203 3833 1418 3904 axioma
1446 3834 1653 3903 profert
1700 3832 1855 3888 valde
1900 3834 2194 3904 propitium

626 3906 924 3969 sententiae,
958 3914 1013 3959 et
1063 3905 1225 3959 rebus
1270 3903 1520 3960 Ecclesiae
1549 3903 1784 3959 maxime
1809 3903 2195 3972 opportunum,

629 3977 834 4034 scilicet
875 3973 1082 4043 nullum
1121 3974 1422 4030 consistere
1454 3987 1615 4043 posse
1642 3978 1984 4043 mysterium,
2009 3975 2062 4028 in
2092 3990 2200 4042 quo

632 4045 765 4102 nihil
793 4044 863 4102 sit
888 4042 1225 4100 reconditum
1252 4053 1306 4098 et
1333 4041 1624 4100 occultum.
1657 4041 1868 4098 Revera
1923 4058 2029 4099 non
2069 4041 2202 4099 dicit

632 4126 803 4172 totum
830 4129 950 4170 esse
974 4114 1172 4169 debere
1197 4113 1533 4169 reconditum
1562 4122 1619 4170 et
1646 4122 1937 4177 secretum,
1970 4115 2047 4170 uti
2096 4114 2199 4170 sibi

631 4187 837 4257 lingunt
896 4183 1195 4257 Calviniani
1248 4193 1629 4257 protestantes,
1684 4184 1776 4253 qui
1822 4185 1933 4257 sibi
1980 4200 2204 4256 persua-

2298 3574 2413 3612 ram
2448 3557 2932 3628 convertereyotnit
2974 3557 3029 3610 in
3067 3557 3335 3628 praprium
3380 3572 3587 3626 corpus,
3626 3564 3770 3628 et“;
3821 3564 3885 3612 et

2298 3574 2413 3612 ram
2448 3572 2932 3681 converterebyomn
2974 3573 3029 3610 in
3067 3572 3335 3628 praprmm
3380 3572 3587 3626 corpus,
3626 3572 3770 3623 eun;
3821 3572 3879 3612 et

2297 3642 2525 3683 numero
2549 3641 2657 3680 xxx
2689 3640 2704 3679 :
2771 3626 2834 3680 ed
2859 3642 2970 3698 rere
2988 3643 3081 3697 per
3100 3628 3399 3697 mysterium
3418 3642 3603 3698 panem
3625 3636 3673 3698 et
3701 3625 3879 3683 rinam

2298 3700 2355 3753 in
2377 3698 2607 3769 corporis
2632 3706 2681 3751 et
2702 3697 2979 3769 sanguinis
2995 3698 3094 3769 mei
3116 3713 3362 3769 conversa
3385 3697 3773 3769 substantiam,
3794 3698 3880 3769 Ad

2300 3765 2534 3825 mentem
2584 3768 2756 3822 sancti
2799 3765 2983 3838 Cyrilli
3041 3765 3542 3839 Hierosolymitani,
3594 3766 3883 3822 Catechesi

2301 3839 2741 3915 Mystagogica_tv
2769 3856 2781 3891 :
2811 3841 3190 3915 th‘l‘t’a‘ptaeait?
3223 3838 3306 3915 κᾳί
3328 3838 3721 3915 «ingeramus
3756 3842 3820 3900 ὥς
3855 3839 3885 3891 ὁ

2299 3906 2800 4000 ζάςςόμὶνὸςηξρτος
2974 3906 3129 3985 ἄρτος
3156 3911 3383 4000 ἕςτὶνᾳξ
3410 3906 3696 3999 aiat-grtias:
3727 3919 3887 3993 τρέτο

2303 3977 2559 4055 ἓούὶιραι,
2584 3977 2705 4055 ἆλλᾶ
2728 3981 2787 4055 ε.ςὸ
2805 3986 2959 4055 aditu:
2986 3977 3231 4055 ἡριστσῦ·
3255 3979 3387 4055 uarie
3405 3977 3698 4055 φαινόμςγρς
3728 3977 3883 4055 uiuos,

2302 4054 2394 4107 οὐκ
2416 4048 2569 4125 cinae,
2586 4051 2763 4125 signa!
2788 4051 2819 4108 ri
2852 4048 3042 4125 γξῦσιξ
3077 4058 3230 4107 τοῦτο
3271 4048 3561 4125 pssimi,"
3581 4051 3705 4125 ἀλλᾷ
3753 4052 3887 4125 stipat

2299 4124 2541 4198 Χριστοῦ.
2576 4120 2757 4177 Sciens
2785 4131 2833 4174 et
2860 4120 3014 4198 plane
3052 4120 3361 4198 gggnosc'ens
3400 4121 3559 4198 quod_
3582 4120 3887 4198 panisngui

2302 4190 2538 4261 apparet,
2568 4208 2669 4262 non
2700 4190 2979 4262 est‘panis,
3020 4190 3252 4262 qlaimvis
3280 4200 3460 4262 gustus
3485 4190 3638 4244 aliter
3667 4190 3882 4251 indicet,

2303 4259 2395 4316 sed
2412 4277 2599 4331 corpus
2616 4260 2743 4315 Iesu
2765 4259 2995 4325 Christi;
3016 4259 3063 4315 et
3084 4260 3257 4314 vinum
3279 4259 3415 4331 quod
3438 4270 3669 4331 apparet,
3678 4276 3792 4331 non
3808 4271 3885 4315 est

2305 4328 2510 4402 uinum,
2527 4333 2662 4402 quod
2688 4343 2868 4402 gustus
2908 4331 3128 4397 indicat,
3156 4331 3245 4385 sed
3272 4328 3489 4402 sanguis
3506 4328 3636 4402 Iesu
3663 4328 3884 4385 Christi.

2380 4414 2402 4442 ο
2452 4399 2613 4473 Panis
2633 4399 2765 4455 ξιῑιιά
2792 4402 3065 4473 vinumque
3093 4401 3316 4473 ﬁgurate
3364 4399 3560 4473 Christi
3607 4416 3797 4473 corpus
3838 4411 3887 4454 et

2305 4472 2518 4544 sanguis
2547 4472 2867 4544 existit,e_tc.
2898 4469 3012 4525 Non
3035 4474 3113 4524 ait
3137 4469 3463 4544 solummodo
3494 4470 3681 4544 essein
3702 4469 3889 4544 ﬁgura

2306 4539 2503 4615 corpus
2531 4553 2587 4597 et
2612 4542 2928 4615 sanguinem
2958 4556 3097 4604 esse,
3131 4540 3223 4615 sed
3248 4539 3578 4615 ﬁgurateLet
3607 4539 3717 4615 hoc
3749 4539 3892 4615 nihil

2306 4609 2449 4669 aliud
2488 4609 2755 4684 signiﬁcat
2795 4611 2898 4666 nisi
2931 4626 3053 4684 esse
3076 4610 3193 4665 vela
3219 4611 3464 4684 corporis
3490 4611 3712 4684 Christi.
3748 4609 3888 4684 Nam

638 4673 775 4738 inter
803 4696 863 4738 se
883 4679 1234 4753 Paschasium
1259 4673 1710 4753 etRatramnum.
1737 4673 1851 4753 imo
1873 4689 2058 4736 contra
2084 4697 2200 4753 om-
2225 4673 2278 4733 D
2305 4673 2600 4741 sccundu‘in
2636 4683 2984 4736 Ratramnum
3017 4682 3190 4753 ﬁgura
3212 4691 3267 4735 et
3288 4673 3463 4753 uelum
3491 4681 3630 4753 idem
3662 4680 3888 4753 omnino

638 4756 765 4810 nino
791 4753 1032 4808 diversos
1056 4750 1395 4822 adversarios
1417 4751 1717 4822 scripsisse.
1756 4750 2046 4808 Enimvero
2091 4752 2199 4806 Ra-
2308 4763 2522 4818 sonant,
2555 4761 2617 4808 ut
2640 4761 2788 4822 patet
2814 4750 3042 4807 numero
3062 4750 3131 4816 it,
3158 4750 3297 4821 quod
3341 4750 3490 4822 nulla
3537 4750 3633 4805 sub
3687 4752 3889 4822 ﬁgura,

640 4770 765 4810 uitio
791 4768 1032 4808 diversos
1056 4768 1395 4806 adversarios
1417 4768 1717 4819 scrupsrsse.
1756 4768 2046 4808 ntitmvero
2091 4768 2199 4806 na-
2308 4768 2522 4818 sonant,
2555 4768 2617 4808 ut
2676 4768 2788 4807 alet
2814 4768 3042 4807 numero
3071 4768 3131 4816 Il,
3158 4768 3296 4821 quoa
3341 4768 3490 4804 naua
3537 4768 3633 4805 suo
3687 4768 3889 4822 pgura,

640 4834 881 4894 tramnus
907 4836 1015 4894 eos
1032 4819 1247 4876 vellicat
1268 4820 1358 4894 qui
1390 4820 1588 4894 nullam
1618 4821 1671 4875 in
1712 4822 2037 4894 eucharistia
2066 4822 2199 4894 ﬁgu-
2309 4826 2456 4880 nulla
2483 4824 2577 4878 sub
2603 4768 2925 4894 orvelatione
2947 4823 3063 4890 ﬁat.
3092 4823 3157 4877 Et
3190 4835 3417 4894 numero
3445 4821 3499 4894 ὅ,
3527 4822 3755 4894 an__sine
3799 4839 3891 4876 cu-

641 4911 753 4974 ram
780 4892 1155 4974 admittebant,
1170 4898 1240 4974 _et
1268 4889 1591 4974 Paschasius
1617 4906 1712 4947 eos
1732 4892 1824 4974 qui
1861 4900 2047 4974 totum.
2078 4889 2200 4974 tisse
2299 4897 2598 4974 ianuaque
2627 4892 3155 4974 relationemgsterii.
3174 4889 3483 4974 ‘Numeron8
3513 4909 3526 4944 :
3560 4890 3729 4974 Nihil“
3750 4894 3889 4974 enim

641 4966 923 5035 ﬁguratum
953 4961 1315 5035 vindicabant.
1350 4961 1405 5016 Id
1431 4971 1580 5035 patet
1603 4976 1669 5035 ex
1714 4960 1829 5031 ejus
1865 4964 2202 5035 expositione
2299 4960 2391 5019 hic
2413 4960 2597 5035 ﬁguris
2623 4960 2978 5035 obvelantibus
3004 4961 3370 5035 adumbratur.
3422 4960 3657 5035 Numero
3699 4963 3733 5017 9
3769 4976 3802 5035 :_
3829 4961 3896 5018 Si

642 5031 701 5090 ili
753 5033 1064 5089 Matthteum
1125 5033 1219 5089 lib.
1304 5048 1380 5088 xu
1410 5072 1425 5097 ,
1495 5031 1647 5087 Unde
1707 5036 1871 5088 miror
1935 5031 2059 5103 quid
2112 5050 2199 5087 νε·
2309 5031 2624 5089 ειιὶνὸιήκιια
2651 5032 2747 5087 sub
2772 5033 2944 5104 ﬁgura
2969 5031 3443 5104 mysteriumjstud
3473 5031 3756 5102 peragitur,
3772 5031 3894 5102 jam

642 5105 735 5158 (int
801 5119 935 5158 nunc
990 5104 1203 5174 quidam
1252 5105 1464 5169 dicere,
1520 5119 1636 5174 non
1689 5105 1745 5158 in
1797 5121 1850 5157 re
1894 5101 2005 5159 esse
2062 5104 2199 5157 veri-
2312 5104 2613 5174 mysterium
2640 5119 2745 5158 non
2774 5101 2909 5157 recte
2946 5101 3224 5174 vocitatur.
3276 5101 3539 5174 Quoniam
3586 5101 3891 5174 mysterium

639 5185 796 5230 tatem
816 5189 988 5229 carnis
1003 5171 1205 5229 Christi
1230 5175 1308 5230 vel
1342 5172 1633 5244 sanguinis,
1671 5175 1762 5229 sed
1795 5174 1848 5227 in
1880 5184 2204 5245 sacramento
2308 5171 2413 5229 diei
2440 5189 2565 5245 non“
2597 5182 2799 5245 potest,
2839 5174 2906 5245 in
2946 5190 3049 5244 quo
3096 5171 3226 5227 nihil
3267 5184 3340 5245 est
3368 5171 3655 5245 abditam,
3694 5171 3824 5227 nihil
3863 5190 3896 5226 α

641 5246 878 5299 virtutem
914 5245 1116 5310 carnis,
1144 5255 1191 5298 et
1222 5262 1326 5301 non
1352 5243 1595 5309 carnem;
1634 5245 1873 5316 virtutem
1915 5244 2204 5314 sanguinis,
2311 5243 2667 5316 corporalibus
2688 5243 2922 5301 sensibus
2951 5243 3203 5299 remotam
3222 5284 3235 5308 ,
3266 5243 3395 5298 nihil
3430 5243 3680 5299 velamine
3714 5255 3894 5297 conte-

642 5326 688 5371 et
715 5332 818 5386 non
848 5316 1187 5386 sanguinem;
1210 5315 1468 5386 ﬁguram,
1492 5325 1540 5386 et
1575 5332 1679 5371 non
1707 5315 1992 5386 veritatem.
2100 5385 2138 5386 π
2311 5315 2471 5386 ctum,
3568 5345 3589 5386 ς

715 5386 742 5427 b
782 5382 1109 5457 Panis'quod
1135 5382 1448 5457 ante'fnerat
1477 5385 1645 5455 forma
1682 5385 2040 5456 prtrtenditur.
2096 5385 2210 5458 Hoc
2381 5386 2407 5427 ἀ
2446 5385 2549 5443 Sed
2595 5397 2763 5443 totum
2804 5386 2860 5441 in
2908 5386 3123 5458 ueritate
3167 5386 3539 5458 conspiciatur.
3567 5382 3622 5439 id
3650 5391 3764 5458 est,
3797 5385 3898 5458 sed

643 5454 993 5531 probatApost'
1034 5454 1494 5531 consecrationem
1542 5454 1733 5526 panem
1780 5471 1883 5531 non
1933 5470 2070 5531 esse,
2115 5455 2210 5512 sed
2317 5468 2489 5514 totum
2531 5458 2677 5529 quod
2715 5457 3051 5531 conspicitur
3073 5459 3144 5531 sit
3171 5454 3302 5531 ipsa
3318 5456 3521 5512 veritas
3552 5455 3661 5531 :“ad
3685 5454 3898 5531 signiﬁ-

646 5525 815 5584 solum
837 5525 1088 5595 formam,
1116 5528 1351 5585 colorem
1377 5536 1432 5582 ct
1455 5525 1669 5598 gustum
1692 5526 1846 5598 panis
1873 5528 1964 5594 qui
1996 5527 2169 5583 furni
2195 5544 2208 5583 :
2316 5525 2634 5586 randum-et
2655 5538 2825 5583 totum
2853 5525 2998 5598 quod
3022 5528 3094 5584 ibi
3129 5525 3345 5582 videtur
3383 5536 3440 5581 et
3465 5526 3638 5581 oculis
3679 5525 3902 5596 subjici-

648 5599 889 5675 adeoque
928 5599 1053 5675 jam
1098 5615 1226 5675 non_
1255 5596 1523 5675 superest,
1564 5598 1657 5654 sed
1708 5596 1823 5675 ejus
1864 5597 1995 5675 loco
2016 5614 2214 5675 corpus
2319 5601 2527 5675 tur,_sit
2560 5614 2745 5654 revera
2773 5596 2945 5675 totum
2971 5600 3115 5668 quod
3146 5599 3218 5654 ibi
3244 5607 3345 5655 est.
3382 5598 3572 5675 Qualis
3610 5606 3726 5675 erat
3774 5611 3903 5675 sen-

906 5666 969 5723 A't
995 5668 1081 5725 ille
1104 5668 1253 5749 panis
1282 5666 1369 5749 qui
1409 5683 1501 5749 per
1534 5666 1818 5749 sacerdotis
1869 5666 2213 5749 ministerium
2319 5671 2489 5749 tentia
2513 5685 2702 5749 eorum
2733 5684 2871 5739 quos
2890 5666 3240 5749 .Ratramnus
3269 5667 3549 5749 confutet,
3579 5666 3903 5749 quimullam

648 5737 840 5797 Christi
890 5756 1075 5813 corpus
1107 5737 1403 5813 ron/icitur.
1453 5739 1638 5813 inquit
1671 5740 1771 5813 iste
1814 5749 2002 5796 auctor
2027 5742 2217 5797 eodem
2318 5756 2418 5798 ceu
2458 5742 2513 5797 in
2556 5742 2657 5797 hoc
2682 5737 2941 5813 mysterio
2971 5742 3073 5796 sibi
3102 5741 3501 5811 persuadebunt
3524 5737 3645 5795 esse
3669 5737 3903 5810 ﬁguram

650 5826 892 5871 numero,
940 5806 992 5863 et
1047 5806 1269 5864 inferius
1309 5806 1539 5883 numero
1577 5809 1644 5863 28
1670 5829 1685 5883 :7
1713 5809 1859 5864 Sicut
1899 5827 2020 5883 ergo
2061 5813 2218 5881 paulo
2323 5828 2417 5869 seu
2447 5806 2833 5868 velamentum.

651 5889 925 5949 antequam
954 5888 1233 5947 pateretur,
1258 5880 1407 5947 panis
1434 5881 1775 5934 substantiam
1806 5893 1850 5936 ct
1881 5880 1982 5936 riui
2012 5880 2093 5937 (re
2116 5894 2217 5937 tttt-
2399 5893 2422 5922 ⁸
2465 5883 2728 5953 Quoniam
2782 5884 3063 5949 levandum
3105 5892 3369 5936 veritatem
3412 5884 3606 5953 species
3649 5890 3905 5935 creatum

635 4337 866 4384 tronum.

748 4412 914 4454 ensus
963 4395 1127 4468 igitur
1170 4395 1453 4451 Ratramni
1496 4397 1564 4452 ab
1606 4395 1862 4468 Ecclesiae
1896 4410 2058 4452 sensu
2094 4413 2204 4455 non

637 4468 834 4533 differt,
859 4467 1331 4539 quaealiquantam
1360 4467 1697 4539 recognoscit
1718 4468 1972 4539 ﬁguram,
2002 4476 2065 4539 ut
2086 4468 2205 4539 ipse

638 4537 956 4597 Paschasius
983 4537 1062 4592 ait
1085 4538 1203 4593 loco
1234 4538 1400 4592 citato
1436 4546 1493 4594 et
1527 4540 1580 4593 in
1632 4537 1868 4608 Epistola
1918 4539 1984 4593 ad
2026 4537 2204 4595 Frud-

636 4614 913 4684 gartlum._
929 4607 1138 4684 Ex_his
1191 4610 1539 4684 consequitur
1576 4607 1689 4665 non
1713 4608 2053 4684 depraaliatos
2078 4625 2199 4666 esse
