  <div class='ocr_page' id='page_1' title='image "/cluster/home/n/w/nwhite01/storage/ocr_20150623/121/hvd.32044015471642/072.png"; bbox 0 0 4088 6344; ppageno 0'>
   <div class='ocr_carea' id='block_1_1' title="bbox 264 403 362 467">
    <p class='ocr_par' dir='ltr' id='par_1_1' title="bbox 264 403 362 467">
     <span class='ocr_line' id='line_1_1' title="bbox 264 403 362 467; baseline 0.02 -2"><span class='ocrx_word' id='word_1_1' title='bbox 264 403 362 467; x_wconf 74' lang='grc'><strong>153</strong></span> 
     </span>
    </p>
   </div>
   <div class='ocr_carea' id='block_1_2' title="bbox 1253 372 2540 461">
    <p class='ocr_par' dir='ltr' id='par_1_2' title="bbox 1253 372 2540 461">
     <span class='ocr_line' id='line_1_2' title="bbox 1253 372 2540 461; baseline -0.006 0"><span class='ocrx_word' id='word_1_2' title='bbox 1253 404 1340 461; x_wconf 77' lang='lat' dir='ltr'><strong>ne</strong></span> <span class='ocrx_word' id='word_1_3' title='bbox 1377 372 1697 461; x_wconf 70' lang='lat' dir='ltr'><strong>CORPORIS</strong></span> <span class='ocrx_word' id='word_1_4' title='bbox 1734 400 1823 456; x_wconf 73' lang='lat' dir='ltr'><strong>er</strong></span> <span class='ocrx_word' id='word_1_5' title='bbox 1864 377 2213 457; x_wconf 75' lang='lat' dir='ltr'><strong>SANGUINE</strong></span> <span class='ocrx_word' id='word_1_6' title='bbox 2250 385 2540 456; x_wconf 73' lang='lat' dir='ltr'><strong>noutut.‘</strong></span> 
     </span>
    </p>
   </div>
   <div class='ocr_carea' id='block_1_3' title="bbox 3424 396 3524 456">
    <p class='ocr_par' dir='ltr' id='par_1_3' title="bbox 3424 396 3524 456">
     <span class='ocr_line' id='line_1_3' title="bbox 3424 396 3524 456; baseline -0.02 0"><span class='ocrx_word' id='word_1_7' title='bbox 3424 396 3524 456; x_wconf 70' lang='grc' dir='ltr'><strong>ιδι</strong></span> 
     </span>
    </p>
   </div>
   <div class='ocr_carea' id='block_1_4' title="bbox 260 507 3527 597">
    <p class='ocr_par' dir='ltr' id='par_1_4' title="bbox 260 507 3527 597">
     <span class='ocr_line' id='line_1_4' title="bbox 260 507 3527 597; baseline -0.005 -15"><span class='ocrx_word' id='word_1_8' title='bbox 260 529 546 586; x_wconf 70' lang='lat' dir='ltr'><strong>veritatem</strong></span> <span class='ocrx_word' id='word_1_9' title='bbox 587 526 797 597; x_wconf 82' lang='lat' dir='ltr'><strong>species</strong></span> <span class='ocrx_word' id='word_1_10' title='bbox 843 534 1129 591; x_wconf 69' lang='lat' dir='ltr'><strong>creaturae,</strong></span> <span class='ocrx_word' id='word_1_11' title='bbox 1176 538 1296 594; x_wconf 85' lang='lat' dir='ltr'><strong>quae</strong></span> <span class='ocrx_word' id='word_1_12' title='bbox 1325 518 1502 577; x_wconf 78' lang='lat' dir='ltr'><strong>fuerat</strong></span> <span class='ocrx_word' id='word_1_13' title='bbox 1533 525 1687 585; x_wconf 83' lang='lat' dir='ltr'><strong>ante,</strong></span> <span class='ocrx_word' id='word_1_14' title='bbox 1716 530 1841 587; x_wconf 89' lang='lat' dir='ltr'><strong>per-</strong></span> <span class='ocrx_word' id='word_1_15' title='bbox 1872 512 2078 576; x_wconf 81' lang='lat' dir='ltr'><strong>Anibil</strong></span> <span class='ocrx_word' id='word_1_16' title='bbox 2108 513 2523 583; x_wconf 76' lang='lat' dir='ltr'><strong>permutationis</strong></span> <span class='ocrx_word' id='word_1_17' title='bbox 2552 510 2897 582; x_wconf 77' lang='lat' dir='ltr'><strong>pertulerint,</strong></span> <span class='ocrx_word' id='word_1_18' title='bbox 2931 507 3068 567; x_wconf 88' lang='lat' dir='ltr'><strong>nihil</strong></span> <span class='ocrx_word' id='word_1_19' title='bbox 3095 508 3242 566; x_wconf 83' lang='lat' dir='ltr'><strong>aliud</strong></span> <span class='ocrx_word' id='word_1_20' title='bbox 3284 510 3527 567; x_wconf 79' lang='lat' dir='ltr'><strong>existunt</strong></span> 
     </span>
    </p>
   </div>
   <div class='ocr_carea' id='block_1_5' title="bbox 259 619 920 691">
    <p class='ocr_par' dir='ltr' id='par_1_5' title="bbox 259 619 920 691">
     <span class='ocr_line' id='line_1_5' title="bbox 259 619 920 691; baseline -0.008 -13"><span class='ocrx_word' id='word_1_21' title='bbox 259 622 525 679; x_wconf 73' lang='lat' dir='ltr'><strong>nubsisse</strong></span> <span class='ocrx_word' id='word_1_22' title='bbox 562 619 920 691; x_wconf 90' lang='lat' dir='ltr'><strong>cognoscitur.</strong></span> 
     </span>
    </p>
   </div>
   <div class='ocr_carea' id='block_1_6' title="bbox 324 748 1844 825">
    <p class='ocr_par' dir='ltr' id='par_1_6' title="bbox 324 748 1844 825">
     <span class='ocr_line' id='line_1_6' title="bbox 324 748 1844 825; baseline -0.009 -12"><span class='ocrx_word' id='word_1_23' title='bbox 324 755 465 814; x_wconf 75' lang='lat' dir='ltr'><strong>XIII.</strong></span> <span class='ocrx_word' id='word_1_24' title='bbox 507 756 640 812; x_wconf 88' lang='lat' dir='ltr'><strong>ltem</strong></span> <span class='ocrx_word' id='word_1_25' title='bbox 663 755 752 810; x_wconf 87' lang='lat' dir='ltr'><strong>illa</strong></span> <span class='ocrx_word' id='word_1_26' title='bbox 784 753 1110 825; x_wconf 79' lang='lat' dir='ltr'><strong>permutatio</strong></span> <span class='ocrx_word' id='word_1_27' title='bbox 1141 766 1263 823; x_wconf 75' lang='lat' dir='ltr'><strong>qua:</strong></span> <span class='ocrx_word' id='word_1_28' title='bbox 1292 750 1355 806; x_wconf 88' lang='lat' dir='ltr'><strong>fit</strong></span> <span class='ocrx_word' id='word_1_29' title='bbox 1382 765 1451 805; x_wconf 75' lang='lat' dir='ltr'><strong>es</strong></span> <span class='ocrx_word' id='word_1_30' title='bbox 1491 764 1558 805; x_wconf 88' lang='lat' dir='ltr'><strong>eo</strong></span> <span class='ocrx_word' id='word_1_31' title='bbox 1585 748 1727 819; x_wconf 91' lang='lat' dir='ltr'><strong>quod</strong></span> <span class='ocrx_word' id='word_1_32' title='bbox 1758 755 1844 801; x_wconf 87' lang='lat' dir='ltr'><strong>est</strong></span> 
     </span>
    </p>
   </div>
   <div class='ocr_carea' id='block_1_7' title="bbox 255 838 1844 921">
    <p class='ocr_par' dir='ltr' id='par_1_7' title="bbox 255 838 1844 921">
     <span class='ocr_line' id='line_1_7' title="bbox 255 838 1844 921; baseline -0.009 -14"><span class='ocrx_word' id='word_1_33' title='bbox 255 851 313 907; x_wconf 82' lang='lat' dir='ltr'><strong>in</strong></span> <span class='ocrx_word' id='word_1_34' title='bbox 338 864 408 906; x_wconf 88' lang='lat' dir='ltr'><strong>eo</strong></span> <span class='ocrx_word' id='word_1_35' title='bbox 428 850 581 921; x_wconf 83' lang='lat' dir='ltr'><strong>quod</strong></span> <span class='ocrx_word' id='word_1_36' title='bbox 616 857 720 913; x_wconf 87' lang='lat' dir='ltr'><strong>est,</strong></span> <span class='ocrx_word' id='word_1_37' title='bbox 749 863 868 916; x_wconf 68' lang='lat' dir='ltr'><strong>qua:</strong></span> <span class='ocrx_word' id='word_1_38' title='bbox 911 845 1241 916; x_wconf 83' lang='lat' dir='ltr'><strong>perspicitur</strong></span> <span class='ocrx_word' id='word_1_39' title='bbox 1273 844 1328 898; x_wconf 92' lang='lat' dir='ltr'><strong>in</strong></span> <span class='ocrx_word' id='word_1_40' title='bbox 1377 840 1537 898; x_wconf 83' lang='lat' dir='ltr'><strong>rebus</strong></span> <span class='ocrx_word' id='word_1_41' title='bbox 1564 838 1844 910; x_wconf 88' lang='lat' dir='ltr'><strong>qualitatis</strong></span> 
     </span>
    </p>
   </div>
   <div class='ocr_carea' id='block_1_8' title="bbox 256 937 1844 1014">
    <p class='ocr_par' dir='ltr' id='par_1_8' title="bbox 256 937 1844 1014">
     <span class='ocr_line' id='line_1_8' title="bbox 256 937 1844 1014; baseline -0.005 -15"><span class='ocrx_word' id='word_1_42' title='bbox 256 946 582 1002; x_wconf 73' lang='lat' dir='ltr'><strong>varietatem</strong></span> <span class='ocrx_word' id='word_1_43' title='bbox 625 943 989 1014; x_wconf 79' lang='lat' dir='ltr'><strong>patientibus;</strong></span> <span class='ocrx_word' id='word_1_44' title='bbox 1032 941 1183 996; x_wconf 82' lang='lat' dir='ltr'><strong>verbi</strong></span> <span class='ocrx_word' id='word_1_45' title='bbox 1226 940 1421 1011; x_wconf 88' lang='lat' dir='ltr'><strong>gratia,</strong></span> <span class='ocrx_word' id='word_1_46' title='bbox 1459 938 1674 1008; x_wconf 82' lang='lat' dir='ltr'><strong>quando</strong></span> <span class='ocrx_word' id='word_1_47' title='bbox 1700 937 1844 1006; x_wconf 89' lang='lat' dir='ltr'><strong>quod</strong></span> 
     </span>
    </p>
   </div>
   <div class='ocr_carea' id='block_1_9' title="bbox 256 1030 1845 1111">
    <p class='ocr_par' dir='ltr' id='par_1_9' title="bbox 256 1030 1845 1111">
     <span class='ocr_line' id='line_1_9' title="bbox 256 1030 1845 1111; baseline -0.008 -15"><span class='ocrx_word' id='word_1_48' title='bbox 256 1047 383 1096; x_wconf 82' lang='lat' dir='ltr'><strong>ante</strong></span> <span class='ocrx_word' id='word_1_49' title='bbox 408 1039 625 1111; x_wconf 83' lang='lat' dir='ltr'><strong>nigrum</strong></span> <span class='ocrx_word' id='word_1_50' title='bbox 678 1037 856 1091; x_wconf 79' lang='lat' dir='ltr'><strong>fuerat</strong></span> <span class='ocrx_word' id='word_1_51' title='bbox 886 1036 939 1091; x_wconf 90' lang='lat' dir='ltr'><strong>in</strong></span> <span class='ocrx_word' id='word_1_52' title='bbox 983 1035 1165 1089; x_wconf 86' lang='lat' dir='ltr'><strong>album</strong></span> <span class='ocrx_word' id='word_1_53' title='bbox 1212 1034 1560 1097; x_wconf 88' lang='lat' dir='ltr'><strong>demutatur;</strong></span> <span class='ocrx_word' id='word_1_54' title='bbox 1607 1046 1708 1088; x_wconf 90' lang='lat' dir='ltr'><strong>nec</strong></span> <span class='ocrx_word' id='word_1_55' title='bbox 1756 1030 1845 1086; x_wconf 88' lang='lat' dir='ltr'><strong>hic</strong></span> 
     </span>
    </p>
   </div>
   <div class='ocr_carea' id='block_1_10' title="bbox 256 1120 1844 1199">
    <p class='ocr_par' dir='ltr' id='par_1_10' title="bbox 256 1120 1844 1199">
     <span class='ocr_line' id='line_1_10' title="bbox 256 1120 1844 1199; baseline -0.007 -14"><span class='ocrx_word' id='word_1_56' title='bbox 256 1131 401 1185; x_wconf 80' lang='lat' dir='ltr'><strong>facta</strong></span> <span class='ocrx_word' id='word_1_57' title='bbox 430 1144 557 1184; x_wconf 86' lang='lat' dir='ltr'><strong>esse</strong></span> <span class='ocrx_word' id='word_1_58' title='bbox 577 1128 924 1199; x_wconf 80' lang='lat' dir='ltr'><strong>cognoscitur</strong></span> <span class='ocrx_word' id='word_1_59' title='bbox 954 1141 970 1179; x_wconf 87' lang='lat'><strong>:</strong></span> <span class='ocrx_word' id='word_1_60' title='bbox 995 1124 1129 1181; x_wconf 88' lang='lat' dir='ltr'><strong>nihil</strong></span> <span class='ocrx_word' id='word_1_61' title='bbox 1153 1125 1298 1180; x_wconf 87' lang='lat' dir='ltr'><strong>enim</strong></span> <span class='ocrx_word' id='word_1_62' title='bbox 1330 1124 1420 1179; x_wconf 90' lang='lat' dir='ltr'><strong>hic</strong></span> <span class='ocrx_word' id='word_1_63' title='bbox 1452 1123 1534 1179; x_wconf 87' lang='lat' dir='ltr'><strong>vel</strong></span> <span class='ocrx_word' id='word_1_64' title='bbox 1567 1130 1733 1186; x_wconf 89' lang='lat' dir='ltr'><strong>tactu,</strong></span> <span class='ocrx_word' id='word_1_65' title='bbox 1757 1120 1844 1178; x_wconf 85' lang='lat' dir='ltr'><strong>vel</strong></span> 
     </span>
    </p>
   </div>
   <div class='ocr_carea' id='block_1_11' title="bbox 255 1213 1839 1288">
    <p class='ocr_par' dir='ltr' id='par_1_11' title="bbox 255 1213 1839 1288">
     <span class='ocr_line' id='line_1_11' title="bbox 255 1213 1839 1288; baseline -0.006 -12"><span class='ocrx_word' id='word_1_66' title='bbox 255 1221 463 1283; x_wconf 86' lang='lat' dir='ltr'><strong>colore,</strong></span> <span class='ocrx_word' id='word_1_67' title='bbox 494 1218 578 1273; x_wconf 81' lang='lat' dir='ltr'><strong>vel</strong></span> <span class='ocrx_word' id='word_1_68' title='bbox 614 1231 806 1288; x_wconf 68' lang='lat' dir='ltr'><strong>sapore</strong></span> <span class='ocrx_word' id='word_1_69' title='bbox 833 1222 1201 1288; x_wconf 85' lang='lat' dir='ltr'><strong>permutatum</strong></span> <span class='ocrx_word' id='word_1_70' title='bbox 1241 1229 1360 1270; x_wconf 90' lang='lat' dir='ltr'><strong>esse</strong></span> <span class='ocrx_word' id='word_1_71' title='bbox 1398 1213 1839 1284; x_wconf 81' lang='lat' dir='ltr'><strong>deprehenditur.</strong></span> 
     </span>
    </p>
   </div>
   <div class='ocr_carea' id='block_1_12' title="bbox 256 1304 1843 1379">
    <p class='ocr_par' dir='ltr' id='par_1_12' title="bbox 256 1304 1843 1379">
     <span class='ocr_line' id='line_1_12' title="bbox 256 1304 1843 1379; baseline -0.004 -14"><span class='ocrx_word' id='word_1_72' title='bbox 256 1310 313 1365; x_wconf 76' lang='lat' dir='ltr'><strong>Si</strong></span> <span class='ocrx_word' id='word_1_73' title='bbox 342 1324 479 1379; x_wconf 87' lang='lat' dir='ltr'><strong>ergo</strong></span> <span class='ocrx_word' id='word_1_74' title='bbox 501 1308 635 1363; x_wconf 92' lang='lat' dir='ltr'><strong>nihil</strong></span> <span class='ocrx_word' id='word_1_75' title='bbox 658 1316 742 1362; x_wconf 90' lang='lat' dir='ltr'><strong>est</strong></span> <span class='ocrx_word' id='word_1_76' title='bbox 763 1307 853 1362; x_wconf 91' lang='lat' dir='ltr'><strong>hic</strong></span> <span class='ocrx_word' id='word_1_77' title='bbox 875 1313 1264 1375; x_wconf 86' lang='lat' dir='ltr'><strong>permutatum.</strong></span> <span class='ocrx_word' id='word_1_78' title='bbox 1288 1319 1393 1360; x_wconf 90' lang='lat' dir='ltr'><strong>non</strong></span> <span class='ocrx_word' id='word_1_79' title='bbox 1417 1304 1657 1360; x_wconf 88' lang='lat' dir='ltr'><strong>estaliud</strong></span> <span class='ocrx_word' id='word_1_80' title='bbox 1681 1318 1843 1373; x_wconf 88' lang='lat' dir='ltr'><strong>quam</strong></span> 
     </span>
    </p>
   </div>
   <div class='ocr_carea' id='block_1_13' title="bbox 255 1395 1843 1468">
    <p class='ocr_par' dir='ltr' id='par_1_13' title="bbox 255 1395 1843 1468">
     <span class='ocr_line' id='line_1_13' title="bbox 255 1395 1843 1468; baseline -0.006 -11"><span class='ocrx_word' id='word_1_81' title='bbox 255 1411 386 1457; x_wconf 86' lang='lat' dir='ltr'><strong>ante</strong></span> <span class='ocrx_word' id='word_1_82' title='bbox 412 1402 534 1457; x_wconf 81' lang='lat' dir='ltr'><strong>fuit.</strong></span> <span class='ocrx_word' id='word_1_83' title='bbox 560 1401 655 1455; x_wconf 82' lang='lat' dir='ltr'><strong>Est</strong></span> <span class='ocrx_word' id='word_1_84' title='bbox 678 1408 858 1453; x_wconf 87' lang='lat' dir='ltr'><strong>autem</strong></span> <span class='ocrx_word' id='word_1_85' title='bbox 883 1397 1051 1462; x_wconf 82' lang='lat' dir='ltr'><strong>aliud,</strong></span> <span class='ocrx_word' id='word_1_86' title='bbox 1074 1395 1329 1468; x_wconf 88' lang='lat' dir='ltr'><strong>quoniam</strong></span> <span class='ocrx_word' id='word_1_87' title='bbox 1355 1396 1510 1466; x_wconf 88' lang='lat' dir='ltr'><strong>panis</strong></span> <span class='ocrx_word' id='word_1_88' title='bbox 1537 1410 1760 1463; x_wconf 90' lang='lat' dir='ltr'><strong>corpus,</strong></span> <span class='ocrx_word' id='word_1_89' title='bbox 1788 1401 1843 1449; x_wconf 91' lang='lat' dir='ltr'><strong>et</strong></span> 
     </span>
    </p>
   </div>
   <div class='ocr_carea' id='block_1_14' title="bbox 164 1485 1843 1562">
    <p class='ocr_par' dir='ltr' id='par_1_14' title="bbox 164 1485 1843 1562">
     <span class='ocr_line' id='line_1_14' title="bbox 164 1485 1843 1562; baseline -0.005 -14"><span class='ocrx_word' id='word_1_90' title='bbox 164 1525 178 1536; x_wconf 75' lang='grc' dir='ltr'><em>ο</em></span> <span class='ocrx_word' id='word_1_91' title='bbox 253 1494 445 1547; x_wconf 76' lang='lat' dir='ltr'><strong>vinum</strong></span> <span class='ocrx_word' id='word_1_92' title='bbox 495 1491 719 1562; x_wconf 82' lang='lat' dir='ltr'><strong>sanguis</strong></span> <span class='ocrx_word' id='word_1_93' title='bbox 763 1488 965 1545; x_wconf 83' lang='lat' dir='ltr'><strong>Christi</strong></span> <span class='ocrx_word' id='word_1_94' title='bbox 1008 1487 1150 1543; x_wconf 86' lang='lat' dir='ltr'><strong>facta</strong></span> <span class='ocrx_word' id='word_1_95' title='bbox 1204 1495 1349 1544; x_wconf 86' lang='lat' dir='ltr'><strong>sunt.</strong></span> <span class='ocrx_word' id='word_1_96' title='bbox 1401 1485 1494 1542; x_wconf 90' lang='lat' dir='ltr'><strong>Sic</strong></span> <span class='ocrx_word' id='word_1_97' title='bbox 1538 1486 1683 1541; x_wconf 90' lang='lat' dir='ltr'><strong>enim</strong></span> <span class='ocrx_word' id='word_1_98' title='bbox 1728 1485 1843 1555; x_wconf 86' lang='lat' dir='ltr'><strong>ipse</strong></span> 
     </span>
    </p>
   </div>
   <div class='ocr_carea' id='block_1_15' title="bbox 254 1579 1842 1653">
    <p class='ocr_par' dir='ltr' id='par_1_15' title="bbox 254 1579 1842 1653">
     <span class='ocr_line' id='line_1_15' title="bbox 254 1579 1842 1653; baseline -0.005 -14"><span class='ocrx_word' id='word_1_99' title='bbox 254 1585 435 1639; x_wconf 84' lang='lat' dir='ltr'><strong>dicit:</strong></span> <span class='ocrx_word' id='word_1_100' title='bbox 484 1581 715 1653; x_wconf 74' lang='lat' dir='ltr'><strong>Accipite</strong></span> <span class='ocrx_word' id='word_1_101' title='bbox 751 1590 799 1636; x_wconf 88' lang='lat' dir='ltr'><strong>et</strong></span> <span class='ocrx_word' id='word_1_102' title='bbox 843 1579 1098 1635; x_wconf 86' lang='lat' dir='ltr'><strong>comedite</strong></span> <span class='ocrx_word' id='word_1_103' title='bbox 1119 1596 1138 1634; x_wconf 89' lang='lat'><strong><em>:</em></strong></span> <span class='ocrx_word' id='word_1_104' title='bbox 1182 1579 1278 1633; x_wconf 75' lang='lat' dir='ltr'><strong>hoc</strong></span> <span class='ocrx_word' id='word_1_105' title='bbox 1319 1588 1394 1633; x_wconf 88' lang='lat' dir='ltr'><strong>est</strong></span> <span class='ocrx_word' id='word_1_106' title='bbox 1437 1594 1624 1648; x_wconf 82' lang='lat' dir='ltr'><strong>corpus</strong></span> <span class='ocrx_word' id='word_1_107' title='bbox 1667 1594 1842 1633; x_wconf 87' lang='lat' dir='ltr'><strong>meum</strong></span> 
     </span>
    </p>
   </div>
   <div class='ocr_carea' id='block_1_16' title="bbox 254 1670 1838 1745">
    <p class='ocr_par' dir='ltr' id='par_1_16' title="bbox 254 1670 1838 1745">
     <span class='ocr_line' id='line_1_16' title="bbox 254 1670 1838 1745; baseline -0.002 -16"><span class='ocrx_word' id='word_1_108' title='bbox 254 1675 479 1745; x_wconf 70' lang='lat' dir='ltr'><strong>(lauti.</strong></span> <span class='ocrx_word' id='word_1_109' title='bbox 498 1688 652 1736; x_wconf 78' lang='lat' dir='ltr'><strong>xxvi,</strong></span> <span class='ocrx_word' id='word_1_110' title='bbox 666 1672 781 1744; x_wconf 70' lang='lat'><strong>26).</strong></span> <span class='ocrx_word' id='word_1_111' title='bbox 805 1671 1069 1727; x_wconf 86' lang='lat' dir='ltr'><strong>Similiter</strong></span> <span class='ocrx_word' id='word_1_112' title='bbox 1081 1680 1138 1726; x_wconf 90' lang='lat' dir='ltr'><strong>et</strong></span> <span class='ocrx_word' id='word_1_113' title='bbox 1154 1671 1221 1726; x_wconf 91' lang='lat' dir='ltr'><strong>de</strong></span> <span class='ocrx_word' id='word_1_114' title='bbox 1243 1670 1410 1726; x_wconf 83' lang='lat' dir='ltr'><strong>calice</strong></span> <span class='ocrx_word' id='word_1_115' title='bbox 1434 1670 1657 1739; x_wconf 88' lang='lat' dir='ltr'><strong>loquens</strong></span> <span class='ocrx_word' id='word_1_116' title='bbox 1678 1670 1838 1726; x_wconf 85' lang='lat' dir='ltr'><strong>dicit:</strong></span> 
     </span>
    </p>
   </div>
   <div class='ocr_carea' id='block_1_17' title="bbox 253 1760 1839 1835">
    <p class='ocr_par' dir='ltr' id='par_1_17' title="bbox 253 1760 1839 1835">
     <span class='ocr_line' id='line_1_17' title="bbox 253 1760 1839 1835; baseline -0.003 -15"><span class='ocrx_word' id='word_1_117' title='bbox 253 1767 491 1835; x_wconf 79' lang='lat' dir='ltr'><strong>Accipite</strong></span> <span class='ocrx_word' id='word_1_118' title='bbox 531 1774 580 1821; x_wconf 85' lang='lat' dir='ltr'><strong>et</strong></span> <span class='ocrx_word' id='word_1_119' title='bbox 609 1765 763 1819; x_wconf 80' lang='lat' dir='ltr'><strong>bibite</strong></span> <span class='ocrx_word' id='word_1_120' title='bbox 782 1777 801 1816; x_wconf 90' lang='lat'><strong><em>:</em></strong></span> <span class='ocrx_word' id='word_1_121' title='bbox 831 1764 915 1819; x_wconf 78' lang='lat' dir='ltr'><strong>hic</strong></span> <span class='ocrx_word' id='word_1_122' title='bbox 945 1771 1019 1818; x_wconf 88' lang='lat' dir='ltr'><strong>est</strong></span> <span class='ocrx_word' id='word_1_123' title='bbox 1067 1762 1285 1833; x_wconf 75' lang='lat' dir='ltr'><strong>sanguis</strong></span> <span class='ocrx_word' id='word_1_124' title='bbox 1316 1760 1453 1817; x_wconf 88' lang='lat' dir='ltr'><strong>Novi</strong></span> <span class='ocrx_word' id='word_1_125' title='bbox 1498 1760 1839 1827; x_wconf 85' lang='lat' dir='ltr'><strong>Testamenti,</strong></span> 
     </span>
    </p>
   </div>
   <div class='ocr_carea' id='block_1_18' title="bbox 249 1854 1408 1930">
    <p class='ocr_par' dir='ltr' id='par_1_18' title="bbox 249 1854 1408 1930">
     <span class='ocr_line' id='line_1_18' title="bbox 249 1854 1408 1930; baseline -0.004 -18"><span class='ocrx_word' id='word_1_126' title='bbox 249 1859 341 1930; x_wconf 81' lang='lat' dir='ltr'><strong>qui</strong></span> <span class='ocrx_word' id='word_1_127' title='bbox 363 1874 459 1929; x_wconf 86' lang='lat' dir='ltr'><strong>pro</strong></span> <span class='ocrx_word' id='word_1_128' title='bbox 485 1858 627 1913; x_wconf 75' lang='lat' dir='ltr'><strong>vobis</strong></span> <span class='ocrx_word' id='word_1_129' title='bbox 653 1856 905 1927; x_wconf 70' lang='lat' dir='ltr'><strong>[nudetur</strong></span> <span class='ocrx_word' id='word_1_130' title='bbox 930 1854 1126 1926; x_wconf 67' lang='lat' dir='ltr'><strong>(Marc.</strong></span> <span class='ocrx_word' id='word_1_131' title='bbox 1155 1871 1267 1920; x_wconf 77' lang='lat' dir='ltr'><strong>xw,</strong></span> <span class='ocrx_word' id='word_1_132' title='bbox 1293 1854 1408 1926; x_wconf 69' lang='lat'><strong>24).</strong></span> 
     </span>
    </p>
   </div>
   <div class='ocr_carea' id='block_1_19' title="bbox 325 1988 1839 2065">
    <p class='ocr_par' dir='ltr' id='par_1_19' title="bbox 325 1988 1839 2065">
     <span class='ocr_line' id='line_1_19' title="bbox 325 1988 1839 2065; baseline -0.005 -15"><span class='ocrx_word' id='word_1_133' title='bbox 325 1995 466 2052; x_wconf 81' lang='lat' dir='ltr'><strong>XIV.</strong></span> <span class='ocrx_word' id='word_1_134' title='bbox 508 1995 865 2063; x_wconf 81' lang='lat' dir='ltr'><strong>Quaerendum</strong></span> <span class='ocrx_word' id='word_1_135' title='bbox 894 2009 1024 2065; x_wconf 87' lang='lat' dir='ltr'><strong>ergo</strong></span> <span class='ocrx_word' id='word_1_136' title='bbox 1048 1999 1132 2049; x_wconf 89' lang='lat' dir='ltr'><strong>est</strong></span> <span class='ocrx_word' id='word_1_137' title='bbox 1160 1992 1227 2047; x_wconf 91' lang='lat' dir='ltr'><strong>ab</strong></span> <span class='ocrx_word' id='word_1_138' title='bbox 1254 1991 1334 2046; x_wconf 90' lang='lat' dir='ltr'><strong>eis</strong></span> <span class='ocrx_word' id='word_1_139' title='bbox 1373 1989 1461 2061; x_wconf 89' lang='lat' dir='ltr'><strong>qui</strong></span> <span class='ocrx_word' id='word_1_140' title='bbox 1504 1988 1636 2044; x_wconf 84' lang='lat' dir='ltr'><strong>nihil</strong></span> <span class='ocrx_word' id='word_1_141' title='bbox 1662 1989 1750 2045; x_wconf 91' lang='lat' dir='ltr'><strong>hic</strong></span> <span class='ocrx_word' id='word_1_142' title='bbox 1778 1988 1839 2043; x_wconf 86' lang='lat' dir='ltr'><strong>fi-</strong></span> 
     </span>
    </p>
   </div>
   <div class='ocr_carea' id='block_1_20' title="bbox 250 2081 1836 2159">
    <p class='ocr_par' dir='ltr' id='par_1_20' title="bbox 250 2081 1836 2159">
     <span class='ocr_line' id='line_1_20' title="bbox 250 2081 1836 2159; baseline -0.005 -16"><span class='ocrx_word' id='word_1_143' title='bbox 250 2097 451 2159; x_wconf 86' lang='lat' dir='ltr'><strong>gurate</strong></span> <span class='ocrx_word' id='word_1_144' title='bbox 479 2086 666 2141; x_wconf 86' lang='lat' dir='ltr'><strong>volunt</strong></span> <span class='ocrx_word' id='word_1_145' title='bbox 697 2086 965 2155; x_wconf 89' lang='lat' dir='ltr'><strong>accipere,</strong></span> <span class='ocrx_word' id='word_1_146' title='bbox 1013 2083 1107 2138; x_wconf 90' lang='lat' dir='ltr'><strong>sed</strong></span> <span class='ocrx_word' id='word_1_147' title='bbox 1138 2091 1308 2138; x_wconf 90' lang='lat' dir='ltr'><strong>totum</strong></span> <span class='ocrx_word' id='word_1_148' title='bbox 1338 2082 1392 2136; x_wconf 93' lang='lat' dir='ltr'><strong>in</strong></span> <span class='ocrx_word' id='word_1_149' title='bbox 1421 2081 1668 2136; x_wconf 86' lang='lat' dir='ltr'><strong>veritatis</strong></span> <span class='ocrx_word' id='word_1_150' title='bbox 1707 2081 1836 2135; x_wconf 87' lang='lat' dir='ltr'><strong>sim-</strong></span> 
     </span>
    </p>
   </div>
   <div class='ocr_carea' id='block_1_21' title="bbox 250 2170 1835 2250">
    <p class='ocr_par' dir='ltr' id='par_1_21' title="bbox 250 2170 1835 2250">
     <span class='ocr_line' id='line_1_21' title="bbox 250 2170 1835 2250; baseline -0.004 -16"><span class='ocrx_word' id='word_1_151' title='bbox 250 2178 496 2250; x_wconf 77' lang='lat' dir='ltr'><strong>plicitate</strong></span> <span class='ocrx_word' id='word_1_152' title='bbox 523 2175 842 2240; x_wconf 86' lang='lat' dir='ltr'><strong>consistere,</strong></span> <span class='ocrx_word' id='word_1_153' title='bbox 869 2174 1163 2230; x_wconf 88' lang='lat' dir='ltr'><strong>secundum</strong></span> <span class='ocrx_word' id='word_1_154' title='bbox 1195 2173 1338 2243; x_wconf 91' lang='lat' dir='ltr'><strong>quod</strong></span> <span class='ocrx_word' id='word_1_155' title='bbox 1364 2171 1664 2227; x_wconf 87' lang='lat' dir='ltr'><strong>demutatio</strong></span> <span class='ocrx_word' id='word_1_156' title='bbox 1693 2170 1835 2227; x_wconf 86' lang='lat' dir='ltr'><strong>facta</strong></span> 
     </span>
    </p>
   </div>
   <div class='ocr_carea' id='block_1_22' title="bbox 248 2266 1837 2341">
    <p class='ocr_par' dir='ltr' id='par_1_22' title="bbox 248 2266 1837 2341">
     <span class='ocr_line' id='line_1_22' title="bbox 248 2266 1837 2341; baseline -0.004 -13"><span class='ocrx_word' id='word_1_157' title='bbox 248 2274 364 2337; x_wconf 87' lang='lat' dir='ltr'><strong>sit:</strong></span> <span class='ocrx_word' id='word_1_158' title='bbox 393 2280 453 2328; x_wconf 90' lang='lat' dir='ltr'><strong>ut</strong></span> <span class='ocrx_word' id='word_1_159' title='bbox 501 2270 613 2341; x_wconf 82' lang='lat' dir='ltr'><strong>jam</strong></span> <span class='ocrx_word' id='word_1_160' title='bbox 647 2285 753 2325; x_wconf 91' lang='lat' dir='ltr'><strong>non</strong></span> <span class='ocrx_word' id='word_1_161' title='bbox 801 2269 911 2325; x_wconf 92' lang='lat' dir='ltr'><strong>sint</strong></span> <span class='ocrx_word' id='word_1_162' title='bbox 955 2266 1097 2339; x_wconf 89' lang='lat' dir='ltr'><strong>quod</strong></span> <span class='ocrx_word' id='word_1_163' title='bbox 1130 2274 1255 2323; x_wconf 84' lang='lat' dir='ltr'><strong>ante</strong></span> <span class='ocrx_word' id='word_1_164' title='bbox 1290 2266 1535 2331; x_wconf 86' lang='lat' dir='ltr'><strong>fuerunt,</strong></span> <span class='ocrx_word' id='word_1_165' title='bbox 1585 2266 1837 2321; x_wconf 89' lang='lat' dir='ltr'><strong>videlicet</strong></span> 
     </span>
    </p>
   </div>
   <div class='ocr_carea' id='block_1_23' title="bbox 247 2360 1835 2435">
    <p class='ocr_par' dir='ltr' id='par_1_23' title="bbox 247 2360 1835 2435">
     <span class='ocr_line' id='line_1_23' title="bbox 247 2360 1835 2435; baseline -0.003 -17"><span class='ocrx_word' id='word_1_166' title='bbox 247 2364 408 2435; x_wconf 88' lang='lat' dir='ltr'><strong>panis</strong></span> <span class='ocrx_word' id='word_1_167' title='bbox 437 2372 599 2432; x_wconf 83' lang='lat' dir='ltr'><strong>atque</strong></span> <span class='ocrx_word' id='word_1_168' title='bbox 639 2362 856 2428; x_wconf 87' lang='lat' dir='ltr'><strong>vinum;</strong></span> <span class='ocrx_word' id='word_1_169' title='bbox 903 2360 997 2417; x_wconf 91' lang='lat' dir='ltr'><strong>sed</strong></span> <span class='ocrx_word' id='word_1_170' title='bbox 1041 2361 1147 2415; x_wconf 90' lang='lat' dir='ltr'><strong>sint</strong></span> <span class='ocrx_word' id='word_1_171' title='bbox 1191 2374 1386 2429; x_wconf 88' lang='lat' dir='ltr'><strong>corpus</strong></span> <span class='ocrx_word' id='word_1_172' title='bbox 1416 2368 1578 2431; x_wconf 87' lang='lat' dir='ltr'><strong>atque</strong></span> <span class='ocrx_word' id='word_1_173' title='bbox 1615 2360 1835 2431; x_wconf 84' lang='lat' dir='ltr'><strong>sanguis</strong></span> 
     </span>
    </p>
   </div>
   <div class='ocr_carea' id='block_1_24' title="bbox 244 2448 1836 2524">
    <p class='ocr_par' dir='ltr' id='par_1_24' title="bbox 244 2448 1836 2524">
     <span class='ocr_line' id='line_1_24' title="bbox 244 2448 1836 2524; baseline -0.003 -12"><span class='ocrx_word' id='word_1_174' title='bbox 244 2455 477 2512; x_wconf 86' lang='lat' dir='ltr'><strong>Christi.</strong></span> <span class='ocrx_word' id='word_1_175' title='bbox 511 2454 819 2510; x_wconf 87' lang='lat' dir='ltr'><strong>Secundum</strong></span> <span class='ocrx_word' id='word_1_176' title='bbox 866 2454 1100 2524; x_wconf 87' lang='lat' dir='ltr'><strong>speciem</strong></span> <span class='ocrx_word' id='word_1_177' title='bbox 1131 2448 1366 2522; x_wconf 79' lang='lat' dir='ltr'><strong>namque</strong></span> <span class='ocrx_word' id='word_1_178' title='bbox 1416 2460 1679 2507; x_wconf 84' lang='lat' dir='ltr'><strong>creaturae</strong></span> <span class='ocrx_word' id='word_1_179' title='bbox 1727 2453 1836 2507; x_wconf 81' lang='lat' dir='ltr'><strong>for-</strong></span> 
     </span>
    </p>
   </div>
   <div class='ocr_carea' id='block_1_25' title="bbox 246 2543 1837 2619">
    <p class='ocr_par' dir='ltr' id='par_1_25' title="bbox 246 2543 1837 2619">
     <span class='ocr_line' id='line_1_25' title="bbox 246 2543 1837 2619; baseline -0.003 -16"><span class='ocrx_word' id='word_1_180' title='bbox 246 2562 505 2619; x_wconf 86' lang='lat' dir='ltr'><strong>mamque</strong></span> <span class='ocrx_word' id='word_1_181' title='bbox 549 2562 729 2603; x_wconf 91' lang='lat' dir='ltr'><strong>rerum</strong></span> <span class='ocrx_word' id='word_1_182' title='bbox 779 2543 1096 2611; x_wconf 84' lang='lat' dir='ltr'><strong>visibilium,</strong></span> <span class='ocrx_word' id='word_1_183' title='bbox 1140 2551 1434 2613; x_wconf 90' lang='lat' dir='ltr'><strong>utrumque</strong></span> <span class='ocrx_word' id='word_1_184' title='bbox 1483 2544 1608 2609; x_wconf 90' lang='lat' dir='ltr'><strong>hoc,</strong></span> <span class='ocrx_word' id='word_1_185' title='bbox 1657 2544 1709 2599; x_wconf 89' lang='lat' dir='ltr'><strong>id</strong></span> <span class='ocrx_word' id='word_1_186' title='bbox 1749 2552 1837 2599; x_wconf 87' lang='lat' dir='ltr'><strong>est</strong></span> 
     </span>
    </p>
   </div>
   <div class='ocr_carea' id='block_1_26' title="bbox 244 2635 1832 2714">
    <p class='ocr_par' dir='ltr' id='par_1_26' title="bbox 244 2635 1832 2714">
     <span class='ocr_line' id='line_1_26' title="bbox 244 2635 1832 2714; baseline -0.004 -16"><span class='ocrx_word' id='word_1_187' title='bbox 244 2643 406 2714; x_wconf 88' lang='lat' dir='ltr'><strong>panis</strong></span> <span class='ocrx_word' id='word_1_188' title='bbox 429 2651 485 2698; x_wconf 89' lang='lat' dir='ltr'><strong>et</strong></span> <span class='ocrx_word' id='word_1_189' title='bbox 512 2641 721 2707; x_wconf 89' lang='lat' dir='ltr'><strong>vinum,</strong></span> <span class='ocrx_word' id='word_1_190' title='bbox 750 2638 881 2694; x_wconf 91' lang='lat' dir='ltr'><strong>nihil</strong></span> <span class='ocrx_word' id='word_1_191' title='bbox 912 2637 1114 2693; x_wconf 89' lang='lat' dir='ltr'><strong>habent</strong></span> <span class='ocrx_word' id='word_1_192' title='bbox 1136 2637 1187 2692; x_wconf 92' lang='lat' dir='ltr'><strong>in</strong></span> <span class='ocrx_word' id='word_1_193' title='bbox 1208 2644 1668 2706; x_wconf 85' lang='lat' dir='ltr'><strong>sepermutatum.</strong></span> <span class='ocrx_word' id='word_1_194' title='bbox 1696 2636 1762 2690; x_wconf 86' lang='lat' dir='ltr'><strong>Et</strong></span> <span class='ocrx_word' id='word_1_195' title='bbox 1786 2635 1832 2691; x_wconf 93' lang='lat' dir='ltr'><strong>si</strong></span> 
     </span>
    </p>
   </div>
   <div class='ocr_carea' id='block_1_27' title="bbox 240 2791 1829 2867">
    <p class='ocr_par' dir='ltr' id='par_1_27' title="bbox 240 2791 1829 2867">
     <span class='ocr_line' id='line_1_27' title="bbox 240 2791 1829 2867; baseline -0.001 -17"><span class='ocrx_word' id='word_1_196' title='bbox 240 2812 363 2867; x_wconf 67' lang='lat' dir='ltr'><strong>qua</strong></span> <span class='ocrx_word' id='word_1_197' title='bbox 389 2794 565 2864; x_wconf 74' lang='lat' dir='ltr'><strong>fuerat</strong></span> <span class='ocrx_word' id='word_1_198' title='bbox 592 2802 736 2867; x_wconf 76' lang='lat' dir='ltr'><strong>ante,</strong></span> <span class='ocrx_word' id='word_1_199' title='bbox 756 2792 1101 2867; x_wconf 49' lang='lat' dir='ltr'><strong>permansisse</strong></span> <span class='ocrx_word' id='word_1_200' title='bbox 1135 2792 1482 2867; x_wconf 61' lang='lat' dir='ltr'><strong>cognoscitur.</strong></span> <span class='ocrx_word' id='word_1_201' title='bbox 1518 2791 1653 2867; x_wconf 64' lang='lat' dir='ltr'><strong>llaec</strong></span> <span class='ocrx_word' id='word_1_202' title='bbox 1702 2808 1829 2860; x_wconf 80' lang='lat' dir='ltr'><strong>vox,</strong></span> 
     </span>
    </p>
   </div>
   <div class='ocr_carea' id='block_1_28' title="bbox 241 2861 1828 2930">
    <p class='ocr_par' dir='ltr' id='par_1_28' title="bbox 241 2861 1828 2930">
     <span class='ocr_line' id='line_1_28' title="bbox 241 2861 1828 2930; baseline -0.002 -8"><span class='ocrx_word' id='word_1_203' title='bbox 241 2861 481 2930; x_wconf 62' lang='lat' dir='ltr'><strong>seuerus,</strong></span> <span class='ocrx_word' id='word_1_204' title='bbox 528 2861 825 2921; x_wconf 84' lang='lat' dir='ltr'><strong>secundum</strong></span> <span class='ocrx_word' id='word_1_205' title='bbox 874 2863 1093 2919; x_wconf 89' lang='lat' dir='ltr'><strong>Festum</strong></span> <span class='ocrx_word' id='word_1_206' title='bbox 1136 2874 1190 2917; x_wconf 90' lang='lat' dir='ltr'><strong>et</strong></span> <span class='ocrx_word' id='word_1_207' title='bbox 1222 2861 1455 2917; x_wconf 90' lang='lat' dir='ltr'><strong>Tullium</strong></span> <span class='ocrx_word' id='word_1_208' title='bbox 1507 2863 1828 2920; x_wconf 85' lang='lat' dir='ltr'><strong>Ciceronem</strong></span> 
     </span>
    </p>
   </div>
   <div class='ocr_carea' id='block_1_29' title="bbox 242 2933 1826 3003">
    <p class='ocr_par' dir='ltr' id='par_1_29' title="bbox 242 2933 1826 3003">
     <span class='ocr_line' id='line_1_29' title="bbox 242 2933 1826 3003; baseline 0 -12"><span class='ocrx_word' id='word_1_209' title='bbox 242 2939 451 2992; x_wconf 80' lang='lat' dir='ltr'><strong>indicat</strong></span> <span class='ocrx_word' id='word_1_210' title='bbox 474 2944 742 2995; x_wconf 84' lang='lat' dir='ltr'><strong>naturam,</strong></span> <span class='ocrx_word' id='word_1_211' title='bbox 760 2941 853 2989; x_wconf 90' lang='lat' dir='ltr'><strong>aut</strong></span> <span class='ocrx_word' id='word_1_212' title='bbox 874 2934 1049 2990; x_wconf 85' lang='lat' dir='ltr'><strong>idcam</strong></span> <span class='ocrx_word' id='word_1_213' title='bbox 1077 2934 1186 2997; x_wconf 86' lang='lat' dir='ltr'><strong>rei;</strong></span> <span class='ocrx_word' id='word_1_214' title='bbox 1215 2934 1280 2985; x_wconf 90' lang='lat' dir='ltr'><strong>ad</strong></span> <span class='ocrx_word' id='word_1_215' title='bbox 1305 2942 1541 2987; x_wconf 87' lang='lat' dir='ltr'><strong>mentem</strong></span> <span class='ocrx_word' id='word_1_216' title='bbox 1566 2933 1826 3003; x_wconf 83' lang='lat' dir='ltr'><strong>Platonis,</strong></span> 
     </span>
    </p>
   </div>
   <div class='ocr_carea' id='block_1_30' title="bbox 241 3005 1829 3078">
    <p class='ocr_par' dir='ltr' id='par_1_30' title="bbox 241 3005 1829 3078">
     <span class='ocr_line' id='line_1_30' title="bbox 241 3005 1829 3078; baseline -0.003 -14"><span class='ocrx_word' id='word_1_217' title='bbox 241 3008 513 3078; x_wconf 83' lang='lat' dir='ltr'><strong>significat</strong></span> <span class='ocrx_word' id='word_1_218' title='bbox 543 3007 958 3078; x_wconf 83' lang='lat' dir='ltr'><strong>apparitionem,</strong></span> <span class='ocrx_word' id='word_1_219' title='bbox 985 3005 1212 3075; x_wconf 84' lang='lat' dir='ltr'><strong>figuram</strong></span> <span class='ocrx_word' id='word_1_220' title='bbox 1243 3005 1568 3078; x_wconf 78' lang='lat' dir='ltr'><strong>exteriorem</strong></span> <span class='ocrx_word' id='word_1_221' title='bbox 1602 3008 1677 3061; x_wconf 88' lang='lat' dir='ltr'><strong>rei</strong></span> <span class='ocrx_word' id='word_1_222' title='bbox 1707 3022 1829 3078; x_wconf 85' lang='lat' dir='ltr'><strong>sen-</strong></span> 
     </span>
    </p>
   </div>
   <div class='ocr_carea' id='block_1_31' title="bbox 239 3076 1828 3149">
    <p class='ocr_par' dir='ltr' id='par_1_31' title="bbox 239 3076 1828 3149">
     <span class='ocr_line' id='line_1_31' title="bbox 239 3076 1828 3149; baseline -0.001 -15"><span class='ocrx_word' id='word_1_223' title='bbox 239 3076 394 3149; x_wconf 73' lang='lat' dir='ltr'><strong>sibus</strong></span> <span class='ocrx_word' id='word_1_224' title='bbox 440 3077 738 3144; x_wconf 73' lang='lat' dir='ltr'><strong>subiectam</strong></span> <span class='ocrx_word' id='word_1_225' title='bbox 786 3085 880 3149; x_wconf 83' lang='lat' dir='ltr'><strong>aut</strong></span> <span class='ocrx_word' id='word_1_226' title='bbox 928 3076 1583 3149; x_wconf 71' lang='lat' dir='ltr'><strong>perceptatusecundum</strong></span> <span class='ocrx_word' id='word_1_227' title='bbox 1631 3077 1828 3149; x_wconf 85' lang='lat' dir='ltr'><strong>stylum</strong></span> 
     </span>
    </p>
   </div>
   <div class='ocr_carea' id='block_1_32' title="bbox 238 3147 1824 3221">
    <p class='ocr_par' dir='ltr' id='par_1_32' title="bbox 238 3147 1824 3221">
     <span class='ocr_line' id='line_1_32' title="bbox 238 3147 1824 3221; baseline -0.003 -15"><span class='ocrx_word' id='word_1_228' title='bbox 238 3148 403 3221; x_wconf 80' lang='lat' dir='ltr'><strong>hujus</strong></span> <span class='ocrx_word' id='word_1_229' title='bbox 435 3149 695 3211; x_wconf 84' lang='lat' dir='ltr'><strong>auctoris,</strong></span> <span class='ocrx_word' id='word_1_230' title='bbox 723 3148 798 3202; x_wconf 92' lang='lat' dir='ltr'><strong>uti</strong></span> <span class='ocrx_word' id='word_1_231' title='bbox 822 3158 971 3221; x_wconf 77' lang='lat' dir='ltr'><strong>patet</strong></span> <span class='ocrx_word' id='word_1_232' title='bbox 997 3162 1222 3221; x_wconf 88' lang='lat' dir='ltr'><strong>numero</strong></span> <span class='ocrx_word' id='word_1_233' title='bbox 1249 3147 1343 3209; x_wconf 81' lang='lat' dir='ltr'><strong>ll),</strong></span> <span class='ocrx_word' id='word_1_234' title='bbox 1378 3148 1432 3200; x_wconf 89' lang='lat' dir='ltr'><strong>in</strong></span> <span class='ocrx_word' id='word_1_235' title='bbox 1462 3163 1569 3221; x_wconf 81' lang='lat' dir='ltr'><strong>quo</strong></span> <span class='ocrx_word' id='word_1_236' title='bbox 1598 3147 1824 3221; x_wconf 30' lang='lat' dir='ltr'><strong>ait’nulg</strong></span> 
     </span>
    </p>
   </div>
   <div class='ocr_carea' id='block_1_33' title="bbox 238 3218 1820 3288">
    <p class='ocr_par' dir='ltr' id='par_1_33' title="bbox 238 3218 1820 3288">
     <span class='ocr_line' id='line_1_33' title="bbox 238 3218 1820 3288; baseline -0.001 -12"><span class='ocrx_word' id='word_1_237' title='bbox 238 3218 347 3276; x_wconf 83' lang='lat' dir='ltr'><strong>lam</strong></span> <span class='ocrx_word' id='word_1_238' title='bbox 373 3219 604 3274; x_wconf 81' lang='lat' dir='ltr'><strong>formam</strong></span> <span class='ocrx_word' id='word_1_239' title='bbox 634 3228 728 3272; x_wconf 89' lang='lat' dir='ltr'><strong>aut</strong></span> <span class='ocrx_word' id='word_1_240' title='bbox 757 3218 991 3288; x_wconf 88' lang='lat' dir='ltr'><strong>speciem</strong></span> <span class='ocrx_word' id='word_1_241' title='bbox 1028 3220 1208 3273; x_wconf 88' lang='lat' dir='ltr'><strong>carnis</strong></span> <span class='ocrx_word' id='word_1_242' title='bbox 1232 3226 1285 3271; x_wconf 88' lang='lat' dir='ltr'><strong>et</strong></span> <span class='ocrx_word' id='word_1_243' title='bbox 1307 3218 1586 3287; x_wconf 81' lang='lat' dir='ltr'><strong>sanguinis</strong></span> <span class='ocrx_word' id='word_1_244' title='bbox 1619 3219 1820 3275; x_wconf 82' lang='lat' dir='ltr'><strong>Christi</strong></span> 
     </span>
    </p>
   </div>
   <div class='ocr_carea' id='block_1_34' title="bbox 238 3288 1820 3361">
    <p class='ocr_par' dir='ltr' id='par_1_34' title="bbox 238 3288 1820 3361">
     <span class='ocr_line' id='line_1_34' title="bbox 238 3288 1820 3361; baseline -0.003 -14"><span class='ocrx_word' id='word_1_245' title='bbox 238 3295 292 3347; x_wconf 91' lang='lat' dir='ltr'><strong>in</strong></span> <span class='ocrx_word' id='word_1_246' title='bbox 324 3292 430 3346; x_wconf 90' lang='lat' dir='ltr'><strong>hoc</strong></span> <span class='ocrx_word' id='word_1_247' title='bbox 458 3289 973 3361; x_wconf 75' lang='lat' dir='ltr'><strong>mysteriopcrcipi.</strong></span> <span class='ocrx_word' id='word_1_248' title='bbox 1003 3288 1126 3342; x_wconf 86' lang='lat' dir='ltr'><strong>Non</strong></span> <span class='ocrx_word' id='word_1_249' title='bbox 1168 3288 1303 3361; x_wconf 69' lang='lat' dir='ltr'><strong>enim</strong></span> <span class='ocrx_word' id='word_1_250' title='bbox 1345 3289 1629 3343; x_wconf 84' lang='lat' dir='ltr'><strong>secundum</strong></span> <span class='ocrx_word' id='word_1_251' title='bbox 1681 3291 1820 3360; x_wconf 84' lang='lat' dir='ltr'><strong>quod</strong></span> 
     </span>
    </p>
   </div>
   <div class='ocr_carea' id='block_1_35' title="bbox 236 3358 1818 3431">
    <p class='ocr_par' dir='ltr' id='par_1_35' title="bbox 236 3358 1818 3431">
     <span class='ocr_line' id='line_1_35' title="bbox 236 3358 1818 3431; baseline -0.001 -14"><span class='ocrx_word' id='word_1_252' title='bbox 236 3363 445 3418; x_wconf 72' lang='lat' dir='ltr'><strong>videtur</strong></span> <span class='ocrx_word' id='word_1_253' title='bbox 477 3358 553 3416; x_wconf 78' lang='lat' dir='ltr'><strong>vel</strong></span> <span class='ocrx_word' id='word_1_254' title='bbox 592 3360 765 3414; x_wconf 88' lang='lat' dir='ltr'><strong>carnis</strong></span> <span class='ocrx_word' id='word_1_255' title='bbox 797 3363 989 3431; x_wconf 78' lang='lat' dir='ltr'><strong>species</strong></span> <span class='ocrx_word' id='word_1_256' title='bbox 1039 3361 1094 3413; x_wconf 86' lang='lat' dir='ltr'><strong>in</strong></span> <span class='ocrx_word' id='word_1_257' title='bbox 1148 3358 1239 3412; x_wconf 87' lang='lat' dir='ltr'><strong>illo</strong></span> <span class='ocrx_word' id='word_1_258' title='bbox 1292 3376 1425 3427; x_wconf 84' lang='lat' dir='ltr'><strong>pane</strong></span> <span class='ocrx_word' id='word_1_259' title='bbox 1472 3358 1818 3430; x_wconf 77' lang='lat' dir='ltr'><strong>cognoscitur,</strong></span> 
     </span>
    </p>
   </div>
   <div class='ocr_carea' id='block_1_36' title="bbox 236 3431 1822 3488">
    <p class='ocr_par' dir='ltr' id='par_1_36' title="bbox 236 3431 1822 3488">
     <span class='ocr_line' id='line_1_36' title="bbox 236 3431 1822 3488; baseline 0 -1"><span class='ocrx_word' id='word_1_260' title='bbox 236 3433 315 3487; x_wconf 71' lang='lat' dir='ltr'><strong>rei</strong></span> <span class='ocrx_word' id='word_1_261' title='bbox 355 3434 415 3488; x_wconf 80' lang='lat' dir='ltr'><strong>in</strong></span> <span class='ocrx_word' id='word_1_262' title='bbox 460 3431 554 3486; x_wconf 87' lang='lat' dir='ltr'><strong>illo</strong></span> <span class='ocrx_word' id='word_1_263' title='bbox 591 3432 710 3486; x_wconf 85' lang='lat' dir='ltr'><strong>vino</strong></span> <span class='ocrx_word' id='word_1_264' title='bbox 756 3433 959 3485; x_wconf 86' lang='lat' dir='ltr'><strong>cruoris</strong></span> <span class='ocrx_word' id='word_1_265' title='bbox 1005 3432 1147 3484; x_wconf 84' lang='lat' dir='ltr'><strong>unda</strong></span> <span class='ocrx_word' id='word_1_266' title='bbox 1185 3440 1527 3484; x_wconf 79' lang='lat' dir='ltr'><strong>monstratur.</strong></span> <span class='ocrx_word' id='word_1_267' title='bbox 1562 3432 1662 3487; x_wconf 88' lang='lat' dir='ltr'><strong>Hic</strong></span> <span class='ocrx_word' id='word_1_268' title='bbox 1692 3448 1822 3488; x_wconf 84' lang='lat' dir='ltr'><strong>vero</strong></span> 
     </span>
    </p>
   </div>
   <div class='ocr_carea' id='block_1_37' title="bbox 238 3500 1823 3570">
    <p class='ocr_par' dir='ltr' id='par_1_37' title="bbox 238 3500 1823 3570">
     <span class='ocr_line' id='line_1_37' title="bbox 238 3500 1823 3570; baseline -0.001 -10"><span class='ocrx_word' id='word_1_269' title='bbox 238 3504 456 3560; x_wconf 79' lang='lat' dir='ltr'><strong>dicendi</strong></span> <span class='ocrx_word' id='word_1_270' title='bbox 494 3503 688 3557; x_wconf 88' lang='lat' dir='ltr'><strong>modus</strong></span> <span class='ocrx_word' id='word_1_271' title='bbox 715 3512 969 3570; x_wconf 88' lang='lat' dir='ltr'><strong>acceptus</strong></span> <span class='ocrx_word' id='word_1_272' title='bbox 998 3500 1231 3556; x_wconf 78' lang='lat' dir='ltr'><strong>refertur</strong></span> <span class='ocrx_word' id='word_1_273' title='bbox 1260 3501 1311 3554; x_wconf 91' lang='lat' dir='ltr'><strong>in</strong></span> <span class='ocrx_word' id='word_1_274' title='bbox 1339 3509 1616 3557; x_wconf 89' lang='lat' dir='ltr'><strong>auctorem</strong></span> <span class='ocrx_word' id='word_1_275' title='bbox 1657 3503 1823 3558; x_wconf 91' lang='lat' dir='ltr'><strong>libro-</strong></span> 
     </span>
    </p>
   </div>
   <div class='ocr_carea' id='block_1_38' title="bbox 237 3571 1821 3644">
    <p class='ocr_par' dir='ltr' id='par_1_38' title="bbox 237 3571 1821 3644">
     <span class='ocr_line' id='line_1_38' title="bbox 237 3571 1821 3644; baseline -0.001 -14"><span class='ocrx_word' id='word_1_276' title='bbox 237 3591 359 3629; x_wconf 82' lang='lat' dir='ltr'><strong>rum</strong></span> <span class='ocrx_word' id='word_1_277' title='bbox 393 3576 463 3629; x_wconf 89' lang='lat' dir='ltr'><strong>de</strong></span> <span class='ocrx_word' id='word_1_278' title='bbox 492 3572 866 3629; x_wconf 85' lang='lat' dir='ltr'><strong>Sacramentis</strong></span> <span class='ocrx_word' id='word_1_279' title='bbox 894 3573 984 3641; x_wconf 89' lang='lat' dir='ltr'><strong>qui</strong></span> <span class='ocrx_word' id='word_1_280' title='bbox 1017 3583 1210 3644; x_wconf 80' lang='lat' dir='ltr'><strong>sancto</strong></span> <span class='ocrx_word' id='word_1_281' title='bbox 1236 3571 1524 3644; x_wconf 79' lang='lat' dir='ltr'><strong>Ambrosio</strong></span> <span class='ocrx_word' id='word_1_282' title='bbox 1554 3574 1712 3644; x_wconf 81' lang='lat' dir='ltr'><strong>vulgo</strong></span> <span class='ocrx_word' id='word_1_283' title='bbox 1765 3582 1821 3630; x_wconf 88' lang='lat' dir='ltr'><strong>et</strong></span> 
     </span>
    </p>
   </div>
   <div class='ocr_carea' id='block_1_39' title="bbox 237 3642 1819 3715">
    <p class='ocr_par' dir='ltr' id='par_1_39' title="bbox 237 3642 1819 3715">
     <span class='ocr_line' id='line_1_39' title="bbox 237 3642 1819 3715; baseline -0.001 -14"><span class='ocrx_word' id='word_1_284' title='bbox 237 3661 343 3701; x_wconf 77' lang='lat' dir='ltr'><strong>non</strong></span> <span class='ocrx_word' id='word_1_285' title='bbox 386 3645 661 3701; x_wconf 89' lang='lat' dir='ltr'><strong>immerito</strong></span> <span class='ocrx_word' id='word_1_286' title='bbox 702 3643 1066 3715; x_wconf 8' lang='lat' dir='ltr'><strong>asvrihunﬁtur.</strong></span> <span class='ocrx_word' id='word_1_287' title='bbox 1094 3642 1212 3699; x_wconf 86' lang='lat' dir='ltr'><strong>Lib.</strong></span> <span class='ocrx_word' id='word_1_288' title='bbox 1240 3659 1299 3708; x_wconf 89' lang='grc' dir='ltr'><strong>ιι,</strong></span> <span class='ocrx_word' id='word_1_289' title='bbox 1327 3658 1447 3711; x_wconf 88' lang='lat' dir='ltr'><strong>cap.</strong></span> <span class='ocrx_word' id='word_1_290' title='bbox 1480 3642 1514 3697; x_wconf 86' lang='lat'><strong>5</strong></span> <span class='ocrx_word' id='word_1_291' title='bbox 1548 3661 1561 3697; x_wconf 88' lang='lat'><strong>:</strong></span> <span class='ocrx_word' id='word_1_292' title='bbox 1593 3642 1819 3715; x_wconf 79' lang='lat' dir='ltr'><strong>Spiritus</strong></span> 
     </span>
    </p>
   </div>
   <div class='ocr_carea' id='block_1_40' title="bbox 233 3714 1816 3784">
    <p class='ocr_par' dir='ltr' id='par_1_40' title="bbox 233 3714 1816 3784">
     <span class='ocr_line' id='line_1_40' title="bbox 233 3714 1816 3784; baseline 0 -13"><span class='ocrx_word' id='word_1_293' title='bbox 233 3728 453 3771; x_wconf 72' lang='lat' dir='ltr'><strong>sanctus</strong></span> <span class='ocrx_word' id='word_1_294' title='bbox 482 3716 538 3768; x_wconf 85' lang='lat' dir='ltr'><strong>in</strong></span> <span class='ocrx_word' id='word_1_295' title='bbox 571 3716 751 3784; x_wconf 16' lang='lat' dir='ltr'><strong>specie;</strong></span> <span class='ocrx_word' id='word_1_296' title='bbox 770 3714 1053 3778; x_wconf 79' lang='lat' dir='ltr'><strong>columbw,</strong></span> <span class='ocrx_word' id='word_1_297' title='bbox 1074 3730 1177 3767; x_wconf 85' lang='lat' dir='ltr'><strong>non</strong></span> <span class='ocrx_word' id='word_1_298' title='bbox 1212 3715 1266 3767; x_wconf 80' lang='lat' dir='ltr'><strong>in</strong></span> <span class='ocrx_word' id='word_1_299' title='bbox 1305 3715 1516 3769; x_wconf 88' lang='lat' dir='ltr'><strong>veritate</strong></span> <span class='ocrx_word' id='word_1_300' title='bbox 1545 3714 1816 3782; x_wconf 75' lang='lat' dir='ltr'><strong>columbtv,</strong></span> 
     </span>
    </p>
   </div>
   <div class='ocr_carea' id='block_1_41' title="bbox 233 3784 1459 3857">
    <p class='ocr_par' dir='ltr' id='par_1_41' title="bbox 233 3784 1459 3857">
     <span class='ocr_line' id='line_1_41' title="bbox 233 3784 1459 3857; baseline -0.005 -16"><span class='ocrx_word' id='word_1_301' title='bbox 233 3788 324 3841; x_wconf 81' lang='lat' dir='ltr'><strong>sed</strong></span> <span class='ocrx_word' id='word_1_302' title='bbox 347 3787 602 3857; x_wconf 22' lang='lat' dir='ltr'><strong>iuispecie</strong></span> <span class='ocrx_word' id='word_1_303' title='bbox 627 3784 877 3857; x_wconf 75' lang='lat' dir='ltr'><strong>columbte</strong></span> <span class='ocrx_word' id='word_1_304' title='bbox 906 3785 1166 3838; x_wconf 82' lang='lat' dir='ltr'><strong>descendit</strong></span> <span class='ocrx_word' id='word_1_305' title='bbox 1206 3784 1270 3836; x_wconf 89' lang='lat' dir='ltr'><strong>de</strong></span> <span class='ocrx_word' id='word_1_306' title='bbox 1314 3784 1459 3857; x_wconf 70' lang='lat' dir='ltr'><strong>coelo.</strong></span> 
     </span>
    </p>
   </div>
   <div class='ocr_carea' id='block_1_42' title="bbox 306 3853 1818 3926">
    <p class='ocr_par' dir='ltr' id='par_1_42' title="bbox 306 3853 1818 3926">
     <span class='ocr_line' id='line_1_42' title="bbox 306 3853 1818 3926; baseline 0.001 -16"><span class='ocrx_word' id='word_1_307' title='bbox 306 3872 333 3898; x_wconf 70' lang='grc'><strong><em>³</em></strong></span> <span class='ocrx_word' id='word_1_308' title='bbox 379 3853 713 3912; x_wconf 65' lang='grc' dir='ltr'><strong>Εαίεόκηιιιι*</strong></span> <span class='ocrx_word' id='word_1_309' title='bbox 742 3856 902 3924; x_wconf 88' lang='lat' dir='ltr'><strong>igitur</strong></span> <span class='ocrx_word' id='word_1_310' title='bbox 928 3872 1131 3909; x_wconf 82' lang='lat' dir='ltr'><strong>necesse</strong></span> <span class='ocrx_word' id='word_1_311' title='bbox 1159 3864 1255 3919; x_wconf 85' lang='lat' dir='ltr'><strong>est,</strong></span> <span class='ocrx_word' id='word_1_312' title='bbox 1285 3862 1389 3909; x_wconf 92' lang='lat' dir='ltr'><strong>etc.</strong></span> <span class='ocrx_word' id='word_1_313' title='bbox 1425 3853 1548 3911; x_wconf 66' lang='lat' dir='ltr'><strong>Haec</strong></span> <span class='ocrx_word' id='word_1_314' title='bbox 1571 3871 1699 3911; x_wconf 82' lang='lat' dir='ltr'><strong>vero</strong></span> <span class='ocrx_word' id='word_1_315' title='bbox 1725 3873 1818 3926; x_wconf 83' lang='lat' dir='ltr'><strong>pa-</strong></span> 
     </span>
    </p>
   </div>
   <div class='ocr_carea' id='block_1_43' title="bbox 232 3927 1817 3984">
    <p class='ocr_par' dir='ltr' id='par_1_43' title="bbox 232 3927 1817 3984">
     <span class='ocr_line' id='line_1_43' title="bbox 232 3927 1817 3984; baseline 0.001 -2"><span class='ocrx_word' id='word_1_316' title='bbox 232 3929 342 3983; x_wconf 89' lang='lat' dir='ltr'><strong>lam</strong></span> <span class='ocrx_word' id='word_1_317' title='bbox 377 3929 755 3984; x_wconf 86' lang='lat' dir='ltr'><strong>demonstrant</strong></span> <span class='ocrx_word' id='word_1_318' title='bbox 785 3928 926 3981; x_wconf 88' lang='lat' dir='ltr'><strong>lnmc</strong></span> <span class='ocrx_word' id='word_1_319' title='bbox 963 3934 1237 3981; x_wconf 85' lang='lat' dir='ltr'><strong>auctorem</strong></span> <span class='ocrx_word' id='word_1_320' title='bbox 1285 3940 1389 3980; x_wconf 91' lang='lat' dir='ltr'><strong>non</strong></span> <span class='ocrx_word' id='word_1_321' title='bbox 1427 3927 1702 3982; x_wconf 87' lang='lat' dir='ltr'><strong>dubitasse</strong></span> <span class='ocrx_word' id='word_1_322' title='bbox 1730 3945 1817 3983; x_wconf 83' lang='lat' dir='ltr'><strong>vc-</strong></span> 
     </span>
    </p>
   </div>
   <div class='ocr_carea' id='block_1_44' title="bbox 235 3996 1816 4055">
    <p class='ocr_par' dir='ltr' id='par_1_44' title="bbox 235 3996 1816 4055">
     <span class='ocr_line' id='line_1_44' title="bbox 235 3996 1816 4055; baseline 0 -1"><span class='ocrx_word' id='word_1_323' title='bbox 235 4016 354 4054; x_wconf 85' lang='lat' dir='ltr'><strong>ram</strong></span> <span class='ocrx_word' id='word_1_324' title='bbox 378 3998 550 4054; x_wconf 77' lang='lat' dir='ltr'><strong>eﬂieri</strong></span> <span class='ocrx_word' id='word_1_325' title='bbox 599 3999 651 4052; x_wconf 92' lang='lat' dir='ltr'><strong>in</strong></span> <span class='ocrx_word' id='word_1_326' title='bbox 694 3998 1018 4051; x_wconf 82' lang='lat' dir='ltr'><strong>eucharistia</strong></span> <span class='ocrx_word' id='word_1_327' title='bbox 1051 3996 1400 4051; x_wconf 88' lang='lat' dir='ltr'><strong>mutationem</strong></span> <span class='ocrx_word' id='word_1_328' title='bbox 1447 3998 1608 4053; x_wconf 90' lang='lat' dir='ltr'><strong>unius</strong></span> <span class='ocrx_word' id='word_1_329' title='bbox 1647 3999 1721 4053; x_wconf 87' lang='lat' dir='ltr'><strong>rei</strong></span> <span class='ocrx_word' id='word_1_330' title='bbox 1764 4000 1816 4055; x_wconf 87' lang='lat' dir='ltr'><strong>in</strong></span> 
     </span>
    </p>
   </div>
   <div class='ocr_carea' id='block_1_45' title="bbox 231 4067 1819 4191">
    <p class='ocr_par' dir='ltr' id='par_1_45' title="bbox 231 4067 1819 4191">
     <span class='ocr_line' id='line_1_45' title="bbox 231 4067 1819 4191; baseline 0.001 -67"><span class='ocrx_word' id='word_1_331' title='bbox 231 4070 484 4125; x_wconf 82' lang='lat' dir='ltr'><strong>alteram.</strong></span> <span class='ocrx_word' id='word_1_332' title='bbox 516 4070 584 4123; x_wconf 87' lang='lat' dir='ltr'><strong>Et</strong></span> <span class='ocrx_word' id='word_1_333' title='bbox 606 4084 729 4126; x_wconf 90' lang='lat' dir='ltr'><strong>cum</strong></span> <span class='ocrx_word' id='word_1_334' title='bbox 751 4068 895 4138; x_wconf 88' lang='lat' dir='ltr'><strong>quod</strong></span> <span class='ocrx_word' id='word_1_335' title='bbox 924 4067 1222 4191; x_wconf 66' lang='lat' dir='ltr'><strong>percipitur</strong></span> <span class='ocrx_word' id='word_1_336' title='bbox 1257 4067 1534 4132; x_wconf 88' lang='lat' dir='ltr'><strong>sensibus,</strong></span> <span class='ocrx_word' id='word_1_337' title='bbox 1568 4070 1819 4126; x_wconf 87' lang='lat' dir='ltr'><strong>videatur</strong></span> 
     </span>
     <span class='ocr_line' id='line_1_46' title="bbox 231 4137 1818 4191; baseline 0 0"><span class='ocrx_word' id='word_1_338' title='bbox 231 4140 391 4191; x_wconf 87' lang='lat' dir='ltr'><strong>nis</strong></span> <span class='ocrx_word' id='word_1_339' title='bbox 420 4150 477 4191; x_wconf 86' lang='lat' dir='ltr'><strong>et</strong></span> <span class='ocrx_word' id='word_1_340' title='bbox 514 4141 717 4191; x_wconf 86' lang='lat' dir='ltr'><strong>vinum.</strong></span> <span class='ocrx_word' id='word_1_341' title='bbox 748 4154 870 4191; x_wconf 88' lang='lat' dir='ltr'><strong>cum</strong></span> <span class='ocrx_word' id='word_1_342' title='bbox 898 4154 927 4191; x_wconf 89' lang='lat' dir='ltr'><strong>a</strong></span> <span class='ocrx_word' id='word_1_343' title='bbox 952 4139 1190 4191; x_wconf 67' lang='lat' dir='ltr'><strong>iuthesse</strong></span> <span class='ocrx_word' id='word_1_344' title='bbox 1214 4137 1435 4191; x_wconf 82' lang='lat' dir='ltr'><strong>debeat.</strong></span> <span class='ocrx_word' id='word_1_345' title='bbox 1467 4154 1687 4191; x_wconf 86' lang='lat' dir='ltr'><strong>necesse</strong></span> <span class='ocrx_word' id='word_1_346' title='bbox 1733 4153 1818 4191; x_wconf 80' lang='lat' dir='ltr'><strong>est.</strong></span> 
     </span>
    </p>
   </div>
   <div class='ocr_carea' id='block_1_46' title="bbox 302 4137 1818 4203">
    <p class='ocr_par' dir='ltr' id='par_1_46' title="bbox 302 4137 1818 4203">
     <span class='ocr_line' id='line_1_47' title="bbox 302 4137 1818 4203; baseline 0.002 -8"><span class='ocrx_word' id='word_1_347' title='bbox 302 4140 391 4195; x_wconf 87' lang='lat' dir='ltr'><strong>uis</strong></span> <span class='ocrx_word' id='word_1_348' title='bbox 420 4150 477 4193; x_wconf 89' lang='lat' dir='ltr'><strong>et</strong></span> <span class='ocrx_word' id='word_1_349' title='bbox 514 4141 717 4203; x_wconf 85' lang='lat' dir='ltr'><strong>vinum,</strong></span> <span class='ocrx_word' id='word_1_350' title='bbox 748 4137 870 4195; x_wconf 88' lang='lat' dir='ltr'><strong>cum</strong></span> <span class='ocrx_word' id='word_1_351' title='bbox 898 4137 1190 4203; x_wconf 48' lang='lat' dir='ltr'><strong>aliuﬁesse</strong></span> <span class='ocrx_word' id='word_1_352' title='bbox 1214 4137 1435 4203; x_wconf 81' lang='lat' dir='ltr'><strong>debeat,</strong></span> <span class='ocrx_word' id='word_1_353' title='bbox 1467 4154 1687 4196; x_wconf 90' lang='lat' dir='ltr'><strong>necesse</strong></span> <span class='ocrx_word' id='word_1_354' title='bbox 1733 4153 1818 4198; x_wconf 91' lang='lat' dir='ltr'><strong>est</strong></span> 
     </span>
    </p>
   </div>
   <div class='ocr_carea' id='block_1_47' title="bbox 229 4158 1817 4282">
    <p class='ocr_par' dir='ltr' id='par_1_47' title="bbox 229 4158 1817 4282">
     <span class='ocr_line' id='line_1_48' title="bbox 302 4158 1817 4203; baseline 0.002 -8"><span class='ocrx_word' id='word_1_355' title='bbox 302 4158 391 4195; x_wconf 83' lang='lat' dir='ltr'><strong>ms</strong></span> <span class='ocrx_word' id='word_1_356' title='bbox 420 4158 477 4193; x_wconf 83' lang='lat' dir='ltr'><strong>et</strong></span> <span class='ocrx_word' id='word_1_357' title='bbox 514 4158 717 4203; x_wconf 78' lang='lat' dir='ltr'><strong>vumtu,</strong></span> <span class='ocrx_word' id='word_1_358' title='bbox 748 4158 870 4195; x_wconf 87' lang='lat' dir='ltr'><strong>cum</strong></span> <span class='ocrx_word' id='word_1_359' title='bbox 898 4158 1190 4203; x_wconf 57' lang='lat' dir='ltr'><strong>auugesse</strong></span> <span class='ocrx_word' id='word_1_360' title='bbox 1214 4158 1435 4203; x_wconf 78' lang='lat' dir='ltr'><strong>ueneat,</strong></span> <span class='ocrx_word' id='word_1_361' title='bbox 1467 4158 1687 4196; x_wconf 83' lang='lat' dir='ltr'><strong>necesse</strong></span> <span class='ocrx_word' id='word_1_362' title='bbox 1733 4158 1817 4198; x_wconf 79' lang='lat' dir='ltr'><strong>est</strong></span> 
     </span>
     <span class='ocr_line' id='line_1_49' title="bbox 229 4158 1817 4282; baseline 0.002 -16"><span class='ocrx_word' id='word_1_363' title='bbox 229 4158 605 4282; x_wconf 47' lang='lat' dir='ltr'><strong>intraman</strong></span> <span class='ocrx_word' id='word_1_364' title='bbox 615 4210 913 4282; x_wconf 85' lang='lat' dir='ltr'><strong>credidisse</strong></span> <span class='ocrx_word' id='word_1_365' title='bbox 927 4224 1113 4282; x_wconf 80' lang='lat' dir='ltr'><strong>veram</strong></span> <span class='ocrx_word' id='word_1_366' title='bbox 1141 4209 1255 4262; x_wconf 85' lang='lat' dir='ltr'><strong>fieri</strong></span> <span class='ocrx_word' id='word_1_367' title='bbox 1284 4212 1633 4282; x_wconf 82' lang='lat' dir='ltr'><strong>mutationem</strong></span> <span class='ocrx_word' id='word_1_368' title='bbox 1660 4214 1817 4282; x_wconf 86' lang='lat' dir='ltr'><strong>panis</strong></span> 
     </span>
    </p>
   </div>
   <div class='ocr_carea' id='block_1_48' title="bbox 231 4279 1818 4353">
    <p class='ocr_par' dir='ltr' id='par_1_48' title="bbox 231 4279 1818 4353">
     <span class='ocr_line' id='line_1_50' title="bbox 231 4279 1818 4353; baseline 0.003 -18"><span class='ocrx_word' id='word_1_369' title='bbox 231 4284 285 4337; x_wconf 89' lang='lat' dir='ltr'><strong>in</strong></span> <span class='ocrx_word' id='word_1_370' title='bbox 318 4297 526 4351; x_wconf 88' lang='lat' dir='ltr'><strong>corpus</strong></span> <span class='ocrx_word' id='word_1_371' title='bbox 568 4279 768 4353; x_wconf 76' lang='lat' dir='ltr'><strong>Christi</strong></span> <span class='ocrx_word' id='word_1_372' title='bbox 808 4280 995 4353; x_wconf 79' lang='lat' dir='ltr'><strong>etvini</strong></span> <span class='ocrx_word' id='word_1_373' title='bbox 1024 4280 1078 4333; x_wconf 90' lang='lat' dir='ltr'><strong>in</strong></span> <span class='ocrx_word' id='word_1_374' title='bbox 1111 4279 1446 4353; x_wconf 88' lang='lat' dir='ltr'><strong>sanguinem.</strong></span> <span class='ocrx_word' id='word_1_375' title='bbox 1481 4279 1818 4353; x_wconf 78' lang='lat' dir='ltr'><strong>Quapropter</strong></span> 
     </span>
    </p>
   </div>
   <div class='ocr_carea' id='block_1_49' title="bbox 229 4350 1814 4421">
    <p class='ocr_par' dir='ltr' id='par_1_49' title="bbox 229 4350 1814 4421">
     <span class='ocr_line' id='line_1_51' title="bbox 229 4350 1814 4421; baseline 0 -12"><span class='ocrx_word' id='word_1_376' title='bbox 229 4350 644 4410; x_wconf 86' lang='lat' dir='ltr'><strong>Centuriatores</strong></span> <span class='ocrx_word' id='word_1_377' title='bbox 677 4350 1159 4421; x_wconf 80' lang='lat' dir='ltr'><strong>Magdeburgenses</strong></span> <span class='ocrx_word' id='word_1_378' title='bbox 1204 4351 1433 4406; x_wconf 87' lang='lat' dir='ltr'><strong>rotunde</strong></span> <span class='ocrx_word' id='word_1_379' title='bbox 1484 4350 1722 4408; x_wconf 78' lang='lat' dir='ltr'><strong>fatentur</strong></span> <span class='ocrx_word' id='word_1_380' title='bbox 1761 4356 1814 4409; x_wconf 91' lang='lat' dir='ltr'><strong>in</strong></span> 
     </span>
    </p>
   </div>
   <div class='ocr_carea' id='block_1_50' title="bbox 231 4421 1813 4489">
    <p class='ocr_par' dir='ltr' id='par_1_50' title="bbox 231 4421 1813 4489">
     <span class='ocr_line' id='line_1_52' title="bbox 231 4421 1813 4489; baseline 0.002 -11"><span class='ocrx_word' id='word_1_381' title='bbox 231 4425 373 4481; x_wconf 89' lang='lat' dir='ltr'><strong>libro</strong></span> <span class='ocrx_word' id='word_1_382' title='bbox 395 4422 678 4478; x_wconf 80' lang='lat' dir='ltr'><strong>Ratramui</strong></span> <span class='ocrx_word' id='word_1_383' title='bbox 709 4423 987 4476; x_wconf 87' lang='lat' dir='ltr'><strong>incurrere</strong></span> <span class='ocrx_word' id='word_1_384' title='bbox 1014 4421 1216 4476; x_wconf 87' lang='lat' dir='ltr'><strong>semina</strong></span> <span class='ocrx_word' id='word_1_385' title='bbox 1242 4422 1488 4489; x_wconf 65' lang='lat' dir='ltr'><strong>quietiam</strong></span> <span class='ocrx_word' id='word_1_386' title='bbox 1525 4427 1813 4481; x_wconf 89' lang='lat' dir='ltr'><strong>transsub-</strong></span> 
     </span>
    </p>
   </div>
   <div class='ocr_carea' id='block_1_51' title="bbox 228 4491 1815 4552">
    <p class='ocr_par' dir='ltr' id='par_1_51' title="bbox 228 4491 1815 4552">
     <span class='ocr_line' id='line_1_53' title="bbox 228 4491 1815 4552; baseline 0.001 -3"><span class='ocrx_word' id='word_1_387' title='bbox 228 4494 601 4550; x_wconf 85' lang='lat' dir='ltr'><strong>stantiationis</strong></span> <span class='ocrx_word' id='word_1_388' title='bbox 627 4510 641 4546; x_wconf 88' lang='lat'><strong>:</strong></span> <span class='ocrx_word' id='word_1_389' title='bbox 669 4491 1289 4547; x_wconf 82' lang='lat' dir='ltr'><strong>Transsubstantiationis</strong></span> <span class='ocrx_word' id='word_1_390' title='bbox 1313 4494 1510 4547; x_wconf 80' lang='lat' dir='ltr'><strong>semina</strong></span> <span class='ocrx_word' id='word_1_391' title='bbox 1538 4495 1688 4549; x_wconf 78' lang='lat' dir='ltr'><strong>habet</strong></span> <span class='ocrx_word' id='word_1_392' title='bbox 1713 4495 1815 4552; x_wconf 73' lang='lat' dir='ltr'><strong>Ra~</strong></span> 
     </span>
    </p>
   </div>
   <div class='ocr_carea' id='block_1_52' title="bbox 226 4563 1813 4630">
    <p class='ocr_par' dir='ltr' id='par_1_52' title="bbox 226 4563 1813 4630">
     <span class='ocr_line' id='line_1_54' title="bbox 226 4563 1813 4630; baseline 0.002 -12"><span class='ocrx_word' id='word_1_393' title='bbox 226 4579 506 4630; x_wconf 83' lang='lat' dir='ltr'><strong>tramnus;</strong></span> <span class='ocrx_word' id='word_1_394' title='bbox 569 4565 734 4619; x_wconf 78' lang='lat' dir='ltr'><strong>utitur</strong></span> <span class='ocrx_word' id='word_1_395' title='bbox 777 4564 915 4617; x_wconf 86' lang='lat' dir='ltr'><strong>enim</strong></span> <span class='ocrx_word' id='word_1_396' title='bbox 964 4563 1225 4617; x_wconf 80' lang='lat' dir='ltr'><strong>vocabulis</strong></span> <span class='ocrx_word' id='word_1_397' title='bbox 1288 4566 1707 4621; x_wconf 87' lang='lat' dir='ltr'><strong>commutationis</strong></span> <span class='ocrx_word' id='word_1_398' title='bbox 1763 4576 1813 4621; x_wconf 90' lang='lat' dir='ltr'><strong>et</strong></span> 
     </span>
    </p>
   </div>
   <div class='ocr_carea' id='block_1_53' title="bbox 226 4634 1454 4698">
    <p class='ocr_par' dir='ltr' id='par_1_53' title="bbox 226 4634 1454 4698">
     <span class='ocr_line' id='line_1_55' title="bbox 226 4634 1454 4698; baseline -0.002 -8"><span class='ocrx_word' id='word_1_399' title='bbox 226 4637 603 4690; x_wconf 76' lang='lat' dir='ltr'><strong>conversionis.</strong></span> <span class='ocrx_word' id='word_1_400' title='bbox 628 4661 698 4675; x_wconf 81' lang='lat'><strong>—</strong></span> <span class='ocrx_word' id='word_1_401' title='bbox 718 4634 958 4690; x_wconf 83' lang='lat' dir='ltr'><strong>Censura</strong></span> <span class='ocrx_word' id='word_1_402' title='bbox 987 4649 1065 4698; x_wconf 81' lang='lat' dir='ltr'><strong>ix,</strong></span> <span class='ocrx_word' id='word_1_403' title='bbox 1089 4634 1154 4688; x_wconf 90' lang='lat' dir='ltr'><strong>de</strong></span> <span class='ocrx_word' id='word_1_404' title='bbox 1182 4634 1454 4689; x_wconf 90' lang='lat' dir='ltr'><strong>Doctrina.</strong></span> 
     </span>
    </p>
   </div>
   <div class='ocr_carea' id='block_1_54' title="bbox 303 4703 1816 4778">
    <p class='ocr_par' dir='ltr' id='par_1_54' title="bbox 303 4703 1816 4778">
     <span class='ocr_line' id='line_1_56' title="bbox 303 4703 1816 4778; baseline 0.001 -18"><span class='ocrx_word' id='word_1_405' title='bbox 303 4709 331 4748; x_wconf 69' lang='grc' dir='ltr'>δ</span> <span class='ocrx_word' id='word_1_406' title='bbox 367 4708 475 4761; x_wconf 79' lang='lat' dir='ltr'><strong>Aut</strong></span> <span class='ocrx_word' id='word_1_407' title='bbox 503 4708 549 4761; x_wconf 89' lang='lat' dir='ltr'><strong>si</strong></span> <span class='ocrx_word' id='word_1_408' title='bbox 576 4708 673 4762; x_wconf 83' lang='lat' dir='ltr'><strong>hoc</strong></span> <span class='ocrx_word' id='word_1_409' title='bbox 716 4704 950 4778; x_wconf 77' lang='lat' dir='ltr'><strong>proﬁteri</strong></span> <span class='ocrx_word' id='word_1_410' title='bbox 992 4704 1282 4767; x_wconf 84' lang='lat' dir='ltr'><strong>noluerint.</strong></span> <span class='ocrx_word' id='word_1_411' title='bbox 1317 4717 1423 4761; x_wconf 91' lang='lat' dir='ltr'><strong>etc.</strong></span> <span class='ocrx_word' id='word_1_412' title='bbox 1454 4703 1581 4761; x_wconf 77' lang='lat' dir='ltr'><strong>Htec</strong></span> <span class='ocrx_word' id='word_1_413' title='bbox 1623 4706 1816 4778; x_wconf 83' lang='lat' dir='ltr'><strong>indigi-</strong></span> 
     </span>
    </p>
   </div>
   <div class='ocr_carea' id='block_1_55' title="bbox 227 4776 1812 4845">
    <p class='ocr_par' dir='ltr' id='par_1_55' title="bbox 227 4776 1812 4845">
     <span class='ocr_line' id='line_1_57' title="bbox 227 4776 1812 4845; baseline 0.001 -13"><span class='ocrx_word' id='word_1_414' title='bbox 227 4787 350 4832; x_wconf 85' lang='lat' dir='ltr'><strong>tant</strong></span> <span class='ocrx_word' id='word_1_415' title='bbox 380 4778 629 4832; x_wconf 89' lang='lat' dir='ltr'><strong>strictam</strong></span> <span class='ocrx_word' id='word_1_416' title='bbox 658 4776 1055 4845; x_wconf 74' lang='lat' dir='ltr'><strong>colligationem</strong></span> <span class='ocrx_word' id='word_1_417' title='bbox 1084 4790 1244 4844; x_wconf 89' lang='lat' dir='ltr'><strong>quam</strong></span> <span class='ocrx_word' id='word_1_418' title='bbox 1281 4784 1469 4832; x_wconf 88' lang='lat' dir='ltr'><strong>auctor</strong></span> <span class='ocrx_word' id='word_1_419' title='bbox 1500 4785 1690 4833; x_wconf 89' lang='lat' dir='ltr'><strong>noster</strong></span> <span class='ocrx_word' id='word_1_420' title='bbox 1725 4776 1812 4833; x_wconf 78' lang='lat' dir='ltr'><strong>re-</strong></span> 
     </span>
    </p>
   </div>
   <div class='ocr_carea' id='block_1_56' title="bbox 226 4846 1810 4920">
    <p class='ocr_par' dir='ltr' id='par_1_56' title="bbox 226 4846 1810 4920">
     <span class='ocr_line' id='line_1_58' title="bbox 226 4846 1810 4920; baseline 0.002 -19"><span class='ocrx_word' id='word_1_421' title='bbox 226 4848 484 4920; x_wconf 66' lang='lat' dir='ltr'><strong>cognovit</strong></span> <span class='ocrx_word' id='word_1_422' title='bbox 508 4848 650 4904; x_wconf 89' lang='lat' dir='ltr'><strong>inter</strong></span> <span class='ocrx_word' id='word_1_423' title='bbox 672 4846 1342 4920; x_wconf 74' lang='lat' dir='ltr'><strong>transsubstantiationem</strong></span> <span class='ocrx_word' id='word_1_424' title='bbox 1377 4858 1436 4920; x_wconf 89' lang='lat' dir='ltr'><strong>et</strong></span> <span class='ocrx_word' id='word_1_425' title='bbox 1466 4849 1810 4918; x_wconf 55' lang='lat' dir='ltr'><strong>praesentiam</strong></span> 
     </span>
    </p>
   </div>
   <div class='ocr_carea' id='block_1_57' title="bbox 227 4916 1809 4987">
    <p class='ocr_par' dir='ltr' id='par_1_57' title="bbox 227 4916 1809 4987">
     <span class='ocr_line' id='line_1_59' title="bbox 227 4916 1809 4987; baseline 0.003 -19"><span class='ocrx_word' id='word_1_426' title='bbox 227 4916 549 4984; x_wconf 54' lang='grc' dir='ltr'><strong>νεῖ-θηκαίῳ</strong></span> <span class='ocrx_word' id='word_1_427' title='bbox 571 4917 861 4973; x_wconf 84' lang='lat' dir='ltr'><strong>realitatem</strong></span> <span class='ocrx_word' id='word_1_428' title='bbox 881 4917 1123 4987; x_wconf 87' lang='lat' dir='ltr'><strong>corporis</strong></span> <span class='ocrx_word' id='word_1_429' title='bbox 1145 4916 1347 4974; x_wconf 84' lang='lat' dir='ltr'><strong>Christi</strong></span> <span class='ocrx_word' id='word_1_430' title='bbox 1372 4919 1424 4973; x_wconf 90' lang='lat' dir='ltr'><strong>in</strong></span> <span class='ocrx_word' id='word_1_431' title='bbox 1464 4916 1809 4983; x_wconf 82' lang='lat' dir='ltr'><strong>eucharistia,</strong></span> 
     </span>
    </p>
   </div>
   <div class='ocr_carea' id='block_1_58' title="bbox 224 4988 1811 5058">
    <p class='ocr_par' dir='ltr' id='par_1_58' title="bbox 224 4988 1811 5058">
     <span class='ocr_line' id='line_1_60' title="bbox 224 4988 1811 5058; baseline 0.001 -13"><span class='ocrx_word' id='word_1_432' title='bbox 224 5007 332 5047; x_wconf 84' lang='lat' dir='ltr'><strong>nec</strong></span> <span class='ocrx_word' id='word_1_433' title='bbox 356 5006 521 5046; x_wconf 84' lang='lat' dir='ltr'><strong>unam</strong></span> <span class='ocrx_word' id='word_1_434' title='bbox 550 4989 667 5045; x_wconf 87' lang='lat' dir='ltr'><strong>sine</strong></span> <span class='ocrx_word' id='word_1_435' title='bbox 702 4988 871 5044; x_wconf 85' lang='lat' dir='ltr'><strong>altera</strong></span> <span class='ocrx_word' id='word_1_436' title='bbox 919 5002 1106 5057; x_wconf 81' lang='lat' dir='ltr'><strong>reapse</strong></span> <span class='ocrx_word' id='word_1_437' title='bbox 1140 4989 1439 5045; x_wconf 87' lang='lat' dir='ltr'><strong>consistere</strong></span> <span class='ocrx_word' id='word_1_438' title='bbox 1470 5006 1661 5058; x_wconf 89' lang='lat' dir='ltr'><strong>posse:</strong></span> <span class='ocrx_word' id='word_1_439' title='bbox 1687 5006 1811 5046; x_wconf 90' lang='lat' dir='ltr'><strong>cum</strong></span> 
     </span>
    </p>
   </div>
   <div class='ocr_carea' id='block_1_59' title="bbox 224 5058 1810 5132">
    <p class='ocr_par' dir='ltr' id='par_1_59' title="bbox 224 5058 1810 5132">
     <span class='ocr_line' id='line_1_61' title="bbox 224 5058 1810 5132; baseline 0.001 -16"><span class='ocrx_word' id='word_1_440' title='bbox 224 5076 433 5132; x_wconf 79' lang='lat' dir='ltr'><strong>negare</strong></span> <span class='ocrx_word' id='word_1_441' title='bbox 471 5075 699 5116; x_wconf 88' lang='lat' dir='ltr'><strong>necesse</strong></span> <span class='ocrx_word' id='word_1_442' title='bbox 734 5061 803 5115; x_wconf 91' lang='lat' dir='ltr'><strong>sit</strong></span> <span class='ocrx_word' id='word_1_443' title='bbox 847 5074 1047 5132; x_wconf 78' lang='lat' dir='ltr'><strong>corpus</strong></span> <span class='ocrx_word' id='word_1_444' title='bbox 1080 5058 1279 5115; x_wconf 91' lang='lat' dir='ltr'><strong>Christi</strong></span> <span class='ocrx_word' id='word_1_445' title='bbox 1316 5074 1437 5117; x_wconf 90' lang='lat' dir='ltr'><strong>esse</strong></span> <span class='ocrx_word' id='word_1_446' title='bbox 1467 5061 1519 5115; x_wconf 89' lang='lat' dir='ltr'><strong>iu</strong></span> <span class='ocrx_word' id='word_1_447' title='bbox 1562 5061 1810 5117; x_wconf 88' lang='lat' dir='ltr'><strong>euchari-</strong></span> 
     </span>
    </p>
   </div>
   <div class='ocr_carea' id='block_1_60' title="bbox 223 5130 1806 5204">
    <p class='ocr_par' dir='ltr' id='par_1_60' title="bbox 223 5130 1806 5204">
     <span class='ocr_line' id='line_1_62' title="bbox 223 5130 1806 5204; baseline 0.001 -16"><span class='ocrx_word' id='word_1_448' title='bbox 223 5130 356 5198; x_wconf 69' lang='lat' dir='ltr'><strong>stia,</strong></span> <span class='ocrx_word' id='word_1_449' title='bbox 390 5132 492 5188; x_wconf 88' lang='lat' dir='ltr'><strong>nisi</strong></span> <span class='ocrx_word' id='word_1_450' title='bbox 524 5139 847 5204; x_wconf 75' lang='lat' dir='ltr'><strong>agnoscatur</strong></span> <span class='ocrx_word' id='word_1_451' title='bbox 892 5130 1141 5204; x_wconf 56' lang='lat' dir='ltr'><strong>quaedam</strong></span> <span class='ocrx_word' id='word_1_452' title='bbox 1179 5132 1402 5204; x_wconf 83' lang='lat' dir='ltr'><strong>mutatio</strong></span> <span class='ocrx_word' id='word_1_453' title='bbox 1441 5132 1603 5204; x_wconf 87' lang='lat' dir='ltr'><strong>unius</strong></span> <span class='ocrx_word' id='word_1_454' title='bbox 1642 5133 1720 5187; x_wconf 88' lang='lat' dir='ltr'><strong>rei</strong></span> <span class='ocrx_word' id='word_1_455' title='bbox 1753 5133 1806 5189; x_wconf 92' lang='lat' dir='ltr'><strong>in</strong></span> 
     </span>
    </p>
   </div>
   <div class='ocr_carea' id='block_1_61' title="bbox 222 5201 1807 5272">
    <p class='ocr_par' dir='ltr' id='par_1_61' title="bbox 222 5201 1807 5272">
     <span class='ocr_line' id='line_1_63' title="bbox 222 5201 1807 5272; baseline 0.002 -15"><span class='ocrx_word' id='word_1_456' title='bbox 222 5204 494 5268; x_wconf 84' lang='lat' dir='ltr'><strong>alteram,</strong></span> <span class='ocrx_word' id='word_1_457' title='bbox 547 5201 751 5258; x_wconf 77' lang='lat' dir='ltr'><strong>scilicet</strong></span> <span class='ocrx_word' id='word_1_458' title='bbox 802 5201 959 5272; x_wconf 88' lang='lat' dir='ltr'><strong>panis</strong></span> <span class='ocrx_word' id='word_1_459' title='bbox 1007 5201 1062 5255; x_wconf 91' lang='lat' dir='ltr'><strong>in</strong></span> <span class='ocrx_word' id='word_1_460' title='bbox 1097 5217 1293 5272; x_wconf 90' lang='lat' dir='ltr'><strong>corpus</strong></span> <span class='ocrx_word' id='word_1_461' title='bbox 1340 5203 1562 5258; x_wconf 71' lang='lat' dir='ltr'><strong>Christi.</strong></span> <span class='ocrx_word' id='word_1_462' title='bbox 1596 5203 1672 5258; x_wconf 81' lang='lat' dir='ltr'><strong>Ex</strong></span> <span class='ocrx_word' id='word_1_463' title='bbox 1724 5206 1807 5260; x_wconf 91' lang='lat' dir='ltr'><strong>his</strong></span> 
     </span>
    </p>
   </div>
   <div class='ocr_carea' id='block_1_62' title="bbox 220 5272 1805 5345">
    <p class='ocr_par' dir='ltr' id='par_1_62' title="bbox 220 5272 1805 5345">
     <span class='ocr_line' id='line_1_64' title="bbox 220 5272 1805 5345; baseline 0.001 -15"><span class='ocrx_word' id='word_1_464' title='bbox 220 5276 392 5331; x_wconf 80' lang='lat' dir='ltr'><strong>etiam</strong></span> <span class='ocrx_word' id='word_1_465' title='bbox 420 5273 718 5345; x_wconf 78' lang='lat' dir='ltr'><strong>intelligere</strong></span> <span class='ocrx_word' id='word_1_466' title='bbox 749 5272 906 5329; x_wconf 80' lang='lat' dir='ltr'><strong>facile</strong></span> <span class='ocrx_word' id='word_1_467' title='bbox 939 5280 1026 5328; x_wconf 88' lang='lat' dir='ltr'><strong>est</strong></span> <span class='ocrx_word' id='word_1_468' title='bbox 1048 5282 1309 5342; x_wconf 81' lang='lat' dir='ltr'><strong>quantum</strong></span> <span class='ocrx_word' id='word_1_469' title='bbox 1339 5275 1409 5329; x_wconf 90' lang='lat' dir='ltr'><strong>sit</strong></span> <span class='ocrx_word' id='word_1_470' title='bbox 1439 5276 1805 5332; x_wconf 86' lang='lat' dir='ltr'><strong>necessarium</strong></span> 
     </span>
    </p>
   </div>
   <div class='ocr_carea' id='block_1_63' title="bbox 222 5345 1804 5414">
    <p class='ocr_par' dir='ltr' id='par_1_63' title="bbox 222 5345 1804 5414">
     <span class='ocr_line' id='line_1_65' title="bbox 222 5345 1804 5414; baseline 0 -14"><span class='ocrx_word' id='word_1_471' title='bbox 222 5346 295 5401; x_wconf 85' lang='lat' dir='ltr'><strong>ad</strong></span> <span class='ocrx_word' id='word_1_472' title='bbox 348 5347 582 5402; x_wconf 80' lang='lat' dir='ltr'><strong>salutem</strong></span> <span class='ocrx_word' id='word_1_473' title='bbox 636 5354 895 5401; x_wconf 66' lang='lat' dir='ltr'><strong>aeternam</strong></span> <span class='ocrx_word' id='word_1_474' title='bbox 941 5345 1398 5414; x_wconf 73' lang='lat' dir='ltr'><strong>comparandam,</strong></span> <span class='ocrx_word' id='word_1_475' title='bbox 1443 5346 1663 5401; x_wconf 88' lang='lat' dir='ltr'><strong>credere</strong></span> <span class='ocrx_word' id='word_1_476' title='bbox 1710 5361 1804 5401; x_wconf 91' lang='lat' dir='ltr'><strong>seu</strong></span> 
     </span>
    </p>
   </div>
   <div class='ocr_carea' id='block_1_64' title="bbox 223 5416 1806 5472">
    <p class='ocr_par' dir='ltr' id='par_1_64' title="bbox 223 5416 1806 5472">
     <span class='ocr_line' id='line_1_66' title="bbox 223 5416 1806 5472; baseline -0.001 -1"><span class='ocrx_word' id='word_1_477' title='bbox 223 5416 388 5472; x_wconf 84' lang='lat' dir='ltr'><strong>fidem</strong></span> <span class='ocrx_word' id='word_1_478' title='bbox 418 5416 652 5472; x_wconf 87' lang='lat' dir='ltr'><strong>divinam</strong></span> <span class='ocrx_word' id='word_1_479' title='bbox 682 5416 882 5472; x_wconf 88' lang='lat' dir='ltr'><strong>habere</strong></span> <span class='ocrx_word' id='word_1_480' title='bbox 918 5416 1534 5471; x_wconf 87' lang='lat' dir='ltr'><strong>transsubstantiationis</strong></span> <span class='ocrx_word' id='word_1_481' title='bbox 1562 5424 1618 5470; x_wconf 89' lang='lat' dir='ltr'><strong>ct</strong></span> <span class='ocrx_word' id='word_1_482' title='bbox 1646 5417 1806 5471; x_wconf 86' lang='lat' dir='ltr'><strong>reali-</strong></span> 
     </span>
    </p>
   </div>
   <div class='ocr_carea' id='block_1_65' title="bbox 223 5486 1805 5558">
    <p class='ocr_par' dir='ltr' id='par_1_65' title="bbox 223 5486 1805 5558">
     <span class='ocr_line' id='line_1_67' title="bbox 223 5486 1805 5558; baseline -0.002 -16"><span class='ocrx_word' id='word_1_483' title='bbox 223 5488 376 5551; x_wconf 82' lang='lat' dir='ltr'><strong>tatis,</strong></span> <span class='ocrx_word' id='word_1_484' title='bbox 406 5488 606 5557; x_wconf 83' lang='lat' dir='ltr'><strong>quippe</strong></span> <span class='ocrx_word' id='word_1_485' title='bbox 630 5502 754 5544; x_wconf 89' lang='lat' dir='ltr'><strong>cum</strong></span> <span class='ocrx_word' id='word_1_486' title='bbox 780 5488 831 5547; x_wconf 78' lang='lat' dir='ltr'><strong>si</strong></span> <span class='ocrx_word' id='word_1_487' title='bbox 855 5487 952 5540; x_wconf 81' lang='lat' dir='ltr'><strong>hoc</strong></span> <span class='ocrx_word' id='word_1_488' title='bbox 987 5487 1220 5556; x_wconf 78' lang='lat' dir='ltr'><strong>proﬁteri</strong></span> <span class='ocrx_word' id='word_1_489' title='bbox 1253 5488 1542 5553; x_wconf 86' lang='lat' dir='ltr'><strong>noluerint,</strong></span> <span class='ocrx_word' id='word_1_490' title='bbox 1577 5486 1805 5558; x_wconf 81' lang='lat' dir='ltr'><strong>compel-</strong></span> 
     </span>
    </p>
   </div>
   <div class='ocr_carea' id='block_1_66' title="bbox 217 5557 1806 5629">
    <p class='ocr_par' dir='ltr' id='par_1_66' title="bbox 217 5557 1806 5629">
     <span class='ocr_line' id='line_1_68' title="bbox 217 5557 1806 5629; baseline 0.002 -18"><span class='ocrx_word' id='word_1_491' title='bbox 217 5561 408 5613; x_wconf 69' lang='lat' dir='ltr'><strong>luntur</strong></span> <span class='ocrx_word' id='word_1_492' title='bbox 452 5575 642 5628; x_wconf 82' lang='lat' dir='ltr'><strong>negare</strong></span> <span class='ocrx_word' id='word_1_493' title='bbox 697 5574 806 5612; x_wconf 87' lang='lat' dir='ltr'><strong>esse</strong></span> <span class='ocrx_word' id='word_1_494' title='bbox 857 5574 1044 5628; x_wconf 88' lang='lat' dir='ltr'><strong>corpus</strong></span> <span class='ocrx_word' id='word_1_495' title='bbox 1107 5559 1513 5629; x_wconf 87' lang='lat' dir='ltr'><strong>sanguinemque</strong></span> <span class='ocrx_word' id='word_1_496' title='bbox 1567 5557 1806 5614; x_wconf 80' lang='lat' dir='ltr'><strong>Christi:</strong></span> 
     </span>
    </p>
   </div>
   <div class='ocr_carea' id='block_1_67' title="bbox 218 5632 1811 5698">
    <p class='ocr_par' dir='ltr' id='par_1_67' title="bbox 218 5632 1811 5698">
     <span class='ocr_line' id='line_1_69' title="bbox 218 5632 1811 5698; baseline 0 -12"><span class='ocrx_word' id='word_1_497' title='bbox 218 5632 378 5698; x_wconf 72' lang='lat' dir='ltr'><strong>Quae</strong></span> <span class='ocrx_word' id='word_1_498' title='bbox 405 5645 571 5686; x_wconf 69' lang='grc' dir='ltr'><strong>ιιιηε</strong></span> <span class='ocrx_word' id='word_1_499' title='bbox 600 5643 699 5684; x_wconf 76' lang='lat' dir='ltr'><strong>ssr</strong></span> <span class='ocrx_word' id='word_1_500' title='bbox 729 5644 831 5685; x_wconf 71' lang='lat' dir='ltr'><strong>non</strong></span> <span class='ocrx_word' id='word_1_501' title='bbox 858 5644 1026 5686; x_wconf 75' lang='grc' dir='ltr'><strong>εοιυιι</strong></span> <span class='ocrx_word' id='word_1_502' title='bbox 1054 5643 1278 5694; x_wconf 74' lang='lat' dir='ltr'><strong>DICERE,</strong></span> <span class='ocrx_word' id='word_1_503' title='bbox 1319 5646 1492 5686; x_wconf 66' lang='lat' dir='ltr'><strong>vanus</strong></span> <span class='ocrx_word' id='word_1_504' title='bbox 1525 5646 1691 5687; x_wconf 74' lang='lat' dir='ltr'><strong>ETIAI</strong></span> <span class='ocrx_word' id='word_1_505' title='bbox 1719 5646 1811 5686; x_wconf 84' lang='lat' dir='ltr'><strong>co-</strong></span> 
     </span>
    </p>
   </div>
   <div class='ocr_carea' id='block_1_68' title="bbox 216 5717 445 5757">
    <p class='ocr_par' dir='ltr' id='par_1_68' title="bbox 216 5717 445 5757">
     <span class='ocr_line' id='line_1_70' title="bbox 216 5717 445 5757; baseline 0 -1"><span class='ocrx_word' id='word_1_506' title='bbox 216 5717 445 5757; x_wconf 70' lang='lat' dir='ltr'><strong>GI‘I’ABE.</strong></span> 
     </span>
    </p>
   </div>
   <div class='ocr_carea' id='block_1_69' title="bbox 294 5769 1810 5845">
    <p class='ocr_par' dir='ltr' id='par_1_69' title="bbox 294 5769 1810 5845">
     <span class='ocr_line' id='line_1_71' title="bbox 294 5769 1810 5845; baseline 0.001 -19"><span class='ocrx_word' id='word_1_507' title='bbox 294 5787 317 5811; x_wconf 64' lang='grc' dir='ltr'><strong>ιε</strong></span> <span class='ocrx_word' id='word_1_508' title='bbox 360 5769 544 5844; x_wconf 78' lang='lat' dir='ltr'><strong>Neque</strong></span> <span class='ocrx_word' id='word_1_509' title='bbox 567 5774 669 5845; x_wconf 69' lang='lat' dir='ltr'><strong>ista</strong></span> <span class='ocrx_word' id='word_1_510' title='bbox 696 5774 1032 5827; x_wconf 81' lang='lat' dir='ltr'><strong>commutatio</strong></span> <span class='ocrx_word' id='word_1_511' title='bbox 1058 5773 1414 5842; x_wconf 82' lang='lat' dir='ltr'><strong>corporaliter,</strong></span> <span class='ocrx_word' id='word_1_512' title='bbox 1438 5776 1526 5835; x_wconf 79' lang='lat' dir='ltr'><strong>sed</strong></span> <span class='ocrx_word' id='word_1_513' title='bbox 1561 5773 1810 5845; x_wconf 83' lang='lat' dir='ltr'><strong>spiritali-</strong></span> 
     </span>
    </p>
   </div>
   <div class='ocr_carea' id='block_1_70' title="bbox 218 5843 1810 5915">
    <p class='ocr_par' dir='ltr' id='par_1_70' title="bbox 218 5843 1810 5915">
     <span class='ocr_line' id='line_1_72' title="bbox 218 5843 1810 5915; baseline 0.002 -18"><span class='ocrx_word' id='word_1_514' title='bbox 218 5856 302 5898; x_wconf 83' lang='lat' dir='ltr'><strong>ter</strong></span> <span class='ocrx_word' id='word_1_515' title='bbox 330 5843 471 5915; x_wconf 76' lang='lat' dir='ltr'><strong>[acta</strong></span> <span class='ocrx_word' id='word_1_516' title='bbox 497 5845 583 5901; x_wconf 89' lang='lat' dir='ltr'><strong>sit.</strong></span> <span class='ocrx_word' id='word_1_517' title='bbox 612 5843 674 5898; x_wconf 73' lang='lat' dir='ltr'><strong>id</strong></span> <span class='ocrx_word' id='word_1_518' title='bbox 718 5855 801 5899; x_wconf 85' lang='lat' dir='ltr'><strong>est</strong></span> <span class='ocrx_word' id='word_1_519' title='bbox 844 5860 1019 5913; x_wconf 84' lang='lat' dir='ltr'><strong>neque</strong></span> <span class='ocrx_word' id='word_1_520' title='bbox 1062 5847 1416 5899; x_wconf 80' lang='lat' dir='ltr'><strong>commutatio</strong></span> <span class='ocrx_word' id='word_1_521' title='bbox 1448 5843 1593 5901; x_wconf 78' lang='lat' dir='ltr'><strong>facta</strong></span> <span class='ocrx_word' id='word_1_522' title='bbox 1622 5847 1722 5907; x_wconf 83' lang='lat' dir='ltr'><strong>sit,</strong></span> <span class='ocrx_word' id='word_1_523' title='bbox 1756 5846 1810 5900; x_wconf 86' lang='lat' dir='ltr'><strong>iu</strong></span> 
     </span>
    </p>
   </div>
   <div class='ocr_carea' id='block_1_71' title="bbox 1945 605 3157 678">
    <p class='ocr_par' dir='ltr' id='par_1_71' title="bbox 1945 605 3157 678">
     <span class='ocr_line' id='line_1_73' title="bbox 1945 605 3157 678; baseline -0.002 -16"><span class='ocrx_word' id='word_1_524' title='bbox 1945 622 2103 678; x_wconf 88' lang='lat' dir='ltr'><strong>quam</strong></span> <span class='ocrx_word' id='word_1_525' title='bbox 2132 606 2272 678; x_wconf 90' lang='lat' dir='ltr'><strong>quod</strong></span> <span class='ocrx_word' id='word_1_526' title='bbox 2302 607 2451 676; x_wconf 87' lang='lat' dir='ltr'><strong>prius</strong></span> <span class='ocrx_word' id='word_1_527' title='bbox 2477 605 2645 661; x_wconf 77' lang='lat' dir='ltr'><strong>fuere.</strong></span> <span class='ocrx_word' id='word_1_528' title='bbox 3154 668 3157 671; x_wconf 96' lang='lat'><em>_</em></span> 
     </span>
    </p>
   </div>
   <div class='ocr_carea' id='block_1_72' title="bbox 2015 691 3523 765">
    <p class='ocr_par' dir='ltr' id='par_1_72' title="bbox 2015 691 3523 765">
     <span class='ocr_line' id='line_1_74' title="bbox 2015 691 3523 765; baseline -0.005 -13"><span class='ocrx_word' id='word_1_529' title='bbox 2015 698 2130 754; x_wconf 78' lang='lat' dir='ltr'><strong>XV.</strong></span> <span class='ocrx_word' id='word_1_530' title='bbox 2168 697 2354 752; x_wconf 88' lang='lat' dir='ltr'><strong>Cernit</strong></span> <span class='ocrx_word' id='word_1_531' title='bbox 2400 696 2702 752; x_wconf 87' lang='lat' dir='ltr'><strong>sublimitas</strong></span> <span class='ocrx_word' id='word_1_532' title='bbox 2726 702 2926 760; x_wconf 86' lang='lat' dir='ltr'><strong>vestra,</strong></span> <span class='ocrx_word' id='word_1_533' title='bbox 2968 693 3229 764; x_wconf 85' lang='lat' dir='ltr'><strong>Princeps</strong></span> <span class='ocrx_word' id='word_1_534' title='bbox 3268 691 3523 765; x_wconf 63' lang='lat' dir='ltr'><strong>gloriose.</strong></span> 
     </span>
    </p>
   </div>
   <div class='ocr_carea' id='block_1_73' title="bbox 1944 788 3526 864">
    <p class='ocr_par' dir='ltr' id='par_1_73' title="bbox 1944 788 3526 864">
     <span class='ocr_line' id='line_1_75' title="bbox 1944 788 3526 864; baseline -0.002 -18"><span class='ocrx_word' id='word_1_535' title='bbox 1944 807 2051 864; x_wconf 88' lang='lat' dir='ltr'><strong>quo</strong></span> <span class='ocrx_word' id='word_1_536' title='bbox 2079 792 2262 847; x_wconf 82' lang='lat' dir='ltr'><strong>taliter</strong></span> <span class='ocrx_word' id='word_1_537' title='bbox 2286 790 2637 847; x_wconf 90' lang='lat' dir='ltr'><strong>sentientium</strong></span> <span class='ocrx_word' id='word_1_538' title='bbox 2666 788 2973 845; x_wconf 87' lang='lat' dir='ltr'><strong>intellectus</strong></span> <span class='ocrx_word' id='word_1_539' title='bbox 3015 788 3211 845; x_wconf 78' lang='lat' dir='ltr'><strong>evadat</strong></span> <span class='ocrx_word' id='word_1_540' title='bbox 3257 806 3271 843; x_wconf 87' lang='lat'><strong>:</strong></span> <span class='ocrx_word' id='word_1_541' title='bbox 3322 795 3526 861; x_wconf 82' lang='lat' dir='ltr'><strong>negant</strong></span> 
     </span>
    </p>
   </div>
   <div class='ocr_carea' id='block_1_74' title="bbox 1943 879 3523 956">
    <p class='ocr_par' dir='ltr' id='par_1_74' title="bbox 1943 879 3523 956">
     <span class='ocr_line' id='line_1_76' title="bbox 1943 879 3523 956; baseline -0.003 -16"><span class='ocrx_word' id='word_1_542' title='bbox 1943 884 2083 956; x_wconf 90' lang='lat' dir='ltr'><strong>quod</strong></span> <span class='ocrx_word' id='word_1_543' title='bbox 2108 883 2379 939; x_wconf 75' lang='lat' dir='ltr'><strong>afﬁrmare</strong></span> <span class='ocrx_word' id='word_1_544' title='bbox 2404 883 2717 947; x_wconf 87' lang='lat' dir='ltr'><strong>creduntur,</strong></span> <span class='ocrx_word' id='word_1_545' title='bbox 2744 889 2799 937; x_wconf 85' lang='lat' dir='ltr'><strong>et</strong></span> <span class='ocrx_word' id='word_1_546' title='bbox 2825 881 2969 952; x_wconf 90' lang='lat' dir='ltr'><strong>quod</strong></span> <span class='ocrx_word' id='word_1_547' title='bbox 2993 879 3222 938; x_wconf 82' lang='lat' dir='ltr'><strong>credunt</strong></span> <span class='ocrx_word' id='word_1_548' title='bbox 3240 880 3523 937; x_wconf 85' lang='lat' dir='ltr'><strong>destruere</strong></span> 
     </span>
    </p>
   </div>
   <div class='ocr_carea' id='block_1_75' title="bbox 1945 971 3524 1047">
    <p class='ocr_par' dir='ltr' id='par_1_75' title="bbox 1945 971 3524 1047">
     <span class='ocr_line' id='line_1_77' title="bbox 1945 971 3524 1047; baseline -0.003 -14"><span class='ocrx_word' id='word_1_549' title='bbox 1945 977 2385 1047; x_wconf 91' lang='lat' dir='ltr'><strong>comprobantur.</strong></span> <span class='ocrx_word' id='word_1_550' title='bbox 2421 974 2631 1044; x_wconf 89' lang='lat' dir='ltr'><strong>Corpus</strong></span> <span class='ocrx_word' id='word_1_551' title='bbox 2650 974 2851 1029; x_wconf 89' lang='lat' dir='ltr'><strong>etenim</strong></span> <span class='ocrx_word' id='word_1_552' title='bbox 2878 973 3298 1044; x_wconf 84' lang='lat' dir='ltr'><strong>sanguinemque</strong></span> <span class='ocrx_word' id='word_1_553' title='bbox 3324 971 3524 1030; x_wconf 84' lang='lat' dir='ltr'><strong>Christi</strong></span> 
     </span>
    </p>
   </div>
   <div class='ocr_carea' id='block_1_76' title="bbox 1944 1063 3526 1129">
    <p class='ocr_par' dir='ltr' id='par_1_76' title="bbox 1944 1063 3526 1129">
     <span class='ocr_line' id='line_1_78' title="bbox 1944 1063 3526 1129; baseline -0.003 -6"><span class='ocrx_word' id='word_1_554' title='bbox 1944 1068 2176 1123; x_wconf 86' lang='lat' dir='ltr'><strong>fideliter</strong></span> <span class='ocrx_word' id='word_1_555' title='bbox 2199 1066 2560 1123; x_wconf 83' lang='lat' dir='ltr'><strong>confitentur:</strong></span> <span class='ocrx_word' id='word_1_556' title='bbox 2590 1074 2647 1121; x_wconf 89' lang='lat' dir='ltr'><strong>et</strong></span> <span class='ocrx_word' id='word_1_557' title='bbox 2688 1080 2810 1121; x_wconf 90' lang='lat' dir='ltr'><strong>cum</strong></span> <span class='ocrx_word' id='word_1_558' title='bbox 2857 1064 2960 1120; x_wconf 90' lang='lat' dir='ltr'><strong>hoc</strong></span> <span class='ocrx_word' id='word_1_559' title='bbox 3000 1063 3224 1129; x_wconf 83' lang='lat' dir='ltr'><strong>faciunt,</strong></span> <span class='ocrx_word' id='word_1_560' title='bbox 3268 1079 3377 1120; x_wconf 91' lang='lat' dir='ltr'><strong>non</strong></span> <span class='ocrx_word' id='word_1_561' title='bbox 3424 1064 3526 1119; x_wconf 89' lang='lat' dir='ltr'><strong>hoc</strong></span> 
     </span>
    </p>
   </div>
   <div class='ocr_carea' id='block_1_77' title="bbox 1938 1156 3524 1230">
    <p class='ocr_par' dir='ltr' id='par_1_77' title="bbox 1938 1156 3524 1230">
     <span class='ocr_line' id='line_1_79' title="bbox 1938 1156 3524 1230; baseline -0.001 -16"><span class='ocrx_word' id='word_1_562' title='bbox 1938 1158 2050 1229; x_wconf 87' lang='lat' dir='ltr'><strong>jam</strong></span> <span class='ocrx_word' id='word_1_563' title='bbox 2070 1174 2191 1216; x_wconf 87' lang='lat' dir='ltr'><strong>esse</strong></span> <span class='ocrx_word' id='word_1_564' title='bbox 2212 1159 2357 1230; x_wconf 91' lang='lat' dir='ltr'><strong>quod</strong></span> <span class='ocrx_word' id='word_1_565' title='bbox 2383 1159 2534 1230; x_wconf 88' lang='lat' dir='ltr'><strong>prius</strong></span> <span class='ocrx_word' id='word_1_566' title='bbox 2555 1158 2708 1213; x_wconf 87' lang='lat' dir='ltr'><strong>fuere</strong></span> <span class='ocrx_word' id='word_1_567' title='bbox 2730 1156 2917 1228; x_wconf 88' lang='lat' dir='ltr'><strong>procul</strong></span> <span class='ocrx_word' id='word_1_568' title='bbox 2940 1156 3103 1213; x_wconf 89' lang='lat' dir='ltr'><strong>dubio</strong></span> <span class='ocrx_word' id='word_1_569' title='bbox 3121 1165 3486 1226; x_wconf 85' lang='lat' dir='ltr'><strong>protestantur</strong></span> <span class='ocrx_word' id='word_1_570' title='bbox 3508 1172 3524 1212; x_wconf 87' lang='lat'><strong>:</strong></span> 
     </span>
    </p>
   </div>
   <div class='ocr_carea' id='block_1_78' title="bbox 1944 1251 3518 1324">
    <p class='ocr_par' dir='ltr' id='par_1_78' title="bbox 1944 1251 3518 1324">
     <span class='ocr_line' id='line_1_80' title="bbox 1944 1251 3518 1324; baseline -0.001 -14"><span class='ocrx_word' id='word_1_571' title='bbox 1944 1261 1999 1310; x_wconf 91' lang='lat' dir='ltr'><strong>et</strong></span> <span class='ocrx_word' id='word_1_572' title='bbox 2026 1256 2070 1310; x_wconf 92' lang='lat' dir='ltr'><strong>si</strong></span> <span class='ocrx_word' id='word_1_573' title='bbox 2098 1254 2242 1309; x_wconf 90' lang='lat' dir='ltr'><strong>aliud</strong></span> <span class='ocrx_word' id='word_1_574' title='bbox 2274 1253 2384 1309; x_wconf 90' lang='lat' dir='ltr'><strong>sint</strong></span> <span class='ocrx_word' id='word_1_575' title='bbox 2410 1270 2571 1324; x_wconf 89' lang='lat' dir='ltr'><strong>quam</strong></span> <span class='ocrx_word' id='word_1_576' title='bbox 2619 1251 2804 1317; x_wconf 86' lang='lat' dir='ltr'><strong>fuere,</strong></span> <span class='ocrx_word' id='word_1_577' title='bbox 2850 1252 3206 1308; x_wconf 84' lang='lat' dir='ltr'><strong>mutationem</strong></span> <span class='ocrx_word' id='word_1_578' title='bbox 3247 1268 3518 1324; x_wconf 89' lang='lat' dir='ltr'><strong>accepere.</strong></span> 
     </span>
    </p>
   </div>
   <div class='ocr_carea' id='block_1_79' title="bbox 1944 1344 3525 1416">
    <p class='ocr_par' dir='ltr' id='par_1_79' title="bbox 1944 1344 3525 1416">
     <span class='ocr_line' id='line_1_81' title="bbox 1944 1344 3525 1416; baseline 0 -15"><span class='ocrx_word' id='word_1_579' title='bbox 1944 1344 2076 1401; x_wconf 90' lang='lat' dir='ltr'><strong>Cum</strong></span> <span class='ocrx_word' id='word_1_580' title='bbox 2099 1347 2206 1401; x_wconf 91' lang='lat' dir='ltr'><strong>hoc</strong></span> <span class='ocrx_word' id='word_1_581' title='bbox 2242 1345 2429 1416; x_wconf 89' lang='lat' dir='ltr'><strong>negari</strong></span> <span class='ocrx_word' id='word_1_582' title='bbox 2455 1362 2559 1401; x_wconf 91' lang='lat' dir='ltr'><strong>non</strong></span> <span class='ocrx_word' id='word_1_583' title='bbox 2594 1345 2802 1415; x_wconf 88' lang='lat' dir='ltr'><strong>possit,</strong></span> <span class='ocrx_word' id='word_1_584' title='bbox 2824 1344 3011 1400; x_wconf 87' lang='lat' dir='ltr'><strong>dicant</strong></span> <span class='ocrx_word' id='word_1_585' title='bbox 3047 1344 3341 1401; x_wconf 89' lang='lat' dir='ltr'><strong>secundum</strong></span> <span class='ocrx_word' id='word_1_586' title='bbox 3381 1344 3525 1414; x_wconf 85' lang='lat' dir='ltr'><strong>quod</strong></span> 
     </span>
    </p>
   </div>
   <div class='ocr_carea' id='block_1_80' title="bbox 1942 1434 3526 1507">
    <p class='ocr_par' dir='ltr' id='par_1_80' title="bbox 1942 1434 3526 1507">
     <span class='ocr_line' id='line_1_82' title="bbox 1942 1434 3526 1507; baseline 0.003 -18"><span class='ocrx_word' id='word_1_587' title='bbox 1942 1443 2247 1506; x_wconf 87' lang='lat' dir='ltr'><strong>permutata</strong></span> <span class='ocrx_word' id='word_1_588' title='bbox 2290 1444 2454 1490; x_wconf 90' lang='lat' dir='ltr'><strong>sunt:</strong></span> <span class='ocrx_word' id='word_1_589' title='bbox 2500 1434 2856 1507; x_wconf 85' lang='lat' dir='ltr'><strong>corporaliter</strong></span> <span class='ocrx_word' id='word_1_590' title='bbox 2903 1449 3138 1504; x_wconf 86' lang='lat' dir='ltr'><strong>namque</strong></span> <span class='ocrx_word' id='word_1_591' title='bbox 3182 1434 3317 1491; x_wconf 87' lang='lat' dir='ltr'><strong>nihil</strong></span> <span class='ocrx_word' id='word_1_592' title='bbox 3363 1437 3417 1491; x_wconf 91' lang='lat' dir='ltr'><strong>iu</strong></span> <span class='ocrx_word' id='word_1_593' title='bbox 3447 1437 3526 1493; x_wconf 88' lang='lat' dir='ltr'><strong>eis</strong></span> 
     </span>
    </p>
   </div>
   <div class='ocr_carea' id='block_1_81' title="bbox 1943 1527 3529 1600">
    <p class='ocr_par' dir='ltr' id='par_1_81' title="bbox 1943 1527 3529 1600">
     <span class='ocr_line' id='line_1_83' title="bbox 1943 1527 3529 1600; baseline 0 -16"><span class='ocrx_word' id='word_1_594' title='bbox 1943 1529 2185 1584; x_wconf 84' lang='lat' dir='ltr'><strong>cernitur</strong></span> <span class='ocrx_word' id='word_1_595' title='bbox 2228 1544 2350 1584; x_wconf 84' lang='lat' dir='ltr'><strong>esse</strong></span> <span class='ocrx_word' id='word_1_596' title='bbox 2388 1536 2775 1599; x_wconf 88' lang='lat' dir='ltr'><strong>permutatum.</strong></span> <span class='ocrx_word' id='word_1_597' title='bbox 2803 1541 2830 1569; x_wconf 69' lang='grc' dir='ltr'>α</span> <span class='ocrx_word' id='word_1_598' title='bbox 2867 1528 3204 1584; x_wconf 88' lang='lat' dir='ltr'><strong>Fatebuntur</strong></span> <span class='ocrx_word' id='word_1_599' title='bbox 3244 1527 3410 1600; x_wconf 92' lang='lat' dir='ltr'><strong>igitur</strong></span> <span class='ocrx_word' id='word_1_600' title='bbox 3435 1544 3529 1584; x_wconf 79' lang='lat' dir='ltr'><strong>ne-</strong></span> 
     </span>
    </p>
   </div>
   <div class='ocr_carea' id='block_1_82' title="bbox 1944 1619 3531 1690">
    <p class='ocr_par' dir='ltr' id='par_1_82' title="bbox 1944 1619 3531 1690">
     <span class='ocr_line' id='line_1_84' title="bbox 1944 1619 3531 1690; baseline -0.001 -13"><span class='ocrx_word' id='word_1_601' title='bbox 1944 1636 2096 1677; x_wconf 89' lang='lat' dir='ltr'><strong>cesse</strong></span> <span class='ocrx_word' id='word_1_602' title='bbox 2123 1630 2208 1676; x_wconf 90' lang='lat' dir='ltr'><strong>est</strong></span> <span class='ocrx_word' id='word_1_603' title='bbox 2232 1628 2324 1675; x_wconf 89' lang='lat' dir='ltr'><strong>aut</strong></span> <span class='ocrx_word' id='word_1_604' title='bbox 2346 1629 2551 1676; x_wconf 88' lang='lat' dir='ltr'><strong>mutata</strong></span> <span class='ocrx_word' id='word_1_605' title='bbox 2586 1634 2706 1677; x_wconf 84' lang='lat' dir='ltr'><strong>esse</strong></span> <span class='ocrx_word' id='word_1_606' title='bbox 2737 1621 3032 1676; x_wconf 89' lang='lat' dir='ltr'><strong>secundum</strong></span> <span class='ocrx_word' id='word_1_607' title='bbox 3061 1619 3207 1675; x_wconf 88' lang='lat' dir='ltr'><strong>aliud</strong></span> <span class='ocrx_word' id='word_1_608' title='bbox 3247 1632 3408 1690; x_wconf 86' lang='lat' dir='ltr'><strong>quam</strong></span> <span class='ocrx_word' id='word_1_609' title='bbox 3443 1634 3531 1675; x_wconf 86' lang='lat' dir='ltr'><strong>se-</strong></span> 
     </span>
    </p>
   </div>
   <div class='ocr_carea' id='block_1_83' title="bbox 1944 1706 3528 1785">
    <p class='ocr_par' dir='ltr' id='par_1_83' title="bbox 1944 1706 3528 1785">
     <span class='ocr_line' id='line_1_85' title="bbox 1944 1706 3528 1785; baseline -0.001 -16"><span class='ocrx_word' id='word_1_610' title='bbox 1944 1715 2179 1770; x_wconf 89' lang='lat' dir='ltr'><strong>cundum</strong></span> <span class='ocrx_word' id='word_1_611' title='bbox 2205 1729 2437 1785; x_wconf 87' lang='lat' dir='ltr'><strong>corpus;</strong></span> <span class='ocrx_word' id='word_1_612' title='bbox 2469 1706 2533 1769; x_wconf 78' lang='lat' dir='ltr'><strong>ac</strong></span> <span class='ocrx_word' id='word_1_613' title='bbox 2561 1728 2658 1784; x_wconf 88' lang='lat' dir='ltr'><strong>per</strong></span> <span class='ocrx_word' id='word_1_614' title='bbox 2685 1713 2786 1768; x_wconf 88' lang='lat' dir='ltr'><strong>hoc</strong></span> <span class='ocrx_word' id='word_1_615' title='bbox 2830 1728 2936 1768; x_wconf 90' lang='lat' dir='ltr'><strong>non</strong></span> <span class='ocrx_word' id='word_1_616' title='bbox 2977 1727 3100 1768; x_wconf 86' lang='lat' dir='ltr'><strong>esse</strong></span> <span class='ocrx_word' id='word_1_617' title='bbox 3138 1712 3241 1769; x_wconf 89' lang='lat' dir='ltr'><strong>hoc</strong></span> <span class='ocrx_word' id='word_1_618' title='bbox 3283 1712 3426 1782; x_wconf 89' lang='lat' dir='ltr'><strong>quod</strong></span> <span class='ocrx_word' id='word_1_619' title='bbox 3473 1711 3528 1767; x_wconf 88' lang='lat' dir='ltr'><strong>in</strong></span> 
     </span>
    </p>
   </div>
   <div class='ocr_carea' id='block_1_84' title="bbox 1945 1804 3527 1874">
    <p class='ocr_par' dir='ltr' id='par_1_84' title="bbox 1945 1804 3527 1874">
     <span class='ocr_line' id='line_1_86' title="bbox 1945 1804 3527 1874; baseline -0.001 -16"><span class='ocrx_word' id='word_1_620' title='bbox 1945 1806 2173 1860; x_wconf 82' lang='lat' dir='ltr'><strong>veritate</strong></span> <span class='ocrx_word' id='word_1_621' title='bbox 2222 1805 2496 1870; x_wconf 86' lang='lat' dir='ltr'><strong>videntur,</strong></span> <span class='ocrx_word' id='word_1_622' title='bbox 2528 1805 2622 1860; x_wconf 86' lang='lat' dir='ltr'><strong>sed</strong></span> <span class='ocrx_word' id='word_1_623' title='bbox 2660 1804 2808 1858; x_wconf 85' lang='lat' dir='ltr'><strong>aliud</strong></span> <span class='ocrx_word' id='word_1_624' title='bbox 2855 1804 2997 1874; x_wconf 89' lang='lat' dir='ltr'><strong>quod</strong></span> <span class='ocrx_word' id='word_1_625' title='bbox 3028 1818 3136 1859; x_wconf 90' lang='lat' dir='ltr'><strong>non</strong></span> <span class='ocrx_word' id='word_1_626' title='bbox 3179 1818 3301 1858; x_wconf 88' lang='lat' dir='ltr'><strong>esse</strong></span> <span class='ocrx_word' id='word_1_627' title='bbox 3329 1816 3527 1858; x_wconf 59' lang='lat' dir='ltr'><strong>secuti-</strong></span> 
     </span>
    </p>
   </div>
   <div class='ocr_carea' id='block_1_85' title="bbox 1866 1895 3531 1969">
    <p class='ocr_par' dir='ltr' id='par_1_85' title="bbox 1866 1895 3531 1969">
     <span class='ocr_line' id='line_1_87' title="bbox 1866 1895 3531 1969; baseline -0.003 -12"><span class='ocrx_word' id='word_1_628' title='bbox 1866 1897 1914 1957; x_wconf 90' lang='lat' dir='ltr'><strong>B</strong></span> <span class='ocrx_word' id='word_1_629' title='bbox 1942 1899 2069 1953; x_wconf 92' lang='lat' dir='ltr'><strong>dum</strong></span> <span class='ocrx_word' id='word_1_630' title='bbox 2092 1898 2367 1969; x_wconf 87' lang='lat' dir='ltr'><strong>propriam</strong></span> <span class='ocrx_word' id='word_1_631' title='bbox 2394 1897 2684 1953; x_wconf 88' lang='lat' dir='ltr'><strong>essentiam</strong></span> <span class='ocrx_word' id='word_1_632' title='bbox 2703 1904 3021 1951; x_wconf 89' lang='lat' dir='ltr'><strong>cernuntur.</strong></span> <span class='ocrx_word' id='word_1_633' title='bbox 3048 1895 3199 1951; x_wconf 78' lang='lat' dir='ltr'><strong>l&gt;Aut</strong></span> <span class='ocrx_word' id='word_1_634' title='bbox 3220 1896 3266 1951; x_wconf 87' lang='lat' dir='ltr'><strong>si</strong></span> <span class='ocrx_word' id='word_1_635' title='bbox 3291 1897 3394 1952; x_wconf 91' lang='lat' dir='ltr'><strong>hoc</strong></span> <span class='ocrx_word' id='word_1_636' title='bbox 3409 1910 3531 1967; x_wconf 87' lang='lat' dir='ltr'><strong>pro-</strong></span> 
     </span>
    </p>
   </div>
   <div class='ocr_carea' id='block_1_86' title="bbox 1942 1988 3530 2060">
    <p class='ocr_par' dir='ltr' id='par_1_86' title="bbox 1942 1988 3530 2060">
     <span class='ocr_line' id='line_1_88' title="bbox 1942 1988 3530 2060; baseline 0 -16"><span class='ocrx_word' id='word_1_637' title='bbox 1942 1989 2082 2045; x_wconf 85' lang='lat' dir='ltr'><strong>fiteri</strong></span> <span class='ocrx_word' id='word_1_638' title='bbox 2128 1990 2421 2054; x_wconf 90' lang='lat' dir='ltr'><strong>noluerint,</strong></span> <span class='ocrx_word' id='word_1_639' title='bbox 2473 1988 2870 2059; x_wconf 89' lang='lat' dir='ltr'><strong>compelluntur</strong></span> <span class='ocrx_word' id='word_1_640' title='bbox 2915 2003 3115 2060; x_wconf 88' lang='lat' dir='ltr'><strong>negare</strong></span> <span class='ocrx_word' id='word_1_641' title='bbox 3159 2003 3357 2059; x_wconf 86' lang='lat' dir='ltr'><strong>corpus</strong></span> <span class='ocrx_word' id='word_1_642' title='bbox 3406 2003 3530 2051; x_wconf 79' lang='lat' dir='ltr'><strong>esse</strong></span> 
     </span>
    </p>
   </div>
   <div class='ocr_carea' id='block_1_87' title="bbox 1940 2083 3528 2157">
    <p class='ocr_par' dir='ltr' id='par_1_87' title="bbox 1940 2083 3528 2157">
     <span class='ocr_line' id='line_1_89' title="bbox 1940 2083 3528 2157; baseline 0 -18"><span class='ocrx_word' id='word_1_643' title='bbox 1940 2085 2366 2157; x_wconf 89' lang='lat' dir='ltr'><strong>sanguinemque</strong></span> <span class='ocrx_word' id='word_1_644' title='bbox 2389 2083 2610 2150; x_wconf 89' lang='lat' dir='ltr'><strong>Christi,</strong></span> <span class='ocrx_word' id='word_1_645' title='bbox 2646 2084 2788 2155; x_wconf 84' lang='lat' dir='ltr'><strong>quod</strong></span> <span class='ocrx_word' id='word_1_646' title='bbox 2816 2083 2970 2140; x_wconf 86' lang='lat' dir='ltr'><strong>nefas</strong></span> <span class='ocrx_word' id='word_1_647' title='bbox 2995 2090 3081 2140; x_wconf 88' lang='lat' dir='ltr'><strong>est</strong></span> <span class='ocrx_word' id='word_1_648' title='bbox 3109 2098 3219 2140; x_wconf 90' lang='lat' dir='ltr'><strong>non</strong></span> <span class='ocrx_word' id='word_1_649' title='bbox 3246 2083 3421 2140; x_wconf 91' lang='lat' dir='ltr'><strong>solum</strong></span> <span class='ocrx_word' id='word_1_650' title='bbox 3445 2083 3528 2140; x_wconf 90' lang='lat' dir='ltr'><strong>di-</strong></span> 
     </span>
    </p>
   </div>
   <div class='ocr_carea' id='block_1_88' title="bbox 1939 2178 2783 2247">
    <p class='ocr_par' dir='ltr' id='par_1_88' title="bbox 1939 2178 2783 2247">
     <span class='ocr_line' id='line_1_90' title="bbox 1939 2178 2783 2247; baseline -0.001 -16"><span class='ocrx_word' id='word_1_651' title='bbox 1939 2191 2082 2242; x_wconf 88' lang='lat' dir='ltr'><strong>cere,</strong></span> <span class='ocrx_word' id='word_1_652' title='bbox 2110 2191 2299 2231; x_wconf 85' lang='lat' dir='ltr'><strong>verum</strong></span> <span class='ocrx_word' id='word_1_653' title='bbox 2327 2178 2492 2232; x_wconf 88' lang='lat' dir='ltr'><strong>etiam</strong></span> <span class='ocrx_word' id='word_1_654' title='bbox 2522 2178 2783 2247; x_wconf 83' lang='lat' dir='ltr'><strong>cogitare.</strong></span> 
     </span>
    </p>
   </div>
   <div class='ocr_carea' id='block_1_89' title="bbox 2007 2268 3525 2341">
    <p class='ocr_par' dir='ltr' id='par_1_89' title="bbox 2007 2268 3525 2341">
     <span class='ocr_line' id='line_1_91' title="bbox 2007 2268 3525 2341; baseline 0.002 -17"><span class='ocrx_word' id='word_1_655' title='bbox 2007 2269 2145 2325; x_wconf 77' lang='lat' dir='ltr'><strong>XVI.</strong></span> <span class='ocrx_word' id='word_1_656' title='bbox 2174 2270 2243 2325; x_wconf 81' lang='lat' dir='ltr'><strong>At</strong></span> <span class='ocrx_word' id='word_1_657' title='bbox 2268 2271 2395 2340; x_wconf 87' lang='lat' dir='ltr'><strong>quia</strong></span> <span class='ocrx_word' id='word_1_658' title='bbox 2426 2268 2755 2325; x_wconf 89' lang='lat' dir='ltr'><strong>confitentur</strong></span> <span class='ocrx_word' id='word_1_659' title='bbox 2792 2277 2848 2323; x_wconf 90' lang='lat' dir='ltr'><strong>et</strong></span> <span class='ocrx_word' id='word_1_660' title='bbox 2892 2283 3091 2341; x_wconf 88' lang='lat' dir='ltr'><strong>corpus</strong></span> <span class='ocrx_word' id='word_1_661' title='bbox 3116 2277 3172 2324; x_wconf 91' lang='lat' dir='ltr'><strong>et</strong></span> <span class='ocrx_word' id='word_1_662' title='bbox 3207 2270 3525 2341; x_wconf 84' lang='lat' dir='ltr'><strong>sanguinem</strong></span> 
     </span>
    </p>
   </div>
   <div class='ocr_carea' id='block_1_90' title="bbox 1936 2361 3527 2432">
    <p class='ocr_par' dir='ltr' id='par_1_90' title="bbox 1936 2361 3527 2432">
     <span class='ocr_line' id='line_1_92' title="bbox 1936 2361 3527 2432; baseline 0.001 -15"><span class='ocrx_word' id='word_1_663' title='bbox 1936 2362 2032 2417; x_wconf 91' lang='lat' dir='ltr'><strong>Dei</strong></span> <span class='ocrx_word' id='word_1_664' title='bbox 2060 2376 2199 2427; x_wconf 90' lang='lat' dir='ltr'><strong>esse,</strong></span> <span class='ocrx_word' id='word_1_665' title='bbox 2224 2376 2327 2417; x_wconf 89' lang='lat' dir='ltr'><strong>nec</strong></span> <span class='ocrx_word' id='word_1_666' title='bbox 2374 2362 2477 2417; x_wconf 91' lang='lat' dir='ltr'><strong>hoc</strong></span> <span class='ocrx_word' id='word_1_667' title='bbox 2511 2375 2631 2417; x_wconf 85' lang='lat' dir='ltr'><strong>esse</strong></span> <span class='ocrx_word' id='word_1_668' title='bbox 2658 2361 2900 2432; x_wconf 81' lang='lat' dir='ltr'><strong>potuisse</strong></span> <span class='ocrx_word' id='word_1_669' title='bbox 2940 2361 3043 2416; x_wconf 89' lang='lat' dir='ltr'><strong>nisi</strong></span> <span class='ocrx_word' id='word_1_670' title='bbox 3075 2361 3218 2418; x_wconf 89' lang='lat' dir='ltr'><strong>facta</strong></span> <span class='ocrx_word' id='word_1_671' title='bbox 3246 2362 3302 2417; x_wconf 90' lang='lat' dir='ltr'><strong>in</strong></span> <span class='ocrx_word' id='word_1_672' title='bbox 3331 2362 3527 2419; x_wconf 87' lang='lat' dir='ltr'><strong>melius</strong></span> 
     </span>
    </p>
   </div>
   <div class='ocr_carea' id='block_1_91' title="bbox 1936 2452 3521 2524">
    <p class='ocr_par' dir='ltr' id='par_1_91' title="bbox 1936 2452 3521 2524">
     <span class='ocr_line' id='line_1_93' title="bbox 1936 2452 3521 2524; baseline 0.001 -16"><span class='ocrx_word' id='word_1_673' title='bbox 1936 2453 2377 2519; x_wconf 87' lang='lat' dir='ltr'><strong>commutatione,</strong></span> <span class='ocrx_word' id='word_1_674' title='bbox 2398 2464 2420 2494; x_wconf 73' lang='grc' dir='ltr'>ε</span> <span class='ocrx_word' id='word_1_675' title='bbox 2447 2466 2620 2523; x_wconf 87' lang='lat' dir='ltr'><strong>neque</strong></span> <span class='ocrx_word' id='word_1_676' title='bbox 2642 2452 2743 2508; x_wconf 90' lang='lat' dir='ltr'><strong>ista</strong></span> <span class='ocrx_word' id='word_1_677' title='bbox 2766 2452 3121 2509; x_wconf 89' lang='lat' dir='ltr'><strong>commutatio</strong></span> <span class='ocrx_word' id='word_1_678' title='bbox 3144 2453 3521 2524; x_wconf 85' lang='lat' dir='ltr'><strong>corporaliter,</strong></span> 
     </span>
    </p>
   </div>
   <div class='ocr_carea' id='block_1_92' title="bbox 1935 2534 3521 2616">
    <p class='ocr_par' dir='ltr' id='par_1_92' title="bbox 1935 2534 3521 2616">
     <span class='ocr_line' id='line_1_94' title="bbox 1935 2534 3521 2616; baseline -0.001 -15"><span class='ocrx_word' id='word_1_679' title='bbox 1935 2546 2029 2601; x_wconf 90' lang='lat' dir='ltr'><strong>sed</strong></span> <span class='ocrx_word' id='word_1_680' title='bbox 2065 2534 2420 2616; x_wconf 84' lang='lat' dir='ltr'><strong>spiritualiter</strong></span> <span class='ocrx_word' id='word_1_681' title='bbox 2441 2544 2582 2600; x_wconf 85' lang='lat' dir='ltr'><strong>facta</strong></span> <span class='ocrx_word' id='word_1_682' title='bbox 2614 2544 2705 2611; x_wconf 91' lang='lat' dir='ltr'><strong>sit,</strong></span> <span class='ocrx_word' id='word_1_683' title='bbox 2737 2543 2764 2584; x_wconf 73' lang='grc' dir='ltr'>ἀ</span> <span class='ocrx_word' id='word_1_684' title='bbox 2794 2557 3017 2600; x_wconf 86' lang='lat' dir='ltr'><strong>necesse</strong></span> <span class='ocrx_word' id='word_1_685' title='bbox 3038 2553 3125 2600; x_wconf 87' lang='lat' dir='ltr'><strong>est</strong></span> <span class='ocrx_word' id='word_1_686' title='bbox 3145 2544 3258 2614; x_wconf 87' lang='lat' dir='ltr'><strong>jam</strong></span> <span class='ocrx_word' id='word_1_687' title='bbox 3296 2556 3355 2600; x_wconf 90' lang='lat' dir='ltr'><strong>ut</strong></span> <span class='ocrx_word' id='word_1_688' title='bbox 3383 2544 3521 2615; x_wconf 82' lang='lat' dir='ltr'><strong>figu-</strong></span> 
     </span>
    </p>
   </div>
   <div class='ocr_carea' id='block_1_93' title="bbox 1936 2635 3521 2706">
    <p class='ocr_par' dir='ltr' id='par_1_93' title="bbox 1936 2635 3521 2706">
     <span class='ocr_line' id='line_1_95' title="bbox 1936 2635 3521 2706; baseline 0.001 -15"><span class='ocrx_word' id='word_1_689' title='bbox 1936 2645 2053 2693; x_wconf 87' lang='lat' dir='ltr'><strong>rate</strong></span> <span class='ocrx_word' id='word_1_690' title='bbox 2075 2637 2216 2692; x_wconf 84' lang='lat' dir='ltr'><strong>facta</strong></span> <span class='ocrx_word' id='word_1_691' title='bbox 2237 2652 2357 2693; x_wconf 87' lang='lat' dir='ltr'><strong>esse</strong></span> <span class='ocrx_word' id='word_1_692' title='bbox 2385 2637 2629 2702; x_wconf 86' lang='lat' dir='ltr'><strong>dicatur;</strong></span> <span class='ocrx_word' id='word_1_693' title='bbox 2657 2636 2912 2706; x_wconf 89' lang='lat' dir='ltr'><strong>quoniam</strong></span> <span class='ocrx_word' id='word_1_694' title='bbox 2939 2635 3042 2691; x_wconf 89' lang='lat' dir='ltr'><strong>sub</strong></span> <span class='ocrx_word' id='word_1_695' title='bbox 3068 2635 3375 2692; x_wconf 85' lang='lat' dir='ltr'><strong>velamento</strong></span> <span class='ocrx_word' id='word_1_696' title='bbox 3397 2652 3521 2694; x_wconf 86' lang='lat' dir='ltr'><strong>cor-</strong></span> 
     </span>
    </p>
   </div>
   <div class='ocr_carea' id='block_1_94' title="bbox 1933 2788 3522 2862">
    <p class='ocr_par' dir='ltr' id='par_1_94' title="bbox 1933 2788 3522 2862">
     <span class='ocr_line' id='line_1_96' title="bbox 1933 2788 3522 2862; baseline 0.001 -15"><span class='ocrx_word' id='word_1_697' title='bbox 1933 2806 1998 2847; x_wconf 88' lang='lat' dir='ltr'><strong>eo</strong></span> <span class='ocrx_word' id='word_1_698' title='bbox 2020 2791 2162 2862; x_wconf 90' lang='lat' dir='ltr'><strong>quod</strong></span> <span class='ocrx_word' id='word_1_699' title='bbox 2188 2791 2436 2847; x_wconf 89' lang='lat' dir='ltr'><strong>sensibus</strong></span> <span class='ocrx_word' id='word_1_700' title='bbox 2463 2792 2779 2862; x_wconf 89' lang='lat' dir='ltr'><strong>percipitur.</strong></span> <span class='ocrx_word' id='word_1_701' title='bbox 2798 2790 2897 2846; x_wconf 87' lang='lat' dir='ltr'><strong>Hic</strong></span> <span class='ocrx_word' id='word_1_702' title='bbox 2921 2800 3005 2862; x_wconf 78' lang='lat' dir='ltr'><strong>est</strong></span> <span class='ocrx_word' id='word_1_703' title='bbox 3034 2791 3177 2846; x_wconf 91' lang='lat' dir='ltr'><strong>enim</strong></span> <span class='ocrx_word' id='word_1_704' title='bbox 3204 2788 3363 2861; x_wconf 87' lang='lat' dir='ltr'><strong>hujus</strong></span> <span class='ocrx_word' id='word_1_705' title='bbox 3390 2809 3522 2849; x_wconf 88' lang='lat' dir='ltr'><strong>cou-</strong></span> 
     </span>
    </p>
   </div>
   <div class='ocr_carea' id='block_1_95' title="bbox 1933 2860 3523 2933">
    <p class='ocr_par' dir='ltr' id='par_1_95' title="bbox 1933 2860 3523 2933">
     <span class='ocr_line' id='line_1_97' title="bbox 1933 2860 3523 2933; baseline 0.003 -17"><span class='ocrx_word' id='word_1_706' title='bbox 1933 2860 2227 2917; x_wconf 81' lang='lat' dir='ltr'><strong>cinnatoris</strong></span> <span class='ocrx_word' id='word_1_707' title='bbox 2274 2860 2557 2933; x_wconf 55' lang='lat' dir='ltr'><strong>Operis&#39;de</strong></span> <span class='ocrx_word' id='word_1_708' title='bbox 2603 2860 2842 2933; x_wconf 89' lang='lat' dir='ltr'><strong>Corpore</strong></span> <span class='ocrx_word' id='word_1_709' title='bbox 2882 2871 2934 2917; x_wconf 91' lang='lat' dir='ltr'><strong>et</strong></span> <span class='ocrx_word' id='word_1_710' title='bbox 2983 2860 3256 2932; x_wconf 87' lang='lat' dir='ltr'><strong>Sanguine</strong></span> <span class='ocrx_word' id='word_1_711' title='bbox 3306 2863 3523 2922; x_wconf 90' lang='lat' dir='ltr'><strong>Domini</strong></span> 
     </span>
    </p>
   </div>
   <div class='ocr_carea' id='block_1_96' title="bbox 1932 2932 3521 3057">
    <p class='ocr_par' dir='ltr' id='par_1_96' title="bbox 1932 2932 3521 3057">
     <span class='ocr_line' id='line_1_98' title="bbox 1932 2932 3521 3057; baseline 0.004 -71"><span class='ocrx_word' id='word_1_712' title='bbox 1932 2933 2198 3057; x_wconf 61' lang='lat' dir='ltr'><strong>genuinus</strong></span> <span class='ocrx_word' id='word_1_713' title='bbox 2222 2948 2431 2988; x_wconf 90' lang='lat' dir='ltr'><strong>sensus.</strong></span> <span class='ocrx_word' id='word_1_714' title='bbox 2460 2932 2562 3000; x_wconf 85' lang='lat' dir='ltr'><strong>Qui</strong></span> <span class='ocrx_word' id='word_1_715' title='bbox 2590 2932 2775 2990; x_wconf 75' lang='lat' dir='ltr'><strong>revera</strong></span> <span class='ocrx_word' id='word_1_716' title='bbox 2813 2949 2919 2987; x_wconf 88' lang='lat' dir='ltr'><strong>non</strong></span> <span class='ocrx_word' id='word_1_717' title='bbox 2947 2932 3149 3003; x_wconf 85' lang='lat' dir='ltr'><strong>cogitat</strong></span> <span class='ocrx_word' id='word_1_718' title='bbox 3174 2934 3374 2988; x_wconf 86' lang='lat' dir='ltr'><strong>nullam</strong></span> <span class='ocrx_word' id='word_1_719' title='bbox 3397 2949 3521 2992; x_wconf 85' lang='lat' dir='ltr'><strong>esse</strong></span> 
     </span>
     <span class='ocr_line' id='line_1_99' title="bbox 1955 3004 3517 3057; baseline 0 0"><span class='ocrx_word' id='word_1_720' title='bbox 1955 3012 2128 3057; x_wconf 88' lang='lat' dir='ltr'><strong>actam</strong></span> <span class='ocrx_word' id='word_1_721' title='bbox 2152 3004 2629 3057; x_wconf 87' lang='lat' dir='ltr'><strong>commutationem</strong></span> <span class='ocrx_word' id='word_1_722' title='bbox 2652 3005 2704 3057; x_wconf 92' lang='lat' dir='ltr'><strong>in</strong></span> <span class='ocrx_word' id='word_1_723' title='bbox 2722 3004 3022 3057; x_wconf 87' lang='lat' dir='ltr'><strong>substantia</strong></span> <span class='ocrx_word' id='word_1_724' title='bbox 3048 3020 3237 3057; x_wconf 74' lang='lat' dir='ltr'><strong>reapse</strong></span> <span class='ocrx_word' id='word_1_725' title='bbox 3256 3022 3517 3057; x_wconf 76' lang='lat' dir='ltr'><strong>corporea</strong></span> 
     </span>
    </p>
   </div>
   <div class='ocr_carea' id='block_1_97' title="bbox 1955 3004 3517 3075">
    <p class='ocr_par' dir='ltr' id='par_1_97' title="bbox 1955 3004 3517 3075">
     <span class='ocr_line' id='line_1_100' title="bbox 1955 3004 3517 3075; baseline 0.004 -18"><span class='ocrx_word' id='word_1_726' title='bbox 1955 3006 2128 3059; x_wconf 82' lang='lat' dir='ltr'><strong>actam</strong></span> <span class='ocrx_word' id='word_1_727' title='bbox 2152 3004 2629 3060; x_wconf 87' lang='lat' dir='ltr'><strong>commutationem</strong></span> <span class='ocrx_word' id='word_1_728' title='bbox 2652 3005 2704 3060; x_wconf 91' lang='lat' dir='ltr'><strong>in</strong></span> <span class='ocrx_word' id='word_1_729' title='bbox 2722 3004 3022 3060; x_wconf 85' lang='lat' dir='ltr'><strong>substantia</strong></span> <span class='ocrx_word' id='word_1_730' title='bbox 3048 3020 3237 3074; x_wconf 86' lang='lat' dir='ltr'><strong>reapse</strong></span> <span class='ocrx_word' id='word_1_731' title='bbox 3256 3022 3517 3075; x_wconf 88' lang='lat' dir='ltr'><strong>corporea</strong></span> 
     </span>
    </p>
   </div>
   <div class='ocr_carea' id='block_1_98' title="bbox 1931 3075 3520 3156">
    <p class='ocr_par' dir='ltr' id='par_1_98' title="bbox 1931 3075 3520 3156">
     <span class='ocr_line' id='line_1_101' title="bbox 1931 3075 3520 3156; baseline 0.003 -28"><span class='ocrx_word' id='word_1_732' title='bbox 1931 3076 2085 3146; x_wconf 89' lang='lat' dir='ltr'><strong>panis</strong></span> <span class='ocrx_word' id='word_1_733' title='bbox 2108 3086 2162 3130; x_wconf 91' lang='lat' dir='ltr'><strong>et</strong></span> <span class='ocrx_word' id='word_1_734' title='bbox 2191 3076 2321 3139; x_wconf 90' lang='lat' dir='ltr'><strong>vini,</strong></span> <span class='ocrx_word' id='word_1_735' title='bbox 2353 3075 2446 3131; x_wconf 91' lang='lat' dir='ltr'><strong>sed</strong></span> <span class='ocrx_word' id='word_1_736' title='bbox 2467 3076 2652 3156; x_wconf 77' lang='lat' dir='ltr'><strong>solum</strong></span> <span class='ocrx_word' id='word_1_737' title='bbox 2678 3077 2731 3130; x_wconf 92' lang='lat' dir='ltr'><strong>in</strong></span> <span class='ocrx_word' id='word_1_738' title='bbox 2759 3091 2825 3131; x_wconf 92' lang='lat' dir='ltr'><strong>eo</strong></span> <span class='ocrx_word' id='word_1_739' title='bbox 2851 3075 2993 3156; x_wconf 81' lang='lat' dir='ltr'><strong>quod</strong></span> <span class='ocrx_word' id='word_1_740' title='bbox 3026 3089 3218 3156; x_wconf 68' lang='lat' dir='ltr'><strong>sensus</strong></span> <span class='ocrx_word' id='word_1_741' title='bbox 3238 3076 3520 3156; x_wconf 75' lang='lat' dir='ltr'><strong>ocultu&#39;um</strong></span> 
     </span>
    </p>
   </div>
   <div class='ocr_carea' id='block_1_99' title="bbox 1930 3145 3518 3219">
    <p class='ocr_par' dir='ltr' id='par_1_99' title="bbox 1930 3145 3518 3219">
     <span class='ocr_line' id='line_1_102' title="bbox 1930 3145 3518 3219; baseline 0.003 -19"><span class='ocrx_word' id='word_1_742' title='bbox 1930 3145 2239 3219; x_wconf 85' lang='lat' dir='ltr'><strong>nostrorum</strong></span> <span class='ocrx_word' id='word_1_743' title='bbox 2283 3148 2599 3219; x_wconf 83' lang='lat' dir='ltr'><strong>perstringit</strong></span> <span class='ocrx_word' id='word_1_744' title='bbox 2629 3156 2683 3200; x_wconf 88' lang='lat' dir='ltr'><strong>ct</strong></span> <span class='ocrx_word' id='word_1_745' title='bbox 2718 3145 2937 3219; x_wconf 85' lang='lat' dir='ltr'><strong>ptmgit_,</strong></span> <span class='ocrx_word' id='word_1_746' title='bbox 2970 3145 3176 3201; x_wconf 89' lang='lat' dir='ltr'><strong>scilicet</strong></span> <span class='ocrx_word' id='word_1_747' title='bbox 3205 3150 3518 3218; x_wconf 85' lang='lat' dir='ltr'><strong>speciebus,</strong></span> 
     </span>
    </p>
   </div>
   <div class='ocr_carea' id='block_1_100' title="bbox 1929 3216 3520 3289">
    <p class='ocr_par' dir='ltr' id='par_1_100' title="bbox 1929 3216 3520 3289">
     <span class='ocr_line' id='line_1_103' title="bbox 1929 3216 3520 3289; baseline 0.004 -19"><span class='ocrx_word' id='word_1_748' title='bbox 1929 3218 2006 3289; x_wconf 84' lang='lat' dir='ltr'><strong>uti</strong></span> <span class='ocrx_word' id='word_1_749' title='bbox 2048 3218 2303 3272; x_wconf 91' lang='lat' dir='ltr'><strong>observat</strong></span> <span class='ocrx_word' id='word_1_750' title='bbox 2348 3216 2430 3271; x_wconf 89' lang='lat' dir='ltr'><strong>his</strong></span> <span class='ocrx_word' id='word_1_751' title='bbox 2470 3216 2650 3289; x_wconf 76' lang='lat' dir='ltr'><strong>verbis</strong></span> <span class='ocrx_word' id='word_1_752' title='bbox 2684 3216 3251 3289; x_wconf 81' lang='lat' dir='ltr'><strong>cunceptis,_numero</strong></span> <span class='ocrx_word' id='word_1_753' title='bbox 3293 3222 3417 3289; x_wconf 88' lang='lat' dir='ltr'><strong>qui,</strong></span> <span class='ocrx_word' id='word_1_754' title='bbox 3461 3230 3520 3276; x_wconf 88' lang='lat' dir='ltr'><strong>ut</strong></span> 
     </span>
    </p>
   </div>
   <div class='ocr_carea' id='block_1_101' title="bbox 1926 3286 3519 3360">
    <p class='ocr_par' dir='ltr' id='par_1_101' title="bbox 1926 3286 3519 3360">
     <span class='ocr_line' id='line_1_104' title="bbox 1926 3286 3519 3360; baseline 0.002 -17"><span class='ocrx_word' id='word_1_755' title='bbox 1926 3286 2131 3343; x_wconf 88' lang='lat' dir='ltr'><strong>Gellius</strong></span> <span class='ocrx_word' id='word_1_756' title='bbox 2160 3290 2273 3360; x_wconf 84' lang='lat' dir='ltr'><strong>ait,</strong></span> <span class='ocrx_word' id='word_1_757' title='bbox 2305 3288 2604 3343; x_wconf 78' lang='lat' dir='ltr'><strong>immediate</strong></span> <span class='ocrx_word' id='word_1_758' title='bbox 2645 3286 2940 3360; x_wconf 69' lang='lat' dir='ltr'><strong>praecedit:</strong></span> <span class='ocrx_word' id='word_1_759' title='bbox 2974 3286 3333 3358; x_wconf 75' lang='lat' dir='ltr'><strong>Corporaliter</strong></span> <span class='ocrx_word' id='word_1_760' title='bbox 3368 3308 3519 3346; x_wconf 84' lang='lat' dir='ltr'><strong>nam-</strong></span> 
     </span>
    </p>
   </div>
   <div class='ocr_carea' id='block_1_102' title="bbox 1922 3358 3518 3431">
    <p class='ocr_par' dir='ltr' id='par_1_102' title="bbox 1922 3358 3518 3431">
     <span class='ocr_line' id='line_1_105' title="bbox 1922 3358 3518 3431; baseline 0.004 -19"><span class='ocrx_word' id='word_1_761' title='bbox 1922 3375 2021 3429; x_wconf 88' lang='lat' dir='ltr'><strong>que</strong></span> <span class='ocrx_word' id='word_1_762' title='bbox 2049 3358 2179 3431; x_wconf 81' lang='lat' dir='ltr'><strong>nihil</strong></span> <span class='ocrx_word' id='word_1_763' title='bbox 2220 3361 2272 3411; x_wconf 85' lang='lat' dir='ltr'><strong>in</strong></span> <span class='ocrx_word' id='word_1_764' title='bbox 2310 3358 2657 3431; x_wconf 2' lang='lat' dir='ltr'><strong>episcernitur’</strong></span> <span class='ocrx_word' id='word_1_765' title='bbox 2670 3361 3037 3425; x_wconf 88' lang='lat' dir='ltr'><strong>immutatum,</strong></span> <span class='ocrx_word' id='word_1_766' title='bbox 3084 3359 3139 3414; x_wconf 90' lang='lat' dir='ltr'><strong>id</strong></span> <span class='ocrx_word' id='word_1_767' title='bbox 3163 3371 3246 3415; x_wconf 87' lang='lat' dir='ltr'><strong>est</strong></span> <span class='ocrx_word' id='word_1_768' title='bbox 3272 3364 3518 3431; x_wconf 87' lang='lat' dir='ltr'><strong>corporis</strong></span> 
     </span>
    </p>
   </div>
   <div class='ocr_carea' id='block_1_103' title="bbox 1924 3429 2897 3500">
    <p class='ocr_par' dir='ltr' id='par_1_103' title="bbox 1924 3429 2897 3500">
     <span class='ocr_line' id='line_1_106' title="bbox 1924 3429 2897 3500; baseline 0.002 -17"><span class='ocrx_word' id='word_1_769' title='bbox 1924 3429 2173 3500; x_wconf 78' lang='lat' dir='ltr'><strong>sensibus</strong></span> <span class='ocrx_word' id='word_1_770' title='bbox 2199 3430 2494 3500; x_wconf 88' lang='lat' dir='ltr'><strong>percipitur</strong></span> <span class='ocrx_word' id='word_1_771' title='bbox 2530 3429 2897 3486; x_wconf 88' lang='lat' dir='ltr'><strong>immutatum.</strong></span> 
     </span>
    </p>
   </div>
   <div class='ocr_carea' id='block_1_104' title="bbox 1993 3497 3515 3571">
    <p class='ocr_par' dir='ltr' id='par_1_104' title="bbox 1993 3497 3515 3571">
     <span class='ocr_line' id='line_1_107' title="bbox 1993 3497 3515 3571; baseline 0.004 -19"><span class='ocrx_word' id='word_1_772' title='bbox 1993 3497 2020 3540; x_wconf 73' lang='grc' dir='ltr'>ά</span> <span class='ocrx_word' id='word_1_773' title='bbox 2069 3497 2293 3553; x_wconf 75' lang='lat' dir='ltr'><strong>Necesse</strong></span> <span class='ocrx_word' id='word_1_774' title='bbox 2320 3497 2394 3553; x_wconf 83' lang='lat' dir='ltr'><strong>est</strong></span> <span class='ocrx_word' id='word_1_775' title='bbox 2426 3499 2546 3569; x_wconf 90' lang='lat' dir='ltr'><strong>jam</strong></span> <span class='ocrx_word' id='word_1_776' title='bbox 2586 3511 2641 3554; x_wconf 88' lang='lat' dir='ltr'><strong>ut</strong></span> <span class='ocrx_word' id='word_1_777' title='bbox 2685 3500 2910 3571; x_wconf 83' lang='lat' dir='ltr'><strong>ﬁgurate</strong></span> <span class='ocrx_word' id='word_1_778' title='bbox 2947 3499 3088 3570; x_wconf 75' lang='lat' dir='ltr'><strong>facta</strong></span> <span class='ocrx_word' id='word_1_779' title='bbox 3129 3516 3239 3555; x_wconf 87' lang='lat' dir='ltr'><strong>esse</strong></span> <span class='ocrx_word' id='word_1_780' title='bbox 3285 3500 3515 3559; x_wconf 82' lang='lat' dir='ltr'><strong>dicatur.</strong></span> 
     </span>
    </p>
   </div>
   <div class='ocr_carea' id='block_1_105' title="bbox 1923 3568 3517 3644">
    <p class='ocr_par' dir='ltr' id='par_1_105' title="bbox 1923 3568 3517 3644">
     <span class='ocr_line' id='line_1_108' title="bbox 1923 3568 3517 3644; baseline 0.001 -20"><span class='ocrx_word' id='word_1_781' title='bbox 1923 3568 2035 3625; x_wconf 82' lang='lat' dir='ltr'><strong>Hoc</strong></span> <span class='ocrx_word' id='word_1_782' title='bbox 2066 3571 2382 3644; x_wconf 77' lang='lat' dir='ltr'><strong>vocabulum</strong></span> <span class='ocrx_word' id='word_1_783' title='bbox 2412 3568 2638 3644; x_wconf 73' lang='lat' dir='ltr'><strong>ﬁgurate</strong></span> <span class='ocrx_word' id='word_1_784' title='bbox 2672 3568 2968 3644; x_wconf 72' lang='lat' dir='ltr'><strong>secundum</strong></span> <span class='ocrx_word' id='word_1_785' title='bbox 2997 3571 3278 3644; x_wconf 82' lang='lat' dir='ltr'><strong>Ratramni</strong></span> <span class='ocrx_word' id='word_1_786' title='bbox 3318 3573 3517 3644; x_wconf 85' lang='lat' dir='ltr'><strong>stylum</strong></span> 
     </span>
    </p>
   </div>
   <div class='ocr_carea' id='block_1_106' title="bbox 1922 3641 3515 3699">
    <p class='ocr_par' dir='ltr' id='par_1_106' title="bbox 1922 3641 3515 3699">
     <span class='ocr_line' id='line_1_109' title="bbox 1922 3641 3515 3699; baseline 0.003 -4"><span class='ocrx_word' id='word_1_787' title='bbox 1922 3657 2014 3695; x_wconf 90' lang='lat' dir='ltr'><strong>seu</strong></span> <span class='ocrx_word' id='word_1_788' title='bbox 2066 3641 2335 3695; x_wconf 90' lang='lat' dir='ltr'><strong>scribendi</strong></span> <span class='ocrx_word' id='word_1_789' title='bbox 2383 3655 2447 3695; x_wconf 90' lang='lat' dir='ltr'><strong>ac</strong></span> <span class='ocrx_word' id='word_1_790' title='bbox 2497 3642 2711 3697; x_wconf 88' lang='lat' dir='ltr'><strong>dicendi</strong></span> <span class='ocrx_word' id='word_1_791' title='bbox 2756 3642 3018 3695; x_wconf 84' lang='lat' dir='ltr'><strong>rationem</strong></span> <span class='ocrx_word' id='word_1_792' title='bbox 3060 3648 3116 3695; x_wconf 91' lang='lat' dir='ltr'><strong>et</strong></span> <span class='ocrx_word' id='word_1_793' title='bbox 3156 3641 3382 3697; x_wconf 83' lang='lat' dir='ltr'><strong>modum</strong></span> <span class='ocrx_word' id='word_1_794' title='bbox 3407 3659 3515 3699; x_wconf 83' lang='lat' dir='ltr'><strong>non</strong></span> 
     </span>
    </p>
   </div>
   <div class='ocr_carea' id='block_1_107' title="bbox 1922 3712 3511 3782">
    <p class='ocr_par' dir='ltr' id='par_1_107' title="bbox 1922 3712 3511 3782">
     <span class='ocr_line' id='line_1_110' title="bbox 1922 3712 3511 3782; baseline 0.002 -16"><span class='ocrx_word' id='word_1_795' title='bbox 1922 3712 2193 3782; x_wconf 78' lang='lat' dir='ltr'><strong>significat</strong></span> <span class='ocrx_word' id='word_1_796' title='bbox 2225 3712 2577 3766; x_wconf 89' lang='lat' dir='ltr'><strong>mutationem</strong></span> <span class='ocrx_word' id='word_1_797' title='bbox 2606 3715 2660 3766; x_wconf 91' lang='lat' dir='ltr'><strong>in</strong></span> <span class='ocrx_word' id='word_1_798' title='bbox 2686 3727 2884 3781; x_wconf 91' lang='lat' dir='ltr'><strong>corpus</strong></span> <span class='ocrx_word' id='word_1_799' title='bbox 2911 3712 3113 3767; x_wconf 84' lang='lat' dir='ltr'><strong>Christi</strong></span> <span class='ocrx_word' id='word_1_800' title='bbox 3159 3712 3423 3767; x_wconf 78' lang='lat' dir='ltr'><strong>duntaxat</strong></span> <span class='ocrx_word' id='word_1_801' title='bbox 3457 3716 3511 3769; x_wconf 90' lang='lat' dir='ltr'><strong>in</strong></span> 
     </span>
    </p>
   </div>
   <div class='ocr_carea' id='block_1_108' title="bbox 1921 3780 3516 3854">
    <p class='ocr_par' dir='ltr' id='par_1_108' title="bbox 1921 3780 3516 3854">
     <span class='ocr_line' id='line_1_111' title="bbox 1921 3780 3516 3854; baseline 0.003 -19"><span class='ocrx_word' id='word_1_802' title='bbox 1921 3780 2091 3854; x_wconf 72' lang='lat' dir='ltr'><strong>figura</strong></span> <span class='ocrx_word' id='word_1_803' title='bbox 2119 3780 2305 3854; x_wconf 70' lang='lat' dir='ltr'><strong>effteri,</strong></span> <span class='ocrx_word' id='word_1_804' title='bbox 2338 3782 2431 3837; x_wconf 89' lang='lat' dir='ltr'><strong>sed</strong></span> <span class='ocrx_word' id='word_1_805' title='bbox 2459 3783 2569 3837; x_wconf 93' lang='lat' dir='ltr'><strong>imo</strong></span> <span class='ocrx_word' id='word_1_806' title='bbox 2599 3784 2701 3838; x_wconf 93' lang='lat' dir='ltr'><strong>sub</strong></span> <span class='ocrx_word' id='word_1_807' title='bbox 2725 3780 2861 3837; x_wconf 83' lang='lat' dir='ltr'><strong>velis</strong></span> <span class='ocrx_word' id='word_1_808' title='bbox 2883 3790 2933 3837; x_wconf 90' lang='lat' dir='ltr'><strong>et</strong></span> <span class='ocrx_word' id='word_1_809' title='bbox 2961 3783 3249 3853; x_wconf 89' lang='lat' dir='ltr'><strong>paropside</strong></span> <span class='ocrx_word' id='word_1_810' title='bbox 3277 3799 3432 3854; x_wconf 77' lang='lat' dir='ltr'><strong>panis</strong></span> <span class='ocrx_word' id='word_1_811' title='bbox 3459 3793 3516 3840; x_wconf 90' lang='lat' dir='ltr'><strong>et</strong></span> 
     </span>
    </p>
   </div>
   <div class='ocr_carea' id='block_1_109' title="bbox 1919 3853 3513 3924">
    <p class='ocr_par' dir='ltr' id='par_1_109' title="bbox 1919 3853 3513 3924">
     <span class='ocr_line' id='line_1_112' title="bbox 1919 3853 3513 3924; baseline 0.002 -16"><span class='ocrx_word' id='word_1_812' title='bbox 1919 3853 2029 3908; x_wconf 84' lang='lat' dir='ltr'><strong>vini</strong></span> <span class='ocrx_word' id='word_1_813' title='bbox 2051 3894 2065 3918; x_wconf 95' lang='lat'><strong>,</strong></span> <span class='ocrx_word' id='word_1_814' title='bbox 2095 3853 2193 3924; x_wconf 85' lang='lat' dir='ltr'><strong>sub</strong></span> <span class='ocrx_word' id='word_1_815' title='bbox 2218 3854 2413 3923; x_wconf 90' lang='lat' dir='ltr'><strong>quibus</strong></span> <span class='ocrx_word' id='word_1_816' title='bbox 2456 3854 2643 3909; x_wconf 86' lang='lat' dir='ltr'><strong>existit</strong></span> <span class='ocrx_word' id='word_1_817' title='bbox 2684 3854 3020 3910; x_wconf 89' lang='lat' dir='ltr'><strong>reconditum</strong></span> <span class='ocrx_word' id='word_1_818' title='bbox 3053 3868 3251 3924; x_wconf 89' lang='lat' dir='ltr'><strong>corpus</strong></span> <span class='ocrx_word' id='word_1_819' title='bbox 3287 3854 3513 3922; x_wconf 75' lang='lat' dir='ltr'><strong>Christi,</strong></span> 
     </span>
    </p>
   </div>
   <div class='ocr_carea' id='block_1_110' title="bbox 1920 3923 3513 3994">
    <p class='ocr_par' dir='ltr' id='par_1_110' title="bbox 1920 3923 3513 3994">
     <span class='ocr_line' id='line_1_113' title="bbox 1920 3923 3513 3994; baseline 0.003 -18"><span class='ocrx_word' id='word_1_820' title='bbox 1920 3932 1994 3984; x_wconf 80' lang='lat' dir='ltr'><strong>ut,</strong></span> <span class='ocrx_word' id='word_1_821' title='bbox 2031 3923 2224 3994; x_wconf 88' lang='lat' dir='ltr'><strong>inquit,</strong></span> <span class='ocrx_word' id='word_1_822' title='bbox 2255 3924 2532 3979; x_wconf 90' lang='lat' dir='ltr'><strong>continuis</strong></span> <span class='ocrx_word' id='word_1_823' title='bbox 2552 3926 2736 3981; x_wconf 90' lang='lat' dir='ltr'><strong>verbis</strong></span> <span class='ocrx_word' id='word_1_824' title='bbox 2767 3940 2782 3979; x_wconf 91' lang='lat'><strong>:</strong></span> <span class='ocrx_word' id='word_1_825' title='bbox 2813 3924 3073 3989; x_wconf 84' lang='lat' dir='ltr'><strong>Quoniam</strong></span> <span class='ocrx_word' id='word_1_826' title='bbox 3098 3923 3194 3978; x_wconf 81' lang='lat' dir='ltr'><strong>sub</strong></span> <span class='ocrx_word' id='word_1_827' title='bbox 3222 3924 3513 3981; x_wconf 83' lang='lat' dir='ltr'><strong>velamento</strong></span> 
     </span>
    </p>
   </div>
   <div class='ocr_carea' id='block_1_111' title="bbox 1919 3994 3515 4068">
    <p class='ocr_par' dir='ltr' id='par_1_111' title="bbox 1919 3994 3515 4068">
     <span class='ocr_line' id='line_1_114' title="bbox 1919 3994 3515 4068; baseline 0.002 -21"><span class='ocrx_word' id='word_1_828' title='bbox 1919 3996 2153 4068; x_wconf 82' lang='lat' dir='ltr'><strong>corporei</strong></span> <span class='ocrx_word' id='word_1_829' title='bbox 2174 3995 2348 4068; x_wconf 74' lang='lat' dir='ltr'><strong>panis,</strong></span> <span class='ocrx_word' id='word_1_830' title='bbox 2377 3997 2712 4068; x_wconf 88' lang='lat' dir='ltr'><strong>corporeique</strong></span> <span class='ocrx_word' id='word_1_831' title='bbox 2752 3997 2855 4068; x_wconf 81' lang='lat' dir='ltr'><strong>vini</strong></span> <span class='ocrx_word' id='word_1_832' title='bbox 2880 3994 3116 4065; x_wconf 84' lang='lat' dir='ltr'><strong>spiritale</strong></span> <span class='ocrx_word' id='word_1_833' title='bbox 3141 4011 3330 4068; x_wconf 85' lang='lat' dir='ltr'><strong>corpus</strong></span> <span class='ocrx_word' id='word_1_834' title='bbox 3360 3998 3515 4051; x_wconf 80' lang='lat' dir='ltr'><strong>Chri-</strong></span> 
     </span>
    </p>
   </div>
   <div class='ocr_carea' id='block_1_112' title="bbox 1918 4065 3514 4137">
    <p class='ocr_par' dir='ltr' id='par_1_112' title="bbox 1918 4065 3514 4137">
     <span class='ocr_line' id='line_1_115' title="bbox 1918 4065 3514 4137; baseline 0.004 -19"><span class='ocrx_word' id='word_1_835' title='bbox 1918 4068 1985 4119; x_wconf 84' lang='lat' dir='ltr'><strong>sti</strong></span> <span class='ocrx_word' id='word_1_836' title='bbox 2024 4065 2379 4137; x_wconf 85' lang='lat' dir='ltr'><strong>spiritalisque</strong></span> <span class='ocrx_word' id='word_1_837' title='bbox 2421 4065 2636 4137; x_wconf 78' lang='lat' dir='ltr'><strong>sanguis</strong></span> <span class='ocrx_word' id='word_1_838' title='bbox 2675 4067 2871 4122; x_wconf 68' lang='lat' dir='ltr'><strong>existit.</strong></span> <span class='ocrx_word' id='word_1_839' title='bbox 2899 4068 3013 4132; x_wconf 78' lang='lat' dir='ltr'><strong>Qua</strong></span> <span class='ocrx_word' id='word_1_840' title='bbox 3050 4065 3268 4135; x_wconf 84' lang='lat' dir='ltr'><strong>quidem</strong></span> <span class='ocrx_word' id='word_1_841' title='bbox 3300 4068 3514 4124; x_wconf 87' lang='lat' dir='ltr'><strong>dicendi</strong></span> 
     </span>
    </p>
   </div>
   <div class='ocr_carea' id='block_1_113' title="bbox 1919 4136 3515 4210">
    <p class='ocr_par' dir='ltr' id='par_1_113' title="bbox 1919 4136 3515 4210">
     <span class='ocr_line' id='line_1_116' title="bbox 1919 4136 3515 4210; baseline 0.003 -21"><span class='ocrx_word' id='word_1_842' title='bbox 1919 4138 2128 4210; x_wconf 84' lang='lat' dir='ltr'><strong>ratione</strong></span> <span class='ocrx_word' id='word_1_843' title='bbox 2156 4136 2297 4191; x_wconf 88' lang='lat' dir='ltr'><strong>usus</strong></span> <span class='ocrx_word' id='word_1_844' title='bbox 2315 4147 2400 4191; x_wconf 90' lang='lat' dir='ltr'><strong>est</strong></span> <span class='ocrx_word' id='word_1_845' title='bbox 2428 4136 2754 4210; x_wconf 81' lang='lat' dir='ltr'><strong>Paschasius</strong></span> <span class='ocrx_word' id='word_1_846' title='bbox 2790 4138 2845 4210; x_wconf 90' lang='lat' dir='ltr'><strong>in</strong></span> <span class='ocrx_word' id='word_1_847' title='bbox 2875 4138 3103 4210; x_wconf 86' lang='lat' dir='ltr'><strong>epistola</strong></span> <span class='ocrx_word' id='word_1_848' title='bbox 3139 4138 3208 4192; x_wconf 89' lang='lat' dir='ltr'><strong>ad</strong></span> <span class='ocrx_word' id='word_1_849' title='bbox 3242 4138 3515 4210; x_wconf 84' lang='lat' dir='ltr'><strong>Frudgar—</strong></span> 
     </span>
    </p>
   </div>
   <div class='ocr_carea' id='block_1_114' title="bbox 1918 4208 3508 4279">
    <p class='ocr_par' dir='ltr' id='par_1_114' title="bbox 1918 4208 3508 4279">
     <span class='ocr_line' id='line_1_117' title="bbox 1918 4208 3508 4279; baseline 0.003 -19"><span class='ocrx_word' id='word_1_850' title='bbox 1918 4208 2044 4279; x_wconf 82' lang='lat' dir='ltr'><strong>dum</strong></span> <span class='ocrx_word' id='word_1_851' title='bbox 2063 4248 2075 4272; x_wconf 96' lang='lat'><strong>,</strong></span> <span class='ocrx_word' id='word_1_852' title='bbox 2110 4215 2169 4279; x_wconf 86' lang='lat' dir='ltr'><strong>ut</strong></span> <span class='ocrx_word' id='word_1_853' title='bbox 2196 4222 2383 4262; x_wconf 90' lang='lat' dir='ltr'><strong>verum</strong></span> <span class='ocrx_word' id='word_1_854' title='bbox 2411 4224 2609 4279; x_wconf 87' lang='lat' dir='ltr'><strong>corpus</strong></span> <span class='ocrx_word' id='word_1_855' title='bbox 2632 4209 2835 4264; x_wconf 88' lang='lat' dir='ltr'><strong>Christi</strong></span> <span class='ocrx_word' id='word_1_856' title='bbox 2871 4208 3104 4263; x_wconf 90' lang='lat' dir='ltr'><strong>dilucide</strong></span> <span class='ocrx_word' id='word_1_857' title='bbox 3155 4208 3508 4279; x_wconf 80' lang='lat' dir='ltr'><strong>significaret.</strong></span> 
     </span>
    </p>
   </div>
   <div class='ocr_carea' id='block_1_115' title="bbox 1918 4277 3512 4350">
    <p class='ocr_par' dir='ltr' id='par_1_115' title="bbox 1918 4277 3512 4350">
     <span class='ocr_line' id='line_1_118' title="bbox 1918 4277 3512 4350; baseline 0.003 -19"><span class='ocrx_word' id='word_1_858' title='bbox 1918 4277 2084 4348; x_wconf 83' lang='lat' dir='ltr'><strong>Cujus</strong></span> <span class='ocrx_word' id='word_1_859' title='bbox 2111 4278 2236 4350; x_wconf 86' lang='lat' dir='ltr'><strong>dum</strong></span> <span class='ocrx_word' id='word_1_860' title='bbox 2262 4295 2451 4349; x_wconf 86' lang='lat' dir='ltr'><strong>corpus</strong></span> <span class='ocrx_word' id='word_1_861' title='bbox 2477 4277 2580 4333; x_wconf 75' lang='lat' dir='ltr'><strong>non</strong></span> <span class='ocrx_word' id='word_1_862' title='bbox 2606 4280 2959 4350; x_wconf 84' lang='lat' dir='ltr'><strong>corrumpitur</strong></span> <span class='ocrx_word' id='word_1_863' title='bbox 2981 4280 3106 4350; x_wconf 84' lang='lat' dir='ltr'><strong>quia</strong></span> <span class='ocrx_word' id='word_1_864' title='bbox 3136 4277 3431 4349; x_wconf 73' lang='lat' dir='ltr'><strong>spirituale,</strong></span> <span class='ocrx_word' id='word_1_865' title='bbox 3463 4290 3512 4335; x_wconf 87' lang='lat' dir='ltr'><strong>et</strong></span> 
     </span>
    </p>
   </div>
   <div class='ocr_carea' id='block_1_116' title="bbox 1917 4349 3509 4421">
    <p class='ocr_par' dir='ltr' id='par_1_116' title="bbox 1917 4349 3509 4421">
     <span class='ocr_line' id='line_1_119' title="bbox 1917 4349 3509 4421; baseline 0.004 -20"><span class='ocrx_word' id='word_1_866' title='bbox 1917 4358 2081 4421; x_wconf 74' lang='lat' dir='ltr'><strong>totum</strong></span> <span class='ocrx_word' id='word_1_867' title='bbox 2101 4349 2375 4421; x_wconf 65' lang='lat' dir='ltr'><strong>spiijituale</strong></span> <span class='ocrx_word' id='word_1_868' title='bbox 2395 4360 2470 4404; x_wconf 86' lang='lat' dir='ltr'><strong>est</strong></span> <span class='ocrx_word' id='word_1_869' title='bbox 2491 4353 2630 4421; x_wconf 83' lang='lat' dir='ltr'><strong>quod</strong></span> <span class='ocrx_word' id='word_1_870' title='bbox 2653 4349 2943 4405; x_wconf 85' lang='lat' dir='ltr'><strong>celebratur</strong></span> <span class='ocrx_word' id='word_1_871' title='bbox 2963 4353 3018 4403; x_wconf 81' lang='lat' dir='ltr'><strong>in</strong></span> <span class='ocrx_word' id='word_1_872' title='bbox 3039 4351 3137 4403; x_wconf 82' lang='lat' dir='ltr'><strong>hoc</strong></span> <span class='ocrx_word' id='word_1_873' title='bbox 3156 4363 3509 4407; x_wconf 83' lang='lat' dir='ltr'><strong>sacramento.</strong></span> 
     </span>
    </p>
   </div>
   <div class='ocr_carea' id='block_1_117' title="bbox 1917 4418 3506 4492">
    <p class='ocr_par' dir='ltr' id='par_1_117' title="bbox 1917 4418 3506 4492">
     <span class='ocr_line' id='line_1_120' title="bbox 1917 4418 3506 4492; baseline 0.002 -18"><span class='ocrx_word' id='word_1_874' title='bbox 1917 4418 2070 4492; x_wconf 71' lang='lat' dir='ltr'><strong>Quod</strong></span> <span class='ocrx_word' id='word_1_875' title='bbox 2094 4418 2247 4492; x_wconf 85' lang='lat' dir='ltr'><strong>valde</strong></span> <span class='ocrx_word' id='word_1_876' title='bbox 2262 4418 2511 4492; x_wconf 76' lang='lat' dir='ltr'><strong>alienum</strong></span> <span class='ocrx_word' id='word_1_877' title='bbox 2536 4437 2641 4477; x_wconf 91' lang='lat' dir='ltr'><strong>non</strong></span> <span class='ocrx_word' id='word_1_878' title='bbox 2677 4431 2763 4476; x_wconf 90' lang='lat' dir='ltr'><strong>est</strong></span> <span class='ocrx_word' id='word_1_879' title='bbox 2793 4423 2860 4475; x_wconf 92' lang='lat' dir='ltr'><strong>ab</strong></span> <span class='ocrx_word' id='word_1_880' title='bbox 2891 4436 2959 4475; x_wconf 90' lang='lat' dir='ltr'><strong>eo</strong></span> <span class='ocrx_word' id='word_1_881' title='bbox 2987 4435 3238 4476; x_wconf 88' lang='lat' dir='ltr'><strong>sermone</strong></span> <span class='ocrx_word' id='word_1_882' title='bbox 3257 4422 3506 4492; x_wconf 84' lang='lat' dir='ltr'><strong>Gregorii</strong></span> 
     </span>
    </p>
   </div>
   <div class='ocr_carea' id='block_1_118' title="bbox 1916 4489 3507 4562">
    <p class='ocr_par' dir='ltr' id='par_1_118' title="bbox 1916 4489 3507 4562">
     <span class='ocr_line' id='line_1_121' title="bbox 1916 4489 3507 4562; baseline 0.002 -19"><span class='ocrx_word' id='word_1_883' title='bbox 1916 4489 2145 4562; x_wconf 84' lang='lat' dir='ltr'><strong>Nysseni</strong></span> <span class='ocrx_word' id='word_1_884' title='bbox 2169 4490 2236 4543; x_wconf 90' lang='lat' dir='ltr'><strong>de</strong></span> <span class='ocrx_word' id='word_1_885' title='bbox 2260 4491 2534 4562; x_wconf 84' lang='lat' dir='ltr'><strong>Baptismo</strong></span> <span class='ocrx_word' id='word_1_886' title='bbox 2556 4493 2783 4559; x_wconf 88' lang='lat' dir='ltr'><strong>Christi,</strong></span> <span class='ocrx_word' id='word_1_887' title='bbox 2807 4508 2929 4562; x_wconf 83' lang='lat' dir='ltr'><strong>pag.</strong></span> <span class='ocrx_word' id='word_1_888' title='bbox 2951 4492 3057 4547; x_wconf 74' lang='lat'><strong>802</strong></span> <span class='ocrx_word' id='word_1_889' title='bbox 3097 4502 3227 4546; x_wconf 89' lang='lat' dir='ltr'><strong>tom.</strong></span> <span class='ocrx_word' id='word_1_890' title='bbox 3251 4493 3310 4553; x_wconf 88' lang='lat' dir='ltr'><strong>ll,</strong></span> <span class='ocrx_word' id='word_1_891' title='bbox 3332 4489 3408 4546; x_wconf 71' lang='lat' dir='ltr'><strong>lii.</strong></span> <span class='ocrx_word' id='word_1_892' title='bbox 3428 4493 3467 4546; x_wconf 79' lang='grc' dir='ltr'><strong>Α</strong></span> <span class='ocrx_word' id='word_1_893' title='bbox 3493 4512 3507 4547; x_wconf 88' lang='lat'><strong>:</strong></span> 
     </span>
    </p>
   </div>
   <div class='ocr_carea' id='block_1_119' title="bbox 1916 4561 3510 4641">
    <p class='ocr_par' dir='ltr' id='par_1_119' title="bbox 1916 4561 3510 4641">
     <span class='ocr_line' id='line_1_122' title="bbox 1916 4561 3510 4641; baseline -0.002 -23"><span class='ocrx_word' id='word_1_894' title='bbox 1916 4572 1974 4641; x_wconf 75' lang='lat' dir='ltr'><strong>‘Q</strong></span> <span class='ocrx_word' id='word_1_895' title='bbox 2003 4561 2156 4641; x_wconf 79' lang='grc' dir='ltr'><strong>ἄρτος</strong></span> <span class='ocrx_word' id='word_1_896' title='bbox 2177 4562 2335 4641; x_wconf 56' lang='lat' dir='ltr'><strong>«alia</strong></span> <span class='ocrx_word' id='word_1_897' title='bbox 2372 4561 2526 4640; x_wconf 76' lang='grc' dir='ltr'><strong><em>ἄρτος</em></strong></span> <span class='ocrx_word' id='word_1_898' title='bbox 2552 4566 2665 4620; x_wconf 62' lang='lat' dir='ltr'><strong>dari</strong></span> <span class='ocrx_word' id='word_1_899' title='bbox 2693 4561 2819 4624; x_wconf 68' lang='grc' dir='ltr'><strong>τέως</strong></span> <span class='ocrx_word' id='word_1_900' title='bbox 2844 4561 3025 4624; x_wconf 74' lang='grc' dir='ltr'><strong>κόινὸς·</strong></span> <span class='ocrx_word' id='word_1_901' title='bbox 3070 4564 3175 4641; x_wconf 35' lang='lat' dir='ltr'><strong>cili)?</strong></span> <span class='ocrx_word' id='word_1_902' title='bbox 3203 4564 3321 4619; x_wconf 73' lang='grc' dir='ltr'><strong>ὅταν</strong></span> <span class='ocrx_word' id='word_1_903' title='bbox 3353 4568 3510 4641; x_wconf 63' lang='lat' dir='ltr'><strong>aii-rae</strong></span> 
     </span>
    </p>
   </div>
   <div class='ocr_carea' id='block_1_120' title="bbox 1841 4625 3511 4720">
    <p class='ocr_par' dir='ltr' id='par_1_120' title="bbox 1841 4625 3511 4720">
     <span class='ocr_line' id='line_1_123' title="bbox 1841 4625 3511 4720; baseline 0.004 -35"><span class='ocrx_word' id='word_1_904' title='bbox 1841 4625 1892 4685; x_wconf 83' lang='grc' dir='ltr'><strong>Ι)</strong></span> <span class='ocrx_word' id='word_1_905' title='bbox 1916 4635 1975 4720; x_wconf 63' lang='grc' dir='ltr'><strong>τᾷ</strong></span> <span class='ocrx_word' id='word_1_906' title='bbox 2000 4625 2281 4720; x_wconf 48' lang='lat' dir='ltr'><strong>[inornatos</strong></span> <span class='ocrx_word' id='word_1_907' title='bbox 2305 4625 2647 4717; x_wconf 51' lang='lat' dir='ltr'><strong>iepo&#39;upyrica,</strong></span> <span class='ocrx_word' id='word_1_908' title='bbox 2676 4643 2829 4720; x_wconf 67' lang='grc' dir='ltr'><strong>σῶμα</strong></span> <span class='ocrx_word' id='word_1_909' title='bbox 2862 4641 3088 4720; x_wconf 73' lang='grc' dir='ltr'><strong>Χριστοῦ</strong></span> <span class='ocrx_word' id='word_1_910' title='bbox 3116 4635 3397 4720; x_wconf 51' lang='lat' dir='ltr'><strong>Mycenis:</strong></span> <span class='ocrx_word' id='word_1_911' title='bbox 3428 4638 3511 4720; x_wconf 64' lang='grc' dir='ltr'><strong>τιᾳᾶ</strong></span> 
     </span>
    </p>
   </div>
   <div class='ocr_carea' id='block_1_121' title="bbox 1918 4705 3508 4777">
    <p class='ocr_par' dir='ltr' id='par_1_121' title="bbox 1918 4705 3508 4777">
     <span class='ocr_line' id='line_1_124' title="bbox 1918 4705 3508 4777; baseline -0.001 -18"><span class='ocrx_word' id='word_1_912' title='bbox 1918 4705 2128 4777; x_wconf 68' lang='grc' dir='ltr'><strong>γενέται.</strong></span> <span class='ocrx_word' id='word_1_913' title='bbox 2163 4705 2210 4758; x_wconf 85' lang='grc' dir='ltr'><em>Η</em></span> <span class='ocrx_word' id='word_1_914' title='bbox 2220 4722 2282 4777; x_wconf 79' lang='lat' dir='ltr'><strong>uc</strong></span> <span class='ocrx_word' id='word_1_915' title='bbox 2312 4705 2653 4776; x_wconf 70' lang='lat' dir='ltr'><strong>usquepanis</strong></span> <span class='ocrx_word' id='word_1_916' title='bbox 2687 4705 2763 4760; x_wconf 79' lang='lat' dir='ltr'><strong>est</strong></span> <span class='ocrx_word' id='word_1_917' title='bbox 2790 4705 2942 4776; x_wconf 86' lang='lat' dir='ltr'><strong>panis</strong></span> <span class='ocrx_word' id='word_1_918' title='bbox 2970 4705 3259 4777; x_wconf 76' lang='lat' dir='ltr'><strong>communis</strong></span> <span class='ocrx_word' id='word_1_919' title='bbox 3288 4715 3336 4757; x_wconf 87' lang='lat' dir='ltr'><strong>et</strong></span> <span class='ocrx_word' id='word_1_920' title='bbox 3364 4705 3508 4758; x_wconf 80' lang='lat' dir='ltr'><strong>ordi-</strong></span> 
     </span>
    </p>
   </div>
   <div class='ocr_carea' id='block_1_122' title="bbox 1921 4775 3508 4847">
    <p class='ocr_par' dir='ltr' id='par_1_122' title="bbox 1921 4775 3508 4847">
     <span class='ocr_line' id='line_1_125' title="bbox 1921 4775 3508 4847; baseline -0.001 -19"><span class='ocrx_word' id='word_1_921' title='bbox 1921 4775 2132 4840; x_wconf 76' lang='lat' dir='ltr'><strong>uarius,</strong></span> <span class='ocrx_word' id='word_1_922' title='bbox 2159 4775 2269 4847; x_wconf 60' lang='lat' dir='ltr'><strong>sed</strong></span> <span class='ocrx_word' id='word_1_923' title='bbox 2315 4775 2432 4847; x_wconf 79' lang='lat' dir='ltr'><strong>cum</strong></span> <span class='ocrx_word' id='word_1_924' title='bbox 2472 4775 2809 4831; x_wconf 84' lang='lat' dir='ltr'><strong>consecratur</strong></span> <span class='ocrx_word' id='word_1_925' title='bbox 2829 4776 3125 4847; x_wconf 10' lang='lat' dir='ltr'><strong>gmysterio,</strong></span> <span class='ocrx_word' id='word_1_926' title='bbox 3174 4785 3508 4847; x_wconf 81' lang='lat' dir='ltr'><strong>nuncupatur</strong></span> 
     </span>
    </p>
   </div>
   <div class='ocr_carea' id='block_1_123' title="bbox 1919 4843 3505 4916">
    <p class='ocr_par' dir='ltr' id='par_1_123' title="bbox 1919 4843 3505 4916">
     <span class='ocr_line' id='line_1_126' title="bbox 1919 4843 3505 4916; baseline 0.001 -17"><span class='ocrx_word' id='word_1_927' title='bbox 1919 4862 2104 4916; x_wconf 86' lang='lat' dir='ltr'><strong>corpus</strong></span> <span class='ocrx_word' id='word_1_928' title='bbox 2145 4843 2343 4899; x_wconf 85' lang='lat' dir='ltr'><strong>Christi</strong></span> <span class='ocrx_word' id='word_1_929' title='bbox 2380 4855 2427 4899; x_wconf 88' lang='lat' dir='ltr'><strong>et</strong></span> <span class='ocrx_word' id='word_1_930' title='bbox 2476 4863 2652 4901; x_wconf 87' lang='lat' dir='ltr'><strong>revera</strong></span> <span class='ocrx_word' id='word_1_931' title='bbox 2697 4857 2792 4902; x_wconf 83' lang='lat' dir='ltr'><strong>est.</strong></span> <span class='ocrx_word' id='word_1_932' title='bbox 2827 4843 2951 4902; x_wconf 61' lang='lat' dir='ltr'><strong>Huic</strong></span> <span class='ocrx_word' id='word_1_933' title='bbox 2982 4843 3505 4916; x_wconf 10' lang='lat' dir='ltr'><strong>etiatnrvalde‘con-</strong></span> 
     </span>
    </p>
   </div>
   <div class='ocr_carea' id='block_1_124' title="bbox 1956 4915 3505 4986">
    <p class='ocr_par' dir='ltr' id='par_1_124' title="bbox 1956 4915 3505 4986">
     <span class='ocr_line' id='line_1_127' title="bbox 1956 4915 3505 4986; baseline 0.003 -18"><span class='ocrx_word' id='word_1_934' title='bbox 1956 4915 2116 4970; x_wconf 90' lang='lat' dir='ltr'><strong>ruunt</strong></span> <span class='ocrx_word' id='word_1_935' title='bbox 2144 4916 2211 4971; x_wconf 88' lang='lat' dir='ltr'><strong>iis</strong></span> <span class='ocrx_word' id='word_1_936' title='bbox 2233 4930 2351 4985; x_wconf 77' lang='lat' dir='ltr'><strong>quae</strong></span> <span class='ocrx_word' id='word_1_937' title='bbox 2374 4917 2560 4986; x_wconf 88' lang='lat' dir='ltr'><strong>paucis</strong></span> <span class='ocrx_word' id='word_1_938' title='bbox 2590 4917 2747 4971; x_wconf 87' lang='lat' dir='ltr'><strong>annis</strong></span> <span class='ocrx_word' id='word_1_939' title='bbox 2770 4925 2895 4972; x_wconf 89' lang='lat' dir='ltr'><strong>ante</strong></span> <span class='ocrx_word' id='word_1_940' title='bbox 2912 4915 3267 4978; x_wconf 86' lang='lat' dir='ltr'><strong>Paschasium</strong></span> <span class='ocrx_word' id='word_1_941' title='bbox 3297 4916 3505 4986; x_wconf 88' lang='lat' dir='ltr'><strong>prolata</strong></span> 
     </span>
    </p>
   </div>
   <div class='ocr_carea' id='block_1_125' title="bbox 1942 4987 3502 5054">
    <p class='ocr_par' dir='ltr' id='par_1_125' title="bbox 1942 4987 3502 5054">
     <span class='ocr_line' id='line_1_128' title="bbox 1942 4987 3502 5054; baseline 0.001 -14"><span class='ocrx_word' id='word_1_942' title='bbox 1942 4988 2132 5042; x_wconf 83' lang='lat' dir='ltr'><strong>&#39;uerant</strong></span> <span class='ocrx_word' id='word_1_943' title='bbox 2177 4987 2229 5041; x_wconf 91' lang='lat' dir='ltr'><strong>in</strong></span> <span class='ocrx_word' id='word_1_944' title='bbox 2276 4987 2508 5042; x_wconf 89' lang='lat' dir='ltr'><strong>concilio</strong></span> <span class='ocrx_word' id='word_1_945' title='bbox 2546 5003 2585 5042; x_wconf 88' lang='grc' dir='ltr'><strong>ιι</strong></span> <span class='ocrx_word' id='word_1_946' title='bbox 2617 4987 2865 5053; x_wconf 80' lang='lat' dir='ltr'><strong>Nicamo,</strong></span> <span class='ocrx_word' id='word_1_947' title='bbox 2897 4987 3173 5043; x_wconf 89' lang='lat' dir='ltr'><strong>celebrato</strong></span> <span class='ocrx_word' id='word_1_948' title='bbox 3197 5003 3345 5043; x_wconf 88' lang='lat' dir='ltr'><strong>anno</strong></span> <span class='ocrx_word' id='word_1_949' title='bbox 3378 4988 3502 5054; x_wconf 67' lang='lat'><strong>787,</strong></span> 
     </span>
    </p>
   </div>
   <div class='ocr_carea' id='block_1_126' title="bbox 1923 5055 3496 5129">
    <p class='ocr_par' dir='ltr' id='par_1_126' title="bbox 1923 5055 3496 5129">
     <span class='ocr_line' id='line_1_129' title="bbox 1923 5055 3496 5129; baseline 0.001 -18"><span class='ocrx_word' id='word_1_950' title='bbox 1923 5067 2068 5113; x_wconf 83' lang='grc' dir='ltr'><strong>ιοιιιο</strong></span> <span class='ocrx_word' id='word_1_951' title='bbox 2093 5056 2156 5113; x_wconf 71' lang='grc' dir='ltr'><strong>ιν</strong></span> <span class='ocrx_word' id='word_1_952' title='bbox 2180 5056 2386 5115; x_wconf 83' lang='lat' dir='ltr'><strong>Concil.</strong></span> <span class='ocrx_word' id='word_1_953' title='bbox 2412 5058 2669 5114; x_wconf 88' lang='lat' dir='ltr'><strong>editionis</strong></span> <span class='ocrx_word' id='word_1_954' title='bbox 2692 5059 2828 5113; x_wconf 79' lang='lat' dir='ltr'><strong>Binii</strong></span> <span class='ocrx_word' id='word_1_955' title='bbox 2857 5057 2985 5114; x_wconf 88' lang='lat' dir='ltr'><strong>anni</strong></span> <span class='ocrx_word' id='word_1_956' title='bbox 3017 5055 3173 5124; x_wconf 86' lang='lat' dir='ltr'><strong>l6l8,</strong></span> <span class='ocrx_word' id='word_1_957' title='bbox 3198 5058 3452 5129; x_wconf 13' lang='lat' dir='ltr'><strong>pag.r643</strong></span> <span class='ocrx_word' id='word_1_958' title='bbox 3484 5078 3496 5113; x_wconf 93' lang='lat'>:</span> 
     </span>
    </p>
   </div>
   <div class='ocr_carea' id='block_1_127' title="bbox 1916 5128 3505 5208">
    <p class='ocr_par' dir='ltr' id='par_1_127' title="bbox 1916 5128 3505 5208">
     <span class='ocr_line' id='line_1_130' title="bbox 1916 5128 3505 5208; baseline 0 -22"><span class='ocrx_word' id='word_1_959' title='bbox 1916 5128 2002 5208; x_wconf 66' lang='grc' dir='ltr'><strong>’ρς</strong></span> <span class='ocrx_word' id='word_1_960' title='bbox 2030 5130 2133 5208; x_wconf 74' lang='grc' dir='ltr'><strong>τινρρ</strong></span> <span class='ocrx_word' id='word_1_961' title='bbox 2161 5132 2518 5208; x_wconf 37' lang='grc' dir='ltr'><strong>τοῦαᾶγιασῆν</strong></span> <span class='ocrx_word' id='word_1_962' title='bbox 2536 5171 2550 5196; x_wconf 92' lang='grc'><em>,</em></span> <span class='ocrx_word' id='word_1_963' title='bbox 2587 5130 2798 5208; x_wconf 57' lang='grc' dir='ltr'><strong>ἐκηλήθη</strong></span> <span class='ocrx_word' id='word_1_964' title='bbox 2834 5133 3107 5187; x_wconf 77' lang='grc' dir='ltr'><strong>ἀντίτυπα’</strong></span> <span class='ocrx_word' id='word_1_965' title='bbox 3143 5128 3287 5208; x_wconf 15' lang='lat' dir='ltr'><strong>get-aii</strong></span> <span class='ocrx_word' id='word_1_966' title='bbox 3320 5128 3377 5187; x_wconf 66' lang='lat' dir='ltr'><strong>di</strong></span> <span class='ocrx_word' id='word_1_967' title='bbox 3419 5133 3505 5208; x_wconf 60' lang='lat' dir='ltr'><strong>ring</strong></span> 
     </span>
    </p>
   </div>
   <div class='ocr_carea' id='block_1_128' title="bbox 1918 5198 3506 5274">
    <p class='ocr_par' dir='ltr' id='par_1_128' title="bbox 1918 5198 3506 5274">
     <span class='ocr_line' id='line_1_131' title="bbox 1918 5198 3506 5274; baseline 0.001 -17"><span class='ocrx_word' id='word_1_968' title='bbox 1918 5198 2166 5274; x_wconf 62' lang='grc' dir='ltr'><strong>ἁγιασμόν</strong></span> <span class='ocrx_word' id='word_1_969' title='bbox 2208 5198 2361 5272; x_wconf 78' lang='grc' dir='ltr'><strong>σῶμόι</strong></span> <span class='ocrx_word' id='word_1_970' title='bbox 2398 5208 2583 5274; x_wconf 70' lang='grc' dir='ltr'><strong>ιιυριοιτδΔ</strong></span> <span class='ocrx_word' id='word_1_971' title='bbox 2616 5204 2701 5258; x_wconf 77' lang='grc' dir='ltr'><strong>καὶ</strong></span> <span class='ocrx_word' id='word_1_972' title='bbox 2738 5198 2867 5274; x_wconf 79' lang='grc' dir='ltr'><strong>αἷμα</strong></span> <span class='ocrx_word' id='word_1_973' title='bbox 2896 5208 3119 5274; x_wconf 79' lang='grc' dir='ltr'><strong>Χριστοῦ</strong></span> <span class='ocrx_word' id='word_1_974' title='bbox 3144 5198 3383 5274; x_wconf 15' lang='grc' dir='ltr'><strong>ήλίγοντᾳι</strong></span> <span class='ocrx_word' id='word_1_975' title='bbox 3421 5205 3506 5259; x_wconf 70' lang='grc' dir='ltr'><strong>καὶ</strong></span> 
     </span>
    </p>
   </div>
   <div class='ocr_carea' id='block_1_129' title="bbox 1916 5271 3505 5341">
    <p class='ocr_par' dir='ltr' id='par_1_129' title="bbox 1916 5271 3505 5341">
     <span class='ocr_line' id='line_1_132' title="bbox 1916 5271 3505 5341; baseline 0 -13"><span class='ocrx_word' id='word_1_976' title='bbox 1916 5271 2039 5336; x_wconf 78' lang='grc' dir='ltr'><strong>εἱσι,</strong></span> <span class='ocrx_word' id='word_1_977' title='bbox 2072 5271 2157 5330; x_wconf 63' lang='lat' dir='ltr'><strong>irai</strong></span> <span class='ocrx_word' id='word_1_978' title='bbox 2177 5271 2525 5329; x_wconf 67' lang='grc' dir='ltr'><strong>πιστέυοντάι.</strong></span> <span class='ocrx_word' id='word_1_979' title='bbox 2550 5271 2682 5327; x_wconf 85' lang='lat' dir='ltr'><strong>Ante</strong></span> <span class='ocrx_word' id='word_1_980' title='bbox 2704 5271 3505 5341; x_wconf 76' lang='lat' dir='ltr'><strong>consecrationem.appellantur</strong></span> 
     </span>
    </p>
   </div>
   <div class='ocr_carea' id='block_1_130' title="bbox 1914 5343 3506 5414">
    <p class='ocr_par' dir='ltr' id='par_1_130' title="bbox 1914 5343 3506 5414">
     <span class='ocr_line' id='line_1_133' title="bbox 1914 5343 3506 5414; baseline 0.001 -17"><span class='ocrx_word' id='word_1_981' title='bbox 1914 5343 2122 5414; x_wconf 76' lang='lat' dir='ltr'><strong>ﬁgurtv,</strong></span> <span class='ocrx_word' id='word_1_982' title='bbox 2138 5355 2183 5399; x_wconf 90' lang='lat' dir='ltr'><strong>et</strong></span> <span class='ocrx_word' id='word_1_983' title='bbox 2214 5356 2323 5414; x_wconf 81' lang='lat' dir='ltr'><strong>post</strong></span> <span class='ocrx_word' id='word_1_984' title='bbox 2349 5344 2784 5414; x_wconf 72' lang='lat' dir='ltr'><strong>consecrationem</strong></span> <span class='ocrx_word' id='word_1_985' title='bbox 2803 5346 3143 5402; x_wconf 80' lang='lat' dir='ltr'><strong>nominantur</strong></span> <span class='ocrx_word' id='word_1_986' title='bbox 3163 5344 3371 5414; x_wconf 87' lang='lat' dir='ltr'><strong>proprie</strong></span> <span class='ocrx_word' id='word_1_987' title='bbox 3394 5361 3506 5399; x_wconf 84' lang='lat' dir='ltr'><strong>cor-</strong></span> 
     </span>
    </p>
   </div>
   <div class='ocr_carea' id='block_1_131' title="bbox 1916 5413 3505 5484">
    <p class='ocr_par' dir='ltr' id='par_1_131' title="bbox 1916 5413 3505 5484">
     <span class='ocr_line' id='line_1_134' title="bbox 1916 5413 3505 5484; baseline 0.002 -17"><span class='ocrx_word' id='word_1_988' title='bbox 1916 5431 2014 5484; x_wconf 81' lang='lat' dir='ltr'><strong>pus</strong></span> <span class='ocrx_word' id='word_1_989' title='bbox 2053 5413 2265 5470; x_wconf 71' lang='lat' dir='ltr'><strong>Domini</strong></span> <span class='ocrx_word' id='word_1_990' title='bbox 2291 5425 2336 5469; x_wconf 89' lang='lat' dir='ltr'><strong>et</strong></span> <span class='ocrx_word' id='word_1_991' title='bbox 2365 5415 2581 5484; x_wconf 84' lang='lat' dir='ltr'><strong>sanguis</strong></span> <span class='ocrx_word' id='word_1_992' title='bbox 2617 5413 2812 5470; x_wconf 80' lang='lat' dir='ltr'><strong>Christi</strong></span> <span class='ocrx_word' id='word_1_993' title='bbox 2829 5457 2843 5480; x_wconf 90' lang='lat'><strong>,</strong></span> <span class='ocrx_word' id='word_1_994' title='bbox 2872 5425 2918 5469; x_wconf 87' lang='lat' dir='ltr'><strong>et</strong></span> <span class='ocrx_word' id='word_1_995' title='bbox 2948 5426 3102 5480; x_wconf 87' lang='lat' dir='ltr'><strong>sunt,</strong></span> <span class='ocrx_word' id='word_1_996' title='bbox 3132 5424 3180 5469; x_wconf 91' lang='lat' dir='ltr'><strong>et</strong></span> <span class='ocrx_word' id='word_1_997' title='bbox 3214 5414 3505 5470; x_wconf 87' lang='lat' dir='ltr'><strong>creduntur</strong></span> 
     </span>
    </p>
   </div>
   <div class='ocr_carea' id='block_1_132' title="bbox 1914 5484 3502 5555">
    <p class='ocr_par' dir='ltr' id='par_1_132' title="bbox 1914 5484 3502 5555">
     <span class='ocr_line' id='line_1_135' title="bbox 1914 5484 3502 5555; baseline 0.001 -16"><span class='ocrx_word' id='word_1_998' title='bbox 1914 5485 2191 5555; x_wconf 85' lang='lat' dir='ltr'><strong>ejusmodi.</strong></span> <span class='ocrx_word' id='word_1_999' title='bbox 2218 5485 2367 5542; x_wconf 85' lang='lat' dir='ltr'><strong>Hanc</strong></span> <span class='ocrx_word' id='word_1_1000' title='bbox 2394 5485 2605 5539; x_wconf 86' lang='lat' dir='ltr'><strong>dicendi</strong></span> <span class='ocrx_word' id='word_1_1001' title='bbox 2633 5496 2687 5541; x_wconf 89' lang='lat' dir='ltr'><strong>et</strong></span> <span class='ocrx_word' id='word_1_1002' title='bbox 2709 5486 2976 5542; x_wconf 88' lang='lat' dir='ltr'><strong>scribendi</strong></span> <span class='ocrx_word' id='word_1_1003' title='bbox 3003 5484 3252 5551; x_wconf 79' lang='lat' dir='ltr'><strong>formam,</strong></span> <span class='ocrx_word' id='word_1_1004' title='bbox 3269 5500 3363 5541; x_wconf 90' lang='lat' dir='ltr'><strong>seu</strong></span> <span class='ocrx_word' id='word_1_1005' title='bbox 3384 5500 3502 5541; x_wconf 83' lang='lat' dir='ltr'><strong>mo-</strong></span> 
     </span>
    </p>
   </div>
   <div class='ocr_carea' id='block_1_133' title="bbox 1916 5555 3501 5627">
    <p class='ocr_par' dir='ltr' id='par_1_133' title="bbox 1916 5555 3501 5627">
     <span class='ocr_line' id='line_1_136' title="bbox 1916 5555 3501 5627; baseline 0.003 -18"><span class='ocrx_word' id='word_1_1006' title='bbox 1916 5558 2042 5610; x_wconf 90' lang='lat' dir='ltr'><strong>dum</strong></span> <span class='ocrx_word' id='word_1_1007' title='bbox 2071 5557 2266 5612; x_wconf 89' lang='lat' dir='ltr'><strong>iterum</strong></span> <span class='ocrx_word' id='word_1_1008' title='bbox 2301 5556 2495 5627; x_wconf 89' lang='lat' dir='ltr'><strong>repetit</strong></span> <span class='ocrx_word' id='word_1_1009' title='bbox 2519 5555 2852 5614; x_wconf 85' lang='lat' dir='ltr'><strong>Ratramuus</strong></span> <span class='ocrx_word' id='word_1_1010' title='bbox 2875 5556 2944 5627; x_wconf 86' lang='lat' dir='ltr'><strong>de</strong></span> <span class='ocrx_word' id='word_1_1011' title='bbox 2963 5556 3164 5613; x_wconf 88' lang='lat' dir='ltr'><strong>Christi</strong></span> <span class='ocrx_word' id='word_1_1012' title='bbox 3192 5572 3420 5626; x_wconf 87' lang='lat' dir='ltr'><strong>corpore</strong></span> <span class='ocrx_word' id='word_1_1013' title='bbox 3447 5556 3501 5614; x_wconf 87' lang='lat' dir='ltr'><strong>in</strong></span> 
     </span>
    </p>
   </div>
   <div class='ocr_carea' id='block_1_134' title="bbox 1915 5626 3502 5698">
    <p class='ocr_par' dir='ltr' id='par_1_134' title="bbox 1915 5626 3502 5698">
     <span class='ocr_line' id='line_1_137' title="bbox 1915 5626 3502 5698; baseline 0.001 -17"><span class='ocrx_word' id='word_1_1014' title='bbox 1915 5628 2245 5683; x_wconf 79' lang='lat' dir='ltr'><strong>eucharistia</strong></span> <span class='ocrx_word' id='word_1_1015' title='bbox 2295 5626 2489 5698; x_wconf 82' lang='lat' dir='ltr'><strong>reapse</strong></span> <span class='ocrx_word' id='word_1_1016' title='bbox 2520 5628 2826 5698; x_wconf 82' lang='lat' dir='ltr'><strong>existente.</strong></span> <span class='ocrx_word' id='word_1_1017' title='bbox 2879 5626 3036 5684; x_wconf 87' lang='lat' dir='ltr'><strong>Num.</strong></span> <span class='ocrx_word' id='word_1_1018' title='bbox 3083 5628 3196 5685; x_wconf 90' lang='lat'><strong>99:</strong></span> <span class='ocrx_word' id='word_1_1019' title='bbox 3229 5628 3502 5698; x_wconf 79' lang='lat' dir='ltr'><strong>Addamus</strong></span> 
     </span>
    </p>
   </div>
   <div class='ocr_carea' id='block_1_135' title="bbox 1912 5697 3503 5771">
    <p class='ocr_par' dir='ltr' id='par_1_135' title="bbox 1912 5697 3503 5771">
     <span class='ocr_line' id='line_1_138' title="bbox 1912 5697 3503 5771; baseline -0.001 -18"><span class='ocrx_word' id='word_1_1020' title='bbox 1912 5698 2051 5771; x_wconf 84' lang='lat' dir='ltr'><strong>quod</strong></span> <span class='ocrx_word' id='word_1_1021' title='bbox 2079 5700 2174 5755; x_wconf 86' lang='lat' dir='ltr'><strong>iste</strong></span> <span class='ocrx_word' id='word_1_1022' title='bbox 2198 5700 2351 5770; x_wconf 84' lang='lat' dir='ltr'><strong>panis</strong></span> <span class='ocrx_word' id='word_1_1023' title='bbox 2372 5697 2417 5771; x_wconf 82' lang='lat' dir='ltr'><strong>et</strong></span> <span class='ocrx_word' id='word_1_1024' title='bbox 2444 5697 2583 5754; x_wconf 68' lang='lat' dir='ltr'><strong>calix</strong></span> <span class='ocrx_word' id='word_1_1025' title='bbox 2627 5702 2716 5771; x_wconf 83' lang='lat' dir='ltr'><strong>qui</strong></span> <span class='ocrx_word' id='word_1_1026' title='bbox 2734 5717 2935 5771; x_wconf 77' lang='lat' dir='ltr'><strong>corpus</strong></span> <span class='ocrx_word' id='word_1_1027' title='bbox 2975 5709 3023 5754; x_wconf 90' lang='lat' dir='ltr'><strong>et</strong></span> <span class='ocrx_word' id='word_1_1028' title='bbox 3063 5698 3280 5771; x_wconf 65' lang='lat' dir='ltr'><strong>sanguis</strong></span> <span class='ocrx_word' id='word_1_1029' title='bbox 3306 5697 3503 5771; x_wconf 69' lang='lat' dir='ltr'><strong>Christi</strong></span> 
     </span>
    </p>
   </div>
   <div class='ocr_carea' id='block_1_136' title="bbox 1915 5768 3503 5843">
    <p class='ocr_par' dir='ltr' id='par_1_136' title="bbox 1915 5768 3503 5843">
     <span class='ocr_line' id='line_1_139' title="bbox 1915 5768 3503 5843; baseline 0.001 -19"><span class='ocrx_word' id='word_1_1030' title='bbox 1915 5768 2218 5843; x_wconf 82' lang='lat' dir='ltr'><strong>nominatur</strong></span> <span class='ocrx_word' id='word_1_1031' title='bbox 2239 5781 2287 5827; x_wconf 90' lang='lat' dir='ltr'><strong>et</strong></span> <span class='ocrx_word' id='word_1_1032' title='bbox 2310 5769 2505 5843; x_wconf 75' lang='lat' dir='ltr'><strong>existit,</strong></span> <span class='ocrx_word' id='word_1_1033' title='bbox 2528 5768 3187 5843; x_wconf 73' lang='lat' dir='ltr'><strong>uternoriamreprazseutat</strong></span> <span class='ocrx_word' id='word_1_1034' title='bbox 3211 5768 3503 5843; x_wconf 70' lang='lat' dir='ltr'><strong>Dominicc</strong></span> 
     </span>
    </p>
   </div>
   <div class='ocr_carea' id='block_1_137' title="bbox 1914 5840 3507 5910">
    <p class='ocr_par' dir='ltr' id='par_1_137' title="bbox 1914 5840 3507 5910">
     <span class='ocr_line' id='line_1_140' title="bbox 1914 5840 3507 5910; baseline 0.001 -14"><span class='ocrx_word' id='word_1_1035' title='bbox 1914 5842 2209 5910; x_wconf 73' lang='lat' dir='ltr'><strong>passionis,</strong></span> <span class='ocrx_word' id='word_1_1036' title='bbox 2243 5851 2348 5897; x_wconf 90' lang='lat' dir='ltr'><strong>etc.</strong></span> <span class='ocrx_word' id='word_1_1037' title='bbox 2394 5842 2523 5910; x_wconf 74' lang='lat' dir='ltr'><strong>Qua:</strong></span> <span class='ocrx_word' id='word_1_1038' title='bbox 2570 5858 2691 5898; x_wconf 90' lang='lat' dir='ltr'><strong>cum</strong></span> <span class='ocrx_word' id='word_1_1039' title='bbox 2736 5844 2809 5896; x_wconf 87' lang='lat' dir='ltr'><strong>ita</strong></span> <span class='ocrx_word' id='word_1_1040' title='bbox 2843 5840 2983 5906; x_wconf 85' lang='lat' dir='ltr'><strong>sint,</strong></span> <span class='ocrx_word' id='word_1_1041' title='bbox 3032 5840 3308 5897; x_wconf 84' lang='lat' dir='ltr'><strong>dubitandi</strong></span> <span class='ocrx_word' id='word_1_1042' title='bbox 3349 5840 3507 5897; x_wconf 68' lang='lat' dir='ltr'><strong>locus</strong></span> 
     </span>
    </p>
   </div>
  </div>
