4088 6344
556 381 660 437 155

1587 367 1951 427 RATRAMNI
1986 364 2439 425 CORBEIENSIS
2475 361 2806 422 MONACHI.

3733 359 3834 416 156

553 494 705 571 porci
731 494 886 568 panis
912 491 1268 566 corporeique
1293 488 1403 544 viui
1430 487 1709 560 spirituale
1740 500 1942 557 corpus
1967 482 2128 556 spiri-
2159 487 2209 548 Α
2235 478 2385 571 fonte
2421 486 2476 534 et
2504 478 2681 571 inesse
2720 475 2864 547 quod
2891 489 3085 530 sensus
3107 473 3359 571 corporis
3386 471 3643 544 attingat,
3665 478 3726 571 et
3760 462 3840 525 id-

556 591 829 662 tualisqne
869 587 1088 661 sanguis
1129 585 1352 642 existit:
1385 596 1412 625 ει
1441 599 1545 639 non
1585 583 1729 655 quod
1760 583 1987 637 duarum
2028 579 2139 634 sint

555 683 858 742 existentiie
891 696 1068 737 rerum
1094 679 1236 734 inter
1260 692 1320 734 se
1340 677 1697 741 diversarum,
1721 674 1966 746 corporis
1990 673 2140 730 vide-

555 778 684 836 licet
711 787 767 835 et
793 777 1034 850 spiritus,
1063 790 1248 830 verum
1288 790 1394 830 una
1440 776 1736 844 eademque
1789 787 1895 838 res,
1949 786 2142 828 secun-

557 877 686 926 dum
712 868 854 924 aliud
891 867 1100 940 species
1129 867 1286 938 panis
1311 875 1366 922 et
1392 865 1502 922 vini
1533 864 1804 929 consistit,
1844 862 2141 918 secundum

557 963 700 1019 aliud
722 972 901 1019 autem
937 977 1133 1034 corpus
1162 969 1245 1018 est
1266 971 1322 1017 et
1342 961 1560 1032 sanguis
1583 959 1808 1016 Christi.
1836 957 2142 1015 Secundum

557 1072 789 1128 namque
838 1056 983 1129 quod
1041 1064 1330 1126 utrumque
1380 1053 1738 1126 corporaliter
1789 1051 2141 1123 contingitur,

557 1151 765 1222 species
794 1158 921 1206 sunt
953 1157 1217 1204 creatura:
1250 1161 1564 1218 corporeae;
1615 1144 1910 1200 secundum
1957 1150 2148 1214 poten-

560 1241 688 1298 tiam
717 1255 848 1299 vero
871 1241 1014 1313 quod
1033 1239 1352 1312 spiritaliter
1383 1237 1540 1294 factae
1563 1246 1714 1302 sunt,
1742 1235 2001 1306 mysteria
2023 1241 2150 1288 sunt

559 1337 804 1409 corpt’iris
823 1347 878 1393 et
913 1335 1189 1408 sanguinis
1214 1333 1438 1391 Christi.
1523 1357 1525 1359 ί
1940 1381 1943 1384 ,

634 1425 795 1480 XVII.
820 1426 1239 1482 Cousideremus
1270 1425 1412 1480 sacri
1437 1423 1643 1480 fontem
1670 1419 2034 1494 baptismatis,
2057 1418 2150 1490 qui

564 1516 684 1573 fons
714 1518 839 1572 vitae
879 1532 983 1573 non
1032 1517 1302 1572 immerito
1345 1525 1706 1587 nuncupatur,
1749 1513 1875 1586 quia
1929 1512 2152 1567 descen-

563 1607 752 1667 déntes
795 1611 848 1666 in
888 1626 946 1668 se
976 1611 1213 1667 melioris
1242 1611 1366 1666 vita:
1407 1611 1646 1666 novitate
1673 1608 1956 1672 reformat,
2005 1603 2154 1660 etde

564 1713 784 1774 peccato
809 1703 1038 1758 mortuis
1065 1702 1310 1758 viventes
1326 1700 1548 1772 iustitia:
1571 1702 1775 1756 donat:
1802 1715 1930 1754 num
1953 1713 2150 1753 secun-

564 1793 691 1850 dum
729 1795 872 1865 quod
905 1811 1060 1866 aqua:
1089 1795 1422 1867 conspicitur
1445 1794 1774 1850 elementum
1819 1806 1960 1856 esse,
1993 1790 2152 1846 istam

2241 570 2388 626 circo
2414 568 2670 623 mutabile
2711 578 2874 636 atque
2918 563 3307 636 corrnptibile;
3361 572 3418 618 et
3445 577 3636 619 rursus
3663 561 3842 617 inesse

2241 660 2387 732 quod
2415 660 2550 716 Iides
2563 659 2675 714 sola
2700 655 3091 730 conspiciat,§et
3107 653 3227 712 ideo
3249 669 3349 711 nec
3371 653 3644 725 corrumpi
3662 667 3844 725 posse,

2242 767 2342 806 nec
2369 752 2492 808 vita:
2515 751 2807 807 discrimen
2838 750 3106 820 accipere.
3124 747 3181 804 Si
3211 748 3458 818 requiras
3483 746 3625 818 quod
3655 760 3845 816 super—

2245 843 2534 903 ﬁcietenus
2575 845 2739 910 lavat,
2777 843 3108 900 elementum
3144 852 3258 909 est;
3301 843 3344 899 si
3380 858 3510 898 vero
3543 839 3846 914 perpendes

2244 939 2386 1007 quod
2409 937 2639 993 interius
2653 945 2868 1009 purgat,
2895 938 3064 992 virtus
3086 935 3268 991 vitalis
3294 944 3394 998 est,
3412 935 3586 990 virtus
3601 933 3850 990 sanctiti-

2246 1031 2500 1096 cationis,
2523 1031 2698 1087 virtus
2742 1030 3182 1086 immortalitatis.
3215 1029 3382 1101 Igitur
3416 1028 3471 1084 in
3515 1027 3850 1099 proprietate

2249 1122 2847 1194 humor-corruptibilis,
2867 1123 2920 1178 in
2951 1123 3211 1196 mysterio
3227 1137 3355 1178 vero
3367 1121 3540 1176 virtus
3564 1117 3849 1177 sanabilis.
3878 1103 3884 1113 ’

2320 1215 2460 1271 XIX.
2491 1215 2582 1272 Sic
2609 1216 2791 1287 itaque
2827 1215 3034 1272 Christi
3072 1231 3273 1288 corpus
3300 1223 3356 1271 et
3385 1214 3607 1286 sanguis
3656 1228 3850 1284 super-

2249 1307 2532 1364 ticietenus
2587 1307 2964 1371 considerata,
3042 1317 3300 1364 creatura
3363 1316 3449 1362 est
3503 1303 3852 1360 mutabilitati

2252 1400 2681 1470 corruptelieque
2707 1398 2968 1470 subjecta.
2997 1397 3056 1454 Si
3096 1397 3336 1471 mysterii
3380 1412 3512 1454 vero
3543 1396 3852 1469 perpendas

2250 1493 2530 1558 virtutem,
2561 1492 2667 1548 vita
2689 1504 2771 1548 eSt
2799 1492 3253 1563 participantibus
3277 1506 3336 1547 se
3360 1489 3602 1546 tribuens
3626 1489 3853 1544 immor-

2254 1583 2537 1639 talitatem.
2568 1584 2598 1624 ι)
2643 1582 2759 1638 Non
2807 1598 2938 1656 ergo
2984 1592 3113 1638 sunt
3164 1583 3305 1640 idem
3345 1583 3487 1654 quod
3528 1591 3853 1645 cernuntur,

2253 1685 2308 1733 et
2330 1678 2473 1748 quod
2505 1677 2820 1733 creduntur.
2843 1676 3154 1733 Secundum
3194 1677 3339 1732 enim
3371 1676 3514 1747 quod
3553 1686 3857 1730 cernuntur

2254 1785 2451 1841 corpus
2516 1776 2745 1840 pascunt
2798 1768 3183 1840 corruptibile,
3235 1768 3347 1839 ipsa
3409 1765 3785 1836 corruptibilia
3838 1778 3854 1817 :

565 1856 856 1958 potentiam
879 1856 1369 1944 obtinet.Attamen
1392 1886 1497 1940 nisi
1519 1882 1963 1941 sanctiﬁcationis
1984 1880 2150 1956 virtu-
2185 1867 2226 1926 Β
2255 1860 2552 1916 secundum
2581 1875 2736 1958 ,νθτο
2781 1860 2929 1958 αξιοά
2973 1859 3270 1958 inﬁdum“:
3309 1858 3518 1913 animas
3544 1865 3775 1926 935W!“
3797 1856 3853 1910 i“

565 1994 672 2036 seni
701 1980 992 2045 obtineret,
1049 1979 1225 2034 labem
1271 1978 1524 2032 vitiorum
1557 1989 1896 2047 nequaquam
1948 1971 2154 2028 diluere

566 2081 775 2144 posset;
811 2081 868 2128 et
898 2071 1001 2127 nisi
1029 2071 1268 2142 vigorem
1303 2071 1429 2124 vita:
1457 2070 1784 2132 contineret,
1816 2065 1964 2122 nullo
1994 2064 2152 2119 modo

567 2165 792 2220 mortuis
818 2173 1076 2234 praestare
1103 2163 1266 2218 vitam
1295 2161 1532 2224 valeret,
1579 2160 1809 2215 mortuis
1839 2168 2019 2213 autem
2045 2173 2151 2212 non

568 2272 745 2322 carne,
770 2257 864 2311 sed
892 2256 1091 2311 anima.
1118 2254 1176 2310 lu
1213 2271 1278 2310 eo
1310 2264 1488 2309 tamen
1523 2253 1668 2308 fonte
1696 2255 1739 2309 si
1779 2252 2155 2308 consideretur

568 2353 899 2408 solummodo
935 2351 1078 2422 quod
1113 2365 1406 2422 corporeus
1436 2348 1630 2420 aspicit
1671 2363 1884 2411 sensus,
1914 2346 2152 2400 elemen-

569 2462 676 2502 tum
708 2445 926 2500 ﬂuidum
957 2444 1310 2515 conspicitur,
1339 2440 1677 2511 corruptioni
1707 2438 2027 2509 snlijectum,
2055 2454 2155 2493 nec

569 2537 661 2593 .iisi
691 2552 916 2608 corpora
941 2535 1152 2590 lavandi
1181 2535 1475 2606 potentiam
1502 2533 1768 2589 obtinere.
1793 2530 1899 2587 Sed
1925 2530 2156 2587 accessit

569 2630 731 2686 sancti
766 2630 1000 2700 Spiritus
1026 2645 1124 2701 per
1150 2627 1448 2685 sacerdotis
1470 2627 1934 2683 consecrationem
1959 2625 2151 2690 virtus,

569 2730 614 2778 :t
641 2719 827 2777 elﬁcax
855 2721 996 2777 facta
1026 2730 1111 2777 est
1151 2736 1258 2775 non
1281 2719 1456 2775 solum
1491 2736 1741 2792 corpora,
1773 2736 1960 2775 verum
1989 2719 2151 2774 etiam

571 2816 772 2870 animas
798 2815 1026 2880 diluere,
1045 2823 1101 2869 et
1126 2813 1433 2884 spirituales
1459 2814 1650 2871 sordes
1679 2813 1946 2884 Spil‘iluali
1968 2821 2156 2884 poten-

572 2907 638 2962 .ia
665 2908 959 2964 dimovere.

635 3000 820 3058 XVIII.
853 3001 991 3057 Ecce
1023 3000 1077 3056 in
1105 3017 1213 3056 uno
1241 3001 1542 3072 eodemque
1577 3001 1846 3056 elemento
1877 2999 1984 3054 duo
2012 2998 2155 3053 vide-

572 3109 686 3151 mus
740 3095 918 3150 inesse
971 3093 1071 3148 Sibi
1101 3094 1429 3158 resistentia,
1455 3094 1506 3148 id
1533 3102 1617 3148 est
1673 3091 2005 3163 correptioni
2033 3092 2155 3146 sub-

584 3201 746 3242 acens
786 3186 1242 3257 incorruptionem
1282 3195 1562 3258 praestare,
1621 3195 1674 3241 et
1713 3185 1878 3239 vitam
1925 3200 2032 3239 non
2059 3185 2155 3238 lia-

2256 1961 2519 2008 aeternum
2545 1953 2803 2018 victuras,
2829 1955 2946 2023 ipsa
2976 1951 3326 2008 immortalia.

2303 2056 2444 2112 'XX.
2477 2056 2769 2128 Apostolus
2824 2072 3038 2128 quoque
3091 2056 3338 2113 scribens
3387 2054 3685 2112 Corinthiis
3729 2053 3807 2109 ait
3838 2071 3852 2083 ο

2257 2149 2485 2206 Nescitis
2539 2151 2788 2223 quoniam
2853 2163 3028 2222 patres
3073 2150 3238 2206 nostri
3305 2165 3481 2205 omnes
3551 2149 3645 2204 sub
3719 2147 3858 2202 nube

2257 2248 2529 2318 fuerunt:
2584 2257 2632 2301 et
2689 2263 2868 2300 omnes
2926 2263 3072 2301 mare
3133 2245 3511 2300 transierunt:
3577 2253 3624 2298 et
3676 2257 3858 2298 omnes

2257 2345 2312 2398 in
2377 2342 2523 2398 Mose
2585 2342 2836 2413 baptizati
2894 2353 3038 2408 sunt,
3095 2340 3149 2395 in
3202 2339 3357 2404 nube,
3415 2348 3462 2393 et
3538 2338 3595 2392 in
3669 2336 3855 2402 mari,

2257 2445 2306 2490 et
2340 2451 2515 2490 omnes
2543 2433 2779 2489 eamdem
2808 2449 2980 2487 escam
3011 2431 3340 2502 spiritualem
3363 2430 3854 2492 manducaverunt;

2256 2538 2303 2584 et
2337 2545 2513 2582 omnes
2558 2527 2794 2582 eumdem
2840 2535 3020 2596 potant
3041 2524 3367 2596 spiritualem
3397 2523 3674 2578 biberant?
3696 2521 3858 2576 Bibe-

2259 2621 2379 2674 bam
2413 2617 2584 2674 autem
2611 2619 2674 2674 de
2697 2617 2960 2690 spirituali
3008 2627 3337 2688 consequenti
3371 2633 3458 2672 eos
3487 2628 3656 2686 petra.
3685 2612 3852 2668 Petra

2259 2722 2432 2767 autem
2477 2721 2587 2766 erat
2625 2710 2863 2766 Christus
2904 2709 2957 2783 (Ι
3003 2708 3124 2766 Cor.
3167 2725 3226 2777 ι,
3262 2710 3392 2782 1-4).
3446 2707 3854 2764 Animadverti-

2261 2821 2380 2860 mus
2408 2812 2464 2859 et
2495 2820 2643 2877 mare
2694 2803 2948 2874 baptismi
2997 2803 3232 2874 speciem
3291 2802 3616 2874 praetulisse,
3661 2809 3716 2855 et
3748 2815 3852 2854 nu-

2260 2898 2415 2962 beni;
2443 2905 2731 2967 patresque
2758 2895 2954 2966 prioris
2984 2892 3319 2950 Testamenti
3353 2895 3406 2949 in
3439 2894 3542 2959 eis,
3573 2891 3623 2946 id
3663 2899 3750 2947 est
3796 2890 3852 2945 in

2259 2990 2402 3044 nube
2432 2990 2546 3043 sive
2590 2988 2744 3051 mari,
2794 2987 3098 3058 baptizatos
3139 2985 3327 3042 fuisse.
3379 2983 3518 3040 Num
3550 2983 3634 3039 vel
3675 2999 3852 3048 mare,

2260 3083 2552 3138 secundum
2585 3081 2727 3152 quod
2759 3081 3084 3136 elementum
3111 3080 3418 3144 videbatur,
3446 3077 3700 3150 baptismi
3751 3093 3855 3147 po-

2260 3176 2362 3229 tuit
2393 3175 2590 3230 habere
2621 3175 2911 3230 virtutem?
2938 3173 3023 3230 vel
3054 3173 3245 3238 nubes,
3269 3174 3424 3245 juxta
3454 3175 3598 3236 quod
3629 3172 3860 3228 densio-

573 3294 701 3335 oens
753 3278 922 3335 vitam
954 3280 1320 3335 contribuere.
1368 3277 1726 3350 Cognoscitur
1769 3292 1900 3349 ergo
1940 3277 1996 3332 in
2043 3276 2150 3332 isto
2177 3260 2223 3324 C
2255 3268 2332 3324 ris
2359 3267 2776 3323 crassitudinem
2813 3266 2956 3322 aeris
2999 3265 3349 3334 ostendebat,
3389 3265 3537 3338 [add.
3569 3263 3856 3338 populum]

576 3457 752 3514 nullus
785 3459 1012 3529 relinqui
1039 3465 1216 3529 potest
1243 3457 1308 3513 de
1333 3457 1587 3513 concordi
1609 3465 1664 3512 et
1685 3457 1924 3512 unanimi
1950 3466 2160 3529 senten-

574 3531 648 3587 tia
700 3528 979 3586 Ratramni
1027 3528 1083 3586 et
1129 3528 1406 3583 Paschasii
1461 3530 1526 3583 de
1579 3530 1863 3600 pra-sentin
1917 3528 2160 3598 corporis

578 3600 778 3657 Christi
805 3612 859 3659 et
888 3601 1166 3673 sanguinis
1197 3601 1251 3654 in
1278 3601 1633 3656 Eucharistia:
1660 3601 1939 3672 mysterio.

645 3706 673 3736 α
714 3692 835 3748 Non
863 3695 1001 3766 quod
1027 3693 1254 3747 ili-aram
1281 3695 1383 3748 sint
1408 3693 1696 3750 existentia:
1728 3712 1901 3749 rerum
1939 3696 2074 3750 inter
2110 3713 2163 3766 s_e

576 3763 918 3821 diversarum.
948 3765 1004 3819 Si
1036 3765 1160 3834 quis
1193 3766 1292 3820 sibi
1324 3767 1648 3836 persuadeat
1677 3767 1810 3820 duas
1847 3763 2164 3821 existentias

578 3851 759 3890 rerum
800 3836 1410 3910 diversarum,scilicet
1444 3839 1744 3910 specierum
1775 3839 1930 3908 panis
1963 3848 2016 3893 et
2059 3838 2166 3892 viui

578 3917 632 3961 et
673 3908 920 3978 corporis
947 3906 1150 3960 Christi
1190 3907 1242 3960 in
1283 3906 1645 3978 eucharistia.
1673 3906 1928 3963 somniat.
1961 3910 2168 3978 Quippe

580 3976 788 4045 species
819 3977 932 4030 ista:
961 3986 1018 4031 et
1045 3991 1243 4047 corpus
1265 3977 1545 4048 spirituale
1570 3980 1773 4034 Christi
1801 3981 2048 4034 eamdem
2069 3976 2168 4033 lia-

582 4048 708 4103 hent
739 4056 794 4101 et
827 4063 986 4101 unam
1017 4048 1068 4101 in
1107 4064 1171 4102 ea
1210 4050 1557 4105 existentiain
1579 4091 1593 4111 ,
1621 4059 1674 4105 et
1713 4067 1799 4104 res
1832 4050 2024 4106 eadem
2065 4065 2171 4104 una

581 4127 708 4173 sunt
738 4118 838 4192 sub
871 4117 1084 4192 diverso
1117 4130 1363 4190 respectu
1396 4140 1409 4175 :
1443 4122 1652 4178 scilicet
1690 4137 1810 4192 qua:
1837 4121 2171 4176 considerari

582 4198 638 4262 et
673 4189 898 4257 cogitari
930 4199 1109 4262 potest
1138 4195 1192 4245 in
1220 4189 1481 4262 quantum
1509 4189 1760 4249 sensibus
1806 4192 2089 4261 subjicitur
2118 4201 2174 4248 et

584 4261 637 4316 in
667 4268 928 4334 quantum
956 4261 1431 4334 oculis,recondit
1451 4305 1466 4330 ,
1498 4266 1641 4320 velat
1683 4265 1886 4334 aliquid
1929 4263 2176 4334 Spiritale

584 4336 728 4403 quod
770 4331 1050 4403 oculorum
1095 4333 1267 4389 aciem
1315 4351 1420 4390 non
1466 4336 1630 4391 subit.
1665 4336 1743 4390 Ex
1775 4331 1858 4390 his
1891 4331 2175 4390 consecta-

585 4402 744 4478 iieum
775 4402 1067 4478 dilucidum
1097 4407 1367 4478 erumpit,
1387 4422 1584 4478 corpus
1609 4417 1664 4462 et
1683 4409 2002 4478 sanguinein
2026 4406 2177 4462 Chri-

588 4477 656 4530 Sti
683 4490 786 4528 non
809 4476 1048 4529 existere
1071 4477 1261 4549 eadem
1286 4476 1573 4532 existentia
1605 4480 1759 4549 panis
1781 4476 1834 4532 ét
1857 4479 1986 4540 vini,
2013 4480 2176 4532 adeo-

585 4562 690 4618 que
737 4554 860 4620 pnst
907 4547 1375 4620 consecrationem
1419 4547 1624 4603 nullnni
1662 4565 1854 4620 panem
1896 4559 1950 4603 et
1989 4550 2174 4604 vinum

586 4617 678 4700 seu
699 4617 1057 4699 substantiam
1081 4633 1267 4700 eorum
1295 4631 1559 4689 praesente
1581 4617 1807 4690 corpore
1829 4632 1884 4675 et
1908 4624 2176 4691 sanguine
2203 4627 2257 4688 D

587 4687 789 4743 Christi
819 4689 1120 4743 consistere
1149 4698 1204 4744 et
1229 4687 1566 4761 permanere.

659 4780 689 4820 ιι
721 4779 1132 4856 Non_ergosunt
1173 4782 1309 4856 idem
1345 4784 1485 4852 quod
1512 4793 1795 4856 cernuntur
1820 4793 1866 4839 et
1896 4784 2036 4856 quod
2066 4801 2178 4839 cre-

590 4851 809 4904 duntur.
838 4851 932 4905 ΕΚ
951 4853 1033 4906 liis
1057 4863 1204 4922 patet
1228 4851 1496 4926 integram
1536 4851 1917 4910 diﬂ‘erentianr
1942 4867 2083 4910 inter
2112 4865 2177 4910 ea

591 4937 711 4991 quae
741 4931 1133 4997 cernunturet
1177 4940 1296 4994 qua:
1345 4926 1637 4980 creduntur
1682 4929 1734 4980 in
1777 4929 2034 4997 mysterio
2072 4942 2178 4997 non

590 5006 876 5071 erumpere
903 5008 971 5046 ex
1015 4995 1228 5050 diversa
1271 4997 1579 5071 existentia,
1627 5005 1684 5071 ut
1725 4995 1848 5052 mox
1878 4998 2044 5071 dixit;
2084 4996 2180 5050 sed

593 5076 659 5118 ex
686 5065 899 5116 diverso
927 5075 1174 5138 respectu
1214 5068 1314 5121 sub
1339 5083 1446 5136 quo
1475 5083 1562 5122 res
1586 5068 1774 5122 eadem
1819 5069 2041 5134 cogitati
2081 5083 2180 5138 pu-

593 5141 792 5207 test_et_
816 5135 1055 5203 rependi.
1094 5138 1273 5204 Quare
1315 5135 1445 5193 dicit
1483 5138 1844 5192 Ratramnus:
1877 5141 1964 5193 Sic
2007 5135 2181 5207 itaque

595 5203 792 5290 Christi
820 5219 1008 5290 carpas
1031 5217 1079 5259 et
1120 5203 1333 5290 sanguis
1366 5209 1790 5290 superﬁcieteuus
1827 5203 2181 5290 considerata,

598 5285 843 5350 creatura
887 5271 964 5330 est
995 5271 1332 5333 nmtabilitati
1375 5271 1782 5350 co'rriiptelteque
1831 5281 2086 5349 subjecta.
2125 5271 2184 5333 Si

597 5345 832 5421 mysterii
856 5362 971 5421 rere
994 5351 1279 5420 perpendas
1307 5345 1568 5415 virtutem,
1595 5345 1705 5404 vitu'
1721 5361 1796 5405 est
1819 5345 2186 5421 participtmti-

601 5416 694 5469 bus
724 5432 777 5469 se
811 5416 1043 5473 tribuens
1075 5416 1538 5474 immortalitatem.
1577 5421 1770 5476 Verum
1799 5416 1865 5477 ex
1897 5422 1979 5475 his
2008 5416 2187 5476 verbis

599 5486 904 5557 intelligere
940 5489 1105 5563 facile
1137 5502 1220 5546 est
1249 5507 1353 5563 non
1386 5492 1603 5561 proprie
1647 5502 1702 5546 et
1740 5508 1805 5547 ex
1838 5493 1986 5546 omni
2029 5505 2184 5563 parte

601 5566 776 5612 totam
833 5561 1217 5617 eucharistiam
1262 5561 1612 5616 Ratramnnm
1661 5564 1912 5619 conferre
1963 5561 2044 5619 eo'
2080 5565 2184 5620 loci

603 5643 726 5710 cum
757 5629 1058 5710 baptismo,
1095 5631 1190 5687 sed
1213 5647 1412 5710 corpus
1440 5646 1494 5686 et
1522 5636 1845 5710 sanguinem
1867 5633 1994 5691 Jesu
2028 5636 2188 5693 Chri-

605 5703 675 5778 _st_i
704 5715 827 5771 quae
849 5712 989 5778 sunt
1014 5703 1066 5757 iu
1106 5703 1437 5778 eucharistia
1459 5743 1474 5769 ,
1503 5713 1563 5759 ut
1589 5703 1713 5778 mox
1739 5708 1907 5773 dixit,
1933 5725 2054 5778 qua:
2087 5710 2185 5764 lia-

607 5770 737 5827 bita’
762 5771 970 5855 ratione
1004 5772 1328 5855 conditionis
1369 5791 1477 5847 qua
1509 5777 1760 5855 sensibus
1807 5770 2184 5855 subjiciuntur,

607 5845 942 5914 corruptioni
973 5845 1204 5902 obnoxia
1231 5845 1474 5916 sunt,'et
1511 5848 1698 5908 habita
1736 5845 1946 5909 ratione
1974 5845 2189 5912 virtutis

2262 3441 2496 3512 Spiritus
2515 3438 2857 3512 sancti,nnlli
2883 3439 3214 3512 corruptioni
3244 3439 3480 3512 obnoxia
3506 3447 3654 3512 sunt,
3686 3439 3858 3494 vitam

2262 3510 2318 3568 et
2367 3510 2831 3584 inmortalitatem
2880 3510 3201 3584 largiti—titur.
3246 3511 3343 3566 His
3384 3512 3458 3584 ita
3505 3511 3768 3582 subjectis
3802 3521 3864 3566 et

2264 3583 2486 3655 pnsitis,
2519 3598 2709 3638 sensus
2733 3582 3015 3638 Ratranini
3049 3599 3154 3638 non
3194 3593 3277 3638 est
3316 3582 3459 3652 quod
3497 3590 3861 3655 quemadmo-

2266 3652 2390 3710 dum
2435 3655 2754 3709 substantiae
2796 3664 2850 3708 et
2889 3655 3159 3724 baptismo
3188 3655 3363 3708 virtus
3406 3652 3861 3724 sanctiﬁcationis

2267 3725 2511 3789 aecedit,
2542 3726 2615 3780 ita
2647 3725 2700 3780 in
2747 3723 3072 3780 eurharistia
3106 3727 3279 3779 virtus
3325 3726 3588 3778 duntaxat
3629 3723 3756 3778 vita:
3800 3732 3868 3780 et

2269 3797 2715 3852 sanctiﬁcationis
2735 3795 2943 3851 accedit
2969 3799 3032 3850 ad
3056 3794 3412 3851 substantiam
3437 3795 3610 3864 panis.
3628 3793 3686 3850 Si
3711 3795 3862 3850 enim

2269 3876 2414 3922 esset
2462 3883 2656 3922 sensus
2701 3866 3018 3931 Ratramni,
3060 3883 3165 3922 non
3197 3867 3405 3921 diceret
3430 3881 3625 3935 corpus
3651 3873 3707 3920 et
3734 3882 3866 3920 san-

2271 3939 2485 4008 guinem
2517 3938 2716 3992 Christi
2747 3938 2818 3992 ibi
2850 3938 3103 4001 existere,
3129 3947 3183 3992 et
3213 3937 3421 4007 species
3456 3937 3706 3993 sensibus
3726 3938 3862 3992 sub-

2267 4007 2441 4080 j’ectas
2464 4025 2556 4063 seu
2585 4009 2895 4079 corporales
2913 4025 3036 4063 cum
3065 4023 3293 4078 corpore
3321 4007 3592 4076 duplicem
3613 4010 3861 4062 existen-

2276 4079 2404 4134 tiam
2437 4096 2542 4134 non
2575 4079 2775 4134 habere
2796 4120 2812 4144 ,
2844 4080 2998 4150 quasi
3045 4087 3230 4134 essent
3258 4093 3345 4134 res
3378 4093 3566 4148 reapse
3596 4080 3861 4150 diversae,

2277 4167 2383 4205 uno
2422 4152 2587 4207 verbo
2619 4151 2697 4205 rei
2727 4149 2884 4205 unius
2913 4151 2964 4204 in
3002 4150 3228 4205 aberant
3266 4151 3618 4205 mutationem
3649 4149 3868 4202 contin-

2275 4237 2440 4292 gere:
2470 4238 2571 4278 ncc
2608 4237 2764 4290 posse
2793 4220 2895 4276 dici
2935 4231 3029 4276 aut
3057 4221 3293 4292 cogitari
3306 4291 3310 4292 ί
3332 4221 3453 4292 sine,
3492 4219 3722 4292 crimine
3757 4235 3861 4275 seu

2278 4290 2482 4362 absque
2513 4293 2665 4362 culpa
2695 4301 2751 4346 et
2783 4301 3005 4360 peccato
3033 4290 3231 4361 corpus
3255 4290 3457 4346 Christi
3493 4291 3564 4344 ibi
3597 4306 3703 4344 non
3734 4306 3863 4360 per-

2278 4379 2518 4419 manere.
2541 4364 2745 4418 Sensus
2768 4362 2933 4434 igitur
2953 4365 3120 4418 nostri
3139 4362 3418 4416 ﬂatramni
3441 4362 3513 4417 sit
3535 4376 3758 4416 necesse
3779 4373 3869 4416 est

2281 4436 2445 4507 (quod
2471 4433 2748 4507 conceptis
2771 4435 2948 4507 verbis
2973 4449 3288 4507 expressum
3311 4441 3424 4487 est:
3452 4449 3642 4501 corpus
3663 4443 3712 4485 et
3733 4449 3867 4507 san-1

2281 4503 2490 4576 guinem
2523 4504 2652 4559 Jesu
2687 4503 2881 4576 Christi
2911 4522 3020 4559 esse
3044 4503 3426 4576 compellantur
3470 4519 3689 4576 negare,
3725 4503 3870 4572 quod

2284 4574 2430 4646 nefas
2460 4592 2568 4629 esse
2616 4591 2720 4629 non
2764 4575 2933 4629 solum
2960 4574 3264 4646 diceresed
3309 4574 3569 4646 cogitare)
3614 4589 3736 4629 esse
3773 4587 3874 4642 per

2367 4648 2600 4701 ationcm
2634 4647 2700 4698 ad
2733 4647 2847 4701 hinc
2891 4645 3004 4699 ve'la
3034 4653 3090 4701 et
3127 4643 3381 4712 conoptea
3425 4643 3625 4714 aliquid
3673 4661 3871 4700 corru-

2285 4717 2455 4788 ptioni
2493 4716 2824 4788 obnoxium;
2854 4717 2946 4771 sed
2969 4733 3063 4788 per
3087 4717 3402 4788 relationem
3429 4725 3523 4770 aut
3553 4726 3863 4788 respectum

2286 4786 2353 4843 ad
2386 4789 2639 4842 virtutem
2676 4787 2914 4858 Spiritus
2945 4786 3138 4852 sancti,
3172 4786 3326 4855 cujus
3351 4787 3399 4840 vi
3434 4801 3621 4858 reapse
3671 4787 3722 4841 in
3766 4787 3873 4842 hoc

2288 4859 2544 4930 mysterio
2585 4866 2709 4912 sunt
2739 4867 2793 4930 et
2823 4859 3159 4930 consistunt,
3204 4874 3310 4912 non
3359 4871 3480 4913 esse
3528 4858 3871 4930 corrttpzioiii

2286 4927 2516 4984 obnoxia
2570 4938 2625 4983 et
2669 4927 2946 4996 subjecta,
2973 4929 3064 4983 sed
3095 4930 3261 4983 vitam
3301 4939 3356 4983 et
3405 4929 3870 4984 immortalitatem

2289 5001 2572 5054 animabus
2629 5001 2830 5054 nostris
2879 5000 3296 5055 communicant.
3353 4998 3509 5057 Sicut
3564 4999 3875 5070 baptisnius

2289 5070 2472 5142 habita
2501 5070 2762 5125 relatione
2789 5087 2883 5126 seu
2919 5073 3123 5125 ratione
3153 5072 3218 5125 ad
3257 5086 3451 5140 aquam
3483 5079 3538 5124 et
3573 5072 3714 5142 quod
3749 5087 3875 5126 sen-

2290 5141 2440 5213 sibus
2469 5141 2759 5196 obuoxium
2785 5152 2870 5197 I'Sl
2895 5144 3167 5213 corrumpi
3193 5150 3398 5212 potest,
3428 5151 3482 5195 et
3514 5140 3695 5196 habita
3725 5142 3882 5196 simi-

2292 5212 2417 5266 liter
2469 5213 2678 5268 ratione
2723 5214 2937 5267 virtutis
2983 5223 3037 5267 et
3080 5212 3385 5268 sanctitatis
3430 5212 3533 5268 sibi
3575 5213 3787 5268 collatae
3846 5227 3880 5266 a

2291 5282 2533 5355 Christo,
2563 5285 2744 5338 evadit
2780 5283 2898 5338 fons
2929 5294 2984 5339 et
3021 5285 3292 5355 scaturigo
3323 5285 3443 5338 vitae
3467 5292 3525 5338 et
3562 5283 3880 5355 innnortali-

2295 5355 2443 5409 tatis.
2471 5354 2548 5409 Ex
2577 5355 2658 5410 bis
2689 5357 2940 5410 omnibus
2967 5355 3101 5410 nihil
3129 5353 3304 5426 potest
3334 5355 3559 5426 intelligi
3603 5355 3744 5425 quod
3777 5353 3880 5408 do.

2296 5426 2486 5480 ctrina:
2514 5426 2768 5481 Ecclesia:
2791 5426 3071 5482 catholica:
3106 5444 3208 5482 non
3239 5442 3534 5494 congruum
3565 5435 3657 5480 ant
3680 5439 3882 5480 conve-

2296 5498 2453 5551 niens
2483 5501 2586 5560 sit,
2612 5506 2704 5551 aut
2741 5499 2884 5567 quod
2917 5499 3022 5552 ulla
3055 5500 3264 5553 ratione
3311 5497 3536 5553 somniis
3567 5496 3881 5567 Protestan-

2289 5568 2421 5622 tium
2456 5569 2748 5638 propitium
2769 5566 2947 5640 ivideri
2995 5571 3184 5640 possit.
3213 5569 3395 5639 anue
3433 5568 3588 5637 juvat
3637 5566 3880 5640 maxime

2287 5639 2554 5710 applicata
2606 5638 2902 5696 transferre
2947 5638 3006 5695 et
3047 5649 3260 5701 mente.
3319 5640 3371 5694 in
3417 5638 3881 5710 comparationem

2332 5708 2452 5764 nam
2477 5711 2714 5765 instituit
2731 5712 2976 5781 corporis
3003 5713 3161 5782 hujus
3183 5711 3382 5768 Christi
3406 5708 3717 5774 cumiinbe,
3738 5708 3880 5782 mari

2344 5782 2496 5854 ubro,
2514 5797 2658 5852 aqua
2679 5796 2712 5838 e
2741 5791 2896 5854 petra
2918 5783 3351 5854 educta.iiiaiiiia
3379 5783 3430 5836 in
3455 5797 3648 5854 arenas
3676 5781 3879 5837 deserti

2291 5853 2547 5920 cadente;
2577 5883 2646 5895 —
2669 5853 2817 5911 num.
2847 5853 2938 5919 20,
2967 5854 3059 5922 21,
3085 5853 3177 5922 22,
3209 5853 3302 5920 εδ,
3326 5854 3397 5910 ει
3423 5865 3478 5912 et
3503 5853 3595 5908 ‘25.
