4088 6344
229 378 326 432 I57

1157 372 1243 428 DE
1276 371 1601 430 CORPORE
1635 369 1722 426 ΕΤ
1764 366 2109 425 SANGUINE
2148 367 2404 425 DOMINI.

3389 370 3491 426 138

225 488 574 545 sanetilicaro
641 487 924 559 quiverit?
980 486 1088 542 Nec
1148 497 1331 542 tamen
1385 485 1701 557 Apostolum
1757 484 1813 538 in
1842 490 1890 549 Α
1919 483 2089 553 ipsam
2112 496 2276 551 quam
2314 481 2479 536 hodie
2522 481 2751 551 populus
2796 480 3132 537 credentium
3163 482 3217 538 in
3254 481 3499 539 Ecclesia

223 583 446 639 Christo
490 583 729 637 locutum
787 580 1046 635 audemus
1072 579 1251 635 dicere
1281 579 1425 649 (ιιιοά
1448 594 1559 633 non
1579 593 1709 634 vere
1739 578 1816 632 di-

228 675 370 729 xerit
388 684 583 744 patres
629 680 844 727 nostros
870 671 926 725 in
958 670 1105 726 nube
1140 679 1197 725 et
1237 670 1373 724 mari
1422 669 1590 725 fuisse
1641 669 1814 739 bapti-

227 776 401 822 ιιιιος.

296 864 447 929 XXI.
469 870 537 929 Et
564 876 811 943 quamvis
833 876 1130 946 baptismus
1153 875 1242 930 ille
1271 875 1498 929 formam
1524 875 1817 944 baptisma-

228 967 298 1019 tis
320 964 549 1027 Christi,
577 968 720 1034 quod
743 965 901 1021 hodie
937 967 1138 1037 geritur
1172 967 1225 1020 in
1262 967 1521 1030 Ecclesia,
1549 982 1654 1021 non
1683 983 1817 1036 prte-

230 1056 438 1121 tnlerit,
474 1059 799 1127 baptismum
841 1068 1021 1112 tamen
1062 1059 1361 1122 exstitisse,
1384 1061 1512 1113 etin
1539 1075 1604 1114 eo
1636 1069 1818 1127 patres

228 1157 452 1204 nostros
474 1150 781 1219 baptizatos
815 1150 1000 1209 fuisse.
1026 1151 1206 1204 nullus
1233 1166 1431 1221 negare
1460 1166 1626 1205 sanus
1650 1152 1812 1205 anule.

226 1243 331 1306 hit,
363 1244 468 1297 nisi
496 1242 675 1297 verbis
702 1243 940 1313 Apostoli
990 1243 1371 1297 contradicere
1407 1260 1639 1297 vesanus
1680 1258 1818 1313 pra:-

223 1338 549 1406 sumpserit.
607 1338 777 1408 Igitur
823 1349 877 1392 et
904 1353 1053 1392 mare
1096 1349 1151 1392 et
1200 1340 1371 1393 nubes
1395 1355 1499 1393 non
1525 1340 1818 1395 secundum

226 1428 339 1483 hoc
366 1431 510 1499 quod
536 1446 731 1502 corpus
755 1431 1095 1494 exstiterant,
1125 1432 1575 1487 sanctiﬁcationis
1610 1432 1823 1487 mundi-

228 1519 366 1572 tiam
395 1519 696 1589 praebuere,
743 1535 927 1576 verum
960 1522 1254 1575 secundum
1299 1524 1442 1592 quod
1486 1524 1825 1578 invisibiliter

231 1610 413 1663 sancti
466 1609 701 1680 Spiritus
741 1611 1226 1665 sanetiﬂcationem
1274 1614 1644 1667 continebant.
1694 1614 1825 1668 Erat

195 1712 475 1769 natoque
514 1701 579 1754 in
620 1701 711 1755 eis
766 1702 993 1755 visibilis
1022 1700 1217 1765 forma,
1250 1717 1370 1771 quze
1404 1703 1679 1772 corporeis
1705 1718 1825 1757 sen-

194 1817 201 1821 ν
231 1789 389 1843 Silius
418 1799 728 1860 appareret,
758 1807 865 1845 non
898 1792 949 1843 in
975 1791 1229 1860 imagine,
1265 1792 1356 1845 sed
1386 1792 1437 1845 in
1472 1795 1699 1847 veritate
1725 1809 1739 1857 ;
1774 1800 1828 1844 et

1917 571 2205 627 manducat
2229 579 2287 626 et
2307 570 2442 625 bibit
2466 570 2624 637 (Vide
2648 588 2789 625 num.
2813 570 2928 643 25).
2951 571 3067 627 Non
3097 573 3243 628 enim
3272 573 3395 630 licet
3419 574 3502 629 di-

1917 679 2128 720 versam
2180 663 2425 735 intelligi,
2464 665 2718 734 quoniam
2768 680 2909 720 unus
2953 666 3202 737 idemque
3254 666 3501 724 Christus
3560 736 3563 741 ν

1916 767 2020 823 est,
2050 758 2141 828 qui
2167 766 2222 812 et
2248 756 2504 827 populum
2551 756 2605 811 in
2653 757 2886 819 deserto,
2937 757 2991 811 in
3038 757 3181 813 nube
3206 759 3337 814 etin
3363 760 3501 814 mari

1917 849 2269 919 baptizatum,
2301 863 2397 903 sua
2425 862 2590 903 carne
2612 848 2781 917 pavit,
2814 862 2914 902 suo
2956 850 3216 920 sanguine
3245 858 3376 923 tunc
3406 865 3505 921 po.

1921 943 2071 1006 tavit,
2101 952 2153 996 et
2186 943 2237 996 in
2272 941 2510 996 Ecclesia
2555 956 2697 995 nunc
2738 940 3075 996 credentium
3117 942 3370 1012 populum
3418 945 3507 1000 sui

1918 1033 2164 1101 corporis
2185 1047 2346 1101 pane,
2373 1033 2454 1086 sui
2479 1032 2757 1101 sanguinis
2779 1032 2920 1085 unda
2941 1034 3115 1101 pascit
3144 1043 3307 1104 atque
3328 1044 3501 1105 potat.

1992 1122 2179 1177 XXIV.
2221 1123 2372 1189 Quod
2407 1122 2591 1178 volens
2633 1122 2922 1193 Apostolus
2959 1124 3231 1190 intimare,
3260 1142 3399 1180 cum
3426 1127 3508 1182 di-

1922 1215 2091 1269 sisset
2131 1226 2321 1285 patres
2369 1224 2584 1270 nostros
2632 1216 2880 1270 eamdem
2940 1230 3121 1270 escam
3170 1217 3505 1287 spiritualem

1922 1312 2323 1374 manducasse,
2374 1310 2732 1379 eunulemqne
2793 1318 2979 1381 potum
3034 1312 3370 1381 spiritualem
3430 1314 3510 1369 bio

1923 1402 2087 1462 hisse,
2110 1412 2509 1470 consequenter
2530 1400 2730 1470 adjecit
2762 1420 2774 1454 :
2800 1400 3057 1457 Bibebant
3083 1414 3258 1459 autem
3297 1405 3360 1458 de
3398 1406 3510 1475 spi-

1926 1490 2105 1543 rituali
2128 1492 2458 1561 consequenti
2490 1508 2574 1543 eos
2612 1502 2779 1559 petra.
2806 1489 2965 1544 Petra
3004 1502 3180 1546 autem
3218 1505 3329 1547 erat
3359 1493 3512 1548 Citri-

1923 1595 2033 1637 stus
2095 1583 2144 1654 (1
2186 1584 2308 1637 Cor.
2364 1601 2417 1647 χ,
2468 1584 2545 1653 4).
2602 1585 2671 1639 Ut
2718 1585 3158 1656 intelligeremus,
3197 1587 3248 1641 in
3296 1586 3515 1642 deserto

1925 1674 2197 1729 Christum
2228 1676 2283 1729 iu
2334 1675 2595 1746 spirituaii
2623 1686 2776 1745 petra
2808 1677 3139 1741 constitisse,
3182 1687 3237 1733 et
3265 1679 3348 1733 sui
3384 1695 3513 1734 san-

1928 1768 2103 1837 guinis
2126 1770 2322 1823 undam
2355 1769 2551 1839 populo
2576 1769 2888 1838 prrebuisse,
2905 1771 2996 1841 qui
3020 1780 3203 1839 postea
3226 1787 3421 1842 corpus
3446 1773 3516 1827 de

232 1882 469 1937 interius
496 1883 791 1953 spiritualis
815 1884 1054 1952 potentia
1089 1885 1402 1955 refulgebat,
1432 1902 1549 1953 qua:
1576 1902 1680 1939 non
1708 1903 1827 1941 car-
1858 1852 1902 1910 Β
1936 1862 2153 1930 Virgine
2182 1872 2479 1955 summumi
2514 1870 2570 1916 ⁸⁸
2602 1861 2901 1955 ντίῗῇδδιυίῗ
2921 1863 3253 1955 θῗθάθηιίυίη
3276 1864 3330 1918 in
3352 1878 3517 1919 om“

234 1974 324 2027 nis
348 1972 544 2035 oculis,
584 1976 678 2027 sed
703 1975 901 2028 mentis
930 1974 1224 2029 luminibus
1251 1985 1562 2046 appareret.

309 2061 475 2116 XXII.
508 2061 771 2116 Similiter
801 2078 993 2116 manna
1047 2064 1241 2134 popqu
1273 2066 1338 2119 de
1366 2066 1505 2121 caelo
1537 2068 1743 2131 datum,
1777 2072 1830 2121 et

232 2168 380 2223 aqua
415 2152 689 2223 proﬂuens
732 2154 799 2207 de
838 2162 987 2222 petra
1010 2194 1024 2215 ,
1058 2155 1372 2224 corporales
1422 2157 1744 2211 exstiterant
1776 2166 1832 2211 et

227 2245 601 2317 corporaliter
656 2245 911 2315 populum
958 2246 1042 2298 vel
1072 2247 1367 2315 pascebant
1411 2247 1495 2301 vel
1527 2250 1827 2318 potabant:

237 2348 483 2391 attamen
504 2337 796 2406 Apostolus
817 2338 900 2391 vel
930 2338 1058 2392 illud
1085 2354 1308 2402 manna,
1333 2339 1411 2392 vel
1437 2340 1580 2393 illam
1610 2357 1829 2409 aquam,

233 2426 580 2496 spiritualem
632 2442 815 2481 escam
873 2427 1319 2497 spiritualemque
1357 2437 1541 2495 potum
1575 2429 1829 2498 appellat.

236 2517 355 2570 Cur
375 2517 513 2570 hoc?
539 2515 803 2583 Quoniam
832 2517 1008 2571 inerat
1050 2520 1328 2588 corporeis
1359 2520 1463 2573 illis
1510 2520 1832 2577 substantiis

236 2608 549 2679 spiritualis
578 2608 735 2663 Verbi
761 2617 1017 2678 potestas,
1045 2624 1164 2678 qua:
1194 2620 1401 2664 mentes
1444 2612 1624 2679 potius
1670 2629 1832 2681 quam

241 2714 476 2769 corpora
513 2699 849 2754 credentium
899 2710 1148 2768 pasceret
1208 2708 1370 2770 atque
1416 2712 1628 2770 potaret
1674 2703 1835 2774 (Vide

242 2806 393 2843 nam.
456 2790 563 2851 15).
612 2789 827 2843 Etcum
865 2790 1018 2843 cibus
1065 2790 1147 2843 vel
1190 2802 1349 2861 potus
1387 2792 1473 2846 ille
1502 2794 1665 2848 futuri
1716 2811 1835 2849 cor-

242 2880 397 2949 poris
420 2879 624 2933 Christi
648 2880 1031 2949 sanguinisque
1062 2884 1402 2950 mysterium,
1424 2884 1567 2952 quod
1592 2884 1835 2941 celebrat

234 2972 524 3035 Ecclesia,
568 2982 1036 3043 praemonstraret,
1082 2974 1344 3028 eamdem
1394 2984 1589 3029 tamen
1652 2991 1834 3031 escam

246 3064 587 3134 spiritualem
618 3065 990 3129 manducasse,
1016 3065 1265 3121 eumdem
1297 3075 1467 3120 totum
1500 3068 1834 3137 spiritualem

226 3155 454 3248 gbibisse
508 3165 691 3225 patres
744 3166 956 3211 nostros
1012 3168 1236 3243 sanctus
1275 3157 1485 3215 ‘Panlus
1531 3172 1830 3217 asseverat.

320 3246 511 3301 XX‘III.
536 3248 743 3314 Quteris
780 3246 1009 3303 fortasse
1039 3265 1200 3319 quam
1230 3252 1516 3306 eamdem?
1567 3253 1835 3311 Nimirum

308 3506 352 3532 ι·
397 3490 522 3571 Quo
548 3508 662 3571 non
683 3494 866 3571 isolmu
902 3496 1292 3571 redimeremur,
1322 3515 1493 3571 verum
1517 3501 1671 3554 etiam
1698 3511 1843 3571 pota-

250 3580 461 3636 rentur.
482 3562 614 3636 Cum
638 3564 787 3618 idem
816 3566 917 3628 sit,
946 3567 1091 3619 omni
1127 3577 1308 3621 amoto
1335 3570 1676 3636 discrimine,
1698 3562 1839 3626 ἐξιη-

252 3633 377 3702 guis
402 3631 604 3685 Chri~ti
636 3649 741 3700 quo
777 3646 1029 3704 putamur
1066 3647 1119 3690 et
1161 3638 1493 3698 redimimnr.
1527 3640 1642 3695 lucc
1665 3631 1841 3696 "assu-

254 3717 409 3755 mere
439 3716 663 3777 necesse
702 3712 785 3777 est
828 3706 895 3758 ad
940 3706 1366 3761 concludendum
1398 3709 1539 3777 quod
1576 3726 1698 3764 cum
1735 3710 1841 3765 Ra-

250 3772 784 3846 ujanumsjocnerit
809 3784 861 3827 et
892 3777 1186 3831 crediderit
1211 3772 1524 3843 sanguinem
1549 3796 1643 3846 pro
1667 3780 1843 3835 homi-

252 3843 420 3896 nibus
462 3840 695 3895 eII'ttsum
746 3860 849 3897 non
899 3860 1019 3899 esse
1070 3840 1335 3901 duntaxat
1384 3840 1703 3912 ﬁgura-tino.
1747 3850 1842 3905 sed

255 3926 448 3986 verum
472 3922 535 3986 _et
560 3914 776 3986 proprie
802 3913 1002 3986 dictum
1028 3916 1343 3986 sanguinem
1365 3917 1562 3972 Christi
1590 3920 1842 3975 eductum

256 3998 289 4036 ε
319 3982 442 4060 sinu
672 3981 903 4052 Virginis
928 3981 1311 4060 etfﬂluentem
1334 4004 1399 4041 ex
1427 3989 1577 4043 venis
1598 3992 1845 4060 corporis

257 4052 411 4128 croci
437 4049 601 4128 amvi,
634 4049 853 4128 necesse
877 4065 965 4128 est
994 4055 1420 4128 Eucharisticnm
1459 4072 1565 4125 quo
1596 4049 1845 4128 putamur

256 4120 431 4174 fuisse
456 4122 628 4195 esiu_u
669 4122 839 4177 beatis
877 4123 1115 4195 Virginis
1142 4128 1402 4181 eductum
1443 4120 1551 4184 etc
1583 4120 1845 4185 erucitixo

256 4206 493 4260 corpore
538 4192 802 4266 emisuni,
833 4192 1140 4263 cnjus‘cum
1181 4197 1523 4266 plenitudine
1568 4200 1634 4252 ad
1680 4202 1847 4256 (‘mI’OS

258 4263 799 4334 postquam_re\'ixit
846 4266 1109 4334 ascendit,
1144 4263 1208 4319 et
1253 4268 1319 4321 ad
1365 4269 1640 4322 dexteram
1667 4269 1848 4326 Patris

258 4331 442 4403 sedit,
471 4339 534 4383 nt
568 4332 706 4385 idem
748 4331 1280 4403 inquitRatramnns
1311 4354 1458 4392 num.
1504 4339 1595 4394 50.

334 4401 367 4441 δ
407 4399 529 4469 Ipse
556 4417 797 4471 namque,
826 4399 931 4457 etc.
956 4406 1104 4458 Adeo
1128 4406 1179 4459 in
1204 4416 1383 4460 mente
1414 4411 1662 4463 tuendam
1685 4410 1850 4465 babe-

257 4472 360 4546 hat
376 4472 1061 4546 transsnbstantiationem
1078 4476 1405 4546 Ratraumus
1424 4517 1439 4540 ,
1472 4495 1630 4546 quam
1665 4479 1851 4535 Eccle-

261 4541 937 4630 tia-Pilltgiit‘n‘(ICI'CINIII,
966 4554 1025 4630 l‘l-l
1051 4544 1254 4627 liquido
1290 4541 1846 4630 subjicerevideatur
1873 4572 1924 4630 ι)

254 4609 473 4690 factam
504 4610 669 4665 fuisse
699 4619 939 4690 tempore
966 4609 1163 4685 Moysis
1207 4615 1259 4669 in
1285 4609 1502 4690 “manna
1533 4628 1588 4672 et
1622 4620 1675 4673 in
1706 4636 1845 4690 aqua

256 4692 389 4751 quae
441 4682 507 4733 de
538 4692 699 4759 petra
748 4682 906 4759 virga
944 4682 1197 4752 percussa
1245 4683 1555 4759 efﬂuxerat;
1606 4682 1847 4759 adeoque

258 4750 477 4824 tantum
506 4750 661 4804 abest
700 4758 761 4804 ut
791 4750 857 4824 ei
894 4750 995 4808 hac
1032 4756 1437 4824 comparatione
1461 4750 1843 4814 assumendum

258 4821 336 4874 sit
366 4830 746 4884 argumentum
768 4821 833 4874 ad
858 4821 1189 4884 probandum
1213 4824 1566 4882 Ratramnum
1592 4828 1849 4883 abnuisse

264 4890 529 4967 doctrina:
556 4889 836 4967 catholicis
857 4889 1113 4967 Ecclesia:
1135 4895 1202 4949 de
1225 4898 1672 4967 transmutatione
1692 4900 1850 4967 panis

262 4958 332 5037 in_
356 4972 555 5026 corpus
593 4958 794 5014 Christi
824 4978 837 5014 :
869 4962 983 5030 ipsa
1016 4966 1347 5037 comparatio
1383 4968 1577 5037 probat
1603 4985 1633 5022 e
1658 4958 1847 5023 contra

264 5028 405 5084 adeo
453 5040 692 5107 "tentent
735 5028 1051 5107 occupatam
1103 5028 1353 5107 habuisse
1383 5028 1651 5092 suasione
1690 5038 1851 5107 hujus

264 5099 931 5161 transsuhstautiationis.
985 5110 1044 5157 ut
1094 5103 1247 5159 alteri
1304 5106 1539 5162 libenter
1587 5099 1851 5163 annue'ret

264 5168 683 5242 ipsi‘us_mann:e
720 5171 775 5242 in
806 5172 1093 5240 ipsummet
1127 5190 1324 5242 corpus
1362 5176 1561 5230 Christi
1611 5178 1847 5231 nondum

266 5236 401 5315 nati.
425 5236 542 5315 _Sed
580 5254 701 5315 cum
731 5236 993 5315 ejusmodi
1023 5236 1302 5315 sententia:
1338 5261 1506 5315 genus
1536 5263 1656 5301 esse
1694 5247 1849 5301 valde

262 5308 538 5385 singulare
564 5310 888 5372 etinsolens,
906 5314 1253 5385 quamvisbic
1280 5308 1661 5369 dihtci-Iissime
1685 5332 1849 5385 expo-

265 5378 454 5440 situm,
496 5388 740 5432 nostrum
770 5378 1043 5437 auctorem
1078 5384 1127 5436 in
1158 5384 1295 5437 hanc
1324 5386 1645 5438 sententiam
1684 5378 1850 5440 inisse

265 5449 584 5523 uentiqttzitp
609 5450 824 5503 videtur
847 5452 1105 5507 credibile
1131 5472 1143 5505 :
1167 5454 1364 5523 quippe
1385 5470 1505 5507 cum
1531 5465 1735 5508 cer'turn
1757 5457 1849 5519 sit,

263 5518 412 5572 omni
441 5519 605 5593 dubio
636 5529 863 5593 remoto,
890 5523 1156 5593 neminem
1184 5518 1461 5578 hominum
1492 5525 1589 5579 sibi
1614 5518 1850 5593 unquam

266 5589 607 5657 persuasisse
636 5604 700 5642 ac
730 5589 1035 5646 defendisse
1075 5589 1719 5648 ιναηεκηὺδῑηηιὶαιὶοηεηί
1757 5610 1851 5650 seu

267 5673 456 5734 veram
484 5660 965 5734 commutationem
995 5677 1204 5734 marinae
1230 5664 1295 5717 de
1318 5666 1455 5734 coelo
1475 5665 1605 5719 fus:c
1626 5676 1679 5719 et
1702 5681 1854 5734 aqum

270 5730 333 5783 de
366 5738 518 5800 petra
544 5727 761 5783 ﬂuentis
787 5730 839 5784 in
864 5746 1061 5800 corpus
1082 5732 1303 5788 Christi.
1332 5733 1437 5786 Sed
1462 5746 1644 5789 noster
1669 5727 1856 5789 auctor

266 5797 555 5855 miriﬁcam
578 5802 932 5855 mutationem
948 5797 1001 5855 in
1018 5803 1244 5857 alteram
1275 5806 1617 5861 mirabilitate
1642 5807 1855 5878 plenam

680 5892 946 5954 Pnaot.
986 5893 1203 5957 CXXI.

1916 4610 1923 4685 Ῐ
1949 4621 2033 4665 tas
2058 4610 2148 4685 itte
2179 4611 2346 4685 [ututi
2365 4613 2597 4685 corporis

1931 1966 2271 2021 suspensum,
2313 1952 2511 2005 nostris
2544 1951 2756 2006 sarculis
2799 1952 3024 2015 exihuit,
3078 1961 3134 2007 et
3182 1969 3248 2008 ex
3288 1969 3354 2009 eo
3391 1969 3517 2009 san-

1933 2041 2109 2109 guinis
2139 2041 2335 2094 undam
2362 2039 2548 2094 eﬂ'ndit
2570 2054 2595 2079 ιι
2628 2055 2734 2108 quo
2761 2055 2869 2095 non
2908 2040 3081 2095 solum
3098 2042 3514 2106 redimeremur,

1936 2150 2119 2189 verum
2150 2134 2312 2189 etiam
2344 2143 2673 2204 poteremur.

2004 2242 2170 2297 XXV.
2201 2244 2394 2299 Mirum
2415 2252 2581 2309 certe,
2607 2246 2865 2314 quoniam
2897 2246 3443 2315 incomprehensibile
3463 2257 3519 2301 et

1937 2335 2340 2390 inzestimahile!
2396 2335 2643 2391 Nondum
2668 2337 2938 2392 hominem
2968 2349 3354 2406 assumpserat,
3388 2352 3523 2391 nun-

1936 2428 2061 2480 dum
2091 2442 2188 2495 pro
2225 2427 2398 2481 salute
2444 2428 2628 2482 mundi
2680 2437 2908 2483 mortem
2936 2429 3336 2499 degustaverat,
3381 2443 3519 2483 non-

1937 2517 2063 2571 dum
2092 2519 2351 2589 sanguine
2379 2534 2478 2573 suo
2504 2534 2602 2573 nos
2629 2519 3022 2583 redemerat,et
3053 2520 3166 2588 jam
3198 2521 3369 2574 nostri
3418 2534 3517 2588 pa-

1937 2615 2047 2661 tres
2075 2607 2127 2660 in
2167 2609 2381 2661 deserto
2402 2623 2504 2677 per
2531 2622 2711 2661 escam
2747 2608 3081 2676 spiritualem
3123 2617 3413 2677 potumque
3439 2609 3521 2661 in-

1934 2699 2198 2753 visibilem
2237 2700 2353 2768 ejus
2399 2714 2595 2768 corpus
2632 2699 3031 2753 manducabant
3070 2708 3126 2751 et
3157 2699 3273 2769 ejus
3303 2700 3520 2768 sangui-

1937 2803 2059 2841 nem
2092 2789 2345 2843 bibebant
2372 2806 2384 2841 :
2418 2787 2562 2842 velut
2586 2788 2739 2843 testis
2760 2796 2939 2843 exstat
2966 2788 3255 2857 Apostolus
3274 2790 3519 2847 clamans

1937 2878 2178 2932 eamdem
2239 2892 2418 2932 escam
2462 2877 2794 2947 spiritualem
2832 2879 3213 2943 manducasse,
3268 2881 3518 2935 eumdem

1938 2978 2122 3037 potmn
2147 2968 2479 3038 spiritualem
2503 2969 2700 3023 bibisse
2724 2977 2914 3037 patres
2943 2979 3175 3025 nostros.
3213 2970 3325 3025 Non
3357 2972 3522 3027 isthic

1940 3062 2077 3115 ratio
2107 3077 2210 3130 qua
2244 3062 2357 3115 ﬁeri
2398 3062 2653 3129 potuerit,
2684 3060 3064 3130 disquirenda;
3089 3064 3182 3117 sed
3212 3063 3345 3119 ﬁdes
3375 3066 3518 3133 quod

1940 3150 2138 3207 factum
2177 3153 2266 3216 sit,
2298 3152 2617 3206 adhibenda.
2665 3152 2691 3191 δ
2732 3152 2853 3222 ipse
2885 3169 3118 3224 namque
3166 3154 3256 3223 qui
3288 3170 3433 3209 nunc
3464 3157 3517 3209 in

1940 3245 2182 3301 EcCIesia
2207 3247 2561 3317 omnipotenti
2590 3244 2788 3301 virtute
2822 3261 3017 3317 panem
3058 3256 3114 3301 et
3138 3248 3322 3303 vinum
3351 3250 3402 3303 in
3436 3252 3522 3304 sui

1932 3487 2168 3552 confert,
2185 3488 2431 3562 quamvis
2444 3489 2622 3562 prima
2636 3497 2692 3543 et
2711 3488 2985 3560 antiquior
3002 3501 3145 3562 esset
3160 3491 3263 3562 ﬁgu
3272 3506 3327 3545 ra
3346 3506 3525 3562 recen—

1938 3562 2096 3613 tioris
2122 3570 2175 3613 et
2208 3560 2502 3630 imagoseu
2536 3561 2635 3613 sub
2650 3570 2925 3630 aspectum
2954 3560 3221 3629 subjectio
3241 3571 3295 3616 et
3318 3560 3524 3630 eﬂigies

1941 3642 2217 3698 expressa.
2236 3628 2369 3681 Cum
2391 3628 2551 3698 igitur
2573 3630 2648 3681 ait
2672 3628 2998 3683 Ratramnus
3024 3628 3172 3685 num.
3189 3631 3261 3685 25
3278 3628 3524 3687 eamdem

1942 3714 2065 3753 esse
2087 3712 2307 3752 carnem
2329 3713 2487 3767 quam
2515 3698 2747 3768 popoius
2766 3700 3097 3753 credentium
3121 3701 3231 3754 edit
3259 3703 3310 3755 in
3342 3702 3527 3758 Eccle-

1944 3771 2044 3833 sia,
2072 3780 2125 3823 et
2147 3780 2331 3838 potum
2355 3784 2515 3836 quem
2536 3770 2696 3830 bibit,
2731 3784 2835 3842 non
2853 3770 3112 3842 intelligit
3144 3786 3243 3826 nec
3269 3774 3344 3825 ait
3370 3789 3521 3828 eam-

1946 3843 2067 3895 dem
2091 3853 2210 3910 esse
2233 3852 2451 3893 carnem
2473 3848 2731 3906 etpotum
2757 3839 3085 3893 indivrduniu
3108 3851 3162 3895 et
3189 3845 3523 3910 specilicum.

1944 3911 2091 3964 omni
2125 3908 2330 3963 (lt-lectu
2359 3920 2451 3962 aut
2480 3910 2790 3963 discrimine
2815 3922 3046 3972 remoto,
3068 3912 3160 3965 sed
3190 3908 3525 3968 solummodo

1945 3981 2188 4055 eamdem
2206 3994 2429 4055 carnem
2455 3994 2642 4049 reapse
2665 3981 2975 4055 manducari
2997 3991 3051 4034 et
3070 3984 3315 4055 eumdem
3340 3994 3527 4055 potum

1946 4052 2216 4124 propitiari
2248 4050 2424 4113 hodie,
2448 4066 2676 4124 quorum
2707 4049 3085 4124 imagoAfuerat
3114 4054 3240 4105 olim
3269 4049 3527 4124 expressa

1914 4164 1917 4167 γ
1946 4131 2001 4175 et
2034 4122 2275 4192 ﬁgurata,
2311 4130 2363 4173 et
2402 4122 2854 4192 quemadmodum
2888 4121 3005 4175 haec
3034 4122 3257 4192 ﬁgurata
3303 4121 3437 4183 caro
3474 4136 3533 4182 et

1947 4194 2167 4261 sanguis
2190 4189 2449 4257 ﬁgmatus
2476 4191 2747 4261 habebant
2770 4190 3022 4245 virtutem
3054 4189 3362 4250 interiorem
3386 4197 3530 4252 infu—

1949 4260 2116 4315 sionis
2150 4261 2336 4330 gratia:
2366 4276 2461 4315 seu
2491 4260 2831 4315 conferendae
2870 4261 3176 4318 hominibus
3203 4268 3529 4329 sanctitatis.

1949 4333 2138 4384 eadem
2176 4346 2305 4385 caro
2332 4346 2460 4384 vera
2494 4330 2821 4401 sanguisque
2849 4346 3012 4385 verus
3039 4334 3147 4386 vim
3178 4342 3235 4389 et
3274 4336 3531 4392 virtutem

1952 4402 2115 4456 habet
2141 4401 2482 4456 conferenda:
2510 4401 2635 4456 vita:
2667 4410 2723 4456 et
2751 4402 3192 4458 immortalitatis.
3232 4403 3386 4462 Hunc
3413 4423 3534 4461 esse

1952 4487 2139 4547 verum
2170 4472 2819 4547 sensumAconcinnatoris
2852 4471 3138 4547 Batramni
3161 4490 3225 4547 ex
3257 4478 3533 4547 conceptis

1953 4540 2138 4595 verbis
2167 4557 2317 4595 num.
2348 4540 2419 4596 22
2444 4540 2796 4665 intelligimus
2831 4544 2855 4593 :'
2878 4540 2947 4595 Et
2979 4560 3096 4596 cum
3123 4545 3301 4607 cibus,
3335 4540 3533 4616 τείρο-

1953 4621 2033 4665 tas
2058 4610 2148 4664 iile
2181 4611 2346 4665 futuri
2365 4613 2597 4665 corporis
2646 4611 2812 4665 'hristi
2836 4614 3208 4665 sanauinisaue
3229 4617 3530 4665 musterium

2646 4611 2812 4665 Ihristi
2836 4614 3208 4682 sanguinisque
3229 4611 3530 4683 mysterium

1950 4682 2089 4753 quod
2105 4682 2337 4735 celebrat
2362 4682 2598 4753 Ecclesia
2622 4691 3068 4751 pra’monstraret,
3109 4682 3343 4737 eamdem
3360 4694 3533 4739 tamen

1951 4751 2122 4805 escam
2142 4752 2467 4820 spiritualem
2496 4751 2681 4805 bibisse
2708 4760 2882 4820 patres
2911 4762 3113 4806 nostros
3142 4761 3355 4807 sanctus
3387 4753 3533 4809 Pau-

1951 4820 2035 4890 tus
2058 4830 2337 4873 asseverat.
2362 4821 2574 4875 Atvero
2589 4836 2711 4874 cum
2740 4821 2877 4874 ratio
2894 4830 3287 4890 propterquam
3317 4834 3538 4878 sanctus

1948 4889 2156 4944 Paulus
2208 4892 2407 4960 asserit
2446 4898 2631 4960 patres
2672 4900 2888 4945 nostros
2939 4889 3241 4947 comedisse
3287 4893 3534 4950 eamdem

1955 4974 2173 5036 carnem
2219 4966 2273 5012 et
2314 4959 2515 5036 bibisse
2566 4960 2815 5036 eumdem
2858 4968 3257 5036 potunt_ex__eo
3289 4974 3540 5036 erumpat

1957 5031 2099 5111 quod
2129 5031 2444 5111 mysterium
2472 5030 2719 5098 corporis
2744 5037 2797 5082 et
2817 5028 3097 5111 sanguinis
3129 5031 3329 5088 Christi
3367 5028 3534 5089 futuri

1958 5102 2011 5175 i_n
2046 5101 2279 5175 imagine
2307 5115 2516 5175 manna:
2544 5114 2860 5175 expressum
2890 5102 3082 5159 fuerat,
3118 5112 3173 5156 et
3199 5119 3352 5173 aqua:
3371 5115 3539 5175 petra:

1956 5170 2179 5231 deserti,
2208 5172 2556 5239 consequitur
2577 5170 2810 5225 dilucide
2824 5170 2967 5224 hunc
2980 5170 3264 5227 auctorem
3282 5170 3389 5228 seu'
3404 5190 3538 5229 con-

1957 5241 2291 5294 cionatorem
2319 5242 2418 5295 sibi
2461 5242 2687 5294 suadere
2728 5255 2833 5294 non
2862 5240 3100 5310 potuisse
3133 5243 3237 5297 hoc
3264 5260 3456 5298 manna
3478 5255 3540 5299 ‘et

1958 5326 2151 5379 aquam
2204 5310 2371 5364 fuisse
2416 5311 2748 5383 individuum
2791 5320 2844 5383 et
2878 5312 3186 5382 speciiicum
3226 5329 3455 5383 corpus,
3484 5326 3539 5368 et

1959 5386 2273 5454 sanguinem
2333 5396 2491 5454 quem
2534 5381 2590 5454 in
2631 5396 2779 5454 novo
2816 5380 3019 5436 fmdere
3065 5380 3391 5454 percipimus
3438 5400 3540 5439 nec

1956 5452 2203 5504 eumdem
2249 5466 2367 5505 esse
2418 5451 2714 5518 simplicem
2752 5450 3081 5524 ﬁguramiet
3123 5450 3409 5524 imaginem
3450 5470 3541 5509 ex-

1955 5534 2199 5594 pressam
2230 5536 2454 5594 vacuam
2486 5537 2546 5573 ea
2591 5537 2659 5594 re
2706 5537 2867 5589 quam
2919 5523 3121 5578 inducit
3162 5533 3218 5578 et
3240 5523 3535 5594 exprimit.

1960 5592 2130 5667 Sectis
2156 5592 2299 5667 enim
2344 5606 2538 5667 manna
2584 5591 2769 5667 fuisset
2812 5594 2990 5667 figura
3037 5594 3219 5667 ﬁgurae
3266 5591 3542 5667 et'imago

1961 5662 2234 5729 imaginis,
2266 5662 2408 5732 quod
2455 5671 2600 5715 recte
2629 5663 2822 5735 rationi
2864 5662 3198 5735 intolerabile
3227 5680 3443 5735 semper
3465 5662 3543 5719 vi-

1959 5747 2093 5804 sum
2130 5741 2231 5793 est,
2282 5740 2333 5785 et
2380 5745 2408 5783 a
2443 5747 2605 5804 sensu
2651 5732 2963 5794 ltatramni,
3003 5735 3045 5787 si
3088 5735 3282 5787 mentis
3322 5732 3544 5804 compos

1964 5803 2145 5868 fuerit,
2176 5818 2386 5872 semper
2411 5803 2639 5857 alienum
2678 5824 2687 5859 :
2725 5804 2917 5873 quippe
2940 5805 2986 5856 ei
3016 5804 3198 5860 dicere
3219 5806 3352 5871 satis
3377 5803 3545 5861 fuisse

3073 5901 3109 5962 5
