4088 6344
617 365 717 424 183

1622 354 1993 421 uram-at
2034 362 2485 420 consists-ms
2516 337 2837 425 nossent

3784 373 3881 427 HI

616 468 821 539 menta.
850 481 1059 552 Corpus
1104 490 1301 543 autem,
1348 477 1401 532 in
1434 492 1545 549 quo
1589 493 1780 547 passus
1806 486 1888 532 est
1924 474 2194 539 Christus,
2225 482 2270 538 Α
2299 472 2660 545 prscstolatur,
2678 475 2831 544 jmtta
2860 474 2988 531 Illud
3006 472 3325 547 Sapientiae:
3354 479 3631 535 .ircessisii
3650 483 3723 533 ad
3742 496 3879 536 men-

618 582 673 629 et
696 574 921 645 sanguis
949 570 1065 642 ejus
1091 571 1157 629 de
1183 570 1351 625 latere
1380 570 1472 639 qui
1496 568 1669 631 lluxit,
1702 583 1788 623 res
1817 576 1960 623 sunt.
1989 566 2192 623 Harum

584 688 585 691 η
619 680 749 720 vero
776 679 955 724 rerum
988 663 1243 737 mysteria
1273 662 1405 718 dicit
1430 675 1551 718 esse
1587 670 1927 718 sacramenta
1954 662 2197 730 corporis

616 767 675 820 et
698 757 974 828 sanguinis
998 753 1221 820 Christi,
1253 770 1375 828 qua
1405 755 1751 810 celebrantur
1776 754 1846 808 ob
1879 754 2196 808 memoriam

622 850 912 904 Dominica
942 846 1227 919 passionis,
1269 862 1377 901 non
1424 845 1597 901 solum
1622 859 1720 916 per
1746 861 1936 901 omnes
1976 843 2201 899 Pascha:

620 936 991 995 solemnitates
1011 935 1241 1006 singulis
1264 931 1438 1001 antris,
1466 950 1659 991 verum
1685 933 1850 989 etiam
1886 932 2108 1005 singulis
2140 931 2195 988 in

568 1040 570 1042 '
620 1042 763 1086 anno
793 1031 1003 1088 diebus.

574 1116 575 1119 “
692 1122 951 1179 XXXVII.
984 1123 1197 1180 Etcum
1224 1135 1388 1176 unum
1421 1119 1491 1177 sit
1518 1134 1716 1190 corpus
1739 1118 2098 1181 Dominicum,
2141 1117 2196 1173 in

571 1200 577 1207 ’
619 1232 726 1285 quo
748 1214 913 1271 semel
928 1227 1119 1285 passus
1144 1222 1228 1269 est
1243 1220 1489 1277 retunus
1512 1209 1760 1280 sanguis,
1781 1208 1871 1279 qui
1900 1223 2000 1277 pro
2022 1207 2198 1262 salute

620 1305 804 1360 mundi
846 1303 998 1358 l'usus
1039 1312 1166 1359 est:
1200 1311 1436 1357 attamen
1468 1308 1808 1356 sacramenta
1849 1299 2087 1368 ipsarum
2120 1313 2199 1353 re-

620 1414 739 1453 rum
782 1392 1039 1452 vocabula
1100 1398 1478 1465 sumpserunt,
1526 1399 1586 1447 u‘t
1629 1392 1878 1446 dicantur
1911 1404 2105 1459 corpus
2145 1397 2201 1444 ct

619 1488 840 1558 sanguis
876 1486 1118 1551 Christi,
1157 1501 1279 1541 cum
1318 1491 1538 1555 propter
1577 1481 1983 1537 similitudinem
2018 1493 2196 1534 rerum

617 1592 756 1648 quas
796 1578 1047 1641 innnunt,
1084 1576 1165 1630 sic
1192 1574 1525 1647 appellentur
1558 1590 1571 1627 :
1616 1567 1983 1628 sicutPascha
2007 1580 2062 1625 et
2101 1570 2199 1625 lle-

578 1672 581 1675 '
618 1664 888 1722 surreetio
910 1665 1123 1722 Domini
1154 1673 1438 1727 vocantur,
1465 1678 1585 1734 quae
1612 1676 1711 1732 per
1737 1659 1978 1730 singulos
2027 1674 2199 1714 annos

620 1760 982 1823 celebrantur,
1028 1773 1148 1812 cum
1195 1756 1359 1811 semel
1400 1756 1453 1810 in
1492 1755 1669 1825 seipso
1696 1769 1886 1825 passus
1926 1752 1998 1806 sit
2036 1760 2091 1807 et
2121 1765 2199 1806 re.

2298 582 2411 619 som
2437 567 2695 635 potentis;
2728 566 3003 637 diligenter
3032 564 3239 622 attende
3276 585 3395 638 quia
3424 566 3519 624 tibi
3557 583 3678 626 sunt
3714 589 3876 642 appo—

2298 661 2421 723 sita,
2467 660 2632 715 sciens
2669 662 2794 730 quia
2839 660 2970 714 talia
3007 670 3055 715 te
3090 670 3290 731 Oportet
3333 679 3634 733 praeparare
3690 665 3875 737 (Prov.

2299 764 2457 812 χχιιι,
2485 749 2557 820 I).
2594 750 2864 806 Accedere
2905 750 2971 804 ad
3005 767 3243 807 mensam
3282 755 3538 823 potentis,
3585 765 3669 811 est
3712 755 3878 811 divini

2298 841 2611 913 participem
2647 841 2919 899 libaminis
2942 845 3054 898 ﬁeri
3086 864 3098 899 :
3132 846 3492 902 consideratio
3519 862 3647 903 vero
3670 851 3885 919 apposi-

2301 943 2497 999 torutn,
2529 936 2737 990 Domini
2765 939 3010 1007 corporis
3031 946 3085 992 ct
3105 940 3383 1010 sanguinis
3401 953 3486 996 est
3507 943 3879 1015 intelligentia.

2299 1027 2504 1095 Quibus
2540 1029 2785 1099 quisquis
2818 1031 3124 1100 participat,
3165 1034 3411 1088 advertat
3438 1049 3498 1089 se
3528 1035 3652 1090 talia
3683 1037 3881 1091 debere

2298 1131 2632 1187 praeparare,
2677 1128 2738 1173 ut
2772 1118 2889 1187 ejus
2932 1120 3170 1175 imitator
3207 1123 3406 1177 existat
3450 1125 3884 1189 commoriendo,

2306 1206 2460 1276 cujus
2501 1208 2820 1264 memoriam
2860 1211 3073 1275 mortis,
3117 1228 3222 1267 non
3257 1212 3427 1268 solum
3453 1213 3744 1281 credendo,
3785 1229 3883 1268 ve—

2298 1312 2417 1353 rum
2444 1299 2606 1352 etiam
2638 1299 2903 1369 gustando
2923 1301 3229 1356 conﬁtetur.

2370 1388 2610 1444 XXXIX.
2650 1390 2781 1444 Item
2809 1392 2999 1445 beatus
3022 1392 3309 1461 Apossolus
3341 1392 3409 1447 ad
3446 1389 3703 1449 Hebrzeos
3733 1408 3751 1447 :
3781 1390 3886 1449 Ta-

2299 1480 2363 1534 lis
2383 1482 2519 1533 enim
2546 1479 2754 1533 decebat
2781 1490 2837 1534 ut
2862 1481 3007 1535 nobis
3028 1492 3158 1535 esset
3186 1480 3440 1551 pontifex,
3465 1494 3701 1549 sanctus,
3727 1487 3888 1541 inno-

2298 1586 2438 1634 cens,
2474 1568 2793 1639 impollutus,
2825 1579 3123 1640 segregatus
3164 1588 3198 1624 a
3219 1572 3596 1641 peccatoribus,
3618 1584 3666 1628 et
3703 1574 3884 1630 excel-

2298 1662 2407 1716 sior
2429 1661 2569 1714 ctelis
2607 1659 2800 1729 factus.
2845 1658 2948 1726 Qui
2973 1677 3077 1715 non
3103 1663 3254 1716 habet
3282 1666 3655 1729 necessitatem,
3698 1681 3883 1735 quem-

2300 1751 2584 1805 admodum
2609 1750 2922 1817 sacerdotes,
2959 1752 3191 1821 quotidie
3209 1751 3407 1806 hostias
3423 1754 3611 1822 oierre
3623 1755 3773 1824 prius
3784 1771 3884 1825 pro

616 1853 934 1914 surrexerit,
975 1865 1073 1905 nec
1118 1846 1235 1905 dies
1267 1848 1341 1904 illi
1365 1847 1480 1918 jam
1514 1847 1726 1919 possint
1752 1844 2020 1909 revocari,
2057 1858 2194 1914 quo-
2228 1831 2273 1891 Β
2302 1841 2410 1894 suis
2433 1839 2654 1905 delictis,
2677 1842 2863 1895 deinde
2883 1858 2976 1912 pro
3014 1842 3191 1911 populi
3223 1857 3244 1897 :
3276 1842 3374 1897 hoc
3393 1844 3529 1898 enim
3553 1845 3674 1913 fecit
3695 1846 3881 1910 sentel,

615 1944 763 1999 niam
808 1942 1211 2013 praeterierunt.
1255 1938 1606 2010 Appellantur
1641 1949 1820 1993 tamen
1859 1938 2068 1994 illorum
2108 1950 2196 1991 vo-

614 2033 808 2091 cabqu
832 2032 945 2087 dies
966 2031 1162 2101 quibus
1186 2030 1444 2084 memoria
1474 2028 1767 2083 Dominicm
1795 2026 2060 2098 passionis
2084 2026 2195 2081 sive

616 2123 1033 2182 resurrectionis
1058 2129 1536 2185 commemoratur,
1564 2119 1766 2174 idcirco
1801 2119 1942 2189 quod
1983 2117 2193 2172 illorum

614 2215 1022 2272 similitudinem
1071 2214 1305 2268 habeant
1351 2213 1558 2266 dierum
1596 2213 1795 2281 quibus
1830 2210 2079 2265 Salvator
2113 2224 2195 2266 se-

612 2306 717 2362 snel
749 2321 939 2376 passus
965 2312 1049 2357 cst
1076 2312 1129 2356 et
1152 2302 1323 2357 semel
1348 2303 1664 2357 resurrexit.

686 2393 973 2451 XXXVIII.
1009 2393 1161 2450 Unde
1190 2395 1419 2448 dicimus
1450 2412 1461 2446 :
1496 2393 1687 2457 Hodie,
1712 2393 1795 2447 vel
1819 2408 1960 2457 cras,
1987 2392 2071 2447 vel
2096 2406 2193 2463 pe-

616 2487 825 2551 rendie,
862 2485 1074 2540 Domini
1114 2484 1322 2538 Pascha
1372 2493 1473 2546 est,
1520 2484 1601 2538 vel
1654 2482 2033 2547 Resurrectio;
2071 2497 2194 2538 cum

617 2575 733 2630 dies
779 2573 874 2636 illi.
922 2574 1117 2642 quibus
1153 2574 1264 2627 haec
1295 2581 1442 2644 gesta
1496 2583 1641 2638 sunt,
1678 2573 1860 2627 multis
1893 2571 2005 2641 jam
2040 2572 2198 2627 annis

613 2665 995 2735 prteterierint.
1047 2663 1138 2716 Sic
1192 2664 1355 2717 etiam
1394 2664 1635 2717 dicamus
1680 2662 1959 2717 Dominum
2002 2662 2193 2738 immo-

619 2755 718 2810 lari
748 2755 964 2826 quando
982 2753 1260 2823 passionis
1297 2754 1413 2823 ejtis
1460 2763 1797 2808 Sat-ramenta
1834 2753 2194 2817 celebrantur,

607 2860 742 2901 cum
778 2846 942 2900 semel
971 2860 1067 2917 pro
1092 2845 1264 2900 salute
1292 2843 1472 2898 nnmdi
1502 2846 1571 2899 sit
1597 2844 1972 2899 immolatusin
2002 2852 2198 2899 semet-

612 2939 758 3007 ipso,
799 2938 939 2992 sicut
975 2935 1263 3007 Apostolus
1292 2936 1371 2989 ait
1406 2955 1417 2989 :
1471 2933 1708 2989 Christus
1754 2951 1941 3005 passus
1981 2944 2055 2989 est
2102 2951 2197 3004 pro

616 3028 790 3093 nobis,
807 3028 948 3081 vobis
974 3023 1576 3095 relinquensexemplum
1600 3034 1653 3077 ut
1675 3024 1961 3094 sequamini
1983 3024 2197 3095 vestigia

619 3119 736 3189 ejus
788 3115 841 3189 (1
872 3113 1025 3172 .Petr.
1076 3131 1136 3178 ιι.
1169 3115 1283 3187 2|).
1317 3114 1443 3169 Non
1482 3115 1632 3169 enim
1675 3114 1816 3182 quod
1855 3113 2095 3184 quotidie
2142 3114 2195 3167 in

617 3211 801 3282 seipso
825 3208 1062 3279 patiatur
1087 3208 1230 3279 quod
1260 3206 1428 3262 semel
1460 3204 1621 3261 Jeeit.
1662 3204 1979 3274 Exemplum
2016 3211 2197 3259 autem

619 3302 780 3359 nobis
808 3299 1026 3369 reliquit
1065 3298 1209 3367 quod
1255 3298 1309 3351 in
1341 3297 1600 3368 mysterio
1628 3295 1838 3350 Domini
1876 3294 2118 3365 corporis
2144 3302 2200 3350 et

621 3389 899 3463 sanguinis
920 3386 1159 3458 quotidie
1178 3387 1528 3441 credentibus
1554 3393 1926 3456 pnesentatur,
1956 3393 2016 3439 ut
2048 3384 2199 3454 quis-

610 3486 742 3558 quis
764 3485 831 3540 ad
856 3483 984 3540 illud
1014 3480 1325 3545 accesserit,
1358 3481 1569 3535 noverit
1596 3494 1656 3534 se
1700 3478 2042 3550 passionibus
2081 3477 2199 3548 ejus

619 3575 815 3633 sociari
851 3574 1066 3638 debere,
1095 3587 1327 3642 quarum
1350 3572 1636 3644 imaginem
1660 3570 1713 3625 in
1740 3570 1909 3625 sacris
1928 3570 2198 3643 mysteriis

619 3711 845 3783 contigit
870 3711 956 3783 die
981 3724 1089 3783 quo
1116 3724 1174 3763 se
1200 3707 1392 3763 mortis
1419 3705 1768 3762 exactoribus
1799 3704 2045 3783 permisit
2066 3720 2193 3776 sup-

618 3775 1154 3855 plicio'crucis.'_H:ec
1185 3788 1271 3833 est
1297 3793 1425 3855 vera
1454 3786 1509 3832 et
1540 3784 1796 3855 constans
1823 3775 2078 3855 Ecclesiae
2107 3775 2198 3829 ca-

619 3844 833 3908 iboliete
859 3851 1141 3913 doctrina;
1174 3864 1337 3917 quam
1365 3846 1695 3901 Ratramnus
1723 3844 2074 3917 singulariter
2100 3860 2197 3917 ex:

655 3922 769 3976 onit
794 3931 848 3973 et
877 3919 1127 3974 enucleat
1149 3916 1327 3972 verbis
1348 3917 1587 3987 epistola:
1607 3916 1777 3970 sancti
1797 3916 2079 3984 Augustini
2129 3916 2197 3969 ad

617 3930 973 4046 gonil'acium.
1008 3986 1295 4046 Utcunque
1327 4002 1413 4041 res
1448 3986 1577 4046 sint,
1616 3987 1886 4040 abnuente
1915 3985 2069 4038 Sixto
2100 3983 2197 4039 Se-

700 3990 973 4044 nifacium.
1008 3986 1295 4056 Utcunque
1327 3983 1413 4041 res
1448 3986 1577 4051 sint,
1616 3983 2069 4056 abrurrerrteiSixto
2100 3983 2198 4056 Se-

619 4062 769 4115 nensi
818 4057 1162 4131 (a)_intendit
1210 4054 1396 4131 animo
1437 4058 1811 4131 demonstrare
1858 4054 2197 4131 aliquamnin

617 4124 955 4191 Eiicliaris'tia
996 4127 1224 4198 ﬁguram
1249 4127 1567 4182 consistere.
1620 4124 1745 4198 Haec
1769 4124 2036 4198 ampliori
2061 4125 2198 4198 dis-

612 4202 920 4282 ceptatione
940 4194 1060 4282 non
1075 4199 1316 4282 indigent
1332 4214 1365 4282 ς’
1380 4197 1541 4278 verba
1556 4196 1730 4282 sancti
1749 4194 2037 4282 ῥυευὲἰηὶ
2060 4195 2199 4276 invi:

616 4264 864 4326 ctissime
894 4270 1131 4339 probant
1158 4264 1316 4339 hanc
1340 4267 1509 4321 fuisse
1552 4267 1901 4339 sententiam_
1918 4264 2195 4319 Batramni

578 4352 581 4355 ‘
616 4334 967 4397 etPascha'sii
995 4354 1137 4393 nono
1159 4337 1449 4401 smeulo,et
1469 4347 1755 4405 utrumque
1772 4339 1873 4390 hoc
1888 4334 2006 4389 loco
2018 4340 2195 4390 sancti

616 4412 899 4483 Augustini
930 4409 1233 4483 vindicasse
1270 4409 1427 4483 _hanc
1468 4407 1787 4483 veritatem,
1825 4406 2193 4483 _Pasc_l_r_asiur_n

617 4476 825 4537 scilicet
873 4488 1105 4534 tractatu
1149 4478 1217 4532 de
1259 4476 1500 4547 corpore
1543 4487 1599 4531 et
1637 4476 1911 4547 Sanguine
1965 4476 2189 4540 Christi,

2292 1947 2350 1985 se
2363 1930 2628 2001 offerendo
2641 1930 2894 1986 Dominus
2910 1932 3062 1987 Iesus
3082 1929 3321 1987 Christus
3335 1932 3520 2004 (Hebr.
3537 1950 3635 2000 vn,
3648 1936 3744 2001 26,
3763 1937 3882 2009 27).

2294 2019 2447 2088 Quod
2477 2019 2645 2075 semel
2677 2019 2828 2085 fecit,
2858 2036 3003 2076 nunc
3026 2021 3265 2090 quotidie
3293 2021 3606 2093 frequentat
3653 2042 3668 2078 :
3707 2028 3883 2082 semel

2294 2113 2439 2166 enim
2461 2124 2561 2181 pro
2586 2111 2826 2181 peccatis
2846 2112 3025 2182 populi
3070 2127 3128 2167 se
3166 2112 3411 2177 obstulit,
3445 2114 3753 2170 celebratur
3793 2125 3883 2171 ta-

2294 2219 2419 2259 men
2458 2205 2572 2259 htnc
2601 2204 2787 2259 eadem
2824 2205 3024 2259 oblatio
3055 2206 3282 2274 singulis
3304 2220 3402 2275 per
3443 2207 3630 2262 ﬁdcies
3655 2208 3875 2274 diebus,

2296 2294 2390 2350 sed
2429 2295 2482 2349 iu
2522 2295 2799 2366 mysterio,
2845 2303 2901 2348 ut
2940 2296 3082 2363 quoi
3131 2295 3386 2349 Dominus
3425 2292 3584 2351 Jesus
3624 2295 3886 2353 Christus

2296 2384 2461 2442 semel
2499 2400 2559 2440 se
2585 2384 2818 2439 olTereus
2859 2380 3189 2454 adimplevlt,
3219 2386 3321 2440 hoc
3354 2384 3406 2440 in
3444 2387 3564 2455 ejus
3603 2388 3885 2457 passionis

2296 2475 2612 2530 memoriam
2650 2473 2891 2544 quotidie
2926 2483 3145 2543 geratur
3189 2486 3286 2543 per
3326 2475 3703 2545 mysteriorum
3736 2478 3888 2533 cele—

2297 2566 2620 2620 brationem.

2369 2656 2479 2710 XL.
2519 2655 2627 2711 Nec
2658 2665 2834 2710 tamen
2867 2655 2999 2711 falso
3029 2656 3225 2710 dicitur
3252 2658 3393 2726 quod
3426 2658 3479 2711 in
3510 2658 3784 2729 mysteriis
3816 2659 3886 2714 il-

2298 2745 2365 2801 lis
2388 2745 2645 2801 Dominus
2674 2744 2757 2799 vcl
2785 2745 3092 2799 immoletur
3118 2744 3201 2800 vel
3242 2746 3476 2814 patiatur
3515 2749 3772 2817 quoniam
3811 2749 3884 2805 ii-

2297 2835 2401 2890 lius
2448 2836 2640 2890 mortis
2685 2845 2844 2907 atque
2887 2836 3154 2906 passionis
3196 2837 3402 2892 habens
3440 2838 3885 2907 similitudinem.

2299 2942 2526 2999 quarum
2553 2927 2792 2983 existunt
2819 2928 3343 2996 representationes.
3368 2927 3518 2987 Unde
3542 2931 3887 2989 Dominicum

2299 3022 2498 3092 corpus
2533 3031 2587 3076 et
2623 3022 2842 3093 sanguis
2874 3021 3186 3078 Dominicus
3222 3024 3583 3094 appellantur,
3621 3029 3886 3097 quoniam

2302 3110 2421 3180 ejus
2456 3120 2677 3166 sumunt
2713 3112 3123 3183 appellationem
3148 3154 3163 3180 ,
3214 3114 3369 3185 cujus
3423 3119 3663 3173 existunt
3697 3134 3887 3175 sacra-

2226 3176 2273 3239 (δ
2304 3176 2566 3257 mentum.
2602 3176 2962 3257 Hinc-beatus
2985 3176 3222 3260 Isidorus
3251 3176 3304 3259 in
3333 3205 3487 3261 libris
3514 3206 3885 3281 Etymoiogia-

2301 3308 2419 3347 rum
2447 3292 2665 3363 (lib.‘vt,
2690 3307 2807 3362 cap.
2840 3292 2928 3365 I9)
2954 3293 3033 3349 sic
3059 3294 3136 3349 ait
3168 3313 3181 3350 :
3218 3314 3236 3346 ε
3269 3295 3609 3353 Sacriﬁcium
3643 3299 3880 3365 dictum,

2300 3381 2457 3452 quasi
2486 3396 2698 3437 Sacrum
2740 3380 2966 3450 factum,
2986 3384 3112 3454 quia
3134 3400 3295 3455 prece
3337 3389 3562 3459 mystica
3588 3404 3883 3446 consecra—

2300 3481 2391 3525 tur
2416 3471 2470 3525 in
2497 3471 2812 3526 memoriam
2826 3487 2924 3542 pro
2945 3474 3100 3527 nobis
3117 3472 3407 3530 Dominica:
3422 3477 3709 3547 passionis.
3728 3478 3888 3535 Unde

2295 3566 2425 3635 hoc,
2453 3581 2520 3623 eo
2543 3566 2787 3637 iubente,
2816 3583 3017 3638 corpus
3048 3567 3249 3625 Christi
3288 3579 3340 3625 et
3380 3572 3697 3641 sanguinem
3748 3573 3923 3629 dici-'

2300 3709 2372 3764 tis
2419 3706 2756 3779 sustinuerit.
2788 3705 2992 3779 Verum
3038 3708 3378 3779 b.12c40mnia
3424 3722 3549 3779 non,
3583 3708 3891 3779 impediunt

2300 3779 2429 3850 quin
2457 3793 2655 3847 corpus
2679 3777 2878 3833 Christi
2901 3775 3014 3845 jam
3045 3777 3336 3850 gloriosum
3367 3779 3417 3850 in
3450 3778 3595 3850 (ταξιοΔ
3620 3775 3887 3834 Euchari-

2301 3848 2405 3906 stia
2431 3849 2862 3919 permansionem
2901 3849 3099 3919 habeat
3143 3848 3304 3901 modo
3335 3848 3601 3916 spirituali
3629 3850 3889 3906 sensibus

2295 3935 2407 3975 non
2434 3917 2687 3987 subjecto
2716 3927 2770 3972 et
2802 3917 3100 3988 corporali,
3137 3919 3213 3971 uti
3250 3919 3599 3987 recognoscit.
3621 3919 3733 3988 ipse
3771 3919 3889 3976 Βδ-

2297 4000 2547 4059 sramnus
2590 3990 2644 4043 in
2677 3988 2920 4058 pluribus
2949 3988 3030 4043 sui
3061 3988 3311 4057 opusculi
3336 3988 3495 4052 locis,
3517 3996 3579 4059 et
3597 3991 3887 4059 speciatim

2300 4075 2449 4113 num.
2474 4058 2546 4113 ‘28
2566 4068 2621 4113 et
2639 4059 2708 4112 50
2732 4068 2890 4111 antea
2911 4059 3115 4122 citatis,
3140 4068 3194 4113 et
3216 4075 3364 4113 num.
3392 4060 3457 4113 Ili
3483 4068 3539 4113 et
3560 4058 3651 4122 99,
3678 4060 3731 4112 in
3754 4061 3886 4128 qui-

2300 4128 2402 4184 bus
2431 4129 2507 4183 ait
2534 4128 2687 4184 l'usus
2712 4129 3020 4199 theologus,
3049 4130 3188 4198 quod
3226 4130 3323 4182 iste
3350 4129 3499 4197 panis
3539 4140 3585 4182 et
3624 4129 3767 4184 culis:
3790 4131 3889 4199 qui

2301 4215 2488 4269 corpus
2528 4209 2575 4252 et
2622 4200 2835 4268 sanguis
2881 4199 3076 4252 Christi
3120 4200 3421 4252 nominatur
3463 4208 3511 4252 et
3557 4199 3755 4253 existit.
3815 4200 3889 4256 Ut

2301 4269 2662 4337 intelligamus
2685 4284 2756 4322 es
2785 4269 2850 4323 iis
2878 4270 2979 4323 hoc
3003 4278 3405 4323 sacramentum
3440 4283 3546 4323 non
3579 4268 3750 4323 solum
3788 4286 3886 4325 as-

2302 4354 2517 4393 sumere
2547 4353 2741 4393 nomen
2773 4340 2847 4393 rei
2881 4339 3034 4407 cujus
3061 4348 3146 4394 est
3173 4348 3568 4394 sacramentum
3591 4379 3607 4404 ,
3641 4342 3733 4393 sed
3765 4357 3885 4395 rem

2302 4409 2473 4478 ipsam
2504 4425 2624 4464 esse
2655 4419 2711 4463 et
2735 4410 2992 4465 existere.
3018 4409 3188 4463 Porro
3214 4424 3278 4464 ex
3306 4408 3389 4462 his
3414 4410 3624 4463 videtur
3646 4408 3889 4465 dilucide

2302 4480 2566 4549 applicata
2619 4479 2893 4533 voluntate
2944 4480 3238 4534 intendisse
3290 4479 3535 4533 eamdem
3590 4480 3886 4534 veritatem

578 4566 585 4575 '
613 4568 737 4676 rag.
763 4549 986 4631 625,_lit.
1078 4557 1133 4603 et
1153 4547 1217 4602 D.
1245 4539 1490 4629 Elilictim
1516 4548 1680 4629 igitur
1707 4539 1896 4602 caveat
1920 4547 2191 4629 studiosus
2215 4539 2271 4602 D
2296 4539 2619 4605 conﬁrmare
2668 4566 2828 4619 quam
2870 4549 3117 4630 exposuit
3155 4564 3303 4603 num.
3339 4549 3434 4611 I6,
3472 4549 3524 4601 in
3564 4564 3672 4618 quo
3699 4551 3888 4625 aitdi-

636 4631 1063 4676 ectarutrntsvts
1083 4618 1325 4676 opusculi
1354 4626 1448 4671 aut
1471 4628 1752 4676 utriusque
1790 4631 1858 4671 ne
1881 4632 2187 4671 amemorta
2296 4622 2579 4676 speciebus
2612 4620 2767 4676 nanis
2802 4628 2857 4672 et
2901 4620 3010 4672 vini
3057 4619 3157 4672 sub
3197 4620 3395 4676 quibus
3442 4634 3638 4676 corpus
3674 4619 3886 4673 Christi

636 4618 786 4677 ec'tor
807 4620 1063 4675 utriusvis
1083 4618 1325 4688 opusculi
1354 4626 1448 4671 aut
1471 4620 1752 4686 utriusque
1790 4631 1858 4671 ne
1881 4632 1909 4669 a
1929 4618 2187 4671 memoria

613 4691 830 4748 eseidat
852 4705 1087 4758 unquam
1113 4697 1510 4757 sacramentum
1537 4688 1888 4742 Eucharistiae
1920 4695 2188 4756 quatenus

613 4771 1011 4817 sacramentum
1028 4773 1150 4828 esse
1172 4758 1511 4823 memoriam,
1539 4773 1851 4828 expressam
1875 4758 2185 4827 imaginem,

614 4831 1021 4887 similitudinem
1033 4838 1088 4882 et
1099 4827 1322 4897 ﬁguram
1344 4830 1588 4897 corporis
1606 4827 1805 4883 Christi
1834 4829 2111 4884 morientis
2132 4838 2188 4884 et

616 4900 883 4964 cruciﬁxi,
909 4907 965 4953 et
982 4899 1297 4968 sanguinem
1324 4897 1649 4953 cI'l'undentis
1665 4899 1717 4953 in
1731 4899 1962 4968 gratiam
1976 4907 2030 4952 et
2042 4898 2189 4952 salu-

614 4984 723 5051 tem
747 4972 1053 5051 hominum;
1078 4977 1135 5023 et
1148 4978 1445 5051 propterea.
1448 4969 1754 5051 impositum
1773 4968 1974 5051 habere
1994 4982 2186 5036 corpo-

614 5043 692 5096 ris
706 5056 900 5108 nomen
914 5049 969 5092 ct
981 5036 1259 5108 sanguinis
1266 5036 1392 5093 Jesu
1406 5036 1627 5102 Christi;
1643 5053 1741 5092 nec
1760 5037 2049 5106 quidquam
2063 5051 2185 5108 esse

611 5127 775 5181 quam
802 5106 959 5181 lesus
982 5106 1227 5181 Christus
1261 5109 1375 5179 ipse
1402 5110 1457 5164 in
1489 5110 1700 5181 arbore
1716 5108 1892 5181 crucis
1924 5106 2184 5181 anhelans

612 5175 668 5234 et
687 5179 966 5234 effundens
990 5175 1304 5249 Sanguinem
1339 5194 1436 5249 pro
1464 5178 1637 5232 nobis.
1665 5178 1818 5244 Quod
1847 5175 2067 5249 quidem
2099 5178 2187 5249 his

611 5249 1009 5305 conditionibus
1058 5246 1244 5302 revera
1291 5246 1351 5302 in
1387 5248 1725 5305 Eucharistia
1770 5246 1877 5301 non
1904 5246 2186 5311 consistit,

613 5321 707 5375 sed
732 5318 1068 5375 solummodo
1098 5318 1151 5372 in
1184 5318 1499 5372 memoriam
1524 5327 1577 5373 ot
1608 5315 2043 5379 similitudinem,
2077 5332 2184 5371 non

612 5405 769 5446 secus
808 5405 872 5444 ac
913 5390 1030 5443 dies
1058 5387 1337 5443 Paschatis
1373 5388 1490 5443 dies
1532 5388 1941 5444 resurrectionis
1974 5402 2187 5441 nuncu-

611 5471 777 5533 patur
801 5460 1014 5533 tametsi
1043 5458 1288 5533 pluribus
1311 5458 1508 5533 abhinc
1535 5459 1775 5533 anniset
1798 5456 2013 5533 sarculis
2034 5456 2188 5533 Chri-

608 5526 726 5587 stus
752 5528 1013 5585 Dominus
1043 5526 1211 5583 semel
1237 5527 1427 5581 eadem
1451 5528 1563 5581 sive
1590 5527 1751 5582 simili
1779 5527 1867 5580 die
1899 5527 2185 5591 revixerit,

586 5612 667 5658 ‘et
693 5602 810 5656 dies
838 5600 1027 5655 mortis
1052 5608 1106 5653 et
1133 5597 1402 5667 passionis
1446 5596 1578 5650 feria
1620 5608 1792 5659 sexta,
1822 5612 1941 5665 qua:
1969 5606 2190 5651 vocatur

586 5677 817 5735 -sancta,
836 5669 964 5725 licet
978 5665 1219 5739 pluribus
1238 5665 1434 5723 abhinc
1454 5667 1610 5721 anuis
1632 5683 1779 5722 seme
1796 5667 2027 5721 Idolores
2050 5683 2193 5727 mor-

670 5788 745 5851 in)
773 5776 1087 5843 Bibliotheca!
1112 5789 1311 5845 sancta,
1339 5781 1422 5835 lib.
1452 5794 1515 5841 vr,
1539 5782 1738 5833 observ.
1774 5780 1875 5831 196.

2296 4622 2579 4691 speciebus
2612 4620 2767 4691 panis
2802 4620 3010 4691 etvini
3057 4619 3157 4672 sub
3194 4620 3395 4691 quibus
3442 4634 3638 4691 corpus
3674 4619 3886 4673 Christi

2296 4689 2580 4754 delitescit,
2614 4689 2718 4743 non
2746 4689 2884 4760 quod
2909 4689 3134 4760 duarum
3157 4690 3258 4760 sint
3285 4690 3576 4743 existentiie
3608 4705 3782 4742 rerum
3807 4690 3891 4743 in-

2296 4772 2377 4817 ter
2392 4778 2446 4817 se
2465 4758 2821 4816 diversorum:
2847 4772 2901 4812 et
2931 4774 3080 4811 num.
3112 4758 3205 4822 24,
3231 4760 3284 4812 in
3312 4775 3420 4827 quo
3444 4761 3724 4827 conceptis
3757 4774 3888 4813 ver-

2289 4831 2375 4887 bis
2400 4833 2555 4886 docet
2575 4830 2739 4899 quod,
2760 4830 2845 4898 qui
2871 4838 3045 4895 postea
3075 4845 3261 4897 corpus
3287 4829 3351 4882 de
3380 4827 3585 4897 Virgine
3612 4840 3882 4895 sumptum

2289 4912 2338 4955 et
2368 4916 2463 4971 pro
2502 4899 2670 4971 salute
2713 4899 3032 4971 credentium
3077 4900 3129 4952 in
3170 4915 3321 4971 cruce
3348 4899 3887 4971 suspensumnostris

2288 4968 2495 5025 sarculis
2520 4969 2772 5030 exhibuit,
2795 4978 2843 5023 et
2860 4985 2924 5022 ea:
2945 4985 3004 5022 eo
3024 4969 3294 5039 sanguinis
3316 4968 3512 5021 undam
3540 4968 3744 5036 e/fndit,
3778 4984 3886 5039 non

2286 5040 2456 5095 solum
2488 5056 2591 5106 qua
2622 5040 3013 5101 redimeremur,
3043 5055 3215 5091 verum
3252 5040 3409 5093 etiam
3451 5048 3774 5106 poturemur.
3818 5038 3887 5092 Et

2288 5125 2435 5165 num.
2453 5108 2524 5164 25
2548 5119 2603 5164 et
2626 5109 2697 5164 28
2722 5128 2735 5162 :
2764 5109 2885 5179 Ipse
2910 5125 3133 5176 namque
3150 5110 3239 5177 qui
3268 5125 3406 5161 nunc
3433 5110 3484 5160 in
3509 5108 3746 5160 Ecclesia
3770 5124 3888 5161 om-

2289 5181 2540 5249 nipotenti
2571 5181 2757 5234 virtute
2784 5178 2971 5249 panem
3006 5188 3053 5231 et
3084 5180 3260 5249 uinum
3289 5180 3349 5249 in
3377 5178 3467 5249 sui
3494 5179 3729 5244 corporis
3762 5193 3883 5249 car-

2290 5247 2406 5320 nem
2435 5260 2483 5320 et
2519 5250 2717 5320 praprii
2741 5247 2947 5302 cruoris
2992 5248 3187 5320 undam
3224 5248 3567 5320 spiritualiter
3603 5247 3880 5320 conuertit.

2262 5360 2269 5367 η
2295 5319 2447 5390 Quod
2475 5317 2689 5390 quidem
2718 5337 2748 5373 a
2779 5333 3025 5390 sermone
3053 5327 3108 5372 et
3133 5318 3436 5390 elocutione
3468 5317 3882 5390 Paschasiinou

2296 5387 2683 5460 diﬁ‘ert,’qucm
2733 5404 2892 5460 uerno
2932 5389 3093 5444 homo
3138 5388 3331 5460 litteris
3377 5396 3623 5460 assuetus
3668 5387 3911 5460 dubitat_

2296 5458 2456 5513 ﬁdem
2484 5456 2645 5530 quam
2674 5458 3293 5530 defendimuseamdgm
3325 5459 3577 5511 tuendam
3595 5456 3885 5530 recepisse

2300 5530 2353 5583 in
2400 5526 2625 5599 epistola
2671 5531 2736 5582 azl
2768 5527 3174 5597 Frudgardum:
3209 5526 3277 5580 Et
3318 5536 3482 5599 totum
3526 5526 3762 5599 spiritale
3802 5537 3885 5579 est

2295 5598 2446 5669 quod,
2461 5600 2751 5653 celebratur
2779 5599 2831 5656 in
2863 5600 2958 5656 hoc
2985 5606 3342 5663 sacramento,
3382 5598 3507 5669 quia
3548 5598 3762 5651 soiritus
3803 5605 3885 5652 cst

2297 5673 2387 5739 qui
2415 5670 2659 5736 viri/ient,
