4088 6344
548 278 645 337 {Si

1578 285 1939 346 nussum
1976 295 2424 355 conserensrs
2464 304 2777 363 nossent
3076 287 3109 298 ”
3226 289 3265 317 ⁸⁵
3298 294 3311 321 τ

3721 316 3821 376 1εὲ

546 395 777 451 veritate
803 397 984 453 carnis
1024 411 1184 467 quam
1212 408 1516 470 sumpserat
1559 402 1624 456 de
1650 402 1891 474 Virgine,
1920 406 2127 463 diceret
2155 416 2203 472 Α
2233 420 2349 465 tum
2397 428 2595 482 corpus
2648 432 2767 472 esse
2814 419 3021 474 Christi;
3076 422 3381 479 conﬁtetur.
3434 425 3543 481 Sed
3598 428 3825 483 attendo

547 504 673 543 eum
719 498 773 545 et
815 490 1154 555 cruciﬁxum,
1191 501 1245 545 et
1290 492 1587 561 sepultum;
1620 498 1764 564 quod
1808 513 1937 554 vero
1984 516 2129 557 nunc

546 586 726 651 agitur
754 585 806 640 in
839 585 1074 642 Ecclesia
1107 588 1441 658 mysterium,
1472 605 1612 646 verte
1654 593 1798 651 illius
1836 599 2035 662 carnis,
2072 601 2129 655 in

542 695 648 746 qua
681 677 971 733 cruciﬁxus
1001 688 1107 744 est,
1155 680 1358 738 diceret
1389 698 1509 738 esse
1553 697 1958 745 sacramentum
1987 710 1999 744 :
2032 708 2129 763 pa-

545 779 721 825 tenter
767 772 952 826 ﬁdeles
985 774 1291 838 instituens,
1323 778 1464 845 quod
1502 777 1590 832 illa
1635 795 1783 843 caro.
1830 787 2127 840 secundum

542 877 706 930 quam
740 870 795 915 et
820 862 1110 917 cruciﬁxus
1145 872 1229 921 est
1256 866 1504 923 Christus
1532 879 1586 924 et
1632 872 1892 941 sepultus,
1922 891 2027 929 non
2058 878 2131 932 sit

541 954 882 1023 mysterium,
911 954 1005 1009 sed
1034 957 1235 1011 veritas
1265 968 1505 1037 naturae;
1544 961 1657 1015 hmc
1688 977 1817 1016 vero
1841 980 2129 1036 caro,qu:e

542 1059 689 1100 nunc
727 1046 1135 1101 similitudinem
1158 1049 1301 1103 illius
1329 1052 1379 1104 in
1405 1054 1663 1123 mysterio
1687 1058 1945 1122 continet,
1971 1071 1996 1099 ι
2020 1076 2125 1114 non

539 1136 611 1191 sit
634 1136 815 1205 specie
839 1152 990 1204 caro,
1016 1140 1108 1194 sed
1139 1152 1478 1197 sacramento
1507 1158 1521 1196 :
1549 1146 1591 1198 si
1620 1147 1836 1214 quidem
1868 1149 1921 1201 in
1948 1153 2127 1219 specie

539 1228 699 1298 panis
718 1237 821 1296 est,
869 1231 923 1286 in
950 1244 1291 1289 sacramento
1319 1250 1506 1289 verum
1540 1238 1738 1293 Christi
1770 1256 1985 1311 corpus,
2016 1246 2124 1300 sic-

539 1325 597 1371 ut
645 1317 761 1386 ipse
808 1319 1008 1378 clamat
1060 1322 1321 1380 Dominus
1367 1324 1525 1382 Iesus
1571 1346 1583 1380 :
1634 1326 1750 1382 Hoc
1803 1342 1879 1385 est
1937 1350 2127 1403 corpus

542 1422 736 1463 meum.

613 1496 791 1553 LVIII.
842 1500 973 1557 Item
1021 1506 1074 1559 in
1127 1510 1582 1578 consequentibus
1630 1511 1649 1579 (
1674 1512 1885 1583 Mitt):
1936 1534 1954 1567 ι
1985 1514 2122 1582 Quid

542 1590 914 1657 comedamus,
938 1594 1065 1662 quid
1094 1595 1370 1664 bibamus,
1403 1600 1528 1655 alibi
1556 1602 1649 1656 tibi
1678 1619 1773 1673 per
1798 1605 2122 1676 Prophetam

546 1676 780 1749 Spiritus
802 1693 1024 1740 sanctus
1044 1690 1334 1758 expressit,
1359 1691 1543 1747 dicens
1574 1713 1599 1747 εΔ
1620 1695 1857 1762 Gustate,
1886 1710 1931 1753 et
1956 1701 2123 1757 videte

2232 506 2689 574 quemadmodum
2741 510 3054 582 subiungit:
3105 533 3124 563 ι
3164 512 3281 568 Νοιι
3337 528 3466 587 ergo
3514 518 3824 588 corporalis

2232 614 2379 664 esca,
2409 602 2503 656 sed
2536 604 2831 671 spiritualis
2861 616 2963 661 est.
2996 627 3014 658 ι
3047 606 3161 662 Non
3191 609 3353 679 igitur
3383 626 3603 666 sensum
3631 613 3820 670 carnis

2232 693 2514 759 adhibeas,
2546 696 2685 751 nihii
2710 699 2861 753 enim
2880 701 3178 754 sectmduas
3208 716 3331 755 eum
3363 703 3453 759 hic
3481 707 3817 761 decernitur.

2234 798 2256 827 α
2305 788 2396 843 Est
2424 791 2641 858 quidem
2670 807 2866 863 corpus
2882 792 3125 858 Christi;
3148 794 3239 849 sed
3265 812 3370 850 non
3398 799 3698 867 corporale,
3721 802 3820 855 sed

2231 880 2510 949 spirituale
2536 898 2551 935 :
2578 891 2659 936 est
2703 885 2921 953 sanguis
2959 884 3193 951 Christi;
3226 887 3319 940 sed
3360 903 3464 941 non
3492 889 3819 959 corporalis.

2230 970 2323 1023 sed
2356 972 2669 1039 spiritualis.
2701 972 2844 1028 Nihil
2880 976 3041 1045 igitur
3070 975 3157 1031 hic
3183 978 3558 1046 corporaliter,
3581 980 3677 1034 sed
3708 981 3822 1051 spl-

2230 1060 2496 1116 ritualiter
2525 1064 2865 1117 sentiendum
2906 1082 2918 1117 :
2966 1079 3165 1135 corpus
3195 1064 3396 1121 Christi
3438 1078 3542 1133 est,
3579 1069 3674 1124 sed
3700 1086 3822 1124 non

2227 1151 2620 1220 corporaliter;
2660 1163 2714 1208 et
2743 1156 2964 1225 sanguis
2990 1155 3190 1211 Christi
3213 1167 3316 1224 est,
3349 1159 3443 1213 sed
3478 1174 3586 1214 non
3616 1175 3821 1231 corpo-

2231 1240 2435 1295 raliter.

2297 1332 2430 1387 LXII.
2470 1333 2598 1389 Item
2630 1346 3026 1406 consequenter
3060 1337 3249 1409 (Ibid.)
3283 1357 3297 1393 τ
3336 1358 3354 1390 ι
3396 1338 3549 1395 Unde
3582 1342 3819 1414 et'Apo-

2229 1422 2418 1487 stolus,
2444 1424 2637 1493 inquit,
2672 1426 2739 1480 de
2768 1436 2893 1496 typo
2917 1427 3034 1493 ejus
3070 1428 3147 1480 ait
3189 1445 3202 1482 :
3251 1428 3389 1494 Quia
3429 1441 3599 1499 patres
3647 1435 3825 1487 nostri

2227 1531 2396 1568 escam
2437 1517 2768 1584 spiritualem.
2790 1518 3256 1581 manducaverunt,
3279 1530 3325 1573 et
3353 1532 3531 1588 potum
3561 1524 3822 1592 spiritua-

2225 1606 2322 1660 lem
2351 1607 2584 1662 biberunt
2616 1607 2666 1677 (Ι
2692 1608 2813 1662 Cor.
2843 1626 2897 1673 χ,
2927 1609 2979 1672 3,
3004 1609 3084 1679 4).
3111 1609 3319 1679 Corpus
3358 1614 3499 1667 enim
3534 1614 3627 1669 Dei
3654 1615 3820 1684 spirio

2228 1700 2372 1754 tuale
2399 1712 2512 1759 cst:
2538 1716 2735 1770 Carpus
2758 1702 3206 1772 Christi,,eorpus
3234 1712 3326 1758 est
3346 1704 3511 1758 divini
3538 1704 3775 1775 Spiritus
3798 1724 3817 1759 :

539 1774 785 1843 quoniam
831 1778 1006 1831 suavis
1032 1788 1115 1833 est
1156 1780 1412 1837 Dominus
1438 1786 1661 1841 :‘beatus
1698 1791 1775 1843 τίν
1810 1794 1897 1860 qui
1951 1806 2122 1862 sperat
2153 1784 2203 1843 Β
2228 1790 2356 1858 quia
2387 1791 2608 1857 spiritus
2636 1790 2907 1855 Christus,
2940 1801 2995 1845 ut
3024 1792 3251 1859 legimus
3286 1794 3339 1845 in
3366 1774 3598 1849 'Phreuis
3623 1809 3651 1849 εκ
3677 1795 3813 1866 Spi-

540 1864 594 1915 in
624 1880 685 1918 eo
736 1864 908 1937 (Psal.
944 1885 1138 1939 χχχιιι,
1166 1873 1242 1943 9).
1280 1894 1298 1927 ι
1338 1875 1471 1931 Num
1500 1881 1855 1947 corporaliter
1877 1894 2124 1953 gustatus

541 1954 632 2009 ille
664 1958 837 2025 panis,
873 1968 966 2013 aut
1015 1961 1142 2017 illud
1169 1964 1354 2019 vinum
1402 1968 1651 2034 bibitum,
1682 1975 1923 2027 ostendit
1960 1990 2120 2045 quam

539 2046 615 2100 sit
638 2048 820 2103 suavis
846 2048 1141 2107 Dominus?
1167 2054 1439 2126 Quidquid
1460 2060 1602 2114 enim
1634 2066 1793 2131 sapit,
1838 2066 2124 2135 corporale

537 2146 620 2191 est
656 2147 711 2193 et
756 2138 939 2197 fauces
977 2142 1225 2199 delectat.
1258 2147 1505 2217 Nunquid
1554 2151 1836 2208 Dominum
1882 2167 2119 2226 gustare,

537 2243 861 2298 corporequ
892 2242 976 2287 est
1002 2232 1203 2304 aliquid
1227 2238 1464 2294 sentire?
1490 2240 1685 2297 Invitat
1709 2259 1837 2314 ergo
1870 2247 2123 2316 spiritua-

540 2319 609 2375 lis
636 2322 776 2391 gusti
816 2321 1051 2398 [gustus]
1082 2342 1329 2398 saporem
1385 2334 1644 2401 experiri,
1687 2344 1742 2388 et
1794 2336 1847 2389 in
1896 2337 1986 2391 illo
2037 2339 2121 2393 vel

537 2420 689 2481 potu,
726 2414 811 2468 vel
845 2432 1002 2485 pane,
1033 2418 1166 2473 nihil
1190 2422 1541 2491 corporaliter
1571 2425 1801 2493 opinari,
1851 2427 1880 2466 δ
1906 2430 1999 2483 sed
2037 2438 2119 2483 to-

539 2514 652 2559 tum
690 2507 1045 2576 spiritualiter
1075 2512 1298 2577 sentire,
1324 2516 1578 2584 quoniam
1613 2517 1869 2575 Dominus
1897 2520 2120 2595 spiritus

536 2606 639 2661 est,
668 2608 723 2653 ct
760 2599 941 2656 beatus
972 2603 1049 2657 vir
1076 2605 1166 2674 qui
1194 2618 1361 2675 sperat
1390 2610 1443 2662 in
1466 2625 1545 2662 eo.

606 2687 743 2744 LIX.
781 2692 914 2746 Item
965 2707 1359 2765 consequenter
1388 2698 1575 2770 (lbid.)
1613 2721 1626 2754 :
1673 2720 1695 2754 σ
1728 2702 1783 2757 1η
1816 2704 1907 2759 illo
1938 2722 2119 2762 sacra-

535 2790 719 2836 mento
748 2781 1001 2839 Christus
1022 2795 1136 2853 est,
1181 2791 1305 2858 quia
1346 2804 1542 2860 corpus
1584 2790 1787 2848 Christi
1835 2803 1960 2849 est:
2009 2812 2115 2851 non

534 2887 664 2941 ergo
720 2876 1019 2944 corporalis
1074 2894 1221 2944 esca,
1270 2880 1364 2935 sed
1421 2882 1718 2951 spiritualis
1764 2896 1863 2941 est.
1901 2908 1919 2940 ι
1976 2889 2115 2954 Quid

534 2964 815 3031 apertius?
834 2966 961 3034 quid
988 2969 1357 3024 manifestius?
1381 2972 1510 3041 quid
1533 2974 1801 3031 divinius?
1818 2978 1907 3031 Ait
1936 2981 2110 3034 enim:

542 3075 557 3103 ι
593 3054 648 3107 1η
699 3055 790 3108 illo
821 3072 1162 3114 sacramento
1185 3058 1431 3117 Christus
1469 3072 1570 3117 est.
1606 3085 1624 3117 ι
1678 3065 1791 3120 Νοιι
1834 3070 1977 3123 enim
2005 3073 2108 3125 ait:

2230 1880 2365 1933 ritus
2392 1890 2512 1933 ante
2535 1880 2721 1949 [aciem
2772 1892 3002 1935 nostram
3034 1880 3273 1937 Christus
3309 1883 3566 1939 Dominus
3593 1884 3825 1957 (Thren-

2226 1984 2301 2032 tv,
2329 1968 2444 2035 9.0).
2482 1989 2499 2019 ι
3098 1982 3099 1985 ‘

2296 2058 2451 2113 LXII.
2498 2060 2945 2116 Luculentissime
2969 2064 3248 2135 sanguinis
3267 2074 3323 2119 et
3349 2066 3594 2134 corporis
3608 2064 3833 2121 Christi»

2225 2151 2537 2220 mysterium
2566 2153 3016 2219 queumdmodum
3052 2154 3343 2229 debeamus
3381 2155 3679 2225 intelligere
3707 2157 3815 2210 do-

2224 2240 2352 2294 cuit.
2385 2240 2517 2294 Cum
2569 2243 2712 2296 enim
2748 2244 2971 2299 dixisset
3012 2254 3193 2313 patres
3231 2254 3444 2300 nostros
3476 2262 3655 2301 escam
3700 2248 3816 2318 spi-

2222 2333 2472 2388 ritualcm
2505 2336 2877 2400 manducasse,
2904 2345 2957 2391 et
2987 2346 3172 2406 potum
3200 2338 3534 2406 spiritualem
3569 2340 3813 2406 bibisse;

2223 2439 2346 2479 cum
2378 2434 2559 2479 tamen
2590 2442 2787 2480 manna
2819 2426 2945 2480 illud
2974 2428 3115 2496 quod
3140 2429 3585 2495 eomederunt,et
3607 2447 3828 2500 aquam.

2223 2530 2383 2585 quant
2413 2515 2685 2578 biberunt,
2718 2532 2979 2586 corporea
3028 2517 3195 2573 fuisse
3227 2535 3386 2573 nemo
3434 2522 3523 2590 qui
3576 2521 3811 2587 dubitet,

2223 2610 2467 2682 adiungit
2495 2610 2562 2665 de
2592 2611 2851 2683 mysterio
2885 2612 3029 2681 quod
3060 2612 3113 2665 in
3156 2612 3395 2666 Ecclesia
3430 2629 3571 2668 nunc
3606 2615 3825 2684 agitur.~

2222 2703 2485 2757 deﬁniens
2510 2700 2805 2757 secundum
2833 2703 2961 2771 quid
2994 2717 3192 2771 corpus
3231 2704 3301 2757 sit
3332 2702 3532 2758 Chriin
3564 2722 3576 2757 :
3618 2723 3637 2754 ι
3678 2702 3813 2758 Cor-

2221 2807 2320 2867 pus
2349 2793 2493 2846 enim
2529 2792 2642 2857 Dei,
2675 2793 2945 2862 inquiens,
2970 2807 3167 2861 corpus
3195 2802 3277 2847 est
3301 2794 3599 2862 spirituale.
3626 2815 3644 2847 ι
3664 2795 3819 2851 Deus

2220 2882 2405 2951 utique
2435 2881 2715 2947 Christus;
2761 2891 2815 2936 et
2845 2897 3041 2951 corpus
3082 2882 3223 2949 quod
3271 2883 3501 2953 sumpsit
3541 2884 3605 2938 de
3636 2883 3811 2941 Maria

2220 2971 2460 3043 Virgine,
2485 2975 2629 3043 quod
2671 2990 2910 3043 passum,
2941 2973 3083 3042 quod
3113 2973 3379 3043 sepultum
3410 2982 3511 3037 est,
3539 2975 3680 3042 quod
3718 2990 3811 3029 re-

2222 3068 2485 3129 surrexit,
2515 3082 2713 3136 corpus
2740 3068 2926 3135 utique
2950 3082 3135 3120 verum
3170 3064 3286 3129 fuit,
3313 3066 3364 3120 id
3386 3075 3469 3121 est
3495 3068 3635 3136 quod
3677 3068 3812 3122 visi-

535 3146 627 3201 Ille
656 3150 832 3217 panis,
863 3158 918 3204 et
950 3149 1077 3204 illttd
1108 3152 1323 3217 vinum,
1345 3153 1592 3212 Christus
1617 3168 1719 3213 est.
1757 3160 1908 3226 Quod
1950 3162 1993 3216 si
2031 3164 2112 3217 di.
2139 3135 2182 3195 C
2218 3157 2322 3211 bile
2354 3166 2515 3226 atque
2561 3135 2829 3228 palpabile
2857 3158 3129 3213 manebat.
3160 3156 3227 3210 At
3262 3172 3394 3210 vero
3430 3135 3627 3226 corpus
3657 3158 3819 3228 quodf

535 3249 706 3305 ceret,
741 3238 1014 3297 Christum
1044 3244 1450 3314 corruptibilem
1482 3247 1645 3316 (quod
1682 3250 1840 3318 absit)
1873 3261 1929 3305 et
1967 3268 2112 3307 mor.

534 3330 726 3385 talitali
758 3331 1057 3401 subjectum
1089 3335 1402 3405 prmdicaret
1433 3354 1446 3390 :
1479 3337 1909 3408 quidquid'enim
1940 3342 1991 3395 in
2022 3343 2109 3398 illa

529 3441 655 3481 esca
689 3424 772 3479 vel
802 3426 1042 3481 cernitur
1078 3426 1161 3482 vel
1200 3435 1446 3497 gustatur
1477 3430 1846 3499 corporaliter,
1885 3447 2108 3506 corrup-

528 3517 767 3571 tibilitati
800 3526 1011 3572 constat
1036 3517 1325 3575 obnoxium
1362 3535 1501 3576 esse.

602 3605 712 3660 LX.
754 3606 954 3661 Addit:
987 3626 1005 3658 ι
1040 3606 1175 3675 Quia
1207 3623 1403 3677 corpus
1431 3607 1639 3664 Christi
1671 3619 1771 3667 est.
1806 3632 1824 3663 ι
1866 3613 2107 3685 Insurgis

526 3708 580 3754 et
623 3700 756 3756 dicis
790 3717 801 3753 :
844 3699 983 3755 Ecce
1015 3699 1297 3756 manifeste
1328 3698 1477 3757 illum
1509 3717 1700 3772 panem
1726 3711 1781 3757 et
1822 3703 1968 3759 illum
2005 3720 2103 3776 po-

595 3896 621 3925 ι
664 3882 787 3937 Νοη
810 3886 877 3959 sit
907 3888 1086 3959 specie
1116 3888 1364 3959 caro__red
1407 3898 1752 3942 sacramento.
1790 3889 1865 3942 Ex
1898 3890 2115 3959 integro

524 3964 757 4026 tractatu
810 3954 1089 4026 Batratuni
1138 3956 1480 4026 intelligimus
1527 3972 1621 4025 per
1668 3960 1897 4026 speciem
1934 3954 2104 4013 neuti-

525 4039 686 4091 quam
714 4024 1020 4094 signiﬁcare
1044 4026 1181 4079 velle
1202 4024 1405 4079 natura:
1428 4024 1709 4085 ueritatem,
1730 4044 1822 4081 seu
1858 4038 2102 4083 naturam

526 4094 716 4167 ipsam,
763 4109 921 4167 quam
950 4097 1179 4162 speciem
1224 4106 1417 4149 vocant
1455 4098 1777 4165 philosophi,
1815 4114 1879 4151 ex
1907 4114 2106 4167 genere

519 4173 575 4238 et
601 4163 1392 4238 differentiacoagmentatam,
1435 4163 1526 4220 sed
1574 4163 2106 4238 solummodo'appa-

522 4235 774 4306 ritionem
820 4243 874 4287 et
917 4235 1202 4306 imaginem
1237 4252 1546 4306 expressam
1580 4241 1825 4293 sensibus
1856 4235 2104 4294 humanis

520 4302 847 4379 subjectam;
884 4305 996 4359 sive
1023 4302 1322 4379 accidentia
1365 4308 1612 4362 sensibus
1655 4318 1890 4377 acet-pta,
1920 4320 1978 4363 ut
1990 4310 2102 4379 jam

522 4374 867 4429 observatum
895 4385 977 4427 est
1006 4390 1231 4431 numero
1258 4377 1341 4430 ιε.

596 4445 623 4484 δ
654 4444 963 4517 Sttoytotnm
987 4446 1329 4517 spiritttalt'lcr
1361 4450 1568 4501 sentire.
1596 4448 1811 4502 Scilicet
1839 4450 1981 4517 quod
2010 4466 2103 4505 uo-

522 4517 606 4569 bis
652 4495 703 4587 in
756 4495 1105 4587 Eucharisliae
1132 4518 1391 4586 mysterio
1434 4519 1741 4587 porrigitur.
1792 4495 1915 4573 Haec
1960 4521 2102 4573 enim
2132 4495 2183 4553 Ῐ)

520 4598 625 4639 non
654 4584 961 4655 signiﬁcant
997 4587 1166 4640 solum
1192 4584 1312 4642 esse
1348 4584 1654 4657 ﬁgtiramet
1681 4590 1925 4657 spiritum
1953 4591 2006 4643 in
2042 4590 2106 4645 iis

517 4670 637 4726 quae
690 4657 1000 4728 recipimus,
1031 4656 1413 4728 sivercorpore
1461 4656 1828 4720 Christi,’scd
1883 4671 2103 4714 econtra

520 4741 708 4798 verum
736 4726 937 4781 Christi
969 4727 1177 4782 Domini
1212 4743 1408 4795 corpus
1436 4728 1594 4798 uoltis
1616 4729 1813 4798 porrigi
1841 4738 1894 4781 et
1920 4730 2103 4783 admo-

515 4795 630 4849 veri
660 4811 785 4851 cum
811 4812 912 4850 suo
938 4798 1218 4865 sanguine,
1253 4798 1412 4849 modo
1439 4797 1684 4850 sensibus
1706 4795 1811 4851 non
1838 4799 2100 4864 subiecto,

515 4870 610 4937 sr_d
645 4865 929 4937 spirituali.
959 4866 1107 4920 Mens
1134 4866 1277 4919 enim
1309 4867 1599 4921 Ratramni‘
1636 4878 1841 4921 nonest
1870 4870 2102 4937 probare

515 4927 690 5007 solani
734 4950 853 4990 esse
896 4935 1120 5007 ﬁguram
1170 4936 1222 4988 in
1272 4945 1630 4999 sacramento,
1664 4937 1757 4991 sed
1786 4927 2020 5007 aliquam
2049 4950 2111 4993 etv

517 5005 872 5075 aliquantam.
896 5004 1069 5071 Quam
1127 5008 1447 5060 sententiam
1471 5006 1746 5075 amplexus
1768 5018 1851 5060 est
1870 5004 2104 5061 Pascha»

516 5075 653 5145 sius,
706 5089 867 5145 quem
922 5090 1082 5131 nemo
1126 5077 1371 5130 eruditus
1418 5076 1691 5129 inﬁciatur
1734 5078 1863 5144 quin
1913 5092 2101 5130 verum

518 5144 735 5199 Christi
757 5157 954 5213 corpus
982 5146 1034 5198 in
1064 5146 1399 5200 Eucharistia
1429 5146 1761 5199 reconditum
1787 5146 1955 5200 latere
1985 5162 2104 5200 cre-

516 5213 716 5285 diderit
737 5229 861 5269 cum
888 5214 1139 5270 universa
1165 5216 1426 5280 Ecclesia,
1456 5226 1511 5268 ut
1536 5230 1695 5285 supra
1720 5216 2053 5270 ostendimus
2084 5234 2108 5270 :-

518 5284 717 5353 quippe
755 5299 878 5338 cum
923 5286 1109 5340 eadem
1138 5286 1346 5341 dicendi
1398 5288 1571 5340 forma
1602 5284 1677 5338 uti
1708 5302 1811 5338 non
1852 5287 2101 5339 abnuerit

518 5356 571 5407 In
601 5354 825 5427 epistola
870 5355 935 5409 ad
961 5354 1329 5427 Frudgardnm
1357 5375 1369 5409 :
1401 5356 1468 5411 Et
1509 5365 1674 5408 totum
1714 5355 1981 5424 spirituale
2017 5367 2091 5409 est

514 5426 651 5489 πτηνά
681 5424 969 5479 celebratur
990 5426 1045 5479 in
1074 5424 1169 5480 hoc
1190 5436 1536 5479 sacramento.

592 5507 612 5532 ί
657 5495 859 5565 Corpus
886 5494 1077 5550 Christi
1106 5508 1203 5559 est,
1232 5497 1322 5548 sed
1366 5513 1466 5551 non
1504 5494 1875 5565 corporaliter;
1900 5507 1947 5549 et
1972 5512 2096 5549 san-

524 5567 627 5632 ;m's
659 5565 852 5621 Christi
891 5577 986 5631 est,
1015 5566 1103 5620 sed
1146 5582 1247 5618 non
1270 5565 1627 5635 corporaliter.
1659 5565 1713 5618 Id
1738 5575 1821 5619 est
1846 5568 2098 5621 sensibus

512 5628 838 5708 Llubjectum,
871 5628 1037 5708 quod,
1065 5636 1333 5708 frustatim
1359 5628 1544 5708 potest
1573 5637 1802 5708 discerpi
1829 5646 1883 5708 et
1921 5637 2091 5708 deuti.

512 5705 822 5765 bus'atteri.
875 5705 1298 5778 Explicationem
1330 5705 1613 5776 adjieimns
1640 5707 1902 5775 ejusmodi
1940 5707 2093 5763 valde

2215 3252 2530 3321 mysterium
2562 3252 2656 3305 Dei
2683 3252 2899 3314 dicitur,
2933 3267 3039 3303 non
3073 3258 3155 3305 est
3184 3249 3485 3319 corporale,
3516 3249 3610 3304 sed
3635 3249 3807 3319 spiri-

2217 3341 2356 3396 tuale
2396 3360 2406 3393 :
2458 3344 2599 3411 quod
2648 3342 2691 3393 si
2750 3342 3049 3410 spirituale,
3091 3339 3202 3407 jam
3234 3356 3339 3393 non
3386 3339 3597 3393 visibile
3625 3356 3815 3409 neque

2212 3432 2496 3503 palpabile.
2526 3431 2660 3486 Hinc
2694 3433 2885 3485 beatus
2919 3431 3238 3487 Ambrosius
3268 3430 3539 3499 subjungit
3572 3449 3586 3483 :
3626 3450 3645 3481 ι
3672 3429 3805 3485 Cor~

2214 3541 2337 3595 pus,
2381 3525 2652 3596 inquiens,
2683 3524 2907 3585 Christi,
2944 3538 3140 3591 corpus
3169 3530 3250 3576 est
3288 3522 3454 3578 divini
3490 3520 3745 3588 Spiritus.
3774 3541 3800 3573 ν

2212 3616 2436 3671 Divinus
2465 3624 2645 3667 autem
2678 3612 2915 3681 Spiritus
2954 3612 3084 3665 nihil
3110 3626 3448 3682 eortsoreum,
3498 3612 3628 3664 nihil
3674 3627 3801 3665 cor-

2221 3706 2500 3780 ruptibile,
2548 3705 2684 3761 nihil
2730 3702 2992 3775 palpabile
3019 3703 3162 3771 quod
3209 3704 3298 3765 sit,
3343 3702 3546 3756 oaristit.
3580 3702 3648 3754 At
3694 3702 3813 3756 hoc-

2208 3890 2565 3962 nceessariam
2597 3895 2651 3962 e_t
2684 3884 3076 3962 conducibilem
3222 3881 3627 3962 expungendam
3678 3896 3799 3936 am-

2207 3961 2499 4032 phiboliam
2544 3957 2704 4032 hujus
2733 3957 2889 4032 vocis
2908 3954 3269 4032 corporaliter,
3299 3967 3417 4020 qum
3460 3952 3627 4032 videri
3666 3967 3798 4021 pos-

2207 4020 2289 4087 set
2333 4020 2651 4100 quihusdam
2678 4020 3010 4100 excludere;
3031 4035 3085 4076 et
3133 4023 3336 4100 tollere
3367 4020 3802 4100 qpalemeunque

2206 4092 2547 4173 praesentiam
2581 4098 2689 4151 veri
2723 4098 2960 4173 corporis
2985 4094 3109 4147 Jcsu
3141 4092 3359 4146 Christi.
3393 4093 3495 4145 Sed
3526 4107 3650 4173 eum
3684 4094 3804 4173 ειη.Γ

2206 4160 2330 4227 cere
2377 4176 2725 4239 recognoscat
2776 4160 3099 4223 Rati-amntis
3132 4178 3330 4239 verum
3361 4177 3553 4239 corpus
3592 4160 3813 4239 Christi:

2207 4259 2393 4298 revera
2448 4232 2746 4293 conisu-rc
2800 4252 2892 4287 seu
2948 4248 3264 4303 permanere
3320 4233 3369 4284 in
3420 4232 3794 4303 Eucharistia;

2207 4326 2436 4379 eamque
2480 4316 2878 4379 sacramentum
2923 4302 3043 4357 esse
3073 4319 3210 4356 verm
3236 4303 3437 4379 carnis,
3469 4302 3797 4379 s‘eilicctpa-

2210 4372 2448 4451 ropident
2482 4396 2585 4446 qua
2632 4377 2980 4451 praecingitur
3014 4384 3065 4426 et
3096 4372 3381 4451 occulitur,
3411 4373 3534 4441 quia
3588 4372 3796 4426 nullum

2210 4443 2291 4507 esi
2343 4443 2656 4520 mysterium
2702 4443 2975 4520 ubi_itib_il
3022 4443 3379 4520 reconditum,
3426 4450 3637 4520 oportet
3669 4457 3799 4496 eum

2211 4511 2508 4587 intelligere
2538 4534 2601 4571 ex
2626 4520 2727 4572 hoc
2754 4516 3009 4570 adverbio
3030 4511 3367 4587 corporaliter
3393 4514 3606 4587 modum
3632 4521 3797 4564 natu-

2211 4581 2445 4650 ralcm'et
2466 4603 2803 4643 communem
2822 4582 3367 4660 enistendiomnium,
3386 4582 3533 4660 nullo
3551 4581 3797 4660 dempto,

2212 4675 2519 4731 corporum,
2553 4660 2603 4711 id
2616 4667 2709 4733 Aest
2743 4656 2990 4733 sensibus
3018 4653 3379 4733 subiectorum
3412 4660 3467 4706 et
3498 4650 3796 4733 friahilium

2210 4722 2330 4804 qua}
2357 4740 2573 4804 possunt
2611 4726 2891 4804 frustatim_
2915 4724 3171 4804 discerpi.
3212 4722 3530 4804 lltrcgg'enus'
3550 4722 3798 4803 corporis

2208 4790 2333 4858 J'esu
2357 4790 2562 4855 Christi
2590 4813 2784 4865 corpus
2814 4790 3104 4863 spirituale
3124 4792 3353 4865 appellat
3375 4790 3699 4845 Paschasius
3736 4791 3795 4865 in

2208 4808 2333 4858 Jesu
2362 4808 2562 4855 Christi
2590 4813 2784 4865 corpus
2814 4808 3093 4863 sptrttnate
3124 4808 3353 4921 appellat
3375 4808 3699 4845 vascuastus
3736 4808 3795 4872 tn

2207 4870 2435 4944 epistola
2482 4870 2547 4921 ad
2602 4865 3003 4944 l‘t'tttlgartltttti;
3044 4873 3141 4944 et;
3196 4872 3473 4944 'tramnus
3515 4870 3797 4944 congemis

2209 4931 2387 4996 verbis
2412 4950 2466 4993 et
2493 4931 2852 5007 expresse'ait
2871 4948 3065 5007 corpus
3094 4941 3151 4987 et
3173 4934 3488 5007 sanguinem
3523 4931 3792 4984 Euchari-

2208 5014 2401 5066 sticum
2456 5003 2747 5063 secundum
2806 5004 3040 5075 speciem
3091 5011 3151 5055 et
3192 5003 3579 5075 apparitionem
3626 5013 3795 5075 atque

2206 5082 2376 5135 oculis
2404 5078 2793 5145 subjectionem
2821 5072 3190 5151 esse_ﬁguras,
3220 5073 3633 5151 sedsecundunt
3665 5072 3797 5151 sub-

2206 5152 2459 5207 SIantiatn
2487 5143 2658 5202 oculis
2703 5162 2805 5200 non
2851 5143 3171 5221 subjcctam,
3220 5143 3449 5221 sciti/eet,
3494 5143 3793 5221 potentiam

2208 5223 2364 5277 Vcrbi
2392 5234 2511 5273 esse
2541 5233 2665 5271 vere
2684 5231 2880 5283 corpus
2903 5208 2965 5267 (δι’
2987 5214 3298 5282 sanguinem
3326 5208 3543 5265 Christi.
3572 5208 3790 5277 Figura:

2205 5303 2346 5351 sunt,
2375 5291 2565 5358 inquit,
2594 5282 2877 5360 serundurn
2919 5286 3139 5360 speciem
3166 5282 3441 5360 tisiltilenr,
3471 5291 3526 5359 at
3563 5297 3791 5360 raro.“-

2203 5363 2430 5417 cnndnm
2452 5353 2756 5413 inrisibilem
2771 5355 3135 5428 substantiam,
3161 5353 3213 5428 id
3227 5362 3300 5428 est
3323 5353 3787 5428 dirininpotentimu

2213 5432 2381 5491 Verbi,
2410 5447 2522 5484 rere
2550 5445 2735 5496 corpus
2762 5436 2809 5479 et
2831 5425 3044 5492 sanguis
3075 5422 3269 5474 Christi
3299 5422 3603 5496 ειιιιιηριιίδ
3630 5434 3784 5496 men:

2206 5504 2271 5555 tis
2327 5488 2546 5570 contpos
2595 5488 2755 5570 homo
2803 5488 2995 5570 negare
3041 5502 3219 5561 potest
3262 5506 3326 5545 eo
3365 5491 3465 5543 loci
3520 5507 3673 5546 mnu.
3716 5488 3786 5543 49

2204 5565 2520 5625 vocabulum
2553 5583 2665 5621 rere
2690 5565 2994 5635 signiticrre
3027 5579 3221 5630 reapse,
3259 5578 3453 5619 rerum,
3488 5571 3539 5617 ct
3563 5574 3788 5631 exprec

2205 5642 2362 5711 lapsa'
2395 5638 2701 5695 Latinitatis
2727 5650 2822 5689 usu
2859 5650 3143 5692 ιιιῖλιιτιειι.
