4088 6344
567 341 669 398 189

1591 336 1949 394 It—ATIIAMNI
1985 335 2134 394 C0lll

2235 334 2436 390 ENSIS
2476 334 2779 394 HOMCIII
3715 338 3804 397 ιω

627 457 841 522 LXXII.
878 458 970 514 Illa
1013 474 1247 527 namque
1277 474 1404 514 eam
1459 474 1581 527 quae
1621 455 1879 513 crucillxa
1911 464 2016 521 est,
2071 455 2136 510 de
2165 456 2212 514 Α
2240 467 2385 506 nam.
2409 451 2527 522 8i.)
2546 449 2712 523 Igitur
2739 453 2788 507 si
2809 450 2990 506 vinum
3019 450 3146 506 Illud
3173 451 3567 508 sanctiﬁcatum
3596 469 3688 524 per
3712 458 3800 512 mi-

563 548 801 620 .Virginis
825 563 989 606 carne
1017 547 1158 605 facta
1181 556 1284 612 est,
1310 548 1525 603 ossibus
1553 555 1610 603 et
1633 545 1817 602 nervis
1837 553 2139 615 coiripacta,

563 649 620 692 αι
669 637 1026 693 humanorum
1071 638 1438 693 membrorum
1468 636 1812 692 lineamentis
1865 635 2139 700 distincta,

565 728 844 784 rationalis
869 729 1065 783 anima
1080 727 1272 797 spiritu
1297 727 1566 783 viviﬁcata
1595 727 1648 781 in
1675 727 1948 797 propriam
1971 726 2141 781 vitant

562 828 618 872 et
645 827 1002 889 congruentes
1027 827 1223 874 motus.
1252 819 1322 872 At
1354 832 1480 874 vero
1528 833 1657 874 caro
1691 817 1986 888 spiritualis
2022 833 2142 887 qua:

563 909 813 978 populum
854 909 1164 964 credentem
1203 909 1560 981 spiritualiter
1609 910 1804 980 pascit,
1843 909 2139 964 secundum

559 999 795 1067 speciem
820 1014 983 1068 quam
1013 1001 1155 1070 gerit
1191 1001 1454 1064 exterius,
1486 999 1745 1056 frumenti
1774 1001 1957 1072 granis
1976 1015 2138 1056 manu

559 1088 786 1145 artiﬁcis
800 1090 1071 1155 consistit,
1094 1091 1258 1147 nullis
1286 1093 1468 1147 nervis
1492 1093 1814 1163 ossibusqne
1834 1078 2136 1163 compacta,

559 1179 700 1233 nulla
733 1183 1098 1238 membrorum
1128 1185 1394 1239 varietate
1420 1185 1697 1247 distincta,
1723 1185 1866 1239 nulla
1890 1185 2137 1240 rationali

557 1267 857 1326 substantia
905 1282 1174 1344 vegetata,
1234 1274 1408 1330 nullos
1439 1275 1687 1345 proprios
1718 1284 1896 1329 motus
1945 1284 2140 1344 potens

555 1375 828 1417 exercere.
865 1363 1134 1434 Quidquid
1163 1367 1306 1420 enim
1337 1366 1391 1420 in
1417 1381 1480 1420 ea
1513 1366 1638 1421 vita:
1663 1365 1858 1434 praebet
1894 1366 2139 1421 substan-

556 1451 709 1516 tiam,
760 1455 1056 1523 spiritnalis
1083 1467 1166 1511 est
1215 1457 1470 1526 potentia:
1496 1466 1550 1512 et
1592 1457 1878 1513 invisibilis
1903 1457 2140 1512 cﬁicien-

555 1546 681 1610 tiae,
706 1546 1008 1620 divinaeque
1048 1551 1261 1605 virtutis
1290 1569 1303 1606 :
1339 1563 1502 1621 atque
1533 1549 1676 1604 aliud
1705 1550 1859 1622 longe
1889 1551 2139 1607 consistit

555 1638 851 1694 secondum
881 1640 1024 1710 quod
1065 1643 1307 1697 exterius
1368 1643 1720 1712 conspicitur,
1782 1650 1942 1713 atque
1991 1642 2136 1696 aliud

554 1730 851 1786 secumInm
895 1733 1036 1801 quod
1065 1733 1120 1788 in
1170 1735 1432 1806 mysterio
1475 1736 1735 1790 creditur.
1789 1735 1959 1792 Porro
2009 1751 2136 1791 caro

553 1819 754 1876 Christi
806 1837 925 1892 qua:
958 1824 1216 1880 cruciﬁxa
1263 1835 1364 1888 est.
1392 1841 1500 1882 non
1529 1827 1674 1882 aliud
1701 1829 1942 1884 exterius
1972 1844 2133 1898 quam

553 1918 696 1990 quod
740 1917 966 1974 interius
1003 1929 1145 1987 erat,
1169 1922 1488 1977 ostendebat
1515 1939 1529 1976 :
1553 1922 1679 1992 quia
1709 1938 1838 1977 vera
1866 1937 1994 1978 caro
2018 1923 2132 1978 veri

554 2005 788 2061 hominis
815 2008 1099 2074 existebat,
1123 2026 1321 2083 corpus
1359 2012 1548 2083 utique
1570 2027 1756 2067 verum
1779 2013 1832 2068 in
1864 2013 1979 2068 veri
2006 2029 2133 2068 cor-

550 2094 698 2164 poris
725 2097 903 2166 specie
940 2099 1263 2155 consistens.

624 2185 853 2242 LXXIII.
903 2187 1366 2246 Considerandum
1433 2207 1646 2263 quoque
1691 2193 1834 2263 qttod
1881 2181 1952 2250 in.
1994 2210 2134 2264 pane

549 2278 640 2332 illo
669 2294 778 2334 non
825 2280 996 2336 solum
1027 2298 1226 2354 corpus
1253 2282 1476 2351 Christi,
1512 2301 1701 2340 verum
1726 2286 1890 2341 etiam
1915 2286 1968 2340 in
2009 2303 2132 2341 eum

551 2367 826 2426 credentis
866 2371 1048 2442 populi
1092 2372 1400 2444 ﬁguretur:
1442 2375 1588 2430 unde
1633 2375 1817 2430 multis
1875 2375 2132 2431 frumenti

553 2460 737 2529 granis
764 2463 1072 2530 conﬁcitur,
1109 2465 1235 2534 quia
1261 2480 1459 2535 corpus
1485 2467 1665 2537 populi
1693 2469 1964 2524 credentis
1993 2469 2130 2522 ιιιιιΙ-

550 2548 622 2604 tis
645 2564 742 2620 per
767 2553 990 2606 verbum
1015 2552 1213 2609 Christi
1256 2553 1502 2610 ﬁdelibus
1535 2566 1938 2628 augmentatur.
1972 2557 2134 2628 (Vide

550 2657 746 2695 summ.
778 2640 847 2698 96
870 2654 918 2697 et
955 2643 1068 2714 98.)

618 2728 853 2787 LXXIV.
925 2733 1040 2800 Qua
1093 2735 1160 2790 de
1200 2750 1282 2801 re,
1306 2739 1447 2792 sicut
1475 2737 1529 2792 in
1559 2738 1817 2809 mysterio
1862 2739 2017 2808 panis
2043 2738 2132 2794 ille

549 2823 755 2880 Christi
809 2842 1008 2898 corpus
1079 2829 1360 2900 accipitur,
1414 2831 1497 2890 sic
1550 2832 1716 2889 etiam
1776 2835 1830 2889 in
1875 2833 2132 2908 mysterio

549 2913 792 2968 membra
826 2915 1003 2984 populi
1049 2921 1321 2974 credentis
1360 2921 1412 2975 in
1455 2922 1730 2978 Christum
1777 2924 2128 2990 intimantur;

549 3011 606 3055 et
631 3003 772 3058 sicut
819 3021 928 3061 non
953 3010 1311 3080 corporaliter
1349 3011 1442 3066 sed
1487 3013 1840 3082 spiritualiter
1863 3017 2018 3085 panis
2043 3015 2130 3070 ille

547 3096 886 3156 credentium
904 3102 1337 3172 oorpusdicitnr,
1359 3105 1436 3157 sic
1463 3121 1677 3175 quoque.
1700 3105 1900 3162 Christi
1931 3123 2129 3178 corpus

549 3204 658 3245 non
710 3192 1066 3262 corporaliter
1121 3195 1215 3250 sed
1246 3197 1601 3266 spiritualitcr
1657 3216 1879 3256 necesse
1922 3210 2008 3256 est
2054 3178 2204 3257 in»C

548 3278 839 3350 telligatnr.

619 3372 834 3432 LXXV.
853 3376 957 3432 '-Sic
978 3387 1035 3434 et
1060 3379 1113 3434 in
1147 3378 1278 3435 vino
1301 3382 1394 3452 qui
1421 3383 1641 3452 sanguis
1685 3383 1884 3438 Christi
1910 3383 2127 3446 dicitur,

549 3483 688 3536 aqua
721 3468 938 3524 misceri
960 3468 1203 3538 jubetnr,
1239 3488 1338 3529 nec
1364 3490 1533 3529 unum
1559 3475 1678 3530 sine
1709 3475 1881 3530 altero
1911 3476 2132 3547 permit-

548 3559 682 3613 titur
730 3559 934 3624 oll'erri,
989 3564 1112 3631 quia
1167 3579 1266 3618 nec
1314 3565 1544 3634 populus
1585 3567 1702 3620 sine
1742 3567 1980 3629 Christo,
2031 3582 2131 3621 nec

549 3651 797 3707 Christus
822 3653 937 3708 sine
972 3655 1197 3724 populo;
1232 3657 1372 3710 sicut
1409 3672 1506 3711 nec
1531 3667 1690 3727 caput
1717 3657 1833 3711 sine
1880 3673 2131 3727 corpore,

548 3741 633 3797 vel
667 3760 864 3814 corpus
892 3746 1010 3801 sine
1031 3748 1237 3816 capite,
1267 3748 1405 3802 valet
1426 3750 1676 3803 existere.
1716 3750 1868 3819 Aqua
1898 3749 2132 3818 denique

548 3834 605 3888 in
655 3834 743 3890 illo
781 3846 1121 3891 sacramento
1168 3837 1346 3906 populi
1391 3849 1568 3909 gestat
1609 3839 1918 3908 imaginem.
1971 3837 2134 3909 (Vide

550 4006 672 4045 esse
701 3992 752 4044 in
779 3990 1116 4046 Eucharistia
1148 3992 1396 4060 ﬁguram,
1425 3992 1561 4047 etin
1580 4007 1642 4046 ea
1674 4009 1779 4046 non
1809 3992 1990 4047 omnia
2015 4007 2134 4047 eve-

551 4061 669 4133 nire
701 4063 993 4133 semiudum
1022 4062 1195 4116 oculis
1229 4062 1425 4117 factum
1457 4061 1850 4133 apparitiouem
1873 4072 1933 4133 et
1959 4063 2132 4118 sensi-

551 4130 654 4202 bus
683 4132 1093 4202 Sttltjertinuem.
1123 4133 1429 4186 Continenti
1479 4130 1730 4187 sermone
1767 4132 1960 4202 probat
1990 4133 2131 4186 invi-

551 4200 1148 4273 ctissimeRatramnus
1187 4217 1246 4256 se
1274 4202 1443 4256 solum
1469 4200 1869 4273 spectareqimd
1891 4203 2131 4257 exterius

554 4281 778 4340 apparet
803 4271 854 4323 in
898 4272 1154 4339 mysterio
1177 4289 1298 4326 cum
1329 4273 1420 4334 ait.
1452 4271 1647 4340 corpus
1680 4271 1880 4328 Christi
1909 4274 2049 4340 quml
2076 4274 2128 4326 in

554 4287 583 4324 a
628 4287 778 4338 paret
803 4288 854 4323 Ill
898 4287 1154 4339 mysterio
1177 4289 1298 4326 cum
1329 4287 1420 4334 att.
1452 4287 1647 4340 corpus
1680 4287 1880 4328 UIII‘ISII
1909 4287 2049 4340 qumt
2076 4289 2128 4326 ut

553 4287 792 4395 Egi-iusin
819 4341 1130 4412 celebratur
1155 4341 1309 4396 valde
1349 4343 1573 4397 ditl'erre
1594 4342 1663 4396 ab
1702 4359 1767 4397 eo
1797 4344 1938 4412 quod
1980 4343 2128 4397 cruci

553 4412 768 4464 atlixunt
808 4411 924 4464 fuit.
961 4411 1025 4482 lli
1055 4412 1493 4482 pauloidnriores
1534 4411 1886 4468 scribendiet
1916 4413 2126 4467 dicendi

552 4483 694 4536 modi
722 4482 971 4553 videntur
999 4481 1064 4534 iis
1097 4483 1186 4548 qui
1214 4481 1494 4538 Ratmmni
1525 4499 1739 4538 sensum
1775 4499 1878 4536 non
1908 4485 2130 4553 capiunt

550 4560 604 4605 et
624 4551 765 4622 quod
797 4553 1027 4621 probare
1050 4553 1163 4605 vult
1188 4569 1294 4607 non
1325 4563 1700 4622 assequuntur.
1729 4551 2013 4608 Enimvero
2039 4570 2128 4623 pa-

553 4631 628 4677 tet
654 4637 775 4676 cum
805 4623 1000 4677 docere
1047 4623 1150 4677 hoc
1195 4638 1390 4692 corpus
1428 4624 1569 4693 quod
1617 4623 1671 4677 in
1717 4623 1957 4677 Ecclesia
1989 4625 2128 4678 ciale-

553 4693 757 4754 bratur,
805 4707 925 4748 esse
983 4693 1314 4762 corruptioni
1366 4693 1680 4756 olmoxium,
1729 4696 1984 4761 tenuioris
2031 4695 2128 4748 du-

557 4763 749 4816 rationi
799 4772 856 4818 et
917 4763 1164 4817 brevitati
1217 4763 1536 4832 subjectum,
1591 4763 1812 4830 insuper
1868 4763 2121 4826 Mobile;

551 4847 670 4902 quae
720 4833 850 4903 solis
889 4834 1132 4886 externis
1161 4832 1534 4888 affectionibus
1563 4834 1854 4888 convenire.
1903 4844 2131 4903 possunt
2187 4833 2190 4836 ’

549 4911 604 4954 et
627 4902 872 4956 sensibus
912 4903 1166 4971 subjectis
1217 4905 1372 4971 panis
1412 4912 1467 4956 ct
1506 4903 1615 4958 vini
1664 4902 2129 4966 censi-oratorum,

551 4986 674 5023 cum
707 4971 877 5040 ipsum
921 4988 1122 5040 corpus
1158 4972 1285 5027 Jesu
1316 4972 1518 5028 Christi
1561 4975 1706 5027 cruci
1749 4973 1966 5028 :thttttt
2014 4984 2123 5028 tam

552 5055 658 5093 non
708 5041 778 5092 sit
839 5043 1169 5112 corruptioni
1225 5053 1319 5097 aut
1363 5043 1593 5112 passioni
1650 5042 1975 5108 subjectum,
2036 5046 2130 5100 sed

552 5120 838 5184 ueternum,
869 5118 923 5164 et
955 5111 1280 5184 immortale,
1304 5111 1372 5167 et
1401 5114 1712 5184 gloriosum.
1751 5113 1856 5168 Sed
1887 5129 2007 5168 cum
2039 5131 2131 5169 eo-

551 5180 691 5254 dent_
720 5179 866 5254 loco_,_
907 5180 1115 5254 scilicet
1158 5199 1385 5238 numero
1403 5179 1511 5247 '76,
1551 5195 1734 5254 aperte
1781 5186 2030 5254 ostendat
2077 5185 2138 5240 id

551 5251 694 5324 quod
722 5251 962 5324 creditur
985 5251 1046 5324 in
1072 5255 1330 5324 mysterio
1355 5251 1710 5310 Encharistia:
1738 5253 1952 5309 diﬁ‘erre
1977 5256 2043 5309 ab
2065 5271 2137 5309 eo

551 5321 695 5395 quod
721 5322 898 5391 gustui
929 5320 1232 5390 subjectum
1260 5334 1366 5390 est,
1404 5333 1461 5379 et
1499 5333 1850 5395 recognoscant
1894 5325 1945 5378 id
1985 5325 2128 5393 quod

551 5391 794 5466 creditur
813 5402 1211 5466 essegaiternum
1233 5403 1288 5451 et
1313 5395 1442 5450 nulli
1460 5391 1792 5466 corruptioni
1807 5391 2125 5460 obnoxium,

548 5460 691 5529 quod
731 5475 861 5534 vero
891 5463 1106 5534 videtur
1147 5481 1269 5521 esse
1316 5460 1646 5534 corr-optioni
1688 5475 1742 5521 et
1768 5466 2126 5520 vicissitudini

549 5533 810 5608 temporis
839 5533 1140 5608 subjectum
1177 5553 1188 5588 :
1231 5533 1584 5608 consequitur
1600 5536 1940 5608 apertissime
1974 5552 2126 5592 men-

548 5599 802 5670 tem'ejns
838 5599 1005 5677 fuisse
1030 5620 1226 5677 corpus
1267 5599 1468 5677 Christi
1513 5599 1864 5677 symbolicqu
1900 5616 1952 5662 et
1999 5609 2130 5675 ligu-

550 5681 746 5745 ratum,
781 5675 925 5745 quod
973 5674 1177 5730 scilicet
1219 5675 1465 5730 sensibus
1504 5674 1801 5745 subjectum
1852 5689 1952 5740 est,
2009 5674 2128 5732 eSse

543 5742 816 5802 diversum
872 5761 898 5797 τι
949 5759 1177 5815 corpore
1226 5745 1358 5799 Iesu
1407 5742 1613 5799 Christi
1655 5750 1794 5815 σιτιίί
1851 5748 2124 5816 corrumpi

2244 545 2536 600 nistrorum
2573 543 2827 610 ofﬁcium,
2853 544 2905 598 in
2937 541 3141 600 Christi
3173 544 3488 615 sanguinem
3522 550 3798 618 corporali-

2245 645 2329 691 ter
2355 635 2724 702 convertitur;
2753 651 2895 707 aqua
2942 651 3179 707 quoque,
3205 651 3324 704 quae
3353 636 3556 704 pariter
3581 638 3794 695 admisi:

2243 735 2347 790 est,
2374 726 2426 780 in
2449 725 2770 804 sanguinem
2793 724 2973 796 populi
2997 725 3267 784 credentis
3282 741 3503 782 necesse
3523 735 3607 782 est
3623 745 3801 800 corpo-

2245 821 2432 877 raliter
2484 829 2856 878 convertatur.
2889 819 2991 876 Ubi
3040 835 3276 891 namque
3310 836 3415 874 una
3462 821 3804 877 sanctiﬁcatio

2244 923 2346 978 est,
2380 930 2486 969 una
2513 922 2916 984 consequenter
2949 912 3226 985 Operatio;
3279 920 3334 967 et
3381 912 3470 966 ubi
3508 927 3604 983 par
3656 915 3801 976 ratio,

2241 1021 2340 1076 par
2369 1021 2585 1076 quoque
2614 1005 2966 1074 consequitur
3005 1004 3343 1076 mysterium.
3394 1002 3465 1056 At
3495 1003 3732 1058 videmus
3757 1005 3802 1058 in

2242 1113 2381 1166 aqua
2409 1095 2705 1151 secundum
2736 1110 2933 1164 corpus
2961 1094 3092 1148 nihil
3114 1109 3234 1148 esse
3260 1108 3604 1158 conversum,
3635 1109 3806 1148 conse-

2241 1200 2470 1259 quenter
2494 1203 2624 1258 crgo
2649 1197 2703 1240 et
2726 1187 2776 1242 in
2823 1187 2946 1240 vino
2973 1186 3106 1240 nihil
3134 1185 3493 1254 corporaliter
3519 1194 3801 1239 ostensum.

2240 1280 2516 1351 Accipitur
2566 1280 2924 1348 spiritualiter
2979 1277 3240 1348 quidquid
3271 1277 3324 1332 in
3370 1292 3509 1348 aqua
3541 1277 3607 1330 de
3638 1277 3804 1347 populi

2241 1391 2468 1445 corpore
2495 1373 2890 1446 'signiiieatur;
2949 1372 3248 1442 accipiatur
3289 1385 3420 1441 ergo
3474 1384 3692 1425 necesse
3732 1379 3819 1424 est

2240 1466 2596 1535 spiritualiter
2629 1464 2888 1535 quidquid
2935 1463 2987 1518 in
3041 1463 3164 1517 vino
3211 1462 3278 1517 de
3308 1459 3511 1516 Christi
3563 1459 3814 1532 sanguine

2239 1557 2538 1611 intimatur.

2308 1648 2543 1704 LXXVI.
2580 1647 2735 1711 Item,
2767 1662 2888 1716 qua:
2916 1662 2944 1699 a
2976 1658 3036 1699 se
3064 1642 3324 1698 differunt
3353 1641 3497 1696 idem
3537 1655 3640 1695 non
3669 1648 3803 1694 sunt“.

2238 1741 2447 1812 Corpus
2491 1740 2690 1796 Christi
2738 1740 2880 1810 quod
2913 1746 3182 1792 mortuum
3210 1743 3372 1790 estet
3408 1733 3720 1797 resurrexit,
3756 1740 3814 1788 et

2169 1815 2209 1875 Β
2237 1830 2546 1889 immortale
2568 1831 2768 1884 factum
2792 1830 2900 1891 iam
2927 1845 3030 1882 non
3053 1827 3296 1891 moritur,
3327 1835 3373 1878 et
3408 1840 3554 1879 mors
3574 1822 3654 1877 illi
3673 1823 3805 1877 ultra

2240 1940 2344 1979 non
2385 1922 2742 1976 dominabitur
2788 1920 2967 1992 (Rom.
3016 1935 3092 1984 vt,
3140 1920 3221 1989 9),
3273 1929 3534 1973 mternum
3565 1924 3665 1981 est,
3714 1929 3806 1970 nec

2231 2016 2343 2086 jam
2373 2013 2628 2086 passibile
2659 2031 2670 2066 :
2717 2013 2818 2068 hoc
2848 2024 3027 2067 autem
3057 2011 3201 2081 quod
3227 2010 3279 2064 in
3311 2007 3551 2064 Ecclesia
3576 2005 3802 2062 celebra.

2239 2116 2348 2170 tur,
2381 2105 2676 2175 temporale
2718 2115 2822 2170 est,
2857 2119 2962 2159 non
3010 2114 3305 2166 :eternum;
3334 2099 3683 2172 corruptibile
3706 2106 3808 2161 est.

2239 2210 2344 2248 nou
2369 2193 2772 2263 incorruptum;
2799 2192 2852 2246 in
2879 2193 2962 2246 via
2991 2200 3096 2256 est,
3122 2207 3229 2245 non
3255 2189 3308 2244 in
3332 2189 3532 2260 patria.
3557 2187 3802 2243 Diﬁ‘eruut

2239 2286 2400 2356 igitur
2425 2301 2454 2339 a
2483 2302 2563 2349 sc,
2593 2293 2920 2354 quapropter
2950 2299 3056 2338 non
3083 2291 3209 2338 sunt
3233 2282 3399 2337 idem.
3426 2279 3700 2348 Quomodo
3727 2292 3806 2331 vo.

2241 2392 2357 2430 runt
2381 2391 2576 2444 corpus
2603 2375 2805 2430 Christi
2829 2373 3028 2428 dicitur
3048 2381 3102 2428 et
3131 2387 3294 2426 verus
3321 2371 3578 2444 sanguis?

2309 2466 2563 2522 LXXVII.
2595 2465 2651 2520 Si
2675 2465 2820 2521 enim
2863 2479 3059 2534 corpus
3090 2462 3293 2519 Christi
3325 2470 3408 2516 est
3435 2478 3449 2526 ;
3479 2469 3533 2517 et
3555 2460 3655 2515 hoc
3676 2458 3802 2514 dici-

2238 2571 2327 2615 tttr
2350 2572 2477 2614 vere
2495 2559 2621 2628 quia
2648 2572 2844 2626 corpus
2870 2554 3072 2610 Christi
3101 2561 3182 2608 est
3225 2569 3240 2608 :
3275 2553 3326 2606 in
3361 2552 3592 2606 veritate
3619 2563 3806 2618 corpus

2237 2652 2436 2709 Christi
2466 2661 2576 2714 est;
2609 2659 2665 2704 et
2691 2649 2734 2703 si
2765 2651 2818 2703 in
2852 2648 3078 2702 veritate
3107 2661 3305 2715 corpus
3346 2644 3570 2706 Christi,
3613 2649 3666 2696 et
3692 2655 3799 2695 cor-

2239 2761 2338 2815 pus
2361 2742 2559 2798 Christi
2602 2738 3008 2809 incorruptibile
3043 2746 3147 2801 est,
3176 2749 3232 2791 et
3265 2733 3600 2806 impassibile
3621 2739 3720 2795 cst,
3743 2745 3801 2784 ac

2239 2852 2335 2906 per
2354 2837 2454 2890 hoc
2474 2843 2756 2888 :ctcrnum.
2782 2831 2896 2887 Hoc
2916 2831 3080 2902 igitur
3097 2844 3294 2900 corpus
3314 2827 3517 2884 Christi
3543 2825 3679 2897 quod
3699 2824 3800 2895 agi-

2240 2937 2327 2981 tur
2360 2926 2412 2980 in
2460 2923 2724 2988 Ecclesia,
2759 2937 2982 2978 necesse
3040 2931 3125 2976 est
3174 2929 3236 2975 ut
3287 2915 3689 2989 incorruptibile
3738 2915 3802 2969 sit

2237 3025 2291 3071 et
2319 3026 2602 3070 :eternum.
2647 3011 2754 3068 Sed
2785 3012 2967 3082 negari
2999 3026 3106 3066 non
3157 3018 3335 3080 potest
3362 3007 3635 3076 corrumpi
3672 3003 3801 3074 quod

2238 3125 2334 3178 per
2363 3115 2544 3176 partes
2572 3105 2965 3161 comminutmn
2991 3115 3014 3144 ιι
3044 3101 3363 3171 dispartitnr
3383 3098 3722 3157 sumendum,
3751 3100 3800 3147 et

2238 3200 2488 3256 dentibus
2526 3197 2894 3253 commolitnm
2920 3195 2972 3248 in
3000 3209 3196 3262 corpus
3220 3192 3508 3260 trajicitur.
3543 3189 3646 3244 Sed
3669 3185 3799 3240 aliud

2235 3301 2318 3348 est
2343 3291 2485 3362 quod
2526 3290 2770 3344 exterius
2795 3287 3019 3358 geritur,
3043 3286 3187 3340 aliud
3217 3299 3346 3339 vero
3365 3283 3510 3354 quod
3541 3296 3634 3353 per
3655 3278 3803 3332 ﬁdem

2234 3386 2476 3440 creditur
2530 3401 2541 3435 :
2597 3381 2664 3436 ad
2708 3395 2924 3435 sensum
2955 3379 3095 3448 quod
3124 3377 3358 3448 pertinet
3394 3373 3659 3445 corporis,
3692 3374 3801 3431 cis-

2237 3476 2520 3546 ruplibile;
2561 3474 2703 3545 quod
2757 3473 2888 3527 lides
2938 3486 3067 3525 vero
3123 3468 3328 3533 credit,
3388 3460 3799 3534 inrorrttptibilc.

2236 3566 2262 3606 δ
2310 3565 2559 3619 Evterins
2604 3564 2767 3634 igitur
2795 3561 2938 3632 quod
2967 3569 3212 3631 apparet,
3249 3575 3352 3614 non
3418 3568 3503 3614 est
3548 3558 3662 3627 ipsa
3702 3565 3800 3611 res.

2238 3657 2329 3711 sed
2356 3658 2532 3726 imago
2565 3657 2638 3710 rei
2663 3673 2678 3720 ;
2711 3663 2888 3709 mente
2918 3669 3048 3708 vero
3069 3653 3210 3722 quod
3229 3653 3466 3708 sentitur
3485 3659 3539 3706 et
3566 3641 3800 3712 intelligi-

2236 3760 2343 3812 tur,
2372 3747 2570 3802 veritas
2599 3747 2694 3801 rei.

2306 3839 2584 3894 LXXVIII.
2626 3839 2764 3894 Hinc
2810 3839 3006 3894 beatus
3055 3836 3390 3907 Augustinus
3438 3837 3492 3892 in
3544 3824 3806 3898 Evangelii

2233 4011 2499 4070 nusquam
2535 4002 2714 4065 potest
2759 4002 2815 4049 et
2855 4002 3118 4070 aeternum
3144 4001 3256 4070 est,
3297 3993 3446 4070 quod
3491 3987 3806 4070 creditur!

2234 4047 2498 4129 steteras
2537 4047 2726 4118 tetes
2770 4047 3094 4118 acassam.
3141 4047 3255 4118 Sed
3297 4047 3412 4118 time
3457 4058 3634 4116 omnia
3680 4047 3802 4107 nihil

2234 4127 2375 4192 aliud
2422 4134 2725 4204 signiﬁcant
2769 4134 2873 4189 nisi
2904 4134 3090 4189 oculos
3121 4133 3305 4204 videre
3332 4131 3572 4204 symbolo
3603 4134 3656 4184 et
3683 4135 3798 4192 spe-

2233 4208 2346 4261 cies
2401 4201 2758 4259 Eucharistite
2814 4205 3064 4260 sensibus
3111 4201 3406 4270 subiectas,
3461 4201 3616 4256 ﬁdem
3681 4205 3798 4271 νειζο

2233 4276 2548 4345 conspicere
2585 4290 2674 4330 res
2717 4274 2861 4343 ipsas
2902 4275 3199 4329 existentes
3231 4275 3283 4328 in
3319 4272 3519 4333 eodem
3564 4273 3802 4345 mysllfﬂp

2235 4332 2543 4402 recondit-as
2565 4355 2621 4399 et
2641 4332 2844 4400 celatas
2859 4361 2878 4416 ;-
2901 4345 3143 4416 symbola
3166 4360 3270 4398 non
3301 4332 3423 4416 esse
3450 4332 3801 4416 corpusChri:

2235 4419 2326 4480 sti,
2351 4417 2426 4470 uti
2452 4416 2730 4470 vindicare
2747 4409 3035 4470 studebant
3060 4413 3358 4468 adversarii
3387 4409 3690 4466 Ratratnni,
3722 4409 3812 4454 res.

2239 4504 2366 4542 vero
2395 4487 2642 4541 sensibus
2665 4501 2769 4540 non
2801 4484 3090 4552 subjectus,
3119 4485 3460 4558 incorruptus
3477 4489 3534 4558 et
3551 4483 3769 4558 mter-Iug
3785 4505 3797 4525 ο

2235 4574 2355 4613 esse
2393 4559 2568 4628 ipsum
2608 4572 2822 4628 corpus,
2841 4551 3034 4628 reapse
3077 4569 3260 4628 verum
3301 4551 3427 4628 Iesu
3477 4551 3797 4628 Christi'ﬂs‘g-

2235 4619 2469 4681 cundum
2501 4627 2660 4681 ﬁdem
2705 4619 2957 4681 Ecclesiae
2990 4624 3267 4679 catholica:
3295 4641 3308 4675 :
3353 4619 3799 4684 Semtitdum._i_m'!'_

3000 4677 3284 4748 Sest—fdicini
3331 4691 3613 4763 potentiam
3661 4677 3811 4763 Verbi-

2237 4749 2555 4836 tiere—rorptts
2579 4749 2626 4820 et
2653 4749 2868 4834 sanguis
2895 4764 3091 4836 Christi
3118 4749 3372 4836 existim}.
3392 4792 3466 4808 -π-
3489 4759 3639 4836 Num.
3669 4749 3777 4836 49οο

2307 4851 2329 4878 ⁸
2365 4837 2422 4891 S.
2451 4829 2475 4889 1
2482 4847 2629 4905 gnat,
2651 4829 2799 4905 epist.
2833 4835 2903 4888 ad
2932 4833 3327 4904 Philadelphia:
3354 4847 3372 4884 :
3397 4837 3488 4892 Εἰς
3515 4829 3666 4905 (Ep-:9:
3701 4829 3807 4905 ξιξε-

2235 4916 2396 5002 πᾶῖιῖ
2424 4895 2655 4982 ὁθβὸφθὴ.
2681 4895 2853 4958 ὐηιιε
2880 4905 3032 5002 prinis
3063 4895 3301 4958 omnibus
3326 4912 3403 4957 est
3444 4895 3797 5002 commigravit;

2391 4976 2607 5002 ‘...-..:._-
2634 4977 2796 5002 :..:.....
2823 4991 2919 5002 --.Α
2987 4985 3194 5002 -..ψη-,ι
3223 4991 3326 5002 ...ιη
3358 4983 3430 5002 -.ο
3458 4987 3569 5002 ..ηη
3602 4983 3622 5002 ,-
3683 5001 3690 5002 γ

2309 4979 2334 5018 b
2362 4972 2607 5030 Extéri'us
2634 4977 2796 5045 igitur
2818 4972 2956 5042 quod
2984 4985 3194 5044 apparet
3223 4991 3333 5028 non.
3354 4983 3430 5026 est
3458 4973 3569 5045 ipsa
3599 4972 3766 5045 f‘fl‘gff

2234 5049 2413 5114 imago
2442 5048 2516 5100 rei
2538 5066 2556 5110 ;
2602 5035 2772 5100 ηιὲιιιε
2811 5035 2932 5100 uero
2959 5035 3098 5110 quod
3137 5045 3364 5098 sumitur
3399 5053 3447 5096 et
3489 5035 3793 5114 iittclligtmff:

2236 5099 2424 5171 rerrii'ais
2444 5099 2551 5170 rei:
2582 5115 2860 5171 Concinue
2887 5099 3060 5180 magis
3084 5123 3139 5169 et
3163 5124 3416 5168 accurate
3439 5128 3544 5165 non
3568 5102 3701 5180 ικηῖδ
3722 5099 3798 5180 es)?

2233 5170 2546 5262 exprimere
2569 5170 2725 5262 ﬁdem
2770 5170 3025 5240 Ecclesiae
3049 5223 3077 5262 ,_
3108 5199 3229 5262 quae
3268 5200 3368 5238 nos
3407 5185 3564 5262 docet
3597 5170 3803 5262 ξ’ξίῇξξ

2234 5244 2375 5327 quod
2407 5257 2582 5312 oculis
2609 5255 2908 5327 subjectum
2943 5244 3253 5327 est_'in'boc
3279 5252 3534 5325 uzysuar‘m
3560 5244 3802 5327 llo-"ff:

2234 5304 2438 5398 355;":
2447 5304 2580 5384 ἶὲέιῖ
2606 5304 3392 5398 curamuesanari-gr
3406 5304 3528 5398 qua»
3555 5304 3802 5398 subggljg

2235 5379 2582 5470 éii‘égéiisas;
2605 5379 2950 5470 occultav‘sibir
2972 5379 3237 5470 annexam
3273 5379 3441 5470 habet
3455 5384 3623 5470 Verbi
3641 5379 3798 5470 dixit}:

2234 5454 2558 5538 potentiam,
2603 5458 2724 5538 quae
2763 5468 2998 5538 animam
3036 5466 3204 5520 nutrit
3246 5472 3301 5517 et
3340 5454 3794 5538 eivitmﬁf'ﬁfj‘e‘e

2233 5527 2586 5595 Substantiam
2617 5527 3023 5598 subministrat,
3058 5551 3247 5606 nempe
3275 5535 3503 5606 gratiam
3533 5534 3590 5606 et
3614 5527 3786 5606 milli“

2234 5611 2438 5664 sionem
2465 5619 2831 5676 peccatorum,
2855 5617 2912 5662 ut
2940 5595 3134 5677 saepius
3158 5595 3491 5677 iamitictum
3514 5604 3594 5653 est
3623 5595 3792 5677 ξῐξρξξξς

2233 5653 2831 5748 ἓῖίινιὲἶῇβῖζνςοηὶιηίιηί
2855 5653 3045 5730 muttit:
3062 5653 3220 5746 stsz
3247 5658 3676 5744 evpnsita-saueti
3698 5653 3795 5706 All?

2235 5750 2431 5817 εει-6111ιὶ
2466 5747 2734 5800 testimoni
2755 5767 2790 5799 ι.
