4088 6344
286 362 379 424 IIII

1280 359 1371 417 ns
1408 356 1729 416 conroan
1772 354 1858 413 ετ
1904 356 2255 413 δλκυιῖικε
2300 334 2556 413 omnm.

3446 360 3551 415 liii

280 476 509 535 Ioannis
553 475 899 548 Euri-itione
937 480 1109 549 (tract.
1164 479 1333 545 uri).
1385 479 1510 533 dum
1545 475 1611 531 de
1636 488 1864 544 corpore
1896 477 1938 534 Α
1969 488 2206 544 corpus;
2255 481 2404 529 certe
2436 473 2518 527 vel
2559 483 2684 528 tunc
2721 469 3028 543 Intelligetis
3054 474 3176 544 quia
3218 474 3389 544 gratia
3434 475 3552 542 ejus

278 571 487 627 Christi
509 570 820 640 loqueretur
858 582 912 625 et
953 571 1235 641 sanguine,
1268 569 1347 624 sic
1374 570 1486 624 ait:
1516 586 1535 620 ι
1569 566 1860 622 Manduca~

285 662 367 717 vit
389 671 445 717 et
474 661 683 733 Moyses
706 678 920 727 manna,
960 662 1303 717 manducavit
1327 671 1382 717 et
1407 662 1608 725 Aaron,
1640 660 1866 714 mandu-

284 754 435 809 cavit
467 763 522 809 et
570 755 818 814 I’hiuees.
848 754 1308 810 manducaverunt
1336 754 1405 808 ibi
1431 754 1585 808 multi
1625 754 1717 822 qui
1755 752 1866 807 Deo

284 843 632 915 placuerunt,
679 854 731 898 et
765 843 962 898 mortui
991 854 1137 898 sunt.
1179 842 1395 910 Quare?
1430 842 1566 910 Quia
1601 842 1865 896 visibilem

289 936 472 991 cibum
505 935 857 1005 spiritualiter
908 936 1306 999 intellexerunt,
1348 934 1701 1006 spiritualiter
1748 948 1868 987 esu-

280 1030 529 1091 fierunt,
577 1029 929 1098 spiritualitcr
984 1036 1354 1097 gustavcrunt,
1411 1034 1472 1081 ut
1521 1024 1873 1098 spiritualiter

292 1120 644 1173 satiarentur.
694 1115 827 1171 Nam
875 1128 931 1171 et
961 1132 1059 1172 nos
1091 1118 1246 1172 hodie
1274 1117 1569 1186 accipimus
1605 1117 1871 1172 visibilem

291 1210 511 1272 cibum;
544 1209 639 1262 sed
674 1207 819 1262 aliud
850 1218 935 1263 est
975 1217 1395 1272 sacramentum,
1433 1207 1577 1262 aliud
1599 1209 1851 1263 virtus'sa

290 1298 582 1354 stramenti.
624 1316 641 1348 ι
670 1297 800 1353 Item
830 1298 880 1351 in
907 1299 1293 1368 posterioribus
1319 1315 1332 1349 :
1360 1297 1463 1352 Hic
1488 1309 1562 1352 est
1585 1300 1757 1368 panis,
1782 1297 1869 1369 qui

296 1391 363 1442 de
387 1388 516 1442 caelo
559 1387 823 1441 descendit
845 1385 1027 1454 (Joan.
1062 1402 1134 1451 γι,
1163 1386 1277 1459 59).
1305 1386 1457 1441 Hune
1495 1402 1689 1457 panem
1711 1385 1874 1458 signi-

299 1479 481 1533 ﬁcavit
516 1493 734 1542 manna,
784 1479 927 1533 bnnc
966 1492 1159 1547 panem
1196 1479 1519 1549 signiﬁcavit
1550 1478 1719 1533 altare
1756 1478 1869 1533 Dei.

300 1566 656 1623 Sacramenta
684 1566 771 1620 illa
814 1565 1062 1633 luerunt;
1108 1568 1161 1622 in
1189 1568 1356 1640 signis
1382 1569 1592 1623 diversa
1614 1578 1769 1633 sunt;
1818 1569 1872 1623 in

297 1672 361 1712 rc
389 1672 513 1727 quae
559 1658 915 1727 sigdlicatur,
960 1658 1113 1728 paria
1152 1667 1296 1713 sunt.
1338 1659 1649 1729 Apostolum
1697 1660 1869 1715 audi:

304 1747 445 1804 Nolo
490 1766 580 1804 vos
610 1752 873 1818 ignorare,
900 1749 1113 1819 fratres,
1142 1752 1267 1821 quia
1286 1761 1459 1821 patres
1491 1753 1655 1804 nostri
1696 1768 1871 1806 omnes

299 1842 396 1896 sub
415 1841 551 1895 nube
570 1841 802 1909 fuerunt,
829 1851 877 1895 ct
898 1857 1075 1896 omnes
1095 1842 1331 1895 eamdem
1352 1857 1524 1895 escam
1548 1842 1876 1911 spiritualem
1910 1827 1955 1887 Β

302 1934 767 1995 ιιιηηάυεαιιιναηι,
810 1943 858 1989 et
883 1950 1060 1989 omnes
1089 1935 1323 1989 eumdem
1350 1946 1526 2004 potum
1552 1934 1878 2005 spiritualem

304 2025 543 2079 biberunt
574 2023 623 2096 (Ι
656 2025 777 2079 Cor.
810 2042 864 2090 ι,
916 2025 1054 2096 1-4).
1106 2024 1452 2096 Spiritnalem
1498 2027 1708 2097 utique,
1734 2042 1882 2083 eam-

306 2119 463 2181 dem;
494 2133 601 2172 non
627 2117 960 2187 corporalem
992 2116 1249 2184 alterum;
1282 2119 1406 2188 quia
1435 2118 1508 2173 illi
1540 2134 1758 2182 manna,
1782 2134 1881 2174 nos

306 2208 451 2263 aliud
477 2225 491 2262 :
521 2207 854 2279 spiritualem
885 2223 1033 2271 vero,
1057 2224 1217 2278 quam
1241 2224 1359 2264 nos.
1380 2209 1445 2263 Et
1467 2210 1743 2281 adjungit:
1772 2228 1791 2259 ι
1811 2208 1879 2263 Et

302 2315 485 2353 omnes
507 2299 744 2353 eumdem
766 2309 947 2369 potum
972 2299 1297 2369 spiritualem
1319 2299 1575 2353 biberunt.
1598 2299 1756 2353 Aliud
1784 2297 1881 2361 illi,

308 2389 453 2445 aliud
508 2406 623 2453 nos,
679 2391 772 2445 sed
813 2391 990 2460 specie
1039 2389 1234 2445 visibili
1291 2409 1304 2444 :
1348 2392 1491 2461 quod
1554 2400 1733 2447 tamen
1781 2392 1883 2446 hoc

308 2480 451 2534 idem
483 2479 811 2550 signiﬁcaret
858 2482 1057 2537 virtute
1092 2480 1379 2552 spirituali.
1408 2481 1687 2547 Quomodo
1715 2481 1882 2546 enim,

306 2572 548 2626 eumdem
598 2573 817 2641 potum?
858 2571 1131 2637 Bibebant,
1182 2574 1377 2642 inquit,
1418 2574 1481 2627 de
1522 2572 1886 2643 spiritualiu-

306 2664 488 2732 quenti
533 2679 620 2717 eos
674 2674 825 2735 petra
859 2678 877 2715 :
908 2674 1052 2734 petra
1083 2674 1260 2719 autem
1285 2675 1399 2719 erat
1449 2665 1707 2719 Christus.
1758 2664 1886 2719 Inde

309 2753 467 2821 panis
489 2753 631 2806 unde
679 2760 855 2822 potus.
894 2753 1053 2808 Petra
1081 2752 1329 2808 Christus
1359 2754 1411 2807 in
1442 2754 1679 2824 signum,
1724 2768 1887 2809 verus

309 2838 562 2896 Christus
588 2842 641 2895 in
676 2841 852 2897 Verbo
879 2852 933 2898 et
960 2844 1012 2898 iu
1044 2859 1227 2898 carne.
1259 2863 1279 2896 ο

376 2952 619 3009 LXXIX.
641 2975 659 3006 ε
683 2955 810 3010 Item
844 2975 858 3011 :
891 2956 992 3011 llic
1015 2968 1088 3011 est
1115 2959 1267 3027 panis
1297 2959 1360 3012 de
1381 2959 1506 3013 caelo
1529 2960 1885 3015 descendens:

309 3057 367 3099 II
393 3047 439 3099 si
466 3047 584 3116 quis
606 3062 670 3100 ea:
706 3046 817 3115 ipso
848 3049 1260 3112 manducauerit,
1291 3066 1394 3102 non
1420 3051 1700 3104 moriatur.
1735 3069 1752 3102 ι
1783 3049 1888 3105 Sed

1970 582 2075 621 non
2118 567 2456 620 consumitur
2496 565 2796 633 morsibus;
2845 575 2899 621 et
2925 566 3001 620 ait
3042 584 3056 620 :
3108 566 3340 636 Spiritus
3366 569 3550 636 estqui

1967 658 2215 727 rivi/ictu,
2244 674 2367 713 caro
2398 673 2500 712 non
2520 660 2727 729 prodest
2754 658 2944 731 (Ibid.,
2990 657 3103 731 64).
3415 672 3418 675 '

2038 766 2273 823 LXXXI.
2321 768 2383 824 Et
2409 769 2650 839 pluribus
2690 769 3042 841 interpositis,
3086 786 3272 827 rursus
3315 772 3546 840 adjicit:

1972 858 2216 928 Quisquis
2264 870 2456 923 autem,
2514 860 2685 930 inquit
2737 860 2875 916 idem
2922 860 3238 932 Apostolus,
3296 861 3551 931 Spiritum

1970 951 2162 1004 Christi
2204 968 2304 1004 non
2360 952 2531 1015 habet,
2571 952 2653 1004 hic
2696 965 2796 1005 non
2847 967 2921 1005 est
2966 953 3079 1021 ejus
3125 953 3304 1023 (Rom.
3345 968 3430 1018 τι,
3472 952 3549 1024 9)-

1971 1038 2201 1110 Spiritus
2229 1060 2351 1112 ergo
2387 1054 2460 1096 est
2494 1045 2581 1113 qui
2613 1043 2831 1111 uiviﬁcat
2872 1056 2889 1095 :
2929 1061 3051 1098 caro
3090 1055 3263 1100 autem
3300 1063 3403 1099 non
3434 1064 3557 1117 proé

1972 1132 2081 1183 dest
2126 1131 2430 1201 quidquam.
2486 1128 2649 1184 Verba
2696 1148 2811 1202 quae
2856 1148 2949 1202 ego
2989 1132 3192 1187 locutus
3231 1151 3347 1188 sum
3392 1133 3554 1199 vobis,

1970 1226 2185 1291 spiritus
2222 1234 2269 1279 et
2299 1226 2398 1278 vita
2426 1234 2544 1277 sunt
2577 1223 2758 1295 (Joan.
2788 1240 2863 1290 γι,
2893 1224 3005 1295 64).
3042 1226 3179 1293 Quid
3205 1236 3308 1293 est,
3338 1226 3555 1297 spiritus

1974 1327 2019 1370 ct
2052 1317 2153 1370 rita
2186 1317 2355 1369 sunt?
2411 1314 2775 1385 Spiritualiter
2810 1315 3152 1386 intelligenda
3195 1327 3338 1372 sunt.
3389 1317 3557 1375 Intel-

1975 1405 2149 1462 lexisti
2187 1408 2556 1478 spiritualiter,
2594 1408 2815 1475 spiritus
2843 1409 3027 1461 etvita
3056 1417 3204 1462 sunt.
3245 1408 3557 1465 Intellexisti

1976 1500 2282 1565 carnaliter,
2314 1500 2476 1555 etiam
2517 1501 2737 1570 spiritus
2774 1508 2827 1554 et
2852 1500 2961 1553 vita
2998 1510 3144 1567 sunt,
3173 1502 3266 1556 sed
3309 1500 3401 1557 tibi
3450 1514 3556 1556 non

1977 1598 2120 1644 sunt.

2050 1676 2305 1734 LXXXII.
2356 1679 2523 1749 IIujus
2550 1678 2872 1733 auctoritate
2900 1676 3133 1733 doctoris
3154 1678 3317 1733 verba
3347 1677 3561 1734 Domini

1982 1773 2263 1826 tractantis
2291 1772 2357 1826 de
2393 1780 2735 1827 sacramento
2773 1772 2853 1826 sui
2892 1774 3137 1841 corporis
3172 1782 3227 1827 et
3260 1773 3560 1844 sanguinis.

1983 1860 2265 1915 manifeste
2290 1862 2561 1923 docemur,
2588 1860 2729 1930 quod
2764 1861 2849 1913 illa
2887 1864 3046 1915 verba
3076 1861 3286 1915 Domini
3312 1862 3565 1929 spiritua-

1980 1952 2104 2007 liter
2142 1960 2199 2007 et
2235 1967 2342 2006 non
2386 1952 2680 2006 carnaliter
2711 1951 3055 2022 intelligenda
3091 1962 3247 2017 sunt;
3276 1952 3414 2007 sicut
3452 1952 3565 2023 ipso

1978 2044 2093 2098 ait:
2129 2040 2292 2096 Verba
2320 2058 2436 2111 qua:
2466 2058 2557 2111 ego
2582 2041 2766 2111 loquor
2793 2042 2958 2104 uobis,
2981 2043 3197 2110 spiritus
3224 2052 3270 2095 et
3294 2045 3397 2096 vita
3418 2052 3561 2095 sunt.

1984 2131 2155 2187 Verba
2196 2131 2379 2201 utique
2424 2132 2489 2185 de
2524 2146 2616 2184 sua
2664 2145 2826 2185 carne
2864 2133 3257 2195 manducanda,
3290 2141 3341 2187 et
3371 2133 3436 2186 de
3465 2148 3566 2186 suo

1981 2222 2240 2290 sanguine
2262 2221 2510 2275 bibendo.
2563 2220 2689 2276 Inde
2722 2221 2865 2276 enim
2894 2222 3215 2294 loquebatur
3245 2225 3384 2277 unde
3410 2222 3567 2278 disci-

1984 2312 2091 2381 puli
2125 2311 2335 2365 fuerant
2380 2310 2749 2365 seandalizati.
2796 2310 2938 2381 Ergo
2984 2321 3042 2366 ut
3087 2329 3192 2366 non
3222 2313 3563 2366 scandaliza-

1985 2413 2173 2457 reutur
2199 2412 2419 2458 revocat
2446 2418 2539 2457 eos
2567 2403 2781 2457 divinus
2811 2402 3063 2474 Magister
3085 2405 3151 2458 de
3178 2419 3343 2458 carne
3368 2406 3433 2458 ad
3454 2405 3565 2473 δρία

1988 2495 2172 2558 ritum,
2204 2494 2268 2548 de
2295 2508 2549 2563 corporea
2584 2494 2786 2547 visione
2824 2497 2891 2548 ad
2923 2493 3331 2565 intelligentiam
3381 2495 3565 2549 invisi.

1987 2583 2169 2637 bilem.

2059 2674 2335 2729 LXXXIII.
2396 2687 2421 2715 ι
2494 2674 2750 2731 Videmus
2800 2689 2967 2746 ergo:
3016 2689 3138 2729 esca
3193 2674 3279 2757 illa
3327 2675 3571 2744 corporis

1990 2767 2222 2832 Domini,
2250 2778 2304 2821 et
2331 2778 2487 2839 potus
2514 2768 2603 2822 ille
2632 2769 2906 2840 sanguinis
2935 2767 3071 2836 ejus,
3109 2769 3403 2823 scentulum
3442 2769 3569 2838 quid

1988 2870 2116 2911 vere
2147 2871 2341 2926 corpus
2368 2857 2486 2927 ejus
2514 2868 2569 2912 et
2594 2872 2719 2913 vere
2746 2858 2964 2929 sanguis
2987 2859 3103 2929 ejus
3132 2860 3392 2922 existunt,
3421 2861 3572 2913 vide-

1989 2947 2116 3001 licet
2144 2950 2435 3002 secuudum
2463 2950 2604 3016 quod
2635 2948 2858 3017 spiritus
2884 2958 2938 3002 et
2965 2950 3071 3001 vita
3108 2959 3253 3003 sunt.

2065 3037 2345 3093 LXXXIV.
2388 3039 2535 3102 Item,
2582 3054 2703 3109 qua:
2745 3039 2884 3093 idem
2932 3050 3076 3103 sunt,
3121 3056 3224 3095 una
3264 3040 3575 3095 definitione

311 3138 456 3207 quod
502 3137 736 3206 pertinet
776 3137 842 3191 ad
903 3138 1159 3192 virtutem
1208 3140 1553 3204 sacramenti,
1600 3155 1705 3195 non
1748 3141 1891 3211 quod
1919 3176 1965 3238 C
1996 3133 2541 3201 comprobentlunlnr.
2590 3133 2661 3186 De
2704 3148 2831 3185 vero
2880 3148 3107 3203 corpore
3143 3134 3340 3188 Christi
3381 3134 3577 3199 dicitur

313 3228 553 3298 pertinet
596 3229 665 3283 ad
724 3228 934 3284 visibile
994 3241 1428 3297 sacramentum;
1473 3233 1565 3300 qui
1605 3234 1894 3289 manducet

314 3321 482 3383 intus,
529 3334 632 3373 non
657 3318 830 3384 foris;
882 3322 973 3390 qui
1011 3323 1299 3377 manducat
1334 3324 1387 3377 in
1432 3325 1618 3387 corde,
1665 3339 1770 3379 non
1803 3327 1893 3395 qui

312 3412 513 3480 premit
541 3410 720 3465 dente.
772 3428 789 3461 ι

385 3521 603 3576 LXXX.
644 3522 781 3577 Item
826 3524 878 3577 in
928 3525 1315 3592 posterioribus
1366 3529 1529 3581 verba
1595 3528 1894 3583 Salvator-is

316 3614 687 3677 introducens,
735 3614 809 3668 ita
858 3615 989 3669 dicit
1038 3632 1051 3667 :
1106 3616 1219 3670 Hoc
1254 3634 1337 3671 ros
1373 3619 1721 3682 scandalizat,
1773 3623 1896 3692 quia

315 3704 430 3757 dixi
458 3717 487 3754 .:
532 3701 756 3758 Carnem
782 3722 952 3759 meum
987 3706 1054 3759 do
1077 3708 1216 3759 vobis
1248 3709 1589 3774 manducare,
1620 3723 1665 3763 et
1690 3712 1901 3782 sangui-

318 3812 435 3849 nem
467 3812 639 3849 meum
668 3797 837 3850 bibere
859 3798 884 3849 2
914 3797 971 3852 Si
1002 3815 1123 3867 ergo
1163 3800 1397 3852 videritis
1454 3800 1626 3868 [ilium
1673 3802 1898 3855 hominis

322 3892 680 3945 ascendentem
702 3891 789 3943 ubi
825 3903 933 3944 erat
958 3894 1147 3962 prius?
1173 3878 1355 3963 (Joan.
1386 3909 1461 3957 γι,
1491 3894 1582 3957 62,
1611 3895 1725 3966 63.)
1761 3896 1898 3961 Quid

322 3992 403 4037 est
426 3982 564 4037 hoc?
589 3982 724 4037 Ilinc
753 3983 912 4038 solvit
938 3987 1078 4053 quod
1108 3985 1226 4039 illus
1249 3995 1510 4050 IIItWCI‘al,
1538 3988 1661 4041 hinc
1688 3988 1902 4058 aperuit

324 4074 465 4129 unde
506 4073 724 4127 fuerant
770 4074 1141 4129 scandalizati.
1174 4077 1249 4129 Illi
1280 4078 1425 4130 enim
1471 4079 1733 4148 putabant
1776 4095 1899 4133 eum

319 4172 669 4233 erogaturum
696 4178 891 4234 corpus
913 4180 1067 4219 suum
1095 4182 1108 4219 :
1151 4166 1237 4220 ille
1268 4176 1446 4221 autem
1476 4170 1610 4223 dixit
1630 4186 1688 4225 sc
1719 4185 1905 4225 ascen-

320 4268 510 4308 surum
565 4254 619 4309 in
670 4255 865 4309 cadum
912 4257 1095 4326 utique
1134 4257 1399 4327 integrum
1449 4276 1465 4312 :
1511 4259 1641 4313 Cum
1673 4261 1903 4316 videritis

318 4343 494 4411 ﬁlium
545 4343 770 4397 hominis
814 4347 1171 4399 ascendentem
1206 4347 1290 4399 ubi
1314 4360 1423 4401 erat
1447 4350 1614 4418 prius.
1640 4348 1800 4405 Certe
1820 4350 1905 4405 vel

326 4444 455 4488 tunc
483 4434 758 4498 videbitis,
786 4436 910 4505 quia
942 4452 1045 4490 uon
1067 4452 1133 4490 eo
1155 4438 1312 4491 modo
1340 4452 1449 4507 quo
1484 4441 1689 4507 putatis
1717 4451 1907 4513 erogat

456 4612 704 4667 Videmus
738 4631 879 4684 ergo,
907 4624 1010 4669 etc.
1060 4613 1114 4667 Id
1144 4624 1227 4668 est
1259 4630 1363 4670 non
1401 4630 1468 4670 eo
1506 4617 1667 4671 modo
1699 4617 1906 4671 carnali

324 4701 436 4756 quo
492 4695 777 4739 sumuntur
824 4702 963 4739 esca:
1012 4685 1287 4740 ordinarie
1341 4686 1538 4755 quibus
1598 4687 1803 4741 utimur
1851 4698 1907 4743 et

328 4766 504 4826 90105:

394 4825 427 4865 ι
455 4824 585 4877 Iltrc
613 4835 785 4897 autem
814 4825 937 4878 dum
964 4841 1177 4897 corpore
1202 4824 1396 4880 Christi
1423 4825 1563 4897 quod
1594 4827 1647 4879 in
1674 4824 1909 4882 Ecclesia

323 4914 420 4963 per
448 4896 751 4964 mysterium
776 4897 979 4965 geritur
1002 4896 1107 4947 dici
1133 4912 1233 4948 non
1259 4896 1495 4965 possunt.
1538 4896 1591 4950 Id
1618 4907 1731 4959 est,
1763 4897 1815 4950 in
1843 4913 1909 4952 eo

330 4968 472 5032 quod
529 4968 769 5037 ext-rius
822 4965 1140 5037 exprimitur
1187 4977 1242 5019 et
1280 4968 1542 5037 sensibus
1594 4968 1900 5037 subjicitur.

331 5037 457 5090 Haec
504 5044 589 5089 est
637 5036 781 5088 enim
830 5052 983 5089 mens
1014 5034 1291 5090 llatramni
1341 5054 1439 5091 nec
1487 5037 1631 5090 aliud
1678 5034 1909 5106 probare

332 5107 513 5159 animo
540 5106 794 5168 intendit,
825 5116 882 5158 ut
916 5113 1060 5175 patet
1091 5121 1156 5175 ex
1189 5106 1272 5159 bis
1302 5108 1759 5174 consequentibus
1787 5124 1908 5162 ver-

334 5177 415 5230 bis
465 5175 629 5241 hujus
675 5176 884 5229 numeri
917 5174 1038 5228 ’84:
1086 5174 1201 5245 Dici
1242 5192 1343 5229 non
1377 5188 1592 5245 possunt
1625 5179 1909 5231 secundum

333 5247 608 5299 unemdum
658 5246 867 5298 modum
917 5262 1104 5314 corpus
1152 5243 1342 5299 Christi
1378 5243 1496 5298 esse
1545 5251 1911 5315 cognoscitur;

333 5330 381 5367 et
408 5317 594 5369 modus
622 5316 718 5368 iste
739 5318 793 5367 in
813 5316 982 5385 ﬁgura
1006 5325 1079 5369 est
1106 5327 1153 5369 et
1180 5316 1426 5385 imagine,
1448 5326 1504 5368 ut
1528 5321 1715 5369 veritas
1744 5320 1912 5386 reipsa

333 5387 611 5440 sentiatur.

406 5468 429 5496 ο
461 5454 667 5525 Pignus
693 5467 902 5525 teternte
927 5456 1042 5508 uitta
1064 5457 1345 5525 capientes,
1368 5464 1473 5509 etc.
1507 5455 1775 5525 Interpres
1795 5473 1917 5512 ver-

337 5524 582 5591 naculus,
620 5526 711 5595 qui
754 5525 832 5596 de
864 5524 1071 5596 Latinis
1113 5524 1227 5580 haec
1262 5527 1424 5596 verba
1453 5524 1665 5581 Gallice,
1698 5528 1917 5596 scripsit

338 5598 573 5651 deterius
607 5594 750 5651 anno
781 5595 956 5651 I672:
992 5594 1245 5651 Recevant
1277 5595 1324 5648 le
1350 5613 1478 5666 gage
1505 5599 1570 5649 de
1596 5596 1649 5649 la
1681 5599 1758 5651 cie
1784 5594 1920 5652 eter-

340 5668 491 5729 uelle,
516 5678 723 5737 nonste
750 5667 1016 5735 supplians
1045 5668 1109 5719 de
1137 5682 1267 5719 nosts
1296 5666 1428 5730 [nire
1452 5666 1503 5720 la
1532 5670 1682 5737 grtiae
1707 5669 1772 5721 de
1797 5684 1921 5737 par-

346 5738 519 5807 ticiper
564 5736 856 5791 réellcment
902 5740 932 5788 ἁ
984 5754 1038 5788 ce
1079 5752 1175 5805 que
1222 5750 1366 5790 notre
1411 5739 1552 5792 main
1597 5740 1755 5802 recoit
1798 5756 1922 5792 sons

1931 4539 1985 4598 1)

1997 3226 2139 3293 quod
2173 3225 2242 3277 sit
2269 3240 2427 3279 verus
2466 3224 2606 3279 Deus
2648 3235 2703 3279 et
2756 3240 2913 3279 verus
2950 3226 3110 3280 homo
3133 3243 3146 3280 :
3172 3227 3336 3290 Deus,
3375 3227 3466 3297 qui
3507 3241 3575 3283 es

2000 3318 2111 3370 Deo
2136 3316 2294 3369 Patre
2324 3325 2446 3370 ante
2474 3316 2669 3371 sarcula
2711 3326 2897 3380 natus;
2934 3318 3113 3381 homo,
3140 3319 3231 3387 qui
3267 3318 3318 3372 in
3342 3319 3455 3371 tline
3480 3331 3581 3370 sae-

1997 3410 2102 3464 culi
2128 3426 2193 3465 ex
2226 3409 2391 3464 Maria
2442 3410 2648 3479 virgine
2703 3410 2934 3480 genitus.
2989 3408 3017 3448 δ
3076 3409 3199 3463 Ilaec.
3234 3418 3411 3464 autem
3450 3408 3581 3464 dum

1999 3504 2065 3557 de
2104 3518 2332 3571 corpore
2357 3503 2555 3557 Christi
2584 3504 2726 3570 quod
2764 3502 2816 3554 in
2858 3500 3092 3555 Ecclesia
3138 3515 3233 3570 per
3262 3501 3580 3570 mysterium

1998 3596 2206 3668 geritur
2249 3596 2353 3648 dici
2392 3611 2499 3649 non
2542 3602 2786 3662 possunt,
2827 3594 3123 3646 secuudum
3151 3594 3435 3661 quemdam
3468 3606 3583 3645 mo-

2001 3690 2126 3741 dum
2156 3702 2349 3756 corpus
2372 3685 2570 3740 Christi
2602 3700 2720 3738 esse
2749 3686 3119 3753 eognmcitnr;
3159 3698 3215 3739 et
3254 3684 3443 3738 modus
3482 3685 3585 3740 ista

2002 3779 2055 3831 in
2112 3776 2280 3846 ﬁgura
2320 3785 2406 3829 est
2446 3784 2498 3826 et
2539 3774 2789 3845 imagine,
2840 3784 2909 3827 ut-
2938 3775 3140 3829 veritas
3188 3789 3273 3828 res
3311 3774 3424 3843 ipsa
3464 3790 3587 3829 sen-

2005 3872 2185 3924 tiatur.

2075 3983 2337 4039 LXXXV.
2371 3983 2426 4038 lu
2458 3984 2793 4038 orationibus
2829 3998 2949 4052 qua:
2980 3988 3101 4050 post
3126 3978 3445 4049 mysterium
3469 3993 3609 4035 cor-7

2006 4081 2152 4149 poris
2179 4079 2566 4148 sanguinisque
2593 4076 2791 4132 Christi
2817 4076 3088 4138 dicuntur,
3125 4082 3181 4128 et
3212 4089 3242 4127 a
3286 4071 3481 4143 popqu
3509 4086 3592 4126 ro-

2008 4170 2339 4239 spondetur,
2394 4169 2602 4232 Amen;
2663 4168 2743 4221 sic
2804 4164 3099 4220 sacerdotis
3151 4179 3283 4218 voce
3334 4162 3532 4218 dicitur
3577 4180 3589 4213 :

2011 4272 2033 4299 ο
2079 4258 2279 4330 Pignus
2310 4271 2518 4315 teternte
2572 4259 2689 4313 vita:
2719 4259 3000 4326 capientes,
3030 4254 3295 4309 humiliter
3343 4250 3594 4323 implora-

2008 4368 2125 4406 mus
2153 4362 2208 4404 ut
2237 4351 2374 4420 quod
2401 4351 2456 4403 in
2485 4351 2714 4420 imagine
2735 4348 3083 4416 contingimus
3110 4345 3445 4407 sacramenti,
3475 4360 3594 4396 ma~

2013 4442 2203 4511 nifesta
2229 4442 2629 4514 participatione
2650 4458 2941 4495 sumamus.

2010 4614 2217 4684 l‘image
2246 4614 2319 4668 du
2348 4624 2656 4669 sacrement.
2704 4613 2903 4669 PIGNL’S
2934 4624 3143 4668 trterna:
3170 4615 3288 4667 uiue
3313 4613 3595 4681 capientes,

2011 4683 2366 4755 supplicamus
2401 4695 2456 4738 ut
2493 4701 2555 4738 ea
2593 4685 2768 4754 gratia
2798 4703 2891 4737 nos
2919 4685 3110 4738 donari
3136 4683 3261 4737 velis
3292 4700 3396 4753 qua
3423 4684 3594 4755 partis

2010 4753 2239 4824 cipemus
2278 4770 2545 4809 REALITER
2578 4753 2641 4808 ea
2678 4771 2796 4824 qua:
2828 4755 3004 4821 recipit
3046 4768 3233 4824 manus
3279 4761 3457 4824 nostra
3499 4753 3596 4805 sub

2012 4822 2239 4893 imagine
2269 4826 2605 4878 sacramenti.
2657 4822 3017 4893 Quamobrem
3049 4822 3324 4890 appellans
3353 4822 3594 4893 animum

2014 4904 2071 4947 ut
2096 4896 2197 4948 boc
2219 4894 2534 4948 vocabulum
2558 4893 2835 4959 manifesta
2856 4892 3173 4960 explicaret.
3197 4892 3404 4946 addidit
3428 4907 3594 4961 supra

2014 4964 2335 5018 asteriscnm
2365 4974 2421 5018 et
2446 4978 2477 5017 e
2509 4964 2727 5033 regione
2757 4964 2808 5016 iu
2841 4963 3083 5029 margine
3111 4961 3232 5016 libri
3275 4963 3412 5015 banc
3443 4972 3604 5033 uotu-

2015 5033 2118 5087 lam
2137 5076 2151 5097 ,
2183 5036 2235 5087 id
2262 5044 2335 5088 est
2366 5031 2593 5087 realitcri
2642 5035 2753 5101 Ego
2781 5047 2908 5086 vero
2938 5032 3168 5086 defendo
3196 5034 3334 5087 banc
3363 5046 3483 5086 esse
3513 5031 3599 5085 di-

2014 5104 2244 5162 lucidam
2295 5114 2474 5160 textus
2523 5103 2678 5171 hujus
2718 5102 2979 5155 orationis
3018 5102 3381 5171 corruptelam
3434 5117 3597 5169 quam

2016 5176 2253 5244 prodidit
2279 5190 2345 5229 eo
2377 5176 2477 5228 loci
2507 5174 2856 5229 Ratramnns.

2091 5247 2143 5299 1ο
2178 5246 2314 5312 Quia
2347 5244 2494 5300 nullo
2519 5255 2603 5299 est
2632 5244 2969 5311 antiquitatis
2997 5242 3276 5298 codicibus
3326 5241 3602 5311 exscripto

2018 5332 2269 5371 seriuoue
2298 5316 2561 5370 vindicari
2598 5323 2775 5384 potest
2810 5314 2949 5384 bane
2981 5327 3167 5368 vocem
3196 5314 3480 5384 manifesta
3508 5326 3601 5364 asc

2019 5396 2287 5455 sittuptam
2326 5401 2431 5440 non
2460 5383 2623 5439 fuisse
2669 5387 2735 5439 ad
2779 5383 3187 5450 signiﬁcandam
3214 5383 3413 5455 claram
3445 5391 3604 5451 pate—-

2021 5452 2309 5527 facti—onem
2366 5470 2459 5510 seu
2511 5464 2755 5527 apertam
2806 5456 3173 5523 cognitionem
3230 5452 3605 5521 cujuscunque

2018 5525 2237 5581 obiecti.

2085 5542 2313 5668 ξιξερο
2338 5596 2514 5650 oratio
2543 5597 2813 5668 exscripta
2849 5604 2933 5668 est
2965 5609 3033 5649 ex
3069 5592 3254 5649 codice
3282 5590 3605 5668 Sat-xamen:

2023 5668 2161 5722 tario
2191 5666 2368 5721 Gelasi
2399 5683 2568 5737 ῃεψειι.
2603 5668 2695 5722 lib.
2710 5657 2882 5739 iit,_ad.
2899 5664 3456 5739 posthmmuniouem
3480 5657 3603 5713 festi

2024 5750 2230 5794 octava:
2265 5732 2628 5806 aposiolurum
2659 5738 2758 5792 SS.
2790 5732 2934 5791 Patri
2975 5744 3028 5792 et
3067 5732 3248 5799 Pauli:
3285 5747 3443 5794 auem
3469 5744 3605 5801 pau—
3642 5790 3647 5793 δ
