4088 6344
525 355 628 410 167

1496 395 1500 400 .
1556 343 1920 403 ’ΒᾹΤΒΑΜΝΙ
1960 344 2408 401 CORBEIENSIS
2447 342 2751 399 MONACIII

3697 346 3801 400 468

604 464 758 521 XCII.
801 463 1008 532 Quibus
1052 462 1231 523 dictis,
1282 468 1484 529 quanta
1533 458 1834 515 differentia
1870 459 1939 513 sit
1968 459 2110 512 inter

2216 456 2473 525 poralem;
2492 455 2635 525 quod
2652 454 3237 526 intelligiturJructum
3262 459 3425 514 habet
3438 458 3796 530 spiritualem.

524 563 729 626 torpus
771 555 823 608 in
872 568 981 622 quo
1030 566 1221 621 passus
1262 558 1347 607 est
1395 548 1665 612 Christus,
1696 558 1752 603 et
1788 547 1890 603 hoc
1918 562 2114 616 corpus

526 648 674 719 quod
696 661 797 716 pro
822 643 938 713 ejus
963 642 1231 713 Passionis
1252 640 1767 695 commemoratione
1786 639 1899 694 sive
1922 638 2115 692 mortis

531 740 644 803 sit,
694 734 1093 791 cvideutissimc
1153 731 1464 785 declaravit.
1530 730 1663 784 Illud
1710 745 1939 798 namque
1982 744 2110 799 pro-

530 833 704 900 prium
745 840 798 883 et
841 842 1047 887 verum,
1101 824 1233 878 nihil
1274 824 1478 878 habens
1516 823 1569 876 in
1612 839 1671 876 se
1712 822 1791 877 vel
1826 822 2110 892 mysticum

531 923 615 978 vel
662 922 982 989 ﬁguratum;
1024 917 1129 971 hoc
1177 931 1306 971 vero
1353 914 1673 986 mysticum;
1707 914 1849 967 aliud
1874 913 2113 967 exterius

529 1028 625 1084 per
662 1012 885 1082 ﬁguram
940 1017 1247 1069 ostentans,
1303 1006 1446 1059 aliud
1494 1005 1724 1059 interius
1765 1018 1863 1073 per
1898 1002 2110 1058 intelle-

528 1118 673 1162 (tum
712 1103 833 1158 lidci
883 1110 1301 1172 reprtesentans.
1354 1097 1514 1179 (Vide
1561 1114 1702 1151 num.
1749 1098 1864 1167 9i.)

597 1195 775 1252 XCIII.
823 1194 1093 1248 Pouamus
1121 1192 1296 1245 adhuc
1325 1206 1488 1245 unum
1515 1188 1692 1244 Patris
1714 1188 1997 1258 Augustini
2029 1196 2109 1242 te-

526 1288 836 1342 stimonium
869 1326 883 1349 ,
940 1284 1081 1355 quod
1145 1291 1200 1338 et
1263 1283 1529 1337 dictorum
1590 1282 1748 1335 [idem
1804 1289 2111 1334 nostrorum

527 1387 740 1433 sstruat
786 1385 841 1432 et
885 1374 1154 1429 sermonis
1194 1372 1490 1441 marginem
1532 1380 1718 1442 ponat.
1768 1371 1825 1425 lu
1864 1384 2112 1425 sermone

526 1483 686 1539 quem
737 1465 868 1523 fecit
912 1466 979 1520 ad
1027 1464 1281 1535 populum
1329 1465 1395 1518 de
1438 1462 1794 1518 Sacramenta
1822 1461 2005 1517 altaris
2032 1462 2112 1517 sic

527 1558 649 1613 iniit
679 1575 692 1611 :
726 1576 745 1609 ι
781 1557 894 1612 Hoc
925 1556 1067 1625 quod
1101 1555 1292 1609 videtis
1324 1554 1378 1607 in
1406 1554 1564 1608 altari
1604 1552 1719 1614 Dei.
1765 1551 1878 1622 jam
1931 1561 2110 1607 trans-

525 1662 647 1706 acta
688 1661 848 1706 nocte
888 1650 1130 1714 vidistis;
1159 1649 1252 1704 sed
1289 1649 1415 1718 quid
1444 1656 1605 1711 esset,
1640 1648 1767 1718 quid
1802 1648 1902 1702 sibi
1929 1647 2108 1712 vellet,

523 1758 685 1815 quam
719 1759 925 1815 magna:
963 1744 1038 1799 rei
1069 1752 1467 1800 sacramentum
1498 1742 1796 1797 contineret
1824 1782 1841 1808 ,
1873 1744 2109 1797 nondqu

524 1836 825 1891 audivistis.
884 1836 1038 1902 Quod
1088 1850 1218 1906 ergo
1260 1836 1478 1901 videtis,
1521 1836 1676 1905 panis
1715 1845 1800 1890 est
1845 1846 1900 1891 et
1944 1836 2108 1901 calix,

525 1929 669 1998 quod
700 1929 852 1984 vobis
886 1930 1048 1983 etiam
1078 1929 1218 1983 oculi
1258 1929 1422 1984 vestri
1456 1929 1783 1983 renuntiant.
1833 1928 1987 1995 Quod
2014 1945 2109 1981 au-

526 2029 632 2072 tem
678 2017 809 2072 ﬁdes
839 2029 1016 2073 vestra
1060 2018 1292 2087 postulat
1322 2018 1655 2080 instruenda,
1688 2018 1841 2087 panis
1873 2028 1956 2072 est
1985 2034 2109 2073 cor-

524 2126 626 2182 pus
653 2111 882 2175 Christi,
916 2112 1055 2165 ealix
1090 2120 1174 2165 est
1198 2112 1419 2181 sanguis
1449 2111 1671 2166 Christi.
1716 2111 1961 2167 Breviter
1991 2111 2109 2182 qui-

525 2201 646 2257 dem
680 2201 783 2257 hoc
809 2202 1007 2256 dictum
1037 2210 1142 2262 est.
1186 2202 1327 2270 quod
1376 2202 1496 2255 ﬁdei
1545 2202 1681 2255 forte
1721 2201 1977 2269 suﬂit-iat;
2015 2203 2110 2257 sed

524 2290 659 2347 ﬁdes
688 2292 1095 2346 instructionem
1129 2292 1417 2346 desiderat.
1460 2293 1597 2348 Dicit
1632 2295 1776 2347 enim
1809 2296 2105 2363 propheta:

528 2383 649 2439 Nisi
677 2386 1020 2448 credideritis,
1045 2402 1146 2438 non
1172 2385 1469 2455 intelligetis
1494 2385 1628 2453 (Isti.
1659 2388 1847 2453 vu,9).
1878 2386 2110 2440 Potestis

523 2489 655 2545 ergo
697 2472 879 2529 dicere
915 2474 1045 2529 mihi
1078 2474 1424 2545 :Praecepisti
1456 2484 1514 2528 ut
1554 2478 1859 2540 credamus,
1904 2491 2111 2546 expone

525 2572 586 2618 ut
618 2564 999 2634 intelligamus.
1053 2563 1240 2620 Potest
1282 2567 1426 2619 enim
1468 2566 1649 2619 animo
1697 2566 1994 2637 cujuspiam
2020 2583 2111 2622 co-

525 2657 719 2727 gitatio
760 2658 881 2713 talis
914 2658 1117 2713 oboriri
1154 2676 1166 2712 :
1196 2658 1453 2714 Dominus
1478 2668 1664 2714 noster
1686 2658 1841 2715 Jesus
1861 2659 2110 2716 Christus

526 2749 777 2806 novimus
803 2752 943 2805 unde
972 2752 1243 2822 acceperit
1279 2767 1524 2817 carnem,
1550 2751 1619 2807 de
1666 2752 1875 2824 virgine
1907 2754 2113 2810 scilicet

527 2841 734 2909 Maria;
760 2842 942 2899 infans
973 2844 1204 2900 laetatus
1228 2854 1345 2909 est,
1376 2846 1610 2901 nutritus
1652 2856 1764 2911 est,
1810 2849 1998 2912 crevit,
2043 2849 2110 2903 ad

523 2929 815 3003 juvenilem
843 2944 1057 2991 :etatem
1084 2936 1379 3005 perductus
1404 2945 1506 3001 Col,
1548 2952 1578 2990 a
1626 2937 1824 2992 Iudaeis
1861 2954 2111 3008 persecu-

529 3025 728 3081 tionem
772 3042 966 3096 passus
1006 3037 1106 3091 est,
1152 3027 1296 3098 ligno
1336 3042 1633 3098 suspensus
1660 3040 1763 3093 est,
1794 3030 2111 3085 interfectus

528 3125 631 3181 est,
661 3120 725 3171 de
757 3116 898 3185 ligno
926 3117 1198 3187 depositus
1236 3127 1340 3181 est,
1383 3118 1623 3186 sepultus
1667 3128 1770 3182 est,
1820 3119 1980 3173 tertio
2025 3120 2110 3173 die

530 3210 860 3275 resurrexit;
908 3226 1014 3279 quo
1043 3209 1129 3263 die
1158 3209 1346 3272 voluit,
1373 3209 1425 3263 in
1460 3209 1656 3264 cmlum
1685 3211 1955 3276 ascendit;
1991 3210 2115 3265 illuc

530 3297 728 3352 levavit
749 3314 946 3369 corpus
972 3315 1159 3364 suum;
1198 3299 1323 3353 inde
1348 3309 1608 3353 venturus
1636 3308 1719 3354 est
1759 3300 2005 3368 judicare
2039 3301 2117 3354 vi-

534 3406 632 3443 vos
658 3399 712 3444 et
743 3398 1011 3454 mortuos;
1047 3390 1118 3443 ibi
1166 3398 1248 3444 est
1292 3391 1451 3443 modo
1496 3391 1689 3443 sedens
1737 3392 1802 3443 ad
1839 3392 2115 3445 dexteram

531 3479 731 3535 Patris.
749 3480 1029 3547 Quomodo
1046 3480 1202 3549 panis
1226 3495 1423 3549 corpus
1447 3478 1605 3547 ejus?
1631 3480 1856 3545 etcalix,
1874 3481 1953 3535 vel
1977 3484 2118 3550 quod

532 3570 695 3627 habet
723 3571 886 3635 calix,
910 3572 1179 3640 quomodo
1213 3572 1332 3641 ejus
1356 3582 1439 3626 est
1465 3574 1725 3641 sanguis?
1752 3573 1875 3637 Ista,
1901 3574 2112 3636 fratres.

532 3661 656 3717 ideo
677 3664 928 3717 dicuntur
948 3672 1311 3725 sacramenta,
1338 3663 1463 3731 quia
1494 3664 1545 3716 in
1568 3664 1647 3717 eis
1666 3663 1813 3717 aliud
1838 3666 2045 3719 videtur
2065 3676 2120 3720 et

533 3754 676 3810 aliud
718 3755 1035 3823 intelligitur
1065 3771 1078 3810 :
1112 3756 1253 3823 quod
1285 3754 1519 3818 videtur,
1550 3756 1782 3825 speciem
1810 3756 1972 3811 habet
2006 3774 2120 3812 eor-

532 3909 915 3983 sentcirimorte
955 3925 1072 3962 mea
1093 3908 1305 3963 libertas
1331 3908 1554 3983 civitatis
1573 3921 1761 3983 pofest.
1790 3911 1903 3965 Non
1928 3914 1980 3966 in
2004 3916 2121 3969 aui-

532 3996 622 4034 mo
664 3979 852 4034 habuit
882 3988 1111 4053 mortem
1154 3995 1305 4033 suam
1345 3980 1460 4034 fore
1502 3979 1798 4049 simplicem
1833 3982 2118 4053 imaginem

530 4061 625 4120 aut
656 4049 1183 4120 repraesentatiouem
1218 4065 1441 4104 vacuam
1475 4059 1530 4104 et
1572 4061 1844 4105 Carentem
1872 4049 2120 4110 libertate

533 4117 798 4183 Bouiania,
831 4119 924 4172 sed
952 4135 979 4171 a
1004 4134 1100 4172 sua
1133 4129 1306 4174 morte
1333 4132 1385 4176 et
1409 4137 1535 4175 casu
1568 4121 1858 4176 eliicaciter
1894 4134 1951 4178 et
1996 4141 2120 4180 vere

532 4191 844 4261 restitutum
869 4190 955 4243 iri.
974 4188 1079 4243 Nec
1104 4190 1329 4244 inliciari
1359 4192 1478 4260 quis
1499 4201 1679 4261 potest
1702 4194 1844 4246 hunc
1861 4208 1980 4248 esse
2001 4212 2121 4249 sen-

532 4273 651 4332 sum
698 4258 975 4332 Ratramni
1022 4261 1342 4332 genuinum;
1374 4258 1592 4315 cum'ex
1632 4263 1857 4319 adverso
1885 4275 1936 4317 et
1965 4281 1995 4320 e
2038 4282 2122 4321 re-

529 4330 690 4399 gione
716 4330 874 4402 hujus
899 4330 1167 4398 participii
1196 4341 1465 4385 ostentans
1496 4347 1562 4385 eo
1593 4346 1970 4402 reprtrsentans
1996 4347 2111 4390 uta-

536 4409 642 4475 tur,
672 4401 814 4475 quod
848 4400 1031 4475 ligni-ge
1054 4403 1427 4475 characterem
1456 4400 1731 4475 exprimit,
1769 4419 1888 4471 quae
1918 4406 2122 4475 simpli-

531 4468 1273 4545 citer'lormatimaginem
1333 4482 1389 4527 et
1443 4468 1575 4526 nihil
1631 4468 1820 4528 revera
1879 4468 2117 4545 prmsens

532 4537 825 4594 eﬂicaciter
855 4540 1045 4593 reddit.

606 4624 629 4651 ι
660 4610 897 4685 Interius
920 4611 1201 4685 veroquod
1228 4610 1535 4685 intelligitur
1560 4612 1791 4685 fructum
1826 4614 1976 4667 habet
2012 4617 2117 4685 spi-

536 4680 778 4752 ritualent
807 4680 897 4749 qui
920 4679 1144 4752 uiuiﬁcat
1183 4679 1435 4734 animant.
1457 4679 1585 4752 son
1612 4686 1753 4752 quod
1782 4684 2009 4739 interius
2038 4679 2117 4740 in-

534 4750 792 4832 telligitur
820 4750 1200 4832 esse't'i'uctum
1226 4750 1687 4832 spirittlalem,sed
1707 4755 1935 4832 fructum
1964 4758 2116 4811 lmbet

534 4819 876 4894 spiritualetn.
921 4819 1052 4894 Nam
1079 4834 1275 4894 corpus
1313 4821 1548 4894 Christi,
1573 4819 1720 4894 quod
1760 4840 1941 4878 revera
1977 4842 2114 4894 pne-

534 4904 660 4960 sens
679 4899 762 4943 est
785 4889 885 4943 sub
901 4888 1040 4960 velis
1060 4892 1304 4958 corporis
1330 4888 1885 4960 seusilnis'subjectis,
1912 4888 2117 4950 scilicet

534 4958 688 5034 panis
715 4967 771 5010 et
802 4959 913 5012 vini
941 4960 1241 5034 speciebus,
1276 4976 1381 5034 non
1427 4961 1523 5034 alit
1571 4958 1803 5016 auiniam
1850 4980 1944 5034 per
1984 4981 2111 5018 eou-

534 5027 838 5081 versionem
896 5044 1005 5081 sua:
1062 5029 1374 5084 substantiae
1423 5032 1560 5085 sicut
1616 5042 1809 5086 caztera
1850 5027 2110 5089 alimenta

531 5095 817 5177 ordinaria
840 5111 1065 5177 corpora
1112 5110 1296 5153 nostra
1343 5110 1662 5177 sustentant,
1696 5104 1787 5155 sed
1821 5118 1915 5177 per
1946 5106 2111 5177 virtu-

535 5177 643 5240 tem
664 5166 819 5240 Yerbi
846 5166 1007 5240 divini
1031 5179 1372 5240 aggregatam
1394 5174 1690 5240 gratiarum
1713 5166 2114 5227 accessionibus

534 5235 760 5311 inﬁnitis
782 5236 1039 5300 cumulat,
1069 5235 1123 5291 ei
1151 5235 1512 5311 innocentiam
1536 5242 1740 5304 fovens,
1769 5254 2110 5311 peccatorum

535 5307 904 5376 remissionem
928 5316 1147 5376 praestat
1174 5320 1227 5363 et
1257 5309 1473 5363 format.

610 5376 635 5414 δ
660 5375 773 5429 Hoc
796 5375 981 5450 nutent
1008 5378 1147 5450 quod
1178 5396 1334 5449 supra
1378 5396 1605 5434 mensam
1653 5380 1858 5434 Domini
1884 5385 2107 5450 positum

535 5454 631 5505 est,
657 5455 759 5522 etc.
795 5447 1176 5522 ldcnrrepetit
1215 5447 1360 5501 num.
1392 5452 1460 5504 98
1494 5468 1506 5502 :
1540 5452 1602 5522 At
1645 5452 1697 5502 in
1737 5452 1837 5504 isto
1858 5447 1998 5521 quod
2020 5469 2112 5522 per

536 5516 836 5591 mysterium
857 5520 1075 5586 geritur,
1103 5518 1271 5591 ﬁgura
1293 5528 1377 5591 est
1393 5535 1493 5591 non
1517 5518 1682 5591 solum
1708 5516 1905 5591 proprii
1928 5516 2110 5591 corpo-

536 5586 608 5660 ris
634 5584 1047 5660 Christ_i,'tferum
1076 5586 1232 5639 etiam
1259 5587 1513 5660 credentis
1543 5592 1594 5641 in
1617 5584 1880 5642 Christum
1906 5584 2104 5660 populi.

538 5651 651 5727 Non
681 5657 777 5718 ait,
802 5657 853 5708 in
879 5657 976 5708 hoc
1001 5670 1226 5723 corpore
1249 5657 1388 5723 quod
1417 5672 1511 5725 per
1539 5662 1851 5727 mysterium
1882 5651 2111 5714 habetur

536 5724 703 5778 solam
732 5741 852 5779 esse
883 5728 1106 5792 ligurum
1136 5726 1334 5795 proprii
1365 5724 1607 5797 corporis
1632 5726 1861 5792 Christi,
1895 5744 1998 5783 non
2026 5746 2108 5784 se-

2143 4514 2193 4573 Ι)

2291 544 2469 600 XCIV.
2529 546 2632 599 lsta
2684 547 3006 603 venerabilis
3032 560 3223 604 auctor
3247 550 3429 606 dicens
3455 550 3672 607 instruit
3698 568 3800 608 nos

2217 635 2345 704 quid
2366 635 2431 689 de
2468 637 2683 706 proprio
2718 653 2945 707 corpore
2974 638 3207 704 Domini,
3240 642 3385 712 quod
3414 642 3481 698 de
3508 641 3679 698 Maria
3702 660 3800 699 na-

2219 735 2353 790 tum,
2379 736 2432 780 et
2463 745 2604 782 nunc
2648 729 2713 783 ad
2756 730 3030 784 dexteram
3061 730 3237 786 Patris
3267 734 3438 796 sedet,
3486 744 3543 789 et
3584 735 3641 789 in
3689 752 3800 806 quo

2217 829 2476 873 venturus
2498 820 2742 889 judicare
2781 822 2929 875 vivos
2956 833 3012 877 et
3041 833 3309 888 mortuos;
3343 836 3397 879 et
3435 827 3562 894 quid
3590 828 3659 881 de
3692 829 3800 883 isto

2213 912 2358 980 quod
2397 928 2560 982 super
2612 912 2785 968 altare
2830 916 3050 983 ponitur
3088 925 3142 970 et
3179 912 3376 987 populo
3422 918 3798 991 participa'tur.

2214 1005 2419 1059 sentire
2464 1006 2778 1061 debeamus.
2822 1006 2956 1061 Illud
3007 1006 3272 1077 integrum
3320 1019 3421 1073 est,
3472 1026 3647 1081 neque
3688 1012 3798 1066 ulla

2214 1095 2455 1150 sectione
2498 1097 2771 1158 dividitur,
2810 1112 2910 1152 nec
2960 1098 3083 1152 ullis
3122 1100 3306 1168 ﬁguris
3348 1100 3630 1156 obvelatur
3654 1120 3669 1155 :
3696 1103 3801 1157 hoc

2214 1201 2345 1243 vero
2373 1188 2515 1256 quod
2556 1204 2719 1257 supra
2759 1204 3004 1243 mensam
3035 1189 3246 1245 Domini
3276 1194 3602 1256 continetur,
3635 1202 3689 1248 et
3737 1194 3804 1247 ti-

2212 1294 2346 1350 gura
2372 1288 2475 1343 est,
2501 1280 2626 1349 quia
2656 1290 3054 1335 sacramentum
3094 1292 3217 1347 est;
3267 1291 3324 1337 et
3372 1278 3611 1338 exterius
3650 1287 3798 1354 quod

2213 1371 2445 1437 videtur,
2476 1372 2710 1441 speciem
2745 1373 2903 1428 habet
2928 1389 3245 1442 corpoream
3286 1392 3406 1445 qua:
3453 1379 3628 1444 pascit
3668 1393 3796 1432 cor-

2212 1479 2315 1533 pus
2342 1481 2355 1518 :
2409 1476 2435 1504 ιι
2472 1465 2698 1518 interius
2735 1480 2863 1519 vero
2884 1466 3028 1534 quod
3056 1466 3392 1536 intelligitur,
3424 1467 3658 1522 fructum
3694 1469 3797 1522 ba-

2214 1554 2307 1609 bet
2341 1554 2673 1624 spiritualem
2703 1556 2793 1624 qui
2823 1555 3059 1609 viviﬁcat
3081 1556 3339 1609 animam.

2287 1643 2444 1700 XCV.
2508 1645 2575 1698 Et
2609 1645 2675 1699 de
2700 1646 2803 1700 hoc
2835 1646 3062 1716 mystico
3091 1662 3315 1715 corpore
3343 1648 3527 1701 volens
3556 1652 3803 1718 apertius

2214 1745 2270 1789 et
2314 1734 2651 1790 manifestius
2710 1735 2887 1805 loqui,
2937 1737 3017 1791 sic
3056 1737 3186 1791 dicit
3238 1738 3289 1790 in
3341 1742 3803 1807 consequentibus

2216 1831 2404 1900 (Ibid,
2430 1832 2483 1886 in
2505 1831 2637 1895 fine;
2664 1830 2811 1901 epist.
2838 1830 2896 1886 S.
2925 1830 3194 1901 Fulgentii
3214 1834 3285 1884 att
3308 1831 3651 1887 Fernandum
3676 1837 3800 1890 dia-

2209 1924 2420 1995 conum)
2456 1941 2470 1977 :
2507 1944 2523 1973 t
2554 1923 2760 1993 Corpus
2788 1939 2919 1995 ergo
2956 1921 3156 1978 Christi
3194 1926 3239 1977 si
3271 1924 3432 1979 vultis
3473 1926 3803 1997 intelligere,

2211 2014 2522 2086 Apostolum
2553 2016 2736 2069 audite
2761 2015 3024 2069 dicentem
3051 2032 3065 2069 :
3108 2013 3211 2069 Vos
3239 2016 3360 2069 estis
3386 2034 3573 2085 corpus
3601 2017 3803 2074 Christi

2210 2117 2257 2161 et
2300 2106 2529 2159 membra
2568 2104 2619 2176 (Ι
2671 2103 2793 2159 Cor.
2826 2121 2920 2166 xu,
2952 2105 3075 2175 97);
3122 2106 3437 2175 mysterium
3469 2117 3707 2162 vestrum
3745 2111 3800 2163 in

2213 2213 2396 2253 mensa
2425 2197 2634 2251 Domini
2676 2197 2910 2265 positum
2954 2206 3057 2256 est.
3101 2196 3413 2264 mysterium
3442 2206 3681 2252 vostrum
3709 2214 3802 2253 ac—

2212 2290 2409 2358 cipitis.
2461 2289 2541 2342 Ad
2570 2288 2621 2340 id
2660 2288 2799 2355 quod
2834 2288 2997 2349 estis,
3029 2289 3192 2339 Amen
3224 2289 3596 2356 restioudetis;
3629 2301 3679 2344 ct
3708 2308 3801 2347 re-

2212 2378 2525 2449 spondendo
2553 2377 2911 2431 subscribitis.
2971 2377 3139 2431 Audis
3170 2392 3319 2447 ergo,
3346 2375 3546 2445 Corpus
3577 2376 3799 2436 Christi.

2211 2481 2267 2525 et
2292 2468 2644 2541 respondens,
2672 2468 2857 2529 Amen,
2885 2477 3002 2522 esto
3036 2468 3340 2521 membrum
3372 2469 3612 2535 corporis
3638 2469 3803 2543 Chri-

2213 2563 2301 2628 sti,
2326 2571 2386 2617 ut
2410 2577 2599 2617 verum
2628 2561 2699 2615 sit
2732 2560 2917 2615 Amen.
2955 2558 3133 2626 Quare
3170 2574 3300 2629 ergo
3342 2560 3394 2614 in
3436 2560 3613 2629 pane?
3655 2560 3805 2616 Nihil

2212 2661 2301 2715 hic
2321 2661 2386 2714 de
2412 2667 2597 2714 nostro
2626 2655 2945 2720 all‘eramus;
2983 2656 3154 2724 ipsum
3186 2654 3501 2724 Apostolum
3529 2656 3803 2711 dicentem

2212 2753 2515 2815 audiamus,
2563 2765 2685 2805 cum
2716 2749 2781 2803 de
2812 2748 2914 2801 isto
2940 2758 3282 2802 sacramento
3310 2747 3640 2817 loqueretur,
3672 2748 3754 2803 ait
3784 2762 3799 2799 :

2216 2843 2367 2898 Unus
2396 2842 2582 2911 panis,
2635 2855 2798 2892 unum
2832 2854 3017 2907 corpus
3052 2836 3205 2890 multi
3257 2853 3437 2891 sumus
3485 2838 3538 2891 in
3581 2836 3805 2893 Christo

2215 2935 2262 3003 (Ι
2317 2934 2440 2989 Cor.
2488 2949 2545 2996 x,
2597 2932 2707 2998 l7),
2742 2951 2760 2982 ›
2816 2938 2871 2984 et
2911 2929 3137 2999 reliqua.

2284 3023 2467 3079 XCVI.
2503 3021 2735 3076 Sanctus
2761 3019 3091 3089 Augustinus
3116 3019 3249 3074 satis
3280 3034 3378 3074 nos
3409 3020 3627 3075 instruit
3653 3020 3805 3091 quod

2215 3114 2356 3168 sicut
2412 3113 2464 3167 in
2521 3126 2659 3182 pane
2713 3125 2877 3179 super
2927 3108 3098 3162 altare
3145 3110 3376 3178 positum
3423 3126 3617 3179 corpus
3646 3111 3808 3167 Chri-

2218 3210 2286 3265 sti
2338 3209 2622 3279 signatur,
2671 3206 2751 3261 sic
2782 3207 2946 3261 etiam
2997 3214 3053 3260 et
3097 3220 3292 3273 corpus
3344 3202 3656 3272 accipientis
3705 3218 3808 3273 po.

2216 3303 2362 3373 puli,
2418 3311 2479 3357 ut
2527 3301 2805 3355 evidenter
2854 3300 3104 3354 ostendat
3155 3298 3297 3367 quod
3351 3313 3546 3365 corpus
3598 3296 3809 3351 Christi

2216 3394 2489 3464 proprium
2533 3391 2659 3446 illud
2694 3391 2910 3453 cxistat,
2945 3391 2995 3443 in
3031 3403 3137 3459 quo
3172 3387 3420 3445 Iactatus.
3456 3387 3507 3440 iu
3540 3401 3648 3455 quo
3672 3401 3809 3456 pas-

2218 3501 2333 3549 sus,
2362 3485 2413 3538 in
2440 3498 2546 3555 quo
2580 3491 2848 3545 mortuus,
2886 3481 2937 3535 in
2971 3496 3078 3549 quo
3108 3479 3365 3550 sepultus,
3400 3479 3451 3532 in
3483 3492 3591 3548 quo
3620 3493 3807 3533 resur-

2219 3576 2381 3639 rexit,
2413 3574 2467 3628 in
2491 3588 2598 3643 quo
2622 3573 2790 3628 caelos
2815 3572 3080 3636 ascendit,
3106 3572 3158 3625 in
3187 3585 3293 3640 quo
3319 3570 3493 3624 Patris
3521 3570 3587 3624 ad
3615 3570 3811 3625 dexte—

2220 3683 2333 3720 ram
2370 3666 2549 3729 sedet;
2596 3665 2648 3718 in
2689 3680 2797 3733 quo
2825 3672 3083 3718 venturus
3108 3672 3193 3716 est
3218 3662 3283 3715 ad
3305 3661 3591 3732 judicium.
3629 3662 3655 3700 δ
3688 3658 3810 3714 Hoc

2218 3769 2396 3811 autem
2428 3756 2570 3826 quod
2606 3770 2766 3825 supra
2798 3768 3039 3808 mensam
3071 3752 3403 3808 Dominicam
3435 3752 3666 3824 positum
3692 3763 3807 3815 est.

2218 3928 2315 3969 cus
2359 3928 2433 3995 ac.
2466 3912 2691 3997 ﬁguram
2720 3907 3487 3997 solitariamnpopuli‘ﬁdelis;
3503 3910 3597 3965 sed
3625 3909 3807 3967 solum

2221 3983 2468 4054 corporis
2494 3981 2693 4038 Christi
2720 3994 2773 4054 et
2804 3982 2981 4053 populi
3018 3981 3191 4037 ﬁdelis
3222 3983 3448 4054 ligurum
3477 3983 3804 4054 incurrere:

2217 4065 2273 4109 et
2316 4049 2416 4109 hoc
2461 4054 2595 4107 satis
2626 4061 2711 4107 cst
2739 4049 3034 4106 liatramno
3074 4062 3133 4106 ut
3179 4049 3321 4120 quod
3364 4052 3544 4105 animo
3577 4049 3811 4106 intendit

2218 4125 2573 4194 comprobare
2607 4124 2777 4193 possit
2804 4140 2832 4194 εγ
2851 4125 3056 4177 seiticet
3086 4124 3432 4194 totutn_quotl
3462 4121 3513 4174 iu
3545 4121 3809 4191 mysterio

2217 4206 2322 4257 est,
2345 4192 2459 4248 non
2485 4192 2693 4249 essent
2718 4193 2889 4248 oculis
2922 4194 3120 4247 nostris
3150 4192 3435 4259 subjicitur
3470 4202 3525 4246 et
3555 4200 3805 4259 apparet,

2220 4268 2311 4320 sed
2339 4265 2559 4333 insuper
2584 4264 2817 4333 aliquam
2847 4264 3209 4332 superimponi
3251 4264 3476 4332 ligurum
3502 4271 3569 4333 et
3585 4276 3812 4331 expres-

2220 4351 2333 4389 sam
2378 4332 2685 4405 imaginem.
2735 4333 3141 4405 Interimuvero
3186 4349 3307 4386 eum
3346 4332 3811 4405 animadverterit

2222 4407 2317 4460 hos
2356 4401 2567 4459 dicendi
2617 4412 2671 4457 et
2722 4403 2991 4457 scribendi
3044 4405 3231 4457 modos
3265 4403 3583 4471 quihusdam
3633 4401 3806 4456 videri

2223 4491 2381 4545 posse
2408 4475 2651 4529 duriores
2671 4482 2728 4528 et
2754 4472 3154 4545 salebrosiores,
3184 4483 3242 4545 et
3265 4470 3365 4545 sub
3394 4470 3807 4545 intelligentiam

2220 4541 2485 4615 projicere
2530 4560 2714 4598 verum
2750 4558 2955 4615 corpus
3003 4541 3129 4597 Jesu
3169 4542 3368 4615 Christi
3417 4552 3523 4595 tam
3565 4541 3805 4615 alienum

2218 4608 2339 4672 esse
2366 4618 2433 4669 ab
2459 4614 2795 4669 Eucharistia
2841 4608 3003 4681 quam
3031 4628 3229 4680 corpus
3253 4613 3427 4682 ipsum
3458 4608 3635 4681 p0puli
3675 4612 3806 4665 Iide-

2222 4687 2318 4749 lis,
2350 4691 2427 4741 sic
2475 4685 2619 4738 fatur
2670 4700 2819 4738 num.
2860 4684 2982 4743 Illi,
3010 4685 3285 4753 explicans
3328 4694 3563 4736 mentem
3597 4695 3803 4753 suam:

2223 4757 2333 4811 Nec
2374 4756 2490 4809 ideo
2527 4755 2776 4825 quoniam
2818 4754 2917 4825 ista
2953 4751 3207 4825 dicimus,
3234 4761 3443 4825 putetur
3467 4753 3525 4825 in
3555 4751 3807 4825 mysterio

2220 4822 2791 4891 sacramenticorporis
2822 4823 3051 4887 Domini,
3078 4823 3153 4878 vel
3176 4822 3483 4893 sanguinem
3509 4822 3808 4893 ipsiusnon

2220 4914 2250 4949 tt
2276 4896 2515 4965 ﬁdelibus
2544 4889 2704 4965 sumi.
2735 4893 3034 4965 Observare
3056 4894 3219 4948 etiam
3242 4889 3378 4961 opus
3409 4900 3493 4965 est
3529 4889 3807 4965 appellare

2219 4962 2416 5032 corpus
2436 4965 2488 5016 iu
2512 4962 2649 5028 quod
2667 4962 2916 5017 Christus
2934 4979 3124 5032 panem
3147 4963 3497 5017 commutavit
3517 4972 3573 5015 et
3591 4962 3802 5032 vinum.

2221 5034 2273 5089 iu
2321 5031 2659 5088 institutione
2703 5033 2858 5101 hujus
2906 5031 3500 5102 sacramenti,corpus
3523 5031 3805 5102 proprium

2219 5105 2361 5171 quod
2395 5118 2687 5172 passurum
2706 5100 2845 5165 erat,
2876 5113 2933 5155 ut
2961 5102 3191 5158 habetur
3221 5100 3446 5157 numero
3475 5100 3568 5163 28,
3590 5100 3755 5169 supra
3785 5118 3800 5151 :

2221 5174 2364 5229 Sicut
2399 5171 2524 5242 ergo
2565 5171 2721 5239 paulo
2755 5185 3029 5242 antequam
3069 5183 3349 5240 pateretur,
3381 5174 3529 5241 panis
3557 5173 3805 5242 substan-

2218 5246 2346 5298 tiam
2383 5254 2429 5297 et
2463 5243 2566 5296 riui
2603 5252 2895 5296 creaturam
2933 5254 3223 5296 convertere
3255 5246 3420 5312 potuit
3450 5243 3504 5294 in
3527 5241 3799 5312 praprinnt

2217 5330 2405 5379 corpus
2434 5315 2572 5383 quod
2601 5327 2877 5378 passurum
2904 5323 3034 5365 erat.
3066 5309 3293 5367 Dubium
3316 5312 3562 5383 subolere
3594 5309 3796 5383 nemini

2221 5384 2422 5439 homini
2446 5380 2662 5436 erudito
2689 5390 2864 5448 potest
2891 5383 3020 5449 quin
3048 5382 3150 5436 sibi
3177 5382 3508 5453 persuaserit
3542 5390 3597 5453 et
3617 5380 3799 5453 credi-

2218 5455 2359 5509 derit
2388 5453 2732 5513 Ratramuus,
2758 5454 3032 5519 pr0prium
3060 5449 3256 5522 corpus
3278 5450 3403 5509 Jesu
3436 5451 3659 5522 Christi,
3684 5449 3799 5522 s_ive

2220 5536 2403 5577 natum
2428 5523 2494 5575 de
2528 5522 2747 5587 Virgine
2773 5528 2829 5574 et
2855 5522 3003 5575 cruci
3035 5519 3248 5576 allixum
3268 5562 3282 5584 ,
3316 5523 3367 5575 iu
3396 5521 3662 5593 mysterio;
3685 5519 3796 5574 Eu-

2215 5594 2488 5648 charistim
2502 5593 2822 5653 consistere,
2840 5594 3049 5646 tametsi
3071 5593 3427 5659 permanserit
3446 5591 3498 5646 iu
3521 5591 3795 5650 suasione.

2219 5664 2359 5731 quod
2407 5663 2665 5731 quidquid
2712 5661 2899 5731 oculis
2933 5664 3132 5716 nostris
3166 5660 3450 5730 subjicitur
3476 5662 3528 5717 in
3566 5660 3669 5715 hoc
3711 5675 3799 5712 sa-

2218 5730 2497 5787 crameuto
2540 5740 2593 5785 et
2638 5746 2835 5798 corpus
2871 5730 3069 5786 Christi
3104 5740 3460 5797 muncupatur
3496 5732 3612 5801 ejus
3656 5736 3799 5785 esset
