4088 6344
252 466 348 527 169

1242 468 1328 525 ΒΕ
1367 467 1690 527 CORPORIS
1730 462 1816 525 ET
1857 466 2205 525 SANGUINE
2244 467 2497 527 DOMIM.

3419 464 3519 531 170

250 586 566 664 mysterium
613 589 855 646 continet
900 588 1048 645 illius
1077 629 1091 655 ,
1139 587 1278 644 sicut
1324 588 1487 644 etiam
1538 587 1831 644 idemidem
1861 596 1910 655 Α
2007 585 2069 641 C.
2106 570 2375 641 Decernur
2411 602 2443 641 a
2484 585 2795 655 Salvatore,
2822 604 3036 665 necnon
3065 605 3097 644 a
3128 601 3316 647 sancto
3353 593 3522 651 Paulo

248 683 563 757 mysterium
592 684 836 741 continet
863 683 1109 755 corporis
1147 682 1330 755 pepuli
1352 681 1656 749 credentis,
1692 681 1833 753 Apo-

247 776 385 833 stolo
406 783 678 833 testante:
707 773 853 832 Unus
871 777 1051 845 panis,
1080 791 1241 831 unum
1267 791 1455 847 corpus
1478 773 1631 829 multi
1651 789 1832 829 sumus

246 867 299 923 in
320 865 559 923 Christo.
1297 891 1301 894 ν

313 957 518 1015 XCVII.
565 957 1010 1026 Animadvertat,
1061 957 1361 1015 clarissime
1405 957 1686 1031 princeps,
1740 968 1854 1014 sa—e

241 1052 446 1122 pientia
474 1061 657 1109 vestra
689 1050 833 1124 quod
861 1051 1055 1124 positis
1079 1063 1394 1109 sanctarum
1424 1051 1829 1122 Scripturarum

243 1142 568 1200 testimoniis
605 1151 662 1200 et
687 1150 1019 1200 sanctorum.
1037 1142 1261 1200 Patrum
1296 1144 1456 1201 dictis
1484 1143 1829 1201 evidentissi--

242 1248 327 1290 me
355 1244 723 1292 monstratum
753 1245 858 1303 est,
890 1237 1036 1309 quod
1065 1236 1225 1310 panis
1254 1236 1349 1309 qui
1374 1252 1573 1309 corpus
1601 1235 1825 1305 Christi,

238 1334 292 1381 et
335 1326 481 1383 calix
527 1328 618 1400 qui
666 1328 887 1401 sanguis
916 1328 1119 1386 Christi
1158 1328 1494 1402 appellatur,
1535 1329 1706 1402 ﬁgura
1737 1329 1826 1393 sit.

236 1419 362 1489 quia
394 1420 710 1492 mysterium
754 1439 767 1477 :
805 1430 862 1478 et
908 1422 1059 1495 quod
1096 1438 1205 1479 non
1235 1437 1400 1494 parva
1430 1420 1731 1478 diﬁ‘erentia
1759 1421 1832 1477 sit

237 1511 381 1568 inter
406 1528 605 1584 corpus
633 1514 777 1585 quod
810 1530 910 1587 per
937 1517 1254 1587 mysterium
1290 1515 1496 1582 existit,
1535 1523 1591 1573 et
1629 1529 1828 1586 corpus

234 1605 380 1674 quod
410 1620 630 1677 passum
660 1614 780 1673 est,
818 1615 875 1662 et
902 1606 1173 1678 sepultum
1197 1646 1213 1673 ,
1241 1615 1298 1664 et
1324 1605 1644 1663 resurretit.
1684 1603 1823 1671 Quoo
1870 1644 1877 1651 ο

235 1696 379 1751 niam
418 1698 524 1754 hoc
552 1698 828 1769 proprium
858 1698 1159 1756 Salvatoris
1182 1713 1379 1770 corpus
1409 1698 1617 1764 existit,
1645 1711 1747 1752 nec
1770 1696 1826 1751 in

233 1805 297 1847 eo
322 1789 410 1846 vel
442 1791 622 1862 aliqua
658 1791 853 1862 ﬁgura,
882 1791 968 1849 vel
1003 1792 1181 1864 aliqua
1205 1791 1546 1861 signiﬁcatio,
1585 1790 1677 1848 sed
1711 1789 1825 1860 ipsa

234 1879 310 1935 rei
338 1881 711 1939 manifestatio
736 1883 1102 1955 cognoscitur,
1131 1891 1187 1938 et
1211 1882 1382 1954 ipsius
1407 1881 1670 1938 visionem
1701 1897 1823 1937 ere-

1938 678 2201 752 apostolo,
2232 680 2375 751 quod
2417 680 2519 737 iste
2544 682 2699 752 panis
2727 690 2782 738 et
2826 682 2930 739 iste
2963 683 3183 756 sanguis
3219 684 3311 757 qui
3360 702 3525 760 super

1937 773 2105 829 altare
2133 782 2435 843 ponuntur,
2467 773 2521 828 in
2555 772 2783 846 ﬁguram
2821 776 2937 831 sive
2968 777 3284 834 memoriam
3332 777 3520 837 Domi-

1938 867 2072 923 nicte
2098 868 2289 924 mortis
2317 876 2620 938 ponantur,
2650 878 2709 924 nt
2739 871 2882 940 quod
2912 881 3124 945 gestum
3153 884 3239 930 est
3284 874 3337 930 in
3383 890 3523 947 prae-

1938 960 2118 1026 terito,
2140 960 2396 1031 praesenti
2422 970 2639 1017 revocet
2663 963 2971 1030 memoriae;
3004 974 3061 1020 ut
3085 964 3228 1021 illius
3255 966 3525 1038 passionis

1936 1066 2206 1108 memores
2232 1051 2409 1109 effecti
2434 1094 2449 1120 ,
2489 1068 2587 1124 per
2612 1068 2732 1110 eam
2763 1053 3060 1112 elﬁeiamur
3088 1058 3254 1114 divini
3283 1059 3524 1116 muneris

1936 1149 2236 1209 consortes,
2264 1157 2363 1212 per
2383 1157 2547 1214 quam
2569 1158 2760 1201 sumus
2787 1161 2817 1200 a
2842 1155 3016 1202 morte
3045 1146 3259 1203 liberati
3285 1164 3301 1203 :
3324 1165 3523 1221 cogno-

1935 1243 2149 1291 scentes
2175 1236 2319 1306 quod
2350 1236 2439 1290 ubi
2468 1238 2877 1306 pervenerimus
2905 1238 2971 1293 ad
3002 1238 3268 1297 visionem
3295 1242 3521 1310 Christi,

1936 1324 2134 1381 talibus
2170 1341 2277 1382 non
2322 1340 2458 1397 opus
2506 1326 2826 1383 habebimus
2877 1328 3289 1398 instrumentis,
3326 1334 3524 1403 quibus

1935 1415 2324 1472 admoneamur
2372 1416 2500 1487 quid
2543 1433 2643 1489 pro
2692 1418 2849 1475 nobis
2897 1419 3162 1475 immensa
3218 1420 3525 1494 benignitas

1936 1509 2294 1576 sustinuerit;
2339 1509 2598 1580 quoniam
2650 1510 2822 1581 ipsum
2856 1509 2997 1567 faeie
3046 1512 3116 1566 ad
3154 1511 3348 1568 faciem
3388 1530 3522 1570 eon-

1937 1602 2281 1674 templantes,
2312 1619 2421 1659 non
2448 1618 2546 1674 per
2574 1604 2900 1661 exteriorem
2939 1605 3317 1677 temporalium
3342 1624 3522 1663 rerum

1934 1694 2358 1750 admonitionem
2391 1696 2884 1763 commovebimur,
2928 1697 3023 1753 sed
3053 1688 3152 1769 per
3180 1698 3349 1769 ipsius
3389 1716 3523 1755 con-

1936 1784 2339 1855 templationem
2388 1786 2633 1842 veritatis
2684 1788 3009 1859 aspiciemus
3065 1791 3520 1860 quemadmodum

1933 1883 2135 1932 nostrae
2164 1875 2354 1931 salutis
2379 1876 2585 1932 auctori
2612 1876 2814 1948 gratias
2836 1892 2999 1947 agere
3024 1878 3337 1936 debeamus.
3452 1876 3461 1883 ’

232 1971 427 2029 dentes
474 1972 815 2040 desiderant;
851 1973 1110 2045 quoniam
1163 1973 1338 2045 ipsum
1384 1982 1468 2030 est
1512 1982 1676 2044 caput
1720 1988 1821 2029 no-
1852 1971 1902 2033 Β
1998 1969 2081 2028 CI.
2122 1964 2235 2027 Nec
2283 1971 2405 2027 ideo
2450 1970 2706 2041 quoniam
2758 1972 2858 2028 ista
2905 1972 3167 2040 dicimus,
3217 1983 3435 2044 putetur
3465 1976 3522 2034 in

230 2070 440 2129 atrum,
473 2071 531 2119 et
575 2064 697 2136 ipso
719 2064 837 2121 viso
869 2065 1158 2121 satiabitur
1181 2064 1506 2121 desiderium
1538 2073 1822 2130 nostrum;

230 2168 335 2223 quo
385 2153 504 2225 ipse
549 2162 606 2209 et
631 2154 796 2210 Pater
819 2170 986 2211 unum
1016 2164 1175 2222 sunt,
1202 2170 1311 2212 non
1346 2153 1642 2211 secundum
1683 2153 1828 2226 quod

229 2260 432 2317 corpus
459 2247 624 2305 habet
658 2247 929 2316 Salvator,
968 2249 1063 2307 sed
1102 2250 1397 2307 secundum
1434 2248 1828 2322 plenitudinem

230 2338 536 2397 divinitatis
562 2357 682 2412 quae
710 2343 922 2399 habitat
948 2343 1005 2399 in
1036 2344 1255 2401 homine
1281 2343 1516 2401 Christo.

295 2432 533 2489 XCVIII.
566 2434 639 2490 At
684 2435 742 2490 in
787 2435 891 2491 isto
936 2435 1078 2506 quod
1115 2452 1214 2508 per
1260 2436 1579 2510 mysterium
1620 2437 1829 2509 geritur

229 2523 405 2598 ﬁgura
435 2534 522 2581 est
551 2540 660 2582 non
687 2525 863 2582 solum
891 2527 1098 2597 proprii
1121 2527 1364 2599 corporis
1391 2527 1614 2593 Christi,
1636 2543 1827 2584 verum

227 2617 396 2674 etiam
419 2618 693 2676 credentis
717 2618 772 2674 in
798 2618 1073 2675 Christum
1097 2619 1279 2692 populi
1305 2620 1466 2692 (Vide
1494 2636 1638 2675 nutu.
1664 2617 1823 2690 116):

227 2708 519 2781 utriusque
572 2724 807 2781 namque
835 2711 1099 2782 corporis,
1130 2712 1184 2766 id
1214 2720 1296 2767 est
1333 2719 1389 2766 et
1416 2711 1650 2777 Christi,
1681 2710 1826 2781 quod

225 2816 452 2873 passum
476 2811 559 2858 est
597 2811 653 2858 et
675 2803 1008 2866 resurrexit;
1033 2811 1087 2860 et
1117 2804 1301 2875 populi
1326 2803 1380 2859 in
1402 2802 1620 2860 Christo
1650 2803 1825 2859 renati

226 2902 395 2964 atque
423 2895 489 2949 de
522 2893 750 2950 mortuis
776 2893 1052 2960 viviﬁeati,
1086 2894 1312 2966 ﬁguram
1338 2903 1534 2967 gestat.

296 2983 492 3041 XCIX.
531 2985 809 3042 Addamus
853 2986 1021 3041 etiam
1069 2987 1213 3057 quod
1248 2987 1350 3042 iste
1395 2987 1553 3057 panis
1597 2994 1653 3042 et
1685 2987 1826 3043 calix

228 3073 396 3147 (Vide
426 3092 568 3131 num.
601 3076 717 3149 96),
742 3076 835 3148 qui
865 3092 1061 3148 corpus
1090 3084 1145 3132 et
1174 3077 1396 3148 sanguis
1419 3076 1621 3133 Christi
1651 3079 1829 3134 nomi-

225 3174 393 3223 natur
423 3174 477 3222 et
516 3166 732 3233 existit,
778 3166 1093 3223 memoriam
1134 3175 1488 3238 repraesentat
1531 3167 1827 3223 Dominicte

225 3258 503 3329 passionis
540 3257 657 3315 sive
682 3259 910 3325 mortis,
941 3258 1391 3329 quemadmodum
1421 3260 1535 3330 ipse
1566 3259 1622 3315 in
1648 3258 1825 3316 Evan-

1929 2063 2190 2136 mysterio
2237 2063 2565 2120 sacramenti
2615 2079 2811 2134 corpus
2833 2047 3065 2120 Domini
3093 2067 3178 2122 vel
3204 2068 3520 2139 sanguinem

1930 2155 2099 2226 ipsius
2130 2170 2237 2210 non
2269 2171 2300 2210 a
2332 2154 2581 2212 ﬁdelibus
2612 2155 2752 2211 sumi
2786 2153 2949 2228 (Vide
2984 2172 3128 2211 nam.
3161 2155 3277 2223 96),
3306 2158 3525 2228 quando

1930 2244 2065 2302 ﬁdes
2102 2261 2209 2302 non
2240 2245 2382 2315 quod
2407 2245 2595 2302 oculus
2619 2245 2801 2311 videt,
2834 2246 2929 2302 sed
2957 2247 3100 2318 quod
3126 2247 3335 2314 credit,
3376 2249 3525 2304 acci-

1928 2339 2010 2412 pit
2041 2358 2055 2396 :
2087 2340 2345 2412 quoniam
2372 2339 2669 2411 spiritualis
2696 2349 2782 2397 est
2809 2356 2933 2402 esca
2952 2381 2968 2408 ,
2997 2350 3054 2398 ct
3100 2342 3396 2413 spiritualis
3423 2358 3523 2413 po-

1931 2442 2038 2500 tus,
2069 2433 2427 2505 spiritualiter
2448 2434 2687 2489 animam
2715 2450 2976 2507 pascens,
3005 2432 3071 2490 et
3093 2444 3312 2491 mternae
3355 2438 3524 2494 satie-
3616 2432 3629 2436 ’

1929 2524 2059 2580 tatis
2086 2525 2253 2580 vitam
2284 2524 2558 2592 tribuens;
2591 2522 2733 2581 sicut
2763 2526 2877 2597 ipse
2917 2524 3169 2582 Salvator
3204 2528 3521 2599 mysterium

1930 2619 2035 2675 hoc
2078 2619 2466 2693 commendans
2513 2618 2799 2688 loquitur:
2840 2619 3071 2690 Spiritus
3109 2631 3184 2676 est
3225 2623 3316 2692 qui
3354 2621 3523 2690 vivi/io

1930 2702 2046 2775 cut;
2077 2726 2202 2765 nam
2235 2726 2359 2764 caro
2389 2706 2520 2764 nihil
2547 2710 2757 2779 prodest
2786 2709 2969 2781 (Joan.
3000 2726 3070 2775 γι,
3103 2712 3213 2784 64).

2001 2798 2109 2855 CII.
2146 2800 2377 2870 Imperio
2411 2809 2605 2856 vestrae
2646 2803 3033 2872 magnitudinis
3071 2819 3264 2877 parere
3303 2809 3524 2878 cupien-

1932 2901 2030 2956 tes,
2064 2891 2382 2963 praasumpsi
2420 2907 2617 2962 parvus
2644 2894 2807 2949 rebus
2841 2894 2908 2949 de
2933 2909 3043 2951 non
3078 2896 3317 2954 minimis
3342 2899 3524 2970 dispu-

1932 2992 2080 3048 tare,
2111 2999 2218 3040 non
2265 2992 2555 3054 sequentes
2594 2984 2973 3041 aestimationis
3003 2997 3203 3043 nostrae
3228 2970 3525 3062 praesump4

1932 3074 2168 3141 tionem,
2213 3074 2307 3130 sed
2338 3074 2602 3144 majorum
2643 3077 2918 3135 intuentes
2947 3080 3353 3136 auctoritatem.
3394 3082 3525 3150 Quae

1931 3166 1976 3222 si
2007 3166 2367 3238 probaveritis
2405 3164 2672 3223 catholice
2707 3169 2848 3225 dicta
2872 3209 2899 3245 ,_
2920 3179 3117 3227 vestrae
3154 3173 3365 3229 meritis
3398 3172 3528 3229 ﬁdei

1931 3260 2209 3331 deputate,
2233 3276 2374 3331 quae,
2402 3261 2644 3332 deposita
2670 3262 2866 3334 regalis
2890 3264 3306 3335 magniﬁcentiae
3332 3265 3527 3337 gloria,

227 3352 371 3425 geIio
425 3352 564 3409 dixit
611 3371 625 3408 :
676 3352 793 3409 Hoc
840 3354 997 3423 facite
1031 3353 1089 3408 in
1138 3354 1238 3408 mei
1282 3355 1825 3409 commemorationem
1853 3338 1899 3404 C
1932 3366 2039 3407 non
2070 3351 2286 3409 erubuit
2315 3353 2381 3408 ab
2410 3353 2600 3407 humili
2631 3368 2875 3424 quaerere
2906 3371 3227 3426 responsum
3250 3358 3524 3414 veritatis.

227 3443 384 3516 (Luc.
432 3461 579 3511 xxn,
616 3444 729 3517 l9).
780 3444 933 3513 Quod
981 3459 1257 3516 exponens
1306 3443 1580 3516 apostolus
1625 3444 1825 3500 Paulus

227 3536 342 3593 ait:
379 3535 805 3609 Quotiescunque
831 3535 1216 3592 manducabitis
1250 3553 1438 3608 panem
1471 3537 1632 3602 hunc,
1661 3545 1709 3590 et
1738 3552 1827 3590 ca-

228 3627 381 3685 licem
433 3628 654 3695 bibetis,
700 3637 920 3684 mortem
968 3627 1181 3683 Domini
1231 3627 1612 3683 annuntiabitis
1661 3626 1826 3683 donec

228 3721 406 3775 ueniat
447 3718 496 3790 (1
522 3717 645 3774 Cor.
671 3733 750 3786 ιι,
778 3717 890 3788 26).

230 3874 419 3947 ﬁgura
440 3874 692 3947 simplex,
720 3882 779 3931 et
804 3873 983 3947 imago
1004 3889 1287 3947 expressa,
1313 3882 1369 3931 et
1391 3872 1822 3947 repraesentatio,

229 3944 338 4019 non
371 3944 649 4012 Tulliana,
677 3954 737 4001 ut
766 3944 941 4019 supra
966 3944 1405 4019 observavimus,
1439 3944 1531 4019 sed
1560 3944 1827 4019 prolapsa:

230 4017 552 4073 Latinitatis
578 4032 679 4073 usu
714 4016 952 4087 recepta.
981 4017 1058 4073 Ea
1089 4018 1155 4074 de
1181 4032 1344 4073 causa
1373 4016 1674 4072 continenti
1704 4033 1819 4072 ser-

229 4104 422 4153 mone,
464 4089 561 4154 ait,
603 4088 913 4160 impositum
955 4087 1123 4144 fuisse
1164 4088 1293 4159 pani
1338 4104 1552 4160 nomen
1582 4088 1827 4158 corporis

229 4160 465 4226 Christi,
510 4167 566 4214 et
612 4158 808 4233 liquori
848 4174 944 4233 seu
992 4160 1120 4215 vino
1165 4158 1305 4230 aqua
1335 4159 1506 4214 mixto
1541 4158 1596 4233 in
1633 4160 1823 4233 calice,

229 4247 439 4288 nomen
470 4229 751 4303 sanguinis
774 4272 787 4296 ,
820 4241 875 4286 et
916 4229 1107 4303 revera
1141 4229 1375 4285 existere
1414 4247 1427 4283 :
1457 4239 1522 4303 ut
1562 4229 1845 4303 intelligae'

229 4320 353 4358 mus
382 4303 444 4356 in
474 4316 539 4356 ea
568 4299 823 4357 suasione
854 4316 959 4357 non
1003 4300 1171 4357 fuisse
1215 4315 1411 4371 corpus
1452 4299 1579 4371 Jesu
1622 4300 1826 4357 Christi

230 4374 540 4430 subsistere
591 4372 647 4427 in
692 4372 1032 4428 Eucharistia
1084 4388 1180 4443 per
1226 4370 1682 4443 nuncupationem
1732 4388 1827 4427 seu

230 4443 757 4509 denominationem,
789 4444 881 4499 sed
913 4442 1101 4499 revera
1124 4442 1438 4507 eﬁicaciter,
1466 4458 1583 4506 seu,
1613 4450 1671 4495 ut
1697 4442 1845 4498 con-'

229 4515 390 4571 tinuo
426 4515 709 4580 dixerunt,
734 4513 963 4580 realitcr.
994 4512 1203 4569 Videsis
1243 4529 1393 4568 num.
1424 4512 1514 4568 99.
1553 4512 1827 4568 Addamus

231 4587 397 4656 etiam
432 4585 574 4656 quod
610 4579 707 4639 iste
737 4579 889 4656 panis
930 4594 977 4638 et
1020 4584 1159 4656 calin;
1190 4585 1280 4655 qui
1318 4600 1504 4656 corpus
1533 4594 1580 4637 et
1602 4582 1845 4656 sanguis.

232 4654 765 4712 Christi‘nominatur
801 4665 849 4710 et
883 4657 1076 4710 existit.
1114 4654 1239 4711 nec
1266 4654 1410 4711 enim
1444 4655 1671 4725 repetita
1701 4664 1826 4709 sunt

1931 3442 2027 3499 Sin
2073 3452 2255 3501 autem
2304 3445 2483 3501 minus
2525 3445 2865 3517 placuerint,
2917 3448 2971 3503 id
3007 3457 3208 3506 nostra:
3239 3450 3529 3520 deputetur

1929 3537 2282 3608 insipientia,
2311 3553 2432 3611 qua:
2462 3539 2605 3610 quod
2633 3541 2868 3610 Optavit,
2908 3541 3087 3598 minus
3112 3542 3407 3601 eﬁicaciter
3434 3558 3528 3599 va-

1929 3627 2031 3685 luit
2052 3629 2346 3701 explicare.

1930 3878 2072 3952 typis
2092 3874 2313 3960 excudi
2342 3885 2685 3960 ‘curaverunt
2708 3878 2863 3960 ﬁsci].
2890 3892 3093 3960 negare
3124 3893 3249 3960 non
3295 3884 3526 3960 possunt

1930 3947 2233 4021 repeririin
2258 3947 2445 4021 codice
2469 3948 2703 4021 Aabbatimﬁ
2735 3947 3155 4021 Lobiensis,iuti
3194 3947 3313 4020 jani
3337 3950 3526 4006 ob‘ser-

1929 4018 2114 4076 vatum
2144 4020 2247 4074 fuit
2276 4036 2307 4092 a
2338 4018 2652 4075 doctissimo
2682 4019 2844 4075 Patre
2870 4018 3209 4092 iMabillonio‘
3236 4022 3288 4076 in
3330 4022 3528 4092 praefa-

1931 4094 2076 4165 tione
2103 4091 2355 4165 secunda:
2382 4092 2550 4165 partis
2572 4093 2846 4165 actorum
2865 4091 3341 4165 Benedictinorum
3358 4108 3521 4165 ,purg.

1929 4165 2020 4230 64,
2055 4163 2084 4236 §
2117 4162 2239 4227 150,
2268 4161 2443 4236 fronti
2465 4162 2703 4236 praeﬁxa.
2731 4160 2957 4236 Miriﬁce
2978 4162 3304 4236 conﬁrmant
3326 4160 3527 4236 adiuit-

1930 4232 2149 4303 tendam
2176 4248 2297 4289 esse
2326 4233 2610 4289 lectionem
2639 4234 2693 4288 in
2728 4232 2915 4288 codice
2946 4248 3050 4295 ms.
3083 4233 3336 4290 Lobiensi
3380 4236 3521 4291 scri-

1928 4317 2099 4377 ptam,
2132 4305 2274 4376 quod
2294 4319 2391 4377 “ea;
2423 4320 2552 4359 usus
2591 4304 2660 4360 sit
2687 4303 2980 4377 prtedictus
3006 4303 3337 4377 Batrannms
3367 4322 3523 4361 num.

1930 4375 2019 4441 Iﬁ,
2054 4378 2106 4432 in
2135 4375 2243 4446 quo
2271 4375 2605 4446 distinguens
2646 4376 2856 4446 species
2899 4376 3059 4446 panis
3103 4384 3160 4429 et
3199 4375 3310 4432 vini
3343 4393 3371 4431 a
3404 4392 3527 4431 cor-

1930 4463 2061 4518 pore
2089 4443 2602 4519 etisanguine'Jesu
2627 4443 2851 4519 Christi,
2880 4443 3001 4519 qua:
3049 4447 3209 4502 modo
3249 4447 3521 4519 spirituali

1931 4516 1981 4574 et
2014 4518 2263 4575 sensibus
2295 4516 2403 4572 non
2442 4516 2686 4587 subjecto
2734 4516 2835 4571 sub
2878 4517 3017 4572 velis
3063 4516 3435 4587 reconduntur
3469 4525 3526 4569 et

1932 4591 2196 4651 celantur,
2228 4589 2326 4656 ait,
2358 4585 2799 4643 cum-Paschasio
2823 4588 2877 4642 in
2906 4588 3133 4658 cpistola
3164 4586 3231 4640 ad
3252 4585 3526 4657 Frudgar-

1933 4661 2059 4716 dum
2093 4678 2106 4715 :
2138 4659 2400 4726 Quoniam
2427 4659 2521 4729 sub
2568 4658 2855 4729 velamento
2884 4657 3119 4729 corporei
3153 4657 3305 4729 panis
3344 4673 3529 4724 corpo-

231 4743 300 4801 ex
330 4741 567 4801 numero
595 4726 875 4801 superiore
902 4726 991 4781 ‘29.
1022 4728 1086 4801 ᾼι
1105 4743 1238 4801 pero
1263 4713 1555 4801 secundm-tt.
1595 4726 1825 4801 ἱζιξνὶιςὶὺί-
1935 4713 2108 4801 reique
2136 4713 2239 4783 irini
2266 4728 2539 4801 spirituale
2557 4745 2743 4801 corpus
2766 4713 3554 4801 Christi'spiritualisqueson-.

234 4797 337 4852 lem
364 4793 717 4853 substantiam
738 4839 752 4863 ,
773 4797 828 4851 id
858 4807 931 4852 est
953 4838 967 4859 ,
1011 4796 1171 4851 divini
1198 4797 1484 4868 potentiam
1517 4793 1690 4860 Verbi,
1715 4813 1828 4851 vere

232 4885 431 4940 corpus
470 4877 528 4940 et,
550 4873 765 4940 sanguis
804 4868 998 4922 Christi
1036 4866 1282 4940 egistunt.
1316 4866 1356 4921 F
1362 4876 1574 4940 utemur
1594 4868 1828 4940 rotunde

235 4938 309 4994 ibi
326 4936 667 4995 adverbium
694 4955 808 4995 vere
830 4954 1026 4995 sonare
1066 4938 1259 4994 Latine
1283 4937 1426 5008 quod
1464 4954 1570 5008 vox
1594 4936 1825 4992 barbara

236 5008 454 5066 realiter
491 5010 781 5082 signiﬁcat.
813 5009 1195 5066 Verumtamen
1237 5007 1421 5082 dicent
1456 5007 1829 5082 Protestantes

232 5081 338 5137 has
372 5079 633 5138 voces'et
670 5082 845 5137 existit
873 5096 978 5137 non
1009 5095 1296 5137 occurrere
1340 5079 1396 5133 in
1445 5080 1828 5151 manuscriptis

234 5151 522 5210 codicibus
540 5152 611 5209 ad
632 5168 862 5225 quorum
878 5152 1040 5209 ﬁdem
1068 5153 1211 5208 hunc
1232 5158 1523 5207 tractatum
1548 5149 1829 5207 Ratrainui

632 5963 896 6030 Paruum.
943 5964 1175 6029 CXXI.

1932 4796 2049 4872 guis
2076 4796 2526 4872 existit._'lnsuper
2567 4798 2742 4872 nullus
2783 4798 3093 4872 dubitandi-
3108 4797 3257 4872 locus
3300 4796 3559 4872 relictus.

1931 4866 2014 4927 est
2042 4873 2169 4941 quin
2197 4870 2364 4925 codex
2389 4866 2791 4941 nianuscriptus
2818 4868 3047 4941 abbatire
3069 4866 3353 4941 Labiensis
3374 4875 3528 4941 ante-

1933 4938 2077 4997 ferri
2104 4943 2296 4997 debeat
2327 4941 2541 4995 caeteris
2580 4938 2831 4996 omnibus
2851 4980 2866 5004 ,
2911 4938 3096 4994 habita
3132 4938 3344 4994 ratione
3375 4939 3524 4995 anti-

1933 5013 2159 5087 quitatis
2195 5021 2249 5068 et
2274 5012 2681 5080 concinnitatis,
2724 5020 2782 5065 ut
2829 5010 2884 5067 in
2930 5007 3250 5083 praefatione
3297 5009 3529 5067 adnota-

1933 5096 2130 5142 VIIIIUS.
3234 5096 3239 5103 ’

3070 5730 3224 5753 illo!
