4088 6344
329 460 422 517 I77

931 457 1389 515 DlSSERTATlO
1428 458 1496 514 ΙΝ
1531 457 1660 514 LIB.
1704 456 1792 513 DE
1829 451 2153 513 CORPORE
2193 457 2279 514 ET
2317 455 2664 516 SANGUINE
2704 457 2959 517 DOMINI.

3460 463 3598 523 ,178

321 571 600 644 conceptis
629 572 810 628 verbis
837 573 978 628 dicat
1005 589 1153 628 num.
1186 573 1253 628 15
1279 590 1292 627 :
1324 591 1342 626 ι
1370 571 1777 639 Compelluntur
1813 584 1906 626 ne-
1931 568 1982 629 Α
2010 566 2097 625 nis
2128 570 2274 628 Scoti
2301 612 2316 638 ,
2363 574 2562 697 quippe
2609 591 2730 631 cum
2781 575 2998 631 eosdem
3049 574 3240 633 Patres
3266 576 3601 634 Ratramnus

321 658 447 697 care
478 658 679 697 cornus
717 657 837 697 esse
862 645 1289 697 sanauinemaue
1320 642 1557 697 Christi.
1584 643 1727 697 quod
1757 642 1909 697 nefas
2013 641 2273 697 proferat.
2299 645 2373 697 sci
2400 645 2507 697 icet
2532 646 2926 697 Aumstinum.
2967 646 3349 697 lliemnvmum
3389 656 3446 697 et
3469 648 3601 697 Am-

319 658 447 716 gare
478 642 679 716 corpus
717 657 837 716 esse
862 645 1295 716 sanguinemque
1320 642 1557 708 Christi,
1584 643 1727 714 quod
1757 642 1909 716 nefas

317 712 401 771 est
420 730 529 769 non
560 712 734 771 solum
756 712 1389 785 dicere,'verunt'etiam
1422 712 1682 785 cogitare.
1711 733 1741 785 ρ
1778 712 1908 781 Quae

317 799 441 841 cum
468 787 544 841 ita
575 786 704 847 sint.
740 785 858 840 luce
886 787 1186 841 meridiana
1224 784 1429 841 clarius
1463 783 1679 841 constat
1710 783 1906 840 librant

315 852 549 912 Joannis
578 855 748 919 Scoti,
771 857 837 910 de
862 872 970 927 quo
994 857 1321 912 mentionem
1363 855 1497 911 facit
1537 856 1827 927 Ascelinua
1853 856 1908 911 in

314 928 547 998 epistola
602 927 669 982 ad
720 927 1143 998 Berengarium,
1194 926 1505 998 neutiquam
1557 927 1765 998 debere
1802 926 1908 981 Ra-

317 995 538 1055 tramno
581 997 823 1066 ascribi,
864 995 961 1054 sed
999 1012 1099 1054 suo
1140 998 1348 1054 auctori
1374 995 1568 1053 Joanni
1609 996 1909 1069 Scotigenae

315 1072 559 1126 restitui.

386 1142 482 1206 At,
511 1141 685 1211 inquit
709 1139 1050 1203 dissertator,
1078 1155 1199 1210 quae
1240 1140 1294 1196 in
1331 1140 1473 1196 libro
1502 1138 1728 1195 Joannis
1758 1139 1907 1198 Scoti

312 1221 652 1285 occurrunt,
683 1212 908 1285 totidem
951 1211 1172 1285 syllabis
1213 1211 1493 1285 exscripta
1522 1222 1811 1285 recurrunt
1834 1214 1907 1285 in

312 1282 461 1354 libro
484 1283 790 1348 Ratramni,
819 1282 1099 1354 num.:88,
1130 1291 1189 1337 ut
1215 1298 1282 1339 ex
1304 1282 1531 1354 epistola
1563 1282 1799 1338 Aseelini
1829 1284 1909 1339 in-

314 1353 563 1426 telligere
585 1354 740 1410 facile
767 1362 890 1409 est:
928 1372 963 1436 ι.
976 1352 1091 1410 Hoc
1111 1361 1290 1409 autem
1311 1352 1559 1418 {scilicet
1580 1368 1754 1436 neque
1779 1369 1907 1410 vere

311 1425 520 1495 corpus
560 1440 737 1497 neque
776 1425 1092 1497 sanguinem
1140 1440 1261 1497 esse
1288 1465 1304 1491 ,
1345 1433 1597 1497 astruere
1623 1425 1814 1479 nititur
1839 1440 1906 1482 ex

310 1504 630 1552 sanctorum
674 1495 899 1551 Patrum
941 1495 1219 1565 epusculis
1261 1510 1382 1565 qua).
1407 1496 1649 1565 exponit,
1674 1510 1903 1564 quorum

310 1566 468 1621 illam
501 1567 675 1637 sancti
716 1565 963 1637 Gregorii
991 1568 1295 1637 orationem
1328 1566 1417 1622 hic
1457 1567 1717 1621 adnotare
1761 1567 1907 1621 suill-

309 1636 429 1692 ciat
452 1657 465 1692 :
494 1636 783 1707 Perﬁciant
805 1636 860 1693 iit
886 1638 1032 1693 nobis
1057 1647 1171 1701 tua,
1196 1636 1439 1700 Domine,
1469 1653 1793 1707 qttwsumus,
1819 1656 1909 1692 sa-

307 1718 585 1763 cramenta
607 1709 746 1792 quod
774 1710 1061 1790 continent,
1083 1718 1149 1792 litt
1180 1723 1301 1779 quia
1328 1724 1467 1762 nunc
1486 1709 1653 1792 specie
1676 1711 1906 1792 gerimus

307 1794 495 1849 rerum
524 1777 738 1834 veritate
765 1780 1052 1849 capiamus.
1079 1777 1251 1846 Quam
1276 1777 1594 1849 exponendo
1618 1777 1905 1849 praedictus

308 1847 555 1921 Joannes
590 1851 731 1906 inter
756 1847 951 1905 caetera
980 1858 1178 1905 nostra:
1200 1849 1322 1921 fidei
1348 1847 1669 1905 contrarian:
1697 1848 1902 1921 Specie,

2010 641 2273 766 proferat,
2299 641 2511 700 scilicet
2532 646 2926 717 Augustinum,
2967 646 3349 720 Hieronymum
3389 656 3446 705 et
3469 648 3602 703 Am-

2051 714 2273 766 rosium.
2324 714 2485 766 Addit
2528 717 2691 766 etiam
2740 717 3025 766 Erigonam
3072 718 3213 766 inter
3254 719 3600 766 adversarios

2051 714 2286 789 rosi_um_._
2324 714 2485 771 Addit
2528 714 2691 789 etiam
2739 717 3025 789 Erigonam
3071 714 3213 774 intér
3254 719 3600 789 adversarios

2012 781 2288 861 Paschasii
2313 800 2597 847 recensere
2620 781 3013 861 Batram'qum:
3037 790 3290 861 sedgquid
3317 798 3428 844 tum
3450 787 3475 843 ?
3495 786 3593 843 Ni-

2011 853 2083 933 hil
2118 856 2265 933 enim
2300 866 2450 912 vetat
2473 859 2815 933 _sententiam
2861 857 3085 916 Joannis
3122 853 3269 916 Séoti
3297 874 3599 933 repugnare

2012 923 2337 1010 Paschasio,
2371 937 2427 982 et
2473 927 2830 1012 Ratramnum
2873 946 2995 1013 cum
3034 946 3101 1013 eo
3129 923 3460 1013 eoacord'ea'i
3493 931 3597 1013 do-

2012 997 2190 1072 cuisse
2215 1038 2230 1062 ,
2260 999 2370 1055 imo
2395 1014 2525 1072 vero
2570 1000 2649 1055 ita
2684 1013 2743 1055 se
2770 1015 2884 1055 rem
2898 997 3111 1072 gbabe're
3141 1001 3296 1057 valde
3322 1000 3603 1072 probabile

2011 1076 2116 1144 est.
2156 1067 2431 1144 Praeterea
2461 1070 2597 1144 sicut
2627 1084 2694 1126 eo
2720 1072 2866 1144 quod
2894 1071 3226 1128 Batramnus
3252 1067 3383 1128 citet
3422 1072 3603 1144 augu-

2011 1139 2212 1215 stinum
2240 1139 2658 1215 ,_Ambrosium
2697 1139 2753 1196 et
2785 1141 3168 1215 Hieronymum
3187 1187 3201 1207 ,
3226 1139 3540 1215 non_diﬂ'ert
3568 1159 3602 1198 a

2008 1207 2217 1284 Joanne
2262 1210 2426 1284 Scoto
2452 1253 2467 1277 ,
2514 1211 2850 1284 Lanfrancus
2877 1207 3229 1284 concordabit
3254 1215 3308 1269 in
3332 1213 3604 1284 Berenga-

2012 1280 2111 1346 rio,
2146 1282 2459 1338 Sanctesius
2482 1299 2602 1338 cum
2628 1283 2872 1348 Calvino,
2900 1283 3193 1341 Perronius
3219 1301 3338 1341 eum
3372 1280 3596 1342 Plesseo

2012 1349 2295 1426 blorneioa
2311 1353 2461 1408 Itane
2484 1354 2617 1426 ilicet
2641 1355 2850 1426 ratione
2871 1364 2927 1409 et
2946 1369 3115 1426 sensu
3165 1357 3592 1426 intemperanter

2010 1421 2196 1497 abuti?
2240 1424 2516 1497 Ejusmodi
2556 1425 2957 1497 ratiocinationi
2989 1441 3055 1481 ac
3095 1421 3419 1497 conjecturae
3448 1425 3603 1482 locus

2011 1490 2369 1570 fortassenon
2403 1496 2614 1570 deesset
2640 1497 2912 1570 siprazter
2929 1490 3310 1570 Augustinum,
3334 1495 3596 1570 Hierony-

2010 1580 2156 1638 mum
2173 1574 2226 1621 et
2239 1565 2580 1622 Ambrosium
2597 1565 2771 1622 nullas
2788 1568 2977 1622 Patres
3005 1565 3060 1623 in
3075 1568 3308 1638 medium
3324 1565 3598 1638 proferret

2010 1634 2359 1708 Batramuus,
2380 1638 2473 1694 sed
2498 1638 2718 1708 insuper
2730 1639 2990 1696 continuo
3001 1639 3240 1708 prodidit
3260 1634 3603 1694 Sflsidorum

2010 1703 2382 1781 llispalensem
2433 1724 2580 1764 num.
2621 1703 2727 1781 '40,,
2771 1709 2843 1764 45
2881 1720 2938 1781 et
2980 1703 3082 1781 υς
3134 1709 3192 1766 S.
3218 1708 3601 1781 Fulgentium,

2010 1780 2291 1853 num._89_;
2333 1779 2841 1853 Sacramentariumr
2879 1779 2937 1836 S.
2981 1780 3259 1853 Gregorii,
3298 1778 3447 1853 nunt:
3489 1778 3599 1842 88;

2012 1846 2225 1906 Missale
2251 1850 2470 1921 Gelasii,
2505 1867 2653 1905 num.
2683 1851 2783 1918 85;
2815 1852 2883 1907 de
2906 1846 3133 1921 quibus',
3164 1852 3380 1921 dempto
3407 1849 3604 1905 Sacra-

312 1920 517 2002 inquit,
540 1922 946 2002 gmmturista,
983 1937 1088 2002 non
1115 1920 1365 2002 veritate;
1390 1921 1536 2002 quod
1564 1936 1679 1977 non
1701 1919 1903 2002 _catho-
1932 1940 1983 2002 Β
2012 1921 2279 2002 mentario
2403 1920 2649 2002 Gregorii
2673 1963 2698 2002 ,_
2735 1921 2881 1979 nulla
2916 1919 3120 2002 mentio
3155 1919 3299 2002 apud
3330 1919 3600 2002 Joannem

310 1990 424 2072 lice
466 1992 671 2048 dictum
697 2031 713 2057 ,
754 1992 800 2048 si
842 1993 976 2047 bene
1017 1998 1166 2048 tuam
1206 1990 1545 2063 vigilantiam
1590 1991 1748 2058 novi,
1792 2008 1903 2049 non

309 2078 556 2125 Ignoras,
587 2082 606 2115 ι

328 2077 766 2207 Βηὸᾚέέιῖοηεω
797 2141 944 2207 t_uam
984 2131 1142 2207 facile
1172 2132 1440 2207 friabilem
1467 2134 1720 2207 omittere
1746 2145 1903 2207 pote-

308 2214 400 2259 rat
428 2205 769 2261 dissertator.
806 2204 1016 2259 Revera
1042 2206 1188 2260 enim
1227 2206 1351 2262 bare
1370 2206 1547 2262 oratio
1582 2204 1905 2264 Sacramen-

309 2275 443 2359 ἐξιτξί
490 2277 663 2332 sancti
692 2274 943 2359 Gregorii
973 2277 1249 2359 conceptis
1296 2278 1476 2333 verbis
1517 2276 1715 2359 legitur
1736 2280 1903 2359 _apud

308 2345 675 2418 [latramnum
701 2388 735 2418 ,_
747 2345 842 2403 sed
871 2348 925 2402 in
951 2345 1312 2418 patrocinium
1339 2362 1530 2405 sensus
1572 2345 1824 2405 catholici
1850 2362 1906 2406 et

305 2415 383 2491 ab
405 2418 685 2491 _opini_oue
708 2416 935 2491 Joatinis
952 2415 1131 2491 'Scoti
1152 2419 1470 2491 alienissimi
1497 2434 1619 2474 eam
1645 2420 1900 2491 prodidit.

305 2488 525 2558 Quippe
553 2487 788 2545 Joannes
808 2487 1005 2562 Scotus
1031 2503 1099 2545 ex
1122 2490 1209 2546 his
1233 2490 1449 2556 verbis,
1476 2506 1593 2562 quia
1620 2487 1757 2545 rium:
1789 2508 1905 2562 spe-

305 2562 401 2632 cie
418 2562 669 2632 gerimus,
700 2576 875 2632 rerum
902 2561 1113 2632 veritate
1135 2562 1404 2632 capiamus
1423 2602 1439 2628 ,
1471 2560 1791 2617 defendebat
1817 2560 1903 2618 in-

306 2629 482 2714 telligi
512 2645 711 2702 corpus
736 2630 939 2714 Christi
973 2633 1026 2714 in
1050 2629 1220 2714 figura
1251 2640 1458 2688 tantum
1485 2632 1746 2714 existere,
1774 2650 1906 2714 neu-

304 2700 525 2773 tiqtram
556 2700 687 2757 vero
713 2702 831 2773 ejus
856 2700 1202 2773 existentiam
1230 2745 1245 2769 ,
1292 2718 1404 2759 rem
1451 2712 1506 2757 et
1544 2704 1905 2760 substantiam

305 2772 366 2826 in
417 2772 765 2829 Eucharistia
809 2773 1056 2843 reperiri.
1114 2772 1220 2829 Sed
1254 2790 1471 2830 sensum
1511 2788 1734 2844 prorsus
1774 2776 1906 2831 alie-

306 2859 446 2899 num
487 2853 544 2899 et
588 2852 974 2916 repugnantem
1015 2858 1101 2916 exp
1124 2845 1227 2902 hac
1266 2846 1514 2901 oratione
1538 2847 1767 2916 percipit
1797 2845 1905 2901 Ra-

307 2924 588 2997 ψιηηιιιεἔ
629 2914 990 2997 Existimabat
1017 2914 1163 2997 enim
1201 2931 1396 2997 corpus
1415 2926 1471 2972 et
1499 2914 1815 2997 sanguinem
1835 2919 1903 2997 ia

307 2985 486 3058 ﬁgura
511 2985 674 3058 ,_Ahoe
716 2994 802 3041 est
846 2986 948 3058 sub
978 2986 1283 3042 velamento
1300 2985 1362 3042 et
1393 2985 1677 3057 conopeis,
1704 2989 1904 3058 Speciei

306 3055 605 3112 invisibilis
635 3071 820 3112 revera
846 3057 1112 3113 existere:
1146 3058 1239 3114 sed
1263 3072 1371 3114 non
1395 3058 1448 3113 in
1471 3055 1640 3128 ﬁgura
1672 3055 1902 3125 tantum,

305 3136 365 3179 et
383 3139 493 3199 iper
522 3127 831 3199 haeeverba
857 3169 872 3193 ,
901 3144 1076 3182 rerum
1098 3130 1310 3183 veritate
1351 3127 1622 3199 capiamus
1648 3169 1663 3193 ,
1698 3128 1901 3186 intelli-

305 3198 478 3271 gebat
508 3197 1026 3271 manifestationemg
1049 3207 1106 3254 et
1146 3208 1386 3271 apertam
1405 3197 1663 3271 corporis
1684 3209 1740 3255 et
1769 3216 1900 3257 san-

305 3268 499 3338 guinis
530 3267 736 3325 Christi
773 3267 1194 3326 declarationem
1218 3271 1366 3325 omni
1393 3267 1561 3341 figura
1594 3285 1821 3327 vacuam
1846 3282 1901 3329 et

306 3349 614 3412 expertem.
634 3341 1013 3412 Quamobrem
1043 3342 1123 3397 sic
1166 3341 1399 3412 explicat
1437 3341 1738 3397 orationem
1764 3360 1894 3400 san-

305 3409 389 3465 cti
418 3407 927 3494 GregoriizgrDieit
966 3413 1108 3494 quod
1160 3407 1574 3494 injspeeiedlla
1613 3426 1894 3484 geruntur,

306 3495 423 3557 non
459 3481 515 3536 in
542 3482 801 3557 veritate,
845 3482 897 3537 id
939 3492 1024 3557 est
1064 3496 1161 3553 per
1188 3481 1638 3557 similitudinem,
1670 3499 1777 3540 non
1806 3481 1902 3557 per

305 3551 489 3624 ipsius
516 3552 593 3608 rei
621 3551 1135 3609 manifestationein.
1168 3574 1187 3608 ι
1226 3552 1285 3609 Si
1311 3554 1425 3610 haec
1451 3555 1615 3610 verba
1645 3571 1737 3624 per
1755 3551 1902 3611 εἱὶηἱο

305 3621 592 3696 litudingm
620 3664 637 3687 ,
677 3641 801 3696 non;
821 3641 914 3694 per
938 3624 1099 3696 ipsius
1132 3626 1207 3680 rei
1236 3621 1729 3694 manifestationem,
1752 3628 1901 3682 addi-

306 3692 485 3749 disset
512 3692 749 3751 Joannes
779 3692 996 3760 Scottis,
1022 3711 1295 3760 nunquam
1326 3692 1450 3750 eum
1473 3696 1699 3750 crimine
1729 3698 1903 3753 haere-

307 3764 393 3818 sis
421 3765 751 3834 postulasset
789 3766 1103 3834 Ascelinus;
1152 3764 1269 3823 haec
1313 3767 1457 3821 enim
1511 3781 1615 3820 vox
1667 3768 1899 3823 veritatis

306 3836 552 3908 quadam
580 3838 928 3908 amphibolia.
957 3839 1011 3895 id
1047 3846 1131 3893 est
1166 3836 1612 3907 :equivocatione,
1653 3836 1897 3906 laborat,

308 3907 395 3979 t_rti
437 3907 849 3965 observavimus
906 3910 962 3965 in
1011 3908 1327 3979 praefatione
1380 3908 1603 3979 hujusce
1652 3909 1900 3979 opusculi

309 3976 620 4052 Batrajtmi.
663 3979 773 4036 Nec
801 3980 974 4037 solum
1003 3976 1377 4052 signilieatirei
1407 3976 1751 4052 eiistentia’m
1778 3996 1900 4052 qute

309 4050 422 4104 sub
463 4048 653 4121 ﬁguris
702 4066 796 4106 seu
845 4052 979 4108 velis
1021 4048 1084 4107 ac
1112 4051 1457 4123 paropidibus
1481 4051 1780 4123 consistere
1794 4048 1901 4122 'po-

310 4128 461 4183 test,
512 4120 705 4195 verum
732 4124 897 4179 etiam
926 4120 1341 4195 patefaction'em
1375 4138 1469 4178 seu
1508 4120 1901 4195 manifestatio-

309 4204 443 4266 nem
483 4191 631 4266 omni
665 4194 833 4266 figura
864 4191 1129 4266 ac'tropo,
1164 4194 1315 4260 velo,
1338 4194 1584 4266 paropidi
1610 4194 1901 4251 insociabi-

309 4262 442 4318 lem.
502 4262 762 4333 Adeoque
800 4262 1159 4333 Ratramrius,
1187 4274 1246 4320 ut
1284 4262 1502 4321 sensum
1538 4279 1606 4320 ex
1653 4267 1900 4323 oratione

310 4333 493 4409 sancti
550 4332 798 4409 Gregorii
853 4337 1326 4409 quemﬂjtuendiim
1376 4336 1580 4409 recepit
1618 4335 1897 4409 explicet,

309 4404 481 4460 aliam
503 4404 805 4463 orationem
830 4404 979 4476 num.
1012 4408 1082 4462 75
1108 4423 1176 4462 ex
1217 4406 1418 4463 Missali
1452 4404 1652 4463 Gelasii
1684 4404 1896 4463 assum-4

310 4476 453 4549 psit,
473 4476 661 4549 inquo
694 4478 811 4535 haec
833 4479 998 4536 verba
1035 4479 1304 4549 leguntur,
1336 4488 1391 4533 ut
1419 4478 1561 4549 quod
1585 4479 1641 4532 in
1672 4478 1898 4549 imagine

306 4548 669 4621 contingimus
684 4588 701 4616 ,
744 4552 1057 4605 sacramenti
1081 4548 1357 4621 manifesta
1377 4548 1779 4621 participatione
1794 4566 1896 4621 su-

308 4633 541 4674 mamus.
561 4618 709 4677 Hanc
725 4621 1028 4677 orationem
1038 4662 1053 4686 ,
1069 4621 1183 4675 suis
1196 4618 1357 4675 rebus
1370 4618 1478 4675 non
1503 4618 1894 4676 conducibilem

309 4688 407 4763 sed
459 4672 866 4763 immolre};
877 4672 1091 4758 tas};
1104 4672 1352 4763 mihi;
1371 4672 1635 4763 155.35.;
1650 4672 1978 4763 satagit)

312 4758 551 4816 Sensum
595 4762 921 4819 catholicum
955 4779 984 4818 a
1014 4758 1309 4818 Batramno
1349 4763 1477 4818 huic
1515 4761 1636 4816 voci
1666 4762 1896 4817 veritatis

311 4830 614 4904 ascriptum
646 4832 923 4904 adoptavit
960 4832 1330 4899 Lanfraneus,
1375 4831 1901 4904 Cantitariensisar-

310 4901 726 4975 chiepiscopus,
750 4901 882 4962 ‘tldei
914 4906 1195 4962 catholicae
1229 4906 1486 4960 adversus
1509 4901 1896 4975 Berengarium

312 4971 571 5046 defensor
597 4971 937 5046 fortissimus
961 5017 978 5043 ,
1006 4977 1084 5032 uti
1123 4991 1189 5031 ex
1222 4975 1439 5046 Dialogo
1484 4974 1611 5046 ejus
1636 4971 1897 5031 adversus

312 5041 703 5119 Bgrengarium
757 5041 1139 5119 intelligimus,
1185 5047 1241 5102 in
1285 5041 1399 5116 quo
1440 5041 1567 5119 hac
1598 5044 1893 5119 leguntur;

320 5112 607 5189 «Postulat
630 5119 832 5189 quippe
870 5112 1126 5175 sa'cerdos
1170 5126 1231 5172 ut
1277 5112 1475 5187 corpus
1509 5112 1710 5189 Christi
1753 5112 1896 5186 quod

314 5185 416 5260 sub
445 5187 629 5260 specie
650 5185 817 5259 pan—is
836 5189 1052 5259 vinique
1080 5204 1222 5244 nunc
1249 5185 1477 5260 geritur,
1498 5185 1791 5260 manifesta
1817 5190 1897 5243 vi-

312 5255 867 5315 sione’sicut'revera
897 5255 982 5316 est
1029 5255 1352 5330 quandoque
1390 5258 1660 5328 capiatur,
1706 5260 1895 5314 verita:

312 5329 461 5401 enim
495 5344 596 5401 pro
623 5329 1530 5401 manifestationeiinsacrislitteris
1557 5330 1846 5401 reperitur.
1870 5348 1891 5382 ι

312 5396 448 5471 Quis
484 5396 615 5471 vero
656 5396 803 5471 dicat
846 5403 1009 5457 verba
1044 5400 1268 5457 Joannis
1304 5399 1453 5471 Scoti
1487 5396 1708 5455 totidem
1735 5399 1897 5471 plane

313 5469 541 5594 sfllabis
569 5473 624 5527 in
643 5470 936 5528 Lanfranei
964 5472 1104 5529 libro
1130 5472 1393 5544 reperiri?
1416 5470 1704 5527 Contendit
1719 5469 1895 5553 adhuc

314 5555 351 5600 D
373 5556 435 5596 us
462 5558 628 5600 quam
662 5552 842 5600 potest
871 5544 1187 5600 dissertator
1211 5545 1265 5598 in
1286 5558 1351 5598 eo
1365 5542 1512 5600 (ιιιοὰ
1537 5542 1893 5600 Berenaartus

373 5556 435 5596 IIS
462 5558 628 5598 quam
662 5556 842 5598 υοιθεῑ
871 5556 1187 5598 dissertator
1211 5558 1265 5598 111
1286 5556 1512 5598 8001100
1537 5556 1893 5598 uerenaarms

314 5554 435 5622 plus
462 5558 628 5614 quam
660 5554 842 5616 potest
871 5554 1187 5600 dissertator
1211 5554 1265 5598 tn
1286 5558 1351 5598 eo
1365 5554 1512 5614 quod
1537 5554 1893 5613 Iterengaruts

316 5627 377 5697 tan
416 5613 646 5697 epistola
688 5615 761 5697 ad
803 5614 1166 5697 Lanfraiicum
1210 5614 1287 5697 ait
1309 5612 1634 5697 sententiain
1672 5613 1897 5670 Joannis

318 5682 466 5740 Scoti
489 5699 613 5741 esse
641 5687 972 5742 contrariam
997 5686 1292 5742 Paschasio
1311 5694 1366 5742 et
1385 5684 1500 5741 fore
1525 5683 1687 5740 aliam
1716 5702 1746 5740 a
1772 5699 1900 5740 san-

316 5756 420 5831 ctis
446 5755 737 5831 Ambrosio
760 5799 775 5825 ,
804 5758 1148 5831 Hieronymo
1172 5765 1226 5812 et
1268 5757 1570 5831 Augustino
1592 5756 1903 5831 cuicunque

316 5826 594 5884 adversari
622 5829 855 5886 voluerit
882 5826 1076 5885 Joan'ni
1117 5828 1311 5895 Scoto;
1340 5826 1769 5884 lucubrationem
1795 5826 1901 5882 Ra-

319 5900 518 5956 tramni
541 5898 747 5957 nullam
776 5899 977 5959 habere
1001 5899 1495 5959 dissimilitudinem
1524 5914 1556 5954 a
1584 5898 1722 5956 libro
1737 5898 1901 5955 Joan-

2014 1988 2256 2046 Scotum.
2297 1988 2573 2063 Czeterum
2611 1993 2863 2063 Erigerus
2910 2008 3019 2049 non
3066 1988 3205 2049 dixit
3240 1991 3598 2048 Ratramnum

2010 2075 2130 2136 esse
2151 2063 2520 2136 adversarium
2551 2062 2827 2136 Paschasii
2854 2105 2896 2130 ,,
2923 2064 3018 2136 sed
3042 2078 3344 2136 anonymus
3360 2063 3601 2136 scriptor

2008 2130 2244 2206 Cellotii,
2268 2140 2575 2206 quemcum
2598 2135 2823 2206 Erigere
2848 2130 3594 2205 confundere'injurium—est.

2008 2202 2457 2275 Quamvis'enitn
2497 2205 2551 2259 in
2592 2202 2773 2275 aliquo
2799 2206 2985 2261 codice
3014 2202 3387 2275 manuscripto
3431 2206 3594 2275 quiu-

2007 2284 2290 2400 gentorum
2317 2274 2547 2331 fortasse
2576 2274 2840 2332 annorum
2872 2276 3084 2332 libellus
3118 2274 3372 2349 anonymi
3395 2274 3599 2345 praese-

2028 2354 2146 2400 erat
2175 2362 2372 2400 nomen
2395 2346 2634 2400 Eriaeri.
2671 2348 2864 2400 melius
2895 2356 3274 2400 argumentum
3315 2361 3599 2400 assumen-

2028 2346 2146 2430 erat
2175 2362 2372 2430 nomen
2395 2346 2601 2430 Erigeri
2619 2387 2652 2430 ,_
2671 2348 2864 2430 melius
2895 2346 3294 2430 argumentum_
3315 2361 3601 2430 assumen-

2008 2417 2135 2471 dum
2157 2427 2241 2474 est
2271 2418 2339 2473 ad
2367 2416 2744 2473 ascribendam
2772 2420 2889 2473 viro
2913 2416 3141 2488 sapienti
3170 2428 3225 2473 et
3262 2418 3327 2488 de
3354 2416 3599 2474 Ecclesia

2006 2502 2114 2542 non
2145 2489 2416 2544 immerito
2443 2497 2552 2544 tam
2582 2489 2787 2545 futilem
2820 2504 2884 2545 ac
2908 2487 3103 2544 vanam
3135 2487 3591 2545 lueubrationem.

2080 2558 2324 2632 Denique
2343 2560 2670 2632 dissertator
2715 2561 2794 2616 ait
2829 2576 2953 2632 pag.
2988 2560 3088 2616 168
3121 2559 3507 2632 Berengarium
3542 2559 3598 2632 iu

2008 2627 2252 2699 epistola'
2291 2630 2360 2686 ad
2410 2630 2741 2700 Richardum
2770 2673 2784 2696 ,
2831 2627 3001 2686 relata
3051 2639 3198 2686 tomo
3241 2627 3602 2700 ll'Spicilegii

2009 2701 2330 2757 Daeberiani
2354 2741 2371 2765 ,
2419 2701 2599 2756 dicere
2619 2699 2883 2756 Joannem
2916 2702 3136 2756 Scotum
3163 2700 3450 2770 scripsisse
3486 2699 3604 2755 mo-

2009 2773 2124 2843 nitu
2162 2781 2217 2826 et
2261 2772 2507 2843 pre_cario
2554 2771 2732 2827 Caroli
2762 2772 2947 2843 Calvi,
2996 2771 3152 2843 cujus
3200 2772 3410 2843 pariter
3444 2770 3603 2841 jussu

2009 2841 2291 2913 scripsisse
2341 2841 2699 2913 Batramnum
2750 2842 2906 2897 multi
2949 2841 3241 2913 opinantur
3275 2842 3375 2913 sub
3397 2857 3601 2898 annum

2007 2912 2133 2979 855,
2153 2928 2448 2985 Aquoganno
2476 2912 2641 2968 multa
2670 2913 2951 2969 catholicae
2981 2912 3106 2985 tidei
3128 2912 3407 2985 contraria
3437 2913 3491 2985 i_n
3517 2929 3605 2985 re;-

2009 3000 2114 3055 guo
2138 2982 2349 3050 caroli,
2382 2985 2500 3055 ipso
2534 2998 2752 3055 quoque
2779 3000 2887 3040 non
2914 2984 3130 3052 nescio,
3164 2983 3405 3039 Annales
3436 2982 3607 3041 Berti.

2008 3055 2158 3111 niani
2187 3055 2497 3112 prodidere.

2078 3126 2308 3200 Adkhaec
2337 3126 2492 3200 plura
2524 3129 2856 3200 respondere
2880 3126 3038 3185 facile
3065 3139 3168 3200 est.

2078 3196 2119 3253 1.
2148 3197 2283 3254 Cum
2313 3196 2541 3254 multum
2563 3196 2893 3256 discriminis
2922 3199 3222 3255 intercedat
3249 3199 3393 3255 inter
3411 3212 3605 3269 preces

2007 3270 2250 3342 etjussa,
2288 3269 2515 3342 multum
2552 3286 2767 3342 quoque
2796 3270 3012 3327 differre
3042 3285 3267 3335 necesse
3297 3269 3594 3342 sit_librum

2004 3340 2229 3413 Joannis
2281 3341 2429 3397 Scoti
2484 3348 2539 3395 et
2574 3340 2907 3413 ’Ratramni;
2950 3342 3147 3413 quippe
3197 3357 3318 3397 eum
3366 3340 3604 3413 Joannes

2005 3411 2203 3468 Seotus
2241 3413 2450 3468 monitu
2491 3422 2547 3467 et
2576 3413 2823 3483 precario
2845 3412 3024 3483 Caroli
3044 3411 3604 3483 ,dlatramnusjussu

2003 3484 2307 3552 scripserit.
2340 3483 2437 3539 His
2468 3480 2651 3540 verbis
2686 3484 2878 3554 incipit
2899 3482 3035 3537 liber
3066 3482 3347 3554 Batramni
3375 3502 3387 3537 :
3417 3480 3600 3539 Iussi-

2003 3556 2098 3626 stis
2117 3595 2132 3618 ,
2158 3555 2385 3626 gloriose
2423 3555 2695 3626 princeps,-
2726 3563 2781 3609 et
2806 3553 2884 3609 ex
2917 3553 3140 3626 epistola
3169 3553 3478 3625 Berengarii
3512 3555 3600 3609 iu-

2006 3622 2297 3694 telligimus
2338 3622 2611 3679 Joannem
2632 3625 2851 3681 Scotum
2881 3622 3151 3694 scripsisse
3175 3622 3374 3678 monita
3408 3635 3455 3678 et
3483 3641 3603 3694 pre-

2005 3696 2170 3750 cario.
2215 3695 2565 3759 Ratramnus,
2600 3694 2821 3750 humilis
2849 3695 3148 3750 monachus
3173 3695 3224 3749 in
3261 3694 3342 3749 sui
3377 3694 3601 3751 claustri

2004 3766 2218 3821 abditus
2257 3765 2500 3836 tenebris
2517 3806 2532 3829 ,
2558 3762 2727 3833 jussis
2759 3766 3106 3836 imperatoris
3131 3779 3197 3820 ae
3219 3765 3363 3836 regis
3387 3764 3602 3821 obtem-

2002 3844 2159 3907 perat
2175 3844 2232 3892 et
2270 3836 2324 3891 in
2366 3835 2541 3892 lucem
2568 3837 2777 3906 prodit:
2803 3836 3040 3893 Joannes
3071 3835 3601 3906 Scotus,supercilio

2003 3908 2242 3979 doctoris
2267 3907 2441 3962 elatus
2458 3948 2473 3973 ,
2498 3908 2758 3978 principis
2781 3908 2999 3963 monitis
3020 3916 3075 3964 et
3102 3908 3353 3979 precibus
3385 3909 3594 3979 annuit.

2074 3976 2139 4041 ll.
2169 3978 2420 4063 Haereses
2435 3976 2632 4063 quibus
2655 3976 2961 4063 agitabatur
2985 3976 3288 4063 respublica
3305 3978 3597 4062 anno,855,

2001 4066 2233 4121 quarum
2256 4051 2585 4105 mentionem
2607 4049 3062 4121 faciuntAnnales
3077 4049 3371 4105 Bertiuiani
3390 4090 3405 4116 ,
3420 4065 3602 4121 erum-

1999 4120 2132 4192 pere
2157 4136 2261 4192 non
2290 4130 2583 4192 pctuerunt
2606 4135 2675 4177 ex
2698 4122 2836 4177 libro
2865 4120 3147 4176 Ratramni
3167 4162 3184 4186 ,
3214 4123 3307 4192 qui
3336 4137 3460 4177 cum
3488 4120 3595 4178 Ca-

2002 4190 2121 4248 rolo
2146 4190 2310 4248 Calvo
2332 4192 2645 4263 imperatori
2675 4193 3076 4263 inscriptussit,
3103 4193 3173 4247 ad
3196 4190 3447 4248 Carolum
3469 4192 3596 4248 Ma-

2001 4280 2163 4334 gnum
2182 4261 2570 4335 imperatorem,
2588 4280 2694 4321 non
2709 4261 2887 4335 potuit
2909 4261 3047 4320 efﬁci
3070 4272 3123 4319 et
3148 4265 3202 4320 in
3219 4263 3395 4319 lucem
3414 4264 3595 4319 emitti

2005 4344 2133 4390 ante
2160 4344 2371 4404 tempus
2394 4337 2539 4404 quod
2566 4334 2826 4392 interfluit
2848 4336 2994 4391 inter
3020 4350 3222 4391 annum
3249 4335 3355 4391 875
3379 4342 3435 4391 et
3460 4334 3589 4403 877,

2003 4421 2112 4475 quo
2137 4406 2611 4477 desiititnperium
2639 4406 2817 4463 Caroli
2846 4404 3026 4473 Calvi;
3062 4407 3328 4477 siquidem
3357 4405 3599 4477 exauti-

2003 4475 2423 4550 qttiscodieibtis
2439 4478 2826 4550 manuscriptis
2841 4517 2857 4544 ,
2872 4475 3178 4549 exscriptus
3200 4478 3271 4533 sit
3294 4477 3395 4550 hic
3406 4475 3596 4532 titulus

2002 4545 2074 4621 ᾱςι
2096 4545 2347 4621 Ceratum
2364 4545 2983 4621 Calvumimpe'ratorem.
2996 4545 3083 4621 VA’t
3107 4563 3237 4621 vero
3254 4547 3598 4621 continenter

2004 4619 2084 4691 ait
2112 4618 2431 4691 dissertator
2469 4618 2917 4691 eadem'pagina,
2952 4618 3149 4691 librum
3180 4618 3248 4673 de
3279 4618 3520 4691 Corpore
3542 4626 3604 4673 et

2007 4689 2282 4760 Sanguine
2308 4689 2535 4760 Domini
2565 4686 2732 4746 fuisse
2763 4686 3082 4745 damnatum
3117 4690 3171 4743 in
3205 4686 3435 4760 concilio
3462 4686 3599 4760 Ver-

2002 4758 2600 4817 cellénsieti’arisieusi
2629 4775 2773 4816 anno
2799 4760 2939 4816 1050
2957 4801 2973 4827 ,
3006 4761 3335 4829 tandemque
3365 4758 3598 4814 flammis

1982 4840 2300 4886 .erematum
2339 4830 2394 4885 in
2442 4832 2674 4888 concilio
2708 4831 2955 4888 Romano
2993 4829 3094 4885 sub
3124 4829 3346 4885 Nicolao
3378 4829 3422 4885 ll
3453 4844 3599 4886 anno

2004 4900 2175 4967 1059,
2198 4916 2321 4956 cum
2353 4902 2708 4973 inscriptione
2733 4902 2968 4958 nominis
2995 4898 3221 4955 Joannis
3251 4900 3400 4973 seoti
3420 4919 3437 4969 ;
3460 4916 3597 4971 quo-

2002 4973 2149 5028 niam
2192 4982 2321 5026 tunc
2365 4974 2625 5043 temporis
2664 4987 2827 5029 verus
2866 4978 3058 5043 auctor
3090 4979 3209 5043 erat
3237 4972 3507 5029 indicatus
3538 4980 3595 5043 et

2002 5052 2351 5126 perspectus,
2398 5042 2571 5126 eaque
2606 5046 2687 5126 de
2706 5058 2869 5126 causa
2907 5042 3234 5126 paucissima
3262 5042 3598 5126 exemplaria

2000 5112 2218 5171 exstare
2263 5113 2363 5171 sub
2400 5112 2616 5172 nomine
2648 5112 2932 5186 Batramni
2970 5113 3085 5170 sive
3114 5112 3380 5171 Bertrami
3404 5112 3597 5186 {quod

2003 5188 2197 5242 horum
2243 5185 2593 5242 conciliorum
2636 5183 2970 5257 tempoi'ibus
3010 5187 3348 5256 suppositum
3392 5183 3593 5243 nomen

2001 5259 2489 5328 recognoscebatur
2513 5276 2529 5311 ι
2556 5266 2612 5312 et
2633 5257 2784 5312 addit
2800 5271 2919 5313 eam
2935 5257 3006 5311 ob
3019 5272 3131 5312 rem
3148 5272 3254 5328 non
3271 5257 3449 5314 visum
3474 5270 3599 5313 esse

2001 5329 2103 5384 sub
2143 5327 2360 5383 nomine
2398 5328 2680 5400 Ratramni
2722 5338 2848 5400 ante
2880 5343 3080 5383 annum
3116 5327 3292 5394 1526,
3322 5328 3391 5384 ad
3422 5342 3591 5400 quem

2001 5414 2171 5470 usque
2198 5415 2264 5455 ex
2280 5414 2345 5453 eo
2367 5408 2608 5471 tempore
2634 5399 2799 5456 altttm
2814 5399 2991 5455 fuerat
3022 5400 3162 5470 apud
3179 5415 3372 5456 omnes
3401 5399 3468 5455 de
3489 5400 3593 5455 hoc

2000 5469 2140 5525 libro
2166 5469 2618 5526 silentiumJJam
2647 5487 2777 5527 vero
2802 5471 2963 5537 si,res
2989 5469 3071 5528 ita
3092 5472 3231 5537 sint,
3261 5471 3406 5527 dicat
3436 5472 3595 5528 nobis

2001 5542 2340 5614 dissertator_
2363 5541 2461 5614 qui
2499 5543 2615 5598 ﬁeri
2650 5543 2965 5614 potueritut
2994 5551 3073 5599 tot
3090 5542 3354 5614 concilia,
3388 5551 3467 5598 tet
3489 5542 3592 5597 viri

2002 5613 2268 5673 illustres,
2322 5612 2684 5680 Lanfrancus,
2734 5614 3045 5679 Ascelinus,
3087 5612 3415 5679 Durandus,
3456 5616 3595 5669 adeo

2002 5680 2265 5759 consopiti
2297 5685 2496 5740 fuerint
2517 5693 2578 5740 ut
2598 5686 2740 5759 hanc
2768 5686 3109 5759 ἕτιρωννμίαν
3133 5684 3348 5759 silentio
3368 5692 3594 5759 praeter-
3648 5754 3651 5757 ν

2004 5755 2286 5820 miserint,
2326 5770 2427 5810 nec
2459 5764 2567 5812 tam
2595 5754 2914 5812 insolentem
2946 5754 3180 5812 nominis
3198 5754 3592 5825 subjectionem

2004 5825 2195 5881 Joanni
2228 5825 2392 5883 Scoto
2422 5830 2953 5891 obtrectaverint,et
2967 5827 3279 5884 memoriam
3308 5825 3593 5881 Ratramtri

2005 5897 2110 5952 viri
2150 5898 2327 5966 docti,
2353 5899 2450 5970 pii,
2487 5900 2552 5957 de
2587 5898 2826 5955 Ecclesia
2861 5897 3136 5956 Gallicana
3171 5896 3394 5954 infinitis
3424 5891 3594 5952 titulis
