4088 6344
517 441 613 498 179

1120 442 1573 500 DISSERTATIO
1608 445 1671 499 ΙΝ
1716 445 1843 502 LIB.
1890 447 1976 502 DE
2015 446 2333 504 CORPORE
2376 447 2462 505 ET
2499 449 2846 508 SANGUINE
2888 452 3144 510 DOMINI.

3682 459 3778 516 186

508 560 646 645 bene
681 552 862 644 meriti
880 604 893 625 ,
921 558 1288 645 aliejusmodi
1313 560 1533 645 iLmresis
1559 559 1887 645 coptumeiia
1913 571 1967 645 et
1992 576 2090 645 op.
2119 563 2163 622 Α
2195 562 2481 645 non‘m‘odo
2505 577 2675 632 nuper
2704 581 2733 619 a
2751 564 3083 622 Tridentinis
3105 568 3420 625 censoribus
3448 547 3783 645 summisque

546 632 731 686 robrio
755 647 860 686 non
886 632 1291 686 viudicaveriut.
1323 630 1433 701 Ego
1455 646 1587 685 vero
1617 631 1791 686 fateor
1821 647 1907 686 me
1932 630 2089 686 intel-

546 644 731 686 ronrto
755 647 860 686 non
886 644 1291 686 vmaicavermt.
1325 644 1433 701 tego
1455 646 1587 685 vero
1617 644 1791 686 lateor
1821 647 1907 686 me
1932 644 2089 686 intel-

508 644 675 771 iigere
696 718 800 757 non
824 717 979 773 posse
1006 718 1071 757 ex
1099 718 1205 770 quo
1228 703 1544 757 dissertator
1565 702 1664 757 sibi
1690 704 1921 773 suaserit
1945 714 2092 772 post-

506 788 669 842 quam
699 772 936 828 cremata
960 773 1159 827 fuerint
1177 774 1508 844 exemplaria
1535 773 1658 828 libri
1689 775 1754 828 de
1779 772 2017 844 Corpore
2035 783 2091 829 et

511 844 787 916 Sanguine
810 844 1052 901 Domini.
1097 860 1202 899 non
1233 845 1345 916 visa
1376 860 1495 899 esse
1524 854 1648 899 ante
1679 861 1877 916 annum
1922 845 2087 913 i525,

505 918 607 969 sub
637 915 848 969 nomine
871 916 1154 979 Bertramii
1199 925 1292 969 aut
1318 915 1594 969 Ratramni
1628 932 1749 970 nam
1775 915 2089 986 Sigebertus

503 987 699 1058 smnio
733 1003 806 1041 xu
832 1028 846 1049 ,
878 987 1084 1041 scilicet
1118 1001 1261 1041 anno
1304 988 1718 1058 quadragesimo
1754 998 1870 1057 post
1908 990 2090 1043 conci-

504 1056 629 1111 lium
664 1057 965 1111 Romanmn
986 1098 999 1121 ,
1032 1068 1277 1112 recenset
1303 1058 1497 1111 librum
1521 1056 1587 1111 {te
1607 1056 1843 1128 Corpore
1875 1067 1928 1113 et
1952 1059 2089 1114 San-

500 1131 660 1200 guine
694 1129 899 1183 Domini
930 1130 1031 1183 sub
1052 1130 1269 1182 nomine
1295 1128 1571 1181 Ratramni
1606 1130 1744 1183 inter
1767 1131 1968 1200 scripta
1995 1146 2087 1185 ca-

501 1199 694 1251 tholica
721 1211 773 1253 et.
799 1200 1097 1253 orthodoxa
1124 1200 1479 1264 Trithemius,
1508 1200 1674 1254 abbas
1689 1199 2090 1268 Spanemiensis

500 1269 695 1323 sterulo
744 1287 809 1324 xv
854 1271 904 1323 in
933 1271 1188 1339 Catalogo
1224 1270 1560 1339 Scriptorum
1599 1272 2088 1327 ecclesiasticorum

502 1340 642 1393 idem
675 1352 918 1411 ptarslat,
944 1350 997 1394 et
1028 1341 1249 1411 vestigia
1283 1340 1546 1410 Sigeberti
1571 1342 1885 1411 ingeminat.
1915 1343 2089 1398 Antea

499 1412 816 1481 Auonvnius
852 1412 1213 1476 Cellolianus,
1260 1412 1402 1477 sive,
1446 1420 1504 1465 ttt
1549 1421 1700 1479 ptttat
1737 1414 2087 1481 dissertator,

500 1478 785 1551 Erigerus,
820 1482 1171 1537 Ratramnum
1205 1482 1446 1553 ejusdem
1482 1478 1604 1536 libri
1638 1491 1911 1539 auctorem
1945 1478 2087 1539 indi;

497 1553 631 1620 gitat
676 1569 689 1607 :
729 1562 781 1608 et
813 1554 1050 1624 Joannes
1083 1553 1424 1617 Fischerius,
1462 1553 1747 1624 episcopus
1777 1554 2046 1611 Rolfensis
2072 1597 2085 1620 ,

498 1624 615 1691 ipso
628 1640 778 1695 anno
804 1623 958 1679 1526.
990 1622 1130 1679 Nihil
1152 1624 1317 1695 igitur
1334 1634 1441 1679 tam
1470 1622 1510 1678 a_
1527 1622 1659 1680 vero
1676 1626 1908 1680 alienum
1924 1642 2085 1695 quam

497 1694 639 1763 quod
674 1696 806 1748 dixit
836 1697 1155 1750 dissertator
1182 1694 1349 1765 usque
1386 1697 1452 1749 ad
1483 1711 1683 1750 ammm
1741 1696 1878 1751 1526
1920 1694 2087 1751 altum

498 1765 638 1832 apud
680 1779 867 1820 omnes
902 1768 1018 1835 ejus
1049 1766 1167 1820 libri
1206 1767 1303 1820 sub
1341 1767 1621 1821 Ratramni
1672 1768 1889 1821 nomine
1924 1766 2087 1823 fuisse

496 1835 790 1905 silentium.
837 1836 1103 1892 Czetcrum
1145 1838 1187 1890 si
1234 1837 1356 1905 quis
1397 1837 1561 1892 libros
1595 1837 1817 1892 Joannis
1844 1838 1990 1893 Secti
2022 1842 2087 1893 de

495 1904 975 1985 Praedcstinatione
1016 1916 1108 1962 aut
1146 1904 1265 1985 Περξ
1301 1911 1497 1985 populi
1525 1913 1782 1985 μερίσμᾳυ
1819 1910 2080 1985 applicata

495 1985 674 2050 metite
705 1979 846 2050 legat
866 2020 879 2041 ,
909 1988 1113 2033 tantam
1137 1979 1256 2050 styli
1287 1979 1643 2035 differentiam
1668 1979 2080 2047 animadvertet,

497 2056 573 2123 tot
602 2046 789 2103 Patres
817 2048 1037 2123 Grzccos
1068 2046 1323 2121 mysiicos
1346 2060 1399 2105 et
1421 2052 1686 2107 asretieos
1712 2055 1907 2106 citatos
1933 2046 2083 2123 repe-

498 2118 599 2171 riet
634 2135 861 2194 quorum
904 2118 1427 2194 utillittttj'estigitim
1457 2134 1547 2175 aut
1577 2124 1784 2177 sulcum
1840 2118 2081 2194 interno-

493 2203 647 2263 seere
691 2190 813 2246 licet
845 2192 895 2245 in
929 2192 1079 2247 libris
1112 2190 1417 2256 Ratrafuni,
1445 2204 1502 2247 ut
1529 2195 1725 2248 librum
1753 2195 1819 2248 de
1842 2193 2082 2263 Corpore

495 2268 551 2333 et
573 2260 844 2333 Sanguine
875 2263 1081 2317 Domini
1114 2264 1213 2317 sub
1242 2264 1522 2318 Ratramni
1564 2265 1779 2318 nomine
1808 2260 2082 2333 vulgatum

495 2327 1022 2404 Joanni'Scotigentc
1050 2335 1361 2405 adjndicare
1389 2344 1443 2389 et
1474 2336 1712 2391 insolens
1746 2345 1798 2390 et
1826 2327 2085 2405 superva-

490 2414 715 2456 caneum
746 2420 867 2459 esse
895 2406 1156 2459 videatur.

566 2472 949 2549 Verumtamen
977 2477 1065 2549 hic
1092 2492 1254 2549 unum
1286 2478 1701 2549 przetermittere
1727 2493 1832 2533 non
1863 2493 2082 2549 possum

492 2545 633 2669 Euod
663 2545 886 2615 hujusce
921 2545 1028 2601 litis
1064 2545 1669 2604 omnino—decretorium
1700 2564 1819 2604 esse
1849 2545 2081 2604 videtur.

537 2625 718 2669 onstat
748 2618 892 2669 enim
931 2617 1195 2669 Joannem
1236 2617 1456 2669 Scotum
1495 2636 1690 2669 cornus
1721 2619 1923 2669 Christi
1966 2630 2081 2669 post

537 2625 718 2670 onstat
748 2618 892 2690 enim
931 2617 1195 2673 Joannem
1236 2617 1456 2675 Scotum
1495 2636 1690 2690 corpus
1721 2619 1923 2674 Christi
1966 2630 2086 2690 post

495 2689 948 2743 resurrectionem
981 2704 1079 2743 nec
1110 2691 1360 2745 sensibus
1392 2689 1671 2746 tractabile
1698 2707 1798 2745 nec
1824 2689 2084 2746 carneum

493 2756 835 2813 existimasse
862 2800 876 2824 ,
910 2770 970 2814 ut
997 2761 1345 2828 intelligimus
1371 2776 1438 2816 ex
1465 2763 1602 2817 libro
1632 2777 1662 2814 v
1699 2764 1764 2818 de
1814 2762 2086 2817 Divisione

497 2830 1035 2903 natttraa,-_pag.293,
1061 2849 1211 2885 num.
1229 2832 1296 2886 37
1324 2852 1336 2886 :
1366 2852 1384 2883 ε
1405 2832 1664 2903 Quisquis
1690 2842 1870 2887 autem
1912 2836 2084 2889 sancti

496 2898 1150 2975 Ambrosiifiregoriiquc
1176 2898 1469 2975 :l‘h‘eologi',
1495 2898 1804 2975 diligentius
1831 2904 1973 2959 dicta
2004 2906 2086 2959 in-

494 2970 771 3047 spexerit,
806 2970 1040 3047 inveniet
1064 2970 1310 3042 profecto
1333 2970 1435 3047 non
1464 2970 1814 3030 mutationem
1844 2976 2086 3047 corporis

495 3040 698 3114 terreni
730 3042 782 3114 in
808 3042 1027 3114 cmleste
1054 3040 1281 3114 corpus,
1322 3046 1415 3098 sed
1453 3047 1675 3099 omnino
1707 3040 1993 3100 transitum
2031 3047 2085 3101 in

494 3104 669 3185 ipsum
698 3112 946 3185 spiritum
972 3129 986 3167 :
1015 3127 1122 3167 non
1143 3104 1192 3168 in
1216 3104 1363 3169 illum
1390 3116 1479 3185 qui
1511 3117 1709 3179 tether,
1741 3117 1834 3170 sed
1863 3118 1911 3169 in
1938 3117 2087 3171 illum

494 3182 586 3248 qui
608 3182 910 3257 intellectus
927 3185 1212 3257 vocitatur.
1226 3203 1246 3237 ι
1265 3182 1579 3242 Ambrosius
1591 3188 1852 3257 siquidem
1869 3203 2086 3243 omnem

497 3253 940 3329 compositionem
995 3254 1198 3329 aufert,
1240 3258 1313 3329 ita
1367 3266 1423 3311 ut
1464 3267 1583 3329 post
1634 3253 2084 3315 resurrectionem

2195 633 2537 702 pontificibus
2556 649 2785 691 censura
2807 646 3027 694 notatus
3055 649 3158 695 est.
3196 659 3212 691 ι

2759 766 3064 809 καθωκειο.

2264 840 2322 896 Si
2362 851 2523 916 tantae
2566 844 2908 899 admirationi
2951 846 3125 900 locum
3171 847 3407 901 inveniat
3436 846 3783 916 dissertator,

2192 926 2256 965 ex
2288 927 2354 967 eo
2380 914 2523 984 quod
2552 917 2806 968 tuendum
2840 918 3143 985 receperint
3174 917 3370 971 librum
3404 917 3690 974 Ratramni
3719 914 3787 975 de

2192 985 2431 1060 Corpore
2455 995 2509 1039 et
2532 985 2806 1055 Sanguine
2829 987 3167 1060 Dominiviri
3188 989 3406 1057 quidam
3439 990 3671 1060 theologi
3708 1000 3788 1045 ta-

2194 1056 2349 1131 metsi
2379 1072 2603 1131 censura
2630 1066 2871 1131 notatum
2897 1059 3025 1112 etin
3054 1056 3281 1112 indiciam
3312 1060 3571 1114 librorum
3599 1056 3789 1131 prohi-

2193 1123 2426 1201 hitorutn
2455 1126 2763 1201 relegatum
2809 1130 2879 1183 ab
2919 1130 3386 1201 examinatoribus
3425 1123 3700 1201 deputatis
3750 1148 3785 1187 a

2195 1197 2425 1272 concilio
2454 1197 2770 1272 Tridentiuo
2793 1207 2847 1255 et
2873 1201 2940 1253 ab
2963 1200 3204 1269 ipm‘smet
3228 1197 3788 1272 Romanis-pontifici-

2198 1265 2298 1342 bus
2324 1268 2578 1342 majorem
2602 1268 2762 1342 faciet
2790 1265 3204 1342 admirationem
3239 1274 3459 1342 antiqua
3488 1265 3653 1328 missa
3681 1272 3788 1328 La-

2196 1337 2304 1391 tina
2332 1355 2492 1415 quam
2518 1339 2771 1415 Matthias
2795 1340 3020 1415 Flaccus
3050 1343 3291 1413 Illyricas
3312 1337 3558 1414 proxime
3595 1343 3788 1415 elapso

2194 1409 2391 1482 Steculo
2420 1411 2733 1479 Argentintc
2770 1414 2909 1482 typis
2938 1409 3181 1468 mandari
3217 1409 3446 1468 curavit.
3488 1409 3791 1472 Enimvero

2191 1479 2478 1554 primulum
2517 1482 2689 1554 lucent
2733 1479 3000 1551 publicam
3040 1485 3172 1538 vidit
3206 1499 3307 1554 ope
3337 1487 3573 1541 hominis
3602 1487 3788 1543 haere-

2192 1550 2303 1611 tici,
2335 1550 2784 1621 quemadmodum
2814 1554 2946 1608 liber
2978 1550 3277 1614 Ratramni,
3323 1567 3377 1611 et
3408 1558 3477 1611 ab
3502 1558 3792 1613 examina.

2193 1622 2401 1696 toribns
2421 1622 2632 1696 concilii
2660 1622 2960 1696 Tridentini
2983 1626 3323 1696 :equabiliter
3344 1629 3394 1681 in
3424 1628 3599 1682 indice
3628 1628 3792 1685 libris

2192 1692 2475 1773 prohibitis
2516 1703 2763 1773 coaptata
2812 1695 2945 1773 fuit,
2975 1692 3064 1751 uti’
3084 1699 3391 1767 perspicere
3422 1699 3578 1773 facile
3613 1709 3701 1773 est
3730 1701 3792 1755 in

2192 1763 2385 1838 iudicis
2414 1766 3008 1838 appetulice‘secunda;
3038 1763 3405 1824 verumtamen
3442 1770 3601 1824 hodie
3639 1770 3793 1838 ejus-

2192 1833 2333 1909 modi
2346 1833 2517 1909 tnissa
2542 1835 2632 1909 lily
2642 1837 2733 1909 ri_ri
2752 1837 3016 1891 catholica
3034 1848 3087 1892 et
3100 1841 3397 1893 orthodoxa
3418 1833 3700 1909 reputatur
3714 1844 3790 1896 ab

2189 1904 2440 1981 omnibus
2460 1904 2633 1981 doctis
2663 1906 2915 1981 Ecclesiae
2935 1910 3308 1979 scriptoribus,
3329 1921 3381 1965 et
3403 1904 3628 1981 ali-ipsis
3662 1927 3795 1981 pro-

2190 1977 2509 2031 testantibtts
2534 1978 2839 2053 hominibus
2862 1977 3115 2050 tanquam
3138 1982 3250 2035 suis
3273 1977 3611 2053 dogmatibus
3630 1977 3793 2040 valde

2189 2061 2496 2132 reptltgnans
2525 2049 2828 2132 etadvcrsa
2862 2054 3192 2132 repudiatur.
3239 2049 3367 2117 Ejus
3401 2054 3559 2132 fidem
3597 2064 3668 2132 et“
3688 2055 3790 2132 ὀρ-

2186 2116 2412 2181 θοδόξιαν
2448 2118 2742 2174 vindicavit
2784 2116 3243 2176 enititietitissitiitts
3279 2116 3588 2179 icardinalis
3630 2116 3793 2181 Bona

2187 2186 2389 2263 lit-runt
2422 2189 2789 2263 liturgiearitm
2815 2190 2906 2245 lib.
2935 2209 2972 2253 ι,
2999 2210 3118 2263 cap.
3144 2193 3227 2257 12,
3255 2208 3558 2263 novamque
3580 2197 3792 2250 editio-

2187 2274 2310 2338 nent
2342 2258 2457 2338 fieri
2494 2262 2544 2338 in
2558 2258 2875 2338 'Appendice
2897 2263 2960 2338 ad
2988 2258 3180 2338 librum
3202 2268 3266 2320 de
3290 2258 3787 2338 iiebtts'liturgicis,

2186 2338 2238 2406 et
2256 2329 2316 2382 Ρ.
2334 2332 2601 2406 Cpintius,
2618 2329 2857 2406 Oratorii
2877 2337 3020 2388 dom.
3041 2329 3167 2389 Jestt
3191 2338 3498 2406 Presbyter,
3521 2337 3572 2391 in
3591 2329 3791 2392 A'nna;

2185 2399 2326 2454 libus
2354 2402 2746 2458 Ecclesiasticis
2776 2403 3137 2469 Francorum,
3171 2399 3494 2461 curaverunt
3526 2411 3793 2463 emenda-

2187 2472 2377 2545 tiorem
2401 2484 2455 2526 et
2482 2476 2652 2545 magis
2673 2477 3013 2543 castigatam,
3036 2479 3173 2531 sicut
3198 2479 3475 2531 iiatramni
3495 2478 3690 2532 librqu
3714 2480 3793 2535 de

2185 2543 2424 2619 Corpore
2440 2553 2493 2598 ct
2506 2543 2779 2617 Sanguine
2799 2547 3008 2602 Domini
3024 2551 3450 2603 emendatiorem
3468 2563 3534 2603 ex
3552 2552 3791 2619 antiquo

2185 2614 2372 2686 codice
2411 2614 2778 2686 manuscripto
2811 2634 2931 2672 cum
2977 2634 3107 2673 cura
3148 2631 3205 2674 et
3246 2620 3350 2675 ilde
3387 2614 3788 2686 expressimus.

2187 2684 2703 2760 Eamdeinmissani
2748 2689 2995 2743 Latinam
3038 2690 3386 2759 inquisitores
3426 2684 3668 2760 Hispani,
3698 2706 3792 2747 re-

2187 2764 2400 2834 gnante.
2414 2756 2661 2834 Philipr
2672 2762 2951 2834 secundo,
2965 2756 3191 2834 censors
3214 2756 3534 2834 alfecerunt,
3551 2763 3790 2834 instiga-

2189 2828 2333 2881 tione
2362 2827 2684 2885 Ferdinandi
2714 2830 2991 2898 Toletani,
3033 2832 3187 2887 ducis
3226 2833 3501 2897 Albensis,
3545 2827 3793 2890 hominis

2186 2898 2364 2974 studio
2384 2899 2656 2974 religionis
2668 2902 2945 2957 catholica:
2967 2918 3069 2974 non
3088 2904 3259 2957 solum
3279 2905 3574 2974 ﬂagrantis,
3589 2920 3791 2961 verum

2187 2970 2360 3041 etiam
2374 2970 2623 3041 furentis,
2653 2988 2814 3041 quem
2848 2974 2979 3028 dicit
3006 2972 3211 3029 lesuita
3251 2970 3542 3030 Fannianus
3578 2974 3787 3030 Strada

2185 3053 2252 3115 ex
2280 3039 2486 3094 bellicis
2519 3039 2799 3115 tormentis
2835 3042 3010 3099 fusum
3034 3045 3342 3115 Antuerpla:
3370 3045 3423 3099 in
3448 3046 3636 3101 eadem
3666 3045 3793 3102 bei-

2188 3108 2288 3164 lica
2314 3119 2580 3166 tormenta
2607 3112 2844 3170 refusum
2867 3116 3051 3170 fuisse.
3080 3108 3365 3177 Enimvero
3392 3117 3791 3172 nihiladmira-

2191 3182 2335 3258 tione
2358 3184 2580 3258 dignum
2600 3186 2644 3239 si
2667 3188 2739 3258 ob
2755 3186 3016 3255 ejusmodi
3043 3187 3325 3241 tribunalis
3343 3186 3633 3258 judicibus,
3658 3189 3790 3258 qui-

2189 3252 2288 3305 bus
2312 3252 2621 3325 Δἰιιιςηυειηιὶει
2654 3252 2797 3311 nulla
2839 3274 2868 3311 a
2909 3259 3049 3313 cosio
3082 3260 3276 3312 tradita
3307 3252 3408 3324 est,
3433 3252 3689 3325 judicata'
3721 3268 3789 3315 et

497 3334 728 3400 corpus,
759 3332 809 3377 et
836 3325 1012 3379 anima
1035 3365 1048 3389 ,
1077 3338 1131 3400 et
1161 3322 1495 3400 intellectus,
1525 3344 1688 3383 unum
1720 3330 2083 3383 sintetunum
2112 3322 2156 3383 C
2188 3323 2542 3400 QOIldelpnata
2574 3327 2813 3382 virorum
2857 3330 3137 3383 doctorum
3174 3343 3334 3400 opera
3369 3322 3569 3384 auxilio
3601 3338 3658 3383 et
3683 3330 3788 3384 de-

494 3391 722 3469 siniplex
753 3410 926 3469 neque
950 3411 1015 3451 ex
1052 3399 1222 3452 tribus
1248 3391 1593 3467 conjunctum
1615 3407 1700 3463 ,et
1720 3415 1839 3469 qua!
1859 3402 1947 3455 hic
1980 3400 2083 3454 tria

494 3463 776 3541 videntur,
824 3466 931 3541 illic
970 3484 1109 3522 unus
1146 3463 1450 3525 intellectus
1488 3463 1753 3525 elliciturf
1790 3471 2084 3541 Gregorius

493 3533 747 3592 similiter
792 3548 846 3591 et
901 3538 1281 3595 incunctanter
1320 3544 1519 3596 astruit
1561 3533 1929 3597 mutationem"
1964 3556 2085 3597 cor-

566 3606 642 3679 ris
682 3618 925 3679 tempore
968 3613 1382 3668 resurrectionis
1406 3613 1460 3667 in
1498 3614 1769 3677 animam,
1805 3614 1998 3667 anima:
2030 3613 2082 3667 in

513 3677 826 3734 ntellectum
845 3721 859 3746 ,
891 3691 947 3737 et
975 3681 1279 3738 intellectus
1305 3684 1357 3738 in
1390 3683 1556 3739 Deum
1584 3726 1597 3750 ,
1626 3700 1690 3738 ac
1716 3685 1793 3737 sic
1822 3685 2002 3738 omnia
2028 3684 2081 3738 in

490 3751 744 3820 omnibus
774 3751 915 3806 Deus
940 3753 1064 3818 erit,
1083 3755 1222 3809 sicut
1250 3770 1346 3810 aer
1362 3756 1611 3820 vertitur,
1643 3756 1694 3809 iu
1730 3755 1923 3811 lucem.
1966 3775 1985 3805 ι
2020 3756 2085 3809 Et

491 3816 732 3895 ejusdem
761 3822 880 3877 libri
916 3816 1063 3895 num.
1096 3826 1165 3881 58
1196 3842 1209 3879 :
1247 3844 1266 3876 ι
1298 3825 1355 3880 Si
1384 3842 1511 3895 ergo
1538 3816 1920 3880 transformata
1954 3842 2083 3881 caro

489 3887 692 3945 Christi
721 3895 898 3968 esttin
930 3893 1024 3968 Dei
1075 3898 1326 3949 virtutem
1372 3906 1425 3949 et
1447 3887 1683 3967 ‘spiritus
1723 3898 2083 3968 incorruptio-

491 3974 636 4039 nem,
666 3964 1210 4039 profectojpsacaro
1240 3967 1415 4039 virtus
1449 3964 1532 4021 est
1564 3978 1618 4021 et
1663 3964 2082 4039 incorruptibilis

491 4031 714 4108 spiritus
734 4049 748 4098 ;
768 4051 832 4108 ac
852 4035 895 4087 si
917 4031 1005 4088 Dei
1024 4036 1194 4090 virtus
1205 4048 1283 4090 est
1300 4038 1545 4107 spiritus,
1564 4040 1761 4108 ubique
1776 4047 1857 4093 est
1873 4031 1976 4092 non
1995 4053 2082 4093 so-

493 4099 599 4152 lum
623 4117 791 4180 super
820 4104 1019 4180 locaet
1039 4114 1302 4180 tempora,
1330 4099 1717 4163 'verumctiat'n
1739 4124 1899 4180 super
1922 4125 2081 4163 omne

491 4172 635 4250 quod
684 4172 771 4228 est
825 4175 968 4250 nulli
991 4172 1211 4232 dubium
1244 4180 1374 4248 quin
1410 4181 1523 4250 ipsa
1557 4195 1682 4233 caro
1739 4172 1991 4233 virtutem
2028 4190 2080 4234 et

491 4242 741 4315 spiritum
790 4246 1174 4303 transformata
1227 4242 1371 4304 nullo
1399 4242 1906 4314 loco'coutineatur,
1935 4251 2078 4307 nullo

493 4321 734 4392 tempore
788 4327 1055 4392 mutetur;
1098 4321 1189 4373 sed
1229 4321 1367 4375 sicut
1410 4322 1499 4377 Dei
1546 4322 1716 4376 virtus
1742 4331 1796 4375 et
1826 4323 2075 4392 spiritus,

492 4382 728 4460 Verbum
760 4388 1008 4444 videlicet
1037 4393 1178 4460 quod
1214 4393 1376 4446 etiam
1423 4394 1474 4447 in
1515 4395 1773 4447 unitatem
1813 4382 1914 4448 sibi
1952 4382 2078 4447 sub;

490 4458 704 4535 stantia!
731 4471 1013 4529 acceperat
1034 4458 1253 4526 {omnia
1285 4464 1397 4518 loca
1431 4472 1483 4516 et
1515 4475 1753 4535 tempora
1783 4473 1836 4519 et
1861 4465 2076 4518 univer-

487 4527 905 4605 saliteromuem
925 4536 1483 4605 circumscriptionem
1500 4527 1744 4590 excedat.
1767 4555 1784 4587 ι
1804 4535 1925 4589 Jam
1949 4551 2075 4591 vero

436 4624 465 4641 .ο
485 4599 882 4726 agisejusmodi
909 4599 1477 4672 opinamenta'auctori
1511 4608 1631 4662 libri
1661 4608 1727 4661 de
1755 4605 1995 4676 Corpore
2021 4617 2074 4661 et

566 4673 764 4726 ntruine
792 4673 1003 4726 Domini
1036 4678 1307 4726 ascribat?
1342 4679 1432 4726 nui
1473 4693 1694 4726 morsus
1718 4678 1989 4726 contraria
2020 4687 2074 4726 et

566 4673 764 4749 nguine
792 4673 1003 4729 Domini
1036 4678 1307 4749 ascribat?
1342 4679 1432 4747 qui
1473 4693 1694 4749 prorsus
1718 4673 1989 4733 contraria
2020 4687 2074 4732 et

486 4743 602 4816 toto
615 4743 878 4799 diametro
893 4748 1140 4816 Opposita
1164 4743 1377 4813 doceat,
1409 4743 1795 4816 et’prtesertim
1824 4764 1972 4803 num.
2001 4748 2071 4803 δυ

488 4811 606 4891 hinc
630 4816 795 4891 verba
823 4818 903 4891 ori
931 4811 1138 4891 Christi
1168 4811 1374 4875 inducit
1402 4839 1414 4874 :
1444 4840 1462 4871 ε
1491 4811 1625 4876 Cum
1654 4829 1776 4891 post
1804 4835 2072 4876 resurrec-

488 4883 687 4938 tionem
719 4888 886 4942 visuri
918 4890 1038 4945 sitis
1066 4905 1151 4945 me
1179 4892 1345 4945 C(BIOS
1372 4883 1722 4948 ascensurtim
1741 4934 1754 4953 ,
1785 4907 1904 4946 cum
1938 4892 2073 4945 inte-

488 4953 568 5023 gri
627 4960 870 5034 corporis
899 4961 1035 5034 _sive
1072 4963 1348 5034 sanguinis
1395 4963 1498 5018 mei
1541 4963 1740 5034 plenitu
1769 4963 1890 5016 line.
1945 4983 1963 5015 ι
2008 4963 2074 5018 Et

492 5038 637 5104 num.
669 5026 738 5080 99
773 5043 786 5079 :
827 5045 847 5104 ε
883 5030 955 5104 ξ1
977 5046 1103 5104 vero
1124 5026 1331 5104 corpus
1358 5034 1484 5088 illttd
1525 5026 1576 5089 iu
1622 5050 1728 5102 quo
1772 5048 1961 5104 passus
1990 5043 2073 5089 est

490 5102 546 5175 et
578 5097 1177 5175 resurrexitACln-lstus,
1206 5097 1481 5175 proprium
1510 5097 1857 5174 ejus-corpus
1889 5106 2073 5159 existit

489 5164 554 5246 de
578 5163 817 5246 yirginis
858 5168 1037 5224 Mariae
1070 5163 1598 5246 corpore'sutnptn'm
1618 5218 1630 5239 ,
1664 5163 1929 5245 palpabile
1959 5177 2071 5230 sive

490 5236 710 5316 vis_i_bile_
732 5240 895 5316 etiam
925 5252 1045 5316 post
1076 5236 1559 5309 resurrectionem,
1590 5236 1725 5300 sicut
1753 5236 1875 5316 ipse
1901 5246 2069 5300 disci-

488 5307 628 5377 pulis
662 5310 737 5362 ait
782 5324 813 5401 :L
845 5307 1067 5401 {’alpate
1107 5324 1157 5367 et
1198 5317 1360 5401 videte
1387 5320 1508 5401 quin
1536 5320 1749 5401 spiritus
1776 5307 1985 5401 cernens
2023 5328 2069 5371 et

490 5393 768 5456 ossa__non_
785 5382 937 5435 habet
976 5385 1107 5437 sicut
1142 5402 1225 5439 me
1254 5382 1432 5442 videtis
1471 5382 1678 5443 habere.
1724 5408 1743 5440 ι
1779 5387 1873 5441 His
1912 5389 2072 5456 igitur

491 5450 721 5526 amplius
756 5452 1030 5526 immorari
1063 5471 1165 5509 non
1194 5472 1330 5526 Opus
1349 5469 1464 5523 est,
1495 5460 1588 5514 sed
1626 5460 1691 5513 ad
1736 5450 1987 5513 tuendain
2017 5469 2072 5513 et

490 5521 867 5597 vindicandam
917 5524 1073 5592 hujus
1120 5521 1245 5581 libri
1286 5521 1533 5584 [idemet
1569 5529 1853 5597 ὁρθοδόξιαν
1883 5529 2071 5584 leviter

491 5590 805 5671 placideque
835 5590 1128 5665 procedere
1151 5598 1322 5671 juvat.
1361 5619 1379 5650 ι
1408 5590 1608 5671 11η]υὸ
1638 5590 1811 5655 autem
1851 5601 2002 5665 libri,
2047 5620 2065 5653 ι

493 5663 668 5738 inquit
695 5663 1017 5738 dissertator
1042 5663 1167 5738 pag:
1193 5670 1293 5725 166
1317 5682 1371 5725 et
1396 5663 1530 5738 988',
1553 5673 1800 5727 columna
1830 5663 2072 5727 interiori

492 5735 747 5814 editionis
790 5752 942 5814 novae
971 5735 1682 5814 _Aiiistelodaittctisisnum.
1740 5745 1873 5808 166,
1920 5761 1937 5793 t
1981 5745 2071 5814 qui

495 5805 791 5887 iiatranmo
825 5810 1105 5887 tribuitur,
1137 5814 1226 5887 qui
1261 5816 1360 5869 hac
1388 5823 1545 5869 mtate
1575 5805 1929 5887 patrocinimn
1956 5805 2070 5870 sus-

492 5878 736 5949 ciperem
756 5880 915 5936 valde
940 5882 1110 5938 miror
1129 5878 1337 5959 aliquos
1364 5901 1486 5943 esse
1511 5878 1757 5943 inventos
1785 5897 2070 5961 postquam

2191 3394 2496 3450 fensoribus
2515 3408 2728 3465 egeant.
2753 3400 2897 3455 Inter
2918 3394 3319 3455 lucubrationes
3340 3400 3686 3455 illustrissimi
3711 3415 3786 3457 ac

2188 3466 2482 3541 (lectissimi
2514 3468 2721 3541 Claudii
2754 3471 3049 3541 Espencmi,
3084 3471 3321 3527 doctoris
3361 3472 3588 3541 theologi
3621 3472 3786 3527 Pari-

2186 3536 2402 3612 siensis,
2425 3537 2564 3592 inter
2588 3540 2776 3595 Patres
2795 3536 3140 3612 purpuratos,
3161 3543 3212 3596 ni
3235 3557 3398 3612 prava
3430 3536 3650 3596 consilia
3680 3543 3785 3598 ob-

2185 3609 2447 3684 stitissent
2460 3611 2767 3680 coaptandi,
2783 3609 2839 3684 ut
2855 3609 3176 3667 testificatur
3191 3609 3490 3684 DIJacobus
3502 3614 3786 3684 Augustus

2186 3677 2444 3754 Thoantis
2471 3690 2524 3734 et
2555 3677 2780 3751 ipsemet
2804 3683 3291 3754 Espencams,’cjus
3317 3677 3689 3739 commentarii
3717 3685 3779 3739 in

2186 3750 2477 3821 Epistulam
2500 3750 2583 3826 ad
2613 3754 2790 3807 'l‘ittun
2816 3750 3159 3810 et'tractatus
3196 3750 3263 3809 de
3288 3755 3629 3811 Coutinentia
3664 3772 3782 3826 pm

2186 3825 2400 3875 caeteris
2427 3824 2710 3897 evincunt;
2737 3828 2934 3897 quippe
2964 3843 3085 3880 rum
3120 3842 3226 3881 non
3265 3827 3437 3881 solum
3467 3824 3782 3883 eruditione

2184 3895 2767 3968 summaexpleantur,
2810 3895 2996 3951 verum
3043 3898 3203 3951 etiam
3241 3898 3436 3968 spiritu
3475 3897 3686 3951 consilii
3719 3906 3783 3952 et

2185 3962 2519 4037 fortitudinis
2550 3966 2749 4037 scripta
2773 3968 2881 4021 sint
2912 3969 3172 4023 adversus
3194 3962 3394 4022 abusus
3411 3977 3463 4023 et
3490 3968 3623 4021 vitia
3648 3968 3778 4037 qui—

2187 4036 2284 4087 bus
2316 4034 2484 4089 ferme
2513 4034 2702 4091 omnes
2731 4055 2798 4092 eo
2817 4039 3016 4094 saeculo
3035 4037 3480 4093 deformahantur
3502 4034 3773 4104 homines,

2187 4113 2555 4179 verumtamen
2586 4109 2717 4161 tanti
2740 4110 2840 4162 viri
2867 4118 3129 4168 tractatus
3151 4112 3346 4179 proditi
3374 4111 3424 4163 in
3448 4110 3622 4163 iudice
3645 4124 3779 4163 exa-

2183 4175 2509 4229 minatorum
2531 4179 2745 4233 concilii
2777 4178 3077 4234 Tridentini
3109 4175 3230 4234 cum
3271 4181 3564 4234 Batratnno
3586 4192 3778 4235 nostro

2181 4256 2238 4299 et
2271 4248 2433 4321 missa
2477 4246 2664 4321 Latina
2709 4250 2901 4321 Illyrici
2952 4251 3245 4305 infeliciter
3281 4262 3488 4317 errant,
3535 4266 3639 4304 non
3678 4252 3779 4305 nti-

2183 4318 2299 4393 nori
2339 4318 2741 4393 existimatione
2771 4318 2916 4393 digni
2958 4324 3098 4391 apud
3140 4338 3329 4376 omnes
3360 4323 3622 4378 eruditos.
3658 4322 3769 4376 Nec

2180 4389 2324 4444 enim
2349 4389 2629 4463 dubitandi
2652 4391 2800 4446 locus
2823 4389 3142 4462 relinquitur
3160 4394 3287 4462 quin
3310 4396 3424 4463 ipse
3450 4394 3775 4447 dissertator

2179 4470 2364 4515 noster
2385 4460 2732 4530 EspenCteum
2762 4465 2904 4518 inter
2932 4460 3495 4519 ductorescatliolieos
3517 4473 3570 4517 et
3589 4465 3772 4520 omni-

2179 4530 2280 4585 bus
2321 4532 2581 4586 tiOCll'ltIte
2621 4543 2675 4587 et
2718 4535 2839 4588 lidei
2879 4536 3117 4589 muneris
3153 4536 3430 4590 absolutos
3468 4546 3767 4590 recenseat.

2179 4601 2532 4676 Percontarer
2552 4605 2785 4659 libenter
2806 4622 2834 4658 a
2865 4606 3218 4661 dissertatore
3247 4604 3487 4676 nunquid
3513 4607 3773 4662 articulos

2179 4675 2307 4749 cieri
2335 4673 2596 4749 Gallicani
2626 4676 2692 4729 de
2720 4673 3406 4749 potestateecclesiastica,
3440 4677 3550 4749 regi
3581 4678 3771 4749 Chris-

2182 4746 2481 4819 tianirssinio
2512 4746 2720 4819 oblatos
2750 4764 2893 4803 anno
2924 4748 3081 4809 1682.
3112 4765 3247 4819 quos
3282 4764 3467 4803 revera
3498 4746 3577 4819 ab
3600 4747 3768 4803 inuo-

2180 4818 2360 4871 centio
2389 4816 2455 4869 XI
2492 4818 2880 4874 condemnatos
2914 4820 3080 4873 fuisse
3123 4816 3229 4874 non
3274 4821 3505 4889 ignorat,
3550 4818 3771 4875 defendi

2181 4889 2667 4961 posseiexistimet?
2690 4889 2769 4942 An
2796 4907 2952 4961 atque
2978 4892 3062 4945 vel
3092 4892 3273 4961 iniquo
3296 4892 3478 4946 animo
3497 4890 3665 4944 ferret
3687 4893 3768 4944 vi-

2183 4960 2391 5031 tuperio
2423 4960 2566 5031 allici?
2589 4974 2851 5015 censuras
2880 4960 3530 5016 Facultatis’l’arisiensis
3565 4963 3765 5016 adver-

2179 5048 2272 5085 sus
2314 5030 2665 5104 Yernantitun
2699 5042 2792 5085 aut
2845 5033 3156 5104 Aitittdasittii
3192 5032 3552 5104 G'uymeninm
3594 5032 3767 5099 latas;

2180 5118 2246 5155 an
2279 5102 2543 5171 ejusmodi
2575 5117 2924 5156 censurarum
2969 5103 3220 5158 defenstir
3254 5102 3303 5159 ei
3348 5104 3765 5159 admirationem

2179 5172 2455 5227 moveret?
2477 5175 2621 5238 Quas
2648 5182 2825 5226 tamen
2854 5174 3029 5227 sciunt
3052 5190 3239 5229 otuncs
3269 5190 3372 5227 non
3404 5175 3574 5229 solum
3599 5175 3653 5227 in
3678 5174 3769 5229 in-

2174 5245 2293 5299 dice
2307 5243 2563 5297 librorum
2587 5246 2982 5313 prohibitorium
2997 5247 3305 5310 collocatas,
3332 5244 3427 5300 sed
3446 5246 3515 5298 ab
3535 5245 3771 5299 Alexan-

2174 5316 2274 5387 dro
2301 5314 2385 5368 Vll
2419 5330 2632 5387 summo
2652 5316 2903 5387 pontitice
2936 5318 3130 5371 vetitas
3158 5327 3215 5370 ct
3242 5318 3583 5387 proscriptas
3598 5314 3767 5371 fui-se
3858 5345 3867 5351 ε

2174 5384 2314 5439 bulla
2346 5384 2665 5442 authentica
2700 5386 2957 5440 adversus
2996 5403 3092 5442 cas
3114 5384 3374 5443 censuras
3396 5387 3521 5440 data
3556 5385 3765 5451 Rointe,

2176 5457 2423 5527 imposita
2463 5472 2618 5529 ptena
2649 5458 3224 5529 excommunicationis
3257 5460 3371 5529 ipso
3406 5458 3548 5512 facto
3577 5457 3765 5511 incur-

2179 5530 2356 5603 reuda:
2386 5527 2742 5603 vttKalendas
2768 5526 2893 5603 Julii
2916 5531 3043 5603 anni
3068 5531 3252 5603 (i665)
3275 5526 3561 5585 undecimo
3584 5530 3765 5598 ponti-

2181 5601 2372 5654 ticatus
2402 5599 2689 5652 Alexandri
2714 5599 2947 5668 septimi.

2251 5670 2457 5723 Nullius
2495 5670 2731 5724 auctoris
2769 5671 2889 5725 libri
2936 5672 3109 5741 magis
3151 5686 3380 5726 censura
3419 5671 3596 5724 vexati
3636 5680 3765 5725 sunt

2178 5758 2338 5811 quam
2369 5741 2619 5812 Oi-igenis
2649 5742 2982 5813 Adamantii;
3018 5758 3242 5797 nunnna
3268 5757 3383 5797 vice
3407 5744 3498 5796 sed
3519 5741 3765 5813 pluribus

2178 5813 2459 5885 pontiﬁces
2488 5824 2541 5866 et
2572 5813 2809 5885 concilia
2824 5812 2993 5885 etiam
3036 5813 3305 5885 generalia
3331 5812 3765 5884 proscripserunt

2177 5883 2785 5958 Origenianadogtnata.
2795 5883 3176 5942 Verumtamen
3190 5902 3297 5940 non
3310 5883 3597 5940 humillimi
3613 5885 3762 5955 inge-
