4088 6344
286 355 400 413 185

900 352 1356 415 DISSERTA'I‘IO
1391 355 1459 414 IN
1498 355 1628 414 LIB.
1668 355 1757 412 DE
1794 351 2118 411 CORPORE
2158 353 2247 410 ET
2285 350 2643 411 SANGUINE-
2687 304 2945 410 COMINI.

3463 345 3563 408 180

289 471 398 525 bus
426 468 654 542 percipi,
679 469 781 542 nisi
811 469 949 525 forte
968 470 1256 542 sententiae
1282 470 1583 527 recentium
1608 460 1873 542 quorum-
1900 474 1952 535 Α
1978 483 2213 542 suosque
2233 468 2406 542 libros
2426 468 2549 542 igne
2562 468 2881 542 _ahsumpsit
2908 478 3094 523 coram
3127 464 3351 542 Nicolao
3374 478 3573 542 secun-

290 542 433 613 dam
447 540 888 613 philusopborum
927 541 1163 613 placeat,
1198 557 1361 613 quam
1405 540 1738 613 amplissime
1767 550 1876 596 tra-

288 610 465 684 clavit
511 610 792 684 Rnl’ater
837 610 1064 684 hjagnan
1107 626 1133 654 τι
1178 610 1245 668 ex
1285 613 1476 668 ordine
1500 610 1873 684 "Minimorum

291 681 361 739 S.
410 680 691 738 Francisci
741 683 809 739 de
852 680 1036 755 Paiila,
1082 685 1175 755 qui
1221 682 1553 741 existimavit
1584 683 1753 755 Deum
1779 697 1876 753 per

290 768 624 826 concursum
651 768 813 826 quem
833 753 1064 826 praebuit
1092 753 1217 825 pani
1239 763 1364 811 ante
1388 753 1873 826 consecrationem,

292 824 547 879 eamdem
583 833 709 894 post
745 825 800 878 in
834 823 1028 881 oculos
1063 823 1317 882 exercere
1345 827 1637 882 motionem
1666 839 1761 879 seu
1792 823 1873 879 fa-

292 908 427 951 cere
468 895 878 967 impressionem
924 910 1085 965 quam
1128 897 1285 967 panis
1309 906 1365 952 ct
1393 896 1575 967 vinum
1606 896 1877 967 faciebant

292 973 428 1021 ante
472 965 969 1033 consecrationem;
1018 968 1103 1022 vel
1131 965 1476 1022 clarissimus
1516 966 1579 1020 D.
1620 965 1873 1031 Rohault,

289 1037 656 1108 philosophus
682 1035 1052 1103 Cartesianus,
1090 1039 1144 1094 in
1189 1038 1325 1095 libro
1349 1038 1638 1093 vernacule
1674 1037 1877 1107 scripto

294 1108 353 1162 in
380 1122 492 1180 quo
518 1107 699 1175 docet,
743 1123 939 1180 corpus
984 1107 1206 1175 Christi,
1238 1124 1361 1166 cum
1402 1110 1670 1180 integrum
1712 1122 1876 1163 occu-

291 1186 391 1251 pet
461 1177 643 1251 locum;
699 1177 860 1250 quem
920 1181 1219 1249 occupabat
1279 1195 1475 1251 corpus
1522 1177 1732 1249 'panis,
1788 1191 1877 1233 ea-

292 1248 427 1304 dem
454 1248 741 1328 superficie
794 1248 1188 1328 circumdatum
1218 1266 1313 1308 seu
1357 1248 1559 1328 eadem
1580 1253 1877 1328 περιφέρεια

292 1333 398 1374 seu
473 1320 908 1377 circumferentia
973 1321 1354 1388 terminatum,
1426 1320 1877 1377 debere'e'odem

291 1403 528 1459 prorsus
572 1392 733 1448 modo
764 1389 995 1464 afficere
1030 1391 1215 1464 oculos
1260 1408 1368 1464 quo
1406 1394 1714 1464 panis_ante
1743 1407 1874 1464 con-

292 1464 663 1518 secrationem
720 1461 1010 1519 afﬁciebat.
1042 1462 1100 1518 Si
1155 1478 1244 1520 res
1278 1461 1361 1519 ita
1393 1461 1452 1517 se
1493 1461 1746 1529 haberet,
1778 1463 1876 1518 du-

292 1531 390 1586 bio
438 1533 627 1604 procul
664 1534 781 1589 haec
820 1533 1009 1604 albedo
1043 1542 1099 1588 et
1145 1535 1446 1590 rotunditas
1471 1550 1591 1604 quae
1626 1533 1879 1589 videntur

290 1603 486 1676 essent
523 1604 627 1660 hoc
664 1618 861 1676 corpus
886 1603 1088 1676 Christi
1112 1609 1255 1675 quod
1282 1603 1555 1660 videretur
1579 1604 1715 1676 etin
1746 1619 1877 1660 ocu-

291 1670 380 1746 lqs
396 1674 721 1746 incurreret
744 1670 779 1741 ;'
810 1675 903 1729 sed
942 1670 1204 1743 ejusmodi
1240 1676 1424 1746 opinio
1464 1689 1572 1731 non
1620 1674 1871 1740 delectat,

291 1743 349 1797 ni
387 1742 569 1815 fallor,
606 1742 1032 1812 dissertatorem,
1063 1746 1173 1801 imo
1201 1742 1471 1802 subtilitas
1493 1746 1596 1801 alia
1625 1746 1872 1815 quaedam

291 1814 622 1887 scholastica
658 1816 760 1887 ipsi
793 1817 1018 1887 arridet,
1064 1816 1271 1873 scilicet
1299 1815 1402 1872 sibi
1433 1814 1723 1887 persuadet
1749 1832 1871 1870 cum

290 1899 489 1940 revera
530 1886 627 1940 hoc
661 1886 802 1955 quod
830 1897 928 1952 est,
964 1901 1059 1943 seu
1088 1888 1221 1943 latet
1239 1895 1296 1944 et
1316 1886 1582 1943 occulitur
1609 1887 1661 1941 in
1692 1901 1875 1942 sacra-

291 1966 486 2028 mento
518 1957 589 2012 sit
625 1971 823 2027 corpus
856 1958 1062 2028 Christi
1088 1973 1299 2026 verum,
1330 1974 1425 2014 seu
1455 1958 1633 2028 potius
1661 1958 1732 2013 sit
1761 1958 1875 2026 ipsa

292 2027 608 2082 substantia
654 2027 898 2098 corporis
935 2027 1158 2094 Christi,
1195 2031 1298 2085 hoc
1321 2027 1526 2098 pariter
1554 2029 1696 2098 quod
1725 2028 1875 2098 vide-

293 2104 388 2181 tur
414 2097 764 2181 esse‘corpus’
784 2098 957 2170 ipsum
982 2098 1206 2181 Christi.
1234 2097 1341 2181 Sed
1368 2097 1702 2181 respondere.
1720 2097 1878 2181 facile

289 2176 378 2239 est
410 2168 771 2224 substantiam
805 2168 1052 2239 corporis
1080 2170 1281 2226 Christi
1321 2185 1442 2226 esse
1458 2168 1665 2225 Vrcvcra
1689 2169 1745 2223 in
1772 2168 1879 2223 Eu-

291 2238 583 2304 charistia,
615 2241 710 2296 sed
740 2255 859 2309 non
875 2238 1158 2309 propterea
1193 2242 1362 2296 oculis
1386 2241 1586 2296 nostris
1615 2255 1677 2295 ac
1706 2240 1878 2296 sensi-

292 2309 402 2363 bus
451 2309 740 2382 obnoxiam
787 2308 1007 2382 cllieri’:
1048 2312 1300 2382 quoniam
1344 2311 1577 2366 mirabili
1620 2311 1781 2382 modo
1824 2318 1882 2365 et

291 2388 511 2435 natura:
546 2381 753 2452 viribus
796 2381 1082 2452 superiori,
1115 2382 1200 2437 his
1229 2381 1518 2445 delitescit,
1561 2395 1662 2452 nec
1689 2381 1880 2436 ullate-

291 2466 402 2505 nus
448 2451 699 2508 sensibus
742 2452 946 2522 percipi
986 2462 1182 2523 potest.
1225 2453 1299 2523 De
1336 2452 1545 2523 reliquo
1563 2451 1677 2521 jam
1706 2452 1881 2521 inqui-

295 2523 530 2576 rendum
576 2530 825 2592 superest
860 2538 964 2593 qua
988 2522 1211 2580 ratione
1254 2522 1585 2578 ltatramnus
1625 2536 1880 2593 expresse

292 2593 584 2665 negaverit
630 2609 780 2648 num.
810 2594 913 2665 50,
937 2592 1007 2648 52
1036 2604 1091 2650 et
1122 2595 1215 2649 lOl
1268 2609 1465 2664 corpus
1510 2594 1653 2665 quod
1696 2592 1793 2665 est
1824 2593 1876 2648 in

290 2663 458 2735 altari
480 2678 626 2735 Aesse
662 2679 859 2735 corpus
901 2664 1078 2735 ipsum
1106 2665 1250 2735 quod
1286 2663 1471 2720 natum
1520 2663 1603 2720 est
1640 2679 1708 2719 ex
1751 2664 1877 2720 Vir-

292 2734 446 2806 gine.
480 2733 626 2804 Nego
662 2750 727 2790 ac
754 2733 992 2806 pernego
1036 2733 1393 2791 Ratramnum
1438 2735 1499 2799 in
1551 2735 1638 2791 his
1686 2749 1877 2790 nume-

292 2805 375 2875 ris
438 2820 674 2875 unquam
723 2805 950 2873 negasse
1000 2821 1194 2875 corpus
1241 2807 1384 2875 quod
1433 2806 1486 2860 in
1539 2806 1879 2861 Eucharistia

292 2874 435 2999 latlett
473 2874 595 2931 esse
633 2891 831 2948 corpus
866 2891 935 2931 ex
969 2874 1193 2949 Virgine
1219 2874 1429 2943 natum,
1458 2892 1680 2947 passum
1708 2885 1763 2931 et
1788 2890 1879 2932 se-

292 2960 363 2999 nu
420 2962 527 2999 um.

290 2955 527 3014 puttum.

370 3036 484 3093 Sed
537 3040 767 3096 rotunde
796 3040 951 3097 fateri
983 3055 1206 3097 necesse
1247 3050 1332 3097 est
1382 3055 1631 3110 magnam
1680 3039 1883 3096 consti-

296 3115 460 3165 tuere
486 3110 846 3167 diﬂ'erentiam
883 3113 1064 3168 habita
1091 3112 1302 3169 diversa
1330 3113 1540 3168 ratione
1567 3112 1710 3167 inter
1739 3112 1878 3167 idem

292 3194 502 3253 corpus
542 3192 809 3251 quatenus
849 3183 902 3238 in
939 3183 1178 3238 Ecclesia
1206 3184 1538 3239 celebratum
1563 3196 1658 3252 per
1680 3192 1879 3253 mystc-

292 3251 463 3337 riurn,
507 3260 590 3337 θε-
609 3253 884 3337 preprium
918 3268 1124 3337 carpis
1170 3268 1265 3337 seu
1294 3251 1879 3337 proprietatibus'cor:

291 3323 484 3397 poi-eis
511 3322 761 3397 aﬂ‘ectuin
791 3325 936 3394 quod
958 3322 1271 3397 eiVirgine
1294 3322 1464 3380 Maria
1488 3334 1698 3397 natum,
1728 3325 1876 3397 cruci

291 3390 549 3466 aflixum,
593 3390 884 3464 sepultum,
921 3404 1108 3466 postea
1146 3390 1469 3452 mirabiliter
1495 3395 1709 3460 revixit,
1741 3403 1796 3449 et
1821 3395 1877 3451 in

291 3461 469 3518 caelos
510 3461 776 3538 ascendit.
818 3461 945 3521 Haec
962 3466 1270 3538 intelligere
1295 3483 1402 3522 non
1431 3467 1659 3521 arduum
1692 3474 1778 3521 est
1808 3480 1877 3522 ex

289 3534 571 3616 num..88
615 3536 670 3591 in
711 3552 819 3607 quo
846 3538 926 3593 sic
951 3534 1178 3592 faturz'r
1210 3538 1551 3608 Quapropter
1601 3552 1798 3663 corpus
1822 3547 1880 3593 et

289 3618 520 3663 sanguis
574 3607 718 3663 quod
774 3608 828 3663 in
884 3607 1128 3663 Ecclesia
1177 3610 1383 3663 geritur
1437 3608 1616 3663 diﬂ‘ert
1666 3624 1695 3663 a
1787 3607 1878 3663 illo

288 3604 520 3675 sanguis
574 3604 746 3676 quod"
774 3608 828 3663 in
884 3607 1128 3681 Ecclesia
1177 3604 1383 3681 geritur
1402 3604 1616 3681 i'diﬂ‘ert
1666 3604 1736 3663 ab
1787 3607 1878 3663 illo

276 3690 527 3751 corpore
582 3686 679 3751 et,
732 3680 994 3751 sanguine
1058 3679 1203 3749 quod
1271 3681 1347 3751 in,
1389 3679 1588 3735 Christi
1650 3691 1879 3748 corpore

288 3759 422 3801 cum
459 3747 821 3818 gloriﬁcatum
836 3747 1199 3820 cognoscitur
1221 3768 1234 3804 :
1258 3759 1313 3806 et
1338 3750 1441 3806 hoc
1462 3764 1659 3818 corpus
1683 3747 1878 3820 pignus

288 3824 380 3892 est
422 3821 747 3892 et__species,
792 3819 941 3875 illud
964 3836 1093 3876 vero
1118 3829 1203 3892 est
1239 3822 1355 3892 ipsa
1397 3821 1619 3876 veritas.
1651 3819 1693 3871 i’
1716 3819 1872 3874 Num.

287 3884 361 3963 8_9
382 3904 398 3940 :
419 3909 438 3939 α
462 3884 719 3963 Videmus
732 3884 914 3961 itaque
927 3891 1091 3947 multa
1108 3884 1412 3963 differentia
1429 3891 1669 3963 separari
1685 3899 1877 3963 myste-

289 3958 437 4038 rium
457 3958 1087 4038 corporisctsanguinis
1113 3962 1313 4038 Christi
1337 3958 1651 4038 quod'nunc
1680 3977 1710 4015 a
1740 3958 1873 4038 lide-

287 4024 696 4099 libussuinitur
715 4032 768 4087 in
795 4024 1124 4099 Eccl'esia,et
1151 4034 1277 4090 illud
1308 4024 1450 4099 quod
1472 4041 1654 4088 natum
1676 4048 1744 4087 ex
1771 4032 1880 4088 Ma-

288 4099 373 4153 ria
406 4098 649 4176 Virgine,
715 4106 858 4173 quod
900 4098 1138 4175 passam,
1196 4098 1341 4176 quod
1390 4104 1681 4176 sepultum,
1722 4101 1876 4174 quod

284 4174 617 4247 [esui-rexit,
635 4175 854 4247 quodin
877 4174 1043 4247 caelos
1066 4174 1329 4241 ascendit,
1342 4174 1486 4247 quod
1504 4176 1570 4229 ad
1598 4175 1877 4230 dexteram

283 4238 472 4298 Patris
496 4238 725 4318 sedetiu
761 4244 919 4318 Num.
944 4245 1013 4302 97
1046 4264 1058 4301 :
1095 4265 1113 4298 ι
1162 4238 1575 4318 Ισᾈιίόῤηὶεείηιθ
1608 4254 1879 4318 monstra:

287 4321 421 4400 tnui
433 4323 522 4400 est
536 4316 876 4400 lquqdpanis
899 4317 1002 4400 _qu_i
1040 4315 1238 4400 corpus
1271 4316 1499 4400 Christi,
1527 4323 1582 4371 et
1616 4315 1877 4400 calix‘qui

285 4384 741 4460 sanguisChristi
762 4384 1266 4460 appeiIa_tur,ﬁgura
1290 4389 1362 4444 sit
1389 4389 1515 4460 quia
1537 4384 1875 4460 mysterium,

285 4463 342 4508 et
372 4457 522 4525 quod
546 4471 656 4530 non
683 4457 850 4529 parva
878 4457 1181 4516 differentia
1213 4460 1286 4516 sit
1315 4457 1457 4515 intér
1485 4457 1683 4530 corpus
1730 4458 1877 4529 quod

285 4537 387 4593 per
415 4528 733 4601 mysterium
760 4530 947 4601 existit
987 4539 1043 4587 et
1070 4545 1268 4601 corpus
1296 4531 1437 4600 quod
1460 4528 1677 4601 passum
1706 4528 1792 4584 est
1818 4536 1875 4601 et

286 4594 562 4673 sepultum
610 4600 931 4673 resurrexit.
971 4620 993 4673 η
1026 4594 1182 4673 Ecca"
1218 4594 1398 4673 verba,
1435 4594 1664 4673 debebat
1688 4600 1868 4673 specie
1896 4613 1948 4673 ι)

286 4666 523 4736 quadam
554 4670 781 4727 rationis
800 4686 870 4727 ex
891 4672 1109 4742 scriptis
1123 4671 1404 4728 Ratramni
1426 4666 1738 4742 exscribere
1763 4672 1863 4727 dis-

286 4744 526 4813 sertator
558 4755 677 4813 :ex
713 4742 909 4813 quibus
937 4741 1223 4813 potuisset,
1266 4759 1373 4800 non
1420 4741 1635 4813 violatis
1662 4742 1868 4812 legibus

287 4806 1073 4887 ratiocinationisdialeciicze,
1110 4806 1474 4887 comprobare
1513 4806 1865 4887 Ratram'num

285 4892 395 4960 {agn
437 4882 732 4940 credidisse
755 4899 953 4960 corpus
980 4886 1123 4954 quod
1172 4882 1514 4960 in_'__Ecclesia
1542 4882 1871 4960 __celebratur

285 4949 545 5028 idips_um_
571 4968 692 5010 esse
719 4949 869 5026 quod
916 4955 971 5028 in
999 4949 1175 5011 'utero
1228 4955 1477 5028 Virginis
1503 4955 1865 5028 eifnrmatum.

284 5020 433 5102 cruci
459 5020 699 5102 aﬂixuni,
728 5020 783 5083 et
804 5025 1072 5102 sepultum
1101 5037 1286 5102 postea
1315 5020 1527 5102 revixit.
1566 5025 1677 5082 Hoc
1693 5025 1868 5102 igitur

285 5096 341 5145 in
371 5104 613 5168 mentem
637 5096 1004 5155 dissei'tatciris
1019 5096 1135 5168 jam
1165 5098 1531 5153 intromittere
1557 5113 1662 5152 nos
1686 5097 1862 5168 juvat,

284 5171 448 5241 atque
478 5163 596 5241 ejns
625 5168 988 5241 intelligentiae
1016 5163 1445 5241 subjicereibanc
1488 5163 1728 5240 ejusdem
1756 5182 1873 5224 cor-

285 5235 436 5310 poris
466 5235 853 5304 diﬂ‘erentiam,
879 5239 1137 5294 inviolata
1193 5248 1249 5295 et
1282 5239 1492 5310 integra
1517 5235 1873 5310 permanente

285 5304 355 5381 de
397 5310 688 5381 praesentia
716 5310 852 5366 ‘veri
901 5310 1144 5381 corporis
1184 5318 1240 5365 et
1266 5304 1547 5381 sanguinis
1583 5309 1872 5381 Christiin

286 5373 625 5435 Eucharistia
648 5380 904 5438 Ecclesim
932 5373 1213 5437 catholicae
1253 5373 1397 5436 fide:
1429 5379 1640 5436 Nemini
1669 5380 1875 5435 homini

287 5448 569 5523 dubitandi
598 5451 750 5523 locus
776 5452 996 5507 relictus
1024 5461 1109 5508 est
1133 5452 1262 5523 quin
1288 5451 1645 5518 Lanfrancus,
1672 5451 1878 5506 archie-

286 5519 543 5591 piscopus
584 5522 1012 5587 Cantuarieusis,
1055 5519 1389 5579 fortissimus
1427 5523 1739 5593 Bcrcngarii
1789 5523 1881 5577 ad-

287 5593 586 5660 versarius,
615 5594 770 5667 cujus
799 5593 1147 5667 instigatione
1193 5609 1291 5663 sua
1315 5595 1619 5666 sphalmatu
1648 5593 1881 5666 ejuravit

363 5788 388 5817 ι
420 5776 701 5848 Appendix
730 5776 799 5835 ad
828 5774 1233 5847 Philosophiam
1264 5791 1495 5833 sacram.

1905 1856 1952 1915 Β

1978 541 2047 595 do
2075 536 2212 609 papa
2227 555 2371 596 anno
2392 536 2528 596 10⁷59
2554 539 2716 596 fuerit
2745 536 2906 596 verus
2935 550 2990 594 et
3021 538 3295 593 maximus
3320 536 3443 591 ﬁdei
3474 552 3571 595 ca-

1979 555 2047 595 uo
2113 555 2212 609 apa
2227 555 2371 596 anno
2392 555 2528 596 ίιυδυ
2554 555 2716 596 merit
2745 555 2906 596 verus
2935 555 2990 594 et
3021 555 3295 593 maximus
3320 555 3443 591 nuei
3474 555 3568 595 ca-

1979 555 2193 694 thoiicze
2222 609 2736 694 defensoradeoque
2765 612 2870 667 ﬁde
2889 611 3568 694 prazditusex'traomneni

1977 682 2337 753 suspicionem
2377 683 2572 753 posita.
2598 679 2671 738 At
2710 697 2842 737 vero
2864 679 2943 739 sic
2973 680 3119 741 fatur
3143 681 3198 737 in
3220 679 3446 753 DiaIOgo
3473 681 3570 753 ad:

1978 749 2169 808 versus
2206 749 2703 824 Berengarium'de
2744 753 3090 810 Eucharistia
3140 770 3155 807 :
3215 770 3233 804 ι
3272 749 3415 807 Vere
3462 749 3571 806 dici

1976 839 2134 893 posse
2153 832 2208 878 et
2229 824 2402 893 ipsum
2427 840 2625 895 corpus
2647 827 2791 895 quod
2816 824 2883 880 de
2913 824 3135 895 Virgine
3156 832 3432 895 sumptum
3457 830 3563 895 est,

1976 902 2033 949 et
2062 903 2238 949 tamen
2282 910 2389 950 non
2413 893 2585 964 ipsum
2616 893 2833 965 quidem
2869 893 3126 965 quantum
3163 894 3229 949 ad
3276 893 3573 949 essentiam

1981 979 2229 1035 veraeque
2263 975 2469 1020 natura:
2496 968 2883 1036 praprietatem
2926 975 3089 1036 atque
3127 965 3423 1036 virtutem:
3457 979 3567 1036 non

1979 1034 2159 1108 autem
2184 1036 2228 1091 si
2271 1034 2678 1106 spectes'panis
2704 1037 2922 1108 vinique
2975 1034 3234 1107 speciem.
3272 1054 3291 1089 ι
3324 1034 3568 1108 Siejus—

1980 1107 2124 1164 modi
2158 1109 2320 1164 verba
2353 1108 2494 1177 apud
2522 1107 2878 1163 Ratramnum
2924 1108 3318 1171 invenirentur,
3360 1107 3567 1161 disser-

1981 1184 2408 1250 tatorernusque
2437 1178 2506 1250 ad
2548 1178 2899 1234 articulorum
2940 1177 3566 1250 fragoremcommove-

1983 1258 2123 1305 rent.
2186 1247 2285 1304 Sat
2323 1247 2429 1304 'est
2470 1248 2768 1305 Ratramno
2807 1247 3043 1319 aliquod
3075 1247 3366 1303 discrimen
3425 1248 3570 1303 inter

1978 1335 2176 1391 corpus
2202 1329 2257 1376 et
2278 1335 2473 1390 corpus
2497 1321 2772 1386 attulisse;
2802 1334 3075 1390 nunquam
3118 1319 3254 1376 dixit
3309 1333 3409 1391 nec
3448 1333 3573 1391 esse

1980 1387 2155 1460 ipsum
2183 1387 2388 1461 corpus
2411 1392 2553 1461 quod
2599 1392 2665 1447 de
2693 1392 2862 1447 Maria
2887 1387 3187 1461 sumptum
3209 1398 3315 1461 est.
3359 1387 3464 1461 Sed
3500 1387 3568 1442 ad

1981 1473 2225 1534 mentem
2244 1459 2527 1534 Ratrafnni
2553 1462 2941 1534 congruentius
2968 1459 3147 1534 adhuc
3173 1459 3320 1534 loqui
3353 1459 3563 1534 videtur

1978 1532 2171 1588 beatus
2200 1531 2452 1604 Algerus,
2477 1531 2726 1604 egregius
2746 1533 2871 1590 ﬁdei
2901 1532 3157 1604 defensor
3184 1531 3566 1604 adversus‘Be-

1980 1600 2310 1675 rengariuui,
2339 1604 2415 1658 1.1
2443 1600 2897 1675 de'Eu'charistia,
2922 1603 3172 1675 cap._l7i:
3203 1620 3221 1653 ε
3253 1600 3569 1675 Dupliciter,

1978 1671 2173 1744 inquit,
2204 1675 2422 1744 sanguis
2452 1673 2652 1730 Christi
2677 1683 2734 1731 et
2761 1690 2889 1731 caro
2936 1671 3254 1745 intelligitur
3282 1687 3310 1745 :_
3329 1672 3411 1726 vel
3450 1671 3560 1741 spi-

1980 1740 2192 1800 ritualis
2218 1740 2502 1817 illa'atque
2530 1745 2814 1811 divina,de
2839 1762 2945 1817 qua
2991 1740 3238 1815 ipse'ait:
3270 1740 3408 1817 Caro
3447 1740 3563 1795 mea

1976 1831 2093 1887 uere
2116 1825 2191 1871 est
2221 1815 2365 1869 cibus
2388 1812 2437 1869 ei
2460 1817 2674 1887 sanguis
2696 1833 2841 1872 meas
2858 1812 2990 1871 'vere
3012 1812 3086 1869 est
3113 1825 3298 1887 potas;
3323 1812 3402 1868 vel
3411 1827 3563 1887 “caro

1982 1884 2071 1940 illa
2088 1902 2220 1957 qua:
2264 1887 2519 1941 crucifixa
2550 1882 2634 1942 est
2662 1896 2717 1941 et
2764 1887 2984 1957 sanguis
3019 1882 3120 1956 qui
3140 1886 3330 1957 militis
3370 1882 3571 1957 effusus

1979 1967 2064 2012 est
2088 1954 2306 2024 lancea;
2335 1959 2477 2026 quod
2509 1972 2617 2013 non
2648 1958 2855 2014 dixisse
2869 1954 3152 2027 quantum
3193 1954 3259 2009 ad
3300 1954 3571 2027 duplicem

1981 2028 2097 2095 ejus
2119 2025 2473 2097 substantiam
2502 2028 2802 2085 credendus
2824 2025 2928 2095 est,
2959 2029 3052 2084 sed
3078 2037 3339 2097 quantum
3367 2026 3435 2080 ad
3476 2025 3571 2079 duo

1981 2099 2176 2170 plicem
2198 2096 2316 2170 ejus
2346 2100 2666 2170 substantiae
2694 2099 2919 2170 formam
2942 2114 3062 2170 quae
3086 2096 3305 2170 nuncin
3331 2098 3570 2170 humana

1980 2167 2137 2241 panis
2163 2177 2218 2226 et
2240 2169 2348 2241 vini
2372 2169 2690 2241 intelligitur
2710 2168 2905 2226 forma.
2948 2167 2979 2241 ᾗ
3015 2169 3081 2223 Et
3133 2168 3293 2241 paulo
3344 2167 3569 2223 inferius

1979 2238 2169 2295 eodem
2191 2239 2365 2310 capite
2390 2258 2403 2294 :
2439 2259 2458 2292 ι
2487 2238 2706 2311 Species
2732 2250 2790 2297 et
2816 2239 3117 2296 similitudo
3138 2239 3352 2311 illarum
3382 2251 3565 2311 rerum

1980 2319 2107 2365 sunt
2131 2307 2349 2366 nomina
2372 2328 2494 2381 quae
2521 2307 2647 2366 ante
2676 2311 2916 2377 fuerunt,
2940 2310 3098 2381 panis
3120 2310 3326 2366 scilicet
3350 2318 3413 2381 et
3433 2307 3567 2381 vini,

1982 2397 2090 2437 non
2110 2383 2357 2452 corporis
2388 2379 2610 2438 Christi.
2636 2382 2845 2453 Corpus
2864 2379 2995 2438 vero
3024 2390 3080 2437 et
3107 2381 3329 2453 sanguis
3359 2379 3564 2436 Christi

1980 2460 2243 2524 vocantur
2272 2455 2634 2524 nuncupative
2686 2452 2751 2508 eo
2806 2452 3295 2524 locutionisimodo
3341 2464 3569 2524 queres

1981 2521 2291 2595 signiﬁcans
2315 2521 2883 2595 solet'rei’signilicatae
2899 2523 3158 2595 vocabulo
3184 2522 3509 2595 nuncupari.
3538 2539 3558 2595 θ

1981 2591 2053 2647 Et
2076 2607 2195 2665 cap.
2221 2594 2287 2650 18
2314 2612 2328 2648 :
2374 2596 2443 2650 Et
2472 2597 2538 2651 de
2559 2591 2901 2651 sacramento
2937 2594 3153 2665 quidem
3178 2593 3336 2665 panis
3357 2591 3563 2665 etvini

1980 2664 2124 2736 quod
2143 2661 2416 2736 isignificet
2453 2674 2507 2720 ct
2535 2667 2607 2736 sit
2629 2661 2992 2736 nuncupative
3022 2661 3218 2734 corpus
3240 2661 3444 2736 Christi
3468 2676 3564 2736 su:

1980 2731 2163 2817 peritis
2182 2731 2406 2817 dictum,
2427 2744 2530 2791 est.
2559 2735 2726 2817 Quod.
2750 2731 3091 2817 ve'roverum
3118 2731 3342 2817 corpus
3357 2731 3561 2814 Christi

1981 2802 2250 2876 invisibile
2294 2816 2414 2876 post
2438 2802 2888 2861 resurrectionem
2919 2808 2991 2861 sit
3043 2802 3443 2876 sacramentum
3485 2802 3566 2856 vi-

1982 2874 2152 2930 sibilis
2174 2874 2417 2945 corporis
2441 2876 2642 2932 Christi
2670 2877 2724 2931 in
2749 2879 3004 2946 passione
3026 2875 3303 2946 suiipsius,
3336 2882 3568 2946 testatur

1980 2944 2311 3017 Augustinus
2350 2948 2403 3003 in
2437 2948 2574 3003 libro
2603 2944 3008 3003 Sentcntiarum
3040 2944 3290 3017 Prosperi
3323 2964 3335 2998 :
3377 2964 3394 2996 ι
3426 2944 3567 2999 Caro

1983 3015 2098 3090 ejus
2119 3024 2203 3090 est
2225 3033 2385 3087 quam
2413 3016 2585 3072 forma
2634 3018 2789 3090 panis
2818 3028 3064 3090 opertam
3111 3015 3565 3090 in’_sacrani_ento
3596 3027 3601 3033 ·

1982 3086 2296 3156 accipimus,
2328 3098 2384 3144 et
2410 3086 2649 3160 sanguis
2666 3088 2782 3158 ejus
2836 3086 2995 3158 quem
3047 3088 3146 3143 sub
3168 3088 3279 3142 vini
3303 3086 3482 3160 specie
3510 3093 3566 3139 et

1985 3174 2176 3241 sapore
2203 3167 2470 3227 potamus,
2492 3158 2621 3241 caro
2640 3160 2893 3241 videlicet
2917 3159 3100 3241 car_ni_s
3118 3168 3173 3215 et
3194 3158 3413 3229 sanguis
3442 3171 3568 3241 san-

1905 3222 1950 3286 C
2018 3222 2158 3284 uiuis
2201 3222 2620 3286 sacramentum.
2660 3249 2679 3283 ι
2731 3231 2900 3301 Igitur
2947 3232 3167 3286 minime
3217 3222 3567 3297 consequitur

1982 3247 2341 3354 Eatramnum
2364 3317 2474 3354 non
2521 3303 2622 3354 sibi
2654 3302 2992 3354 persuasisse
3021 3315 3221 3354 cornus
3255 3316 3323 3354 ex
3346 3298 3565 3354 Virgine

2036 3310 2341 3385 atra‘mnurn
2364 3317 2502 3385 non.
2521 3303 2622 3385 sibi
2654 3298 2992 3385 persuasisse
3015 3315 3221 3385 corpus
3255 3316 3323 3356 ex
3346 3298 3565 3385 Virgine

1981 3378 2258 3443 sumptum
2286 3371 2339 3426 in
2371 3366 2711 3428 Eucharistia
2742 3388 2852 3429 non
2890 3366 3143 3434 existere,
3177 3370 3428 3443 quamvis
3443 3366 3569 3443 :dif-

1982 3440 2267 3512 ferentium
2294 3443 2640 3499 constituerit
2684 3444 2829 3499 inter
2881 3443 3011 3499 illud
3062 3438 3258 3512 corpus
3314 3439 3462 3512 quod
3499 3438 3567 3495 de

1980 3511 2146 3584 Maria
2175 3523 2449 3583 sumptum
2474 3523 2578 3577 est,
2607 3521 2663 3570 et
2692 3515 2925 3583 idipsum
2952 3515 3093 3584 quod
3123 3511 3177 3568 in
3200 3511 3444 3568 Ecclesia
3470 3524 3567 3584 ce-

1981 3582 2262 3667 lebratur;
2291 3581 2489 3667 quippe
2512 3600 2641 3667 cum
2656 3581 2946 3667 conceptis
2969 3581 3167 3639 'verbis
3196 3584 3403 3666 .doceat
3435 3581 3564 3667 sub:

1979 3654 2237 3708 stantiam
2282 3653 2438 3725 panis
2471 3663 2526 3709 et
2557 3656 2671 3725 vini
2694 3670 2814 3710 esse
2839 3653 3159 3725 conversam
3196 3653 3250 3708 in
3274 3666 3472 3723 corpus
3507 3658 3566 3708 et

1979 3723 2298 3794 sanguinem
2309 3724 2533 3790 Christi,
2548 3724 2697 3793 nefas
2716 3742 2825 3781 esse
2847 3742 2951 3779 non
2969 3723 3139 3779 solum
3160 3739 3373 3794 negare,
3390 3737 3565 3776 verum

1977 3794 2145 3848 etiam
2161 3797 2391 3866 cogitare
2412 3813 2516 3851 non
2541 3812 2652 3850 esse
2686 3813 2875 3865 corpus
2909 3794 3140 3860 Christi;
3168 3795 3420 3864 dicatque
3445 3806 3568 3866 c_or-

1977 3880 2081 3936 pus
2107 3862 2382 3921 nominari
2414 3874 2471 3921 et
2498 3867 2736 3922 existere
2762 3862 2821 3921 ut
2849 3881 3012 3936 supra
3065 3862 3422 3936 ostendimus.
3455 3862 3566 3917 Ea-

1977 3935 2100 4019 dem
2128 3938 2667 4019 prorsus_h_a_benti_ir
2712 3937 2853 4019 apud
2890 3935 3127 4019 Yvonem
3175 3935 3566 4019 Carnutensem

1978 4007 2032 4078 in
2055 4005 2285 4078 epistola
2315 4008 2382 4063 ad
2424 4005 2833 4076 Finardum,'et
2877 4017 3035 4064 antea
3080 4008 3222 4078 apud
3281 4005 3566 4060 Rabanum

1977 4076 2221 4133 Maurum
2248 4078 2305 4150 in
2325 4079 2550 4150 epistola
2572 4080 2646 4150 ad
2663 4079 3009 4136 Heribaldum
3032 4076 3564 4150 Alt—issiodorensem,

1977 4164 2140 4219 quam
2184 4148 2384 4221 publici
2432 4150 2572 4221 juris
2624 4148 2751 4206 fecit
2796 4151 3147 4206 doctissimus
3186 4148 3482 4221 Baluzius,_
3512 4154 3568 4200 et

1976 4216 2139 4290 quam
2162 4216 2232 4276 αἰ)
2254 4221 2403 4275 omni
2429 4216 2523 4276 aut
2540 4222 2763 4277 haeresis
2782 4230 2875 4276 aut
2896 4222 3098 4277 erroris
3120 4220 3429 4290 suspicione
3455 4216 3569 4272 for-

1981 4292 2106 4347 titer
2124 4292 2420 4347 vindicavit
2463 4305 2639 4348 rever.
2672 4292 2838 4349 Pater
2884 4291 3229 4349 Christianus
3254 4290 3440 4361 Lupus
3466 4303 3564 4361 or-

1979 4361 2121 4435 dinis
2151 4361 2555 4435 S.‘Augustini,
2606 4378 2775 4435 sacrae
2825 4362 3135 4435 Theologia:
3170 4359 3452 4435 professor
3505 4359 3560 4413 in

1978 4431 2267 4488 Academia
2299 4431 2644 4498 vaaniensi,
2675 4435 2727 4490 in
2759 4431 3141 4491 dissertatione
3171 4431 3354 4488 dedita
3394 4444 3562 4499 opera

1978 4501 2046 4557 ad
2067 4503 2482 4573 explicationem
2519 4504 2951 4561 testimoniorum
2979 4503 3333 4576 quorumdam
3377 4498 3566 4576 S.’_Pa-

1980 4582 2121 4652 trum
2137 4569 2543 4652 '_spectantium
2598 4576 2667 4630 ad
2711 4576 2963 4652 haeresim
2996 4569 3368 4652 tlicreiigariih
3382 4569 3561 4652 relata

1974 4651 2119 4699 tonio
2158 4642 2444 4701 V'suarum
2476 4655 2725 4701 notarum
2749 4647 2817 4701 ad
2855 4646 3116 4711 Concilia,
3146 4642 3270 4715 pag.
3311 4642 3434 4705 517,
3464 4642 3565 4696 im-

1972 4730 2049 4785 pr:
2070 4715 2455 4785 ssoiBruxellis
2480 4731 2627 4785 anno
2652 4717 2853 4772 Christi
2880 4715 3036 4770 1672.

2048 4785 2107 4840 V.
2135 4784 2295 4857 Num.
2321 4786 2389 4840 10
2418 4802 2432 4843 :
2459 4784 2664 4853 ϐίαι-ει,
2690 4788 2865 4857 inquit
2889 4788 3236 4851 dissertator,
3266 4783 3391 4855 quia
3411 4782 3564 4857 panis

1968 4855 2057 4938 ille
2082 4856 2387 4981 “pinumque
2445 4856 2670 4927 ﬁgurate
2727 4853 2922 4912 Christi
2970 4872 3160 4928 corpus
3218 4853 3287 4910 δι’
3346 4853 3564 4928 sanguis

1970 4942 2079 4981 exis
2147 4966 2163 4981 .

1940 4952 1947 4955 ‘
1970 4942 2163 4981 exuat.

2635 5036 2923 5079 BBSPONSIO
2933 5060 2948 5077 ο

2048 5136 2181 5206 Quis
2231 5135 2443 5194 dubitat
2483 5136 2661 5209 aliqua
2710 5137 2921 5209 dicendi
2952 5144 3007 5192 et
3048 5135 3320 5192 scribendi
3347 5135 3562 5194 ratione

1980 5226 2072 5293 seu
2117 5223 2314 5293 gener};
2359 5207 2857 5293 panernetvin‘un'i‘
2882 5207 3109 5293 figurate
3132 5218 3403 5293 corpusnet
3433 5226 3559 5267 san-

2017 5279 2197 5337 uinem
2245 5279 2449 5336 Christi
2493 5280 2762 5337 existere?
2816 5279 3161 5344 Paschasius,
3200 5279 3562 5345 Lanfrancus,

1980 5297 2343 5408 ﬁuitmondus
2374 5361 2429 5406 et
2453 5366 2643 5408 omnes
2670 5351 2877 5408 antiqui
2907 5360 2962 5406 et
2985 5352 3315 5408 recentiores
3339 5351 3441 5408 viri
3469 5367 3562 5408 ca-

2033 5352 2343 5408 uitmondus
2374 5361 2643 5422 etiomnes
2670 5351 2877 5422 antiqui
2907 5360 2962 5406 et
2985 5352 3315 5408 recentiores
3339 5351 3441 5408 viri
3469 5367 3563 5409 ca-

1987 5422 2168 5479 tholici
2224 5422 2376 5494 ultro
2428 5421 2688 5494 fatentur,
2747 5421 3037 5494 dummodo
3111 5435 3300 5494 revera
3367 5438 3564 5494 corpus

1987 5492 2449 5566 Christi_intcrius
2471 5504 2528 5549 et
2551 5493 2653 5549 sub
2681 5493 2963 5566 speciebus
2981 5493 3261 5566 contineri
3275 5492 3563 5564 recognos-

1986 5573 2160 5621 catur.
2193 5562 2308 5620 Hoc
2334 5580 2470 5635 vero
2499 5562 2775 5635 conceptis
2819 5565 3002 5621 verbis
3049 5562 3208 5620 docet
3233 5562 3566 5622 Ratramnus

1986 5652 2136 5708 num.
2164 5635 2197 5691 9
2229 5652 2239 5687 :
2277 5654 2295 5687 ι
2331 5634 2586 5692 Exterius
2616 5634 2831 5708 quidem
2878 5637 3035 5708 panis
3062 5636 3204 5706 quod
3231 5646 3357 5691 ante
3386 5635 3564 5693 fuerat

1984 5706 2159 5762 forma
2214 5708 2589 5777 praetenditur,
2645 5706 2795 5765 color
2840 5706 3170 5778 ostenditur,
3209 5723 3373 5778 sapor
3409 5710 3557 5763 acci-

1985 5778 2168 5849 pitur:
2194 5787 2280 5834 ast
2312 5778 2540 5835 interius
2558 5778 2719 5851 longe
2740 5779 2882 5835 aliud
2907 5777 3077 5841 multo
3107 5777 3399 5849 pretiosius
3423 5778 3556 5860 mut:
