4026 6346
194 356 310 418 197

824 346 1278 410 DlSSEllTATlO
1315 346 1383 407 ΙΝ
1416 348 1546 407 LIB.
1587 349 1676 406 DE
1711 346 2034 410 CORPORE
2074 350 2161 411 ΕΤ
2204 354 2555 413 SANGUINE
2596 348 2853 433 DOMINI.

3375 348 3477 414 198

192 448 351 507 liter.
393 446 562 516 Quasi
587 457 718 520 vero
753 445 856 502 hoc
892 444 1159 520 signiﬁcet
1183 443 1499 520 operatione
1522 442 1644 498 ﬁdei
1672 442 1791 520 ﬁeri
1821 454 1868 511 Λ
1897 448 1985 512 sii,
2014 464 2207 518 panem
2248 450 2372 505 vitae
2395 450 2487 520 qui
2515 450 2579 504 de
2605 448 2743 503 coelo
2772 446 3074 520 descendit,
3104 462 3134 502 a
3159 448 3314 504 nobis
3340 450 3481 506 reci-

193 515 498 594 mysteria,‘
522 533 628 594 non
652 517 857 594 yirtute
886 516 1133 594 Spiritus
1152 516 1346 581 sancti,
1378 531 1484 585 qua
1504 515 1793 594 “mysteria

193 585 405 647 no'strm
429 589 554 645 ﬁdei
578 587 790 657 objecta
811 588 1061 643 evadant.
1094 586 1469 643 Consentanee
1500 585 1798 657 Rati-aiuno

190 663 441 734 loquitur
465 656 788 734 Paschasius
809 675 930 734 cap.
962 658 996 713 5
1020 658 1137 713 libri
1161 657 1251 734 __de
1291 657 1540 734 Corpore_
1566 665 1621 712 et
1668 656 1801 713 San-

189 727 364 806 guine
384 732 595 788 Domini
615 748 682 806 εν(
706 727 954 786 Christus
973 744 1103 806 ergo
1127 728 1280 806 cibus
1292 727 1722 806 estangeiorum,
1746 736 1801 783 et

191 800 607 860 sacramentum
638 805 740 857 hoc
762 818 892 856 vere
917 815 1046 856 caro
1072 801 1240 870 ipsius
1269 809 1324 854 et
1359 800 1597 870 sanguis,
1634 814 1824 867 quam,

192 875 561 947 spiritualiter
615 874 919 947 manducat
952 881 1007 927 et
1056 871 1194 947 bibit
1224 870 1407 947 homo.
1462 871 1541 925 Ac
1567 885 1664 939 per
1694 871 1799 947 hoc

192 940 344 1001 unde
373 946 563 1000 vivunt
586 944 787 1014 angeli,
816 944 951 997 vivit
978 950 1033 997 et
1056 941 1237 1007 homo,
1275 941 1401 1014 quia
1441 950 1610 1014 totum
1639 940 1801 1014 spiri-

194 1017 350 1072 tuale
380 1026 468 1073 est
491 1025 547 1072 et
575 1010 816 1070 divinum
840 1015 894 1068 in
941 1029 1007 1068 eo
1028 1014 1171 1083 quod
1196 1010 1427 1083 percipit
1456 1012 1636 1067 homo.
1670 1010 1701 1064 ’i
1732 1010 1803 1065 Et

195 1088 252 1143 in
289 1089 402 1143 line
434 1087 676 1157 ejusdem
733 1086 947 1155 capitis.
984 1104 1001 1134 ι
1042 1084 1294 1157 Βὶωιιιιιδ-
1333 1098 1561 1157 quoque
1596 1090 1654 1157 et
1701 1096 1801 1136 nos

124 1166 133 1171 “
192 1153 561 1230 spiritualiter
590 1172 654 1230 ac
678 1153 1023 1210 comedimus
1051 1154 1388 1230 spiritualem
1433 1153 1646 1230 Christi
1667 1168 1798 1207 car-

194 1224 352 1295 nem,
379 1230 434 1284 in
462 1244 566 1298 qua
596 1228 702 1282 vita
741 1236 942 1282 acterna
969 1224 1089 1281 esse
1134 1226 1395 1281 creditur.
1434 1224 1688 1294 Alioquin
1713 1238 1802 1278 sa-

192 1318 328 1372 pere
360 1300 660 1355 secuudum
719 1313 1116 1372 caruemmms
1146 1305 1248 1372 est,
1299 1305 1355 1350 et
1407 1304 1586 1372 tamen
1617 1309 1800 1349 veram

194 1367 408 1428 Christi
447 1386 667 1426 carnem
703 1369 1059 1441 spirituatiter
1095 1369 1401 1439 percipere,
1448 1367 1557 1421 vita
1595 1375 1800 1422 interna

192 1452 302 1499 est.
342 1462 364 1495 ι
937 1456 945 1465 ’

270 1510 859 1569 Observatcontinenti
881 1525 1154 1573 sermone.
1178 1524 1295 1578 cap.
1326 1507 1382 1573 6,
1412 1509 1552 1563 hanc
1575 1522 1800 1562 carnem

193 1584 405 1641 Christi
424 1583 762 1655 spiritualem
780 1594 1028 1655 spectare
1046 1583 1239 1645 bonos,
1259 1581 1570 1648 neutiquam
1591 1579 1758 1633 malos
1782 1596 1796 1633 :

201 1675 220 1709 ι
264 1657 415 1712 Ecce
439 1652 615 1724 inquit
634 1670 825 1710 omnes
852 1652 1222 1724 iiidilleretiter
1247 1667 1407 1724 quam
1447 1666 1587 1720 Saepe
1619 1665 1801 1724 sacra-

196 1739 389 1783 menta
406 1720 597 1780 altaris
612 1724 916 1795 percipiunt
932 1725 1109 1794 plane,
1131 1721 1226 1778 sed
1246 1720 1384 1795 alius
1403 1737 1624 1795 carnem
1642 1720 1801 1795 Chri-

194 1799 265 1853 sti
304 1791 670 1870 spiritualiter
698 1791 1075 1870 manducatet
1106 1793 1422 1870 sanguinem
1464 1792 1620 1870 bibit,
1662 1791 1801 1870 alius

194 1863 355 1926 rero'
384 1885 495 1924 non
512 1886 526 1935 ;
546 1869 793 1937 quamvis
814 1865 1111 1925 buccellam
1135 1866 1201 1920 de
1223 1880 1381 1919 manu
1406 1865 1705 1937 sacerdotis
1730 1863 1800 1917 vi-

197 1942 400 1995 deatur
425 1936 727 2011 percipere.
753 1938 821 1993 Et
840 1938 969 2008 quid
990 1937 1212 2011 accipit,
1239 1952 1363 1990 cum
1387 1952 1489 2011 una
1514 1936 1800 2011 sit_co_nse-

196 2012 400 2075 cratio,
425 2003 477 2066 si
510 2003 710 2080 corpus
754 2020 810 2065 et
848 2003 1165 2079 sanguinein
1210 2022 1316 2061 non
1365 2006 1599 2080 accipit?
1638 2003 1795 2080 Vere,

196 2084 327 2153 quia
352 2099 483 2137 reus
505 2076 705 2151 accipit
733 2076 973 2152 indigne;
1005 2078 1445 2153 sicutapostolus
1468 2076 1667 2153 Paulus
1688 2076 1796 2130 ait:

194 2148 479 2208 Iudicium
526 2148 642 2209 sibi
676 2148 959 2206 manducet
1011 2160 1059 2206 et
1098 2148 1258 2215 ‘bibit,
1313 2165 1415 2203 non
1460 2148 1689 2218 probans
1745 2165 1801 2202 se

235 2229 374 2289 rius,
421 2242 514 2278 nec
550 2223 805 2294 judicans
836 2239 1024 2291 corpus
1061 2221 1272 2274 Domini
1316 2218 1369 2288 (Ι
1399 2217 1650 2294 ,(ζὸγτμξι,

235 2244 374 2289 rtus,
421 2244 514 2278 nec
550 2244 805 2294 Juatcans
836 2244 1024 2291 corpus
1061 2244 1272 2274 uomtm
1316 2244 1362 2288 μ
1414 2244 1536 2273 υυτ.
1579 2244 1650 2282 ιι,
1687 2244 1796 2289 ιν).

194 2244 343 2352 Ecce
402 2295 531 2366 quid
581 2294 1178 2366 niainlucathpcccator
1220 2300 1275 2345 et
1314 2290 1447 2366 quid
1490 2288 1798 2366 bibit._No_n

199 2369 399 2437 utique
421 2361 527 2421 sibi
553 2381 783 2437 carnem
807 2363 1010 2437 utiliter
1054 2371 1108 2416 et
1136 2361 1479 2437 sanguinem,
1525 2363 1619 2437 sed
1648 2361 1798 2437 judi-

201 2430 377 2494 cium.
407 2437 477 2492 Et
523 2436 727 2506 quare?
755 2435 891 2502 Quia
914 2449 1039 2506 non
1064 2448 1123 2489 se
1153 2430 1368 2506 probat,
1400 2447 1501 2487 nec
1526 2430 1802 2506 diiudicat

201 2524 409 2579 corpus
456 2503 689 2563 Doinini.
726 2507 939 2579 Cogitat
958 2505 1101 2579 enim
1136 2503 1366 2559 inﬁdelis
1391 2504 1537 2579 quod
1564 2503 1722 2579 digna
1745 2510 1802 2558 et

201 2574 401 2637 sancta
431 2580 685 2650 indignus
734 2574 903 2647 possit
945 2576 1208 2650 accipere,
1244 2591 1350 2650 non
1391 2574 1537 2650 aliud
1579 2575 1799 2650 quidem

204 2652 521 2714 attendens,
550 2645 673 2705 'nisi
718 2645 863 2718 Quod
911 2645 1079 2713 videt,
1125 2661 1301 2715 neque
1335 2645 1643 2717 intelligens
1697 2645 1801 2700 nisi

204 2724 352 2793 quod
384 2721 635 2777 sentitur.
668 2742 685 2771 ι

272 2793 337 2849 lu
372 2793 621 2848 eamdem
662 2808 801 2856 rem,
832 2790 905 2845 ait
938 2789 1269 2845 Ratramnus
1294 2796 1415 2859 post
1449 2786 1504 2842 S.
1536 2787 1801 2859 lsidorum

205 2864 608 2936 Hispalensem.
648 2881 666 2913 ι
705 2862 803 2936 llic
827 2861 1157 2936 etiamiidem
1188 2856 1380 2915 doctor
1409 2858 1539 2914 dicit
1565 2876 1577 2909 :
1609 2856 1803 2936 Sacra-

208 2930 459 2993 mentum
480 2935 629 2992 estin
670 2934 847 3003 aliqua
879 2933 1265 2995 celebratione,
1290 2946 1412 2985 cum
1443 2946 1530 2985 res
1556 2938 1705 2999 gesta
1728 2930 1803 2983 ita

207 3011 297 3072 sit,
354 3017 415 3061 ut
444 3007 648 3076 aliquid
702 3006 1008 3076 signiﬁcare
1039 3004 1392 3076 intelligatur,
1414 3006 1584 3076 hquod
1614 3009 1803 3055 sancte

208 3072 590 3149 accipiendum
612 3090 713 3131 est.
746 3072 777 3129 ἱ
800 3078 855 3130 ιιι
888 3094 946 3130 ea
977 3072 1303 3149 sacramenti
1334 3072 1645 3149 deﬁnitione
1669 3088 1803 3125 con-

208 3145 361 3206 venit
405 3166 527 3207 cum
560 3148 875 3211 Paschasio,
929 3148 1102 3217 capite
1148 3147 1183 3200 3
1223 3146 1345 3199 libri
1395 3150 1461 3217 de
1487 3145 1806 3217 Corporect

210 3220 493 3292 Sanguine
541 3220 754 3275 Domini
794 3238 805 3273 :
844 3239 863 3271 ι
895 3216 1329 3292 Satiramentuni
1360 3216 1523 3292 igitur
1546 3226 1628 3292 est
1652 3216 1809 3292 quid-

209 3287 424 3363 quia'in
446 3293 624 3361 aliqua
649 3291 1011 3346 celebratione
1041 3289 1219 3343 divina
1248 3288 1581 3363 nobisquasi
1611 3287 1811 3363 pignus

210 3357 409 3419 salutis
441 3357 691 3427 traditur,
733 3379 855 3417 cum
892 3376 980 3415 res
1023 3370 1174 3430 gesta
1218 3358 1446 3413 visibilis
1476 3357 1633 3427 longe
1664 3357 1807 3430 aliud

210 3435 491 3491 invisibile
535 3435 999 3503 intus\operatur,
1030 3428 1173 3502 quod
1205 3439 1392 3486 sancte
1430 3428 1808 3498 accipiendum

210 3517 378 3564 εει.»

279 3581 489 3635 Beatus
529 3576 781 3646 Algerus,
824 3573 1171 3629 adversarius
1209 3572 1527 3646 Berengarii
1577 3569 1809 3646 fortissi—

213 3664 359 3713 mus,
426 3643 708 3704 ltatrainai
760 3656 814 3701 et
891 3645 1169 3701 Paschain
1225 3646 1454 3710 vestigia
1503 3643 1808 3711 insequitur

212 3721 336 3779 libri
371 3736 408 3778 ιι
440 3722 506 3775 de
533 3718 875 3775 Eucharistia
900 3719 1076 3787 capite
1103 3720 1122 3770 1
1159 3736 1173 3770 :
1202 3735 1220 3767 ι
1256 3716 1313 3769 ln
1344 3716 1434 3769 illo
1463 3722 1807 3769 sacramento

212 3795 471 3849 Christus
516 3800 600 3849 est
645 3791 900 3859 quoniam
935 3804 1133 3859 corpus
1154 3797 1238 3843 est
1271 3786 1504 3859 Christi:
1540 3797 1807 3859 nouergo

211 3864 519 3935 corporalis
538 3855 685 3923 esca,
708 3863 805 3935 sed
818 3855 1132 3935 rspiritualis
1157 3868 1270 3935 est.
1305 3858 1360 3912 Si
1386 3872 1517 3935 ergo
1543 3855 1805 3935 spiritua:

215 3932 282 3990 lis
308 3924 370 3989 ist
418 3951 526 3989 non
559 3924 884 4003 corporalis,
932 3932 1205 4000 quomodo
1249 3924 1517 4003 corporali
1567 3924 1805 3980 secessui

215 4006 490 4060 obnoxia?
527 4026 546 4057 ι
582 4002 830 4076 Ejusdem
855 4002 1380 4076 capitis,continent_i
1406 4014 1656 4076 sermone
1681 4012 1805 4067 pro.

216 4077 307 4131 liat
331 4092 441 4131 non
458 4069 1093 4146 l'i'aiigijejuniuiuiquod
1113 4072 1395 4146 corporale
1419 4082 1531 4146 est,
1548 4069 1806 4146 alimento

216 4148 487 4218 spirituali
531 4138 887 4218 Eucharistize
915 4160 937 4218 ι
965 4138 984 4196 ἱ
1022 4146 1128 4200 Sed
1156 4138 1298 4199 absit
1325 4160 1354 4196 a
1386 4142 1643 4197 cordibus
1672 4138 1804 4218 iide-

218 4213 349 4274 liuin
402 4228 462 4273 ut
508 4218 562 4273 in
614 4217 805 4272 diebus
869 4216 1198 4285 jejunioruni
1244 4224 1624 4285 quotacunqne
1672 4213 1806 4266 hora

220 4292 402 4346 inissa:
420 4290 787 4353 celebrentur,
817 4283 951 4342 solvi
973 4290 1197 4343 credam
1214 4287 1477 4357 jejunium
1496 4302 1509 4349 ;
1536 4283 1663 4354 quia
1680 4298 1804 4357 cum

220 4377 329 4416 non
357 4364 429 4415 sit
476 4360 794 4430 corporalis,
834 4361 928 4415 sed
959 4354 1444 4429 spiritualis'esca,
1483 4354 1803 4430 corporalis,

220 4448 315 4502 per
346 4448 529 4488 escam
558 4426 892 4501 spiritualem
944 4426 1052 4486 non
1089 4430 1337 4502 solvitur
1370 4426 1720 4502 abstinentia.
1780 4444 1800 4476 ι

222 4497 511 4559 habitandi
566 4497 730 4574 igitur
786 4503 935 4557 locus
978 4517 1085 4558 non
1115 4500 1434 4574 relinquitur
1474 4497 1804 4574 mysterium

1830 1817 1876 1877 Β
1903 1800 2027 1869 quia

1898 520 1952 590 pi
2004 520 2055 575 in
2101 521 2296 587 altari;
2329 518 2453 575 nam
2496 520 2775 590 conceptis
2802 520 2983 574 verbis
3011 518 3247 587 loquitur
3287 521 3356 577 de
3382 521 3483 576 ali-

1901 601 2083 646 mento
2123 592 2387 662 spirituali
2414 608 2521 662 quo
2546 591 2731 646 ﬁdeles
2774 591 2828 645 in
2860 590 3096 662 Ecclesia
3145 591 3476 653 nutriuntur.

1899 680 2070 717 escam
2112 660 2270 733 quam
2313 660 2493 732 ﬁdeles
2528 662 2789 731 accipiunt
2839 663 2893 715 in
2942 660 3196 726 Ecclesia,
3234 671 3292 717 et
3324 663 3484 720 docet

1900 749 2096 803 panem
2122 743 2178 788 et
2199 734 2384 788 vinum
2410 750 2514 787 non
2538 733 2711 789 solum
2740 748 2917 803 posse,
2944 748 3130 788 rerum
3158 733 3320 789 etiam
3350 735 3481 791 dare

1902 805 2060 860 nobis
2086 805 2253 859 vitam
2283 815 2561 859 aeternam.
2615 803 2722 857 Iste
2760 806 2911 873 panis
2956 806 3097 858 virus
3131 806 3224 872 qui
3251 806 3316 860 de
3355 806 3481 862 coelo

1901 875 2186 940 descendit,
2218 876 2334 929 vita:
2373 886 2584 930 teternte
2607 876 2950 929 substantiam
2973 876 3358 931 subministrat.
3386 877 3482 932 Di-

1902 949 1976 1001 cit
2002 948 2143 1019 quod
2175 947 2226 1000 in
2274 946 2608 1019 Eucharistia
2642 946 2892 1019 sensibus
2919 947 3213 1001 obnoxium
3247 956 3341 1001 aut
3370 947 3484 1019 pal-

1902 1018 2078 1087 pabile
2103 1026 2206 1081 est,
2232 1018 2605 1071 tantummodo
2629 1016 2774 1071 alere
2815 1031 2973 1086 posse
2997 1034 3215 1088 corpus,
3242 1016 3481 1073 animam

1901 1104 2031 1143 vero
2078 1088 2402 1143 nullatenus.
2451 1088 2604 1155 Quod
2648 1089 2782 1142 adeo
2836 1103 3019 1142 verum
3072 1098 3175 1151 est,
3227 1098 3288 1144 ut
3342 1091 3485 1145 inter

1902 1174 2092 1214 omnes
2121 1160 2417 1214 catholicos
2442 1168 2595 1213 extra
2623 1173 2837 1231 omnem
2864 1158 3153 1231 dubitandi
3169 1159 3341 1214 aleam
3385 1176 3482 1231 po-

1903 1231 2065 1285 situm
2105 1231 2195 1285 sit.
2225 1231 2338 1285 Hoc
2363 1230 2667 1300 argumenti
2694 1245 2889 1302 genere
2918 1230 3233 1302 comprobat
3257 1246 3352 1286 eos
3390 1230 3484 1284 ve-

1905 1303 2189 1357 hemenler
2218 1302 2498 1374 allucinari
2528 1301 2620 1374 qui
2663 1300 2947 1374 nullam_in
2977 1300 3314 1374 Eticbaristia
3352 1302 3487 1374 lign-

1904 1389 2018 1426 ram
2058 1388 2178 1428 esse
2205 1373 2303 1427 sihi
2344 1372 2763 1442 persuadebunt,
2795 1371 2890 1425 sed
2934 1373 3120 1427 omnia
3143 1372 3196 1426 in
3216 1371 3414 1443 aperta
3435 1382 3490 1429 et

1904 1445 2044 1498 edita
2083 1443 2519 1498 manifestatione
2546 1444 2869 1498 consistere.

1973 1515 2033 1568 2°
2066 1515 2388 1583 Neutiquam
2436 1514 2573 1567 dixit
2603 1514 2932 1568 llatramnus
2958 1514 3112 1569 vitam
3136 1531 3253 1585 qua:
3278 1515 3333 1568 in
3375 1531 3489 1585 my-

1903 1588 2059 1640 sterio
2083 1587 2398 1647 continetur;
2428 1602 2538 1638 esse
2568 1602 2598 1638 a
2628 1586 2765 1640 uerbi
2809 1586 3037 1654 potentia
3078 1585 3346 1649 invisibili,
3370 1602 3487 1655 qua?

1904 1657 2061 1726 ﬁdem
2084 1667 2349 1725 operatur.
2379 1656 2587 1710 Excidit
2617 1672 2646 1709 a
2672 1656 2932 1710 memoria
2955 1656 3326 1711 dissertatoris
3346 1656 3488 1724 quod

1905 1727 2316 1798 exprobravcrit
2346 1728 2642 1798 Batramno
2664 1729 2965 1798 mysterium
2994 1729 3081 1796 agi
3126 1726 3491 1798 spiritualiter,

2056 1798 2181 1867 ﬁdei
2229 1801 2446 1868 spiritus
2478 1797 2610 1851 illud
2636 1796 2855 1868 peragit.
2906 1798 3058 1851 Enim
3103 1813 3234 1852 vero
3284 1799 3333 1852 si
3384 1796 3493 1852 Ra-

1906 1868 2154 1924 tramnus
2192 1869 2332 1923 dixit
2379 1868 2541 1927 ﬁdem
2584 1868 2796 1924 eﬁicere
2837 1869 3179 1939 mysterium,
3211 1884 3318 1939 quo
3366 1868 3493 1939 jure

1900 1941 2084 1995 dicere
2137 1948 2317 2009 potest
2359 1942 2546 2004 vitam,
2577 1955 2698 2010 quae
2729 1941 2780 1994 in
2826 1941 3086 2010 mysterio
3123 1947 3228 2002 est,
3275 1939 3492 2010 operari

1903 2028 1995 2068 seu
2024 2010 2237 2067 edicere
2262 2011 2423 2066 ﬁdem
2446 2011 2468 2064 ?
2494 2010 2549 2064 lu
2595 2026 2975 2081 quamcunque
2999 2021 3207 2080 partem
3250 2026 3312 2065 se
3333 2011 3497 2066 dede-

1903 2083 1977 2137 rit
2003 2082 2346 2147 dissertator,
2378 2084 2519 2136 haud
2555 2081 2710 2137 facile
2739 2096 2856 2136 sese
2890 2083 2959 2137 ab
2990 2083 3092 2136 hoc
3113 2082 3306 2151 laqueo
3331 2097 3496 2151 expe-

1902 2155 2033 2208 diet.
2062 2152 2196 2207 Nam
2237 2154 2285 2209 si
2316 2169 2472 2208 mens
2517 2152 2801 2207 Ratramni
2846 2154 2914 2208 sit
2942 2152 3103 2208 ﬁdem
3132 2153 3355 2224 ellicere
3381 2168 3496 2224 my-

1902 2226 2151 2287 sterium,
2179 2239 2463 2295 perperam
2486 2225 2537 2278 ei
2568 2224 2900 2295 exprobatur
2926 2224 3246 2295 mysterium
3276 2222 3495 2295 clﬁcerr.

1904 2296 2063 2350 ﬁdem
2096 2313 2108 2349 :
2132 2294 2387 2351 cancrum
2418 2295 2576 2362 longe
2603 2294 2775 2349 abfuit
2800 2295 2869 2348 ab
2889 2294 3496 2362 ejuSmodisubtilitati-

1902 2368 2035 2433 bus;
2064 2368 2263 2438 quippe
2307 2382 2431 2422 cum
2463 2364 2665 2421 atlatim
2688 2375 3061 2438 recognoscat
3085 2367 3284 2438 virtute
3324 2364 3498 2438 Epiri:

1905 2447 1991 2493 tus
2018 2435 2113 2492 Dei
2141 2435 2311 2493 elﬁeri
2342 2438 2659 2508 mysterium
2682 2435 3055 2499 Eucharistiae,
3084 2437 3229 2507 quod
3259 2447 3340 2493 est
3369 2435 3495 2508 ﬁdei

1904 2518 2103 2565 nostrae
2131 2525 2225 2564 seu
2252 2507 2526 2564 suasionis
2546 2508 2980 2563 Christianorum
3018 2508 3290 2575 objectum
3318 2507 3469 2563 credi

1904 2580 2029 2635 bile.
2058 2579 2202 2635 Nihil
2233 2582 2332 2635 hac
2356 2579 2637 2635 Ratramni
2670 2580 2916 2634 doctrina
2942 2579 3243 2649 sapientius
3264 2587 3359 2633 aut
3386 2592 3473 2632 ma

1903 2653 1987 2723 gis
2015 2652 2379 2723 orthodoxam
2402 2650 2633 2721 proferri
2654 2661 2854 2723 potest.

1973 2724 2032 2777 5°
2062 2719 2490 2778 Consectaneum
2528 2737 2593 2774 ex
2639 2722 2722 2775 his
2749 2720 3116 2776 necessarium
3160 2728 3243 2777 est
3272 2732 3378 2777 non
3410 2719 3502 2775 do-

1905 2794 2102 2857 cuisse,
2125 2795 2183 2847 in
2210 2793 2310 2847 liae
2340 2793 2445 2861 ﬁde
2489 2791 2847 2861 efﬁcientiam,
2880 2809 2943 2844 ac
2971 2792 3212 2845 virtutem
3261 2792 3499 2860 corporis

1906 2863 2119 2918 Christi.
2162 2864 2295 2918 Cum
2327 2879 2357 2918 e
2385 2872 2573 2916 contra
2602 2861 2855 2925 defeudat
2894 2863 2947 2915 in
2980 2863 3079 2916 hoc
3106 2875 3244 2930 pano
3268 2874 3390 2929 esse
3422 2862 3502 2916 vi-

1907 2943 2014 2989 tam
2060 2951 2165 2989 non
2198 2936 2251 2989 in
2281 2934 2468 2989 oculos
2510 2934 2897 2997 incurrentem,
2930 2933 3024 2987 sed
3054 2936 3163 2986 sola
3193 2933 3300 2987 ﬁde
3346 2947 3501 2987 reco-

1905 3007 2133 3078 gnitum,
2166 3007 2309 3061 hunc
2335 3022 2530 3074 panem
2553 3006 2618 3059 de
2636 3005 2773 3078 cmlo
2797 3004 3143 3078 descendisse
3158 3004 3496 3078 etesistere;

1906 3076 1974 3131 de
2004 3094 2114 3148 quo
2143 3078 2349 3131 dictum
2379 3085 2460 3131 est
2504 3091 2628 3148 eum
2669 3077 2760 3144 qui
2793 3076 3092 3148 comederit
3118 3091 3183 3129 ex
3212 3076 3315 3148 hoc
3360 3089 3501 3145 pane

1914 3146 2036 3203 fore
2072 3147 2457 3202 immortalem.
2496 3166 2513 3197 t
2550 3147 2643 3201 Est
2674 3164 2803 3216 ergo
2848 3148 2898 3201 in
2928 3146 3018 3200 illo
3059 3161 3197 3214 pane
3220 3146 3354 3209 vita,
3384 3161 3503 3214 quae

1918 3236 2023 3274 non
2074 3228 2297 3289 apparet
2340 3219 2512 3273 oculis
2570 3219 2868 3286 corporeis,
2908 3218 3001 3272 sed
3033 3216 3156 3271 li'dei
3211 3225 3503 3272 contuetur

1915 3300 2133 3362 aspectu
2164 3306 2179 3344 :
2207 3291 2297 3359 qui
2346 3291 2511 3344 etiam
2563 3292 2715 3359 panis
2763 3290 3053 3362 virusqni
3108 3290 3391 3362 descendit
3436 3289 3502 3343 tle

1912 3360 2071 3427 (ratio,
2100 3362 2316 3427 existit;
2351 3370 2405 3415 et
2451 3363 2516 3414 de
2552 3376 2661 3429 quo
2715 3376 2842 3415 vere
2891 3361 3091 3413 dicitur
3129 3377 3141 3412 :
3184 3360 3506 3427 Quicunque

1910 3434 2055 3487 hunc
2104 3434 2532 3495 iuandncavcrit,
2575 3448 2678 3484 non
2714 3433 2976 3485 morietur
3019 3434 3070 3484 in
3100 3440 3405 3494 aeternum;
3449 3437 3505 3486 et

1910 3506 2001 3572 qui
2026 3513 2107 3557 est
2131 3520 2328 3571 corpus
2355 3503 2579 3556 Christi.
2622 3524 2640 3554 ι
2678 3504 2808 3568 Quis
2830 3503 2932 3555 sibi
2971 3505 3382 3569 persuadeatex
3419 3501 3504 3556 his

1910 3575 2136 3643 intelligi
2171 3577 2223 3628 in
2249 3576 2351 3627 hac
2375 3574 2479 3627 ﬁde
2500 3589 2619 3627 esse
2642 3573 2983 3626 eﬂicientiam
3013 3588 3077 3625 ac
3100 3572 3357 3643 virtutem
3386 3587 3506 3643 cor-

1911 3647 2059 3715 poris
2096 3642 2333 3699 Christi?
2365 3644 2496 3715 Nam
2553 3644 3005 3715 quemadmodum
3054 3642 3218 3715 ocuii,
3258 3643 3382 3715 dum
3418 3642 3499 3715 di-

1911 3712 2108 3772 runtur
2129 3716 2312 3770 videre
2362 3714 2571 3769 colores
2601 3724 2656 3769 et
2705 3714 2900 3776 lucem,
2935 3729 3040 3766 non
3070 3713 3267 3766 dicitur
3294 3713 3345 3766 in
3379 3712 3498 3767 visu

1911 3788 2209 3843 consistere
2230 3787 2523 3841 ellicaciam
2566 3785 2806 3840 colorum
2834 3794 2889 3838 et
2914 3783 3052 3839 lucis
3085 3823 3097 3834 .
3128 3784 3309 3837 dicere
3338 3782 3498 3836 iidem

1912 3861 2182 3929 respuere
2212 3873 2306 3913 seu
2362 3859 2585 3911 credere
2638 3857 2691 3911 in
2730 3856 2992 3929 mysterio
3042 3854 3500 3929 corpnsChristi,

1908 3926 2034 4001 [idéi
2076 3939 2353 3984 contuetur
2398 3938 2631 3999 aspectu,
2684 3943 2788 3983 non
2819 3937 2903 3982 est
2943 3927 3123 3981 dicere
3156 3926 3210 4001 in
3245 3926 3344 4001 hac
3393 3926 3504 4001 _lid_e

1909 3995 2211 4057 consistere
2258 3995 2552 4056 eilicaci'am
2603 4010 2659 4053 et
2703 4002 2956 4053 virtutem
2986 3997 3231 4067 corporis
3278 3995 3501 4051 Christi.

1911 4072 2018 4129 Sed
2051 4088 2242 4127 vereor
2276 4088 2345 4128 ne
2378 4072 2428 4125 in
2459 4072 2559 4144 hac
2587 4072 2748 4125 causa
2770 4073 2861 4144 ~sit
2884 4072 3019 4144 ὑπερ
3053 4073 3192 4144 maia
3227 4068 3504 4144 ὶπιφᾷᾠνρν

1911 4146 2067 4198 nimis
2122 4145 2324 4199 vincere
2379 4142 2696 4195 invidiosum
2739 4136 3039 4210 (Socrates,
3094 4136 3500 4195 Historﬁliccl.

1909 4215 2005 4270 lib.
2034 4231 2117 4277 ιιι,
2150 4216 2232 4268 lit.
2261 4213 2356 4277 DL,
2387 4228 2509 4282 cap.
2538 4214 2623 4277 18,
2669 4229 2792 4283 pag.
2820 4213 2971 4281 655).

1980 4286 2143 4343 XXII.
2199 4283 2556 4354 Corporaliler
2579 4300 2697 4337 cum
2722 4282 2871 4353 negat
2904 4300 3014 4337 esse
3041 4282 3308 4354 Christum
3332 4282 3394 4354 in
3423 4286 3506 4333 at-

1909 4360 2013 4411 tari
2045 4357 2244 4427 (inquit
2274 4352 2593 4411 dissertator
2623 4371 2744 4426 pag.
2790 4352 2889 4409 178
2917 4355 3171 4427 editionis
3218 4352 3506 4427 Paris.,_et

1908 4445 2031 4499 pag.
2083 4422 2210 4490 79-2,
2239 4445 2385 4481 num.
2444 4428 2567 4490 178,
2615 4422 2744 4499 eun.
2788 4426 3197 4499 Atnstelodqiel
3223 4440 3344 4494 pag.
3378 4422 3500 4487 l78,

1908 4495 2038 4555 edit.
2069 4501 2089 4555 1
2120 4500 2345 4567 l’aris.),
2373 4515 2435 4552 ac
2479 4497 2823 4568 spirituuliter
2866 4499 2939 4551 ait
2979 4495 3198 4565 intelligi
3245 4506 3502 4563 oportere,

220 4577 504 4657 spirituale
532 4566 639 4646 agi.
690 4574 1021 4657 liatrainnus
1066 4589 1209 4657 ycro
1244 4566 1595 4657 nihilominus
1618 4568 1802 4623 animo
1834 4566 1882 4624 D
1908 4566 2305 4657 quantutrique
2321 4570 2400 4654 illi
2439 4566 2546 4623 voci
2578 4570 2783 4657 subesse
2814 4570 3074 4651 notionem
3110 4584 3171 4620 ac
3198 4575 3501 4645 potestatein

221 4643 456 4702 intendit
505 4643 665 4716 quam
723 4648 865 4715 quod
921 4648 1002 4700 ori
1031 4646 1147 4716 ejus
1198 4645 1401 4716 inducit
1461 4643 1800 4716 dissertator,

222 4720 346 4787 quia
378 4719 504 4773 ﬁdei
524 4711 758 4788 spiritus
798 4717 924 4771 illud
955 4711 1208 4787 peragit:
1242 4733 1261 4767 ι
1298 4715 1458 4788 Fides
1503 4725 1566 4766 ea
1607 4711 1800 4782 pascit,

224 4788 481 4853 laetiﬁcat,
517 4786 752 4843 viviﬁcat
782 4788 1031 4854 interius,
1060 4786 1185 4841 dum
1235 4786 1376 4857 quod
1425 4793 1529 4849 est,
1577 4797 1801 4857 carnem

223 4859 335 4914 alit.
374 4883 393 4913 ι
430 4861 565 4915 Nam
609 4870 814 4913 tantum
845 4862 999 4915 abest
1050 4869 1109 4913 ut
1163 4853 1297 4914 ﬁdes
1348 4857 1528 4912 omnia
1578 4853 1803 4909 interius

225 4930 404 4997 iaciat,
437 4948 561 4986 cum
593 4947 654 4986 ea
681 4933 862 5001 potius
902 4940 1156 5001 tanquam
1203 4928 1476 5001 objectum
1525 4942 1636 4981 sua:
1680 4941 1804 5001 sna-

224 4996 395 5057 sionis
417 4996 705 5074 supponaf.
736 5002 861 5057 [hec
881 5011 967 5056 est
996 4996 1239 5056 solitaria
1263 4996 1417 5056 mens
1445 4996 1728 5052 Ratramni
1748 5003 1805 5051 et

223 5078 464 5128 omnium
493 5075 904 5128 catholicorum.

295 5145 438 5200 XXI.
462 5145 614 5219 (Pag.
640 5145 765 5219 ξω,
784 5160 929 5219 num,
951 5144 1075 5209 l78,
1100 5145 1151 5198 in
1175 5142 1431 5219 margin.)
1448 5140 1617 5219 Negat
1643 5155 1798 5219 aper-

228 5218 435 5273 tissime
465 5212 613 5273 nutu.
636 5216 707 5271 ,Ἦ
725 5218 862 5288 quod
894 5233 983 5271 ore
1012 5220 1238 5269 sumitur
1258 5212 1317 5268 in
1337 5212 1517 5277 altari,
1549 5233 1565 5262 ι
1603 5212 1796 5288 afterni

227 5297 387 5343 tatem
408 5306 559 5360 posse
581 5286 854 5360 prirstare,
877 5290 1035 5343 vitam
1053 5289 1188 5341 enim
1210 5301 1403 5360 quiem
1431 5286 1674 5360 mysterio
1689 5299 1808 5336 con-

227 5356 441 5426 tinetur,
467 5356 631 5415 esset:
667 5358 818 5414 Verbi
840 5360 1072 5430 potentia
1098 5356 1344 5413 invisibili
1366 5373 1482 5426 qua:
1508 5356 1664 5423 [idem
1682 5370 1807 5430 ope-

228 5443 375 5487 ratur
400 5432 657 5495 iunobis;
690 5433 745 5486 in
783 5426 881 5484 huc
911 5432 1015 5499 [ide
1056 5447 1165 5485 esse
1197 5430 1531 5503 efﬁcientiam
1556 5442 1618 5479 ac
1642 5426 1809 5479 virtu-

230 5512 327 5556 tem
356 5505 592 5575 corporis
622 5503 906 5557 Dominici.
941 5523 959 5554 ι

865 5630 1168 5671 RESPONSIO.

245 5738 250 5742 ί
303 5710 543 5765 Dilucide
570 5717 720 5780 patet
744 5706 940 5763 falsum
965 5724 1085 5763 esse
1106 5708 1222 5763 htec
1261 5708 1362 5763 tria
1390 5706 1531 5780 apud
1560 5706 1815 5762 Ratram.

234 5797 355 5836 num
384 5778 612 5836 numero
638 5778 711 5835 52
737 5795 1048 5836 occurrere.

248 5886 257 5895 -
311 5854 357 5906 ιβ
382 5853 739 5925 Recognoscit
762 5860 966 5920 aperte,
993 5852 1272 5922 explicans
1302 5853 1466 5907 verba
1496 5853 1554 5908 S.
1581 5852 1813 5907 Ambro-

1909 4633 2043 4703 relit,
2062 4644 2171 4713 ipse
2191 4633 2356 4713 operit
2374 4657 2493 4695 eum
2510 4657 2655 4696 num.
2680 4641 2748 4693 7b
2766 4657 2777 4693 ε
2795 4641 2927 4693 sicut
2952 4640 3009 4713 iu
3028 4633 3290 4713 mysterio,
3316 4633 3502 4709 inquit,

1906 4708 2091 4782 panis.
2120 4708 2443 4779 illecum-us
2491 4712 2767 4781 accipitur,
2825 4713 2900 4762 sic
2945 4711 3101 4782 etiam
3148 4708 3201 4760 in
3261 4708 3504 4771 mysterio

1907 4780 2138 4837 ntembra
2166 4783 2342 4853 populi
2382 4780 2637 4835 credentis
2684 4786 2740 4835 in
2779 4781 3044 4853 Christum
3072 4780 3385 4853 intmiutuur
3410 4790 3428 4828 .'
3456 4783 3503 4826 et

1907 4857 2041 4909 sicut
2074 4846 2176 4907 non
2205 4846 2567 4923 corporaliter,
2592 4853 2680 4905 sed
2707 4850 3054 4923 spiritualitﬁer
3088 4850 3238 4917 panis
3267 4846 3353 4898 ille
3387 4859 3503 4898 cre-

1907 4925 2141 4979 dentium
2167 4917 2355 4994 corpus
2376 4923 2611 4977 dicitur:
2639 4923 2713 4994 sic
2735 4917 2942 4992 quoque
2968 4917 3169 4994 Chmti
3186 4934 3372 4994 corpus
3401 4931 3507 4970 non

1910 4986 2285 5063 corporaliter,
2332 5000 2421 5049 sed
2456 4986 2801 5065 spiritualiter
2827 4986 3032 5047 necesse
3057 5001 3131 5046 est
3157 4986 3503 5059 intelligatur.

2559 5122 2862 5163 RESPONSIO.

1984 5203 2118 5258 Cum
2165 5217 2232 5258 eo
2275 5200 2502 5257 consilio
2549 5201 2832 5269 scripserit
2877 5198 3206 5253 Ratramnns
3243 5204 3301 5251 ut
3327 5192 3506 5269 inesse

1913 5276 2148 5345 aliquam
2172 5276 2224 5328 in
2250 5273 2587 5328 Euchaiistia
2624 5264 2847 5340 ﬁguram
2880 5270 3280 5340 comprobaret,
3314 5264 3506 5345 melius

1916 5337 2218 5417 argumenti
2268 5360 2437 5412 genus
2457 5416 2461 5417 ν
2484 5337 2875 5417 pi'ofei'i'eaioii
2904 5337 3140 5417 poterat
3175 5356 3241 5417 eo
3266 5337 3408 5417 quod
3437 5350 3508 5391 ex

1916 5408 2143 5488 corpore
2187 5426 2242 5471 et
2270 5408 2539 5487 sanguine
2587 5415 2766 5484 populi
2798 5408 2972 5470 ﬁdelis
3011 5413 3278 5488 assumit,
3306 5408 3510 5480 quippe

1917 5482 2071 5559 aqua:
2114 5504 2236 5544 cum
2293 5482 2415 5542 vino
2457 5482 2807 5559 permistioue
2856 5488 2910 5559 in
2954 5485 3126 5559 calice
3169 5482 3506 5559 designatur.

1919 5545 2073 5617 Sicut
2096 5560 2239 5615 enim
2273 5575 2426 5628 aqua:
2457 5545 2817 5628 'periuistione
2842 5557 3067 5628 Christo
3092 5545 3320 5628 p0pulus
3360 5552 3412 5628 in
3444 5545 3511 5604 li-

1917 5648 2050 5704 gura
2084 5622 2353 5685 adimatur
2373 5670 2387 5695 ,
2415 5622 2482 5704 eti
2500 5630 2932 5704 populiisanguis
2952 5629 3023 5704 _in_
3041 5622 3214 5704 ﬁgura
3241 5622 3512 5696 signiﬁca-

1920 5700 2007 5759 iur
2041 5724 2052 5757 ;
2087 5713 2158 5758 ita
2195 5717 2291 5773 per
2327 5702 2536 5771 species
2582 5701 2738 5770 panis
2765 5711 2823 5755 et
2855 5700 2965 5773 vini
3011 5700 3065 5754 in
3113 5700 3280 5767 ligura
3311 5708 3509 5762 corpus

1916 5785 1971 5829 et
1997 5770 2218 5845 sanguis
2239 5770 2438 5829 Christi
2473 5772 2808 5829 intimantur.
2851 5770 2987 5845 Nam
3027 5782 3219 5845 revera
3237 5775 3507 5845 quatenus

1916 5836 2183 5915 \rlasunt
2226 5854 2278 5900 ct
2309 5845 2593 5919 paropides
2625 5844 2865 5913 corporis
2922 5840 3145 5919 Christi,
3174 5836 3289 5907 ejus
3320 5838 3504 5906 lignis;
