4026 6346
216 369 316 424 SOI

820 364 1278 424 DlSSERTATlO
1315 366 1382 422 ΙΝ
1423 365 1550 423 LIB.
1594 365 1683 420 DE
1717 363 2038 422 CORPORIS
2075 361 2162 419 ET
2199 361 2554 420 SANGUINE
2595 361 2850 419 DOllllNl.

3378 365 3483 421 103

215 493 480 552 tanquam
508 483 823 552 ﬁgmentum
844 482 1072 537 rationis
1099 481 1384 552 respicere.
1415 481 1526 536 lmo
1555 496 1684 536 vero
1707 494 1803 552 per
1830 484 1878 544 Α
1905 493 2004 552 per
2041 479 2358 552 mysterium
2382 493 2576 548 panem
2613 486 2666 534 et
2693 478 2876 552 vinum
2902 476 2971 552 in
3000 478 3321 552 corporiset
3351 496 3482 536 san-

213 567 275 607 se
300 551 602 606 subsistere
629 566 736 606 non
766 551 1045 613 dubitavit,
1091 563 1345 620 tanquam
1400 565 1588 606 revera
1618 551 1798 608 consi-

214 632 369 676 stens
394 621 691 690 obiectum,
717 622 862 676 circa
899 622 1041 689 quod
1072 622 1230 684 ratio,
1263 622 1394 675 fides
1417 629 1470 676 et
1499 621 1802 676 intellectus

215 701 526 746 versentur.
549 690 745 745 Nullibi
783 692 948 746 etiam
981 691 1308 745 Ratramnus
1332 693 1586 746 admonet
1612 701 1800 760 myste-

212 763 352 815 rium
376 777 442 815 ea:
463 761 666 832 duobus
695 761 813 829 ﬁeri
841 777 859 815 :
887 777 951 814 ex
983 762 1228 832 sgmbo‘is
1266 773 1514 832 tanquam
1548 761 1802 832 signis,et

206 833 317 900 ﬁde
345 830 630 895 credentis,
664 847 782 900 quae
831 829 1131 900 mysterium
1179 829 1399 900 per/icit,
1441 833 1566 883 dum
1599 829 1799 892 'credit,

209 902 360 973 quod
396 917 500 973 per
532 901 652 973 vim
692 900 988 973 [latratuum
1039 901 1241 973 allingit
1294 901 1630 973 dissertator,
1675 915 1798 973 pag.

214 969 340 1036 {79,
367 969 501 1026 edit.
534 970 732 1034 Paris,
767 970 873 1025 292
908 971 1446 1035 Atnstelodamensis,
1486 986 1632 1025 num.
1677 969 1800 1033 179,

206 1043 422 1096 omisso
448 1041 590 1104 loco,
621 1042 747 1110 quia
797 1041 974 1094 nullus
997 1050 1081 1095 est
1113 1057 1178 1094 ex
1211 1057 1317 1110 quo
1346 1041 1653 1110 exscripsit.
1701 1045 1804 1096 \‘e-

210 1121 525 1166 cumtamen
587 1112 665 1166 sic
704 1112 881 1182 pergit
941 1111 1240 1165 continenti
1299 1126 1548 1164 sermone
1579 1151 1594 1175 ,
1661 1121 1800 1169 tme-

210 1192 360 1236 tttate
403 1183 490 1235 11.
1557 1227 1562 1236 .

284 1250 478 1305 XXIV.
523 1250 856 1306 Similisdoli
879 1250 1088 1321 plenum
1115 1259 1190 1304 est
1217 1250 1356 1319 quod
1384 1251 1456 1304 ait
1483 1249 1802 1308 Ratramnus

206 1338 361 1374 num.
389 1323 422 1376 9
450 1339 463 1375 :
495 1341 513 1372 ‹
547 1321 853 1390 Mysterium
883 1322 988 1373 dici
1023 1337 1127 1374 non
1145 1330 1314 1389 potest
1342 1322 1396 1373 in
1435 1337 1537 1389 quo
1560 1322 1691 1376 nihil
1725 1334 1799 1376 est

207 1392 474 1454 abditum,
499 1391 627 1444 nihil
650 1407 680 1442 a
705 1391 1060 1460 corporalibus
1091 1391 1326 1460 sensibus
1365 1400 1640 1455 remotum,
1671 1393 1802 1446 nihil

207 1461 394 1530 aliqua
417 1461 670 1514 velamine
690 1459 1002 1530 contectum.
1029 1460 1092 1512 At
1115 1459 1204 1512 ille
1227 1461 1378 1529 punis
1405 1461 1493 1528 qui
1517 1477 1803 1530 persacer-

206 1528 351 1583 dotis
379 1531 727 1583 ministerium
757 1528 952 1582 Christi
984 1546 1174 1600 corpus
1203 1528 1500 1598 conﬁcitur,
1518 1528 1669 1584 aliud
1707 1549 1808 1585 σπη’

205 1605 374 1654 terius
425 1601 668 1653 humanis
713 1601 948 1653 sensibus
999 1600 1242 1664 exponit,
1291 1611 1337 1652 et
1384 1601 1531 1652 aliud
1581 1603 1800 1656 interius

205 1671 450 1736 fidelium
482 1671 737 1723 mentibus
767 1670 1074 1740 clatum”...
1108 1671 1233 1737 quia
1259 1669 1476 1730 caleste,
1513 1672 1635 1740 quia
1671 1673 1802 1725 diri-

206 1750 358 1805 num,
401 1741 456 1793 id
490 1750 563 1794 est
602 1756 788 1808 corpus
814 1737 1008 1810 Christi
1036 1741 1345 1803 ostenditur,
1368 1737 1637 1810 quodnon
1677 1759 1799 1796 sen-

202 1810 354 1892 sibus
381 1812 578 1890 carnis,
611 1812 700 1892 sed
741 1809 1099 1892 animilﬁdelis
1130 1808 1386 1892 contuitu
1407 1808 1492 1891 vel.
1521 1811 1794 1892 aspicitur,
1829 1833 1872 1892 Β

203 1879 282 1931 vel
313 1881 594 1947 accipitur,
618 1878 694 1933 vel
728 1881 1047 1932 conceditur.
1084 1899 1100 1930 ι
1153 1877 1412 1946 Fefellere
1448 1877 1589 1933 viros
1618 1881 1796 1936 doctos

204 1949 291 2001 lue
319 1967 469 2003 voces
505 1964 755 2004 INTEIUUS
782 1960 828 2002 et
852 1964 1135 2004 sxrsntus.
1175 1948 1355 2018 Neque
1380 1949 1518 2002 enim
1550 1950 1697 2004 aliud
1723 1951 1800 2005 in-

205 2019 402 2083 terius,
421 2021 560 2089 quod
581 2020 803 2073 occurrit
828 2021 998 2073 adhuc
1029 2035 1172 2072 num.
1200 2019 1264 2072 10
1289 2029 1336 2072 et
1363 2019 1424 2072 21
1457 2019 1677 2088 aliisque
1715 2020 1796 2075 lo-

204 2089 313 2160 eis,
344 2088 440 2142 sic
467 2091 654 2160 accipit
703 2091 799 2142 iste
828 2099 882 2141 ut
912 2090 1188 2160 signiﬁcet,
1229 2090 1280 2141 in
1336 2088 1466 2157 ipsis
1516 2090 1794 2160 symbolis.

205 2156 318 2229 Sed
349 2161 406 2212 in
435 2156 753 2212 credentium
787 2156 976 2212 animis
1000 2156 1242 2228 aquibus
1271 2156 1449 2226 peragi
1495 2156 1798 2229 mysterium

201 2228 522 2292 arbitratur,
547 2240 697 2299 negat
743 2229 847 2281 dici
888 2230 1214 2299 mysterium,
1239 2230 1338 2280 nisi
1363 2230 1450 2281 ubi
1483 2247 1514 2282 a
1553 2228 1798 2298 symbolis

204 2299 366 2352 veluti
394 2315 537 2352 mens
574 2298 912 2359 cammonita,
953 2298 1098 2350 aliud
1133 2300 1294 2352 credit
1316 2315 1471 2368 quam
1514 2299 1695 2353 oculus
1718 2302 1800 2353 in-

203 2378 386 2422 tuetur
407 2385 426 2422 :
454 2385 518 2421 ex
543 2380 762 2438 utroque
785 2370 922 2422 enim
946 2368 1248 2438 mysterium
1283 2368 1424 2435 ﬁeri,
1467 2385 1530 2422 ea:
1565 2369 1798 2439 symbolo

199 2448 253 2491 et
289 2440 398 2506 [ide
437 2439 719 2493 credentis.

845 2569 1150 2611 RESPONSIO.

280 2648 402 2705 Non
445 2648 604 2706 facile
633 2659 716 2704 est
743 2651 795 2705 in
835 2653 919 2708 bis
946 2651 1125 2704 verbis
1158 2650 1588 2707 animadvertere
1618 2653 1797 2708 dolum

203 2731 308 2776 aut
342 2722 664 2776 industriam
696 2721 999 2775 Hatramni.
1027 2721 1314 2775 Enimvero
1337 2721 1382 2774 si
1417 2737 1606 2776 revera
1630 2724 1800 2791 expli-

205 2801 306 2847 cat
332 2808 399 2845 eo
427 2792 529 2847 loci
555 2791 701 2845 clare
722 2801 777 2845 et
797 2801 1002 2862 aperte,
1031 2791 1280 2862 omnibus
1307 2791 1627 2860 ambagibus
1649 2801 1800 2862 post-

200 2863 431 2931 positis,
464 2863 593 2932 quid
619 2875 683 2914 ex
712 2861 796 2915 his
817 2861 996 2915 verbis
1021 2861 1237 2932 interius
1267 2870 1321 2914 ct
1350 2864 1575 2932 exterius
1602 2861 1800 2917 intelli-

206 2942 330 3003 gat,
359 2942 415 2986 et
440 2931 580 2987 bona
617 2933 726 3003 ‘llde
759 2931 1025 3003 signilicet
1051 2931 1179 3000 quid
1209 2931 1349 2984 intra
1388 2931 1651 3003 velevtra
1686 2950 1801 3003 my-

209 3001 446 3058 .sterium
479 3017 678 3056 nosme
704 3002 826 3056 lidei
859 3002 1128 3070 objectutn
1157 3011 1276 3064 est;
1306 3015 1405 3054 nec
1429 3001 1693 3058 ullatenus
1719 3001 1801 3058 in-

209 3074 398 3144 sinuet
421 3081 514 3144 aut
546 3071 739 3144 influat
765 3073 817 3125 in
852 3080 1062 3144 mentes
1084 3070 1344 3144 lectorum
1368 3071 1650 3144 ejusmodi
1679 3088 1800 3144 my-

210 3143 445 3205 Sterium
475 3143 528 3196 in
578 3142 774 3196 animis
821 3141 1156 3198 credentium
1213 3139 1432 3212 ellieri,
1468 3143 1584 3212 ejus
1632 3139 1795 3198 verba

207 3214 367 3269 otuni
418 3213 540 3268 dolo
601 3229 665 3268 ac
715 3214 904 3266 fraude
951 3226 1136 3267 carere
1179 3211 1332 3264 valde
1374 3213 1647 3280 probabile
1691 3223 1792 3268 est.

207 3283 391 3338 Porro
423 3282 536 3350 jam
563 3300 626 3338 ex
659 3283 839 3336 verbis
879 3298 1027 3335 num.
1072 3282 1104 3336 9
1155 3281 1453 3351 intelligere
1499 3293 1553 3337 et
1583 3285 1799 3353 assequi

210 3369 439 3408 sensum
465 3355 581 3423 ejus
607 3353 839 3406 faciliter
875 3367 1182 3421 possumus,
1208 3367 1327 3421 qua:
1363 3355 1797 3419 prietermittere,

212 3439 285 3479 ne
311 3427 490 3478 dicam
518 3439 844 3493 expungere,
873 3424 1191 3493 dissertator
1213 3436 1319 3475 non
1347 3424 1541 3476 timuit.
1571 3442 1590 3474 ο
1627 3439 1797 3478 mre-

212 3492 766 3563 musquidempanis
787 3492 929 3562 quod
969 3504 1094 3548 ante
1136 3492 1310 3547 fuerat
1359 3493 1528 3546 forma
1573 3505 1798 3562 praeten-

209 3565 385 3628 ditur,
435 3565 585 3618 color
630 3567 954 3626 ostenditur,
999 3577 1160 3631 sapor
1197 3563 1477 3631 accipitur.
1514 3565 1612 3617 Ast
1655 3580 1800 3619 INTE-

207 3649 338 3689 ntus
389 3635 545 3705 longe
572 3633 714 3687 aliud
758 3633 924 3705 multo
963 3633 1272 3705 pretiosius,
1307 3634 1581 3705 multoque
1615 3636 1792 3689 excel-

207 3705 417 3759 lentius
459 3703 761 3762 iutimatur,
792 3703 916 3773 quia
963 3703 1203 3766 caeleste,
1253 3703 1378 3771 quia
1431 3704 1702 3765 divinum,
1745 3706 1796 3760 id

208 3785 300 3829 est
344 3775 548 3829 Christi
605 3789 800 3843 corpus
853 3773 1156 3826 ostenditur
1203 3773 1344 3840 quod
1395 3789 1498 3825 non
1551 3775 1797 3828 sensibus

208 3846 419 3909 carnis,
460 3863 479 3896 ι
516 3853 623 3898 etc.
668 3845 800 3909 Quis
841 3845 987 3898 enim
1030 3843 1226 3912 mentis
1275 3858 1491 3910 compos
1530 3843 1630 3896 sibi
1677 3860 1796 3912 per-

207 3916 443 3970 suadeat
481 3925 574 3969 aut
622 3914 882 3984 intelligat
929 3929 993 3967 ex
1033 3911 1295 3984 ejusmodi
1345 3928 1596 3966 sermone
1635 3911 1797 3981 ﬁdem

210 3987 427 4054 operari
451 4002 640 4056 corpus
681 3982 896 4050 Christi,
930 3998 1028 4056 nec
1060 3982 1164 4056 nisi
1191 3983 1238 4056 vi
1258 3983 1614 4056 cogitationis
1645 4001 1796 4056 uten—

212 4053 286 4110 tis
317 4057 372 4109 in
399 4053 742 4110 Eucharistia
797 4053 1128 4109 consistere?
1169 4053 1300 4119 Quis
1337 4053 1490 4106 dolus
1531 4063 1621 4106 aut
1648 4053 1795 4108 fraus

205 4128 268 4180 in
298 4125 567 4194 ejusmodi
599 4127 887 4186 verborum
918 4125 1318 4194 constructione
1348 4133 1401 4177 et
1430 4125 1793 4193 congruitate,

206 4206 268 4248 et
296 4197 426 4266 quid
458 4196 764 4266 signiﬁcare
790 4197 960 4264 potuit
991 4193 1320 4266 llatﬁraumus
1351 4194 1451 4266 nisi
1483 4195 1674 4266 visum,
1723 4205 1798 4249 ta-

201 4263 386 4328 ctum,
410 4263 626 4334 gustum
659 4267 710 4319 iu
750 4263 852 4319 hoc
881 4265 1137 4335 mysterio
1171 4263 1315 4317 falli?
1338 4264 1432 4318 sed
1461 4265 1646 4335 auditu
1678 4266 1794 4321 solo

209 4346 329 4390 tute
353 4333 524 4390 credi.
553 4337 611 4390 Si
659 4353 763 4406 qua
817 4333 983 4406 igitur
1026 4335 1227 4406 astutia
1280 4335 1380 4406 sit,
1419 4333 1798 4406 Adissertatoris

203 4417 318 4469 est,
374 4407 465 4474 qui
510 4410 623 4460 hau:
665 4403 1069 4460 verba—callide
1112 4403 1488 4474 praetermisit;
1538 4405 1622 4459 vis
1664 4421 1795 4461 vero

204 4477 389 4530 leonis
413 4478 527 4530 sive
551 4475 850 4538 llatramui,
879 4477 945 4530 de
970 4476 1071 4528 [ide
1090 4474 1352 4544 catholica
1378 4483 1609 4530 mentem
1640 4491 1794 4531 suam

206 4562 444 4601 uervose
489 4557 544 4602 et
587 4544 820 4602 dilucide
848 4545 1186 4615 exponentis.
1227 4543 1409 4599 Cauta:
1455 4560 1642 4601 revera
1670 4555 1798 4602 sunt

208 4618 422 4686 vulpes,
449 4619 540 4670 sed
571 4616 842 4671 cautiores
869 4626 996 4670 sunt
1025 4616 1117 4686 qui
1141 4616 1360 4686 capiunt
1388 4615 1594 4686 vulpes.

284 4634 299 4670 ι
375 4634 422 4676 S.
449 4634 540 4670 seu
571 4634 842 4671 CttllllOl'CS
869 4634 996 4670 sunt
1025 4634 1117 4684 (ιυι
1141 4634 1360 4686 captum.
1388 4634 1594 4686 VlllpBS.

283 4634 454 4742 ἔξω.
485 4687 606 4740 Non
633 4686 784 4749 dicit,
807 4685 1384 4750 scilicetRatratnnus,
1410 4701 1686 4753 INTERIUS,
1711 4687 1796 4743 iu-

208 4758 329 4825 quit
359 4759 686 4812 dissertator
716 4755 862 4826 (pag.
906 4757 1010 4812 180
1057 4756 1186 4811 edit.
1216 4755 1558 4822 Parisiensis,
1594 4767 1650 4812 et
1674 4757 1796 4811 Am-

208 4828 408 4882 stelod.
441 4827 537 4882 fol.
590 4827 716 4889 292,
764 4843 913 4880 num.
961 4841 1056 4881 seu
1105 4833 1361 4881 tmemate
1410 4826 1554 4895 180),
1602 4829 1797 4880 mutari

208 4897 469 4966 :ymbola,
506 4898 596 4951 sed
637 4911 906 4960 INTERIUS,
945 4897 1039 4949 hoc
1075 4905 1149 4950 est
1182 4897 1381 4966 intima:
1405 4898 1564 4950 menti
1609 4913 1797 4966 corpus

260 4969 427 5046 omini
443 4967 780 5046 _a__symboli_s
814 4966 1068 5046 intima-ri,
1097 4967 1202 5020 sive
1229 4965 1540 5046 signiﬁcari,
1567 4967 1656 5020 ubi
1682 4965 1798 5046 aui-

211 5056 327 5093 mus
377 5033 801 5107 ﬁdelis'uspicit,
841 5037 1052 5106 accipit,
1080 5033 1332 5096 concedit.
1366 5033 1515 5106 quod
1541 5053 1664 5090 cum
1708 5033 1798 5092 ille

209 5110 422 5163 disserit
473 5108 685 5172 callide,
735 5117 901 5178 negati
938 5107 1044 5178 dici
1089 5123 1240 5176 posse
1284 5117 1522 5178 aspectus
1563 5108 1798 5178 corporis

212 5179 484 5234 Christum
507 5179 761 5242 intuetur,
784 5194 841 5232 os
863 5177 1128 5232 Christum
1153 5177 1455 5231 manducet.

858 5303 1166 5344 BESPONSIO.

283 5381 343 5435 In
371 5380 673 5448 bis_verbis
696 5380 798 5435 tria
835 5379 1068 5434 dilucide
1099 5388 1154 5435 et
1182 5377 1384 5448 liquido
1419 5380 1552 5436 falsa
1583 5391 1726 5437 sunt.
1767 5445 1771 5448 λ

286 5454 344 5506 1ο
382 5445 602 5506 Falsum
655 5461 743 5505 est
787 5449 1143 5504 Ratramnum
1195 5445 1302 5504 non
1355 5451 1535 5508 dicere
1584 5445 1802 5507 interius

217 5523 412 5576 mutari
450 5520 712 5592 symbolo,
753 5536 880 5576 cum
905 5521 1181 5592 conceptis
1200 5521 1380 5576 verbis
1406 5523 1801 5592 dicatnutuero

212 5594 249 5645 9
279 5611 292 5645 :
327 5607 478 5647 PANIS
498 5590 799 5656 quoniam:
825 5607 1057 5647 ruenn.
1077 5590 1226 5644 Nam
1261 5593 1305 5646 si
1335 5607 1523 5648 revera
1540 5591 1642 5646 fttit
1676 5603 1802 5649 ante

215 5663 392 5733 panis,
429 5661 547 5730 jam
591 5677 700 5717 non
727 5671 810 5717 est
840 5662 1092 5732 amplius,
1133 5661 1374 5733 adeoque
1405 5664 1631 5718 mutatio
1661 5662 1799 5718 facta

215 5731 302 5786 est
331 5733 574 5805 interius,
603 5731 1019 5805 namexierius
1074 5731 1216 5787 nulla
1277 5744 1520 5802 apparet.
1576 5735 1801 5805 Insuper

218 5803 465 5873 nunquid
510 5803 617 5859 non
661 5804 792 5858 dicit
833 5802 1164 5857 Ratraumus
1200 5820 1423 5861 numero
1461 5805 1566 5858 30:
1609 5826 1626 5858 ι
1665 5802 1798 5859 Vere

622 5897 903 5957 Ριτιιοι..
940 5895 982 5953 C
996 5895 1046 5953 Χ
1062 5895 1108 5954 Χ
1127 5896 1175 5959 Ι.

1823 4531 1876 4591 Β
1899 4543 1991 4612 qui
2029 4556 2151 4612 cum

1905 549 2084 672 guinis
2098 549 2325 672 dCh'risti
2365 564 2624 606 conversa
2649 549 3031 616 substantiam,
3066 564 3094 603 a
3137 551 3484 608 credentibus

1933 637 2004 672 un
2057 637 2092 672 II
2132 638 2200 672 τί,
2242 640 2260 672 1

1901 634 2162 674 sumenda
2183 634 2208 672 ἶ
2242 640 2260 672 ι

1970 691 2027 744 2°
2088 689 2411 748 Neutiuuam
2465 691 2632 745 etiam
2676 690 2808 745 dicit
2875 688 3207 747 Ratramnus
3280 693 3481 748 intima:

1902 761 2060 832 menti
2083 777 2114 812 a
2151 760 2398 832 symbolis
2424 776 2611 830 corpus
2639 761 2964 831 significari;
2985 761 3182 832 quippe
3201 777 3323 817 cum
3346 764 3478 818 eon-

1903 831 2071 899 ceptis
2105 831 2284 885 verbis
2306 830 2448 884 dicat
2492 830 2770 899 panem'et
2799 830 3156 893 nummum
3199 833 3342 888 aliud
3370 835 3484 888 sint

1902 913 2062 969 quam
2091 910 2217 954 ante
2242 901 2411 960 fuere,
2440 901 2792 954 mutationem
2813 903 3116 970 accepisse,
3145 917 3212 958 ex
3244 905 3344 959 hoc
3384 920 3478 960 ne-

1901 971 2017 1094 lg’ari
2039 985 2144 1025 non
2177 986 2353 1040 posse,
2393 979 2447 1024 et
2475 971 2775 1040 praesertim
2806 972 3060 1026 continuo
3089 989 3336 1032 sermone
3356 991 3481 1046 pro-

1939 1049 2012 1094 et.
2039 1043 2392 1094 mutationem
2419 1039 2618 1094 factam
2647 1054 2752 1094 non
2783 1055 2903 1094 esse
2939 1042 2993 1094 in
3021 1043 3088 1094 iis
3117 1058 3237 1094 unus
3264 1045 3321 1094 in
3347 1060 3480 1094 nm-

1939 1049 2012 1102 et,
2039 1039 2392 1095 mutationem
2419 1039 2618 1094 factam
2647 1054 2903 1116 non_esse
2939 1042 2993 1094 in
3021 1043 3088 1098 iis
3117 1058 3237 1112 quae
3264 1045 3321 1100 in
3347 1039 3480 1116 pro-

1903 1120 2087 1184 spectu
2115 1121 2301 1184 nostro
2330 1118 2455 1184 sunt
2479 1125 2579 1164 nec
2607 1111 2846 1184 exterius
2871 1111 3150 1182 apparent,
3175 1111 3482 1184 panemque

1901 1190 1955 1252 et
1984 1181 2169 1235 vinum
2213 1181 2356 1234 aliud
2387 1194 2507 1235 esse
2535 1195 2698 1252 quam
2743 1180 2996 1236 videntur
3035 1197 3133 1252 per
3168 1180 3482 1240 manifesta-

1903 1251 2102 1322 tionem
2133 1250 2616 1322 exteriorem,vel
2647 1252 2972 1322 negandum,
3015 1250 3158 1321 quod
3199 1255 3318 1310 sine
3363 1271 3481 1310 sce-

1900 1319 2011 1374 lere
2038 1321 2144 1375 dici
2172 1329 2266 1374 aut
2292 1321 2523 1391 cogitari
2562 1335 2667 1374 non
2695 1319 2894 1389 potest,
2929 1337 2994 1375 ex
3021 1319 3201 1378 mente
3228 1323 3483 1380 Ratram-

1901 1391 1992 1451 ni,
2024 1407 2169 1444 num.
2221 1391 2307 1454 15,
2339 1405 2534 1459 corpus
2562 1399 2623 1460 et
2670 1391 2987 1460 sanguinem
3034 1392 3232 1448 Christi
3271 1396 3324 1449 in
3375 1396 3485 1450 Eu-

1898 1461 2160 1514 cbaristia
2205 1462 2478 1516 existere:
2520 1479 2537 1510 t
2587 1459 2923 1528 Fatebuntur
2947 1461 3111 1529 igitur
3151 1479 3370 1521 necesse
3399 1476 3485 1521 est

1903 1539 2106 1584 mutata
2122 1545 2241 1606 esse
2266 1531 2558 1586 secundum
2587 1529 3237 1606 aliudquamsecundum
3264 1549 3480 1606 corpus,

1901 1609 1996 1654 aut
2022 1615 2116 1668 per
2142 1602 2241 1654 hoc
2270 1616 2374 1656 non
2403 1615 2523 1655 esse
2552 1601 2697 1668 quod
2741 1601 2794 1654 in
2825 1603 3052 1656 veritate
3086 1601 3375 1669 videntur,’
3387 1607 3483 1660 sed

1900 1670 2045 1724 aliud
2080 1671 2221 1739 quod
2253 1687 2358 1726 non
2383 1685 2503 1742 esse
2550 1671 3157 1742 secundumpropriam
3189 1677 3482 1731 essentiam

1901 1750 2228 1814 cernuntur,
2275 1749 2367 1795 aut
2406 1742 2448 1794 si
2492 1741 2594 1794 hoc
2630 1739 3204 1814 proﬁteri’noluerint,
3239 1745 3483 1814 compel-

1903 1809 2083 1864 luntur
2128 1826 2324 1881 negare
2373 1826 2572 1882 corpus,
2613 1826 2743 1882 esse
2780 1813 3208 1882 sanguinemque
3255 1809 3480 1882 Christi,

1901 1882 2044 1949 (μιοό
2067 1885 2219 1936 nefas
2241 1891 2323 1936 est
2352 1897 2459 1935 non
2498 1881 2670 1935 solum
2698 1881 2901 1947 dicere,
2929 1881 3299 1940 veruutetiam
3327 1881 3479 1957 cogi?
3575 1951 3579 1954 ,

1900 1959 2034 2003 tare.
2081 1971 2098 2002 ι

1969 2021 2028 2076 5ο
2085 2020 2244 2075 Falso
2301 2020 2503 2090 alllngit
2559 2023 2880 2078 dissertator
2941 2023 3238 2079 Ratramno
3286 2026 3484 2085 callide

1899 2104 2124 2214 negasse
2152 2092 2288 2162 quod
2327 2104 2563 2161 aspectus
2596 2095 2827 2163 corporis
2851 2091 3114 2148 Christum
3139 2095 3394 2162 intuetur,
3431 2109 3483 2152 et

1899 2177 1956 2214 os
2002 2162 2238 2214 'hristum
2264 2162 2567 2214 manducat.
2606 2162 2737 2214 Nam
2772 2164 3064 2214 Drudenler
3084 2174 3139 2214 et
3165 2165 3483 2214 simnliciter

1899 2177 1956 2215 os
1973 2162 2238 2215 Christum
2264 2162 2567 2237 manduca}.
2606 2162 2737 2216 Nam
2771 2164 3064 2237 prudenter
3077 2174 3139 2237 et
3165 2165 3484 2237 simpliciter

1899 2241 2060 2303 negat
2085 2247 2310 2286 saerum-
2332 2231 2532 2303 Christi
2563 2231 2783 2303 corpus,
2811 2235 2954 2302 quod
2994 2235 3047 2288 iu
3077 2231 3312 2291 Ecclesia
3341 2238 3484 2293 cele—

1898 2301 2086 2356 bratur
2119 2318 2239 2357 esse
2285 2302 2493 2373 visibile
2521 2313 2576 2358 et
2611 2301 2877 2373 palpabile
2921 2321 3043 2359 cum
3091 2320 3274 2370 sensu,
3325 2323 3480 2363 more

1898 2373 2246 2427 obsoniorum
2288 2370 2561 2427 frustatim
2587 2370 2827 2428 conscidi
2851 2389 2916 2429 ac
2956 2375 3207 2430 dentibus
3229 2379 3437 2433 conteri
3463 2395 3478 2432 :

1899 2443 1994 2496 sed
2045 2458 2168 2496 cum
2224 2442 2517 2498 Paschasio
2579 2443 2808 2498 libenter
2859 2444 3059 2500 fatetur
3120 2446 3480 2504 substantiam

1898 2515 2145 2582 corporis
2172 2523 2228 2567 et
2259 2514 2536 2584 sanguinis
2576 2513 2777 2568 Christi
2823 2514 2876 2568 in
2904 2516 3094 2570 oculos
3135 2516 3357 2571 minime
3401 2520 3483 2573 in-

1899 2594 2426 2656 currentemrevera
2442 2584 2718 2656 occultam
2755 2599 2820 2656 ac
2861 2586 3130 2656 tegetibus
3172 2588 3479 2656 specierum

1899 2653 2056 2722 panis
2080 2664 2134 2707 et
2177 2654 2285 2706 vini
2333 2654 2616 2724 visibilem,
2655 2653 2970 2720 involutam,
3025 2669 3132 2710 nou
3178 2653 3482 2724 subjectum

1900 2724 2150 2778 sensibus
2179 2739 2271 2775 seu
2308 2723 2614 2778 invisibilem
2642 2724 2895 2778 existere.

1972 2792 2159 2864 XXVI.
2205 2791 2670 2864 Verumrcon/iteri
2693 2795 2832 2864 quod
2852 2793 3098 2864 catholici
3117 2795 3260 2849 ultro
3290 2793 3480 2862 fecere,

1901 2863 2032 2916 nihil
2048 2862 2776 2935 _Itorum_pseudo_-_Ratramgto
2805 2863 2996 2935 placet,
3029 2865 3202 2935 inquit
3227 2864 3482 2921 disserta-

1903 2942 1990 3004 tor
2037 2933 2180 3004 (pag.
2237 2933 2360 2997 180,
2409 2933 2662 2988 edi-tionis
2705 2933 3046 2998 Parisiensis,
3085 2933 3142 2989 et
3192 2935 3300 2990 293
3345 2937 3480 2992 edit.

1902 3002 2259 3075 Amstelod.);
2285 3004 2388 3075 hoc
2411 3017 2536 3057 vero
2558 3005 2749 3075 probat
2766 3005 3002 3074 quinque
3025 3007 3484 3075 propositionibus

1903 3073 2220 3157 ctiorniatis,
2251 3074 2435 3157 debita
2464 3073 2638 3157 opera.
2670 3073 2962 3157 lfatrainuo
2999 3073 3298 3157 repugnare
3323 3078 3483 3148 eique

1901 3145 2249 3198 vehementer
2284 3144 2566 3212 displicere
2609 3143 2867 3199 defendit.
2911 3145 2961 3198 l.
3009 3143 3172 3200 Panis
3217 3143 3484 3204 consecra-

1901 3224 2093 3287 t_t_ts_est
2122 3231 2250 3287 vvere
2291 3230 2477 3284 corpus
2504 3213 2701 3287 Christi
2751 3214 2889 3287 quod
2916 3224 3097 3269 natum
3146 3217 3215 3287 de,
3252 3215 3481 3287 Virgine.

1902 3283 2262 3358 Fuit,inquit,
2294 3299 2358 3338 ex.
2379 3284 2876 3358 pseudo-llatramni
2917 3295 3085 3338 mente
3124 3285 3323 3358 nullam
3342 3283 3485 3358 'ﬂgu-

1901 3355 2107 3427 ramin
2135 3353 2197 3408 ea
2241 3371 2359 3427 voce
2387 3353 2865 3427 ConposCunls’rt
2915 3372 3213 3424 agnoscere,
3260 3353 3485 3427 ﬁgurate

1901 3425 2030 3476 nihil
2057 3425 2128 3478 ibi
2149 3425 2400 3493 accipere,
2427 3435 2591 3477 totum
2606 3426 2658 3477 in
2683 3426 2898 3478 veritate
2914 3441 2930 3487 :
2949 3435 3020 3489 et,
3045 3435 3104 3478 ut
3121 3427 3195 3479 ait
3218 3425 3362 3480 num.
3389 3429 3482 3492 14,

1898 3495 1953 3546 in
1976 3495 2202 3548 veritatis
2233 3494 2564 3562 simplicitate
2594 3495 2821 3564 conspici
2861 3505 3042 3564 sponte
3088 3497 3244 3564 fateri
3269 3511 3287 3548 :
3317 3505 3484 3552 totum

1900 3565 2244 3631 corporaliter
2286 3565 2512 3632 opinari.

1916 3648 1918 3651 '
1967 3634 2022 3686 2.
2083 3635 2300 3689 Aiebunt
2355 3635 2602 3687 nimirum
2649 3633 3124 3705 ultrodcatholici:
3177 3635 3292 3689 Hoc
3341 3639 3485 3705 quod

1903 3705 2274 3768 conspicimus,
2304 3719 2416 3756 rere
2437 3720 2624 3772 corpus
2664 3715 2737 3756 est
2770 3703 2991 3757 Christi.

1966 3773 2021 3847 5_.
2071 3773 2362 3847 Anathema
2406 3773 2460 3847 ei
2505 3773 2592 3847 qui
2633 3773 2822 3826 dixerit
2851 3775 3010 3841 [idem
3038 3776 3340 3847 mysterium
3361 3793 3488 3847 ope-

1899 3845 2008 3896 rari
2037 3845 2284 3912 ;quippe,
2317 3843 2481 3911 inquit
2527 3843 2854 3912 dissertator,
2878 3855 2998 3896 ante
3019 3843 3180 3912 ﬁdem
3211 3843 3487 3902 consecra-

1897 3911 2169 3988 tio‘per’os
2196 3913 2484 3966 sacerdotis
2512 3912 2626 3975 Dei,
2656 3911 2794 3967 Deus
2818 3915 2925 3982 ipse
2949 3911 3250 3984 mysterium
3270 3915 3324 3970 in
3345 3933 3487 3988 symn

1896 3982 2025 4038 bolis
2051 3992 2316 4053 operatur.

1966 4053 2020 4127 4,
2051 4051 2240 4127 _Ni_hi_l_
2279 4051 2552 4127 spirituale
2594 4054 2650 4107 in
2683 4053 2774 4107 illo
2821 4057 3066 4124 mysterio
3106 4058 3326 4127 geritur,
3358 4059 3490 4114 nihil

1897 4124 2082 4188 abditi,
2112 4123 2240 4176 nihil
2261 4124 2463 4176 secreti.

1967 4193 2022 4247 5.
2067 4193 2190 4275 Non
2214 4195 2498 4275 accipimus
2527 4195 2667 4264 quod
2694 4195 2824 4275 fides
2843 4197 3052 4275 efﬁciat,
3084 4197 3174 4275 sed
3194 4199 3335 4268 quod
3363 4199 3490 4275 elle-

1897 4274 2038 4318 ctum
2058 4264 2210 4320 verbo
2239 4262 2336 4318 Dei
2361 4273 2408 4317 et
2431 4281 2521 4318 ore
2541 4262 2828 4319 sacerdotis
2848 4262 2979 4334 ﬁdes
3009 4262 3278 4337 cogitat'et
3299 4262 3486 4324 credit.

2539 4393 2841 4436 IESPONSIO.

2236 4467 2845 4596 liliiilii’d'liil’i'ls
2865 4467 3484 4596 Eill’glli‘iflﬁ‘lfu‘ﬂl‘i'

1968 4469 2154 4526 Pﬁma

1899 4609 2052 4668 ristia
2087 4611 2406 4681 ﬁguramet
2455 4610 2724 4664 veritatem
2778 4610 3004 4681 reperiri
3055 4609 3336 4681 confessus
3381 4618 3486 4681 est.

1898 4679 2106 4762 Revera
2132 4679 2374 4761 'uegavit
2411 4695 2608 4762 corpus
2635 4680 3080 4762 nuncupativuin,
3121 4679 3234 4760 sive
3278 4680 3490 4748 species

1898 4752 2139 4807 visibiles
2159 4747 2314 4820 panis
2338 4758 2394 4804 et
2416 4747 2549 4814 vini,
2575 4763 2695 4804 esse
2719 4749 2787 4820 de
2813 4747 2978 4803 Maria
3007 4747 3229 4820 Virgine
3248 4764 3486 4819 progna-

1899 4832 2036 4877 tum.
2088 4819 2196 4875 Sed
2229 4833 2501 4888 nunquam
2537 4835 2723 4890 verum
2774 4819 2946 4888 ipsum
2987 4834 3190 4890 corpus
3206 4833 3489 4890 nuncupat-

1898 4893 2028 4954 tive,
2060 4906 2154 4944 seu
2183 4887 2467 4959 speciebus
2500 4898 2556 4943 et
2599 4889 2732 4944 velis
2759 4887 3054 4959 occultum,
3074 4887 3148 4959 ex
3174 4887 3354 4959 Mariae
3389 4887 3486 4959 pu-

1905 4963 2122 5017 rissimo
2156 4957 2414 5028 sanguine
2467 4960 2805 5014 efformatum
2838 4974 2962 5014 vere
3012 4957 3177 5013 fuisse
3201 4957 3488 5015 dubitavit.

1905 5033 2089 5102 Prima
2117 5038 2271 5102 parte
2302 5029 2422 5084 libri
2450 5030 2704 5102 probavit
2733 5032 2784 5082 in
2818 5029 3172 5102 Eucharistia'
3201 5043 3324 5102 esse
3367 5045 3490 5102 cor-

1907 5118 2008 5173 pus
2032 5098 2232 5174 Christi
2263 5115 2386 5154 cum
2408 5098 2590 5174 aliqua
2616 5101 2794 5174 figura,
2815 5100 2915 5174 sub
2948 5098 3082 5155 velis
3108 5098 3171 5174 e_t'
3191 5098 3492 5174 adumbra~

1909 5169 2055 5228 iione
2083 5171 2385 5237 specierum
2410 5169 2567 5241 panis
2591 5181 2648 5225 et
2666 5169 2798 5224 ’vini
2824 5187 2836 5223 :
2870 5169 2923 5224 in
2949 5169 3359 5241 secunda'vero,
3389 5171 3492 5226 has

1911 5243 2119 5312 species
2140 5257 2260 5312 qua:
2304 5239 2501 5312 corpus
2520 5241 2725 5312 Christi
2782 5239 3213 5312 nuncupativum
3235 5241 3493 5311 appellari

1912 5311 2130 5375 debent,
2162 5311 2221 5366 et
2259 5311 2415 5368 sicut
2449 5311 2626 5366 velum
2650 5321 2706 5366 et
2744 5325 3066 5382 iconopzeum
3106 5311 3219 5366 veri
3250 5312 3496 5379 corporis

1914 5383 2130 5446 occulti,
2177 5398 2286 5437 non
2330 5397 2452 5437 esse
2485 5397 2680 5450 corpus
2723 5381 2788 5437 de
2825 5381 2996 5437 Maria
3034 5381 3255 5452 Virgine
3281 5391 3492 5452 natum.

1912 5463 2183 5508 mortuum
2233 5460 2289 5507 et
2327 5452 2593 5520 sepultum
2647 5452 2868 5515 fatetur,
2905 5469 3000 5509 seu
3052 5451 3232 5521 potius
3273 5451 3494 5521 ditl'erre

1905 5524 2144 5580 ostendit
2163 5539 2192 5576 a
2221 5538 2351 5576 vero
2369 5537 2595 5591 corpore
2614 5523 2838 5588 Christi,
2860 5524 3002 5592 quod
3031 5520 3333 5592 necessaria
3357 5535 3491 5576 con-

1906 5595 2184 5650 secutione
2239 5593 2339 5664 sibi
2396 5589 2796 5664 persuadebunt
2856 5589 3159 5664 adversarii
3207 5589 3496 5664 Ratratnni

1907 5681 2031 5721 cum
2061 5664 2262 5718 tmllam
2294 5663 2346 5716 iu
2381 5659 2721 5718 Eucharistia
2752 5664 3012 5727 ﬁguram,
3052 5661 3256 5715 nullum
3287 5659 3490 5722 velum,

1907 5737 1998 5790 sed
2030 5736 2204 5804 ipsum
2247 5748 2444 5803 corpus
2464 5732 2662 5788 Christi
2687 5735 2752 5788 de
2776 5729 2940 5788 Maria
2985 5741 3167 5787 natum
3204 5729 3497 5804 editutn__et

1907 5798 2246 5862 manifestum
2275 5798 2510 5874 conspici
2543 5806 2906 5860 defenderent.
2950 5803 3146 5868 Quales
3177 5809 3299 5855 sunt
3335 5798 3495 5854 hodie

3016 5896 3052 5918 py

3026 5915 3045 5956 l
