4026 6346
513 336 628 397 2m-

1119 330 1573 392 mssszrrmo
1614 329 1679 385 IN
1720 329 1972 407 LIB.DE
2006 288 2333 387 cenroas
2373 324 2461 384 ετ
2497 324 2845 384 SANGUINE
2881 325 3171 383 nentur.

3678 330 3792 388 220

514 457 666 533 dente
693 458 1004 533 premitur,’
1027 451 1295 533 qttod_pcr
1339 457 1511 530 partes
1553 445 1927 527 comminuitur
1949 485 1980 527 ,.
2008 442 2099 498 sed
2131 444 2176 502 Α
2207 440 2889 533 ρξερξιξςροξηίιίιξξρρωξιζ
3166 440 3336 533 miror
3372 456 3645 513 nunquam
3676 446 3794 501 dis-

514 523 654 595 quod
686 515 738 595 in
781 522 884 592 ﬁde
920 515 1587 595 spiritualiterarcipitur,
1622 515 1805 568 innues
1852 515 2100 595 nimirum

516 584 666 650 extra
690 584 1150 663 ﬁdémgnibilesse
1187 588 1288 641 nisi
1328 584 1482 663 quod
1505 602 1694 663 corpus
1734 587 1921 663 pascit,
1954 584 2104 663 dente

519 653 792 734 premilur.
818 660 951 734 _Nee
979 659 1086 714 dici
1126 674 1295 734 posse,
1318 653 1482 734 _'quod-
1533 653 1814 734 proﬁtenti:
1863 653 2104 734 {Ecclesia

522 722 618 787 Dei
658 750 775 788 cum
810 730 981 785 Paulo
1009 741 1056 784 et
1105 722 1419 796 Augustino,
1464 722 1569 779 imo
1601 722 1719 778 cum
1751 722 1959 778 Christo
1997 722 2106 777 Do-

519 807 681 859 mino.
707 801 858 869 Quod
879 800 1059 855 videtis
1086 807 1160 853 est
1189 813 1376 868 corpus
1399 812 1591 850 nteant.

1159 923 1464 964 RESI‘ONSIO.

591 1022 712 1078 lam
754 1021 1163 1083 observavimus
1212 1019 1564 1074 nutritionem
1605 1016 1802 1072 animae
1846 1030 2107 1087 procura-

521 1102 630 1146 tam
655 1106 818 1145 carne
849 1099 905 1146 et
932 1090 1193 1161 sanguine
1221 1089 1418 1144 Christi
1442 1104 1563 1161 non
1605 1086 1742 1149 ﬁeri,
1782 1086 1962 1161 instar
2004 1101 2108 1161 nu—

522 1160 758 1215 tritionis
782 1156 1064 1225 naturalis:
1088 1174 1184 1228 per
1206 1159 1612 1228 conversionmu
1643 1157 1826 1213 carnis
1848 1156 2019 1228 ipsius
2050 1156 2104 1228 in

519 1231 876 1287 substantiam
907 1223 1119 1293 animai,
1149 1228 1240 1283 sed
1270 1244 1368 1298 per
1396 1223 1717 1282 inlusionem
1740 1223 1928 1298 gratiae
1958 1224 2103 1298 ﬁdei,

519 1301 634 1371 spei
659 1310 715 1356 et
745 1300 1050 1371 charitatis.
1082 1298 1207 1371 Sed
1239 1295 1354 1354 ha‘c
1380 1313 1485 1353 non
1524 1297 1867 1371 prtepediunt
1892 1295 2107 1371 quomi-

519 1364 625 1425 n'us
652 1372 725 1425 sit
751 1385 939 1425 verum
966 1369 1166 1424 Christi
1200 1364 1604 1435 corpus,,cuj'us
1637 1364 2014 1421 commistione
2049 1372 2109 1420 et

525 1440 833 1510 receptique
865 1447 1189 1510 procuratur
1227 1435 1386 1510 nobis
1429 1438 1653 1510 nutritio
1682 1435 2109 1510 spiritualisAper

521 1510 622 1580 spit
639 1503 1115 1580 ﬁnalem-spiritus
1147 1507 1238 1580 Dei
1275 1508 1571 1577 potentiam
1596 1515 1652 1561 et
1675 1506 1951 1559 virtutem.
1977 1503 2111 1580 Qua:

526 1574 652 1634 cum
684 1579 757 1633 ita
782 1574 1379 1643 sint,'animadvert'ere
1400 1592 1622 1633 necesse
1649 1585 1916 1643 estquam
1945 1574 2106 1629 vehe-

523 1657 737 1704 menter
760 1648 1083 1703 allucinatus
1110 1649 1180 1702 sit
1221 1648 1541 1702 dissertator
1561 1687 1577 1711 ,
1612 1645 1741 1700 dum
1773 1644 1971 1699 asserit
1998 1643 2108 1698 Ra-

526 1729 798 1773 tramnum
830 1717 1136 1789 signiﬁcare
1159 1718 1395 1789 voluisse
1416 1715 1796 1789 praetergﬁdem
1818 1715 1873 1769 in
1897 1713 2108 1789 Eucha-

530 1789 686 1843 ristia
709 1788 844 1842 nihil
867 1783 1092 1858 r'eperiri
1116 1788 1218 1842 nisi
1247 1788 1391 1857 quod
1410 1783 1844 1858 adiuutritionem
1866 1783 2110 1858 corporis
2138 1790 2185 1850 Β

526 1858 866 1915 conducibile
893 1853 991 1923 sit;
1019 1858 1121 1912 hoc
1157 1853 1299 1912 enim
1324 1856 1439 1912 non'
1460 1856 1592 1912 dicit
1618 1853 1984 1923 Batramnus,
2009 1853 2104 1909 sed

524 1928 669 1998 quod
695 1943 816 1983 cum
842 1927 944 1983 ﬁde
966 1920 1325 1999 spiritualiter
1348 1927 1613 1999 accipitur
1636 1920 1896 1999 prteslare
1932 1923 2105 1999 nutri-

525 1995 725 2052 tionem
757 1999 970 2053 animae.
995 1995 1249 2051 'Maxima
1295 1998 1441 2053 enim
1470 1995 1793 2051 ‘dilI‘erentia
1835 2007 1921 2050 est
1965 1995 2106 2048 inter

528 2068 686 2137 ﬁdem
733 2076 784 2121 et
823 2067 875 2121 id
922 2068 1063 2137 quod
1097 2083 1221 2124 eum
1266 2067 1371 2121 ﬁde
1413 2067 1744 2137 percipitur,
1782 2065 1923 2120 sicut
1964 2066 2106 2137 inter

531 2136 705 2191 visum
756 2146 809 2191 et
850 2134 1121 2204 obiectum
1172 2137 1344 2191 visus.
1407 2134 1892 2191 Cum'Ratramno
1942 2134 2108 2189 mira-

528 2206 710 2261 biliter
767 2209 1019 2262 convenit
1072 2206 1440 2270 Paschasius,
1506 2206 1798 2261 discrimen
1857 2212 2100 2259 statuens

531 2277 677 2330 inter
721 2276 970 2346 homines
1011 2278 1169 2346 digne
1214 2285 1309 2330 aut
1356 2276 1574 2346 indigne
1614 2276 1681 2330 ad
1726 2290 1935 2330 sacram
1971 2289 2108 2346 icor—

527 2346 681 2416 poris
739 2345 942 2416 Christi
995 2345 1428 2402 comnmnionem
1482 2345 1824 2401 accedentes.
1881 2364 1900 2396 ι
1949 2345 2108 2416 ΔΕρφεδ

525 2413 727 2487 omnes
747 2415 1115 2471 indiﬂ'erenter
1162 2433 1324 2486 quam
1371 2430 1515 2487 saepe
1543 2422 1882 2487 sacramenta
1913 2413 2104 2487 altaris

527 2485 835 2555 percipiunt
866 2504 878 2540 :
905 2482 1208 2556 percipiunt
1227 2487 1402 2556 plane,
1428 2482 1520 2541 sed
1539 2486 1675 2540 alius
1703 2499 1922 2556 carnem
1948 2482 2106 2556 Chri-

527 2556 595 2610 sti
639 2554 995 2624 spiritualiter
1038 2554 1326 2612 manducat
1353 2565 1409 2611 et
1442 2557 1758 2626 sanguinem
1789 2554 1940 2620 bibit,
1970 2554 2109 2626 alius

528 2640 658 2680 vero
705 2642 836 2690 non,
867 2628 1116 2696 quamvis
1168 2627 1465 2682 buccellam
1513 2624 1582 2680 de
1610 2641 1770 2680 manu
1811 2624 2108 2696 sacerdotis

527 2696 778 2751 videatur
822 2693 1125 2765 percipere.
1160 2716 1179 2749 ι
1218 2697 1298 2752 Ad
1329 2697 1381 2751 id
1413 2711 1545 2751 vero
1570 2696 1713 2765 quod
1751 2696 1828 2749 ait
1849 2693 2111 2765 dissertae

527 2777 632 2827 tor.
665 2764 1019 2821 Batra’mnnm
1061 2768 1256 2822 docere
1280 2782 1348 2822 eo
1376 2766 1477 2821 loci
1508 2782 1608 2821 nec
1637 2766 1739 2820 dici
1766 2779 1924 2835 posse
1964 2764 2108 2831 quod

526 2835 816 2906 proﬁtetur
839 2836 1079 2893 Ecclesia
1106 2838 1199 2892 Dei
1222 2852 1344 2892 cum
1387 2836 1552 2891 Paulo
1572 2844 1626 2890 et
1650 2835 1971 2905 Augustino,
2000 2835 2110 2889 imo

529 2905 653 2959 eum
697 2905 913 2962 Christo
946 2907 1174 2962 Domino
1203 2925 1216 2960 :
1252 2927 1269 2959 ι
1310 2907 1422 2961 Hoc
1454 2908 1597 2976 quod
1638 2906 1851 2959 videtur
1879 2913 2109 2976 estcor-

530 2990 632 3044 pus
654 2989 858 3038 meum,
892 2996 910 3029 ι
943 2978 1191 3044 quamvis
1210 2976 1321 3043 jam
1347 2975 1569 3031 inﬁnitis
1595 2976 1726 3029 locis
1756 2977 1857 3029 hoc
1895 2975 2119 3028 axioma

530 3044 965 3114 explicuerimus,
1031 3061 1138 3099 non
1186 3044 1375 3099 melius
1441 3046 1766 3113 respondere
1823 3059 2111 3111 possumus

530 3130 691 3184 quam
741 3114 826 3169 his
866 3115 1049 3170 verbis
1074 3116 1212 3169 beati
1246 3115 1421 3185 Algeri
1467 3116 1558 3185 lib.
1591 3131 1605 3168 ι
1634 3114 1701 3168 de
1745 3114 2106 3185 Encharistia,

531 3183 655 3252 cap.
690 3185 777 3237 Η.
822 3204 839 3235 ι
876 3185 1007 3239 Item
1042 3183 1373 3254 Augustinus
1413 3184 1478 3237 ad
1522 3184 1779 3238 Irenaeum
1811 3201 1825 3236 :
1855 3183 1971 3237 Non
2008 3186 2110 3240 hoc

531 3254 674 3322 quod
696 3254 890 3309 videtis
909 3254 1279 3309 manducaturi
1303 3254 1453 3318 estis,
1488 3254 1662 3323 ipsum
1686 3254 1901 3323 quidem
1923 3262 1979 3307 et
2002 3269 2107 3310 nou

532 3326 734 3392 ipsum,
769 3324 942 3392 ipsum
973 3325 1312 3379 invisibiliter
1354 3332 1407 3378 et
1438 3338 1541 3378 non
1598 3325 1772 3392 ipsum
1801 3323 2119 3378 visibiliter.‘

536 3394 689 3448 Unde
728 3395 977 3449 subditur
1011 3408 1025 3448 :
1060 3392 1117 3449 Si
1159 3408 1381 3449 necesse
1399 3402 1483 3448 est
1504 3394 1789 3449 visibiliter
1815 3393 1943 3448 illud
1972 3393 2109 3449 cele-

534 3462 703 3528 brari,
738 3477 960 3518 necesse
1001 3475 1086 3519 est
1126 3463 1468 3520 invisibiliter
1508 3464 1751 3534 intelligi.
1788 3464 1921 3529 Quia
1979 3477 2109 3534 ergo

530 3548 733 3604 corpus
780 3534 1001 3604 Domini
1051 3533 1330 3604 spirituale
1364 3549 1470 3589 nou
1501 3542 1583 3588 est
1624 3533 1922 3604 corporalis
1956 3549 2106 3597 esca,

532 3605 629 3674 sed
659 3603 980 3674 spiritualis,
1032 3603 1095 3659 et
1132 3619 1353 3660 necesse
1388 3603 1746 3664 invisibiliter,
1782 3604 1911 3658 illud
1936 3604 2109 3674 intel-

534 3671 649 3730 ligi.
688 3671 709 3725 ἱ
741 3673 832 3728 Sic
860 3673 1007 3730 fatur
1051 3674 1377 3730 fortissimus
1401 3674 1524 3729 ﬁdei
1549 3674 1830 3730 catholicae
1857 3673 2109 3730 defensor

532 3743 795 3798 adversus
821 3743 1229 3816 Berengarium,
1250 3746 1500 3816 apposite
1518 3746 1735 3816 quidem
1766 3746 1833 3799 ad
1873 3755 2105 3799 mentem

535 3816 791 3884 tuendam
815 3822 870 3868 et
892 3815 1213 3870 sententiam
1238 3815 1516 3872 Ratramni
1539 3816 1730 3879 nostri,
1758 3830 1916 3884 quem
1948 3829 2108 3869 nemo

537 3883 699 3937 homo
732 3884 1031 3940 catholicus
1072 3885 1275 3941 erroris
1322 3895 1415 3939 aut
1442 3884 1666 3941 haeresis
1690 3883 1915 3951 crimine
1944 3900 2106 3938 accu-

534 3966 659 4007 sare
677 3955 858 4024 potuit
875 3969 941 4009 eo
970 3955 1114 4024 quod
1141 3954 1362 4009 dixerit.
1387 3953 1676 4024 Hoeiquod
1700 3954 1894 4008 videtis
1916 3954 1969 4007 in
1996 3955 2106 4007 Eu-

534 4023 797 4094 charistia
823 4038 931 4078 non
960 4023 1044 4079 est
1069 4025 1244 4094 ipsum
1271 4039 1469 4094 corpus
1491 4023 1713 4087 Christi,
1738 4024 1864 4094 quia
1893 4037 1999 4094 non
2025 4030 2109 4078 est

536 4092 751 4175 visibile
777 4108 884 4175 nec
907 4092 1202 4175 palpabile;
1251 4095 1347 4148 sed
1370 4092 1459 4175 est
1496 4094 1674 4175 ipsum
1700 4092 1842 4175 quod
1860 4092 1969 4175 sub
1994 4107 2111 4175 spe-

535 4163 722 4216 ciebus
768 4161 1070 4219 visibilib‘us
1120 4178 1307 4219 revera
1334 4172 1418 4218 est
1441 4161 1797 4218 occultum’et
1825 4161 2109 4217 abscondi-

538 4241 651 4284 tum
675 4233 831 4300 panis
846 4244 902 4287 et
926 4233 1056 4294 viui.
1089 4248 1209 4302 qute
1247 4243 1407 4288 antea
1433 4233 1670 4302 fuerunt,
1696 4241 1752 4287 et
1766 4231 1886 4302 jam
1909 4233 2111 4302 insub-

536 4303 792 4356 sta‘ntiam
848 4300 1189 4373 corporiset
1231 4303 1510 4373 sanguinis
1549 4300 1749 4357 Christi
1794 4317 1824 4356 a
1863 4301 2112 4358 ﬁdelibus

537 4373 791 4425 sumenda
813 4372 897 4426 vel
916 4373 1222 4426 sumendam
1248 4372 1506 4428 conversa
1539 4381 1682 4427 sunt.

610 4440 741 4496 LVI.
770 4442 958 4513 (lbid.)
983 4441 1200 4513 Eamob
1223 4454 1335 4513 rem
1362 4459 1504 4497 num.
1526 4443 1610 4507 I5,
1635 4452 1783 4513 negat
1805 4458 1992 4513 corpus
2017 4459 2114 4512 pa-

545 4510 625 4584 nis
642 4529 763 4584 esse
781 4510 1070 4584 mutatum.
1094 4512 1247 4566 Cur?
1274 4510 1629 4582 Corporaliter
1651 4510 1904 4584 namque,
1920 4510 2112 4584 inquit,

540 4580 671 4702 gilii!
700 4582 753 4635 in
790 4584 866 4637 eis
902 4582 1136 4637 cernitur
1154 4599 1265 4638 esse
1284 4580 1657 4652 permutatum.
1688 4580 1850 4647 Sane,
1880 4583 1969 4637 sed
1990 4580 2117 4637 ’περ

577 4662 684 4702 των
704 4662 899 4702 tamen.

577 4662 684 4705 ttur
704 4662 899 4706 tamen.

1183 4779 1490 4820 RESI‘ONSIO.

613 4892 728 4971 Non
760 4905 919 4971 negat
952 4913 1100 4971 num.
1136 4899 1222 4962 l5,
1248 4913 1447 4971 corpus
1483 4899 1638 4971 panis
1672 4915 1793 4956 esse
1830 4908 2123 4971 mutatum,

544 4964 636 5017 sed
661 4964 853 5040 probat
871 4967 1109 5023 numeris
1129 4964 1551 5040 continentibus,
1580 4970 1761 5040 aitque
1783 4970 2121 5040 solummodo

548 5034 898 5089 minutionem
925 5044 1206 5093 externam
1242 5038 1490 5094 sensibus
1518 5034 1768 5094 humanis
1802 5056 1908 5097 non
1939 5039 2117 5097 nerei-

549 5103 714 5179 piLde
739 5119 848 5173 quo
881 5107 1307 5179 nemininemini
1334 5109 1553 5163 dubium
1582 5110 1813 5174 subolet,
1851 5128 1869 5161 ι
1908 5103 2118 5179 Corpo-

551 5172 737 5228 raliter
790 5187 1043 5248 namque,
1086 5177 1281 5248 inquit,
1320 5179 1372 5232 in
1425 5180 1504 5233 eis
1537 5180 1667 5234 nihil
1721 5172 1964 5235 cernitur
2001 5172 2121 5234 esse

550 5244 1298 5318 permutatum.Fatebu'utur
1324 5249 1485 5318 igitur
1511 5265 1732 5305 necesse
1761 5260 1845 5305 est
1878 5260 1973 5305 aut
2002 5265 2120 5302 ιιιιι-

549 5320 660 5389 tata
682 5326 800 5389 esse
830 5317 1126 5389 secundum
1159 5318 1303 5372 aliud
1325 5317 1486 5388 quam
1517 5322 1810 5374 secundum
1841 5335 2059 5389 corpus.
2098 5338 2116 5370 s

550 5382 617 5435 Et
641 5383 692 5436 in
718 5381 822 5459 ﬁne
854 5384 1013 5454 hujus
1060 5390 1269 5443 numeri
1303 5381 1585 5459 pbsaquam
1623 5390 1868 5459 probavit
1896 5381 2120 5444 necesse

551 5466 671 5527 esse
696 5452 937 5527 aliquam
963 5452 1317 5527 mutationem
1365 5452 1480 5514 ﬁeri
1517 5460 1569 5513 in
1602 5452 1957 5524 Eucharistia,
1996 5459 2117 5521 ait:

558 5542 573 5570 α
611 5522 717 5578 Aut
739 5522 1172 5598 si‘hoc'proﬁteri
1204 5522 1492 5600 voluerint,
1513 5530 1904 5600 compelluntur
1926 5522 2122 5600 negare

553 5608 746 5664 corpus
769 5612 892 5671 esse
938 5597 1370 5671 sanguinemqne
1398 5599 1598 5671 Christi
1636 5597 1793 5668 'quod
1854 5597 2019 5671 nefas
2035 5608 2121 5671 est

556 5677 658 5718 non
707 5665 877 5721 solum
935 5665 1134 5734 dicere,
1171 5665 1359 5724 verum
1413 5670 1575 5724 etiam
1621 5665 1880 5738 cogitare.
1932 5689 1949 5721 ι
1982 5668 2120 5738 Quid

556 5748 681 5788 \‘ct‘o
707 5737 990 5794 nervosius
1018 5738 1099 5794 his
1131 5741 1307 5795 verbis
1338 5739 1591 5795 Ecclesiae
1614 5737 1892 5798 catholicas
1920 5737 2118 5797 doctri-

2209 519 2528 580 sertatorcm
2558 513 2780 565 attentis
2800 510 2997 565 animis
3028 520 3326 580 reputasse.
3503 510 3518 513 ⁷
3618 538 3633 563 .-

2221 637 2226 641 ,
2278 579 2433 654 LVII.
2458 579 2647 654 (ιὺὸιζ.)
2680 580 2916 654 Et‘num.
2956 579 3378 654 Iﬁ‘mutationem
3414 599 3527 654 esse
3556 584 3628 636 ait
3649 584 3797 654 (ign.

2221 637 2226 641 _
2278 602 2433 635 LVII.
2458 602 2647 648 nam.)
2680 602 2746 634 bl
2773 602 2916 635 num.
2956 602 3018 635 10
3039 602 3378 635 ηιιιιαηοηεηι
3414 602 3527 636 εδει
3556 602 3628 636 tm
3649 602 3689 654 μ
3730 602 3795 640 .-

2208 650 2865 777 ξθὲἶὲιᾶιῖαἵωδρὶήιααιεηι,
2894 660 2949 706 ιιι
2992 650 3244 717 diximus,
3273 669 3390 721 qua:
3415 652 3511 721 fiat
3546 670 3636 722 per
3663 602 3795 723 ῥά

2844 826 3150 867 ιιεειιοκειο.

2277 922 2393 978 Hoc
2425 921 2619 978 falsum
2666 934 2770 987 est,
2829 938 3104 991 nunquam
3155 923 3235 979 sic
3292 924 3502 979 loeutus
3551 936 3635 981 est
3678 926 3800 982 Ra-

2209 1000 2474 1064 tramnus,
2509 1009 2617 1064 nec,
2637 994 2772 1049 dixit
2800 994 2940 1048 hanc
2964 994 3330 1064 mutationem
3356 993 3518 1049 ellieri
3542 1011 3639 1064 per
3665 994 3797 1052 ﬁdei

2209 1063 2560 1134 intellectum.
2601 1063 2714 1118 Imo
2741 1078 2869 1119 vero
2896 1062 3113 1131 subjicit
3139 1064 3403 1134 ejusmodi
3433 1062 3795 1120 mutationem

2208 1131 2322 1204 ﬁeri
2355 1134 2553 1189 debere
2598 1148 2665 1189 ex
2696 1149 2833 1204 pane
2861 1142 2915 1204 et
2953 1136 3077 1187 vino
3117 1131 3182 1187 in'
3196 1149 3392 1203 corpus
3421 1144 3476 1188 et
3506 1135 3794 1204 sanginem

2206 1202 2431 1274 Christi,
2459 1204 2611 1258 utait
2635 1202 2783 1258 num.
2815 1203 2906 1267 50,
2942 1223 2959 1254 ι
2993 1219 3184 1272 panem
3208 1214 3263 1257 et
3292 1202 3475 1257 vinum
3506 1204 3557 1257 in
3589 1202 3794 1274 corpu-

2208 1273 2284 1327 ris
2310 1284 2365 1328 et
2393 1274 2671 1343 sanguinis
2709 1289 2970 1343 conversa
2997 1275 3359 1343 substantiam
3392 1274 3589 1329 virtute
3611 1285 3666 1328 et
3694 1273 3797 1343 po-

2209 1343 2375 1397 tentia
2426 1340 2584 1398 Verbi
2613 1345 2801 1399 divini.
2838 1363 2855 1395 ι
2891 1342 3098 1397 Revera
3132 1343 3289 1398 docet
3316 1342 3578 1410 ejusmodi
3612 1340 3798 1397 mnta-

2209 1412 2412 1483 tionem
2446 1428 2551 1467 non
2575 1412 2689 1468 ﬁeri
2725 1413 2884 1470 modo
2907 1413 3147 1467 sensibili
3169 1421 3223 1483 et
3238 1427 3523 1483 corporeo,
3550 1414 3648 1467 sed
3681 1416 3800 1483 spi-

2208 1482 2386 1536 rituali
2410 1492 2465 1537 et
2501 1499 2532 1538 a
2563 1484 2809 1538 sensibus
2840 1491 3047 1538 remoto
3072 1491 3128 1536 ut
3160 1482 3416 1538 dixerunt
3440 1482 3797 1545 Paschasius,

2206 1553 2454 1624 algerus,
2483 1552 2821 1624 Lanfraneus
2870 1561 2937 1624 et_
2958 1567 3148 1607 omnes
3173 1553 3467 1622 scriptores
3506 1552 3803 1624 catholici.

2206 1620 2570 1690 Quamobrem
2614 1624 2692 1678 sic
2738 1622 2881 1677 fatur
2910 1622 3236 1677 Ratramnus
3266 1620 3415 1676 rium.
3461 1621 3548 1687 {6,
3577 1624 3677 1676 sub
3705 1639 3800 1679 ve-

2207 1692 2738 1775 Iamentqﬁeorporei
2766 1693 2946 1775 panis,
2977 1691 3330 1773 eorporeique
3359 1693 3471 1775 vini
3515 1693 3804 1775 spirituale

2212 1779 2399 1832 corpus
2423 1761 2617 1817 Christi
2649 1761 3279 1833 spiritualisquesanguis
3316 1764 3490 1817 existit
3516 1779 3535 1816 :
3563 1762 3696 1831 quia
3732 1763 3800 1815 li-

2211 1841 2301 1887 eet
2346 1848 2545 1902 corpus
2589 1832 2900 1896 sit'verum,
2931 1832 3062 1903 nulli
3095 1834 3291 1903 mentis
3320 1832 3635 1903 cogitationi
3664 1834 3799 1885 sub.

2201 1903 2428 1973 jectum,
2448 1901 2546 1958 est
2574 1913 2752 1957 tamen
2781 1901 3061 1973 spirituale
3087 1913 3145 1956 et
3167 1901 3483 1973 gloriosum,
3518 1903 3585 1956 ad
3615 1903 3798 1956 instar

2207 1988 2494 2041 corporum
2531 1982 2837 2027 nostrorum
2880 1987 3002 2027 cum
3049 1982 3171 2042 post
3198 1973 3681 2042 resurrectionem
3718 1988 3807 2042 re-

2207 2040 2443 2097 vixerint
2473 2060 2486 2095 :
2529 2058 2650 2111 qua:
2675 2043 2890 2111 quidem
2917 2040 3078 2097 erunt
3108 2041 3297 2095 eadem
3333 2057 3463 2111 quae
3478 2051 3605 2096 sunt
3631 2040 3804 2097 hodie

2210 2112 2262 2166 iu
2296 2113 2454 2166 terris
2483 2110 2619 2173 viva,
2652 2110 2779 2167 lieet
2822 2112 2876 2166 iu
2907 2112 3060 2167 caelis
3084 2122 3139 2166 et
3184 2110 3353 2181 gloria
3378 2110 3641 2175 rediviva,
3687 2120 3745 2166 et
3767 2130 3800 2165 a
3843 2111 3850 2116 ’

2209 2183 2401 2252 seipsis
2447 2182 2765 2237 mortalibus
2816 2197 2914 2252 per
2951 2182 3308 2252 substantiam
3362 2182 3801 2252 immortalitatis

2207 2249 2592 2321 discrepantia.
2645 2252 2776 2319 Quae
2817 2249 3122 2321 continenti
3181 2267 3431 2306 sermone
3487 2252 3626 2306 dixit
3678 2249 3798 2305 Ra-

2209 2319 2472 2386 tramnus,
2506 2323 2873 2378 sinceritatem
2922 2320 3049 2377 ﬁdei
3073 2319 3191 2388 ejus
3218 2331 3325 2375 tam
3351 2323 3634 2392 perspicue
3658 2337 3799 2376 eon-

2211 2392 2431 2462 ﬁrmant
2457 2401 2519 2448 ut
2544 2393 2688 2447 nulla
2731 2409 2818 2448 res
2844 2392 3122 2446 inﬁrmare
3165 2392 3334 2461 possit
3356 2390 3380 2445 ξ
3429 2412 3447 2443 ι
3488 2390 3604 2445 Νοιι
3643 2393 3801 2462 quod

2207 2460 2436 2517 duarum
2466 2463 2577 2518 sint
2600 2463 2904 2518 existentiae
2940 2476 3121 2517 rerum
3164 2463 3305 2516 inter
3334 2478 3394 2518 se
3426 2460 3803 2525 diversarum,

2207 2533 2453 2602 corporis
2495 2533 2748 2590 videlicet
2774 2542 2831 2589 et
2867 2531 3109 2602 spiritus,
3135 2546 3325 2586 verum
3349 2548 3453 2587 una
3483 2534 3799 2602 eademque

2209 2618 2328 2661 res;
2354 2603 2647 2659 secundum
2675 2603 2819 2658 aliud
2862 2602 3070 2672 species
3097 2603 3250 2671 panis
3293 2612 3348 2657 et
3378 2602 3484 2655 vini
3510 2603 3797 2663 consistit,

2210 2673 2504 2743 secundum
2549 2673 2690 2728 aliud
2716 2682 2904 2743 autem
2934 2688 3132 2742 corpus
3152 2682 3207 2727 et
3238 2673 3459 2743 sanguis
3495 2672 3735 2729 Christi.
3776 2693 3793 2724 ι

2210 2741 2351 2797 Nihil
2382 2743 2507 2796 lldei
2549 2742 2837 2799 catholica:
2867 2741 3277 2797 convenientius
3296 2741 3399 2796 diei
3454 2753 3655 2813 potest,
3690 2759 3801 2797 ure

2210 2814 2587 2884 internoscere
2626 2828 2853 2884 possum
2886 2812 3150 2884 rationem
3170 2814 3294 2884 quia
3332 2822 3638 2884 commotus
3672 2813 3796 2884 dis-7

2211 2894 2444 2938 sertator
2469 2897 2534 2936 es
2574 2882 2663 2939 his
2706 2883 2889 2939 verbis
2913 2882 3521 2954 intelligatsignirﬁcari,
3544 2884 3600 2936 in
3624 2882 3803 2937 altari

2209 2953 2563 3023 substantiam
2595 2955 2748 3023 panis
2778 2954 3058 3017 duntaxat,
3094 2952 3554 3021 cujus'admonitu
3595 2969 3801 3022 corpus

2212 3022 2405 3076 Christi
2427 3022 2566 3092 quod
2592 3022 2824 3078 creditur
2840 3023 3043 3077 animos
3066 3023 3382 3092 credentium
3405 3032 3452 3075 et
3482 3023 3755 3091 viviﬁcare
3777 3038 3797 3073 :

2213 3104 2268 3148 et
2296 3108 2361 3146 eo
2380 3090 2523 3162 quod
2545 3094 2869 3164 concipitur,
2894 3107 3091 3162 corpus
3113 3090 3312 3164 Christi
3344 3090 3626 3164 spirituale
3651 3109 3799 3164 nun-

2136 3150 2181 3211 C
2211 3150 2430 3233 cupari';
2468 3178 2593 3217 nam
2613 3179 2644 3218 e
2669 3150 3011 3233 contra'cum:
3032 3150 3388 3233 mutationem
3417 3162 3569 3231 panis
3594 3171 3649 3217 et
3676 3163 3799 3218 vini

2210 3234 2264 3289 in
2282 3231 2488 3300 “corpus
2529 3241 2586 3287 et
2615 3234 2931 3303 Sanguinem
2974 3231 3176 3303 Christi
3224 3243 3600 3302 recognoscat,
3656 3247 3793 3301 spe-

2208 3303 2426 3371 ciesque
2457 3301 2748 3371 corporeas
2777 3318 2843 3356 ac
2873 3301 3156 3357 sensibiles
3194 3319 3300 3356 non
3336 3301 3533 3357 habere
3555 3304 3798 3359 existen-

2210 3374 2339 3428 tiam
2368 3372 2637 3427 diversam
2669 3388 2699 3427 a
2738 3387 2966 3443 corpore
3011 3372 3211 3443 Christi
3237 3373 3502 3443 spirituali
3546 3389 3640 3428 seu
3673 3373 3796 3442 glo-

2206 3444 2376 3507 rioso,
2416 3442 2847 3498 consectaneum
2887 3442 3231 3497 manifestum
3291 3451 3386 3497 est.
3426 3442 3799 3498 Ratranmnm

2209 3528 2313 3567 non
2340 3512 2897 3585 potuisseintelligere
2927 3530 2945 3562 ι
2977 3513 3120 3585 quod
3150 3513 3200 3585 i_n
3232 3512 3333 3585 hoc
3371 3514 3630 3585 mysterio
3652 3516 3793 3566 sub-

2207 3583 2405 3655 stantia
2450 3583 2522 3655 sit
2567 3582 2833 3655 duntaxat
2863 3582 3041 3653 panis,
3082 3583 3236 3655 cujus
3273 3582 3549 3655 admonitu
3588 3599 3805 3652 corpus

2206 3653 2349 3722 quod
2380 3653 2640 3718 creditur,
2677 3654 2913 3707 animam
2967 3653 3158 3721 pascit
3197 3667 3261 3708 ac
3310 3653 3569 3717 viviﬁcat,
3626 3663 3683 3707 et
3725 3669 3798 3709 eo

2206 3724 2358 3794 quod
2375 3723 2676 3794 concipitur
2699 3737 2897 3794 corpus
2924 3723 3205 3794 spirituale
3230 3732 3601 3794 nuncupatur.
3637 3744 3657 3776 ι

2281 3739 2348 3776 ou
2375 3739 2676 3793 concupnur
2699 3739 2897 3794 corpus
2924 3739 3205 3791 spirituate
3240 3739 3416 3777 nuncu
3458 3739 3601 3777 atur.
3637 3744 3657 3776 ι

2276 3791 2455 3866 LVIII.
2480 3792 2630 3866 (Pag.
2678 3793 2784 3848 ‘276
2814 3794 2945 3866 edit.
2971 3790 3264 3848 Amstelod.
3307 3802 3364 3846 et
3398 3739 3489 3848 Igi
3520 3793 3651 3866 edit.
3679 3792 3807 3847 Par

2209 3864 2328 3934 ris.)
2368 3864 2450 3919 Ea:
2475 3862 2982 3935 quo'consectoriulu
3008 3880 3210 3935 necesse
3240 3872 3314 3917 est
3343 3879 3453 3918 esse
3482 3862 3621 3935 quod
3646 3866 3804 3917 ultro

2206 3943 2256 3989 et
2287 3932 2462 4004 aperte
2489 3932 2565 3987 ait
2592 3951 2735 3987 num.
2764 3934 2856 3997 40,
2906 3932 3244 4004 Dominicum
3268 3948 3457 4004 corpus
3485 3932 3532 3987 et
3570 3950 3797 4003 sangui-

2209 4003 2327 4058 nem
2362 4004 2689 4074 Dominicum
2713 4003 2947 4074 symbola
2978 4004 3253 4073 appellari,
3279 4006 3527 4070 quoniam
3555 4003 3672 4073 ejus
3699 4021 3807 4057 su-

2208 4082 2357 4144 munt
2382 4072 2807 4144 appellationem,
2837 4076 2934 4127 hoc
2969 4072 3173 4128 estreri
3210 4074 3443 4143 corporis
3486 4083 3533 4127 et
3572 4072 3800 4143 sangui-

2210 4145 2312 4206 nis,
2343 4143 2394 4197 in
2416 4140 2518 4210 quo
2558 4140 2801 4199 Christus
2841 4154 2912 4197 est
2942 4154 3098 4197 natus
3116 4185 3139 4214 ,γ
3157 4140 3311 4214 cujus
3333 4145 3561 4197 existunt
3606 4140 3799 4198 suera-
3830 4150 3833 4151 ⁷

2211 4223 2460 4278 mentum,
2491 4213 2645 4283 cujus
2690 4214 2992 4269 memoriam
3019 4222 3067 4268 et
3106 4213 3266 4283 [idem
3290 4214 3538 4268 excitant.

2850 4339 3156 4381 BESPONSIO.

2289 4416 2544 4489 Symbola
2578 4433 2684 4471 non
2708 4417 2929 4489 omnino
2955 4424 3333 4489 nuncupantur
3357 4430 3558 4489 corpus
3586 4414 3801 4471 Christi

2144 4487 2192 4547 D
2218 4505 2285 4569 eo
2307 4485 2448 4569 quod
2493 4488 2545 4541 in
2595 4486 2912 4567 memoriam
2941 4485 3215 4569 _revoceut
3250 4485 3409 4541 istud
3433 4500 3649 4555 corpus,
3700 4496 3799 4541 aut

2224 4556 2342 4628 ejus
2366 4558 2524 4613 ﬁdem
2555 4558 2820 4621 excitant,
2856 4556 2956 4628 sed
2985 4556 3111 4626 quia
3146 4565 3486 4628 sacramenta
3508 4563 3563 4610 et
3589 4565 3800 4628 myste-

2226 4625 2306 4684 ria
2337 4643 2514 4683 rerum
2558 4643 2696 4699 quas
2722 4625 3249 4699 continent’no‘mina
3285 4626 3605 4699 sortiantur.
3626 4625 3702 4679 Ea
3729 4625 3809 4679 de

2228 4713 2394 4756 causa
2447 4696 2604 4753 vocat
2657 4697 3054 4753 Eucharistiam
3093 4697 3284 4751 beatus
3322 4696 3553 4766 Algerus
3589 4710 3800 4766 ⁸ιςοηιιιε

2231 4768 2635 4838 ιιιιικιῳαιίυυηι
2681 4766 2812 4838 Iesu
2850 4766 3067 4838 Christi,
3098 4767 3352 4838 quoniam
3378 4762 3431 4820 in
3468 4762 3799 4838 eaejusdem

2234 4834 2549 4910 ﬁgnra'sunt
2578 4853 2642 4910 ac
2664 4837 2940 4910 velamen.
2971 4834 3258 4890 Enimvero
3295 4834 3558 4910 ejusmodi
3589 4834 3810 4910 species

2233 4903 2301 4963 ae
2324 4908 2510 4977 ﬁgura:
2548 4907 2615 4961 ad
2664 4905 3069 4977 similitudinem
3119 4907 3363 4977 corporis
3409 4903 3610 4977 Christi
3641 4919 3803 4977 acce-

2223 4973 2389 5041 dunt,
2412 4976 2633 5045 ejusque
2659 4976 2945 5045 imaginem
2976 4973 3351 5045 prmscl‘erunt,
3381 4990 3488 5029 non
3522 4974 3648 5045 quia
3679 4973 3801 5040 ejus

2224 5044 2555 5102 memoriam
2580 5044 2858 5115 revocarit,
2888 5044 2989 5099 sed
3009 5045 3133 5115 quia
3164 5060 3364 5115 corpus
3389 5044 3653 5115 nutriunt,
3692 5059 3802 5098 non

2224 5132 2379 5172 secus
2400 5131 2473 5187 ac
2504 5113 2882 5187 VerbuntDci,
2926 5113 3068 5187 quod
3102 5125 3187 5171 est
3215 5113 3371 5187 panis
3399 5114 3554 5187 vivus
3576 5113 3800 5167 descen-

2225 5189 2359 5242 dens
2378 5186 2442 5239 de
2476 5185 2638 5250 ctelo,
2676 5185 2758 5239 sui
2805 5180 3229 5254 participatione
3255 5186 3441 5241 ﬁdeles
3469 5185 3680 5238 animas
3703 5198 3803 5254 nn-

2227 5257 2320 5310 trit
2347 5264 2402 5309 ct
2458 5266 2688 5311 recreat.
2746 5273 2767 5306 ο
2800 5252 2938 5321 Quia
2978 5252 3116 5311 sicut
3170 5254 3328 5325 hujus
3366 5254 3597 5309 viSIbiIis
3645 5252 3809 5325 panis

2229 5325 2444 5394 vinique
2490 5325 2789 5380 substantia
2821 5325 3145 5380 exteriorem
3174 5323 3342 5381 inurit
3367 5334 3423 5380 et
3450 5323 3801 5378 inebriatho-

2227 5396 2448 5459 minem,
2478 5396 2549 5450 ita
2585 5396 2818 5450 Verbum
2864 5395 2976 5457 Dei,
3003 5411 3146 5463 quon
3177 5406 3261 5449 est
3288 5396 3442 5464 panis
3472 5395 3649 5457 vivus,
3677 5407 3804 5463 par-

2226 5464 2538 5535 ticipatione
2565 5467 2647 5521 sui
2677 5466 2865 5535 ﬁdeles
2888 5474 3101 5535 recreat
3123 5475 3408 5535 mentes.)

2296 5533 2431 5590 LIX.
2473 5534 2627 5606 (Pag.
2649 5534 2776 5606 296.
2808 5535 3008 5600 Amst.,
3028 5550 3168 5606 pag.
3196 5535 3319 5591 I92.
3354 5533 3554 5606 Paris.)
3576 5533 3703 5606 l_Von
3724 5542 3810 5586 est

2225 5616 2400 5659 autem
2432 5602 2853 5676 prwtéreundum
2895 5602 3059 5676 quod
3081 5602 3275 5676 insigni
3326 5605 3554 5676 oudacia
3584 5602 3811 5657 Patrum

2224 5672 2541 5740 testimonia,
2571 5674 2758 5740 quibus
2800 5675 3035 5730 abutitur
3083 5672 3664 5738 Pseudo-Ratrautnus,
3688 5686 3809 5726 cor-

2227 5692 2541 5740 mumoma,
2609 5692 2758 5729 uibus
2800 5692 3035 5730 abutitur
3083 5692 3809 5738 r'seuao-uatrautuus,cor-

2227 5745 2448 5811 ruoerit,
2474 5692 2733 5800 Aerosii
2755 5745 3046 5816 pnrsertim
3087 5756 3133 5799 et
3168 5745 3466 5816 Augustini.
3496 5743 3570 5797 De
3591 5742 3811 5797 Ambrov
