4026 6346
209 384 306 440 ἥι

813 378 1268 437 DISSERTATIO
1302 377 1368 434 1N
1405 377 1532 433 LIB.
1573 377 1662 432 DE
1695 376 2016 433 CORPORE
2055 377 2146 434 ET
2186 353 2534 436 SANGUlNE
2573 378 2831 436 DOMINI.

210 497 295 550 sio
315 502 454 565 certe
469 510 584 564 1am
607 493 918 565 prmonuit
953 493 1166 565 antistes
1191 491 1576 565 illustrissimus
1595 489 1791 565 Petrus
1821 495 1865 553 Α
1897 494 2023 548 anni
2057 493 2216 558 1686,
2263 496 2329 565 ad
2362 511 2531 565 quam
2560 497 2895 551 curationem
2941 512 3045 550 non
3078 508 3248 565 levem
3289 497 3476 559 habui.

211 568 278 620 de
327 555 535 626 Maria,
561 555 617 617 in
683 580 745 616 eo
791 563 1084 616 testimonio
1129 563 1267 632 quod
1311 563 1562 632 impostor
1595 555 1792 614 'recitat

214 651 358 688 num.
392 632 482 698 59,
512 635 624 686 [nec
652 633 808 701 verba
837 632 1000 701 fuisse
1025 643 1282 700 expuncta
1314 650 1332 686 :
1364 632 1475 686 Hoc
1499 633 1644 700 quod
1665 646 1799 686 con-

215 703 429 760 licinius
450 717 649 772 corpus
676 717 745 757 ex
772 700 994 772 Virgine
1021 711 1126 756 est.

857 828 1158 870 BESPONSIO.

286 917 403 972 Non
432 916 734 972 inl'ccitnec
755 916 996 986 corrupit
1020 915 1079 970 S.
1098 915 1438 970 Ambrosium
1468 915 1804 973 Ratramnus

215 1004 340 1042 cum
373 1002 497 1042 eum
549 987 725 1041 locum
775 1001 841 1039 ex
877 986 1036 1040 libro.
1072 986 1146 1039 De
1182 986 1257 1056 iis
1277 986 1368 1054 qui
1399 986 1673 1056 mysteriis
1696 987 1803 1039 ini-

216 1058 444 1118 tiantur,
478 1072 599 1126 cap.
636 1056 692 1126 9,
722 1056 776 1109 in
807 1056 1040 1126 medium
1073 1055 1321 1126 adducit;
1348 1055 1520 1125 neque
1553 1055 1802 1110 illustris-

215 1128 392 1181 simus
413 1141 477 1181 ac
504 1124 850 1180 doctissimus
877 1124 1070 1180 Petrus
1094 1125 1160 1180 de
1199 1125 1377 1179 Marca
1403 1124 1468 1179 eo
1496 1127 1802 1181 corruptio-

214 1197 303 1250 nis
331 1197 562 1250 crimine
591 1211 829 1262 unquam
851 1195 1144 1250 accusavit.
1176 1193 1290 1249 Hoc
1319 1195 1622 1265 intelligere
1644 1193 1804 1250 facile

213 1276 300 1320 est
359 1280 429 1320 ex
478 1265 595 1334 ejus
642 1265 891 1334 epistola,
920 1266 987 1318 ad
1037 1265 1294 1334 domuum
1327 1264 1531 1318 Lucam
1576 1264 1805 1320 d'Ache-

215 1336 388 1399 rium,
445 1333 612 1390 relata
663 1333 808 1389 tomo
847 1333 894 1388 V
924 1334 1218 1404 Spicilegii.
1267 1333 1372 1388 Sed
1400 1335 1651 1390 observat
1687 1343 1804 1388 tan-

214 1406 505 1459 tummodo
557 1406 695 1460 bene
741 1419 805 1458 ac
851 1403 1405 1474 sapienter’potuisse
1449 1403 1830 1474 Batramuum.

214 1475 338 1528 haec
369 1475 536 1529 verba
561 1475 802 1544 ejusdem
831 1473 1023 1544 capitis
1070 1473 1127 1528 S.
1161 1474 1432 1528 Ambrosii
1471 1492 1484 1526 :
1516 1473 1643 1544 Hoc
1661 1474 1802 1544 quod

213 1545 530 1612 conﬁcimus
578 1561 766 1614 corpus
811 1561 876 1598 ea:
903 1543 1122 1614 Virgine
1149 1554 1246 1597 est.
1298 1559 1419 1612 qua:
1469 1543 1717 1614 superius
1747 1543 1803 1597 in

213 1616 417 1668 eodem
448 1615 624 1682 capite
671 1613 1372 1683 Occurrunt,interpositis
1411 1613 1802 1683 quinquaginta

213 1683 400 1738 lineis.
436 1681 637 1738 Eadem
670 1684 832 1738 verba
882 1684 1127 1752 proferre
1178 1681 1409 1753 poterat.
1453 1681 1801 1753 Paschasius,

213 1769 320 1807 nec
357 1764 536 1807 tamen
560 1765 843 1822 propterea
867 1751 1135 1807 Ambrosii
1159 1751 1444 1821 corruptor
1464 1751 1663 1822 audiet.
1695 1751 1803 1806 Sed

1903 565 2114 619 cscteris
2141 563 2546 620 anteferendam
2599 581 2738 631 esse,
2781 582 2903 621 cum
2934 563 3233 636 przescrtim
3255 580 3320 620 ex
3345 569 3484 622 anti-

1900 649 2009 707 quo
2057 635 2270 707 codice
2301 637 2666 707 manuscripto
2732 635 3164 707 octingentorum
3212 651 3479 707 annorum

1899 704 2155 776 abbatize
2183 703 2464 776 Lohiensis
2510 703 2764 776 expressa
2803 703 2908 769 sit:
2927 722 3048 760 cum
3098 721 3227 761 cura
3273 716 3328 761 et
3375 705 3482 761 llde

1901 775 2179 846 singulari.
2210 774 2475 829 Czeterum
2503 777 2547 829 si
2571 774 3000 846 interpolationis
3020 776 3341 830 contumelia
3365 792 3484 831 sor-

1901 845 2085 900 descat
2109 845 2436 916 Ratramnus
2459 855 2680 915 propter
2706 845 2820 901 hmc
2847 848 3008 900 verba
3035 848 3337 916 mysterium
3368 846 3481 900 Do-

1901 915 2030 986 mini
2051 916 2306 984 accipitis,
2335 915 2453 970 loco
2482 917 2708 970 istorum
2750 919 3052 986 mysterium
3082 915 3306 970 vestrum
3332 918 3477 970 acci-

1901 985 2042 1054 pitis,
2089 987 2277 1057 callem
2308 987 2575 1057 notandus
2605 987 2711 1040 erit
2755 985 2820 1040 S.’
2865 986 3133 1057 Fulgentii
3185 1001 3365 1057 sermo
3389 987 3483 1055 qui

1901 1056 2141 1109 occurrit
2195 1055 2247 1108 in
2308 1055 2412 1109 line
2441 1057 2680 1124 epistolze
2729 1057 2792 1109 ad
2835 1055 3169 1110 Ferrandum
3197 1056 3481 1111 diaconum

1888 1131 2026 1178 cum
2059 1127 2160 1179 hac
2189 1124 2442 1186 lectione,
2489 1126 2792 1194 mysterium
2838 1125 3051 1179 Domini
3077 1126 3331 1193 accipitis.
3363 1125 3478 1179 Hoc

1901 1203 2257 1266 perspectum!
2293 1195 2500 1266 habere
2537 1197 2690 1250 facile.
2748 1205 2942 1266 estex
2987 1196 3222 1250 editione
3257 1211 3482 1266 opermu

1905 1266 1961 1318 S.
1997 1264 2261 1331 Fulgentii
2299 1265 2440 1319 facta
2482 1264 2726 1331 Lugduni
2783 1265 3201 1320 Sebusianorum
3257 1264 3388 1319 cura
3431 1275 3488 1318 et

1905 1335 2085 1390 studio
2102 1333 2288 1388 Patris
2311 1333 2591 1405 Theophili
2623 1336 2910 1399 Rainaudi,
2942 1335 3160 1390 Jesuitze
3188 1350 3295 1388 non
3327 1335 3482 1389 indo-

1905 1405 1978 1458 cti
2020 1419 2120 1459 nec
2173 1404 2470 1460 imbecilli.
2495 1405 2599 1460 Sed
2643 1417 2917 1474 utcunque
2954 1421 3041 1459 res
3077 1405 3166 1468 sit,
3217 1405 3261 1459 si
3291 1413 3488 1474 praeter

1907 1475 2287 1528 auctoritatem
2333 1475 2674 1541 antiquitatis
2715 1473 2920 1529 codicis
2983 1473 3336 1542 manuscripti
3377 1473 3483 1528 Lo-

1905 1543 2104 1598 biensis
2137 1544 2330 1613 aliquis
2358 1543 2678 1611 conjectura:
2707 1545 2855 1599 locus
2878 1546 3020 1598 inter
3047 1545 3192 1597 viros
3213 1544 3482 1597 litteratos

1905 1629 2028 1668 esse
2068 1615 2258 1682 possit,
2281 1614 2533 1669 existimo
2561 1616 2736 1684 potius
2763 1616 3044 1685 legendum
3069 1615 3383 1685 mysterium
3401 1631 3485 1666 ve-

1905 1695 2070 1736 strum
2101 1685 2337 1752 accipitis
2375 1700 2538 1753 quam
2564 1683 2894 1753 ’mysterium
2931 1683 3165 1748 Domini,
3217 1699 3338 1738 cum
3373 1683 3488 1752 ipse

1907 1753 2236 1808 Ratramnus
2287 1754 2428 1808 linea
2489 1756 2754 1824 superiori
2801 1754 2998 1808 dixerit
3057 1757 3360 1823 mysterium
3407 1769 3490 1806 ue-

213 1824 260 1901 s_i
287 1824 433 1901 bona
466 1821 574 1878 [ide
594 1821 838 1901 agamus,
860 1839 926 1876 an
963 1832 1150 1901 potest_
1165 1822 1298 1901 jure.
1317 1823 1509 1876 merito
1538 1821 1802 1901 deprava-
1831 1839 1876 1898 Β
1905 1835 2074 1901 strum
2102 1824 2160 1901 in_
2185 1841 2365 1901 mensa
2396 1821 2610 1877 Domini
2634 1825 2859 1901 positum
2884 1833 2996 1901 est;
3025 1821 3268 1901 adeoque
3284 1824 3512 1901 justum

214 1893 393 1947 tionis
417 1901 474 1948 et
505 1890 868 1962 corruptionis
910 1890 1152 1947 accusari
1196 1893 1426 1960 scriptor
1465 1890 1796 1962 ecclesiasti-f

215 1978 341 2027 cus,
367 1972 424 2017 et
459 1961 688 2018 crimine
726 1963 1075 2032 expunctoris
1096 1972 1150 2016 et
1196 1961 1503 2030 impostoris
1536 1961 1799 2032 postulari

214 2040 449 2102 propter
470 2033 670 2087 omissa
697 2030 941 2100 quzedam
970 2035 1135 2087 verba
1165 2048 1192 2085 a
1217 2032 1333 2084 loco
1363 2032 1539 2102 citato
1558 2030 1799 2102 interea:

215 2099 422 2171 pedine
447 2099 834 2172 quinquaginta
867 2103 1128 2156 linearum
1167 2102 1460 2156 distantia?
1483 2100 1657 2172 Absit.
1686 2099 1800 2172 Sed

215 2168 264 2225 si
314 2168 674 2240 percontarer
693 2168 785 2227 'ab
811 2173 1060 2227 omnilms
1105 2173 1180 2226 rei
1227 2172 1504 2225 litterariae
1553 2168 1804 2225 Patribus

215 2242 555 2310 conscriptis
607 2242 736 2311 quid
783 2243 853 2298 sit
898 2250 1104 2296 textum
1146 2241 1384 2296 auctoris
1429 2254 1800 2308 corrumpere,

216 2314 574 2366 concorditer
621 2314 1009 2382 responderent
1037 2327 1156 2366 esse
1185 2327 1372 2366 vocem
1424 2326 1491 2364 ex
1530 2317 1680 2363 textu
1706 2324 1802 2382 ex-

255 2395 492 2453 ungere,
519 2390 574 2436 et
599 2379 840 2453 ejus'ope
887 2397 1103 2453 sensum
1132 2381 1445 2453 hmreticum
1481 2394 1580 2450 pro
1614 2379 1803 2453 catho-

258 2448 639 2506 co'inducere
685 2461 740 2507 et
776 2448 995 2506 auctori
1035 2453 1325 2506 ascribere.
1377 2448 1654 2518 Ejusmodi
1696 2449 1804 2503 cri-

219 2521 395 2592 minis
423 2522 667 2591 exempla
709 2523 998 2592 perspiciet
1028 2521 1200 2576 lector
1227 2520 1568 2592 amplissima
1600 2519 1653 2572 in
1683 2519 1806 2592 Col-

220 2590 414 2660 loquio
445 2588 638 2646 critico
660 2588 726 2646 de
753 2588 1072 2660 splialmatis
1101 2588 1335 2645 virorum
1369 2592 1422 2644 iu
1456 2605 1514 2644 re
1530 2588 1800 2660 litteraria

220 2659 540 2732 illustrium.
591 2662 642 2715 in
673 2659 943 2732 opusculis
989 2661 1222 2716 Marcelli
1270 2659 1540 2731 Ancyrani
1573 2673 1804 2732 compa-

219 2740 398 2784 ctum.
426 2731 532 2786 Sed
564 2728 782 2786 interim
824 2732 1218 2786 animadvertat
1247 2728 1616 2786 disse'rtatoris
1640 2728 1808 2781 auda-

219 2801 369 2854 ciam
391 2816 515 2871 pag.
547 2801 669 2872 184,
693 2803 744 2856 in
763 2817 868 2872 qua
894 2803 1185 2870 assumptis
1205 2802 1288 2856 his
1314 2800 1491 2872 verbis
1523 2797 1806 2872 Batramui

220 2885 288 2924 ex
311 2868 547 2925 nurnero
570 2871 641 2925 56
676 2887 691 2924 :
729 2891 747 2922 ι
784 2868 1025 2941 lntellige
1063 2868 1205 2940 quod
1237 2885 1341 2925 non
1392 2871 1444 2922 in
1479 2868 1680 2941 specie,
1713 2869 1807 2920 sed

222 2941 277 2992 in
309 2941 545 2995 veritate
589 2957 785 3011 corpus
826 2950 880 2996 et
922 2940 1140 3010 sanguis
1180 2941 1379 2995 Christi
1424 2940 1660 3011 existunt
1689 2951 1810 3007 quae

221 3020 551 3074 cernuntur,
583 3031 601 3062 ι
635 3007 756 3081 qua:
795 3027 1009 3066 sensum
1026 3007 1370 3065 'catbolicum
1396 3017 1452 3063 et
1475 3007 1696 3081 omnino
1720 3023 1810 3060 or-

222 3081 531 3150 thodoxum
574 3077 853 3150 préstant,
882 3082 1202 3136 dissertator
1255 3078 1517 3150 expunxit
1555 3077 1657 3150 hoc
1687 3092 1809 3131 ver-

222 3149 358 3203 bum
385 3146 694 3216 cernuntur,
726 3163 778 3206 et
829 3152 1045 3220 scripsit
1078 3151 1130 3204 in
1167 3146 1805 3220 textu'Ratramni,_cre-

222 3220 456 3284 duntur,
484 3229 544 3273 ut
587 3223 788 3276 dictum
837 3216 1190 3275 Batramnum
1222 3220 1447 3275 lueresis
1481 3216 1810 3271 Calviniante

223 3291 462 3361 crimine
489 3292 861 3355 convinceret,
913 3292 990 3344 uti
1035 3292 1146 3361 jam
1191 3289 1602 3361 observavimus
1637 3287 1688 3341 in
1725 3301 1810 3340 rc-

224 3360 523 3430 sponsione
579 3361 645 3414 ad
691 3358 1050 3430 objectioneui
1099 3361 1191 3425 '59,
1228 3375 1389 3429 quam
1443 3358 1531 3412 hic
1571 3366 1818 3427 repetere

224 3428 574 3500 fastidiosum
598 3441 654 3485 et
680 3428 1135 3500 supervacaneum
1159 3428 1451 3484 videretur.

300 3498 418 3580 11X.
463 3499 625 3580 (ηδε.
808 3501 1005 3580 Paris,
1054 3509 1109 3580 et
1295 3499 1626 3580 Atnstelod.)
1685 3497 1812 3580 {om

223 3569 280 3622 in
303 3569 597 3638 Augustini
612 3571 775 3625 verbis
801 3571 944 3623 haud
965 3571 1121 3640 paulo
1150 3571 1328 3624 levior.
1359 3569 1500 3640 Nam
1522 3569 1638 3622 cum
1665 3569 1814 3640 dixe-

227 3642 296 3692 rit
333 3649 551 3692 sanctus
591 3642 774 3694 doctor
807 3641 863 3693 in
908 3657 1143 3694 sermone
1181 3641 1249 3693 ad
1302 3639 1527 3707 infantes
1571 3639 1813 3707 superius

223 3709 399 3779 atlato
431 3723 450 3758 :
483 3708 792 3779 mysterium
818 3719 1058 3765 vestrum
1093 3710 1355 3778 accipitis,
1397 3709 1581 3778 legisse
1609 3708 1814 3779 uidetur

227 3777 822 3851 Pseudo-ﬂatramnus,
854 3797 998 3834 num.
1032 3780 1120 3835 95.
1152 3777 1698 3851 Mysteriumpomini
1727 3791 1814 3831 ac-

225 3849 438 3918 cipitis.
473 3847 587 3918 (Sic
611 3851 755 3904 enim
789 3851 988 3904 habent
1031 3847 1296 3904 editiones
1331 3849 1448 3918 ejus
1475 3847 1597 3902 libri
1619 3861 1815 3902 omnes

227 3935 257 3970 a
287 3919 491 3989 prima.
523 3935 652 3989 quae
679 3934 822 3974 anno
857 3919 994 3974 1522
1020 3921 1240 3989 prodiit,
1265 3928 1461 3988 praeter
1483 3927 1815 3989 postremam

227 3987 364 4060 anni
404 3987 586 4060 1686.7)
615 3989 721 4044 Nec
749 4005 891 4060 vero
919 3987 1049 4060 sine
1097 3987 1315 4043 consilio
1349 3989 1486 4041 hunc
1511 3987 1812 4060 Adugustini

227 4058 411 4110 locum
435 4061 510 4111 sic
536 4057 882 4126 interpolavit.
910 4058 1110 4130 Nempe
1136 4070 1190 4113 ut
1227 4060 1402 4114 statim
1438 4057 1698 4130 colligeret
1722 4073 1818 4126 pa-

231 4143 358 4180 nem
395 4140 756 4182 consecratum
800 4139 908 4184 tam
948 4127 1057 4184 esse
1084 4131 1386 4200 mysterium
1431 4127 1638 4181 nomine
1658 4142 1818 4200 quam

227 4209 308 4250 est
333 4200 638 4268 mysterium
670 4209 926 4264 nostrum,
948 4201 1045 4253 hoc
1086 4197 1158 4254 est
1189 4211 1296 4252 tam
1325 4214 1434 4252 esse
1458 4197 1823 4268 tantummodo

229 4265 447 4337 signum
502 4270 738 4340 corporis
785 4269 1045 4324 Dominici
1093 4286 1251 4340 quam
1317 4278 1392 4323 est
1454 4265 1821 4321 tantummodo

229 4339 450 4407 sigrium
479 4339 737 4393 credentis
762 4342 964 4411 populi.

888 4445 1192 4486 RESPONSIO.

307 4527 392 4584 Ad
418 4530 532 4584 haec
559 4531 886 4601 respondere
915 4530 1070 4586 facile
1095 4541 1198 4596 est,
1221 4529 1514 4587 editionem
1538 4526 1820 4583 Ratramni

1905 1894 2078 1964 magis
2113 1894 2326 1948 videtur
2349 1901 2401 1947 et
2429 1893 2641 1962 aequum
2671 1895 2738 1948 de
2770 1894 2873 1948 lide
2912 1894 3194 1948 Ratramni
3221 1893 3401 1964 potius
3423 1908 3491 1946 ex

1903 1962 2129 2032 antiquo
2191 1963 2614 2033 octiugintorum
2669 1979 2933 2019 annorum
2995 1964 3182 2018 codice
3243 1962 3491 2031 judicare

1901 2049 2064 2103 quam
2116 2049 2207 2103 ex_
2243 2033 2634 2103 recentioribus
2687 2037 2755 2088 ab
2812 2034 3081 2090 haereticis
3137 2033 3493 2103 hominibus,

1902 2101 2092 2172 primis
2120 2101 2279 2170 hujus
2308 2102 2426 2157 libri
2457 2103 2778 2172 editoribus,
2809 2106 3078 2172 corruptis
3106 2112 3163 2157 et
3191 2102 3487 2172 interpola-

1903 2171 1992 2227 tis.
2043 2173 2119 2227 De
2167 2172 2374 2242 reliquo
2403 2171 2713 2239 conjectura
2764 2171 3135 2228 dissertatoris
3167 2174 3303 2226 adeo
3328 2171 3492 2226 fallax

1902 2252 2006 2314 est,
2035 2253 2095 2296 ut
2122 2257 2228 2296 non
2255 2244 2548 2314 obscurum
2576 2243 2647 2296 sit
2676 2243 3080 2314 dissertatorcm
3104 2243 3273 2298 nimio
3303 2251 3497 2314 contra

1905 2311 2265 2366 Batramnum
2299 2313 2476 2366 studio
2503 2313 2784 2382 abreptum
2814 2313 3002 2367 fuisse.
3467 2321 3470 2326 '

1974 2382 2300 2451 LXl.'(Pag.
2331 2382 2595 2452 ibidem.)
2655 2383 2746 2437 Sic
2795 2399 3002 2437 rursum
3037 2400 3183 2437 num.
3229 2383 3323 2447 33,
3372 2399 3494 2436 cum

1903 2453 2229 2522 Augustinus
2276 2468 2308 2504 a
2358 2453 2504 2505 nobis
2551 2454 2743 2506 citatus
2789 2453 3017 2517 dixerit,
3065 2454 3294 2508 suaviter
3339 2461 3496 2522 atque

1905 2523 2106 2575 utiliter
2127 2522 2516 2593 recondendum
2543 2523 2597 2574 in
2620 2524 2874 2593 memoria
2897 2525 3196 2593 mysterium
3217 2523 3500 2593 passionis,

1905 2593 2034 2662 ipse,
2059 2592 2329 2662 expunctis
2359 2591 2713 2662 detractisque
2741 2591 3180 2646 vocibus—duabus
3210 2591 3499 2662 prioribus,

1945 2660 2140 2716 deliter
2186 2660 2584 2714 recondendum
2629 2661 2880 2715 exhibuit.
2943 2662 3075 2728 Quae
3128 2660 3492 2730 interpolatio,

1905 2733 2112 2785 tametsi
2139 2731 2264 2783 alibi
2291 2747 2384 2800 per
2406 2747 2460 2783 se
2489 2731 2611 2783 levis
2636 2732 2795 2800 possit
2826 2732 3022 2795 videri,
3069 2749 3130 2787 eo
3167 2741 3341 2785 tamen
3370 2748 3498 2784 con-

1906 2803 2030 2872 silio
2053 2811 2128 2872 est
2158 2802 2221 2853 ab
2251 2802 2354 2872 isto
2379 2800 2616 2872 adhibita
2661 2812 2716 2853 ut
2754 2817 2818 2854 ex
2852 2818 2910 2854 eo
2942 2801 3155 2872 colligat
3187 2802 3450 2872 mysteria
3463 2818 3499 2872 ᾳ

1906 2870 2149 2939 ﬁdelibus
2175 2871 2356 2939 peragi
2379 2886 2473 2924 sua
2502 2871 2632 2938 ﬁde,
2664 2887 2768 2925 non
2795 2871 2859 2924 ab
2887 2872 2998 2941 ipso
3031 2859 3139 2926 ι)ἶο
3165 2871 3221 2924 in
3242 2859 3504 2941 symbolis

1907 2941 2270 3009 sanctiﬁcatis.

2544 3069 2850 3110 RESPONSIO.

1837 3195 1884 3260 ρ
1985 3190 2096 3245 Hoc
2119 3189 2454 3258 probandum
2477 3188 2740 3260 incumbit
2759 3191 3120 3257 dissertatori,
3143 3191 3504 3248 Ratramnum

1914 3277 1981 3316 eo
2008 3260 2237 3316 consilio
2268 3259 2620 3330 interpolasse
2645 3260 3006 3330 Augustinum
3037 3279 3050 3315 :
3097 3263 3190 3316 sed
3237 3273 3349 3316 tam
3389 3263 3508 3318 leve

1914 3339 2198 3401 peccatum
2229 3339 2312 3384 est
2339 3329 2604 3401 ejusmodi
2643 3329 3080 3401 interpolatiouis
3119 3341 3175 3387 et
3215 3333 3400 3398 futile,
3447 3342 3510 3387 ut

1916 3398 2016 3472 pro
2044 3400 2216 3454 nihilo
2239 3398 2540 3472 ﬁliabuerint
2566 3398 2870 3472 Calviniani
2893 3441 2909 3464 ,
2960 3417 3060 3472 nec
3099 3403 3203 3457 sibi
3238 3403 3510 3458 ullatenus

1917 3469 2250 3541 patrocinari
2285 3469 2743 3541 existimaveﬁrint.
2790 3471 2924 3524 Nam
2958 3471 3011 3524 in
3040 3472 3373 3528 editionibus
3402 3472 3508 3527 Ra-

1919 3540 2118 3595 tramni
2167 3540 2791 3612 quarumcurationem
2833 3541 3108 3612 habuere,
3171 3544 3512 3612 scripserunt

1919 3613 2146 3666 suaviter
2172 3620 2326 3678 atque
2357 3609 2556 3662 utiliter
2585 3623 2690 3661 non
2718 3609 2964 3676 ﬁdeliter,
3004 3623 3065 3665 ut
3099 3609 3382 3679 potissi’me
3423 3613 3508 3666 in-

1921 3680 2182 3748 telligitur
2200 3694 2269 3734 ex
2291 3679 2542 3748 editione,
2555 3679 2927 3748 recentissima
2953 3679 3180 3734 Londini
3205 3682 3344 3736 facta
3366 3697 3511 3736 anno

1922 3747 2328 3820 ipso’l681,g_et
2368 3762 2435 3820 ex
2483 3747 2719 3820 editione
2748 3748 2951 3820 domini
2980 3749 3126 3803 Petri
3153 3750 3293 3804 Allix
3325 3751 3510 3820 templi

1969 3818 2274 3874 harentonii
2309 3818 2579 3879 ministri,
2617 3833 2760 3870 anno
2794 3817 2963 3882 i672,
3006 3828 3061 3874 et
3089 3821 3344 3876 omnibus
3388 3817 3512 3875 aliis

1922 3905 2052 3945 cura
2082 3898 2132 3942 et
2163 3887 2342 3959 studio
2369 3887 2657 3959 hominum
2678 3890 3100 3959 protestantium
3126 3891 3415 3959 publicatis
3443 3891 3513 3945 ab

1924 3974 2067 4014 anno
2094 3958 2252 4014 1552.
2285 3957 2510 4028 Insuper
2539 3957 2584 4010 si
2614 3956 2877 4024 ejusmodi
2904 3956 3306 4028 conjecturam,
3339 3962 3512 4015 levem

1924 4029 2279 4100 quantumvis,
2305 4037 2361 4082 et
2393 4027 2624 4091 l'utilem,
2657 4027 3054 4100 contumaciter
3086 4032 3341 4086 tuendam
3373 4031 3515 4086 reci-

1924 4097 2054 4171 pere
2079 4099 2573 4171 velitdissertator,
2595 4097 2807 4171 appello
2831 4098 3146 4171 adsensum
3165 4115 3512 4156 communem

1926 4166 2169 4242 virorum
2198 4169 2502 4242 doctorum.
2538 4166 2671 4233 Quis
2697 4169 2841 4222 enim
2874 4169 2975 4242 sibi
3007 4172 3326 4242 persuadeat
3358 4185 3517 4242 posse

1927 4241 1981 4295 iu
2015 4239 2331 4311 memoriam
2377 4247 2620 4311 nostram
2658 4240 2900 4311 revocari
2933 4255 3151 4294 carnem
3181 4239 3382 4297 Christi
3415 4256 3517 4311 pro

1927 4311 2101 4364 salute
2143 4310 2422 4364 hominum
2467 4307 2616 4361 cruci
2662 4308 2874 4363 allixam
2925 4313 3159 4364 suaviter
3200 4321 3247 4365 et
3294 4307 3513 4367 utiliier.

1930 4380 1986 4434 Si
2013 4396 2118 4434 non
2141 4379 2386 4448 ﬁdeliter,
2409 4386 2465 4432 et
2486 4379 2758 4447 quomodo
2783 4379 3045 4448 ﬁdeliter?
3075 4380 3131 4434 Si
3156 4396 3260 4435 non
3287 4383 3520 4436 suaviter

1928 4460 1982 4504 et
2009 4450 2368 4518 utiliter,quid
2394 4464 2524 4518 ergo
2547 4449 2646 4502 sibi
2671 4449 2780 4502 vult
2805 4451 3127 4504 dissertator
3151 4453 3250 4504 nisi
3278 4454 3513 4515 miadam

1927 4521 2308 4596 ἰδιοσυγκρισιᾳ
2332 4535 2401 4576 ex
2429 4518 2642 4590 pumice
2669 4534 2864 4588 aquam
2893 4523 3180 4576 extrahere
3203 4523 3226 4575 ‘.’
