4026 6346
543 337 648 393 227
1565 335 1922 395 RATRAMNI
1961 340 2412 398 CORBEIENSIS
2451 340 2752 400 MONACHI
3709 352 3831 407 228

546 453 614 506 Et
639 451 782 521 quod
809 449 935 504 alibi
968 448 1202 520 Spiritus
1241 463 1461 503 sanctus
1497 453 1860 508 comminatur
1891 472 1903 506 :
1935 452 2130 510 Falsus
2160 461 2206 520 Α
2235 470 2332 526 per
2360 456 2756 513 invocationem
2803 467 3004 514 sanctae
3047 461 3330 518 Trinitatis
3372 462 3670 522 facientes?
3710 467 3832 523 Su-

547 544 692 597 mtis
716 559 818 596 non
843 543 938 596 erit
961 542 1245 610 impunitus
1265 539 1449 611 (Prov.
1475 557 1591 605 (illi,
1615 541 1670 606 5,
1696 543 1771 612 9).
1802 542 1958 609 ltent,
1991 547 2132 614 quod
2233 547 2569 614 perstitionis
2615 550 2717 603 ista
2747 550 3227 621 deprehenduntur
3251 569 3393 618 esse,
3443 571 3550 610 non
3585 557 3828 629 alicujus

547 633 773 702 culpare
803 633 1048 686 nituntur
1076 646 1180 685 non
1215 632 1386 686 solum
1418 632 1755 699 Romanam,
1790 651 1975 690 verum
2019 653 2134 692 om-

549 739 673 779 nem
706 722 953 789 Latinam
983 721 1307 787 Ecclesiam,
1329 723 1470 792 quod
1503 722 1762 793 Spiritum
1795 735 2041 781 sanetum
2070 728 2135 782 de

549 812 708 866 Patre
741 811 983 880 Filioque
1007 813 1302 881 procedere
1329 814 1706 880 conliteamur,
1730 818 2023 871 secundum
2052 833 2136 872 ca-

548 901 804 955 tholicam
831 900 1009 964 ﬁdem,
1029 916 1152 954 cum
1183 901 1256 956 illi
1290 911 1496 956 tantum
1522 903 1718 966 dicant,
1743 922 1865 960 eum
1890 907 1954 961 de
1976 907 2136 961 Patre

550 991 863 1059 procedere,
890 1007 1068 1046 nonne
1091 1008 1149 1046 se
1171 994 1436 1049 hereseos
1461 997 1727 1064 pravitate
1753 999 2133 1066 condemnant,

546 1089 601 1133 et
627 1081 695 1154 ab
716 1080 968 1135 Ecclesiae
987 1085 1368 1137 communione
1397 1096 1690 1150 removent,
1717 1096 1770 1141 et
1802 1089 1852 1142 in
1877 1087 2136 1159 Spiritum

548 1179 799 1225 sanctum
836 1170 1249 1241 blasphemaut?
1279 1177 1420 1244 quod
1451 1188 1734 1245 peccatum
1769 1179 2136 1237 irremissibile

545 1277 666 1318 esse
715 1262 966 1317 Salmtor
1008 1265 1060 1317 in
1110 1265 1401 1336 Evangelia
1448 1279 1782 1338 protestatur
1817 1270 2009 1340 (Marc.
2051 1290 2135 1338 ιιι,

548 1353 664 1421 29).
693 1352 806 1406 Nisi
854 1351 993 1407 forte
1023 1369 1332 1409 mensarare
1363 1358 1572 1425 possint
1615 1374 1643 1411 a
1687 1360 1800 1413 suis
1846 1359 2136 1427 majoribus

547 1441 833 1496 catholicis
881 1444 1015 1497 viris
1063 1445 1165 1498 hoc
1207 1444 1498 1515 aliquando
1545 1447 1886 1518 denegatum.
1925 1448 2135 1503 Etenim

550 1547 672 1586 cum
705 1533 886 1586 dicant
933 1531 1196 1602 Spirittttn
1246 1548 1492 1590 sanctum
1539 1539 1830 1606 procedere
1871 1553 1898 1590 a
1937 1537 2132 1602 Patre,

550 1639 657 1678 non
709 1633 904 1692 negant
948 1634 1002 1678 et
1028 1641 1055 1677 a
1085 1625 1221 1680 Filio
1261 1629 1574 1696 procedere.
1619 1627 1773 1694 Quod
1818 1627 1862 1682 si
1905 1627 2137 1694 majores

549 1727 678 1767 suos
714 1714 864 1782 sequi
898 1713 1200 1779 voluerint,
1247 1717 1698 1786 amplexabantur
1744 1717 2013 1772 catltolice
2051 1718 2136 1771 tli-

2236 637 2498 708 religiosae
2519 641 2992 697 considerationis.

2305 727 2442 794 Quid
2467 732 2662 784 mirum
2692 729 2997 799 huiusmodi
3029 734 3074 788 si
3108 733 3392 790 calumniae
3427 733 3726 806 procedant
3750 739 3831 794 ab

2236 817 2547 873 hominibus
2570 833 2739 875 sacrae
2767 820 2898 892 legis
2939 823 3145 892 peritis,
3171 825 3416 879 saeculari
3443 829 3681 896 potentia
3713 827 3834 882 ful-

2237 903 2328 968 tis,
2359 905 2568 973 imperii
2594 905 2735 958 fastu
2762 907 3191 964 conlidentibus?
3229 911 3304 965 De
3341 913 3511 968 sacris
3545 915 3833 984 dogmati-

2236 996 2361 1059 bus,
2411 995 2477 1049 de
2521 996 2889 1052 ecclesiastico
2940 999 3068 1065 ritu,
3119 1016 3225 1056 non
3271 1003 3680 1074 imperatorum,
3718 1011 3830 1065 sed

2237 1087 2612 1156 episcoporum
2649 1087 2828 1144 fuerat
2857 1089 3152 1162 disputare.
3185 1093 3511 1151 Discendum
3544 1098 3672 1165 illis,
3704 1117 3822 1157 non

2236 1177 2560 1241 docendum,
2593 1179 2647 1232 in
2675 1180 2912 1235 Ecclesia
2943 1182 3304 1240 ministerium
3332 1189 3681 1245 commissum
3706 1201 3818 1247 est.

2239 1267 2373 1322 Nam
2398 1271 2643 1339 quamvis
2667 1272 2926 1341 imperiali
2957 1275 3214 1346 dignitate
3241 1280 3568 1348 prtecellant,
3596 1299 3682 1339 res
3706 1285 3821 1342 illis

2239 1358 2451 1426 publica
2478 1360 2767 1414 commissa
2799 1372 2904 1427 est,
2953 1379 3058 1418 non
3099 1367 3402 1438 episcopale
3431 1371 3818 1430 ministerium.

2238 1447 2597 1519 Imperatores
2657 1451 2724 1506 de
2778 1454 2959 1508 saeculi
3020 1456 3228 1527 legibus
3292 1467 3528 1517 tractare
3582 1464 3820 1534 debent;

2237 1539 2474 1607 episcopi
2498 1554 2624 1593 vero
2647 1540 2711 1594 de
2739 1541 2932 1597 divinis
2957 1544 3293 1615 dogmatibus
3317 1548 3615 1620 disputare.
3644 1551 3820 1609 Suum

2239 1630 2456 1682 modum
2500 1631 2750 1685 studeant
2799 1641 3024 1700 tenere,
3083 1652 3190 1692 non
3237 1638 3468 1697 cilicium
3513 1645 3822 1717 episcopale

2239 1721 2554 1789 praeripere,
2583 1737 2651 1775 ne
2674 1722 2779 1777 illis
2805 1727 3086 1792 proveniat
3119 1729 3262 1796 quod
3285 1729 3430 1786 Ozia:
3460 1737 3570 1804 regi
3596 1739 3823 1805 pontiﬁ-

548 1811 727 1866 ctum,
771 1805 1064 1873 procedere
1112 1804 1372 1876 Spiritutn
1422 1818 1662 1863 sanctunt
1702 1825 1730 1861 a
1773 1809 1932 1863 Patre
1955 1849 1968 1871 ,
1998 1809 2135 1863 sicut
2170 1807 2212 1865 B
2241 1813 2355 1866 cale
2386 1813 2742 1867 ministerium
2780 1819 3126 1885 prwsumeuti
3151 1821 3408 1891 contigit;
3433 1827 3524 1894 qui
3556 1804 3821 1886 divinitus

549 1903 606 1946 et
627 1893 707 1947 sui
731 1891 962 1961 majores
989 1904 1113 1948 sunt
1147 1896 1411 1966 amplexi,
1440 1899 1530 1966 qui
1559 1899 1727 1953 sacris
1752 1899 1948 1954 litteris
1979 1900 2135 1952 insti-

551 1983 652 2036 tuti
683 1985 886 2054 optime
912 1993 1179 2039 noverunt
1217 1987 1500 2057 utriusque
1532 1986 1794 2057 Spiritum
1821 2003 1962 2051 esse,
1990 1989 2139 2042 vide-

548 2072 676 2128 licet
729 2083 836 2128 tam
881 2075 1056 2129 Patris
1097 2091 1258 2145 quam
1302 2077 1446 2131 Filii.
1497 2077 1651 2145 Quod
1691 2079 1745 2133 in
1789 2081 2138 2148 sequentibus

549 2163 752 2220 clarius
782 2166 1260 2222 demonstrabitur.

1181 2303 1410 2359 CAPUT
1449 2304 1511 2358 ll.

553 2411 756 2466 Iterum
786 2412 851 2466 de
874 2409 1175 2466 Grtccorum
1199 2412 1432 2480 objectis.
1457 2445 1527 2454 —
1545 2413 1684 2479 Quid
1722 2417 1952 2469 muneris
1977 2417 2137 2486 impe-

1061 2504 1324 2557 ratoribus
1355 2505 1626 2558 incumbit.

623 2635 743 2690 .lam
767 2637 910 2705 quod
931 2650 1156 2706 arguere
1179 2646 1462 2700 conantur,
1489 2640 1630 2708 quod
1659 2639 1711 2692 in
1739 2636 1976 2693 Sabbato
1996 2639 2136 2708 jeju-

553 2743 767 2790 namus,
796 2727 881 2781 vel
913 2728 1052 2796 quod
1085 2726 1343 2782 Paschale
1367 2728 1634 2798 jejunium
1661 2745 1764 2782 non
1795 2731 1983 2782 eadem
2013 2747 2133 2784 cmn

550 2821 634 2876 eis
665 2819 846 2890 regula
894 2819 1260 2885 celebremus;
1295 2823 1418 2891 quis
1459 2838 1564 2876 non
1604 2823 1780 2876 videat
1816 2834 2020 2892 quanto
2054 2833 2137 2878 tu-

553 2927 724 2977 more,
777 2923 1087 2983 quantaque
1137 2915 1366 2969 stultitia
1406 2917 1488 2970 vel
1539 2917 1707 2972 inﬂati
1750 2918 1832 2972 vel
1877 2921 2132 2974 excmcati

553 3005 681 3058 talia
707 3005 926 3059 dicant?
955 3004 1201 3075 Arguttnt
1233 3005 1542 3075 jejunantes
1564 3050 1578 3074 ,
1609 3009 1800 3063 iterum
1845 3013 2135 3080 reprehen-

550 3099 690 3150 dttnt
716 3113 820 3150 non
846 3095 1180 3168 jejuuantes;
1217 3108 1309 3152 aut
1335 3102 1482 3153 enim
1515 3102 1712 3156 bonum
1739 3102 2127 3172 estjejunium,

550 3195 648 3242 aut
683 3187 917 3251 malum;
958 3188 1000 3241 si
1049 3189 1247 3242 bonum
1279 3206 1292 3241 :
1325 3205 1422 3242 cur
1459 3191 1751 3244 accusant?
1795 3193 1841 3246 si
1882 3193 2080 3248 malum
2113 3212 2126 3248 :
2159 3163 2202 3224 Ο

548 3296 649 3335 cur
679 3289 933 3334 exercent
980 3281 1122 3348 quod
1166 3281 1460 3335 accusant?
1489 3281 1734 3336 Forsitan
1766 3299 1855 3338 res
1898 3301 2002 3339 non
2048 3287 2130 3342 sui

549 3372 745 3428 merito
791 3371 1082 3426 sancienda
1114 3412 1128 3436 ,
1163 3370 1255 3425 sed
1285 3386 1384 3440 pro
1423 3388 1776 3442 personarum
1822 3377 2133 3446 acceptione

539 3459 834 3529 iudicanda
863 3470 976 3524 est;
1011 3471 1067 3514 ut
1087 3460 1349 3530 jejunium
1376 3464 1516 3531 quod
1545 3464 1784 3519 celebrat
1810 3465 2036 3523 Latinus
2063 3469 2134 3523 sit

549 3553 915 3622 arguentium;
948 3552 1089 3622 quod
1123 3568 1250 3606 vero
1270 3551 1513 3620 Grzecus,
1539 3554 1610 3608 sit
1636 3557 2026 3624 venerandum,
2052 3560 2132 3615 sic

538 3644 788 3714 judicant
822 3642 905 3697 vel
947 3642 1180 3698 elatione
1217 3644 1460 3714 decepti,
1499 3645 1582 3700 vel
1634 3647 1862 3703 scientia
1912 3651 2129 3718 privati.

545 3737 680 3804 Quis
708 3744 889 3790 autem
918 3734 1059 3789 ferre
1087 3736 1256 3805 possit
1283 3737 1422 3804 quod
1463 3739 1859 3806 reprehendere
1894 3742 2132 3810 gestiunt

545 3828 934 3882 continentiam
967 3825 1311 3888 allectantes,
1346 3843 1374 3879 a
1410 3827 1730 3882 feminarum
1764 3831 2050 3885 concubitu
2073 3847 2131 3885 se

549 3927 891 3972 removentes
916 3958 930 3981 ,
961 3917 1143 3971 carnis
1171 3927 1223 3971 et
1258 3918 1450 3971 anima:
1493 3921 1835 3973 sanctitatem
1867 3922 2126 3975 mntttlan-

547 4007 669 4062 tes?
709 4007 838 4072 Quae
863 4024 986 4062 cutn
1030 4009 1138 4061 sint
1171 4009 1221 4060 in
1253 4009 1463 4062 cunctis
1501 4011 1819 4064 tnortalihus
1862 4000 2129 4079 pirzcconio

546 4098 723 4152 laudis
771 4098 1074 4152 extollenda
1104 4139 1118 4161 ,
1169 4110 1278 4151 tum
1328 4099 1595 4169 praecipue
1646 4100 1697 4154 in
1746 4101 1887 4154 sacri
1940 4103 2131 4158 altaris

547 4188 833 4249 minis‘.ris,
861 4204 1088 4258 quorum
1125 4197 1209 4241 est
1234 4186 1464 4242 cilicium
1507 4189 1559 4242 in
1587 4190 1758 4243 sacris
1787 4204 2002 4260 semper
2032 4207 2123 4245 as—

548 4278 764 4341 sistere,
797 4276 1073 4331 Divtnitali
1108 4279 1384 4333 servitutis
1406 4280 1721 4350 obsequium
1746 4281 1949 4350 jttgiter
1979 4285 2128 4339 exhi-

548 4371 698 4433 bere,
736 4386 834 4439 pro
879 4370 1182 4424 commissis
1238 4371 1448 4439 populis
1496 4373 1734 4427 divinam
1787 4375 2125 4442 majestatem

546 4459 735 4514 diebus
759 4459 1009 4514 omnibus
1026 4457 1138 4530 jugi
1164 4469 1385 4530 precatu
1410 4461 1642 4530 placare.
1672 4464 1782 4518 Hoc
1805 4467 1929 4535 quia
1956 4468 2126 4522 nostri

2240 1902 2387 1970 lepra
2439 1919 2728 1972 percussus
2766 1922 2872 1960 non
2922 1907 3095 1963 solum
3126 1926 3156 1963 a
3194 1913 3412 1981 templo,
3467 1932 3652 1972 verum
3697 1932 3756 1976 et
3784 1937 3816 1975 a

2238 1995 2616 2050 connnunione
2633 1997 2808 2066 populi
2823 1999 3278 2069 nosciturejectus
3293 2003 3378 2074 (II
3395 2003 3524 2060 Par.
3545 2013 3817 2082 xxvt,l7).

2238 2089 2346 2143 Cur
2375 2105 2503 2162 ergo
2539 2102 2784 2147 recentes
2831 2095 2919 2149 isti
2964 2097 3232 2162 doctores,
3273 2109 3331 2152 et
3364 2107 3716 2171 monstruosi,
3761 2117 3820 2162 ut

2239 2180 2313 2234 ita
2345 2180 2608 2248 dicamus,
2644 2191 3020 2253 praeceptores,
3051 2202 3148 2242 suo
3181 2205 3323 2243 nunc
3353 2199 3595 2262 tempore
3625 2197 3678 2249 in
3709 2200 3820 2252 cri-

2239 2285 2361 2324 men
2391 2271 2653 2327 devocare
2681 2285 2965 2341 conantur,
2989 2280 3135 2346 quod
3176 2281 3256 2334 sui
3287 2283 3514 2350 priores,
3557 2287 3601 2340 si
3636 2297 3818 2345 tamen

2238 2358 2493 2414 Ecclesiae
2539 2362 2631 2415 lilii
2663 2372 2807 2429 sunt,
2853 2375 2908 2419 et
2937 2369 3160 2423 unitatis
3189 2372 3466 2426 catholicae
3495 2385 3818 2442 sectatores,

2238 2452 2440 2506 duxere
2486 2470 2703 2524 semper
2747 2461 3148 2514 venerandum?
3196 2462 3385 2520 Nullus
3426 2483 3595 2522 novus
3641 2471 3820 2528 cultus

2237 2545 2377 2612 apud
2410 2545 2708 2600 Romanam
2741 2547 3042 2604 Ecclesium
3076 2569 3221 2608 nunc
3261 2557 3474 2626 agitur;
3501 2560 3643 2614 nulla
3677 2579 3817 2618 nova

2238 2634 2450 2703 religio,
2483 2636 2627 2690 nulla
2667 2653 2803 2692 nova
2847 2640 3114 2707 doctrina,
3150 2643 3418 2703 institutio
3467 2665 3606 2705 nova
3647 2653 3814 2708 nulla.

2238 2723 2469 2792 Majores
2488 2729 2658 2781 nostri
2689 2745 2806 2797 qua:
2835 2740 3076 2799 tenuere,
3125 2751 3245 2805 quae
3271 2739 3519 2805 docuere,
3551 2761 3670 2812 qua:
3700 2761 3816 2802 ser-

2237 2817 2409 2870 vanda
2455 2819 2566 2872 suis
2617 2823 2848 2888 posteris
2899 2825 3186 2896 reliquere,
3234 2831 3347 2887 haec
3397 2844 3660 2901 tenemus,
3698 2841 3815 2896 haec

2235 2923 2540 2974 servamus,
2570 2911 2700 2965 nihil
2729 2929 2890 2985 supra
2917 2931 3199 2985 ponentes,
3229 2923 3359 2977 nihil
3381 2927 3460 2978 eis
3487 2930 3810 2987 adimentes.

2235 2997 2388 3063 Quod
2434 2999 2499 3053 de
2549 3012 2738 3056 sancto
2782 3006 2984 3076 Spiritu
3026 3023 3329 3074 senserunt.
3374 3016 3477 3070 hoc
3524 3023 3811 3077 sentimus.

2236 3085 2605 3157 Perceperunt
2638 3092 2712 3145 illi
2743 3094 2810 3148 ab
2851 3098 3127 3165 apostolis,
3159 3103 3386 3171 apostoli
3419 3122 3448 3158 a
3476 3105 3694 3164 Christo
3725 3127 3816 3166 ac-

2235 3190 2511 3248 ceperunt.
2537 3181 2592 3235 lu
2619 3184 2803 3239 eadem
2847 3188 2951 3243 fide
2984 3199 3091 3244 tam
3121 3191 3410 3251 Orientalis
3451 3214 3612 3266 quam
3651 3201 3812 3256 Occi-

2236 3271 2463 3326 dentalis
2486 3287 2696 3342 semper
2727 3281 2986 3334 remansit
3015 3281 3273 3339 Ecclesia.
3305 3286 3581 3344 Noverunt
3607 3295 3811 3348 etenim

2236 3363 2464 3431 apostoli
2501 3365 2724 3428 dictum,
2753 3370 2894 3438 quod
2934 3381 3018 3426 est
3046 3391 3152 3428 una
3177 3375 3330 3444 ﬁdes,
3363 3396 3521 3433 unum
3553 3383 3814 3452 baptisma

2235 3451 2452 3522 (Ep/ws.
2483 3470 2559 3521 tv,
2602 3455 2681 3526 5).
2712 3458 2779 3513 Et
2805 3459 2930 3516 licet
2962 3463 3196 3520 haereses
3225 3467 3536 3538 frequenter
3559 3451 3818 3544 exsurge-

2234 3554 2372 3610 rent,
2403 3561 2524 3615 qua:
2569 3556 2823 3619 tanquam
2857 3553 2984 3608 mali
3005 3557 3181 3624 pisces
3200 3558 3401 3615 Christi
3433 3565 3564 3616 retia
3589 3582 3812 3635 rumpe-

2232 3644 2377 3701 rent,
2405 3635 2608 3692 Christi
2635 3650 2814 3696 tamen
2849 3646 3026 3701 tunica
3064 3652 3365 3718 permansit
3400 3653 3624 3724 integra.
3654 3658 3816 3715 lusti-

2234 3737 2346 3782 tuta
2378 3745 2505 3784 vero
2558 3733 2824 3804 majorum
2872 3738 2985 3793 suis
3015 3740 3425 3814 quibuscunque
3465 3746 3596 3802 locis
3639 3752 3813 3816 edita,

2232 3820 2370 3874 sicut
2422 3837 2527 3876 non
2575 3827 2824 3882 omnibus
2873 3830 3119 3887 ecclesiis
3163 3837 3375 3902 eadem,
3422 3840 3502 3894 sic
3549 3845 3813 3900 unitatem

2233 3911 2354 3965 ﬁdei
2385 3914 2529 3969 nullo
2561 3918 2720 3972 modo
2751 3920 2984 3976 divisere
3014 3941 3028 3977 :
3060 3940 3158 3979 nec
3186 3939 3406 3996 prop:er
3434 3930 3654 3988 alterum
3686 3952 3817 3991 con-

2234 4004 2534 4059 suetudinis
2553 4011 3031 4066 commutationem
3057 4025 3255 4070 mutuaz
3278 4019 3552 4076 societatis
3576 4025 3814 4082 amisere

2237 4097 2692 4151 communionem.
2748 4098 3013 4165 Quoniam
3059 4104 3204 4161 aliud
3251 4119 3334 4162 est
3381 4113 3447 4164 de
3497 4113 3704 4179 habitu,
3746 4119 3815 4170 de

2237 4187 2651 4242 conversatione
2673 4189 3002 4259 discernere,
3032 4204 3086 4249 et
3108 4197 3250 4251 aliud
3272 4201 3336 4254 de
3358 4203 3563 4257 unitate
3585 4205 3707 4262 ﬁdei
3742 4210 3818 4262 si-

2233 4273 2436 4329 militer
2476 4277 2700 4332 sentire.
2731 4278 2838 4335 Sed
2871 4281 2938 4336 de
2967 4285 3052 4338 his
3088 4289 3378 4355 posterius.
3413 4290 3562 4347 Nunc
3593 4298 3659 4349 ad
3683 4313 3814 4366 pro-

2230 4361 2405 4430 posita
2452 4365 2750 4433 veniamus,
2793 4378 2848 4424 et
2893 4372 2959 4427 de
3003 4375 3229 4445 singulis
3266 4395 3386 4448 qurc
3428 4383 3602 4448 gratia
3631 4361 3811 4442 sancti

2233 4452 2468 4523 Spiritus
2492 4457 2798 4527 donaverit,
2827 4464 3179 4534 disputemus,
3211 4487 3315 4525 non
3335 4476 3581 4530 ordinem
3608 4494 3810 4550 propo-

546 4551 858 4606 επριιαοιθε
897 4564 1058 4620 agere
1089 4552 1155 4605 de
1188 4565 1339 4606 more
1391 4552 1654 4619 majorum
1707 4534 2122 4622 ποηληηίιιιηην
2157 4534 2203 4592 ῐ)
2232 4546 2456 4598 sitarttm
2485 4559 2774 4617 sequentes
2793 4556 3168 4621 qumstionum.
3199 4560 3294 4614 Est
3317 4563 3459 4616 enim
3485 4567 3663 4622 minus
3684 4586 3813 4639 pru-

546 4640 879 4694 infamantur
907 4639 1122 4709 nuptias
1149 4642 1428 4696 damnare.
1455 4642 1594 4709 Quid
1635 4644 1750 4698 lucc
1787 4646 2120 4716 impugnant,

547 4731 649 4786 nisi
675 4731 1024 4801 religionem?
1054 4732 1193 4798 Quid
1241 4733 1354 4788 haec
1409 4735 1689 4789 destruere
1725 4737 1988 4801 nituntur,
2021 4738 2122 4791 nisi

546 4821 961 4876 sanctimoniam
1010 4822 1126 4876 sine
1170 4838 1275 4892 qua
1326 4837 1486 4878 nemo
1510 4824 1718 4893 placere
1771 4836 1946 4894 potest
1983 4827 2124 4880 Deo?

542 4911 677 4978 Quis
703 4926 827 4965 vero
857 4927 964 4966 non
1001 4913 1182 4967 videat
1213 4923 1416 4981 quanto
1446 4914 1515 4968 sit
1551 4915 1838 4969 tenendum
1871 4917 2119 4982 ridiculo,

545 5001 616 5055 de
641 5000 822 5055 barba:
860 5002 1108 5057 tonsione
1151 5004 1294 5073 quod
1323 5003 1540 5074 culpant
1567 5019 1580 5057 :
1617 5004 1698 5060 vel
1722 5006 1861 5074 quod
1889 5007 2114 5075 presby«

545 5086 647 5141 teri
673 5101 841 5156 penes
871 5104 970 5144 nos
993 5091 1389 5162 baptizatorum
1433 5093 1638 5148 frontes
1666 5094 1960 5148 chrismate
1985 5109 2116 5148 san-

540 5186 634 5233 cto
653 5194 760 5233 non
787 5178 980 5247 linunt,
1018 5185 1112 5237 sed
1142 5183 1244 5239 hoc
1275 5184 1616 5255 privilegium
1655 5185 1998 5254 pontiﬁcibus
2029 5201 2116 5240 re-

523 5269 832 5338 -linquunt?
863 5269 999 5325 Num
1029 5272 1082 5326 in
1106 5275 1285 5329 barba:
1314 5275 1394 5329 vel
1419 5275 1686 5338 tonsione,
1720 5275 1801 5329 vel
1826 5291 2115 5330 conserva-

539 5359 708 5425 tione,
739 5368 1130 5429 prwceptorum
1179 5363 1482 5418 divinorum
1513 5364 1888 5434 praevaricatio
1918 5380 2116 5435 cogno-

537 5449 711 5504 scitur
739 5449 881 5504 ulla?
914 5451 993 5506 vel
1023 5453 1069 5506 si
1112 5455 1415 5525 presbyteri
1448 5471 1584 5526 quos
1620 5457 1893 5526 baptizaut
1929 5471 2117 5511 eorum

537 5541 749 5594 frontes
792 5541 1046 5596 unctione
1089 5558 1244 5598 sacra
1306 5561 1411 5599 non
1468 5546 1671 5611 linunt;
1733 5563 1859 5600 num
1918 5547 2118 5602 idcirco

538 5617 792 5700 baptismi
813 5635 1043 5701 gratiam
1078 5650 1183 5690 non
1216 5636 1523 5706 perﬁciunt,
1564 5637 1758 5692 trinam
1791 5639 2114 5693 mcrsicucut

2229 4635 2422 4690 denter
2450 4638 2765 4711 dispositus,
2805 4644 2928 4712 quia
2957 4646 3174 4704 levitate
3195 4654 3409 4719 mentis,
3444 4671 3549 4709 non
3575 4635 3814 4726 pruden-

2230 4727 2316 4780 tiae
2351 4730 2612 4797 gravitate
2641 4732 2881 4801 digestus
2907 4751 3028 4792 esse
3065 4743 3431 4809 cognoscitur.

2299 4819 2365 4872 Et
2396 4822 2569 4889 primo
2592 4824 2658 4877 de
2689 4824 2890 4894 Spirittt
2922 4838 3109 4884 sancto
3134 4847 3254 4901 qua:
3280 4833 3558 4891 donaverit
3586 4839 3701 4910 ipse
3725 4843 3810 4895 di-

2228 4925 2455 4964 camus:
2491 4911 2593 4965 hoc
2624 4915 2769 4968 enim
2807 4926 2863 4971 et
2907 4919 3140 4986 primum
3167 4931 3250 4977 est
3286 4933 3340 4977 et
3369 4928 3723 4998 praecipuum,
3757 4943 3813 4986 ct

2225 5001 2291 5052 ad
2343 5000 2626 5056 catholica:
2680 5004 2803 5060 ﬁdei
2846 5009 3126 5077 pertinens
3159 5011 3576 5072 ﬁrmamentum.
3616 5019 3814 5076 Osten-

2224 5087 2352 5143 dere
2373 5106 2606 5160 namque
2631 5103 2716 5148 est
2750 5097 2936 5151 animo
2973 5101 3117 5167 quod
3158 5103 3235 5157 sic
3269 5104 3336 5159 de
3373 5120 3437 5159 eo
3459 5109 3728 5166 sentimus
3753 5121 3811 5164 et

2225 5180 2570 5248 conﬁtemur,
2603 5186 2743 5240 sicut
2768 5196 2824 5242 et
2868 5188 3056 5245 Patres
3085 5195 3254 5248 nostri
3285 5209 3571 5252 senserunt
3591 5211 3648 5255 et
3678 5218 3812 5257 con-

2225 5269 2352 5326 fessi
2384 5283 2540 5339 sunt;
2588 5285 2645 5330 et
2685 5277 2764 5333 sic
2802 5279 2904 5349 ipsi
2948 5293 3235 5338 senserunt
3277 5296 3330 5341 et
3381 5289 3607 5357 professi
3655 5305 3808 5357 sunt,

2226 5362 2366 5418 sicut
2403 5366 2631 5434 apostoli
2658 5379 2946 5424 senserunt
2987 5380 3042 5426 et
3077 5373 3391 5432 docuerunt.
3426 5379 3808 5449 Apostolon

2225 5465 2406 5510 autem
2434 5457 2736 5513 doctrinam
2783 5461 2830 5514 si
2870 5463 2992 5531 quis
3029 5479 3258 5534 arguere
3290 5467 3556 5535 maluerit,
3583 5470 3807 5527 Christi

2223 5561 2446 5602 necesse
2468 5557 2551 5603 est
2587 5549 2959 5620 magisterium
2997 5554 3305 5626 redarguat,
3333 5569 3384 5615 ct
3414 5563 3806 5631 prophetarum

2220 5639 2437 5698 oracula
2464 5639 2682 5694 refutet.

2062 5778 2284 5795 —--.——-.
