4026 6346
818 468 1045 527 CAPUT
1084 469 1169 524 Ill.

206 587 474 641 Probatur
508 586 765 654 Spiritum
806 594 1044 637 sanctum
1063 598 1156 654 ἐκ
1188 579 1363 654 Patre
1389 579 1633 648 Filioque
1659 596 1783 654 pro-

273 659 476 710 cedere.
507 649 636 707 Aria
658 654 1022 709 assimilantur
1047 650 1241 707 (ἐπεὶ.
1270 649 1514 706 Salvator
1547 662 1624 704 est
1655 651 1786 705 veri-

274 724 903 806 tus'Spiritusfunc‘tus
944 734 1041 806 est"
1063 723 1280 804 spiritus
1318 722 1574 787 raritatis,
1605 722 1660 774 id
1709 731 1784 776 est

272 792 493 850 Christi.
519 795 762 848 Charitas
784 793 981 847 dicitur
1003 792 1234 863 Spiritus
1265 803 1497 846 sanctus.

269 929 513 1000 Arguitis
537 925 677 997 quod
710 925 970 997 Spiritum
999 935 1243 982 sanctum
1264 942 1327 979 ex
1351 925 1510 980 Patre
1539 925 1784 995 Filioque

198 1021 501 1092 procedere
528 1019 805 1083 dicamus,'
822 1032 943 1072 cum
966 1016 1065 1086 ipsi
1094 1033 1158 1071 ex
1186 1014 1347 1070 Patre
1371 1025 1575 1070 tantum
1599 1031 1784 1085 proce-

199 1115 330 1170 dere
372 1113 586 1168 dicatis.
638 1110 1057 1167 Consideremus
1084 1109 1356 1178 Evangelii
1393 1108 1699 1173 lectionem,
1726 1116 1784 1162 et

196 1222 261 1262 ex
282 1221 354 1263 eo
376 1204 743 1276 responsiOnis
768 1212 1006 1258 tenorem
1028 1200 1324 1271 capiamus.
1360 1199 1620 1269 Loquitur
1637 1200 1780 1254 enim

199 1296 457 1351 Salvator
485 1297 539 1350 in
595 1308 850 1350 sermone
884 1306 1045 1360 quem
1086 1290 1377 1345 secundum
1423 1288 1682 1344 Joannem
1713 1289 1781 1343 ad

196 1386 493 1457 discipulos
522 1394 702 1449 nocte,
729 1400 833 1455 qua
864 1381 1161 1437 tradendus
1187 1390 1328 1447 erat,
1367 1381 1604 1448 fecerat‘,
1640 1383 1783 1437 inter

194 1478 408 1547 reliqua
436 1479 516 1533 sic
542 1492 557 1531 :
587 1475 719 1532 Cum
741 1487 913 1531 autem
954 1476 1146 1529 venerit
1174 1472 1485 1528 Paracletus
1511 1489 1660 1545 quem
1685 1490 1779 1543 ego

191 1571 404 1624 uittam
434 1570 575 1623 vobis
604 1586 636 1621 a
666 1567 846 1631 Patre,
880 1565 1135 1637 Spiritum
1166 1565 1418 1630 veritatis,
1441 1566 1530 1635 qui
1555 1582 1586 1617 a
1622 1561 1781 1617 Patre

192 1658 455 1727 procedit,
511 1657 602 1711 ille
644 1658 995 1711 testimonium
1040 1655 1322 1726 perhibebit
1370 1654 1437 1707 de
1475 1669 1556 1706 me
1591 1652 1775 1721 (Joan.

191 1764 279 1811 xv,
318 1748 439 1817 26).
467 1747 673 1819 Legitis
702 1748 794 1818 qui
822 1764 854 1800 a
889 1745 1051 1800 Patre
1076 1744 1331 1816 procedit,
1359 1753 1412 1799 et
1456 1745 1643 1797 audire
1671 1759 1775 1796 non

1117 356 1392 415 CONTRA
1431 355 1839 413 GRECORUM
1875 354 2209 413 OPPOSITA
2245 390 2316 403 -
2345 352 2472 414 LIB.
2515 357 2556 415 l.

3365 364 3471 419 230

1813 474 1858 531 Α
1892 467 2134 539 Filioque
2159 470 2404 539 procedit
2434 488 2447 524 :
2479 471 2596 526 sine
2624 478 2869 542 tempore
2902 487 3135 542 namque
3165 475 3405 543 procelit
3432 466 3467 527 a‘

1887 556 2068 621 Patre,
2122 559 2363 629 procedit
2390 570 2447 615 et
2474 574 2505 614 a
2544 560 2714 628 Filio;
2743 563 2868 632 quia
2923 563 3080 617 Pater
3120 573 3174 618 et
3217 563 3384 619 Filius
3410 574 3464 617 et

1888 651 2125 722 Spiritus
2179 662 2401 709 sanctus
2447 662 2559 709 tres
2601 656 2816 723 quidem
2847 671 3113 726 personae,
3164 656 3257 710 sed
3303 655 3463 709 unius

1885 744 2239 815 ejusdemque
2266 744 2593 800 exstiterunt
2614 746 2960 817 existuntque
2986 748 3319 803 substantize.

1957 833 2215 905 Sequitur
2268 852 2281 889 :
2334 835 2527 890 Omnia
2573 853 2893 909 quacunque
2936 841 3089 894 habet
3137 838 3319 906 Pater,
3349 858 3466 895 mea

1884 930 2039 990 sunt;
2062 935 2335 993 propterea
2367 927 2502 991 dixi,
2531 922 2655 997 quia
2683 928 2746 981 de
2780 944 2891 983 meo
2921 931 3160 1001 accipiet,
3187 938 3234 985 et
3257 948 3468 987 annun—

1884 1015 2032 1069 tiabit
2073 1015 2215 1069 vobis
2257 1008 2449 1086 (lbid.,
2483 1015 2594 1090 15).
2625 1015 2685 1071 Si
2715 1019 2895 1071 onutia
2926 1034 3262 1090 quaecunque
3301 1020 3465 1075 habet

1886 1106 2068 1170 Pater,
2118 1105 2282 1161 habet
2332 1117 2385 1161 et
2426 1106 2616 1173 Filius,
2663 1107 2908 1178 proiecto
2956 1111 3093 1165 sicut
3122 1120 3206 1165 est
3231 1111 3466 1182 Spiritus

1885 1205 2105 1250 sanctus
2134 1195 2313 1250 Patris
2327 1194 2581 1265 Spiritus,
2609 1197 2688 1251 sic
2709 1206 2794 1251 est
2816 1207 2871 1251 et
2887 1196 3007 1252 Filii
3035 1199 3300 1268 Spiritus;
3334 1200 3467 1254 alio«

1884 1286 2014 1356 quin
2037 1285 2083 1339 si
2115 1285 2291 1340 Patris
2309 1294 2394 1340 est
2416 1295 2645 1350 tantum,
2670 1302 2776 1341 non
2803 1289 2965 1342 etiam
2987 1287 3128 1351 Filii,
3154 1304 3257 1344 non
3282 1290 3465 1344 omnia

1882 1390 2218 1445 quaecunque
2246 1376 2411 1429 habet-
2432 1375 2614 1441 Pater,
2646 1386 2774 1431 sunt
2792 1376 2936 1431 Filii.
2971 1376 3076 1432 Sed
3103 1379 3264 1433 habet
3282 1380 3463 1433 omnia

1883 1482 2218 1537 quaecunque
2240 1468 2401 1522 habet
2435 1468 2619 1532 Pater,
2656 1468 2848 1523 Filius.
2880 1469 3046 1539 Igitur
3067 1471 3205 1525 sicut
3232 1480 3316 1525 est
3336 1470 3464 1540 Spi-

1884 1560 2021 1613 ritus
2042 1567 2263 1613 sanctus
2279 1558 2460 1614 Patris
2482 1559 2737 1630 Spiritus,
2766 1561 2845 1616 sic
2868 1569 2953 1616 est
2972 1570 3027 1617 et
3054 1561 3178 1617 Filii
3204 1561 3461 1632 Spiritus.

1882 1648 1988 1703 Sed
2011 1648 2152 1704 hanc
2182 1650 2533 1704 habitationis
2563 1651 2940 1720 possessionen
2969 1666 3075 1706 non
3106 1660 3362 1723 putemus
3379 1651 3465 1706 vel

1884 1740 2304 1794 minoratiunem
2350 1741 2729 1810 depositionis,
2762 1741 2845 1796 vel
2876 1743 3202 1797 conditionis
3236 1742 3470 1798 additio-

189 1840 360 1896 mltis
397 1840 668 1895 dicentem
710 1840 928 1904 Filium,
972 1856 1125 1910 quem
1170 1854 1263 1908 ego
1310 1839 1513 1891 mittam
1564 1840 1705 1893 vobis
1747 1854 1779 1890 η
1814 1827 1855 1884 Β
1885 1843 2027 1883 nem.
2062 1830 2255 1884 Verum
2304 1829 2433 1885 illud
2489 1832 2818 1897 declaratur,
2872 1833 2999 1902 quia
3042 1833 3183 1889 sicut
3223 1831 3469 1901 procedit

190 1930 381 1986 Patre.
409 1933 579 1988 Dicite
606 1931 1056 2002 quemadmodum
1107 1932 1356 1985 mittatur
1398 1947 1428 1984 a
1458 1930 1596 1985 Filio
1629 1946 1643 1983 :
1668 1931 1777 2012 hoc

189 2038 433 2095 namque
464 2025 647 2081 dicere
679 2023 872 2078 Filium
912 2039 1018 2079 non
1049 2023 1275 2095 negatis,
1301 2023 1347 2078 si
1378 2033 1556 2077 tamen
1590 2023 1775 2078 Evan-

187 2118 394 2191 gelium
433 2118 636 2190 legitis,
668 2128 761 2173 aut
815 2117 1106 2189 Evangelio
1139 2117 1183 2171 si
1215 2117 1475 2172 creditis?
1507 2116 1613 2172 Aut
1648 2133 1777 2189 ergo
1818 2139 1825 2145 ·

188 2209 510 2265 missionem
570 2211 712 2264 hanc
754 2207 1085 2263 conﬁtemini
1140 2208 1578 2279 processionem,
1645 2217 1774 2273 aut,

186 2302 333 2371 quod
380 2310 469 2357 est
516 2301 761 2371 impium,
801 2300 994 2355 dicetis
1036 2300 1439 2369 obsequiuml;
1493 2309 1547 2356 et
1599 2301 1772 2367 eritis,

185 2390 332 2460 quod
369 2391 536 2454 absit,
582 2406 707 2445 cum
737 2390 886 2455 Ario,
936 2389 1027 2458 qui
1079 2389 1342 2443 minorem
1372 2388 1621 2461 dogmate
1644 2404 1773 2460 per-

184 2498 355 2539 verso
389 2482 653 2552 Spiritum
682 2492 927 2537 sanctum
981 2480 1258 2535 asserebat
1308 2480 1463 2535 Filio.
1492 2480 1646 2535 Absit
1675 2497 1775 2535 au-

185 2587 294 2634 tem
320 2587 387 2633 ut
409 2578 524 2632 Arii
555 2587 740 2647 partes
763 2578 936 2633 velitis
956 2586 1231 2642 astruere;
1260 2577 1402 2631 absit
1426 2585 1483 2631 ut
1510 2575 1770 2647 Spiritum

186 2675 444 2722 sanctum
475 2669 739 2722 minorem
789 2666 949 2722 Patre
999 2666 1243 2736 Filioque
1279 2666 1457 2721 velitis
1484 2664 1769 2721 aiﬁrmare.

185 2757 365 2830 Igitur
417 2773 542 2813 eum
589 2759 733 2813 dicat
783 2757 952 2813 Filius
1019 2759 1308 2812 missurum
1356 2772 1416 2812 se
1472 2773 1593 2814 esse
1647 2757 1772 2826 Spi-

186 2850 355 2903 H'tntrs
376 2849 612 2904 veritatis
638 2850 730 2919 qni
770 2866 800 2902 a
836 2847 997 2903 Patre
1021 2850 1277 2918 procedit,
1307 2848 1552 2917 profecto
1578 2847 1776 2903 fatetur

185 2944 336 3011 quod
364 2957 400 2996 ι
431 2956 494 2996 se
523 2942 668 2996 dicat
690 2957 817 2996 eum
840 2943 1157 3010 procedere,
1190 2940 1315 2993 dum
1343 2939 1628 2993 conﬁrmat
1649 2953 1772 2993 eum

185 3048 244 3088 se
277 3032 525 3088 mittere.
568 3031 842 3087 Fortassis
894 3032 1245 3101 qttzestiouetn
1276 3027 1426 3093 facit,
1473 3029 1615 3099 quod
1664 3044 1770 3083 non

183 3123 516 3195 simpliciter
548 3124 745 3178 dixerit
780 3122 1029 3177 Salvator
1069 3141 1083 3175 :
1123 3121 1286 3187 Quem
1321 3137 1413 3191 ego
1454 3121 1657 3174 mittam
1685 3137 1771 3174 vo-

185 3213 263 3268 bis
313 3225 339 3264 :
390 3212 486 3267 sed
525 3211 817 3275 addiderit,
853 3228 886 3264 a
926 3209 1108 3265 Patre.
1154 3210 1267 3266 Hoc
1314 3209 1498 3264 Ariani
1550 3224 1771 3265 movere

183 3302 379 3372 primi,
424 3302 651 3372 gradum
701 3300 880 3357 facere
929 3301 1169 3355 volentes
1206 3300 1260 3354 in
1311 3299 1622 3355 Divinitate.
1660 3298 1768 3355 Sed

184 3390 470 3461 Evangelii
497 3392 699 3447 veritas
743 3390 1253 3446 consubstantialem
1296 3391 1461 3447 totius
1485 3392 1768 3446 Trinitatis

183 3482 433 3541 intendit
454 3484 735 3539 unitatem.
754 3483 1004 3539 Procedit
1024 3481 1258 3553 Spiritus
1282 3492 1501 3538 sanctus
1527 3498 1557 3538 a
1582 3483 1765 3549 Patre,

186 3575 339 3631 illius
360 3575 489 3645 quia
522 3575 589 3630 de
615 3575 915 3631 subStantia
944 3583 1144 3628 manat.
1174 3574 1336 3628 Mittit
1360 3589 1573 3645 quoque
1599 3574 1769 3629 Filius

184 3665 457 3737 Spiritum
486 3666 730 3719 veritatis
761 3682 789 3719 a
817 3664 998 3727 Patre,
1025 3664 1149 3735 quia
1180 3664 1415 3735 Spiritus
1449 3675 1674 3721 sanctus
1706 3674 1768 3721 ut

183 3772 213 3808 a
238 3754 691 3825 Filioproccdat,
731 3756 844 3824 ipse
889 3763 1048 3808 natus
1072 3764 1154 3809 est
1194 3769 1261 3807 ex
1299 3754 1487 3817 Patre;
1532 3765 1588 3809 et
1627 3755 1768 3811 sicut

181 3845 400 3915 accepit
428 3845 498 3900 de
539 3843 698 3899 Patre
743 3843 783 3899 F
790 3845 915 3900 ilius
953 3845 1226 3900 nascendo
1273 3845 1660 3911 substantiam,
1687 3846 1769 3902 sic

181 3936 378 3992 itidem
400 3936 612 4007 accepit
631 3954 660 3989 a
691 3936 851 3991 Patre
881 3947 940 3992 ut
964 3934 1226 4006 Spiritum
1250 3936 1497 3991 veritatis
1528 3938 1769 3995 mitteret

179 4041 209 4080 a
237 4039 297 4080 se
320 4024 692 4096 procedendo.
719 4025 973 4095 Alioquin
1010 4041 1132 4081 cum
1177 4026 1350 4081 dicit:
1389 4028 1493 4093 Qui
1528 4045 1561 4082 a
1611 4027 1769 4083 Patre

176 4117 452 4185 procedit;
484 4130 591 4171 non
620 4126 780 4188 negat
809 4134 840 4173 a
872 4134 932 4174 se
950 4120 1262 4188 procedere,
1294 4122 1546 4189 quoniam
1579 4122 1768 4177 missio

179 4206 332 4271 Filii,
357 4208 638 4275 processio
664 4217 749 4263 est
774 4207 1011 4278 Spiritus
1044 4210 1254 4275 sancti;
1286 4219 1346 4264 ut
1385 4212 1566 4266 mittat
1589 4211 1763 4282 Spiri-

179 4304 292 4350 tum
327 4296 600 4361 veritatis,
630 4312 735 4352 non
782 4308 1035 4368 tanquam
1084 4299 1347 4354 minorem
1370 4302 1615 4370 jubendo
1652 4303 1767 4371 ipse

179 4386 358 4456 major
405 4387 721 4454 existendo;
777 4390 871 4444 sed
908 4390 1183 4445 missionis
1214 4392 1379 4446 verbo
1410 4401 1761 4459 monstratur,

1878 1919 2116 1990 Spiritus
2165 1930 2391 1976 sanctus
2438 1937 2468 1975 a
2513 1921 2698 1989 Patre,
2746 1923 2827 1978 sic
2877 1938 3095 1993 quoque
3146 1923 3393 1995 procedit
3435 1941 3465 1978 a

1875 2010 2033 2065 Filio.
2067 2010 2235 2066 Paulo
2263 2013 2513 2082 superius
2552 2010 2804 2068 Christus
2852 2014 2930 2068 ait
2968 2029 2982 2067 :
3022 2012 3154 2067 Cum
3179 2024 3353 2069 autent
3383 2031 3470 2071 ve-

1877 2101 2010 2155 nerit
2024 2100 2114 2156 ille
2127 2099 2355 2173 Spiritus
2372 2092 2604 2157 veritatis
2622 2121 2640 2169 ;
2654 2112 2709 2159 et
2724 2103 2872 2174 prius
2886 2103 3096 2159 dixerat
3115 2123 3127 2158 :
3146 2103 3276 2158 Cum
3292 2115 3465 2159 autem

1875 2192 2071 2278 venerit
2099 2188 2432 2257 Paraclettts,
2460 2209 2612 2264 quem
2652 2210 2745 2264 ego
2790 2195 2994 2248 mittam
3039 2195 3181 2249 vobis
3214 2213 3246 2249 a
3283 2194 3464 2260 Patre,

1878 2280 2137 2351 Spiritum
2160 2284 2412 2338 veritatis.
2440 2286 2654 2340 Veritas
2676 2286 2931 2341 Salvator
2959 2296 3062 2351 est,
3087 2287 3199 2355 ipse
3217 2286 3466 2358 Philippo

1876 2374 2226 2428 testiﬁcatur:
2253 2374 2364 2446 Ego
2377 2392 2492 2429 sum
2510 2377 2611 2439 via,
2627 2378 2839 2439 veritas,
2857 2388 2902 2430 et
2920 2378 3024 2431 vita
3043 2376 3227 2447 (Joun.
3248 2393 3361 2440 xw,
3385 2381 3463 2443 6).

1875 2463 1934 2518 Si
1958 2480 2088 2533 ergo
2114 2468 2310 2521 veritas
2334 2467 2581 2522 Salvator
2603 2477 2706 2532 est,
2730 2477 2783 2522 et
2812 2469 3063 2524 Salvator
3085 2469 3252 2524 Filius
3280 2469 3463 2524 Patris

1876 2565 1980 2622 est,
2026 2558 2154 2627 quid
2183 2567 2266 2613 est
2310 2560 2456 2614 aliud
2487 2560 2670 2613 dicere
2697 2560 2958 2629 Spiritum
3001 2561 3265 2625 veritatis,
3296 2576 3462 2630 quam

1879 2643 2136 2713 Spiritum
2158 2646 2316 2700 Filii?
2337 2647 2693 2717 Cognoscitur
2714 2662 2845 2718 ergo
2865 2647 3100 2716 Spiritus
3123 2649 3298 2702 Patris
3316 2662 3461 2714 esse,

1876 2736 1968 2813 qui
2000 2738 2242 2806 procedit
2274 2752 2305 2791 a
2334 2736 2526 2802 Patre;
2573 2738 2839 2807 simulque
2866 2736 3102 2807 Spiritus
3134 2738 3273 2803 Filii,
3297 2752 3461 2808 quem

1877 2828 2127 2882 Salvator
2154 2826 2443 2884 conﬁtetur
2465 2828 2725 2899 Spiritum
2756 2846 2876 2884 eSse
2908 2831 3171 2885 veritatis.

1948 2925 2007 2979 Si
2034 2927 2230 2995 quzeris
2263 2928 2405 2981 unde
2431 2927 2501 2980 sit
2529 2926 2762 2996 Spiritus
2786 2928 3052 2989 veritatis,
3087 2944 3270 2999 quzere
3297 2929 3460 2984 simul

1877 3017 2019 3073 unde
2055 3018 2124 3073 sit
2147 3017 2383 3088 Spiritus
2407 3018 2586 3074 Patris
2620 3040 2632 3074 ;
2666 3020 3005 3089 procedendo
3031 3037 3265 3092 namque
3297 3039 3326 3076 a
3355 3021 3460 3077 Pa-

1878 3115 1960 3161 tre
1982 3106 2216 3177 Spiritus
2236 3107 2412 3162 Patris
2434 3117 2517 3163 est
2538 3124 2553 3173 ;
2581 3109 3213 3181 simulque.procedendo
3236 3127 3266 3167 a
3296 3111 3454 3177 Filio,

1798 3176 1845 3240 θ
1875 3202 1967 3272 qui
1998 3176 2080 3257 est
2114 3203 2352 3267 veritas,
2382 3201 2615 3272 Spiritus
2643 3216 2729 3258 εει
2754 3176 2897 3258 Filii.
2940 3204 3053 3258 Non
3082 3219 3194 3274 pro;
3216 3213 3301 3260 ter
3326 3176 3459 3261 sub;

1864 3292 2156 3362 jectionem
2187 3292 2442 3349 dicuntur
2470 3293 2591 3356 ista,
2630 3282 2966 3364 sed‘propter
2994 3297 3156 3350 unius
3175 3293 3454 3365 ejusdem-

1872 3404 1977 3458 que
2004 3387 2318 3443 substantize
2342 3387 2823 3460 signiﬁcationem.
2859 3388 3125 3455 Quoniam
3156 3390 3297 3443 sicut
3330 3399 3457 3443 sunt

1870 3481 2031 3536 Pater
2057 3490 2112 3536 et
2136 3480 2304 3537 Filius
2328 3483 2486 3536 unius
2507 3480 2855 3550 ejusdemque
2876 3482 3216 3545 substantiat,
3265 3482 3344 3536 sic
3376 3481 3446 3535 ab

1872 3581 2104 3642 utroque
2131 3572 2375 3642 procedit
2409 3572 2640 3641 Spiritus
2680 3582 2918 3625 sanctus.
2970 3570 3077 3624 Nec
3129 3580 3285 3640 putes
3321 3571 3457 3624 duos

1872 3663 2072 3718 habere
2117 3671 2300 3733 patres
2351 3663 2610 3732 Spiritum
2656 3670 2938 3725 sanetum,
2986 3662 3111 3730 quia
3151 3662 3399 3731 procedit
3427 3678 3455 3714 a

1870 3752 2051 3817 Patre,
2083 3754 2326 3825 procedit
2365 3770 2395 3807 a
2442 3752 2608 3815 Filio;
2655 3753 2911 3823 quoniam
2957 3751 3196 3821 Spiritus
3233 3762 3459 3808 sanctus

1873 3859 1978 3899 non
2008 3854 2093 3899 est
2125 3844 2314 3905 Filius,
2342 3854 2397 3898 et
2423 3845 2514 3914 qui
2557 3844 2697 3898 liiius
2726 3859 2831 3897 non
2864 3854 2967 3907 est,
3006 3845 3211 3899 habere
3242 3852 3457 3916 patrem

1873 3952 1978 3990 non
2003 3944 2198 4007 potest.

1943 4029 2149 4084 Dicitur
2178 4043 2403 4098 quoque
2458 4027 2692 4099 Spiritus
2744 4036 2965 4082 sanctus
3012 4027 3254 4081 charitas
3306 4041 3454 4089 esse,

1869 4122 2011 4175 unde
2045 4121 2233 4175 beatus
2258 4119 2495 4176 Joannes
2527 4135 2541 4174 :
2576 4118 2715 4173 Deus
2739 4120 2969 4174 charitas
2997 4127 3073 4174 est
3103 4117 3155 4191 (I
3184 4119 3348 4173 Joan.
3378 4132 3457 4182 tv,

1871 4211 1981 4281 16).
2005 4210 2176 4279 Quam
2203 4211 2520 4265 charitatem
2549 4210 2936 4265 commendans
2958 4209 3147 4265 scribit
3170 4209 3416 4265 ﬁdelibus
3443 4223 3459 4263 :

1872 4299 1940 4354 Et
1977 4318 2063 4355 vos
2107 4302 2403 4355 unctionem
2430 4317 2588 4370 quam
2628 4300 2902 4370 accepistis
2932 4302 2997 4353 ab
3030 4318 3113 4364 eo,
3154 4310 3363 4354 maneat
3404 4301 3460 4355 in

1870 4394 2042 4459 vobis;
2098 4405 2144 4447 et
2186 4410 2390 4448 necesse
2426 4410 2529 4447 non
2560 4394 2762 4446 habetis
2790 4402 2847 4446 ut
2880 4391 3073 4464 aliquis
3102 4392 3284 4446 doceat
3328 4407 3413 4446 vos
3441 4408 3459 4456 ;

175 4477 306 4548 quia
331 4477 482 4532 sicut
529 4479 775 4548 procedit
815 4480 1049 4550 Spiritus
1092 4482 1336 4537 veritatis
1369 4496 1399 4537 a
1447 4482 1633 4547 Patre,
1685 4485 1765 4539 sic
1792 4524 1843 4584 Β
1868 4485 1958 4539 sed
1984 4486 2118 4539 sicut
2165 4486 2341 4538 unctio
2374 4484 2489 4553 ejus
2533 4483 2682 4536 docet
2717 4498 2807 4536 vos
2845 4482 2911 4536 de
2951 4482 3189 4536 omnibus
3217 4481 3264 4550 (l
3297 4472 3456 4535 Joan.

175 4569 345 4624 etiam
369 4570 621 4640 procedit
664 4580 721 4625 et
747 4589 778 4625 a
817 4570 973 4626 Filio.
1001 4571 1138 4627 Hinc
1170 4574 1221 4627 in
1259 4575 1716 4646 consequentibus
1747 4594 1760 4630 :

174 4658 360 4713 Atille
383 4674 468 4712 nte
513 4658 862 4728 clari/icabit;
903 4662 1028 4731 quia
1065 4661 1131 4716 de
1171 4679 1285 4717 meo
1313 4665 1553 4733 accipiet,
1589 4674 1637 4718 et
1668 4682 1765 4719 an-

177 4751 461 4810 nuntiabit.
497 4751 638 4805 vobis
685 4750 869 4822 (Joan.
903 4769 1016 4817 xvt,
1049 4753 1159 4824 l4).
1183 4755 1322 4820 Quid
1360 4755 1505 4827 enim
1533 4755 1766 4824 accipiet

177 4841 426 4914 Spiritus
454 4850 676 4898 sanctus
704 4858 734 4897 a
770 4842 929 4908 Filio,
976 4854 1098 4900 cum
1129 4847 1288 4901 unius
1316 4848 1423 4902 sint
1443 4848 1766 4902 substantia:

175 4934 457 5003 uniusque
514 4933 803 5003 potentiae?
856 4933 1156 5000 Nimirum,
1220 4938 1285 4991 de
1344 4955 1458 4992 meo
1509 4939 1762 5009 accipiet,

175 5022 354 5088 dixit;
394 5024 449 5077 id
488 5032 572 5078 est
614 5040 645 5078 a
684 5039 769 5079 me
813 5027 1075 5094 procedit,
1103 5028 1229 5096 quia
1266 5029 1406 5083 sicut
1438 5036 1563 5083 sunt
1604 5029 1765 5084 unius

173 5115 502 5170 substantia:
541 5115 703 5172 Pater
726 5124 782 5172 et
820 5116 1007 5182 Filius,
1040 5120 1120 5174 sic
1138 5128 1194 5174 ct
1215 5120 1282 5174 de
1315 5130 1545 5191 utroque
1570 5136 1761 5191 proce-

173 5206 357 5267 dendo
394 5205 633 5277 Spiritus
665 5218 886 5265 sanctus
935 5211 1147 5281 accepit
1180 5212 1765 5269 consubstantialitatis

172 5288 550 5355 existentiam.
1460 5325 1468 5335 -
1758 5316 1761 5321 '

246 5389 363 5449 Nec
401 5391 563 5450 debet
596 5410 817 5452 movere
841 5397 985 5467 quod
1029 5396 1248 5469 accipiet
1302 5394 1467 5451 futuri
1501 5396 1767 5466 temporis-

174 5482 343 5549 dixit,
370 5486 473 5542 hoc
494 5486 640 5542 enim
667 5488 735 5543 ad
759 5487 888 5543 illud
919 5489 1141 5560 respicit
1183 5489 1326 5559 quod
1353 5487 1595 5542 futurum
1619 5498 1757 5552 erat,

174 5574 327 5640 Quod
342 5576 623 5647 discipulis
648 5579 983 5646 mitteretur;
1015 5596 1120 5635 non
1144 5582 1210 5635 ad
1237 5580 1366 5635 illttd
1389 5582 1529 5650 quod
1548 5597 1576 5634 a
1603 5580 1763 5636 Patre

1870 4593 1952 4641 ll,
2000 4576 2133 4647 27).
2198 4574 2335 4630 lluic
2382 4573 2557 4629 simile
2605 4573 2857 4629 Salvator
2899 4591 2913 4628 :
2964 4571 3097 4626 Cum
3152 4576 3325 4625 ‘au:cm
3377 4587 3459 4623 ve-

1866 4669 2020 4730 nerit,
2046 4667 2240 4735 inquit,
2269 4665 2358 4720 ille
2381 4664 2611 4735 Spiritus
2633 4665 2888 4727 veritatis,
2911 4662 3111 4717 docebit
3136 4677 3227 4715 vos
3250 4676 3456 4713 onmem

1866 4759 2129 4812 veritatem
2173 4756 2357 4827 (toan.
2401 4770 2512 4819 xvt,
2547 4754 2671 4825 16);
2709 4752 2835 4809 Sive
2875 4753 3039 4821 igitur
3080 4752 3231 4805 dicas
3262 4767 3276 4803 :
3313 4749 3457 4803 Deus

1866 4847 2097 4903 charitas
2125 4857 2230 4909 est;
2264 4847 2378 4901 sive
2406 4845 2555 4901 dicas
2583 4862 2596 4898 :
2643 4843 2788 4898 Sicut
2825 4844 3002 4898 unctio
3044 4843 3160 4913 ejus
3190 4841 3337 4894 docet
3368 4856 3455 4893 vos

1865 4939 1930 4993 de
1955 4937 2227 5002 omnibus;
2254 4938 2368 4992 sive
2400 4936 2550 4991 dicas
2580 4954 2593 4989 :
2628 4935 2883 5007 Spiritum
2910 4935 3166 4999 veritatis,
3186 4935 3278 5004 qui
3304 4932 3455 4988 docet

1871 5047 2073 5085 omnem
2116 5034 2377 5085 veritatem
2407 5047 2426 5085 :
2458 5030 2721 5100 Spiritum
2752 5037 2998 5083 sanctum
3028 5026 3325 5100 signiﬁcas.
3358 5026 3454 5082 Est

1870 5132 2051 5178 autem
2075 5123 2313 5177 charitas
2339 5122 2535 5184 Patris,
2566 5136 2671 5191 qua
2697 5135 2797 5174 nos
2826 5119 3017 5175 dilexit
3046 5136 3060 5172 :
3092 5127 3177 5174 est
3213 5119 3455 5173 charitas

1870 5218 2026 5281 Filii,
2056 5234 2161 5288 qua
2200 5233 2297 5273 nos
2340 5217 2582 5271 redemit.
2632 5215 2737 5269 Sed
2772 5229 2878 5269 non
2917 5214 3130 5269 diversa
3168 5224 3453 5283 propzerea

1869 5309 2129 5374 charitas,
2161 5308 2285 5378 quia
2323 5306 2497 5360 Patris
2539 5321 2659 5360 esse
2699 5305 2898 5360 dicitur
2940 5313 3105 5374 atque
3146 5300 3305 5356 l-‘ilii:
3347 5317 3453 5371 qua

1870 5414 2102 5469 namque
2123 5398 2385 5454 eharitate
2414 5397 2573 5451 Pater
2599 5396 2774 5468 diligit
2800 5393 3019 5460 Filium,
3049 5393 3239 5449 eadem
3268 5391 3454 5445 chari-

1871 5502 1980 5547 tate
1999 5491 2168 5547 Filius
2190 5491 2364 5562 diligit
2387 5489 2602 5545 Patrem
2636 5507 2649 5543 :
2681 5497 2765 5545 est
2810 5503 3047 5559 namque
3081 5483 3322 5541 charitas
3346 5480 3451 5535 Pa-‘

1871 5583 1967 5635 tris
1995 5581 2233 5653 Spiritus
2262 5590 2481 5637 sanctus
2502 5623 2515 5647 ,
2544 5589 2628 5635 cst
2666 5581 2904 5637 charitas
2928 5595 3143 5651 quoque
3171 5576 3291 5630 Filii
3334 5568 3456 5661 Spif

251 5763 282 5791 ι
329 5749 522 5807 Dicetis
538 5751 869 5828 obsequium.
890 5754 1183 5810 Vcrissima
1216 5756 1405 5822 lectio;
1436 5766 1592 5845 a‘utca
1619 5756 1916 5827 legebatur,
1942 5757 2157 5827 impium
2189 5759 2402 5824 dicenti,
2434 5758 2753 5829 obsequium.
