4026 6346
550 309 647 363 231

1575 313 1934 371 ῐιΑτιιειδιΝι
1973 317 2424 377 CORBEIENSIS
2467 321 2773 382 MONAClli

3723 344 3825 400 25'!

552 428 688 482 ritus
715 436 951 482 sanctus.
987 427 1238 482 Procedit
1274 428 1514 482 charitas
1548 428 1727 484 Patris
1765 445 1796 484 a
1841 430 2031 496 Patre,
2071 442 2129 486 ut
2160 444 2202 497 Α
2230 434 2508 507 discipulis
2533 440 2610 494 ait
2644 460 2655 493 :
2701 441 2863 498 Verba
2884 463 3000 516 qua!
3031 453 3364 508 locutassum
3401 456 3560 523 vobis,
3597 460 3820 531 Spiritus

554 517 744 589 diligat
772 519 998 585 Filium;
1038 520 1278 589 procedit
1309 520 1473 573 etiam
1501 521 1739 576 charitas
1777 522 1896 576 Filii
1930 539 1959 576 a
1998 523 2134 577 Filio

559 618 620 663 ut
655 609 841 681 diligat
887 609 1124 664 Patrem.
1175 611 1341 682 Igitur
1387 613 1668 682 utriusque
1721 629 1822 667 una
1873 615 2131 679 charitas,

557 702 812 770 quoniam
843 702 1120 773 utriusque
1150 719 1292 758 unus
1325 702 1563 774 Spiritus
1585 705 1652 757 ah
1683 713 1913 774 utroque
1941 721 2134 775 proce-

556 792 709 848 dens.

625 881 873 937 Christus
895 883 1164 938 clamabat
1209 884 1396 939 dicens
1424 899 1438 938 :
1468 883 1525 939 Si
1551 885 1667 956 quis
1696 886 1824 950 sitit,
1853 887 2020 940 veniat
2064 887 2133 940 ad

553 989 654 1036 ine,
685 983 731 1026 et
751 973 886 1026 bibat
911 972 1093 1044 (Joan.
1140 989 1237 1036 vn,
1271 974 1392 1044 57).,
1424 974 1527 1040 Qui
1559 974 1720 1027 credit
1750 975 1805 1027 in
1845 991 1946 1036 me,
1994 976 2137 1030 sicut

552 1062 684 1117 dicit
729 1061 1028 1130 Scriptura,
1068 1064 1288 1131 [lumina
1336 1063 1399 1116 de
1438 1075 1610 1120 ventre
1651 1064 1766 1133 ejus
1795 1065 1958 1134 ﬂuent
1984 1081 2135 1136 aqua:

550 1153 696 1207 circa.
752 1151 1040 1223 Subjungit
1085 1153 1413 1223 evangelista
1464 1173 1476 1206 :
1532 1153 1645 1208 [Ioc
1678 1164 1852 1208 autem
1904 1155 2036 1207 dixit
2070 1154 2136 1208 de

551 1242 758 1312 Spiritu
777 1260 926 1314 quem
954 1244 1213 1313 accepturi
1245 1255 1390 1297 erant
1417 1245 1678 1298 credentes
1713 1246 1766 1298 in
1798 1261 1913 1299 eum
1949 1244 2132 1313 (Joan.

552 1350 652 1400 vn,
682 1333 796 1404 39).
845 1335 1015 1404 Aquae
1059 1335 1192 1388 viva:
1243 1333 1460 1388 ﬂumina
1481 1375 1496 1399 ,
1525 1335 1854 1408 evangelista
1883 1336 2134 1399 docente,

552 1423 957 1479 inundationem
979 1425 1205 1479 dicimus
1231 1424 1461 1494 Spiritus
1487 1427 1677 1491 sancti,
1708 1441 1813 1496 qua
1839 1426 1996 1480 docet
2021 1425 2137 1480 Sal-

550 1525 706 1572 vator
736 1518 788 1569 in
832 1530 891 1570 se
933 1515 1216 1570 credentes
1250 1517 1578 1587 irrigandos.
1629 1517 1784 1573 Unde
1828 1517 1993 1588 igitur
2039 1516 2136 1573 ﬁu-

552 1606 723 1671 mina,
761 1607 865 1660 nisi
897 1607 963 1660 de
995 1605 1097 1660 ﬁde
1117 1606 1318 1661 Chriin
1349 1609 1662 1662 manantia?
1694 1609 1759 1662 Et
1795 1609 1938 1664 unde
1976 1609 2129 1672 ﬁdes,

553 1696 656 1750 nisi
682 1710 750 1751 ex
777 1695 976 1751 Christi
1017 1698 1306 1752 doctrina?
1336 1697 1800 1764 Quemadmodum
1849 1700 2012 1770 igitur
2039 1700 2134 1754 do-

2237 537 2284 582 ει
2324 529 2427 582 rita
2470 542 2589 621 sunt
2631 531 2813 602 (Joan.
2846 551 2923 603 γι,
2954 539 3066 611 64).
3130 543 3281 599 Unde
3331 548 3494 617 igitur
3531 529 3822 621 procedunt

2239 618 2422 680 verba,
2463 619 2569 674 nisi
2608 625 2804 678 mentis
2833 627 2901 681 ab
2931 627 3158 686 intimo?
3197 633 3367 711 Igitur
3396 618 3559 695 verba
3601 659 3722 712 quae
3746 647 3820 700 lo-

2235 704 2422 774 quitur
2445 706 2694 767 Christus
2741 713 2978 784 Spiritus
3004 729 3058 775 et
3090 724 3194 777 vita
3239 708 3382 793 sunt,
3415 731 3540 800 quia
3569 704 3822 803 Spiritus,

2240 798 2332 865 qui
2365 799 2431 854 de
2459 803 2622 858 corde
2649 804 2848 862 Christi
2877 815 3142 880 procedit,
3176 818 3280 872 vita
3317 798 3568 879 est.—Non
3599 798 3742 897 quod
3771 798 3820 886 in

2239 885 2529 945 Divinitate
2573 909 2670 949 cor
2711 891 2799 960 sit,
2845 903 3024 957 carnis
3071 906 3319 965 videlicet
3368 885 3676 984 particula;
3729 926 3818 978 sed

2236 979 2380 1048 quod
2411 981 2502 1036 tali
2529 987 2790 1043 vocabulo
2821 991 2990 1046 voluit
3021 995 3297 1056 interioris
3323 979 3642 1062 substantia:
3664 979 3819 1066 mon-

2235 1079 2414 1139 strare
2455 1088 2876 1147 sacramentum,
2921 1085 2986 1138 de
3017 1101 3124 1157 quo
3161 1091 3293 1146 dicit
3324 1099 3622 1164 procedere
3655 1100 3821 1172 Spiri-

2241 1167 2350 1252 t_um
2378 1163 2469 1231 qui
2518 1166 2627 1219 vita
2673 1178 2773 1222 est.
2806 1170 2951 1241 Ergo
2981 1180 3226 1245 procedit
3267 1163 3502 1252 spiritus
3535 1163 3764 1247 sanctus
3791 1209 3818 1247 a

2236 1250 2408 1314 Filio,
2459 1264 2516 1310 et
2566 1268 2652 1314 est
2701 1262 2864 1317 unius
2919 1265 3274 1341 ejusdemque
3306 1250 3650 1338 substantia:
3701 1299 3822 1341 cum

2238 1343 2394 1401 Filio.

2847 1485 3076 1546 CAPUT
3113 1491 3200 1548 IV.

2239 1613 2555 1673 Testimonia
2575 1621 2917 1692 proferuntur
2929 1643 2994 1681 ea:
3007 1627 3290 1701 Evangelia
3303 1644 3350 1688 et
3366 1633 3618 1706 Epistolis
3637 1640 3818 1698 Pauli.

2307 1707 2362 1761 ln
2387 1709 2676 1780 Evangelio
2697 1713 2855 1770 Lucae
2877 1718 2955 1773 sic
2974 1719 3200 1790 legitur:
3218 1724 3284 1777 Et
3311 1742 3545 1796 egressus
3571 1743 3648 1786 est
3675 1733 3821 1792 Chri-

551 1787 724 1841 ctrina
748 1787 948 1842 Christi
979 1789 1046 1842 de
1076 1787 1324 1853 Christo,
1359 1800 1414 1842 et
1440 1790 1574 1844 ﬁdes
1601 1790 1742 1845 illius
1769 1792 2033 1847 doctrina:
2062 1792 2128 1847 de
2158 1799 2204 1857 B
2232 1804 2342 1851 stus
2373 1798 2428 1851 in
2462 1800 2645 1854 virtute
2677 1803 2906 1874 Spiritus
2934 1810 2988 1862 in
3017 1787 3301 1868 Calilaeam
3329 1787 3482 1886 ('Lue.
3514 1823 3718 1895 ιν,14).

549 1875 766 1932 Christo
796 1893 809 1930 :
838 1877 916 1932 sic
941 1875 1155 1931 ﬁutnina
1187 1894 1339 1947 aqua:
1362 1880 1514 1944 vivaa,
1546 1880 1597 1933 id
1629 1889 1712 1934 est
1737 1880 1970 1951 Spiritus
2003 1897 2128 1935 san-

552 1976 673 2021 ctus
692 1968 933 2038 procedit
973 1983 1001 2021 a
1037 1967 1252 2022 Christo
1281 1987 1293 2022 :
1325 1969 1572 2024 Christus
1602 1986 1833 2040 namque
1874 1981 1928 2026 et
1967 1973 2130 2027 homo

551 2054 842 2126 perfectus,
865 2065 918 2108 et
947 2056 1086 2110 Deus
1109 2055 1399 2125 perfectus.
1431 2058 1506 2112 Ex
1535 2074 1642 2128 quo
1662 2057 1934 2128 perlectus
1964 2059 2126 2124 Deus,

553 2144 814 2216 Spiritum
838 2158 1084 2201 sanetum
1109 2148 1163 2200 in
1193 2163 1251 2202 se
1280 2149 1651 2214 credentibus,
1683 2151 1773 2218 qui
1805 2166 1833 2202 a
1860 2165 1918 2205 se
1945 2165 2131 2220 proce-

553 2237 655 2301 dit,
704 2237 946 2308 largitur,
984 2239 1246 2303 inl'undit;
1303 2239 1460 2310 cujus
1489 2241 1691 2297 ﬂuenta
1711 2242 1874 2298 corda
1905 2245 2132 2298 creden-

554 2329 685 2384 tium
709 2339 922 2384 teternae
950 2330 1072 2384 vita:
1099 2330 1334 2384 fontibus
1357 2331 1639 2386 inundant.

626 2421 981 2476 Samaritana:
1002 2438 1214 2491 quoque
1232 2423 1359 2476 dicit
1387 2437 1400 2475 :
1435 2423 1536 2488 Qui
1559 2425 1739 2478 biberit
1762 2442 1825 2479 ex
1849 2443 1984 2496 aqua
2009 2425 2144 2490 Imc,‘

551 2512 688 2566 sitiet
710 2513 895 2566 iterum
915 2529 933 2566 :
957 2514 1046 2582 qui
1068 2522 1240 2566 autem
1264 2513 1442 2566 biberit
1463 2531 1528 2567 ex
1542 2533 1678 2585 aqua
1700 2533 1854 2586 quant
1881 2533 1973 2585 ego
1998 2517 2132 2571 dabo

551 2603 623 2666 ei,
652 2619 756 2656 non
787 2602 922 2657 sitiet
956 2604 1010 2656 in
1032 2614 1301 2656 reternum.
1329 2601 1430 2657 Sed
1458 2622 1593 2674 aqua
1615 2621 1772 2675 quam
1795 2623 1886 2675 ego
1907 2607 2042 2659 dabo
2064 2607 2130 2669 ei,

557 2692 644 2756 ﬁet
669 2691 721 2745 in
743 2708 803 2744 eo
828 2692 946 2761 fons
971 2709 1121 2761 aqum
1141 2692 1376 2745 salientis
1404 2695 1457 2748 in
1498 2695 1654 2747 vitam
1676 2707 1924 2749 wternam
1951 2695 2132 2765 (Joan.

554 2798 628 2847 Iv,
659 2783 768 2852 l3).
800 2782 950 2850 Quod
981 2784 1103 2838 alibi
1133 2783 1353 2838 ﬁumina
1381 2785 1595 2840 dixerat
1624 2803 1778 2856 aqua:
1801 2788 1965 2852 vivae;
1993 2804 2135 2840 nunc

552 2873 786 2941 appellat
810 2873 1009 2927 fontem
1036 2891 1188 2943 aqua:
1218 2876 1464 2930 salientis
1491 2877 1544 2931 in
1567 2877 1730 2931 vitam
1757 2886 2046 2941 aeternam;
2078 2878 2131 2931 in

553 2974 779 3033 utroque
834 2965 1092 3036 Spiritum
1145 2979 1391 3022 sanctum
1444 2968 1630 3022 volens
1677 2969 1922 3039 intelligi,
1970 2984 2129 3038 quem

553 3054 992 3109 manifestissime
1041 3056 1171 3110 dicit
1208 3074 1238 3111 a
1284 3073 1343 3112 se
1385 3059 1499 3112 dari
1545 3074 1666 3112 cum
1703 3059 1832 3112 dicit
1873 3077 1895 3133 :_
1927 3061 2128 3129 Aquam

2234 1885 2513 1943 Salvatore
2538 1889 2749 1962 legitur,
2776 1897 2918 1964 quod
2942 1899 3017 1952 sit
3045 1901 3215 1957 virtus
3235 1903 3436 1971 Patris,
3462 1919 3517 1963 et
3539 1885 3687 1967 nunc
3711 1915 3824 1985 Spi-

2233 1978 2369 2034 ritus
2389 1981 2560 2037 virtus
2589 1986 2904 2055 appellatur.
2938 1989 3187 2062 Nunquid
3215 1996 3318 2052 alia
3351 1999 3522 2056 virtus
3547 1978 3820 2072 Christus,

2231 2077 2285 2122 et
2308 2069 2411 2124 alia
2433 2072 2601 2127 virtus
2625 2073 2883 2143 Spiritus?
2908 2079 3020 2135 Non
3050 2084 3236 2153 utique
3271 2105 3283 2140 :
3316 2087 3424 2144 Sed
3449 2100 3681 2162 uterque
3711 2069 3820 2150 vir;

2234 2169 2319 2214 tus
2343 2162 2559 2228 dicitur,
2597 2175 2655 2218 ut
2680 2183 2784 2221 una
2819 2171 3098 2243 utriusque
3133 2178 3432 2234 substantia
3465 2195 3818 2243 monstretur.

2233 2250 2370 2316 Quid
2390 2262 2662 2308 estautem
2680 2260 2821 2325 quod
2848 2262 2954 2316 ait:
2971 2263 3036 2318 In
3062 2267 3247 2321 virtute
3271 2269 3542 2338 Spiritus?
3566 2275 3820 2347 Nunquid

2233 2341 2491 2410 majorem
2509 2345 2676 2400 voluit
2694 2352 2979 2407 ostendere
2993 2353 3227 2424 Spiritus
3239 2364 3410 2416 sancti
3425 2364 3682 2421 virtutem
3699 2341 3819 2424 ilii

2236 2434 2471 2490 virtute?
2498 2436 2613 2492 Non
2628 2443 2866 2497 omnino.
2894 2444 3031 2512 Quid
3047 2458 3132 2503 est
3161 2467 3290 2524 ergo
3312 2456 3454 2524 quod
3471 2457 3547 2510 ait
3578 2473 3593 2513 :
3623 2459 3690 2514 In
3715 2463 3817 2515 eir-

2234 2533 2342 2578 tute
2389 2524 2661 2597 Spiritus?
2700 2531 2814 2587 Non
2866 2538 3011 2591 enim
3058 2551 3344 2601 externam
3385 2547 3603 2605 Christo
3653 2553 3821 2608 voluit

2236 2618 2523 2674 ostendere
2551 2620 2801 2678 virtutem
2822 2666 2836 2690 ,
2867 2637 2924 2682 et
2950 2630 3093 2686 velut
3121 2633 3336 2691 aliunde
3357 2653 3694 2707 concessam,
3725 2648 3817 2700 sed

2237 2711 2544 2775 propriam;
2577 2728 2695 2780 quae
2717 2731 2837 2770 cum
2864 2721 2934 2773 sit
2963 2720 3196 2791 Spiritus
3226 2730 3420 2793 sancti,
3455 2733 3528 2787 sit
3559 2736 3723 2790 etiam
3751 2739 3820 2792 si-

2237 2797 2344 2849 mul
2370 2810 2424 2852 et
2453 2800 2570 2855 Filii
2613 2811 2866 2874 tanquam
2901 2809 2953 2863 in
2987 2829 3093 2868 una
3125 2826 3317 2874 natura
3347 2837 3454 2876 non
3488 2823 3544 2878 in
3577 2829 3811 2881 essentia

2235 2887 2447 2944 diversa
2478 2900 2532 2945 et
2559 2897 2823 2953 manendo
2859 2901 3017 2958 simul
3048 2906 3102 2960 in
3137 2924 3242 2964 uno
3281 2911 3418 2967 alter
3451 2919 3715 2984 procedat
3742 2936 3808 2975 ex

2233 2976 2427 3044 altero,
2470 2979 2704 3051 Spiritus
2744 2988 2990 3046 videlicet
3013 3009 3232 3054 sanctus
3269 3016 3334 3055 ex
3377 2976 3550 3072 Filio;
3584 3019 3812 3078 uterque

2237 3082 2367 3122 vero
2397 3070 2463 3124 de
2489 3071 2649 3128 Patre
2688 3093 2700 3129 :
2739 3079 2832 3132 sed
2863 3081 3032 3138 Filius
3070 3092 3362 3158 nascendo,
3409 3070 3644 3165 Spiritus
3690 3070 3817 3156 vero

551 3163 706 3216 quam
735 3163 827 3217 ego
854 3147 988 3201 dabo
1019 3151 1083 3212 ei,
1123 3149 1211 3217 ﬁet
1250 3151 1302 3202 in
1343 3167 1400 3204 eo
1435 3150 1554 3218 [ous
1589 3167 1758 3220 aquu'.
1791 3151 1946 3218 Quod
1985 3151 2128 3204 enim
2161 3153 2204 3216 C
2237 3171 2459 3216 sanctus
2494 3168 2850 3233 procedendo.
2885 3172 3000 3230 Non
3033 3181 3175 3248 quod
3214 3147 3817 3259 alternisrtetltporibus

557 3236 641 3259 Α...
698 3250 757 3259 Α..
790 3235 1076 3259 ..ΑΜΑιζλιυι
1132 3237 1214 3259 Α--.
1249 3255 1260 3259 -
1299 3237 1384 3259 -I-.
1415 3248 1589 3259 -__.._.._
1629 3238 1824 3259 l‘---...__-
1861 3254 2006 3259 -..μμ
2052 3255 2099 3259 __
2259 3255 2271 3259 -
2336 3256 2351 3259 _

553 3236 666 3298 dat,
694 3250 760 3289 ex
790 3235 1081 3305 semetipso
1127 3237 1220 3291 dat
1248 3255 1262 3292 :
1295 3237 1388 3293 dat
1413 3248 1594 3292 autem
1627 3238 1828 3292 fontem
1857 3254 2010 3308 aquae
2049 3255 2132 3293 sa-

555 3324 735 3378 lientis
765 3324 818 3378 in
851 3325 1014 3379 vitam
1051 3336 1306 3382 attentam
1330 3368 1345 3392 ,
1385 3328 1437 3382 id
1478 3338 1560 3382 est
1598 3326 1857 3398 Spiritum
1888 3337 2136 3382 sanctum

555 3413 612 3466 in
668 3428 725 3467 se
784 3415 1131 3470 credentibus
1173 3417 1545 3488 copiosissime
1606 3419 1853 3490 largitur.
1908 3418 2139 3474 Demon-

555 3515 734 3562 strans
762 3523 792 3562 a
824 3523 882 3563 se
913 3511 1230 3578 procedere,
1266 3526 1425 3581 quem
1457 3527 1487 3565 a
1534 3526 1593 3566 se
1625 3511 1754 3566 dicit
1791 3513 2137 3568 credentibus

555 3598 766 3652 donarL

624 3687 930 3760 Resurgens
958 3705 989 3743 a
1019 3690 1249 3744 mortuis
1268 3698 1323 3744 ct
1350 3689 1625 3760 discipulis
1657 3689 1712 3744 in
1733 3689 1973 3744 conclavi
2000 3689 2143 3775 resi-_

555 3782 829 3846 dentibus,
867 3791 986 3850 post
1033 3783 1182 3851 pacis
1212 3783 1617 3848 salutationem,
1658 3792 1714 3836 et
1752 3791 1872 3853 post
1915 3782 2139 3836 manda-

557 3881 668 3926 tam
713 3873 862 3942 pacis
888 3873 1210 3942 legationem
1241 3893 1254 3927 :
1284 3873 1575 3946 Insuﬂlavit
1596 3916 1610 3939 ,
1639 3885 1692 3929 et
1718 3876 1845 3929 dicit
1873 3876 1952 3930 eis
1989 3890 2003 3928 :
2036 3880 2140 3928 Ac-

557 3962 710 4030 cipite
739 3961 995 4032 Spiritum
1027 3974 1268 4017 sanctum
1300 3964 1483 4037 (Joan.
1517 3982 1609 4030 xx,
1649 3967 1763 4037 22),
1810 3977 1865 4020 et
1912 3967 2137 4037 reliqua.

557 4051 697 4116 Quid
740 4053 882 4107 enim
929 4069 1026 4123 per
1057 4055 1490 4121 insulilationetn,
1544 4057 1648 4112 nisi
1691 4054 1925 4127 Spiritus
1970 4058 2142 4113 sancti

557 4141 957 4208 processiouem
988 4143 1291 4214 signiﬁcat?
1314 4145 1429 4199 Non
1463 4155 1519 4200 ut
1549 4146 1708 4201 natus
1731 4147 1822 4202 ille
1847 4163 2143 4218 corporeus

557 4249 624 4286 ex
655 4247 781 4287 aere
833 4243 1096 4304 sumptus,
1134 4245 1190 4289 et
1220 4237 1529 4306 pulmonum
1572 4239 1873 4294 ministerio
1900 4256 1997 4310 per
2032 4241 2144 4296 oris

557 4342 822 4398 organum
851 4327 1080 4394 eﬁusus,
1123 4329 1356 4402 Spiritus
1382 4335 1552 4389 sancti
1597 4334 1760 4388 fuerit
1789 4337 2089 4391 substantia
2120 4377 2136 4404 ,

563 4432 752 4472 verum
795 4419 888 4473 tali
914 4435 1012 4474 nos
1040 4423 1196 4476 modo
1223 4423 1390 4478 voluit
1423 4424 1653 4478 edocere
1673 4466 1686 4489 ,
1720 4424 1981 4495 Spiritum
2014 4443 2141 4481 san-

559 4518 706 4562 ctum
737 4525 802 4564 ex
829 4511 1008 4579 seipso
1037 4512 1348 4580 procedere,
1381 4522 1435 4568 et
1461 4514 1529 4567 de
1550 4515 1848 4568 substantia
1876 4515 1995 4569 Filii
2022 4514 2142 4586 Spi-
2171 4498 2221 4557 ι)

560 4599 697 4654 ritus
721 4615 936 4672 quoque
959 4603 1128 4658 sancti
1156 4605 1514 4660 substantiam
1536 4621 1778 4661 manare.
1809 4607 1959 4663 Sicut
1978 4607 2141 4663 Pater

561 4688 682 4742 Filii
715 4692 1050 4747 nativitatem
1091 4693 1156 4748 de
1193 4709 1289 4749 sua
1321 4697 1619 4750 substantia
1649 4697 1834 4752 volens
1860 4701 2141 4756 ostendere

561 4792 931 4853 propagatam,
965 4801 1028 4840 ac
1049 4802 1146 4855 per
1167 4787 1266 4840 hoc
1291 4787 1487 4842 Filium
1513 4789 1614 4844 sibi
1644 4787 1762 4844 fore
1785 4791 2141 4846 consubstan-

564 4871 778 4938 tialem,
809 4873 1051 4944 loquitur
1104 4877 1158 4930 in
1207 4877 1420 4932 Psalmo
1451 4881 1624 4935 eidem
1657 4881 1794 4936 Filio
1828 4900 1841 4936 :
1876 4880 1962 4937 Ex
1994 4894 2140 4938 utero

563 4971 683 5014 ante
704 4961 979 5032 luciferum
997 4967 1152 5034 genui
1173 4977 1221 5020 te
1248 4968 1421 5037 (Psal.
1453 4985 1564 5035 cur,
1595 4971 1672 5041 3).
1707 4971 1822 5026 Non
1852 4974 1996 5043 quod
2026 4985 2144 5028 ute-

566 5067 684 5107 rum
716 5053 858 5110 Deus
896 5055 1057 5114 Pater
1097 5060 1362 5126 habuerit,
1412 5063 1476 5116 de
1513 5080 1620 5131 quo
1647 5065 1840 5120 Filium
1879 5077 2004 5120 an'c
2044 5085 2143 5121 sa:-

565 5142 685 5196 cnla
716 5147 1000 5215 genuerit;
1032 5150 1125 5202 sed
1160 5165 1266 5219 quo
1293 5151 1608 5208 testiﬁcatus
1642 5155 1801 5210 fuerit
1828 5196 1841 5219 ,
1873 5158 2015 5225 quod
2053 5158 2141 5210 Fi-

565 5234 693 5288 lium
724 5250 829 5290 non
870 5236 936 5291 de
965 5230 1158 5304 nihilo,
1189 5257 1292 5294 non
1325 5241 1548 5298 alterius
1577 5245 1640 5299 de
1669 5246 1743 5299 rei
1770 5246 2147 5322 subsistentia,

566 5321 660 5374 sed
692 5324 906 5394 propria
934 5325 1000 5379 de
1028 5337 1220 5381 natttra
1255 5330 1661 5402 substantiaque
1689 5337 1952 5406 genuerit.
1978 5336 2067 5391 Sic
2091 5346 2146 5392 et

565 5412 735 5468 Filius
778 5414 1096 5471 iusuﬁlando
1122 5418 1258 5473 dans
1289 5419 1549 5491 Spiritum
1587 5437 1835 5481 sanctum
1865 5429 2143 5498 apostolis,

566 5506 804 5560 ostendit
841 5507 907 5561 de
937 5525 1032 5563 sua
1064 5511 1361 5568 substantia
1393 5518 1717 5585 procedere,
1749 5536 1910 5589 quem
1941 5521 2031 5576 tali
2065 5523 2145 5576 itt-

567 5597 872 5654 snlllatione
903 5603 1069 5660 voluit
1108 5605 1335 5661 donare.

641 5693 714 5746 De
745 5707 1084 5752 sacramento
1119 5702 1362 5777 Corporis
1399 5711 1450 5756 et
1490 5707 1766 5774 sanguinis
1796 5709 1876 5763 sui
1918 5709 2143 5780 loquens

2240 3255 2307 3350 de
2331 3256 2494 3315 Patre
2522 3265 2778 3331 procedat
2816 3271 2900 3325 vel
2939 3272 3092 3337 Filio,
3121 3279 3213 3334 sed
3240 3284 3380 3350 quod
3407 3286 3553 3342 nullo
3581 3255 3815 3346 interve-

2239 3347 2421 3404 niente
2449 3360 2690 3423 tempore
2717 3359 2784 3414 de
2809 3359 2972 3418 Patre
2991 3347 3442 3436 procedat—simul
3465 3388 3521 3431 et
3548 3379 3708 3436 Filio.

2310 3441 2504 3499 Beatus
2531 3446 2731 3506 Paulus
2759 3457 3032 3523 apostolus
3057 3463 3243 3518 scribit
3273 3467 3338 3520 ad
3368 3468 3584 3527 Galatas
3621 3489 3636 3527 :
3677 3474 3814 3540 Quo—

2241 3533 2383 3586 niam
2418 3539 2542 3592 estis
2566 3541 2668 3608 filii
2696 3543 2814 3609 Dei,
2841 3549 2980 3602 misit
3012 3551 3152 3606 Deus
3184 3555 3441 3628 Spiritum
3479 3561 3604 3616 Filii
3643 3533 3727 3620 εἷί
3762 3569 3813 3621 in

2240 3624 2401 3675 corda
2445 3639 2612 3683 vestra
2660 3632 2991 3702 clamantem,
3037 3624 3417 3711 AbbapPater
3463 3653 3604 3723 (Gal.
3639 3674 3712 3723 Iv,
3739 3660 3809 3719 6i.

2244 3713 2358 3769 Non
2399 3719 2476 3774 ait
2510 3739 2522 3773 :
2564 3721 2708 3778 Misit
2740 3726 2880 3783 Deus
2910 3731 3169 3797 Spiritum
3197 3755 3374 3796 suum.
3401 3713 3552 3809 Quod
3584 3748 3630 3801 si

2245 3812 2346 3869 ret,
2391 3823 2494 3861 non
2522 3813 2734 3879 penitus
2759 3818 3071 3876 excluderet
3107 3825 3337 3893 Filium;
3391 3835 3649 3900 quoniam
3677 3837 3833 3894 Deus

2242 3904 2326 3949 est
2375 3899 2542 3954 etiam
2586 3901 2775 3971 Filius,
2822 3913 3274 3977 quemadmodum
3309 3899 3468 3976 Pater
3522 3933 3608 3979 est
3657 3929 3813 3995 Deus,

2244 3999 2299 4041 et
2327 3997 2552 4060 uterque
2586 4010 2694 4050 non
2741 3997 2848 4053 duo
2895 4001 2991 4067 dii,
3030 4007 3124 4060 sed
3158 4024 3294 4065 unus
3341 4022 3423 4067 est
3455 4016 3597 4072 Deus
3629 4033 3644 4071 :
3681 4023 3816 4088 quod

2245 4080 2387 4134 enim
2412 4098 2640 4151 persona
2671 4100 2908 4158 separat,
2947 4095 3246 4154 substantia
3289 4103 3582 4176 conjungit.
3625 4080 3818 4163 Vo-lens

2245 4181 2424 4226 autem
2468 4189 2683 4230 onmem
2711 4180 2929 4237 auferre
2956 4189 3331 4256 qumstionem,
3363 4209 3648 4263 personam
3703 4199 3818 4254 Filii

2246 4260 2551 4329 specialiter
2579 4266 2732 4332 dixit,
2762 4271 2976 4328 misisse
3005 4276 3169 4332 Deum
3202 4260 3462 4349 Spiritum
3507 4286 3627 4342 Filii
3658 4292 3739 4344 sui
3770 4293 3820 4344 in

2246 4351 2406 4405 corda
2431 4365 2634 4410 nostra.
2662 4357 2798 4414 Num
2825 4362 2961 4418 alius
2983 4374 3068 4420 est
3090 4368 3323 4438 Spiritus
3351 4373 3491 4441 Filii,
3517 4392 3681 4446 quam
3705 4381 3822 4451 Spi-

2248 4441 2381 4496 ritus
2429 4443 2646 4501 Patris?
2691 4449 2843 4516 Quod
2865 4455 2910 4508 si
2939 4455 3080 4512 idem
3111 4469 3195 4515 est
3234 4461 3467 4531 Spiritus
3515 4441 3818 4535 amborum,

2247 4531 2490 4602 proiecto
2519 4540 2762 4606 procedit
2809 4540 2878 4595 ab
2904 4553 3164 4616 utroque;
3196 4567 3299 4606 non
3341 4556 3484 4609 enim
3515 4558 3596 4612 sic
3627 4531 3822 4615 dicitur

2247 4622 2480 4690 Spiritus
2501 4625 2624 4682 Filii
2667 4636 2927 4701 tanquam
2953 4636 3023 4690 sit
3052 4639 3231 4695 minor
3252 4641 3420 4709 Filio;
3447 4647 3562 4700 hoc'
3580 4650 3672 4718 qui
3703 4667 3821 4706 sen-

2248 4712 2336 4778 tit,
2365 4715 2445 4770 vel
2477 4716 2630 4784 dicit,
2670 4733 2883 4778 nonest
2911 4728 3231 4786 catholicus.
3275 4732 3389 4798 Qua
3419 4737 3486 4791 de
3517 4753 3574 4792 re
3598 4712 3710 4793 non
3741 4751 3820 4795 est

2248 4820 2414 4873 quare
2455 4809 2666 4864 dicatur
2711 4811 2946 4883 Spiritus
2998 4818 3138 4886 Filii,
3191 4823 3292 4876 nisi
3345 4827 3469 4894 quia
3522 4831 3818 4897 procedita

2253 4895 2420 4960 Filio;
2459 4901 2595 4954 sicut
2645 4903 2844 4958 dicitur
2873 4905 3108 4978 Spiritus
3150 4911 3347 4980 Patris,
3376 4918 3500 4985 quia
3523 4895 3768 4988 procedit
3791 4938 3817 4974 a

2251 4984 2425 5040 Patre.
3387 5001 3392 5006 ’

2320 5077 2397 5129 Ad
2431 5077 2800 5149 Philippenses
2833 5096 3012 5143 autem
3050 5094 3313 5160 scribens,
3341 5096 3479 5152 inter
3515 5109 3710 5154 cetera
3745 5105 3818 5156 sic.

2250 5165 2368 5217 ait:
2407 5165 2526 5220 Scio
2555 5173 2690 5225 enim
2729 5178 2853 5243 quia
2894 5179 2991 5232 hoc
3017 5182 3145 5235 mihi
3193 5187 3454 5252 proveniet
3506 5189 3559 5242 in
3597 5192 3817 5244 salutem

2247 5273 2340 5325 per
2361 5269 2581 5313 uestram
2604 5267 2910 5330 orationem,
2948 5281 2996 5323 et
3030 5273 3563 5332 subministrationem
3589 5279 3817 5350 Spiritus

2247 5346 2376 5401 Iesu
2412 5349 2606 5406 Christi
2648 5353 2868 5425 (Philip.
2900 5375 2939 5424 ι,
2968 5360 3073 5423 l9).
3105 5361 3260 5420 Jesus
3281 5367 3549 5434 Christus,
3599 5346 3741 5427 Deus
3768 5382 3822 5426 et

2253 5441 2431 5496 homo.
2463 5443 2711 5515 Kunquid
2735 5450 2800 5503 de
2827 5452 3064 5507 humano
3089 5457 3279 5524 spiritu
3321 5459 3645 5529 loquebatur
3671 5463 3816 5534 Apo-

2249 5532 2438 5598 stolus,
2477 5537 2589 5590 haec
2620 5542 2833 5606 quando
2857 5543 3103 5600 dicebat?
3139 5547 3193 5601 In
3225 5565 3385 5605 cruce
3413 5567 3646 5622 namque
3667 5551 3820 5608 Jesus

2249 5623 2496 5680 Christus
2539 5628 2829 5684 hutnanum
2874 5635 3051 5701 posuit
3082 5639 3353 5706 spiritum,
3385 5644 3714 5711 evangelista
3748 5655 3819 5698 te-

2250 5725 2446 5780 stante,
2489 5720 2578 5788 qui
2624 5721 2687 5775 de
2712 5723 2800 5775 illo
2842 5726 2968 5778 dicit
3006 5746 3016 5778 :
3048 5727 3110 5782 l-It
3136 5731 3383 5784 inclinato
3409 5737 3578 5802 capite
3605 5735 3820 5787 tradidit
