4026 6346
1073 344 1350 402 CONTRA
1387 342 1796 404 GRAECORUM
1834 339 2190 399 OPPOSITA.
2226 372 2295 383 —
2330 337 2457 395 LIB.
2499 338 2540 394 l.

3335 338 3442 394 εδι

186 465 439 538 Spiritum
461 463 645 534 (loan.
676 478 789 528 ιιι,
813 461 925 533 30).
958 462 1026 519 Et
1046 463 1113 519 de
1134 478 1241 534 quo
1270 464 1580 519 dicitetiam
1605 463 1751 534 ipse:
1783 462 1834 522 Α
1857 474 2018 522 supra
2066 457 2298 528 singulos
2320 473 2502 512 eorum
2534 470 2551 508 :
2591 465 2638 511 et
2671 454 2847 521 repleti
2867 444 2991 509 sunt
3013 471 3189 510 omnes
3236 454 3442 523 Spiritu

184 558 503 613 Potestatem
537 555 700 611 habeo
730 555 955 626 ponendi
1000 556 1232 610 animam
1264 572 1450 619 meam,
1480 566 1527 610 et
1575 557 1764 609 iterum

182 648 420 705 sumendi
461 663 576 703 eam
623 646 809 718 (Joan.
854 661 923 712 x,
969 646 1081 712 18).
1124 646 1388 704 Istevero
1414 646 1668 717 Spiritus,
1699 648 1765 703 de

181 757 283 811 quo
312 754 462 795 nunc
499 738 738 810 loquitur
764 738 1056 810 Apostolus
1101 738 1155 812 (I
1207 739 1329 794 Cor.
1362 755 1460 805 xu,
1491 740 1637 813 etc.),
1667 756 1767 811 per

180 830 334 899 cujus
371 829 935 887 subministrationem
963 837 1113 885 certa
1141 845 1237 902 spe
1259 830 1500 896 conﬁdit,
1526 833 1671 902 quod
1710 833 1765 888 in

180 923 325 979 nullo
378 938 547 995 super
598 921 803 977 Christi
852 921 1322 979 administratione
1381 922 1762 991 confundetur,

180 1014 320 1070 Deus
345 1021 431 1069 est
460 1031 476 1069 :
506 1013 599 1083 qui
624 1014 789 1068 etiam
834 1011 1071 1083 Spiritus
1090 1023 1310 1070 sanctus
1342 1013 1664 1085 appellatur,
1695 1015 1766 1070 ad

179 1107 583 1162 distinctionem
634 1106 814 1161 Patris
839 1114 895 1161 et
919 1105 1073 1172 Filii;
1113 1107 1179 1162 de
1210 1122 1315 1177 quo
1350 1115 1580 1163 testatur
1622 1107 1767 1179 Apo-

179 1199 371 1261 stolus,
415 1198 560 1269 quod
610 1197 906 1255 divisiones
934 1198 1232 1269 gratiarum
1273 1199 1388 1268 ipse
1439 1199 1764 1269 distribuat,

178 1290 263 1361 qui
287 1288 756 1359 operaturpmnia
781 1296 941 1359 prout
967 1287 1099 1343 vult.
1128 1287 1226 1345 Hic
1255 1304 1386 1360 ergo
1413 1287 1652 1360 Spiritus
1680 1299 1767 1347 est

177 1379 403 1443 Christi,
433 1393 543 1434 non
570 1376 907 1446 subiectione
951 1377 1158 1445 servili,
1188 1377 1283 1434 sed
1319 1380 1666 1450 processione
1688 1380 1769 1435 di-

178 1467 336 1534 vina,
367 1467 539 1534 Patri,
568 1465 813 1538 Filioque
846 1468 901 1522 in
923 1477 1139 1535 natura,
1168 1468 1222 1524 in
1252 1469 1558 1539 maiestate,
1592 1469 1647 1525 in
1678 1470 1764 1526 di-

110 1620 119 1630 ,
176 1560 390 1631 gnitate
419 1558 667 1629 aequalis.

175 1717 184 1729 ,
241 1650 460 1708 Scribit
500 1659 724 1708 sanctus
769 1651 945 1709 Lucas
978 1653 1034 1708 in
1082 1651 1307 1710 Actibus
1355 1655 1760 1728 apostolorum:

174 1741 307 1798 Cum
330 1744 593 1798 venissent
623 1751 798 1797 autem
822 1744 880 1798 in
903 1741 1154 1814 Mysiam,
1179 1745 1447 1801 tentabant
1474 1747 1551 1802 ire
1578 1747 1766 1819 Bithy-

1864 560 2069 615 sancto,
2090 561 2137 604 et
2169 563 2423 621 creperum
2449 550 2590 622 loqui
2609 550 2765 605 variis
2786 549 2999 619 linguis,
3029 559 3182 620 prout
3211 547 3441 620 Spiritus

1865 653 2075 696 sanctus
2105 642 2262 696 dabat
2290 642 2459 710 eloqui
2488 641 2592 696 illis
2623 642 2760 713 (Act.
2792 659 2850 708 ιι,
2884 642 3026 712 1-4).
3060 642 3125 696 Ει
3162 643 3215 697 in
3244 658 3439 698 conse-

1864 736 2154 805 quentibus
2178 754 2192 790 :
2219 735 2285 789 Et
2300 738 2396 789 erit
2419 737 2473 789 in
2489 737 2778 791 novissimis
2800 737 3003 800 diebus,
3020 737 3145 790 dicit
3165 736 3442 804 Dominus,

1864 827 2133 897 effundam
2157 826 2222 882 de
2251 825 2453 898 Spiritu
2480 843 2591 880 meo
2606 844 2761 897 super
2790 844 2991 882 onmem
3012 844 3241 892 carnem,
3260 837 3308 882 et
3326 844 3448 897 pro—
3487 885 3498 895 _

1863 918 2143 989 phetabunt
2155 917 2255 987 lilii
2270 917 2423 973 vestri
2435 917 2579 990 (Ibid
2586 918 2739 989 .,i7);
2754 927 2809 973 et
2822 918 3120 989 reliqua.Et
3134 920 3291 991 paulo
3302 930 3446 989 post:

1866 1008 1935 1063 Et
1955 1010 2162 1081 quidem
2185 1027 2339 1079 super
2360 1028 2532 1065 servos
2553 1028 2691 1066 meos
2715 1020 2761 1066 et
2789 1028 2943 1083 super
2970 1012 3190 1067 ancillas
3218 1030 3363 1068 meas
3393 1015 3449 1067 in

1865 1101 2048 1156 diebus
2067 1102 2175 1157 illis
2194 1088 2465 1171 effundam
2494 1104 2559 1158 de
2592 1102 2796 1175 Spiritu
2827 1121 2959 1167 meo,
2997 1117 3042 1158 et
3067 1105 3448 1174 prophetabunt

1867 1196 2058 1269 (Ibid.,
2075 1199 2183 1271 l8).
2199 1198 2313 1256 Hoc
2327 1207 2499 1255 totum
2513 1200 2792 1270 posuimus
2807 1208 2864 1253 ut
2879 1201 3035 1254 beato
3049 1199 3212 1255 Petro
3226 1200 3453 1255 docente

1866 1303 2219 1345 nosceremus
2268 1289 2531 1361 Spiritum
2585 1298 2831 1345 sanctum
2862 1287 3089 1345 eﬂ‘usum
3131 1304 3293 1360 super
3321 1305 3452 1359 apo~

1868 1379 2057 1447 stolos,
2107 1388 2164 1435 et
2210 1380 2448 1451 reliquos
2498 1381 2801 1445 credentes,
2851 1380 2955 1455 qui
2979 1379 3184 1449 pariter
3236 1378 3454 1434 fuerant

1867 1471 2182 1542 congregati
2232 1470 2319 1526 die
2362 1470 2744 1536 Pentecostes,
2793 1471 2862 1526 ab
2908 1469 3057 1525 Jesu.
3116 1470 3268 1525 Unde
3327 1470 3458 1525 scri-

1868 1568 2019 1630 ptum
2047 1570 2132 1618 est
2160 1578 2174 1615 :
2208 1560 2364 1616 Hunc
2388 1561 2573 1617 Iesum
2596 1562 2924 1617 resuscitavit
2962 1562 3124 1627 Deus,
3153 1563 3239 1616 cui
3275 1579 3454 1616 omnes

1869 1669 1963 1709 nos
1990 1662 2141 1709 testes
2169 1672 2352 1710 sumus
2389 1654 2574 1727 (Ibid.,
2621 1655 2749 1726 52).
2793 1656 2994 1711 Deinde
3038 1655 3218 1711 intulit
3258 1674 3271 1710 :
3311 1656 3454 1709 Dea:-

1869 1756 1981 1802 tera
2010 1749 2174 1819 igitur
2202 1748 2299 1804 Dei
2325 1749 2586 1804 exaltatus
2608 1750 2791 1819 e/fudit
2821 1749 2979 1812 ltttnc,
3009 1749 3062 1803 id
3084 1758 3167 1803 est
3191 1749 3452 1818 Spiritum

176 1834 343 1899 niam,
385 1843 434 1888 et
458 1850 561 1889 non
586 1834 819 1903 permisit
849 1850 935 1889 eos
959 1833 1190 1906 Spiritus
1214 1835 1344 1892 Iesu
1375 1837 1511 1906 (Act.
1544 1856 1654 1905 xvt,
1684 1840 1759 1913 7).
1791 1833 1842 1895 Β
1871 1848 2152 1907 sanctum,
2195 1841 2449 1897 nimirum
2486 1840 2664 1907 Jesus,
2710 1858 2863 1912 quem
2914 1840 3054 1894 Deus
3106 1840 3454 1905 resuscitavit,

175 1929 379 2001 Dequo
400 1929 608 2002 Spiritu
631 1930 801 1997 dicat,
826 1932 1077 2003 superius
1098 1942 1302 1998 narrat,
1328 1933 1516 1989 dicens
1540 1933 1769 1990 :Trans-

174 2031 358 2076 euntes
398 2031 576 2076 autem
604 2018 895 2093 Phrygiam
935 2031 985 2076 et
1022 2020 1249 2078 Galatia:
1309 2023 1591 2095 regionem,
1628 2024 1769 2080 vetiti

174 2121 291 2167 sunt
312 2121 556 2167 asancto
568 2110 768 2182 Spiritu
794 2111 937 2184 loqui
969 2113 1179 2169 verbum
1214 2114 1269 2169 in
1309 2115 1435 2169 Asia
1467 2113 1658 2186 (Ibid.,
1688 2113 1765 2186 6).

179 2197 354 2267 Quem
411 2200 629 2257 dixerat
677 2201 928 2272 superius
968 2210 1212 2258 sanctum
1246 2203 1532 2274 Spiritum,
1592 2204 1768 2275 ipsum

173 2299 367 2360 postea
394 2288 538 2346 dixit
583 2290 846 2362 Spiritum
883 2291 1033 2359 Jesu,
1066 2291 1353 2351 manifeste
1399 2295 1620 2366 signans
1661 2312 1769 2353 non

176 2380 345 2437 alium
370 2396 494 2438 esse
521 2381 784 2453 Spiritum
820 2381 947 2439 Jesu
979 2400 1141 2455 quam
1172 2384 1433 2456 Spiritum
1491 2397 1765 2444 sanctum.

176 2469 283 2528 Cur
334 2479 522 2527 autem
571 2471 786 2528 dicatur
835 2472 1073 2545 Spiritus
1103 2473 1258 2538 Jesu,
1316 2475 1630 2547 frequenter
1685 2488 1771 2535 est

176 2564 406 2630 dictum,
433 2563 692 2634 quoniam
714 2565 960 2634 procedit
986 2583 1016 2621 a
1044 2566 1193 2623 Jesu.
1228 2567 1343 2623 Non
1366 2583 1433 2624 ex
1461 2584 1525 2624 ea
1570 2578 1769 2625 natura

176 2670 281 2726 qna
311 2654 498 2712 factus
538 2663 625 2711 est
650 2656 1073 2713 misericorditer
1104 2660 1286 2726 homo,
1314 2660 1414 2716 sed
1453 2675 1521 2716 ex
1549 2675 1616 2717 ea
1660 2677 1768 2733 qua

176 2756 345 2803 natus
372 2747 443 2803 de
468 2747 630 2803 Patre
651 2747 877 2820 aequalis
904 2756 991 2808 est
1021 2748 1190 2805 Patri.

182 2886 186 2891 .
246 2838 388 2894 Item
418 2837 659 2908 loquitur
680 2838 749 2894 ad
779 2837 960 2894 Titum
988 2856 1003 2893 :
1036 2839 1335 2895 Secundum
1384 2858 1539 2896 suam
1566 2843 1800 2898 miseri--

180 2929 425 2985 sordium
449 2929 623 2985 salvos
650 2945 744 2987 nos
776 2929 901 3000 fecit
921 2947 1014 3002 per
1040 2930 1309 2986 lavacrum
1339 2934 1771 3004 regenerationis,

180 3030 229 3076 et
259 3021 615 3077 renovationis
666 3019 899 3093 Spiritus
938 3022 1130 3088 sancti,
1177 3038 1331 3094 quem
1368 3023 1554 3093 e/fudit
1580 3023 1637 3076 in
1680 3040 1774 3080 nos

178 3113 397 3169 abunde
444 3129 538 3184 per
574 3111 760 3169 Iesum
823 3112 1091 3168 Christum
1145 3112 1474 3169 Salvatorem
1538 3124 1773 3170 nostrum
1880 3154 1883 3159 »

181 3204 317 3276 (Tit.
344 3219 428 3268 ιιι,
467 3203 547 3277 5).
576 3203 1041 3273 Quemadmodum
1069 3202 1256 3261 etfudit
1284 3220 1382 3276 per
1405 3202 1590 3261 Jesum
1618 3204 1776 3261 Chri—
1804 3197 1851 3261 C

180 3305 333 3355 stum
382 3297 649 3370 Spiritum
691 3299 979 3355 sanctum?
1021 3298 1264 3370 nunquid
1319 3298 1468 3356 velut
1509 3300 1777 3356 minorem

184 3405 286 3462 per
308 3387 610 3458 maiorem?
632 3388 749 3447 Hoc
771 3389 959 3445 Ariani
989 3389 1273 3446 voluerunt
1304 3408 1318 3445 :
1342 3391 1437 3447 sed
1457 3390 1680 3447 Patrem
1701 3392 1780 3447 di-
1880 3410 1885 3417 ·

185 3481 265 3536 cit
281 3479 546 3537 eﬂudisse
572 3480 836 3552 Spiritum
866 3490 1116 3537 sanctum
1142 3495 1243 3552 per
1264 3479 1450 3539 Jesum
1477 3482 1777 3549 Christum,

185 3578 249 3626 ut
294 3570 612 3628 ostenderet
655 3569 978 3627 en‘usionem
1008 3569 1246 3643 Spiritus
1287 3572 1464 3628 sancti
1492 3571 1692 3628 factam
1712 3587 1782 3628 ex

186 3657 319 3718 Jan
348 3660 590 3728 Christo,
624 3676 734 3717 non
765 3669 1024 3731 tanquam
1064 3661 1281 3718 aliunde
1318 3662 1655 3732 accipiendo,
1686 3662 1783 3719 sed

184 3768 312 3811 eam
334 3769 408 3811 ex
437 3754 620 3826 seipse
662 3753 930 3810 mittendo
971 3770 985 3807 :
1018 3767 1196 3826 neque
1221 3753 1366 3810 enim
1402 3753 1575 3809 voluit
1602 3753 1785 3809 dicere

186 3858 251 3906 ut
267 3848 435 3905 Pater
455 3847 721 3920 Spiritum
748 3856 997 3905 sanctum
1018 3847 1272 3904 eﬂ'uderit
1288 3863 1386 3921 per
1412 3847 1597 3905 Iesum
1623 3847 1785 3905 Chri-

185 3950 364 4007 stum,
395 3948 658 4012 tanquam
693 3941 740 3996 si
781 3955 881 4012 per
917 3940 1155 3997 ﬁstulam
1185 3940 1494 3997 effundatur
1539 3958 1700 4012 aqua,
1727 3951 1785 3998 ut

187 4033 330 4089 nihil
355 4033 409 4088 in
436 4033 543 4088 hac
564 4031 830 4090 effusione
857 4031 1025 4089 fuerit
1051 4032 1200 4100 Filii,
1231 4043 1592 4106 prmterquam
1626 4035 1785 4089 mini-

184 4126 424 4180 sterium
476 4123 559 4179 vel
587 4124 907 4191 evectionis,
943 4123 1030 4179 vel
1058 4124 1416 4180 transitionis.
1450 4123 1565 4180 Hoc
1600 4124 1788 4195 itaque

187 4220 402 4276 wntire
448 4218 747 4291 impietatis
770 4227 874 4275 est.
901 4218 1103 4275 Verum
1126 4217 1316 4275 eﬂ‘udit
1335 4216 1501 4273 Pater
1525 4218 1786 4290 Spiritum

185 4323 449 4369 sanctum
472 4312 529 4368 in
554 4326 656 4368 nos
675 4311 889 4369 abunde
908 4325 1008 4382 per
1027 4309 1213 4367 Jesum
1237 4309 1515 4367 Christum
1544 4308 1792 4367 Salvato-

186 4419 315 4460 rem
336 4410 612 4471 nostrum,
642 4403 770 4473 quia
788 4400 1037 4473 procedit
1056 4409 1112 4457 et
1135 4415 1166 4455 a
1196 4399 1356 4467 Filio,
1388 4400 1529 4456 sicut
1544 4399 1793 4470 procedit

1870 1947 2023 2001 quem
2071 1931 2272 1986 vidistis
2315 1942 2362 1986 et
2412 1933 2635 1986 audistis
2691 1932 2886 2003 (lbid.,
2949 1931 3073 2004 33).
3130 1932 3354 1988 Vidistis
3401 1933 3452 1987 in

1871 2022 2044 2093 igneis
2065 2022 2283 2093 linguis,
2314 2024 2538 2078 audistis
2567 2023 2621 2077 in
2662 2022 2966 2094 linguarum
2989 2022 3252 2078 varietate
3272 2041 3291 2076 ς
3329 2037 3453 2077 nam

1873 2113 2107 2184 Spiritus
2132 2124 2353 2170 sanctus
2382 2114 2435 2168 in
2458 2114 2674 2185 propria
2704 2125 2897 2169 natura
2924 2130 3026 2170 nec
3052 2116 3223 2171 videri
3265 2130 3458 2185 corpo-

1871 2219 1965 2260 rea
1995 2206 2202 2262 visione
2223 2247 2238 2271 ,
2271 2222 2372 2262 nec
2404 2207 2578 2261 audiri
2612 2216 2791 2277 potest
2819 2208 3005 2263 auditu
3034 2223 3328 2280 corporeo,
3363 2208 3458 2263 sed

1871 2299 2166 2369 assumpsit
2213 2299 2459 2355 habitum
2488 2339 2503 2365 ,
2552 2298 2695 2370 ignis
2719 2300 2954 2369 speciem
3001 2302 3102 2355 sub
3150 2299 3459 2369 linguarum

1871 2390 2129 2460 imagine,
2158 2406 2266 2462 quo
2295 2399 2479 2461 posset
2514 2391 2735 2455 intueri,
2763 2400 2817 2445 et
2841 2390 3229 2460 discipulorum
3258 2390 3464 2460 potitus

1873 2489 1960 2537 est
1986 2482 2236 2548 vocibus,
2282 2497 2390 2552 quo
2442 2492 2628 2554 posset
2677 2482 2875 2537 audiri.
2911 2481 3063 2549 Quod
3111 2491 3291 2537 autem
3336 2482 3460 2537 ait:

1875 2572 2232 2630 Promissione
2260 2574 2491 2646 Spiritus
2517 2577 2686 2631 sancti
2711 2587 2923 2647 accepta
2953 2594 2986 2631 a
3023 2575 3182 2630 Patre
3210 2575 3468 2634 effudisse

1874 2668 2019 2722 hunc
2062 2665 2323 2738 Spiritum
2355 2708 2371 2733 ,
2420 2683 2527 2723 non
2570 2668 2916 2734 Divinitatis,
2970 2670 3063 2725 sed
3109 2667 3466 2728 humanitatis

1875 2758 2224 2814 commendat
2265 2759 2515 2827 gratiam.
2575 2757 2710 2813 Nam
2762 2760 3061 2815 secundum
3116 2759 3464 2817 Divinitatem

1876 2861 1985 2901 non
2016 2847 2225 2917 accepit
2262 2848 2737 2918 repromissionem
2762 2890 2776 2915 ,
2833 2851 3087 2920 quoniam
3126 2852 3307 2907 omnia
3346 2868 3469 2925 qua:
3569 2889 3575 2895 ε

1878 2938 2043 2994 habet
2071 2938 2234 2993 Pater
2262 2955 2356 2995 sua
2387 2949 2531 3006 sunt,
2566 2956 2671 2996 non
2717 2942 3090 3013 temporaliter
3126 2944 3466 3016 accipiendo,

1881 3031 1977 3088 sed
2002 3032 2329 3088 mternaliter
2348 3032 2617 3089 habendo.

2504 3164 2732 3222 CAPUT
2772 3164 2831 3221 V.

1883 3276 2024 3344 Quid
2054 3279 2121 3332 sit
2155 3277 2342 3347 e/fusio
2380 3277 2546 3333 sancti
2588 3276 2836 3348 Spiritus.
2880 3276 2985 3345 Qui
3020 3279 3187 3350 spirat
3236 3276 3468 3351 Spiritus

2559 3357 2794 3404 εαηειαε.

1953 3460 2018 3515 Et
2053 3476 2431 3531 comparemus
2469 3462 2554 3518 his
2597 3463 2745 3518 Pauli
2792 3464 3113 3519 sententiam
3154 3479 3316 3535 supra
3349 3462 3465 3535 jam

1883 3556 2135 3627 positam,
2160 3571 2266 3626 qua
2295 3555 2430 3611 dixit
2456 3555 2681 3626 loquens
2695 3557 2762 3611 ad
2792 3554 2994 3621 Titum,
3018 3557 3084 3612 de
3109 3555 3313 3626 Spiritu
3342 3572 3468 3613 san-

1885 3653 1997 3711 cto,
2025 3660 2176 3715 quem
2211 3645 2396 3715 eﬂ'udit
2432 3645 2489 3700 in
2522 3661 2615 3699 nos
2643 3644 2850 3700 abunde
2869 3662 2962 3716 per
2985 3643 3171 3700 Iesum
3199 3643 3466 3701 Christum

1886 3736 2216 3795 Salvatorem
2257 3749 2489 3794 nostrum
2550 3736 2677 3810 (Tit.
2724 3754 2808 3803 ιιι,
2853 3737 2932 3811 6).
2991 3737 3192 3795 Paulus
3240 3747 3471 3795 testatur

1886 3830 2031 3902 quod
2072 3830 2234 3887 Pater
2263 3830 2513 3887 effuderit
2557 3829 2822 3902 Spiritum
2869 3840 3119 3887 sanctum
3150 3846 3247 3902 per
3282 3829 3466 3887 Jesum

1887 3924 2163 3981 Christum
2209 3924 2546 3982 Salvatorem
2590 3934 2860 3983 nostrum.
2904 3924 3097 3981 Petrus
3140 3941 3271 3981 vero
3313 3925 3470 3991 dicit,

1888 4018 2032 4087 quod
2066 4016 2223 4073 Jesus
2259 4016 2510 4073 effuderit
2561 4018 2706 4074 hunc
2755 4018 3001 4074 eumdem
3045 4018 3306 4089 Spiritum
3345 4033 3470 4074 san-

1890 4119 2038 4166 ctum
2066 4124 2353 4182 resurgens
2390 4125 2420 4164 a
2465 4111 2712 4166 mortuis.
2744 4109 2950 4177 Quibus
2987 4111 3248 4166 docemur
3283 4118 3339 4164 et
3376 4109 3475 4165 Pa-

1891 4213 2033 4282 trem
2060 4220 2184 4260 eum
2208 4200 2482 4259 eﬂ‘undere
2508 4213 2563 4257 et
2588 4201 2772 4259 Jesum
2794 4202 3091 4269 Christum,
3115 4211 3174 4257 ut
3201 4203 3476 4259 discamus

1893 4301 1963 4356 ab
1984 4310 2213 4370 utroque
2240 4298 2533 4370 procedere
2554 4296 2818 4369 Spiritum
2841 4307 3114 4362 sanctum,
3140 4311 3300 4367 quem
3329 4305 3475 4350 uter-

1893 4408 2001 4465 que
2043 4391 2269 4447 etfundit
2304 4408 2318 4444 :
2360 4405 2537 4460 neque
2568 4390 2712 4444 enim
2753 4390 2993 4462 cogitare
3039 4389 3297 4444 debemus
3338 4388 3476 4443 hanc

185 4513 221 4553 ει
250 4497 422 4554 Patre
472 4515 487 4553 :
528 4506 586 4552 et
612 4496 843 4553 dicendo
868 4494 1057 4551 effudit
1100 4509 1199 4566 per
1220 4493 1438 4561 Filium,
1465 4495 1793 4551 monstravit
1819 4555 1863 4566 _
1895 4481 2208 4540 effusionem
2248 4482 2473 4538 localem
2522 4481 2820 4545 exstitisse,
2850 4488 2912 4535 ut
2947 4480 3014 4535 tle
3053 4479 3214 4535 Patre
3252 4493 3477 4534 manans

185 4588 605 4659 processionem
627 4586 748 4657 ejus
769 4601 799 4641 a
839 4584 995 4651 Filio,
1026 4555 1127 4640 nec
1150 4592 1333 4639 tamen
1362 4555 1584 4655 negavit
1603 4598 1728 4640 eum
1756 4576 1789 4639 a
1819 4555 1872 4618 Ῑ)
1895 4576 2143 4634 localiter
2167 4576 2441 4632 transierit
2468 4576 2535 4630 ad
2565 4575 2842 4631 Christum
2870 4583 3124 4645 tauquam
3151 4573 3366 4628 Patrem
3394 4588 3481 4628 reo

185 4681 363 4740 Patre
386 4682 714 4755 procedere;
740 4683 869 4754 quia
898 4698 1021 4739 eum
1047 4682 1291 4755 procedit
1311 4697 1343 4738 a
1364 4681 1524 4748 Filio,
1546 4681 1793 4754 procedit

186 4785 250 4833 et
278 4792 318 4832 a
346 4776 532 4833 Patre.

266 4867 355 4924 De
383 4869 491 4926 hac
535 4867 804 4926 effusione
833 4867 1071 4940 Spiritus
1100 4868 1275 4925 sancti
1324 4875 1557 4923 testatur
1604 4868 1798 4923 beatus

186 4960 401 5019 Petrus
426 4962 483 5017 in
506 4961 737 5018 Actibus
763 4960 1128 5032 apostolorum
1152 4962 1221 5016 de
1241 4960 1469 5016 Domino
1491 4959 1619 5016 Jesu
1642 4958 1798 5016 Chri-

184 5064 283 5115 uo
312 5052 516 5111 Judaeis
541 5054 624 5111 sic
652 5053 882 5125 loquens
906 5071 919 5107 :
951 5053 1180 5109 Dextera
1208 5055 1373 5125 igitur
1402 5052 1498 5107 Dei
1512 5051 1798 5120 exaltatus,

186 5159 241 5205 et
263 5148 619 5219 promissione
646 5145 882 5216 Spiritus
902 5146 1073 5201 sancti
1101 5155 1315 5216 accepta
1341 5162 1371 5200 a
1399 5142 1587 5211 Patre,
1612 5145 1799 5219 e/[udit

188 5215 351 5296 hunc
385 5256 535 5311 quem
559 5254 652 5294 vos
692 5215 898 5293 uidistis
922 5246 971 5292 et
1002 5215 1242 5291 audistis
1284 5235 1422 5307 (Act.
1474 5250 1537 5315 ιι,
1575 5215 1690 5305 55)Ῐ
1720 5236 1798 5291 De

187 5349 314 5405 quo
344 5331 554 5388 locutus
581 5329 760 5386 Lucas
786 5329 840 5384 in
868 5328 1072 5385 eisdem
1099 5328 1326 5384 Actibus
1357 5336 1587 5383 testatur
1618 5343 1632 5379 :
1663 5325 1796 5381 Cum

189 5410 614 5492 complerentur,
665 5418 860 5490 inquit,
905 5417 1017 5472 dies
1047 5416 1393 5479 Pentecostes,
1425 5424 1574 5470 erant
1620 5431 1795 5469 omnes

190 5517 412 5589 pariter
441 5516 496 5570 in
518 5514 700 5571 eodem
721 5513 855 5581 loco,
872 5524 919 5570 et
947 5512 1120 5583 factus
1149 5522 1224 5567 est
1247 5522 1452 5583 repente
1473 5511 1536 5565 de
1557 5511 1684 5565 calo
1707 5528 1798 5566 so-

192 5627 311 5667 nus
360 5618 603 5681 tanquam
650 5608 970 5664 advenientis
1023 5606 1238 5677 spiritus
1266 5606 1613 5671 vehementis;
1645 5615 1692 5659 et
1723 5621 1803 5659 re-

1897 4669 2210 4741 linquendo,
2241 4669 2328 4725 vel
2363 4676 2425 4722 ut
2451 4678 2637 4739 posset
2662 4667 2731 4721 ad
2771 4665 2969 4721 Filium
3009 4666 3195 4720 venire
3227 4664 3482 4736 semetip-

1896 4777 2020 4818 sum
2045 4761 2416 4826 extendendo,
2454 4768 2514 4814 ut
2542 4759 2710 4813 altera
2749 4758 2832 4814 sui
2858 4765 3013 4829 parte
3044 4756 3237 4811 Filium
3269 4755 3483 4811 contin-

1899 4859 2070 4923 geret,
2101 4848 2270 4905 altera
2300 4863 2429 4905 vero
2457 4848 2513 4903 in
2543 4847 2709 4902 Patre
2746 4854 3014 4903 maneret.
3058 4844 3321 4900 Similiter
3356 4860 3482 4901 cum

1901 4958 1934 4998 a
1966 4942 2104 4998 Filio
2134 4942 2189 4997 in
2217 4940 2508 5011 discipulos
2551 4938 2713 4994 fuerit
2756 4936 2975 5001 etl‘usus,
3024 4935 3108 4991 vel
3135 4933 3332 4991 Filium
3363 4934 3489 4991 reli-

1909 5035 2088 5107 querit
2116 5043 2171 5090 et
2214 5032 2283 5089 ad
2324 5031 2612 5104 discipulos
2651 5029 2900 5095 venerit,
2945 5026 3031 5085 vel
3066 5034 3214 5084 certe
3250 5027 3485 5100 quadam

1905 5127 2253 5202 protensione
2277 5125 2442 5191 facta,
2485 5123 2834 5195 proportione
2858 5121 3091 5193 quadam
3120 5121 3228 5188 sui,
3254 5120 3490 5192 discipu-

1905 5222 2080 5277 lorum
2111 5218 2275 5277 corda
2306 5216 2668 5281 irradiaverit,
2709 5222 2765 5270 et
2806 5214 3040 5285 quadam
3068 5214 3123 5270 in
3147 5212 3368 5271 Christo
3403 5229 3492 5270 re-

1902 5314 2136 5379 sederit;
2170 5311 2338 5367 veluti
2379 5310 2590 5366 radium
2636 5307 2767 5365 solis
2814 5308 2861 5364 si
2901 5306 3213 5363 consideres
3256 5305 3364 5363 alia
3408 5305 3492 5362 sui

1902 5416 2056 5479 parte
2097 5406 2361 5477 sphaeram
2402 5402 2568 5474 ipsius
2612 5401 2987 5466 illustrantem,
3018 5398 3121 5454 alia
3162 5414 3289 5454 vero
3316 5406 3462 5454 terra

1909 5502 2278 5571 attingentem.
2304 5496 2410 5553 Sed
2441 5495 2546 5550 ista
2571 5495 2625 5550 in
2657 5493 2979 5565 corporibus
3006 5500 3160 5557 sunt;
3192 5501 3248 5545 at
3280 5505 3409 5546 vero
3440 5488 3494 5543 in

1906 5592 2199 5650 Divinitate
2228 5599 2428 5645 sanctae
2452 5586 2736 5643 Trinitatis
2762 5587 2835 5643 nil
2870 5588 3098 5642 istorum
3135 5584 3497 5656 deprehendi-

189 5667 554 5776 ﬂeeittoiam
580 5701 794 5755 domum
822 5699 910 5755 ubi
936 5707 1087 5754 erant
1129 5698 1385 5754 sedentes.
1430 5695 1501 5751 Et
1549 5713 1780 5768 apparue

1912 5694 2023 5755 tur,
2052 5684 2147 5739 sed
2184 5683 2387 5751 absque
2420 5681 2679 5751 temporis
2702 5679 2980 5753 intervallo
3006 5667 3089 5733 vel
3129 5677 3233 5732 loci
3264 5675 3499 5745 Spiritus

191 5766 339 5853 sunt
376 5793 474 5849 illis
522 5793 806 5866 dispertita:
847 5791 1041 5862 lingua'
1087 5800 1338 5863 tanquam
1376 5790 1545 5862 ignis;
1578 5766 1809 5859 seditque
1917 5787 2136 5849 βειηειυδ
2158 5793 2189 5831 ³
2214 5774 2252 5828 Ρ
2255 5783 2369 5841 atre
2389 5770 2703 5839 eﬂ‘unditur.
2731 5772 2983 5847 similiter,
3000 5780 3104 5922 θῑ
3127 5767 3283 5840 Ρίιίο-
3309 5766 3495 5823 Eam"

656 5888 888 5922 θην-ιη.
972 5882 1175 5922 mnu

654 5888 926 5947 Ριιτιιοι..
972 5882 1200 5946 CXXI.

3063 5882 3066 5912 ἐ
