4026 6346
600 363 709 424 255

1644 364 2003 425 RATRAMNI
2038 365 2485 428 CORBEIENSIS
2521 368 2826 431 MONACHI

3735 384 3820 441 236

605 488 754 543 ditur
781 500 812 540 a
839 482 1004 541 Patre
1033 484 1087 541 in
1112 482 1309 541 Filium
1334 524 1350 549 ,
1384 483 1510 554 quia
1545 485 1731 555 genuit
1759 484 1923 540 Pater
1951 485 2145 540 Filium
2170 527 2186 553 ,
2214 492 2266 553 Α
2293 496 2650 544 monstratum
2704 499 2822 557 est,
2870 490 3184 549 eﬂ‘usionem
3225 491 3457 566 Spiritus
3491 499 3680 564 sancti,
3731 501 3822 560 sive

608 576 904 632 eﬁ‘unditur
948 586 1004 631 et
1050 592 1080 631 a
1115 575 1272 640 Filio,
1316 576 1440 644 quia
1461 575 1650 636 omnia
1677 591 1796 646 quae
1832 575 2009 632 Patris
2043 585 2187 643 sunt,

607 669 773 724 habet
807 668 994 724 Filius.

683 759 934 815 Testatur
958 772 1172 828 quoque
1196 766 1441 813 sanctum
1470 755 1818 828 Evangelium
1845 758 1988 827 quod
2019 757 2188 827 Spiri-

611 862 694 907 tus
725 852 810 907 ubi
839 850 945 905 vult
970 853 1135 921 spirat
1173 848 1354 919 (Joan.
1386 866 1471 914 ιιι,
1492 849 1568 916 8).
1607 848 1744 916 Quid
1768 857 1853 904 est
1881 849 2086 920 spirat?
2110 850 2192 904 ni-

612 943 810 998 mirum
838 942 964 1012 quia
993 942 1428 1013 quandocunque
1456 940 1606 1007 vult,
1635 941 1941 1011 ubicunque
1966 940 2081 996 vult
2107 957 2190 996 se-

608 1036 896 1106 metipsum
920 1034 1166 1090 ell'undit.
1198 1033 1489 1090 Videamus
1518 1033 1683 1088 totius
1714 1031 1998 1088 Trinitatis
2029 1048 2190 1087 unam

606 1126 996 1198 Operationem.
1021 1126 1181 1181 Pater
1210 1124 1451 1189 effundit,
1479 1123 1645 1183 Filius
1679 1123 1905 1180 edundit
1931 1123 2193 1195 Spiritum

604 1228 870 1275 sanctum.
913 1218 1150 1288 Spiritus
1183 1225 1422 1282 sanctus,
1450 1215 1540 1270 ubi
1571 1215 1687 1271 vult
1721 1216 1965 1286 spirans,
1996 1222 2196 1271 semet.

604 1312 781 1383 ipsum
821 1311 1062 1368 ell'undit.
1107 1312 1278 1379 Quam
1325 1318 1686 1380 congruenter
1725 1307 2015 1379 Apostolus
2061 1306 2195 1362 dicit

605 1405 923 1462 effusionem
973 1404 1208 1474 Spiritus
1253 1403 1426 1457 sancti
1453 1401 1653 1457 factam
1699 1416 1798 1470 per
1829 1398 2014 1457 Jesum
2040 1398 2195 1456 Chri-

606 1506 776 1562 stum,
810 1513 907 1568 per
931 1513 1090 1566 quem
1114 1496 1276 1551 Pater
1308 1496 1448 1549 Deus
1478 1494 1658 1549 omnia
1683 1493 1829 1558 fecit,
1873 1507 2037 1563 quam
2067 1508 2196 1547 con-

606 1590 890 1645 venienter
918 1603 1132 1660 quoque
1177 1588 1370 1643 Petrus
1417 1585 1690 1657 apostolus
1727 1593 1955 1641 testatur
1998 1584 2195 1640 Filium

605 1682 860 1737 etftidisse
886 1680 1144 1751 Spiritum
1170 1688 1436 1747 sanctum,
1468 1679 1535 1734 de
1559 1693 1669 1749 quo
1690 1678 1821 1735 dicit
1842 1675 2193 1747 Evangelium

608 1773 751 1843 quod
778 1772 953 1826 omnia
977 1788 1093 1842 qum
1117 1770 1243 1839 facit
1269 1769 1448 1833 Pater,
1473 1769 1584 1823 haec
1601 1768 1784 1822 eadem
1803 1778 1851 1823 et
1874 1765 2045 1822 Filius
2070 1766 2199 1836 facit

2294 579 2663 647 donationem,
2690 584 2758 637 ad
2784 583 2997 638 Patrem
3028 585 3302 654 pertinere
3327 596 3382 641 et
3407 588 3473 644 ad
3505 588 3701 655 Filium,
3723 595 3821 664 quia

2292 673 2534 742 procedit
2556 674 2626 728 ab
2653 675 2988 744 utroque.Et
3013 675 3102 731 hic
3124 677 3287 749 igitur
3304 680 3447 749 quod
3472 680 3596 736 dicit
3619 687 3824 744 eamdem

2295 766 2524 835 gratiam
2556 766 2770 821 dedisse
2793 782 2965 837 nuper
2989 769 3355 836 credentibus,
3379 787 3535 841 quam
3556 774 3689 830 dedit
3705 779 3824 847 prius

2296 855 2591 924 apostolis,
2655 855 2916 927 Spiritum
2968 869 3212 914 sanctum
3262 860 3547 918 manifeste
3583 864 3825 936 signiﬁcat,

2297 963 2457 1019 quem
2488 948 2619 1004 dare
2655 949 2833 1019 potuit
2884 948 3085 1015 Filius,
3132 951 3384 1019 quoniam
3429 966 3459 1007 a
3489 968 3547 1009 se
3586 958 3827 1024 procedit:

2297 1042 2442 1112 quod
2485 1042 2710 1097 omnino
2764 1056 2871 1097 non
2920 1049 3135 1112 posset,
3181 1041 3226 1098 si
3281 1059 3391 1101 non
3441 1042 3512 1100 ab
3540 1044 3628 1104 illo
3671 1063 3828 1120 proce-

2299 1132 2470 1187 deret.

2917 1269 3147 1329 CAPUT
3191 1271 3271 1330 Vl.

2712 1400 3030 1459 Testimonia
3063 1421 3129 1460 ea:
3164 1404 3472 1479 Scripturis.

2373 1556 2456 1610 Ad
2479 1557 2750 1613 Romanos
2773 1558 2965 1614 beatus
2985 1558 3186 1616 Paulus
3210 1563 3483 1628 scribens,
3508 1563 3733 1623 ﬁdelibus
3747 1567 3835 1625 sit:

2313 1651 2418 1707 Vos
2438 1663 2611 1709 autem
2631 1654 2688 1708 in
2709 1670 2866 1711 carne
2886 1670 2990 1709 non
3016 1656 3160 1720 estis,
3181 1656 3273 1711 sed
3297 1657 3356 1710 in
3378 1656 3609 1728 Spiritu;
3632 1658 3675 1713 si
3699 1669 3839 1719 tamn

2309 1741 2537 1814 Spiritus
2572 1743 2666 1799 Dei
2691 1744 2891 1799 habitat
2919 1746 2975 1800 in
2995 1745 3158 1801 vobis.
3196 1745 3255 1802 Si
3279 1748 3401 1817 quis
3429 1758 3600 1803 autem
3626 1749 3841 1820 Spiritum

605 1833 847 1920 similiter
876 1833 1059 1935 (Joan.
1096 1833 1210 1929 ένι,
1244 1863 1348 1934 l5).
1396 1861 1634 1918 Ellundit
1656 1862 1822 1933 igitur
1841 1860 2003 1915 Pater
2030 1833 2203 1929 Spiri-

2316 1833 2503 1890 Christi
2542 1852 2644 1890 non
2683 1836 2854 1902 habet,
2899 1836 2985 1892 hic
3014 1853 3119 1892 non
3167 1848 3244 1895 est
3288 1839 3405 1910 ejus
3456 1840 3628 1909 (Rom.
3657 1856 3757 1907 vut,
3780 1842 3838 1916 9).

608 1964 720 2010 tum
747 1963 1022 2019 sanctum,
1045 1951 1271 2009 eﬂ‘undit
1300 1961 1352 2008 et
1381 1953 1577 2017 Filius,
1603 1952 1858 2022 quoniam
1885 1951 2023 2005 sicut
2044 1950 2203 2004 datur

606 2063 637 2102 a
667 2046 855 2127 Patge,
884 2046 1047 2099 datur
1070 2053 1125 2100 et
1148 2061 1177 2097 a
1201 2043 1360 2098 Filio.
1394 2041 1509 2098 Non
1541 2042 1706 2113 igitur
1735 2049 1968 2111 arguant
1991 2040 2202 2096 Graeco-

607 2153 727 2193 rum
760 2137 1120 2207 imperatores
1157 2133 1409 2196 Latinos,
1461 2132 1606 2202 quod
1635 2129 1994 2187 conﬁteantur
2024 2128 2201 2201 Spiri-

608 2241 721 2286 tum
771 2237 1020 2286 sanctum
1070 2226 1367 2299 procedere
1407 2239 1438 2280 a
1488 2224 1648 2290 Filio,
1693 2223 1835 2278 sicut
1878 2222 2123 2292 procedit
2170 2236 2204 2276 a

605 2322 800 2387 Patre,
847 2319 944 2377 sed
968 2320 1150 2391 potius
1177 2317 1391 2373 discant
1419 2315 1545 2371 ﬁdei
1577 2315 1860 2370 veritatem
1903 2328 1935 2367 a
1962 2313 2200 2378 Christo,

609 2416 822 2471 discant
850 2421 905 2468 et
941 2414 1011 2468 ab
1038 2410 1295 2484 apostolis
1326 2409 1488 2465 illius.

677 2504 812 2561 Item
830 2505 884 2560 in
896 2502 1120 2560 Actibus
1133 2502 1503 2574 apostolorum
1519 2499 1759 2569 loquitur
1779 2497 1973 2552 Petrus
1992 2514 2004 2549 :
2025 2495 2092 2549 Et
2112 2511 2204 2549 nos

608 2614 792 2655 sumus
805 2607 958 2652 testes
971 2596 1155 2651 horum
1175 2594 1470 2657 verborum,
1489 2602 1539 2647 et
1555 2589 1786 2661 Spiritus
1797 2597 2033 2652 sanctus,
2053 2601 2208 2657 quem

610 2691 753 2747 dedit
778 2688 1171 2744 Deusomnibus
1192 2684 1547 2740 obedientibus
1569 2683 1667 2737 sibi
1683 2682 1881 2753 (Act.v,
1898 2679 2012 2752 32).
2036 2677 2207 2746 Quem

611 2783 782 2841 Deum
801 2779 1153 2837 dicitdedissc
1168 2775 1429 2846 Spiritum
1446 2783 1693 2830 sanctum
1705 2812 1721 2839 ,
1737 2772 1839 2826 nisi
1858 2773 1924 2826 de
1937 2785 2045 2841 quo
2058 2782 2211 2839 supe-

2309 1926 2500 1982 Videte
2533 1927 2688 1996 cujus
2734 1944 3027 1998 personam
3052 1929 3234 1987 velitis
3275 1932 3526 2003 accipere
3563 1950 3679 1991 cum
3712 1936 3839 1991 dicit:

2309 2015 2372 2074 Si
2418 2016 2650 2088 Spiritus
2679 2017 2779 2073 Dei
2806 2020 3004 2075 habitat
3047 2022 3104 2076 in
3138 2022 3301 2081 vobis.
3333 2022 3486 2091 Quod
3529 2026 3574 2080 si
3603 2041 3842 2097 personam

2308 2111 2489 2167 Patris
2537 2112 2819 2183 accipitis,
2867 2123 3267 2185 consequenter
3310 2117 3560 2173 eumdem
3604 2118 3843 2190 Spiritum,

2310 2203 2571 2293 Spiritum
2601 2204 2803 2262 Christi
2832 2222 2950 2263 esse
2997 2216 3248 2264 testatur.
3290 2210 3416 2279 Quo
3443 2212 3588 2267 dicto
3609 2211 3846 2268 manifeste

2311 2296 2628 2367 comprobat
2651 2299 2902 2354 eumdem
2931 2316 3052 2356 esse
3082 2299 3347 2371 Spiritum
3378 2304 3554 2358 Patris
3585 2304 3668 2374 qui
3710 2304 3769 2360 sit
3804 2310 3848 2359 et

2310 2388 2516 2445 Christi
2550 2406 2562 2442 :
2596 2395 2651 2443 et
2676 2389 2801 2443 dum
2834 2391 3116 2462 utriusque
3140 2392 3409 2463 Spiritum
3436 2407 3555 2451 esse
3586 2409 3684 2449 non
3716 2402 3846 2459 tacet,

2313 2480 2381 2535 ab
2415 2488 2644 2550 utroque
2672 2481 2969 2550 procedere
2994 2482 3305 2537 conﬁtetur.
3332 2484 3487 2552 Quod
3527 2486 3570 2541 si
3608 2493 3848 2555 utrumque

2312 2573 2494 2629 velitis
2521 2573 2823 2645 intelligere
2851 2574 2919 2631 de
2955 2589 3188 2646 persona
3225 2576 3456 2644 Christi,
3489 2579 3625 2649 quod
3649 2578 3766 2635 ordo
3789 2578 3847 2632 le-

2314 2664 2514 2720 ctionis
2563 2665 2732 2736 magis
2760 2666 2977 2721 videtur
3014 2667 3305 2725 admittere
3341 2670 3490 2740 (nam
3518 2672 3744 2727 Christus
3786 2674 3851 2726 est

2316 2755 2513 2827 Deus);
2562 2756 2641 2812 sic
2681 2771 2897 2827 quoque
2918 2758 3185 2815 docemur
3233 2760 3499 2830 Spiritum
3544 2763 3729 2819 Christi
3760 2774 3851 2817 esse

609 2875 730 2933 rius
751 2864 2211 2939 ait:DexteraDeiigiturexaltatus,e/I'udithuncquettt
2316 2847 2582 2920 δρίτίιυηι
2648 2858 2949 2906 sanetum:
3000 2865 3098 2920 per
3142 2852 3285 2922 quod
3344 2855 3655 2910 instruimur
3687 2868 3791 2908 eum
3826 2869 3848 2907 a

613 2965 813 3021 uidistis
828 2963 1113 3019 etaudistis
1140 2960 1282 3032 (Act.
1308 2975 1369 3027 ιι,
1395 2958 1510 3028 55);
1537 2955 1724 3012 Jesum
1745 2955 2020 3011 Christum
2043 2953 2212 3025 (sicut
2317 2941 2537 2998 Christo
2578 2943 2894 3013 procedere.
2921 2942 3053 2999 Nam
3082 2956 3312 3016 persona
3347 2946 3524 3003 Patris
3564 2944 3852 3002 manifestius

615 3057 817 3113 dictum
841 3053 945 3125 est)
982 3028 1209 3122 intelligi
1229 3049 1582 3105 monstrans?
1623 3047 1732 3103 Sed
1766 3047 2037 3118 quomodo
2064 3045 2215 3100 dedit
2319 3032 2462 3088 infra
2490 3032 2759 3103 signatur,
2791 3034 2885 3091 ubi
2914 3034 3154 3104 loquitur
3183 3053 3199 3090 :
3234 3036 3401 3103 Quod
3427 3040 3472 3093 si
3508 3038 3720 3108 Spiritus
3745 3035 3848 3106 ejus,

617 3146 884 3219 Spiritum
907 3153 1153 3201 sanctum
1175 3143 1315 3197 Deus
1336 3140 1713 3195 obedientibus
1736 3138 1874 3194 sibi?
1903 3154 2030 3193 num
2053 3136 2209 3209 quasi

2317 3125 2409 3195 qui
2441 3126 2710 3180 suscitauit
2730 3126 2916 3182 Jesum
2938 3125 3210 3182 Christum
3235 3144 3268 3183 α
3295 3130 3547 3197 mortuis,
3603 3131 3781 3184 habitat
3810 3127 3853 3180 is
3962 3125 3963 3199 ἲ

621 3211 924 3297 minorem?
953 3235 1325 3305 Nequaquam.
1359 3231 1530 3287 Filius
1561 3244 1798 3300 namque
1825 3229 1957 3285 dicit
1991 3247 2002 3281 :
2038 3226 2210 3297 Spiri-
2239 3211 2287 3277 C
2319 3216 2480 3272 vobis.
2525 3216 2784 3285 Quamvis
2828 3225 2883 3274 et
2931 3219 3018 3277 hic
3066 3219 3236 3275 Filius
3271 3223 3448 3291 possit
3475 3220 3709 3293 intelligi,
3741 3215 3852 3290 quod

621 3344 707 3390 tus
728 3332 817 3387 ubi
845 3328 952 3386 vult
974 3329 1163 3401 spirat.
1186 3326 1290 3381 Dat
1317 3326 1498 3393 itaque
1518 3322 1661 3379 Deus
1683 3320 1943 3393 Spiritum
1965 3327 2211 3375 sanctum

623 3421 988 3481 Obedientium
1043 3417 1145 3472 sibi
1201 3415 1457 3472 cordibus
1501 3412 1856 3476 infundendo,
1887 3425 1993 3466 non
2038 3417 2099 3463 ut
2155 3424 2215 3464 se

624 3519 896 3588 relinquat
923 3515 978 3569 in
1004 3524 1114 3583 quo
1137 3522 1235 3581 per
1255 3509 1520 3564 unitatem
1552 3504 1867 3562 substantiae
1905 3510 2212 3574 permanet,

586 3612 718 3677 ,sed
771 3617 832 3664 ut
880 3606 1000 3663 illos
1058 3603 1325 3659 illuminet
1377 3614 1518 3670 quos
1564 3598 1716 3669 prius
1753 3613 1861 3652 non
1892 3593 2211 3651 irradiabat.

623 3704 795 3761 Nemo
837 3700 983 3773 quod
1014 3714 1121 3755 non
1154 3696 1321 3752 habet
1356 3694 1563 3748 donare
1589 3689 1849 3762 praevalet
1877 3707 1890 3743 :
1923 3688 2003 3743 sic
2044 3686 2215 3742 Filius

622 3802 855 3853 testatur
885 3791 1088 3847 habere
1121 3785 1383 3857 Spiritum
1415 3789 1684 3845 sanctum,
1708 3795 1867 3850 quem
1902 3778 2051 3833 dedit
2090 3791 2212 3832 om-

625 3887 785 3943 nibus
812 3878 1191 3938 obedientibus
1217 3875 1343 3932 sibi.
1384 3870 1851 3941 Quemadmodum
1898 3878 2079 3924 autem
2118 3870 2216 3924 ha-

624 3978 716 4033 bet
747 3990 845 4046 per
876 3972 1137 4027 unitatem
1178 3967 1514 4029 substantiae,
1563 3979 1671 4019 non
1715 3977 1814 4033 per
1856 3960 2217 4032 possessionis

625 4067 929 4129 obtentum,
959 4062 1040 4118 sic
1067 4068 1125 4115 et
1165 4073 1292 4114 cum
1335 4057 1520 4120 donat,
1550 4069 1658 4110 non
1697 4053 1855 4108 alieni
1894 4052 2035 4122 juris
2057 4052 2217 4120 quasi

629 4162 830 4216 donum
860 4156 1072 4221 tribuit,
1101 4153 1193 4209 sed
1223 4153 1304 4208 sui
1345 4152 1488 4222 quod
1533 4158 1617 4205 est
1650 4149 1927 4219 proprium
1976 4146 2217 4202 muneris

632 4249 958 4321 impertitur.
1008 4245 1163 4314 Quod
1192 4260 1298 4300 non
1344 4243 1479 4298 alias
1502 4239 1675 4296 Filius
1701 4238 1927 4302 faceret,
1963 4238 2010 4292 si
2049 4250 2155 4291 non
2185 4251 2233 4285 ιρι

637 4360 699 4401 se
729 4358 946 4414 quoque
975 4338 1210 4411 Spiritus
1233 4347 1456 4394 sanctus
1483 4337 1819 4409 procederet.
1852 4335 1910 4391 In
1944 4334 2219 4404 sequenti—

633 4436 735 4492 bus
788 4434 951 4491 etiam
1015 4433 1203 4488 beatus
1257 4429 1451 4485 Petrus
1508 4430 1709 4485 docens
1762 4426 2219 4497 quemadmodum

629 4526 912 4586 Coroebus
940 4526 1007 4581 de
1036 4524 1309 4596 gentibus,
1337 4532 1394 4578 et
1422 4524 1513 4593 qui
1566 4538 1688 4578 cum
1728 4537 1794 4576 eo
1837 4520 2052 4575 fuerant
2093 4533 2218 4575 cre-

2320 3308 2594 3366 hominem
2618 3324 2776 3378 quem
2807 3320 3138 3382 susceperat,
3175 3312 3292 3382 ipse
3340 3326 3557 3385 quoque
3593 3328 3705 3368 cum
3726 3311 3854 3366 Patre

2318 3400 2690 3466 suscitaverit,
2725 3401 2869 3456 sicut
2894 3402 2949 3457 in
2992 3401 3289 3475 Evangelio
3308 3406 3465 3461 dicit.
3496 3406 3600 3461 Sed
3630 3405 3735 3459 sive
3754 3401 3853 3467 hoc.

2319 3490 2434 3546 sive
2475 3490 2607 3547 illud
2650 3489 2928 3559 malueris,
2957 3492 3239 3550 manifeste
3284 3494 3605 3553 instruimur
3645 3490 3855 3550 eumdem

2318 3596 2440 3647 esse
2467 3580 2728 3653 Spiritum
2761 3582 2907 3649 Filii,
2928 3585 3022 3654 qui
3051 3584 3124 3639 sit
3145 3594 3203 3640 et
3225 3584 3426 3642 Patris.
3462 3586 3610 3643 Unde
3644 3582 3771 3654 quod
3793 3581 3856 3636 in-
3962 3570 3963 3573 “

2319 3673 2490 3729 ferius
2537 3682 2757 3731 sanctus
2801 3675 2936 3731 dicit
2973 3676 3309 3747 Apostolus:
3354 3679 3657 3750 Quicunque
3694 3674 3857 3747 Spiritu
3962 3734 3963 3751 η

2318 3765 2419 3822 Dei
2461 3776 2710 3837 aguntur,
2739 3767 2795 3821 hi
2843 3767 2947 3838 ﬁlii
2991 3779 3113 3824 sunt
3156 3769 3253 3825 Dei
3307 3770 3489 3841 (Rom.
3532 3784 3644 3836 vm,
3673 3767 3771 3840 14),
3803 3764 3857 3821 de
3962 3820 3963 3827 η

2321 3867 2551 3929 utroque
2575 3859 2691 3916 sine
2718 3862 3062 3917 cunctatione
3086 3871 3266 3933 potest
3303 3856 3503 3935 accipi,
3533 3864 3584 3920 id
3630 3870 3724 3926 est,
3766 3859 3858 3916 sive

2322 3955 2389 4010 de
2418 3954 2607 4018 Patre,“
2626 3954 2741 4011 sive
2774 3953 2843 4009 de
2889 3952 3055 4020 Filio;
3104 3955 3391 4025 utriusque
3412 3969 3640 4027 namque
3663 3951 3859 4025 Spiritus

2322 4056 2434 4110 est,
2484 4047 2554 4101 ab
2603 4054 2831 4116 utroque
2872 4048 3209 4116 procedens;
3266 4049 3410 4104 sicut
3468 4050 3521 4104 in
3567 4048 3736 4104 multis
3769 4043 3859 4114 jam

2321 4138 2729 4209 comprobatum
2764 4147 2866 4194 est.
2911 4138 2978 4193 Et
3032 4138 3172 4193 infra
3226 4156 3239 4194 :
3294 4138 3420 4196 Non
3460 4143 3593 4196 enim
3632 4132 3861 4207 accepistis

2322 4228 2579 4301 Spiritum
2625 4231 2889 4286 servitutis
2928 4232 3118 4286 iterum
3146 4232 3202 4286 in
3250 4233 3469 4299 timore;
3498 4233 3586 4288 sed
3631 4225 3860 4299 accepisti!

2322 4322 2584 4394 Spiritum
2636 4323 2934 4394 adoptionis
2983 4325 3248 4394 ﬁliorum,
3285 4327 3341 4379 in
3401 4342 3503 4399 quo
3565 4325 3861 4380 domamur:

2323 4416 2494 4482 Abba,
2532 4416 2693 4471 Pater
2720 4416 2910 4487 (Ibid.,
2948 4417 3057 4489 15).
3092 4417 3172 4472 Ad
3210 4418 3435 4475 Galatas
3458 4428 3633 4474 autem
3654 4415 3864 4472 scribens

2326 4510 2405 4564 ait
2428 4529 2440 4564 :
2472 4509 2739 4576 Quoniam
2761 4520 2936 4565 autem
2958 4513 3082 4565 estis
3112 4509 3243 4565 Filii
3274 4510 3390 4577 Dei,
3407 4512 3545 4567 misit
3571 4510 3703 4565 Deus
3725 4501 3865 4575 διήτὲ-

630 4622 841 4685 dem”,
877 4581 1133 4688 baptigmi
1182 4616 1410 4687 gratiam
1441 4581 1821 4686 .perceperim,
1855 4614 1932 4669 sic
1962 4621 2084 4683 post,
2110 4627 2221 4668 om-
2247 4581 2303 4645 D
2328 4612 2439 4657 tum
2465 4599 2598 4655 Filii
2621 4600 2707 4655 sui
2723 4601 2777 4654 in
2800 4602 2963 4656 corda
2977 4612 3144 4656 vestra
3168 4602 3484 4658 clamantem
3506 4618 3525 4657 ἔ
3547 4599 3703 4665 Am,
3733 4594 3865 4688 Petti

629 4720 747 4770 tera
781 4711 911 4768 dicit
939 4728 952 4764 :
978 4707 1036 4765 Si
1066 4724 1189 4778 ergo
1217 4707 1451 4762 eamdem
1476 4707 1702 4777 gratiam
1732 4706 1873 4759 dedit
1910 4704 2019 4759 illis
2060 4704 2220 4771 Deus,

627 4808 762 4862 sicut
788 4816 837 4862 et
877 4803 1025 4859 nobis
1074 4803 1164 4873 qui
1217 4801 1534 4856 credidimus
1588 4802 1642 4854 in
1701 4799 1987 4861 Dominum
2036 4798 2224 4854 Iesum

630 4895 917 4962 Christum,
948 4912 1042 4966 ego
1070 4895 1188 4965 quis
1210 4909 1355 4948 eram
1384 4894 1476 4965 qui
1514 4908 1716 4963 possem
1754 4892 2026 4962 prohibere
2050 4891 2224 4948 Deum

631 4989 770 5063 (Aet.
796 5004 876 5054 ιι,
911 4988 1040 5055 l7)?
1068 4985 1328 5054 Quamvis
1376 4987 1464 5040 hic
1497 4985 1661 5051 Deus,
1693 4983 1780 5040 vel
1807 4983 2043 5056 Spiritus
2094 5000 2222 5040 san-

630 5092 770 5144 ctus,
799 5079 893 5150 qui
918 5079 1083 5135 corda
1122 5078 1415 5150 repleverit
1442 5078 1799 5143 credentium,
1826 5086 1882 5133 et
1910 5077 2216 5150 linguarum

630 5171 846 5231 dederit
891 5171 1199 5237 scientiam,
1250 5173 1341 5228 vel
1388 5181 1538 5228 certe
1569 5170 1731 5227 Pater
1757 5172 1929 5243 possit
1958 5171 2217 5243 intelligi;

631 5274 813 5320 tamen
840 5263 887 5319 si
912 5263 1319 5320 consideremus
1346 5264 1513 5319 verba
1536 5261 1681 5320 Petri
1715 5260 1966 5335 superius
1997 5263 2222 5335 loquen-

633 5356 706 5411 ἥδ
731 5354 801 5412 de
824 5354 1081 5433 missionp
1108 5353 1347 5427 Spiritus
1363 5355 1537 5411 sancti
1563 5369 1727 5426 super
1744 5354 2045 5422 credentes,
2075 5355 2220 5425 quod

630 5448 949 5519 Filiuseum
972 5447 1417 5521 eﬂ'uderittsicut
1457 5459 1615 5504 antea
1645 5449 1846 5504 dictum
1872 5449 2002 5520 est),
2028 5461 2222 5503 conse-

633 5551 865 5613 quenter
884 5550 942 5598 et
972 5541 1063 5597 hic
1089 5541 1234 5596 Deus
1259 5537 1432 5595 Filius
1464 5539 1864 5608 intelligendus,
1889 5539 1981 5610 qui
2012 5539 2225 5595 dederit

632 5636 881 5691 eundem
908 5635 1141 5707 gratiam
1173 5632 1447 5698 Cornelio,
1476 5635 1747 5705 sociisque
1780 5633 1914 5703 ejus.
1954 5634 2115 5692 Petro
2143 5636 2225 5692 lo-

633 5736 857 5797 quente,
894 5743 1055 5797 quam
1085 5727 1235 5787 dedit
1280 5727 1434 5797 prius
1474 5725 1756 5785 effundens
1790 5727 2051 5801 Spiritum
2097 5745 2222 5787 san.

636 5829 785 5874 ctum
817 5837 983 5891 super
1006 5820 1297 5893 discipulos
1329 5821 1381 5876 in
1412 5821 1608 5891 linguis
1632 5822 1820 5893 igneis.
1852 5823 1919 5879 Et
1946 5825 2227 5882 evidenter

2329 4690 2475 4766 (Gal.
2502 4708 2577 4758 tv,
2606 4691 2681 4764 ti).
2707 4690 2897 4751 Videte
2919 4692 3063 4762 quod
3095 4693 3346 4748 eumdem
3367 4694 3513 4749 dicat
3529 4690 3772 4762 Spiritum
3790 4679 3866 4738 sd-

2328 4784 2569 4855 optionis
2588 4782 2845 4849 ﬁliorum,
2861 4799 3022 4854 quem
3037 4784 3332 4839 conﬁtetur
3347 4783 3608 4855 Spiritum
3624 4779 3757 4846 Filii,
3777 4784 3867 4847 quo

2327 4888 2428 4929 nos
2457 4874 2655 4930 doceat
2673 4872 2967 4944 Apostolus
2993 4874 3242 4931 eumdem
3268 4889 3395 4931 esse
3414 4873 3673 4947 Spiritum
3698 4867 3864 4931 Patris,

2327 4980 2487 5036 quem
2528 4965 2666 5021 dicit
2707 4965 2970 5038 Spiritum
3021 4967 3350 5038 adoptionis,
3396 4978 3459 5024 et
3500 4966 3736 5025 eumdem
3766 4966 3869 5017 esto

2328 5055 2591 5129 Spiritum
2611 5057 2754 5123 Filii,
2786 5073 2951 5130 quem
2971 5059 3119 5116 misit
3152 5059 3298 5116 Deus
3332 5060 3389 5117 in
3415 5059 3580 5117 corda
3605 5065 3799 5117 ιιοειης
3822 5053 3869 5103 ⁸⁸

2328 5144 2382 5201 in
2416 5146 2628 5214 eodem,
2675 5149 2767 5219 qui
2806 5158 2914 5205 tam
2962 5149 3138 5207 Patris
3189 5166 3355 5221 quam
3402 5150 3527 5207 Filii
3572 5148 3870 5204 monstratur

2329 5238 2585 5310 Spiritus,
2614 5240 2913 5300 clamamus
2948 5242 3124 5309 Abba,
3157 5241 3338 5299 Pater.
3368 5242 3523 5311 Quod
3565 5241 3867 5311 nequaquam

2329 5332 2511 5389 facere
2549 5350 2853 5406 possemus,
2881 5336 2929 5390 si
2960 5350 3067 5392 non
3092 5335 3545 5407 quemadmod-I
3583 5326 3806 5405 procedit
3839 5332 3866 5375 ι

2330 5424 2494 5482 Patre
2548 5425 2783 5497 Spiritus
2828 5436 3073 5495 sanctm,
3116 5428 3199 5485 sic
3249 5427 3416 5484 etiam
3470 5422 3719 5498 procedat
3757 5422 3808 5474 et
3838 5424 3869 5466 ι

2319 5539 2477 5597 Filio.

2397 5634 2605 5691 Scribit
2652 5634 2950 5691 Corinthiis
2988 5635 3043 5689 in
3076 5634 3318 5705 Epistola
3355 5631 3628 5690 secunda:
3659 5613 3867 5696 Ερίειοια

2327 5738 2509 5785 nostra
2532 5744 2620 5784 vos
2648 5729 2792 5795 estis,
2807 5730 3001 5799 scripta
3017 5731 3069 5783 in
3090 5728 3334 5783 cordibus
3360 5726 3586 5791 nostris;
3604 5737 3712 5795 qua:
3731 5715 3873 5777 scitur

2325 5831 2375 5879 et
2403 5822 2597 5895 legitur
2616 5823 2680 5879 ab
2701 5824 2939 5879 omnibus
2966 5824 3293 5879 hominibus:
3322 5818 3636 5890 manifestati
3654 5809 3868 5886 quoniam
