4026 6346
217 348 329 410 83'!

1122 344 1399 404 CONTRA
1435 342 1851 409 CBECOBUM
1884 343 2247 405 OPPOSITA.
2287 378 2357 391 —
2392 346 2521 405 LIB.
2556 348 2599 404 l.

3382 340 3490 401 2‘18

215 461 439 537 epistola
459 461 812 527 edisCItristi,
834 461 1134 517 ministrate
1159 478 1192 514 a
1217 460 1387 525 nobis,
1411 468 1458 514 et
1480 458 1674 530 scripta
1704 475 1805 513 non
1832 468 1880 525 Α
1912 460 2076 515 ritum
2127 462 2338 519 Domini
2389 464 2730 520 ministratur
2756 480 2771 529 ;
2800 463 2944 535 quod
2974 465 3033 520 lit
3061 481 3187 521 cum
3212 465 3279 521 de
3302 467 3487 529 littera

216 566 538 621 atramento.
586 554 679 611 sed
709 553 912 625 Spiritu
943 553 1038 609 Dei
1067 554 1165 608 vivi
1192 551 1278 622 (11
1326 551 1449 607 Cor.
1504 567 1587 616 ιιι,
1638 550 1695 617 2,
1723 550 1801 621 ὅ).

217 648 356 706 Cum
390 647 540 702 dicat
564 645 707 715 quod
737 642 1001 699 Corinthii
1027 644 1138 698 sint
1162 626 1406 713 epistola
1430 640 1655 705 Christi,
1685 655 1807 712 qua

216 744 428 815 scripta
480 739 553 800 sit
587 739 796 812 Spiritu
830 739 923 795 Dei
952 738 1085 803 vivi,
1124 751 1286 793 unam
1316 736 1687 807 operationem
1707 733 1804 789 de-

217 842 495 893 monstrat
522 833 700 889 sancti
736 831 972 901 Spiritus
1015 838 1072 885 et
1108 828 1344 894 Christi;
1375 828 1470 885 sed
1506 840 1666 897 quem
1712 840 1809 895 ap-

213 926 386 999 pellat
418 925 529 982 hoc
553 924 608 979 in
639 924 760 980 loco
785 922 957 978 Deum
982 921 1201 976 vivum?
1222 919 1488 975 Nimirum
1506 917 1806 981 Christum,

215 1018 381 1089 cujus
426 1016 714 1090 epistolam
772 1014 905 1070 dicit
939 1027 1061 1069 esse
1094 1011 1428 1074 Corinthios,
1458 1008 1811 1065 manifestans

215 1110 491 1183 Spiritum
523 1123 646 1165 esse
684 1106 908 1171 Christi,
931 1106 1029 1185 qui
1051 1105 1333 1175 scripserit
1358 1104 1412 1158 in
1440 1103 1695 1160 cordibus
1716 1100 1813 1158 Co-

215 1202 550 1259 rinthiorum
578 1198 862 1271 epistolam
903 1213 1011 1254 non
1054 1205 1364 1252 atramento
1399 1195 1671 1264 corporis,
1716 1192 1813 1249 sed

216 1294 585 1352 illustratione
606 1293 714 1348 sui.
744 1290 849 1346 Per
881 1292 985 1346 hoc
1009 1305 1139 1360 ergo
1168 1288 1314 1359 quod
1336 1287 1584 1343 eamdem
1611 1285 1816 1356 episto-

217 1385 331 1443 lam
390 1385 638 1443 scribunt
689 1382 939 1439 Christus
991 1390 1050 1437 et
1097 1378 1336 1451 Spiritus
1376 1388 1620 1443 sanctus,
1674 1377 1814 1433 sicut

216 1476 389 1534 unius
408 1474 766 1548 operationis,
795 1474 875 1529 sic
900 1488 1021 1529 esse
1049 1479 1424 1527 monstrantur
1466 1469 1626 1524 unius
1678 1468 1814 1523 sub-

224 1570 484 1628 stantiae:
514 1568 659 1639 quod
684 1567 830 1623 enim
852 1565 1043 1623 scribit
1066 1564 1338 1628 Christus,
1365 1564 1470 1618 hoc
1496 1571 1551 1617 et
1583 1560 1817 1631 Spiritus

214 1669 471 1724 sanans.
494 1667 551 1717 et
595 1658 742 1728 quod
767 1656 1005 1728 Spiritus
1046 1663 1288 1717 sanctus,
1327 1654 1432 1709 hoc
1459 1659 1515 1708 et
1542 1650 1814 1715 Christus,

218 1765 337 1813 Ion
382 1748 743 1809 alternatione
777 1746 1057 1817 temporis,
1117 1760 1220 1801 nec
1264 1744 1503 1819 locorum
1545 1751 1820 1813 permuta-

1913 555 2177 609 transitur
2225 555 2292 610 ad
2333 556 2627 626 spiritalem
2679 556 3113 627 intelligentiam,
3142 568 3195 614 et
3221 561 3289 615 dc
3316 562 3487 621 servi-

1912 657 2026 704 tute
2055 649 2233 704 carnis
2260 650 2313 703 in
2345 646 2580 717 Spiritus
2604 648 2905 706 libertatem
2952 650 3180 706 venitur.
3229 651 3487 717 Videmus

1908 741 1966 796 in
1996 739 2082 795 his
2111 737 2374 809 Spiritum
2391 715 2610 794 Domini
2652 738 2910 809 Spiritum
2941 739 3143 797 Christi
3187 742 3315 799 dici.
3346 715 3489 802 Huic

1910 839 1967 887 et
2011 832 2065 886 in
2114 830 2608 901 consequentibus:
2656 829 2771 885 Nos
2818 841 2994 886 autem
3037 848 3215 887 omnes
3262 834 3490 891 revelata

1913 922 2047 992 facie
2069 922 2294 993 gloriam
2324 922 2535 977 Domini
2563 921 2910 991 speculantes,
2947 923 3003 978 in
3032 926 3269 981 eamdem
3296 928 3487 999 imagi.

1914 1013 2485 1083 nemtransformamur
2507 1030 2538 1066 α
2562 1012 2803 1069 claritate
2825 1015 2880 1068 in
2903 1012 3217 1078 claritatem,
3234 1026 3487 1089 tanquam

1912 1123 1947 1160 α
1983 1104 2194 1159 Domini
2224 1104 2429 1174 Spiritu
2456 1102 2539 1176 (ll
2569 1102 2689 1158 Cor.
2728 1119 2811 1168 ιιι,
2844 1104 2952 1176 l8).
2992 1104 3134 1177 Ergo
3169 1122 3291 1162 cum
3335 1123 3493 1166 reve-

1915 1195 2045 1250 latio
2076 1194 2231 1250 faciei
2265 1210 2362 1264 per
2382 1194 2657 1250 Christum
2694 1195 2806 1260 (lat,
2839 1204 2894 1249 et
2919 1211 3016 1251 nos
3049 1197 3498 1257 transformemur

1916 1303 1947 1343 a
1968 1287 2217 1343 claritate
2239 1287 2290 1339 in
2316 1286 2618 1342 claritatem
2641 1303 2671 1341 a
2698 1286 2909 1343 Domini
2936 1287 3162 1358 Spiritu,
3191 1295 3498 1349 communis
3596 1274 3611 1283 κ

1914 1377 2159 1447 Operatio
2184 1376 2308 1433 Jesu
2337 1377 2560 1441 Christi,
2589 1380 2869 1449 sanctique
2909 1380 3142 1449 Spiritus
3170 1384 3493 1440 ostenditur.

1922 1468 2073 1525 Unde
2092 1469 2235 1538 quod
2255 1469 2330 1524 ait
2354 1485 2368 1521 :
2393 1472 2436 1523 Α
2464 1469 2676 1525 Domini
2699 1469 2923 1540 Spiritu,
2946 1472 3148 1527 Christi
3190 1475 3307 1529 sine
3334 1476 3497 1531 dubio

1917 1574 2206 1630 personam
2245 1558 2500 1616 ostendit.
2547 1561 2648 1628 Qui
2687 1577 2808 1616 cum
2836 1562 2906 1616 sit
2938 1560 3173 1632 Spiritus
3193 1564 3378 1634 ipsius,
3404 1581 3499 1635 pa-

1918 1653 2054 1709 riter
2101 1662 2279 1709 tamen
2316 1669 2439 1710 cum
2490 1652 2767 1709 Salvatore
2810 1655 3194 1732 revelationem
3241 1669 3503 1727 operatur

1923 1746 2123 1803 veteris
2162 1747 2425 1805 lectionis.
2470 1746 2623 1815 Quod
2653 1763 2782 1817 ergo
2829 1749 2989 1803 simul
3017 1761 3313 1819 operantur
3342 1753 3503 1810 unius

221 1843 399 1907 tione,
440 1856 545 1899 nec
576 1839 762 1910 Operis
789 1839 1083 1905 varietate;
1117 1836 1374 1908 quoniam
1401 1836 1542 1892 sicut
1577 1834 1818 1904 ejusdem
1847 1837 1894 1901 B
1922 1834 2239 1895 substantias
2292 1838 2522 1893 societas
2565 1839 2890 1894 ostenditur.
2924 1840 3076 1908 Quod
3113 1856 3241 1896 vero
3287 1842 3503 1902 Domini

221 1942 358 1997 sunt
384 1931 699 1997 voluntatis,
728 1931 808 1988 sic
830 1929 1075 1999 ejusdem
1110 1928 1465 2001 operationis,
1511 1943 1613 1984 nec
1659 1927 1817 1984 dissi-

222 2022 378 2081 milis
394 2022 671 2093 potentiae,
683 2022 943 2093 quoniam
960 2035 1069 2078 non
1097 2028 1225 2077 sunt
1244 2018 1525 2076 dissimilis
1546 2020 1815 2075 essentia.

222 2110 695 2182 Quemadmodum
750 2118 935 2167 autem
1000 2110 1212 2165 dicatur
1280 2108 1516 2181 Spiritus
1575 2117 1818 2175 sanctus,

210 2202 469 2277 Spiritus
520 2201 722 2261 Christi
775 2202 1090 2273 frequenter
1133 2210 1217 2258 est
1263 2201 1500 2267 dictum;
1565 2201 1822 2271 quoniam

220 2311 341 2355 non
371 2297 513 2351 sicut
538 2293 624 2355 vei
664 2308 794 2365 pars
822 2292 987 2359 illius,
1038 2292 1123 2349 vel
1172 2292 1427 2364 qualitas,
1472 2291 1555 2347 vel
1604 2291 1823 2362 aliquod

223 2385 556 2456 subjectum,
586 2386 684 2441 sed
727 2384 872 2439 sicut
924 2385 1225 2456 procedens
1254 2401 1284 2439 a
1311 2383 1549 2441 Christo.
1592 2384 1723 2439 Item
1754 2385 1823 2440 ad

223 2478 545 2545 Corinthios
591 2477 644 2535 iu
690 2477 923 2533 eadem:
958 2474 1131 2549 Usque
1178 2477 1489 2533 hodiernum
1529 2477 1665 2532 diem
1704 2491 1824 2530 cum

224 2569 427 2643 legitur
460 2567 688 2640 Moyses,
738 2567 986 2623 velamem
1030 2577 1106 2622 est
1146 2568 1375 2638 positum
1412 2584 1567 2638 super
1596 2584 1685 2623 cor
1732 2584 1823 2623 eo-

226 2677 385 2727 rum;
408 2677 527 2717 cum
554 2669 726 2715 autem
749 2676 1026 2715 conversus
1054 2659 1213 2725 fuerit
1241 2659 1309 2713 ad
1337 2658 1529 2725 Deum,
1555 2659 1826 2729 auferetur

225 2753 468 2813 uelamen
494 2750 578 2825 (.ll
603 2749 726 2806 Cor.
760 2767 846 2816 ιιι,
882 2750 970 2816 l5,
995 2751 1105 2823 l6).
1135 2750 1306 2819 Quem
1347 2751 1436 2807 hic
1471 2751 1616 2806 dicat
1658 2750 1825 2806 Deum

227 2843 396 2923 paulo
425 2842 673 2915 superius
704 2841 1046 2907 manifestat;
1078 2841 1266 2897 dicens
1303 2842 1369 2896 de
1391 2841 1582 2897 eodem
1604 2842 1827 2896 velami-

230 2949 307 2995 ne
335 2933 607 3005 quomodo
650 2932 706 2987 in
741 2931 959 2988 Christo
990 2940 1307 2987 evacuatur.
1338 2930 1397 2986 Si
1432 2946 1563 3001 ergo
1584 2930 1827 2986 velamen

231 3025 442 3083 veteris
476 3022 723 3079 lectionis
751 3028 1049 3079 evacuatur
1091 3020 1145 3075 in
1203 3020 1448 3086 Christo,
1480 3020 1828 3077 manifestum

232 3118 391 3193 quia,
422 3131 547 3173 cum
575 3128 873 3171 conversus
900 3114 1022 3185 quis
1052 3111 1216 3169 fuerit
1243 3113 1311 3169 ad
1348 3112 1644 3179 Christum,
1672 3111 1827 3171 aufe-

236 3221 393 3269 retur
413 3212 657 3268 velamen

238 3394 313 3451 Et
332 3411 426 3467 ego
453 3394 645 3466 ﬂebam
663 3392 909 3459 multum,
931 3393 1058 3465 quia
1081 3409 1234 3447 nemo
1268 3391 1455 3463 dignus
1485 3393 1727 3448 inventus
1752 3401 1829 3449 est

239 3487 448 3559 aperire
474 3486 686 3551 librum,
710 3503 803 3541 nec
826 3485 1000 3542 videre
1022 3502 1164 3541 eum.
1192 3484 1261 3541 Et
1290 3502 1427 3543 unus
1453 3486 1517 3540 de
1536 3485 1829 3541 senioribus

239 3580 375 3637 dixit
410 3580 542 3635 mihi
570 3593 589 3632 .°
628 3577 711 3647 Ne
748 3579 987 3650 ﬂeveris;
1018 3594 1133 3632 ecce
1158 3577 1276 3632 vicit
1314 3577 1393 3633 leo
1415 3578 1478 3631 de
1498 3578 1635 3631 tribu
1660 3575 1830 3641 .lutla,

242 3671 401 3728 radiat
420 3669 615 3736 David,
641 3670 845 3742 aperire
872 3670 1085 3735 librum,
1119 3678 1168 3724 et
1208 3679 1397 3739 septem
1422 3668 1695 3740 signacula
1717 3667 1832 3738 ejus

228 3765 434 3851 ⁸(Δροις.
468 3779 521 3829 v,
546 3763 605 3828 «ι,
634 3762 712 3836 5),
738 3761 961 3837 Apertio
983 3760 1127 3824 libri,
1166 3760 1449 3817 velaminis
1485 3768 1569 3815 est
1595 3759 1830 3814 ablatio:

245 3870 408 3927 quem
433 3862 615 3909 autem
665 3852 812 3908 dicat
852 3851 957 3908 ista
992 3850 1284 3914 facturum,
1330 3864 1436 3906 non
1466 3857 1588 3922 eget
1623 3849 1838 3918 exposi-

249 3947 418 4011 tione,
456 3959 579 4001 cum
607 3941 954 3999 manifestum
995 3941 1067 3996 sit
1093 3940 1304 3995 leonem
1343 3939 1408 3995 de
1433 3939 1573 3994 tribu
1598 3938 1757 4006 Juda,
1783 3940 1839 3993 et

251 4035 490 4093 radicem
549 4032 738 4098 David,
795 4029 1103 4102 signiﬁcare
1143 4028 1437 4096 Christum,
1492 4030 1581 4102 qui
1634 4038 1839 4100 septeni

250 4141 467 4201 quoque
496 4124 771 4195 signacula
810 4122 929 4193 ejus
973 4122 1294 4194 perhibetur
1348 4122 1583 4192 aperire.
1632 4121 1840 4189 Quibus

255 4227 462 4290 septem
506 4215 796 4287 signaculis
826 4213 1062 4286 Spiritus
1104 4220 1325 4270 sanctus
1366 4214 1673 4269 insinuatur
1709 4218 1838 4283 pro-‘-

251 4277 375 4388 Ριξξι·
399 4277 801 4382 δεριειιιριίεειιι
830 4277 997 4380 ipsius
1011 4306 1318 4361 donationis
1339 4307 1591 4378 gratiam.
1614 4277 1731 4377 Ipse
1757 4277 1883 4361 est0

252 4419 490 4474 namque
526 4402 757 4474 Spiritus
805 4405 1078 4475 sapientiae
1107 4414 1155 4459 et
1198 4402 1514 4472 intellectus,
1556 4404 1761 4459 consilii
1790 4412 1840 4457 et

254 4498 606 4570 fortitudinis,
636 4498 867 4553 scientia:
893 4507 941 4552 et
962 4497 1194 4569 pietatis,
1218 4496 1332 4566 ipse
1361 4512 1573 4568 quoque
1610 4495 1841 4567 Spiritus

1904 1927 2159 1999 .Spiritus
2180 1928 2398 1995 dicitur,
2429 1928 2572 1999 quod
2599 1930 2666 1984 ab
2698 1929 2813 1999 ipso
2841 1932 3103 2001 procedit,
3152 1933 3460 1990 insinuatur
3485 1953 3501 1991 :

1920 2018 2209 2079 Dominum
2267 2036 2501 2090 namque
2558 2020 2898 2079 Salvatorem
2953 2024 3055 2079 hoc
3123 2026 3177 2081 in
3252 2026 3372 2083 loco
3431 2028 3505 2086 si-

1921 2110 2166 2182 gnificari
2195 2110 2600 2168 circumstantia
2626 2112 2875 2170 lectionis
2902 2116 3183 2175 evidenter
3241 2118 3500 2179 insinuat.

2540 2247 2767 2305 CAPUT
2804 2249 2911 2306 VII.

2484 2339 2800 2398 Testimonio
2843 2344 2971 2400 alia.

1994 2472 2191 2528 Beatus
2230 2470 2422 2528 Petrus
2470 2473 2745 2543 apostolus
2808 2476 2997 2533 scribit
3060 2480 3404 2539 credentibus
3453 2484 3510 2540 in

1924 2563 2161 2635 Epistula
2176 2564 2349 2634 prima
2366 2584 2377 2595 ·
2398 2564 2478 2618 De
2492 2582 2595 2637 qua
2617 2565 2787 2621 salute
2807 2568 3161 2639 exquisierunt
3183 2580 3337 2643 atque
3356 2589 3507 2630 scru-

1926 2656 2022 2708 tati
2044 2664 2165 2709 sunt
2198 2655 2482 2725 prapltetw,
2510 2656 2602 2726 qui
2628 2655 2895 2723 defutura
2921 2658 2976 2711 in
3016 2659 3155 2713 vobis
3190 2663 3363 2730 gratia
3386 2679 3510 2734 pro-

1925 2747 2286 2817 phetaverunt,
2317 2756 2609 2802 scrutantes
2649 2748 2703 2801 in
2748 2748 2887 2816 quod
2918 2749 2994 2803 vel
3020 2750 3175 2823 quale
3217 2762 3416 2824 tempus
3439 2756 3513 2813 si-

1926 2842 2200 2912 gniﬁcaret
2242 2842 2296 2896 in
2324 2843 2399 2895 eis
2440 2841 2670 2908 Spiritus
2718 2841 2912 2896 Christi
2938 2841 2988 2912 (I
3023 2840 3171 2898 Petr.
3208 2860 3248 2911 ι,
3280 2845 3508 2918 l0,-ll).

1927 2932 2187 3005 Princeps
2221 2932 2587 3004 apostolorum
2633 2933 2718 2989 cui
2749 2931 3000 2989 Salvator
3041 2934 3277 3005 loquitur
3307 2954 3320 2991 :
3348 2936 3426 2991 Tu
3453 2954 3511 3003 es

1902 3022 2143 3092 .Petrus,
2167 3036 2216 3082 et
2267 3043 2425 3097 super
2459 3026 2596 3081 hanc
2648 3038 2850 3098 petram
2900 3028 3170 3097 a‘diﬁcabo
3218 3027 3513 3088 Ecclesium

1930 3133 2099 3172 meam
2129 3116 2343 3188 (Matth.
2376 3122 2488 3182 x'vr,
2532 3116 2644 3188 l8),
2669 3118 2847 3173 dicere
2874 3134 2979 3173 non
3011 3119 3220 3174 dubitat
3250 3119 3510 3192 Spiritum

1853 3197 1899 3261 C
1932 3216 2203 3272 sanctum,
2234 3208 2326 3278 qui
2356 3206 2568 3263 locutus
2589 3215 2673 3263 est
2698 3207 2751 3262 in
2774 3209 3073 3278 prophetis,
3105 3209 3365 3279 Spiritum
3391 3227 3513 3270 esse

312 3302 467 3372 Quod
497 3312 552 3358 et
586 3302 777 3358 beatus
805 3299 1045 3359 Joannes
1073 3301 1126 3356 in
1166 3299 1492 3372 Apocalypsi
1528 3316 1625 3356 sua
1649 3298 1823 3355 dicit:
1860 3294 1865 3299 ”

1931 3298 2167 3357 Christi:
2198 3308 2253 3355 et
2284 3300 2468 3356 nescio
2490 3299 2581 3371 qui
2626 3299 2870 3356 saeculari
2902 3300 3028 3356 elati
3072 3302 3332 3373 dignitate
3377 3319 3516 3376 pra-

1931 3401 2152 3450 sumunt
2188 3393 2608 3462 reprehendere,
2645 3394 2785 3464 quod
2842 3394 2910 3448 ab
2961 3394 3216 3464 apostolis
3260 3395 3515 3454 Ecclesia:

1932 3485 2132 3541 Christi
2181 3485 2518 3541 didicerunt!
2555 3484 2696 3557 Ergo
2746 3484 2790 3541 si
2832 3484 3071 3555 Spiritus
3122 3496 3346 3543 sanctus
3404 3504 3513 3549 non

1932 3575 2177 3648 procedit
2213 3592 2242 3630 a
2288 3574 2526 3641 Christo,
2569 3575 2839 3645 quomodo
2884 3574 3117 3647 Spiritus
3153 3577 3350 3633 dicitur
3392 3593 3516 3637 esse

1934 3666 2171 3724 Christi?
2197 3669 2443 3740 procedit
2476 3668 2686 3741 igitura
2724 3667 2961 3736 Christo,
2992 3672 3119 3741 quia
3144 3687 3251 3726 non
3275 3687 3341 3728 ex
3385 3675 3514 3730 sub-

1926 3758 2188 3829 jectione,
2213 3776 2313 3816 nec
2336 3776 2404 3816 ex
2426 3760 2739 3831 particulari
2763 3761 3003 3819 sectione
3029 3761 3224 3819 dicitur
3236 3762 3353 3833 ejus
3370 3780 3514 3832 esse,

1936 3852 2032 3907 sed
2073 3851 2217 3922 quod
2262 3850 2381 3922 ejus
2433 3852 2499 3907 de
2555 3851 2855 3907 substantia
2912 3853 3345 3910 substantialiter
3393 3870 3517 3926 pro-

1938 3944 2115 4001 cedat.

2008 4035 2183 4092 Cerne
2209 4049 2423 4107 quoque
2450 4034 2667 4090 beatum
2710 4030 2971 4090 Joannem
3002 4037 3055 4091 in
3088 4033 3333 4093 eamdem
3385 4051 3520 4096 cou-

1940 4143 2156 4184 currere
2199 4130 2556 4192 sententiam,
2596 4135 2650 4182 et
2693 4126 2955 4197 Spiritum
3017 4139 3270 4187 sanctum
3318 4128 3521 4188 Christi

1943 4221 2201 4292 Spiritum
2234 4234 2353 4276 esse
2383 4219 2843 4292 proclamantem;
2866 4222 3097 4276 aitenim
3122 4221 3174 4276 in
3196 4221 3522 4295 Apocalypsi

1942 4314 2010 4369 Et
2042 4316 2148 4371 vidi
2174 4316 2230 4370 in
2253 4316 2421 4370 medio
2444 4315 2639 4381 throni,
2683 4325 2730 4370 et
2773 4325 3000 4386 quatuor
3021 4315 3354 4382 animalium,
3385 4327 3432 4372 et
3463 4316 3522 4371 in

1940 4410 2110 4466 medio
2156 4409 2421 4463 seniorum
2447 4424 2641 4480 agnum
2687 4406 2928 4474 stantem,
2968 4418 3221 4480 tanquam
3267 4411 3524 4478 occisum,

1942 4500 2213 4556 habentem
2235 4515 2435 4554 cornua
2460 4508 2674 4570 septem,
2689 4508 2737 4553 et
2759 4498 2936 4553 oculos
2967 4510 3157 4568 septem
3175 4499 3357 4570 (Apoc.
3376 4515 3428 4565 v,
3441 4499 3522 4572 6).

256 4588 458 4649 timoris
482 4586 717 4653 Domini,
742 4587 882 4647 sicut
920 4587 1180 4659 propheta
1213 4585 1453 4658 loquitur
1490 4582 1657 4639 Isaias
1697 4582 1833 4655 (Isa.
1865 4572 1916 4632 Ῑ)
1944 4591 2010 4647 Ει
2054 4606 2331 4663 exponens
2366 4590 2494 4662 quid
2522 4590 2742 4657 dixerit,
2776 4588 2971 4661 adjecit
3001 4607 3015 4645 :
3062 4587 3166 4656 Qui
3187 4599 3309 4645 sunt
3330 4598 3527 4660 septem

256 4682 438 4754 31,2).
463 4681 657 4753 Aperit
697 4688 879 4739 autem
929 4688 1135 4750 septem
1184 4678 1461 4755 signacula
1517 4677 1638 4733 libri
1682 4676 1842 4747 hujus
1941 4683 2157 4754 spiritus
2204 4682 2302 4738 Dei
2341 4683 2485 4738 missi
2525 4684 2580 4738 in
2616 4699 2819 4738 omnem
2852 4693 3046 4738 terram
3072 4682 3286 4755 (Ibid.).
3313 4684 3528 4756 Agnum

261 4774 418 4833 radix
455 4773 658 4839 David,
686 4772 739 4828 id
789 4780 873 4830 est
923 4769 1225 4831 Salvator:
1284 4770 1538 4841 quoniam
1584 4768 1844 4840 mysteria
1945 4774 2183 4830 occisum
2227 4788 2409 4838 nemo,
2461 4783 2609 4843 puto,
2661 4774 2873 4845 negabit
2946 4774 3245 4828 catholicus
3302 4773 3527 4845 intelligi

261 4882 380 4943 quae
432 4866 779 4927 continentur
829 4864 885 4920 in
947 4879 1015 4919 eo
1080 4862 1365 4935 spiritalia,
1415 4869 1731 4916 reseruntur
1789 4860 1844 4915 in
1946 4864 2219 4921 Christum
2269 4863 2503 4920 debere:
2555 4863 2621 4917 de
2668 4879 2775 4934 quo
2824 4863 3061 4934 Baptista
3089 4861 3361 4919 Joannes:
3395 4862 3531 4918 Ecce

262 4958 501 5027 Christo.
531 4973 657 5016 cum
685 4956 929 5013 aufertur
947 4954 1192 5010 velamen
1210 4953 1351 5026 quod
1379 4954 1434 5009 in
1457 4953 1596 5009 libro
1625 4951 1847 5009 Veteris
1949 4969 2115 5024 agnus
2141 4953 2258 5020 Dei,
2280 4970 2396 5008 ecce
2421 4956 2511 5025 qui
2542 4953 2675 5008 tollit
2699 4965 2910 5023 peccata
2938 4954 3119 5007 mundi
3137 4953 3317 5025 (Joau.
3350 4970 3388 5020 ι,
3411 4953 3529 5027 29).

264 5047 597 5105 Testamenti
661 5054 877 5107 constat
942 5045 1246 5119 signatum,
1317 5053 1373 5101 et
1443 5043 1717 5101 revelatur
1792 5042 1846 5098 in

265 5137 500 5199 Christo.

334 5231 628 5304 Subjungit
653 5245 784 5289 vero
819 5229 1149 5304 Apostolus:
1192 5226 1451 5286 Dominus
1479 5241 1653 5286 autem
1686 5231 1855 5304 Spiri-

267 5333 347 5387 ttts
367 5334 464 5391 est,
479 5324 569 5380 ubi
594 5334 769 5379 autem
797 5320 1028 5395 Spiritus
1050 5322 1285 5386 Domini,
1302 5321 1371 5376 ibi
1396 5320 1608 5379 libertas
1625 5322 1711 5396 (ll
1727 5323 1850 5381 Cor.

272 5434 351 5487 tu,
382 5418 494 5494 l7).
522 5416 687 5490 Cujus
708 5417 972 5475 Domini?
1002 5417 1269 5475 Nimirum
1306 5416 1454 5474 illius
1488 5419 1541 5475 in
1577 5434 1684 5490 quo
1704 5420 1853 5499 vela-

272 5526 391 5569 men
433 5510 700 5578 aufertur,
736 5511 880 5583 quod
917 5510 973 5567 in
1002 5510 1233 5589 lectione
1273 5509 1485 5567 Veteris
1520 5509 1869 5583 Testamenti

276 5615 392 5658 cum
414 5602 611 5674 legitur
636 5601 864 5675 Moyses,
896 5610 1079 5658 manet
1096 5618 1211 5658 non
1240 5600 1536 5657 revelatum
1569 5620 1581 5657 :
1627 5605 1855 5663 remotio

278 5707 403 5750 vero
428 5693 746 5777 velaminis,
795 5693 1027 5750 remotio
1076 5692 1354 5748 servitutis
1394 5701 1497 5758 est,
1532 5708 1651 5763 quae
1682 5695 1854 5751 conti-

281 5794 433 5843 netur
462 5787 516 5842 in
550 5786 729 5842 littera
761 5785 911 5859 legis,
938 5794 999 5841 ut
1031 5785 1123 5840 tiat
1167 5783 1389 5875 libertas
1429 5799 1549 5854 qua:
1589 5800 1685 5855 per
1732 5786 1853 5861 Spi-

1954 5045 2054 5101 llic
2079 5060 2249 5119 agnus
2273 5045 2368 5101 Dei
2390 5044 2700 5101 immolatus
2722 5055 2806 5100 est
2823 5056 3047 5116 propter
3071 5057 3293 5117 peccata
3320 5048 3531 5115 mundi,

1954 5146 2010 5194 et
2059 5136 2357 5193 resurrexit
2409 5145 2630 5207 pr0pter
2670 5134 3109 5205 justiticationem
3170 5136 3373 5193 mundi.
3431 5136 3535 5196 Hic

1956 5242 2128 5300 agnus
2163 5228 2365 5285 habere
2413 5227 2613 5284 dicitur
2636 5225 2823 5284 oculos
2845 5238 3077 5300 septem,
3098 5229 3298 5300 quibus
3324 5239 3534 5301 septem

1956 5319 2050 5375 Dei
2091 5318 2337 5391 spiritus,
2373 5318 2580 5375 Joanne
2636 5319 2884 5384 docente,
2935 5319 3310 5390 signiﬁcantur
3350 5337 3364 5373 :
3425 5336 3536 5383 non

1956 5412 2081 5486 quia
2124 5420 2331 5489 septem
2360 5412 2470 5470 sint
2517 5426 2872 5485 personarum
2910 5413 3372 5480 enumerationes,
3409 5427 3533 5496 cqm

1958 5506 2029 5565 sit
2075 5520 2215 5561 unus
2256 5502 2492 5579 Spiritus
2520 5514 2740 5562 sanctbs
2772 5505 2825 5561 in
2852 5513 3055 5563 sanctae
3085 5504 3366 5560 Trinitatis
3388 5519 3538 5563 com-

1958 5598 2344 5672 prehensione:
2389 5608 2593 5671 septem
2626 5608 2805 5655 autem
2853 5599 3128 5666 dicuntur,
3178 5606 3404 5670 propter
3446 5612 3537 5657 se-

1957 5693 2260 5766 ptenariam
2287 5693 2547 5749 donorum
2582 5692 3047 5760 distributionem;
3083 5708 3208 5748 nam
3235 5693 3541 5749 substantia

1960 5788 2085 5843 liter
2136 5803 2274 5843 unus
2316 5795 2417 5844 est.
2458 5786 2598 5858 Ergo
2628 5786 2997 5853 manifestum,
3025 5802 3148 5841 cum
3201 5785 3333 5842 dicit
3357 5785 3544 5853 oculos
