4026 6346
553 342 658 400 259

1583 329 1944 391 RA'I‘RAMNI
1982 329 2433 388 CORBEIENSIS
2467 327 2768 386 MONACHI

3708 324 3817 380 2N)

551 471 751 530 agnum
779 454 982 510 habere
1011 458 1237 524 septem,
1263 450 1406 521 quod
1431 449 1702 506 Christum
1755 447 1988 501 fateatur
2032 444 2130 499 ha-
2155 447 2210 508 Α
2303 444 2369 498 Ει
2397 442 2770 514 Apocalypsis,
2819 453 3100 511 postquam
3146 440 3281 496 dixit
3335 447 3542 510 septem
3595 440 3820 510 spiritus

549 549 680 605 bere
717 547 976 617 Spiritum
1021 553 1287 608 sanctum,
1339 558 1444 598 non
1487 541 1641 610 quasi
1681 537 1980 594 membrum
2025 534 2126 589 ali-

548 642 713 714 quod,
739 639 823 695 vel
851 648 1056 708 partem
1088 634 1333 706 corporis
1376 634 1634 705 aliquam,
1679 631 1772 686 sed
1803 627 1944 699 quod
1998 627 2130 683 sub-

549 730 875 787 stantialiter
901 731 953 783 in
1000 727 1115 796 ipso
1145 726 1237 791 sit,
1269 740 1298 778 a
1342 739 1450 793 quo
1495 720 1921 778 substantialiter
1966 720 2130 773 etiam

544 822 810 894 procedit.
854 821 908 874 ln
942 819 1058 888 ipso
1081 825 1260 872 autem
1302 815 1530 870 dicimus
1579 828 1718 880 esse,
1767 830 1872 868 non
1907 812 2130 868 velutin

542 916 687 978 loco,
732 927 833 967 nec
860 911 1006 964 velut
1036 910 1090 964 in
1131 907 1407 977 subjecto;
1442 921 1548 961 non
1598 905 1740 959 enim
1767 905 2076 968 continetur
2099 918 2130 956 a

545 1006 782 1070 Christo,
815 1003 971 1074 quasi
1017 1001 1195 1056 minor
1238 1001 1310 1055 sit
1341 998 1579 1064 Christo,
1610 998 1754 1068 quod
1783 997 1920 1052 solet
1969 997 2130 1050 rebus

545 1099 857 1169 contingere
881 1112 1002 1166 quae
1022 1095 1157 1151 locis
1180 1094 1561 1156 continentur;
1590 1091 1792 1162 majora
1827 1098 1953 1144 sunt
1983 1089 2131 1144 enim

544 1208 664 1262 quae
715 1189 996 1244 continent
1060 1187 1140 1242 eis
1201 1202 1321 1257 qua:
1372 1184 1717 1240 continentur
1774 1199 1788 1235 :
1840 1198 1945 1238 non
1987 1181 2130 1234 enim

543 1287 622 1340 sic
665 1285 893 1339 dicimus
948 1297 1068 1337 esse
1145 1280 1409 1351 Spiritum
1477 1288 1726 1334 sanctum
1797 1279 1849 1332 in
1890 1276 2130 1340 Christo,

541 1377 798 1446 quoniam
829 1373 1051 1440 aequalis
1091 1379 1192 1435 est,
1228 1387 1332 1424 non
1361 1370 1555 1425 minor.
1599 1368 1706 1424 Sed
1731 1381 1909 1437 neque
1936 1366 2016 1420 sic
2045 1364 2124 1418 di-

543 1470 687 1524 citur
723 1467 874 1536 quasi
909 1466 959 1519 in
983 1461 1256 1531 subjecto;
1284 1476 1390 1515 non
1414 1461 1558 1516 enim
1581 1469 1666 1514 est
1684 1459 1962 1522 accidens,
1988 1455 2133 1534 quod

529 1562 664 1616 sine
714 1560 795 1615 sui
842 1558 1085 1628 subjecto
1131 1570 1238 1610 non
1285 1554 1458 1624 possit
1505 1552 1786 1607 existere:
1820 1549 1915 1606 sed
1950 1557 2036 1604 est
2078 1547 2133 1603 in

544 1653 764 1709 Christo
809 1653 950 1706 sicut
996 1647 1503 1713 consubstantialis;
1558 1647 1700 1702 sicut
1745 1645 1798 1700 in
1846 1643 2134 1714 splendore

545 1749 686 1821 ignis
713 1746 958 1801 videmus
986 1745 1162 1799 inesse
1191 1741 1429 1796 calorem
1463 1759 1475 1794 :
1518 1739 1658 1810 ignis
1685 1739 1829 1793 enim
1873 1745 1929 1792 et
1953 1734 2134 1806 splen-

543 1843 636 1898 det
664 1850 719 1895 et
745 1839 906 1903 calet,
945 1837 1214 1908 quomodo
1247 1845 1300 1890 et
1344 1833 1611 1888 illuminat
1656 1839 1712 1888 et
1754 1829 2021 1886 accendit.

534 1941 536 1945 '
613 1933 791 1988 Habes
811 1931 974 1987 etiam
1006 1931 1058 1984 in
1090 1928 1352 1984 Zacharia
1381 1926 1642 1996 propheta
1669 1939 1683 1977 :
1710 1923 1847 1978 Ecce
1877 1923 2015 1976 enim
2038 1919 2134 1973 ad-

542 2026 732 2079 ducam
760 2039 965 2077 servum
992 2036 1162 2074 meum
1186 2020 1434 2073 orientem
1466 2031 1482 2068 :
1509 2018 1635 2088 quia
1665 2032 1780 2070 ecce
1817 2013 1951 2083 lapis
1981 2027 2134 2084 quem

542 2117 664 2172 dedi
695 2131 871 2170 coram
904 2112 1066 2178 Iesu;
1096 2128 1251 2183 super
1290 2110 1516 2180 lapidem
1559 2125 1722 2162 unum
1769 2115 1961 2176 septem
1996 2102 2134 2158 oculi

540 2218 662 2265 sunt
700 2204 886 2278 (Zach.
919 2221 1000 2270 tn,
1028 2202 1116 2272 8);
1155 2212 1211 2258 et
1240 2201 1378 2256 infra
1414 2219 1428 2255 :
1463 2199 1664 2271 Septem
1708 2200 1794 2254 isti
1836 2197 1975 2252 oculi
2013 2204 2132 2251 sunt

542 2300 777 2363 Domini,
805 2298 894 2366 qui
933 2296 1236 2350 discurrunt
1293 2295 1348 2347 in
1395 2294 1692 2347 universam
1721 2302 1915 2345 terram
1939 2287 2128 2362 (Zach.

545 2411 615 2457 tv,
649 2393 760 2462 10).
811 2390 971 2461 Lapis
1002 2390 1100 2443 iste
1141 2386 1389 2443 Salvator
1431 2396 1537 2452 est,
1585 2386 1652 2442 de
1697 2400 1806 2454 quo
1847 2383 2133 2440 Psalmista

540 2485 820 2554 loquitur:
866 2481 1118 2553 Lapidem
1164 2496 1315 2552 quem
1347 2479 1749 2550 reprobaverunt
1789 2477 2132 2546 wdiﬁcantes,

539 2577 623 2632 hic
651 2577 820 2647 factus
842 2583 917 2629 est
944 2575 999 2628 in
1029 2584 1181 2644 caput
1203 2571 1383 2643 anguli
1411 2570 1584 2643 (Psal.
1608 2585 1774 2636 cxvu,
1808 2569 1921 2640 2‘2).
1961 2568 2134 2634 Quem

540 2672 706 2727 etiam
751 2683 966 2724 servum
994 2682 1148 2721 suum
1183 2665 1450 2719 orientem
1501 2665 1642 2718 Deus
1672 2663 1836 2717 Pater
1861 2658 2131 2730 appellat:

540 2778 758 2820 servum
790 2767 1012 2832 propter
1064 2757 1295 2813 hominis
1353 2755 1787 2826 susceptionem;
1842 2751 2134 2814 orientem,

539 2851 667 2924 quia
717 2853 830 2922 ipse
859 2859 940 2905 est
971 2847 1051 2904 sol
1093 2847 1338 2920 justitim.
1381 2847 1446 2900 Et
1478 2862 1640 2917 super
1683 2845 1845 2900 istum
1901 2841 2135 2913 lapidem

543 2943 729 2999 oculos
749 2942 881 2996 dicit
909 2954 1029 2996 esse
1060 2948 1264 3010 septem
1294 2937 1504 2992 Domini
1536 2939 1905 2992 discurrentes
1930 2935 1982 2988 in
2011 2932 2134 2987 ιιιιὶ-

541 3048 760 3089 versam
787 3041 1010 3086 terram.
1052 3031 1108 3084 In
1140 3029 1312 3084 oculis
1352 3028 1614 3098 Spiritum
1647 3037 1895 3082 sanctunt
1935 3023 2133 3079 intelli-

540 3125 795 3198 gendum.
848 3123 1067 3194 Septem
1115 3130 1293 3176 autem
1344 3128 1562 3189 propter
1611 3134 1834 3174 causam
1883 3116 2132 3188 superius

541 3221 768 3283 dictam,
813 3231 936 3273 cum
970 3231 1108 3270 unus
1152 3214 1222 3270 sit
1278 3213 1512 3283 Spiritus
1561 3221 1804 3276 sanctus,
1831 3211 1970 3264 dona
2001 3225 2130 3264 vero
2158 3183 2203 3247 ί)

541 3315 842 3388 gratiarum
874 3311 1048 3382 plura.
1079 3308 1218 3377 Quid
1247 3317 1333 3362 est
1353 3321 1534 3362 autem
1558 3321 1722 3376 super
1767 3304 2000 3374 lapidem
2047 3317 2133 3359 se-

540 3419 687 3482 ptem
733 3403 916 3461 oculos
953 3403 1107 3458 esse?
1160 3401 1425 3456 Nimirum
1477 3400 1740 3470 Spiritum
1780 3405 2027 3452 sanctum
2076 3395 2131 3451 in

540 3500 759 3556 Christo
788 3510 1026 3552 manere.
1065 3494 1130 3549 Et
1165 3495 1306 3550 sicut
1340 3493 1481 3548 oculi
1517 3493 1769 3547 dicuntur
1791 3489 1908 3560 ejus
1945 3489 1998 3544 in
2025 3503 2134 3559 quo

543 3601 671 3648 sunt
698 3586 1128 3645 substantialiter
1167 3601 1306 3651 esse,
1347 3585 1427 3640 sic
1464 3583 1725 3654 Spiritum
1756 3592 2002 3638 sanctum
2048 3581 2131 3635 in-

543 3682 755 3753 telligas
790 3679 994 3735 Christi
1024 3694 1164 3736 esse.
1200 3677 1351 3745 Quod
1383 3685 1439 3731 et
1469 3677 1568 3730 sub
1607 3675 1786 3746 specie
1820 3671 2134 3729 candelabri

542 3775 689 3831 idem
715 3772 976 3844 propheta
1009 3770 1263 3842 signavit,
1297 3769 1480 3824 dicens
1508 3785 1519 3820 :
1565 3763 1706 3831 Vidi,
1734 3775 1781 3819 et
1803 3781 1916 3819 ecce
1944 3762 2136 3817 cande-

543 3865 751 3921 labrum
777 3879 996 3917 aureum
1029 3870 1215 3926 totum,
1237 3871 1284 3914 et
1321 3859 1522 3929 lampas
1551 3859 1665 3928 ejus
1693 3874 1846 3927 super
1871 3865 2025 3926 caput
2055 3855 2135 3925 ip-

490 3989 506 4000 -
543 3957 676 4021 sius,
703 3965 749 4010 et
783 3964 975 4024 septem
1011 3951 1238 4007 lucerna:
1265 3951 1378 4021 ejus
1405 3966 1561 4019 super
1593 3949 1725 4002 illud
1753 3947 1938 4020 (Zach.
1965 3945 2131 4016 tv,2).

543 4045 940 4103 Candelabrum
987 4059 1210 4098 aureum
1244 4041 1445 4097 Christi
1498 4041 1749 4110 conspice
1796 4040 2133 4095 incarnatio-

544 4154 700 4202 netn;
734 4151 956 4192 aureum
988 4135 1114 4204 quia
1146 4133 1263 4188 sine
1309 4131 1540 4195 macula,
1589 4129 1704 4186 sine
1749 4130 1926 4201 aliqua
1981 4146 2132 4185 cont-

546 4233 800 4287 rnistione
823 4229 1028 4294 delicti,
1053 4236 1225 4284 totum
1257 4226 1539 4298 fulgidum,
1575 4234 1746 4282 totum
1776 4225 2132 4295 splendidum.

546 4325 781 4393 Latnpas
816 4332 996 4378 autem
1037 4338 1200 4393 super
1248 4332 1410 4391 caput
1457 4320 1624 4390 ipsius
1657 4319 1918 4373 Divinitas
1951 4326 2035 4373 est
2082 4318 2134 4372 in

517 4417 784 4470 homine.
838 4413 1005 4485 Caput
1053 4413 1196 4467 enim
1227 4411 1424 4466 Christi
1472 4411 1636 4477 Deus,
1671 4411 1802 4465 dicit
1847 4408 2136 4478 Apostolus

545 4509 596 4581 (l
633 4509 754 4564 Cor.
787 4526 862 4574 xr,
891 4508 967 4580 5).
1011 4507 1230 4578 Septem
1259 4523 1390 4562 vero
1423 4507 1656 4562 lucernze
1697 4522 1861 4577 super
1891 4505 2038 4569 illttd,
2081 4505 2135 4560 id

543 4611 627 4655 est
660 4615 824 4670 super
846 4598 1254 4664 candelabrum,
1281 4598 1366 4653 vel
1395 4614 1559 4668 super
1589 4606 1753 4669 caput
1783 4597 1919 4667 ejus,
1961 4595 2136 4667 pleni-

548 4694 675 4748 tudo
702 4701 784 4747 est
815 4690 1050 4762 Spiritus
1085 4691 1290 4756 sancti;
1323 4691 1617 4760 requiescit
1646 4706 1810 4761 super
1853 4689 2003 4743 illum
2052 4703 2137 4743 se-

545 4786 780 4840 cundum
810 4783 960 4838 lsaize
1005 4784 1145 4838 vatis
1189 4783 1506 4838 oraculum:
1540 4782 1604 4836 Et
1653 4783 1932 4853 requiescet
1979 4795 2136 4851 super

546 4895 663 4932 eum
693 4877 922 4948 Spiritus
947 4877 1218 4946 sapientia:
1246 4887 1293 4930 et
1327 4876 1635 4941 intellectus,
1669 4874 1896 4944 Spiritus
1931 4873 2136 4930 consilii

509 4979 518 4987 ·
547 4980 592 5022 et
619 4968 962 5038 fortitudinis,
997 4967 1226 5038 Spiritus
1261 4971 1492 5023 scientia:
1521 4980 1566 5023 et
1591 4970 1821 5040 pietatis,
1847 4977 1894 5022 et
1924 4966 2134 5038 replebit

509 5075 514 5082 '
550 5076 667 5112 eum
693 5058 920 5129 Spiritus
945 5061 1146 5112 timoris
1177 5058 1388 5114 Domini
1413 5060 1546 5130 (lsa.
1584 5076 1660 5124 XI,
1680 5061 1758 5131 ‘2).
1795 5059 1947 5126 Quod
1975 5059 2021 5112 si
2045 5074 2135 5112 stt-

552 5167 646 5220 pcr
669 5150 944 5205 Christum
975 5160 1177 5220 septeni
1219 5149 1456 5207 lucerna:
1486 5152 1721 5222 Spiritus
1749 5153 1920 5208 sancti
1955 5152 2135 5222 requi-

549 5251 761 5306 escunt,
791 5241 1085 5311 requiescit
1107 5241 1160 5295 in
1187 5258 1252 5298 eo
1275 5242 1509 5313 Spiritus
1529 5253 1773 5309 sanctus,
1799 5244 1890 5313 qui
1907 5244 2134 5298 detnon-

551 5344 754 5390 stratur
793 5334 844 5388 in
890 5343 1096 5402 septem
1126 5333 1392 5400 lucernis;
1435 5344 1491 5390 et
1514 5351 1634 5391 cum
1665 5336 1716 5390 in
1744 5351 1808 5390 eo
1846 5334 2138 5405 requiescit

552 5424 904 5480 inhabitando
951 5423 1396 5492 substantialiter,
1441 5427 1608 5497 ipsius
1651 5437 1733 5482 est
1781 5426 2033 5497 Spiritus,
2081 5427 2135 5481 in

552 5532 659 5586 quo
694 5515 1117 5572 substantialiter
1163 5518 1476 5590 requiescit.
1520 5519 1673 5576 Unde
1713 5536 1819 5576 non
1868 5520 2138 5575 immerito

554 5607 786 5682 Spiritus
811 5625 929 5664 esse
967 5610 1168 5667 Christi
1192 5613 1409 5668 dicitur.
1443 5613 1747 5669 Notandum
1784 5623 1963 5668 autem
1992 5613 2138 5684 quod

495 5717 502 5722 ’
553 5699 620 5754 de
650 5700 753 5754 isto
802 5701 1004 5772 Spiritu
1044 5719 1142 5773 per
1184 5714 1388 5774 septem
1419 5705 1606 5759 oettlos
1649 5705 1970 5776 signiﬁcato,
2005 5706 2134 5763 sub-

545 5791 811 5867 jttngitur,
839 5795 980 5867 quod
1011 5796 1320 5852 discurrant
1351 5799 1404 5854 itt
1432 5799 1739 5855 universam
1767 5808 1987 5854 terrain.

2231 536 2327 590 Dei
2367 543 2573 604 septem
2605 550 2725 590 esse
2770 533 2957 589 oculos
2989 533 3132 605 agni,
3185 532 3463 602 subjunxit
3509 552 3523 587 ι
3575 532 3727 588 Missi
3756 533 3820 587 in

2229 643 2434 682 omnem
2490 637 2684 682 terram
2731 627 2913 696 (Apoc.
2956 641 3007 689 v,
3051 626 3126 695 6).
3183 625 3335 693 Quod
3379 623 3676 680 Zacharias
3718 625 3817 690 ait,

2229 718 2598 783 discurrentes,
2618 719 2720 772 hoc
2737 716 2971 772 Joannes
2993 718 3047 772 in
3073 717 3396 788 Apocalypsi
3419 717 3572 782 dicit,
3596 718 3820 782 missos;

2228 813 2505 868 missionis
2526 811 2788 867 vocabulo
2830 812 3228 882 processionem
3269 812 3551 867 insinuans
3582 811 3821 882 Spiritus

2231 903 2426 967 sancti,
2460 902 2552 972 qui
2583 902 2710 957 dum
2741 902 3173 958 substantialiter
3209 901 3282 956 sit
3328 902 3382 956 in
3420 902 3661 967 Christo,
3710 917 3820 958 non

2232 994 2508 1058 discurrit,
2538 994 2620 1049 vel
2653 994 2910 1059 mittitur,
2949 994 3052 1049 nisi
3097 993 3355 1064 procedat
3377 1010 3408 1048 a
3435 994 3679 1060 Christo,
3710 1011 3818 1050 non

2230 1086 2496 1153 localiter,
2520 1089 2614 1143 sed
2635 1086 3083 1143 substantialiter.
3117 1085 3186 1142 Ut
3211 1087 3354 1140 enim
3383 1087 3472 1150 sit,
3500 1088 3728 1158 suscipit
3762 1097 3823 1144 et

2233 1195 2264 1234 a
2295 1178 2457 1235 Patre
2483 1181 2690 1250 pariter
2717 1189 2772 1234 et
2812 1195 2842 1234 a
2889 1179 3053 1244 Filio;
3087 1178 3225 1233 sicut
3260 1178 3427 1234 Filius
3451 1180 3821 1237 essentialiter

2233 1280 2293 1326 ut
2320 1272 2394 1328 sit
2416 1272 2624 1342 accepit
2653 1289 2682 1325 a
2714 1271 2892 1326 Patre.
2923 1270 3028 1326 Sed
3063 1286 3170 1325 non
3195 1271 3822 1327 recurritconvertibili-

2204 1402 2206 1405 -
2237 1375 2341 1431 ter,
2369 1377 2428 1421 ιιι
2455 1367 2581 1436 quia
2625 1366 2858 1435 Spiritus
2888 1373 3110 1419 sanctus
3137 1364 3202 1418 de
3221 1363 3359 1420 Filio
3385 1365 3591 1434 pariter
3629 1380 3822 1435 proce-

2219 1459 2313 1512 ‘dit
2358 1468 2412 1512 et
2441 1457 2620 1522 Patre,
2670 1457 2838 1511 Filius
2882 1471 3097 1526 quoque
3138 1467 3395 1511 nascatur
3431 1457 3638 1526 pariter
3672 1465 3729 1513 et
3755 1458 3823 1512 de

2235 1549 2398 1605 Patre
2426 1561 2479 1606 et
2515 1550 2582 1604 de
2615 1549 2818 1619 Spiritu
2848 1557 3068 1614 sancto;
3109 1549 3364 1604 nativitas
3414 1549 3559 1604 enim
3607 1558 3821 1604 tantum

2235 1660 2303 1699 ex
2336 1645 2495 1699 Patre
2530 1653 2634 1710 est,
2675 1646 2742 1698 ab
2774 1654 3002 1715 utroque
3045 1659 3176 1700 vero
3209 1646 3502 1714 processio,
3553 1646 3608 1701 id
3654 1656 3741 1702 est
3789 1661 3820 1702 a

2236 1737 2398 1793 Patre
2438 1738 2598 1793 simul
2635 1748 2689 1794 et
2717 1737 2872 1793 Filio.
2921 1737 3112 1795 Missos
3160 1755 3287 1794 vero
3327 1750 3536 1812 septem
3587 1739 3823 1811 Spiritus

2158 1823 2208 1884 Β
2236 1831 2330 1886 Dei
2359 1830 2444 1885 vel
2479 1831 2830 1902 Apocalypsis
2857 1833 2909 1886 in
2942 1847 3157 1888 omnem
3184 1841 3386 1888 terram
3433 1833 3587 1901 dicit,
3628 1834 3715 1890 vel
3738 1850 3823 1891 se-

2235 1931 2380 1993 ptem
2395 1922 2579 1978 oculos
2593 1923 2806 1978 Domini
2824 1925 3187 1980 discurrentes
3210 1925 3262 1979 in
3289 1925 3594 1980 universam
3620 1934 3820 1982 terram

2236 2017 2548 2080 Zacharias,
2578 2027 2798 2088 propter
2834 2018 2972 2073 dona
3002 2016 3236 2087 Spiritus
3262 2019 3433 2075 sancti
3456 2017 3818 2089 septiformia.

2235 2124 2332 2179 per
2360 2108 2646 2178 apostolos,
2666 2107 3141 2178 apostolorumque
3168 2125 3533 2176 successores,
3550 2111 3605 2165 in
3628 2126 3818 2167 omnes

2236 2202 2426 2260 diﬂ'usa
2472 2213 2678 2274 gentes,
2717 2203 2912 2273 quibus
2941 2203 3346 2258 sanctiﬁcantur
3382 2203 3565 2259 ﬁdeles
3593 2205 3822 2260 creden-

2235 2307 2318 2354 tes
2347 2299 2401 2354 in
2426 2297 2724 2365 Christum,
2753 2308 2806 2353 et
2836 2314 3054 2355 suorum
3100 2298 3462 2370 percipientes
3497 2297 3818 2356 delictorum

2235 2389 2693 2447 emundationem.

2305 2483 2483 2554 Ipsum
2523 2496 2737 2552 quoque
2774 2479 3036 2552 Spiritum
3083 2492 3351 2547 sanctum,
3400 2481 3662 2551 Spiritum
3700 2497 3818 2538 esse

2235 2574 2433 2629 Christi
2465 2573 2696 2644 signavit
2728 2571 2982 2635 Joannes,
3017 2587 3137 2627 cum
3161 2572 3297 2627 dixit
3317 2571 3515 2628 vidisse
3543 2587 3602 2628 se
3628 2573 3683 2626 in
3713 2589 3818 2628 me-

2235 2654 2322 2721 dio
2380 2677 2570 2737 septem
2631 2663 3061 2719 candelabrorum
3111 2663 3331 2719 similem
3389 2661 3530 2718 Filio
3590 2665 3818 2719 hominis

2237 2762 2419 2834 (Apoc.
2465 2778 2503 2826 ι,
2551 2761 2659 2830 15).
2713 2759 2780 2814 Ει
2841 2757 3158 2828 quibusdam
3213 2758 3543 2829 interpositis
3585 2759 3664 2812 ait
3702 2775 3715 2811 :
3751 2757 3816 2811 Et

2237 2852 2373 2907 oculi
2411 2852 2525 2922 ejus
2569 2852 2702 2906 velut
2740 2853 2955 2921 ﬂamma
2988 2849 3119 2921 ignis
3157 2849 3363 2921 (lbid.,
3412 2849 3532 2920 14).
3578 2849 3713 2916 Quis
3736 2857 3817 2904 est

2237 2945 2338 3000 iste
2381 2944 2550 2999 Filius
2587 2941 3148 2998 hominis?Nimirum
3180 2941 3438 2996 Dominus
3475 2939 3633 2996 Jesus
3663 2941 3818 2996 Chri-

2235 3046 2373 3101 stus,
2416 3036 2506 3105 qui
2545 3049 2602 3090 se
2626 3033 2822 3088 Filium
2857 3034 3091 3088 hominis
3120 3033 3173 3088 in
3205 3033 3496 3104 Evangelio
3520 3033 3819 3103 sepissime

2236 3133 2540 3195 nuncupat;
2583 3133 2641 3178 ut
2685 3133 2768 3180 est
2816 3124 2948 3180 illud
2985 3141 2999 3177 :
3035 3122 3202 3188 Quem
3226 3123 3406 3178 dicunt
3436 3123 3672 3179 homines
3711 3141 3818 3180 esse

2236 3218 2436 3273 Filium
2482 3217 2744 3272 hominis?
2787 3215 3000 3287 (Matth.
3026 3231 3140 3282 XVI,
3178 3216 3290 3288 15.)
3321 3216 3388 3271 Ει
3419 3215 3672 3272 Ezechiel
3721 3217 3819 3272 sub

2237 3309 2407 3381 ﬁgura
2440 3307 2584 3363 illius
2610 3308 2923 3378 frequenter
2944 3322 3003 3362 se
3032 3308 3184 3362 audit
3206 3307 3404 3363 Filium
3425 3307 3661 3364 hominis
3683 3325 3822 3364 nun-

2237 3401 2444 3474 cupari.
2493 3400 2691 3457 Oculos
2716 3409 2897 3457 autem
2929 3400 3090 3471 hujus
3122 3399 3243 3456 Filii
3266 3400 3501 3456 hominis
3528 3416 3668 3472 quos
3692 3402 3823 3458 dicit

2235 3495 2384 3552 velut
2435 3493 2708 3549 ﬂammam
2763 3493 2904 3565 ignis
2955 3491 3216 3559 relucere,
3267 3491 3528 3563 Spiritum
3573 3504 3819 3551 sanetum

2237 3588 2513 3644 insinuat:
2545 3602 2674 3642 nam
2716 3601 2879 3657 super
2925 3585 3199 3655 apostolos
3227 3585 3374 3641 velut
3403 3586 3544 3656 ignis
3571 3588 3638 3643 de
3686 3588 3821 3644 calo

2237 3682 2438 3737 missus
2471 3680 2737 3752 apparuit.
2765 3679 3003 3734 Dicendo
3029 3693 3159 3734 vero
3201 3678 3388 3735 oculos
3411 3692 3527 3747 ejus
3557 3677 3821 3750 Spiritum

2237 3780 2505 3836 sanctum,
2565 3769 2826 3842 Spiritum
2882 3783 3002 3825 esse
3058 3768 3260 3825 Christi
3317 3769 3660 3841 signiﬁcavit.
3715 3769 3822 3826 Nec

2217 3864 2382 3926 ,aliud
2408 3863 2594 3918 existit
2617 3877 2715 3917 cur
2741 3860 2945 3917 Christi
2970 3861 3184 3917 dicatur
3231 3860 3483 3934 Spiritus,
3528 3862 3634 3918 nisi
3679 3861 3821 3934 quod

2236 3956 2493 4028 procedat
2524 3956 2592 4009 ab
2622 3955 2761 4026 ipso,
2789 3962 2844 4009 et
2877 3954 2948 4008 sit
2970 3953 3398 4009 substantialiter
3425 3953 3477 4008 in
3506 3954 3644 4024 ipso.

2311 4047 2442 4102 ltetn
2483 4046 2617 4100 dicit
2667 4044 2905 4101 Joannes
2953 4060 3075 4100 cum
3103 4045 3170 4099 de
3200 4053 3508 4100 sanctorum
3543 4045 3713 4117 gloria
3744 4045 3821 4102 lo-

2239 4149 2497 4210 queretur
2518 4138 2720 4202 futura,
2749 4138 2894 4208 quod
2935 4152 3110 4208 neque
3145 4136 3243 4203 sol,
3286 4155 3446 4208 neque
3478 4138 3616 4192 ullus
3667 4149 3822 4195 (estus

2239 4230 2475 4287 alliceret
2496 4246 2592 4286 eos
2613 4271 2628 4297 ,
2661 4229 2900 4285 subdidit
2924 4249 2937 4284 :
2968 4228 3230 4295 Quoniam
3254 4246 3428 4300 .agnus
3452 4231 3538 4302 qui
3561 4231 3614 4284 in
3654 4233 3824 4286 medio

2240 4325 2413 4380 throni
2436 4335 2532 4390 est,
2561 4334 2697 4395 reget
2743 4322 2886 4388 illos,
2918 4332 2965 4377 et
3006 4322 3224 4377 deducet
3260 4338 3347 4377 eos
3397 4322 3466 4376 ad
3512 4324 3628 4377 vitm
3659 4324 3826 4393 fontes

2241 4435 2498 4490 aquarum
2526 4418 2710 4488 (Apoc.
2733 4432 2824 4479 vn,
2859 4414 3078 4485 16,17).
3103 4414 3203 4481 Qui
3233 4421 3359 4469 sunt
3389 4414 3476 4468 isti
3495 4414 3619 4469 vita:
3649 4414 3825 4470 fontes

2242 4512 2550 4583 aquarum?
2577 4510 2780 4566 ﬂuenta
2831 4508 3068 4578 Spiritus
3105 4507 3304 4573 sancti,
3335 4506 3534 4577 quibus
3565 4505 3752 4562 ﬁdeles
3774 4515 3830 4562 et

2239 4602 2491 4658 lavantur
2526 4598 3109 4678 peremundationem,
3137 4605 3192 4652 et
3220 4597 3564 4653 viviﬁcantur
3583 4612 3683 4668 per
3706 4598 3828 4654 irri-

2239 4695 2532 4768 gationem.
2565 4693 2641 4749 De
2673 4692 2868 4763 quibus
2891 4689 3107 4747 ﬂuentis
3133 4691 3383 4747 Salvator
3410 4691 3465 4747 in
3489 4691 3823 4762 Evangelio:

2240 4789 2344 4856 Qui
2371 4788 2554 4851 credit,
2596 4785 2792 4856 inquit,
2841 4786 2897 4839 in
2944 4799 3047 4849 me,
3094 4783 3318 4852 flumina
3362 4783 3428 4838 de
3488 4792 3662 4838 ventre
3710 4785 3826 4855 ejus

2236 4885 2396 4954 ﬂuent
2421 4896 2571 4952 aquae
2596 4880 2724 4934 viva:
2745 4877 2926 4952 (Joan.
2951 4892 3047 4943 vn,
3071 4875 3183 4948 58).
3208 4874 3532 4945 Signiﬁcans
3559 4873 3825 4946 Spiritum

2237 4982 2508 5037 sanctum,
2555 4987 2716 5042 quem
2746 4971 3030 5026 credentes
3072 4967 3289 5024 fuerant
3343 4969 3638 5038 accepturi.
3671 4968 3826 5036 Quod

2239 5064 2292 5118 in
2325 5062 2585 5133 apostolis
2631 5062 2809 5132 primo
2857 5061 3186 5131 completum
3233 5066 3319 5114 est
3372 5061 3827 5133 quinquagesimo

2239 5158 2326 5212 die
2357 5155 2790 5212 resurrectionis.
2823 5153 2964 5224 Ergo
2994 5153 3225 5208 deducet
3247 5166 3343 5207 eos
3376 5153 3444 5206 ad
3470 5154 3595 5207 vita:
3647 5153 3826 5209 fontes

2239 5262 2499 5318 aquarum
2547 5263 2736 5318 agnus,
2787 5245 2912 5316 quia
2952 5243 3186 5313 Spiritus
3239 5245 3410 5300 sancti
3460 5243 3678 5301 ﬂuentis
3729 5261 3827 5303 eos

2240 5338 2550 5405 inebriabit,
2578 5350 2636 5393 ut
2669 5340 2795 5394 vitae
2824 5337 3017 5410 gaudia
3050 5337 3380 5407 sempiterna
3425 5354 3701 5409 nunquam
3732 5355 3826 5395 va-

2240 5431 2388 5488 leant
2438 5432 2708 5488 amittere.
2768 5431 2878 5485 Hos
2924 5438 3102 5484 autem
3156 5426 3333 5484 fontes
3388 5431 3513 5486 vita:
3559 5446 3824 5503 aquarum

2240 5531 2394 5577 extra
2421 5521 2696 5578 Christum
2723 5522 2919 5593 degere
2941 5537 3046 5576 non
3067 5519 3416 5586 arbitremur,
3444 5521 3558 5592 ipse
3587 5537 3824 5594 namque

2240 5615 2486 5687 Philippo
2521 5615 2692 5670 dixit:
2724 5613 2835 5685 Ego
2884 5633 3000 5670 sum
3037 5617 3141 5672 vita
3174 5634 3192 5679 ;
3235 5625 3330 5671 et:
3385 5601 3489 5680 Qui
3535 5615 3672 5669 videt
3718 5631 3821 5678 me,

2241 5710 2376 5764 videt
2406 5719 2452 5761 et
2502 5706 2714 5762 Patrem
2759 5708 2942 5779 (Joan.
2992 5727 3103 5774 xw,
3133 5710 3186 5775 6,
3220 5710 3296 5781 9).
3345 5709 3434 5764 Sic
3475 5723 3611 5779 ergo
3647 5715 3703 5762 et
3729 5705 3823 5776 qui

2243 5802 2388 5855 videt
2412 5800 2706 5867 Christum,
2735 5801 2879 5856 videt
2931 5812 2984 5856 et
3011 5802 3272 5873 Spiritum
3305 5811 3574 5865 sanctum,
3606 5799 3699 5869 qui
3735 5805 3824 5855 est
