4026 6346
194 347 289 410 ιιι

1072 339 1348 399 CONTRA
1386 336 1799 399 GRIECORUM
1839 336 2195 395 OPPOSITA.
2237 365 2308 379 -—-
2345 335 2474 403 LIB.
2515 333 2555 391 Ι.

3349 337 3459 393 242

197 486 249 527 ιιι
272 465 531 531 Christo;
558 436 615 517 et
637 456 905 517 deducere
924 459 1029 516 sibi
1056 460 1342 515 credentes
1364 459 1432 513 ad
1458 458 1578 512 vitae
1606 456 1781 511 fontes
1806 455 1857 519 Α
1885 454 2093 522 Patris;
2140 470 2207 511 ex
2243 455 2576 511 humanitate
2597 495 2612 519 ,
2652 452 2841 510 matris
2890 453 3245 510 substantiam
3264 470 3265 473 ‘
3285 456 3459 512 conti-

197 573 484 634 aquarum,
508 554 614 610 hoc
639 542 725 609 est
748 550 817 607 ad
845 566 905 606 se
949 550 1165 617 ducere,
1195 558 1463 620 quatenus
1485 548 1541 603 in
1572 562 1630 604 se
1658 563 1780 604 cre-

197 640 409 721 dentes,
437 660 495 708 et
539 649 691 705 illum
739 654 1084 712 contuentes,
1115 643 1357 715 Spiritus
1383 643 1560 700 sancti
1588 642 1655 697 de
1692 640 1786 698 illo

195 740 540 822 procedentis
566 751 782 809 semper
805 734 1046 793 fontibus
1073 735 1361 792 satientur.

258 836 400 892 ltem
426 833 621 888 beatus
663 827 900 884 Joannes
951 826 1010 882 in
1052 824 1417 897 Apocalypsi:
1469 823 1538 879 Et
1586 823 1786 895 accepit

194 927 410 1002 angelus
439 925 790 993 thuribulum,
810 934 862 981 et
887 923 1116 995 implevit
1160 921 1295 979 illud
1343 922 1408 977 de
1433 922 1552 993 igne
1576 919 1783 985 altaris,

193 1030 236 1077 et
265 1021 412 1077 misit
436 1023 492 1076 in
521 1029 740 1087 terram,
786 1029 835 1076 et
876 1019 1019 1090 facta
1045 1028 1169 1076 sunt
1203 1019 1435 1074 tonitrua
1457 1026 1505 1072 et
1530 1033 1699 1082 voces,
1731 1024 1787 1072 et

193 1114 405 1187 reliqua
447 1114 632 1188 (Apoc.
656 1129 776 1181 vui,
798 1113 878 1186 5).
916 1112 1151 1185 Angelus
1198 1113 1303 1168 iste
1330 1110 1489 1167 Iesus
1537 1109 1785 1166 Christus

191 1214 290 1269 est,
323 1206 421 1276 qui
468 1204 667 1277 legitur
688 1203 870 1275 magni
896 1202 1106 1259 consilii
1151 1200 1388 1273 angelus.
1426 1200 1785 1257 Thuribulum

191 1306 378 1354 autem
404 1296 723 1354 humanitas
746 1304 833 1352 est
876 1295 1083 1367 ipsius;
1120 1294 1292 1350 altare
1331 1309 1486 1360 vero,
1516 1293 1585 1350 de
1631 1293 1786 1366 cujus

192 1390 316 1462 igne
381 1388 717 1447 thuribulum
775 1386 1050 1459 impletur,
1095 1386 1298 1443 Christi
1350 1386 1605 1442 divinitas
1651 1394 1781 1453 est;

192 1481 337 1553 ignis
361 1495 495 1537 vero
521 1481 588 1537 de
638 1480 819 1548 altari,
853 1478 1091 1552 Spiritus
1129 1487 1349 1535 sanctus
1376 1486 1461 1536 est
1488 1478 1554 1534 de
1580 1476 1786 1534 Christi

190 1571 480 1629 divinitate
507 1579 794 1641 sumptus:
826 1569 998 1626 altare
1049 1584 1282 1641 namque
1325 1578 1380 1626 et
1428 1569 1784 1635 thuribulum,

194 1675 495 1736 utrumque
531 1663 801 1722 Christus.
845 1662 955 1720 Sed
982 1663 1156 1718 altare
1180 1663 1436 1733 quoniam
1463 1676 1627 1733 super
1655 1661 1785 1716 illud

189 1757 509 1813 holocausta
529 1755 645 1812 sive
666 1753 930 1811 sacriﬁcia
952 1763 1263 1811 sanctorum
1283 1753 1606 1820 offeruntur,
1628 1752 1786 1824 cujus

1883 556 2138 613 rientem;
2177 547 2330 619 cujus
2369 546 2508 601 oculi
2550 554 2675 602 sunt
2718 546 2865 602 velut
2890 543 3104 601 ﬁamma
3132 546 3294 617 ignis,
3332 547 3461 618 quia

1883 639 2058 696 sancti
2108 636 2344 709 Spiritus
2382 638 2638 695 divinitas
2666 648 2721 693 et
2750 637 3002 708 splendor
3029 637 3369 696 flammiﬁcus
3402 639 3461 695 in

1883 746 1950 788 eo
2002 730 2251 807 consistit
2284 748 2298 785 :
2339 731 2407 786 de
2438 730 2591 800 cujus
2618 730 2952 801 plenitudine
2991 731 3139 786 velut
3178 731 3463 789 oculorum

1883 822 1978 878 lux
2016 822 2262 894 effulget;
2292 822 2386 878 tali
2424 821 2593 895 ﬁgura
2634 822 2967 894 signiﬁcans,
3024 824 3134 881 imo
3161 823 3467 881 clarissime

1885 916 2084 972 docens
2111 914 2445 971 divinitatem
2484 912 2719 984 Spiritus
2743 929 2776 969 a
2806 914 2929 970 Filii
2962 915 3241 972 divinitate
3267 930 3490 992 proce-‘

1886 1008 2045 1075 dere;
2068 1014 2124 1063 et
2152 1015 2408 1076 tanquam
2436 1005 2617 1083 lumen
2656 1006 2935 1062 oculorum
2954 1006 3070 1076 ejus
3091 1008 3289 1064 dicitur
3311 1023 3462 1078 esse,

1886 1100 2041 1171 cujus
2063 1107 2190 1155 sunt
2208 1098 2350 1156 oculi
2376 1116 2392 1154 :
2435 1097 2511 1154 ita
2556 1096 2792 1168 Spiritus
2818 1107 3067 1165 sanctus,
3107 1097 3345 1171 Spiritus
3377 1107 3465 1158 est

1885 1191 2111 1261 Christi,
2141 1192 2195 1248 in
2227 1207 2334 1263 quo
2353 1193 2622 1259 consistit,
2658 1201 2715 1248 et
2738 1207 2770 1247 a
2803 1206 2911 1263 quo
2938 1192 3199 1263 procedit.

2490 1329 2716 1387 CAPUT
2756 1329 2887 1386 Vill.

2137 1443 2454 1500 Testimonia
2473 1459 2538 1499 ea:
2561 1441 2845 1515 Evangelia
2871 1452 2921 1498 et
2950 1441 3205 1498 conciliis.

1959 1557 2240 1615 Credimus
2264 1557 2593 1614 suﬁicienter
2627 1572 2748 1614 esse
2770 1565 3131 1613 monstratum
3161 1555 3467 1612 divinarum

1889 1649 2210 1707 testimoniis
2240 1649 2629 1719 scripturarum
2659 1647 2921 1719 Spiritum
2979 1659 3226 1704 sanctum
3254 1663 3286 1703 a
3328 1647 3470 1702 Filio

1891 1740 2206 1811 procedere.
2238 1740 2515 1795 Addamus
2541 1740 2715 1795 adhuc
2746 1755 2813 1795 ex
2859 1740 3149 1812 Evangelio
3177 1740 3283 1795 duo
3320 1739 3477 1795 testi-

189 1848 486 1922 imaginem
521 1857 667 1905 tenet
712 1847 886 1904 altare
932 1857 1248 1914 terrenum;
1297 1862 1401 1905 nec
1436 1816 1601 1904 enim'
1628 1816 1786 1903 αιίιει.
1814 1816 1865 1881 Β
1891 1830 2091 1898 monia,
2120 1829 2316 1900 quibus
2343 1830 2827 1887 contradicentium
2870 1831 3099 1887 durities
3135 1840 3472 1887 conteratur.

190 1921 510 2000 sanctorum
554 1950 677 1997 vota
717 1940 1107 2012 suscipiuntur,
1159 1941 1204 1996 si
1257 1954 1362 1996 non
1413 1955 1578 2012 super
1625 1939 1783 1995 altari

1901 1922 1933 1978 Α
1959 1921 2223 1995 profluvio
2247 1923 2523 1994 sanguinis
2542 1922 2768 1978 muliere
2793 1931 3005 1988 sanata,
3028 1922 3160 1978 dicit
3181 1922 3470 1980 Salvator:

187 2032 412 2092 (ιιιι-ίεω
463 2041 878 2105 componantur.
921 2031 1276 2088 Thuribulum
1321 2046 1454 2087 νθιεο
1495 2038 1786 2102 propterea
1893 2015 2026 2081 Quis
2065 2031 2147 2069 me
2185 2015 2394 2085 tetigit?
2427 2014 2754 2086 Negantibus
2800 2025 2973 2069 autent
3018 2015 3281 2081 cautibus,
3338 2016 3476 2070 dixit

188 2125 416 2192 diem",
466 2104 724 2195 quoniam
771 2124 1048 2181 orationes
1101 2131 1411 2179 δυηοιοι-υιη
1466 2138 1562 2194 ρει.
1611 2110 1787 2193 ipsum
1892 2105 2106 2172 Petrus,
2145 2116 2194 2162 et
2234 2108 2325 2179 qui
2350 2120 2469 2161 cum
2508 2106 2601 2161 illo
2650 2117 2797 2161 erant
2829 2123 2846 2160 :
2878 2104 3198 2178 Prteceptor,
3231 2108 3396 2161 turba:
3423 2116 3475 2161 te

188 2212 579 2284 suscipiuntur.
615 2208 713 2267 Vel
734 2219 882 2267 certe
901 2208 1255 2275 thuribulum,
1281 2208 1479 2264 donum
1502 2216 1587 2263 est
1613 2207 1790 2278 Spiri-
1892 2203 2261 2273 comprimunt,
2287 2211 2335 2257 et
2366 2202 2618 2274 afﬂigunt,
2643 2211 2691 2255 et
2715 2201 2846 2256 dicis
2870 2216 2887 2253 :
2910 2200 3041 2268 Quis
3072 2218 3152 2256 me
3180 2201 3386 2273 tetigit?
3407 2200 3478 2256 Et

188 2312 273 2359 tus
300 2302 482 2359 sancti
513 2318 529 2368 ;
562 2310 791 2357 testatur
826 2301 971 2356 enim
998 2300 1288 2372 Apostolus
1316 2318 1330 2355 :
1358 2298 1635 2355 Nescimus
1660 2298 1790 2371 quid

188 2411 425 2461 oremus,
440 2394 532 2449 sed
559 2394 667 2464 ipse
683 2393 915 2464 Spiritus
935 2402 1163 2464 postutat
1183 2409 1278 2464 pro
1303 2393 1450 2446 nobis
1471 2390 1650 2463 (Rom.
1671 2406 1789 2456 vni,

188 2484 309 2555 26),
346 2485 401 2540 id
422 2492 506 2540 est
529 2482 807 2555 postulare
840 2497 941 2539 nos
975 2480 1128 2550 facit,
1160 2483 1436 2554 gemitibus
1462 2482 1794 2537 inenarrabi-

188 2573 330 2629 libus
365 2573 523 2647 (Luc.
556 2591 660 2640 xu,
697 2573 812 2646 49).
857 2573 1003 2645 Ignis
1058 2581 1239 2629 autem
1289 2573 1498 2639 altaris,
1556 2571 1794 2644 Spiritus

188 2675 424 2724 sanctus
448 2676 552 2734 est,
577 2667 645 2722 de
675 2682 784 2737 quo
814 2664 1104 2723 Salvator:
1161 2664 1347 2737 Ignem
1370 2665 1484 2720 veni
1512 2663 1713 2720 mittere
1738 2664 1794 2720 in

193 2765 422 2824 terram,
450 2774 604 2829 quem
623 2756 739 2812 volo
771 2767 828 2811 ut
867 2752 1071 2812 ardeat.
1120 2756 1264 2828 Ergo
1294 2755 1516 2828 angelus
1542 2755 1792 2811 thuribu-

192 2847 307 2905 lum
338 2848 534 2905 altaris
562 2850 685 2920 igne
708 2848 930 2919 plenum
955 2849 1107 2904 misit
1142 2848 1197 2904 in
1248 2856 1493 2914 terram;
1541 2847 1668 2919 quia
1710 2862 1797 2902 re-

190 2942 563 3015 promissione
587 2940 827 3013 Spiritus
871 2943 1045 2999 sancti
1083 2950 1305 3013 accepta
1333 2958 1365 2997 a
1398 2941 1584 3007 Patre,
1611 2939 1799 2995 Salva-

193 3042 281 3089 tor
305 3031 503 3090 eﬂ‘udit
523 3033 756 3106 gratiam
790 3033 1031 3104 Spiritus
1065 3034 1241 3090 sancti
1294 3047 1458 3105 super
1486 3032 1792 3089 credentes.

199 3126 357 3184 Unde
382 3127 770 3183 convenienter
794 3127 1047 3198 sequitur
1066 3129 1210 3197 quod
1239 3125 1379 3183 facta
1403 3128 1510 3183 sint
1534 3127 1791 3193 tonitrua,

1893 2295 2026 2351 dixit
2056 2296 2211 2350 Jesus
2242 2311 2261 2350 :
2288 2294 2477 2367 Tetigit
2502 2311 2584 2350 me
2612 2294 2846 2367 aliquis:
2878 2312 2998 2350 nam
3028 2312 3122 2366 ego
3166 2296 3283 2351 novi
3314 2296 3479 2351 virtu-

1893 2395 1994 2441 tem
2017 2384 2183 2441 de'me
2211 2387 2399 2443 cxiisse
2421 2386 2572 2459 (Luc.
2600 2402 2714 2451 vm,
2740 2387 2852 2458 45).
2881 2388 3011 2456 Qum
3030 2397 3114 2444 est
3145 2388 3260 2444 hinc
3283 2388 3475 2447 virtus.

1894 2493 2055 2549 quam
2088 2479 2219 2535 dicit
2249 2479 2501 2535 Salvator
2516 2480 2584 2535 de
2612 2495 2671 2536 se
2695 2480 2892 2535 exiissc
2910 2480 2932 2533 ?
2950 2479 3211 2535 Nimirum
3241 2479 3478 2550 Spiritus

1895 2576 2067 2631 sancti
2117 2576 2319 2646 gratia;
2364 2575 2442 2631 sic
2476 2575 2620 2631 enim
2660 2575 2737 2629 ait
2784 2574 3072 2645 Apostolus
3124 2594 3136 2628 :
3191 2573 3297 2628 Alii
3318 2574 3483 2628 datur

1896 2668 2070 2738 gratia
2093 2669 2381 2722 sanitatum
2402 2666 2457 2722 in
2479 2684 2584 2721 uno
2609 2666 2833 2736 Spiritu,
2850 2667 2943 2721 alii
2971 2668 3203 2733 operatio
3231 2669 3481 2722 virtutum

1898 2759 1952 2832 (Ι
1987 2760 2110 2815 Cor.
2154 2777 2251 2826 xu,
2299 2759 2376 2832 9).
2413 2759 2553 2828 Quid
2593 2767 2835 2830 estergo
2878 2759 3060 2815 dicere
3093 2759 3475 2815 Salvatorem:

1897 2854 2012 2926 Ego
2041 2856 2158 2910 novi
2185 2855 2423 2910 uirtutem
2442 2853 2507 2908 de
2530 2870 2612 2908 me
2648 2853 2874 2908 exiisse?
2905 2851 3052 2923 (Luc.
3082 2868 3201 2918 vui,
3227 2852 3343 2923 46,)
3377 2852 3484 2908 nisi

1899 2945 2079 3002 dicere
2107 2964 2120 3000 :
2146 2945 2260 3017 Ego
2284 2946 2406 3000 novi
2440 2944 2700 3016 Spiritum
2742 2960 2772 2999 a
2814 2960 2900 3000 me
2927 2945 3239 3015 procedere,
3267 2943 3359 3015 qui
3399 2950 3485 2998 est

1902 3037 2125 3094 collator
2145 3036 2454 3097 sanitatum,
2487 3043 2543 3090 et
2567 3043 2820 3106 operator
2840 3034 3123 3089 virtutum.
3158 3034 3368 3090 Exiisse
3388 3049 3481 3089 au-

1902 3137 2010 3185 tem
2054 3127 2311 3199 Spiritum
2345 3137 2589 3183 sanctum
2623 3143 2653 3181 a
2701 3141 2760 3181 se
2791 3127 2921 3181 dicit
2967 3142 3033 3183 eo
3066 3126 3246 3192 modo,
3288 3141 3396 3197 quo
3416 3127 3484 3180 de

195 3227 251 3274 et
276 3233 465 3287 voces,
501 3227 558 3275 et
601 3217 833 3290 fulgura,
864 3180 921 3273 et
954 3180 1297 3276 terrmmotus
1325 3220 1621 3276 secundum
1649 3220 1794 3292 quod
1820 3180 1869 3247 ο
1899 3241 1958 3283 se
1984 3180 2121 3279 alihir
2138 3224 2271 3279 dicit
2302 3241 2316 3278 :
2354 3222 2506 3278 Exivi
2531 3240 2562 3277 a
2590 3219 2754 3276 Patre
2776 3221 2956 3293 (Joan.
2984 3238 3097 3286 xvi,
3123 3220 3236 3291 28).
3269 3180 3484 3275 ijiisse

196 3308 457 3366 Salvator
499 3309 555 3364 in
598 3308 891 3381 Evangelia
920 3309 1052 3366 dicit
1091 3328 1105 3365 :
1137 3310 1365 3382 Expedit
1397 3309 1542 3366 vobis
1595 3319 1652 3365 ut
1698 3328 1792 3382 ego

194 3402 434 3456 cadam:
462 3402 509 3456 si
528 3401 666 3457 enim
727 3417 830 3456 non
860 3401 1058 3468 abiero,
1103 3399 1416 3457 Paracletus
1461 3419 1568 3458 non
1604 3403 1789 3458 veniet.

197 3489 261 3548 Si
298 3501 482 3547 autem
502 3493 698 3559 abiero,
725 3493 933 3547 mittam
960 3509 1080 3547 eum
1123 3492 1194 3548 ad
1222 3510 1333 3548 vos.
1362 3492 1572 3548 Etcum
1600 3494 1794 3548 uenerit

196 3580 311 3647 ille,
338 3591 523 3653 arguet
552 3582 806 3637 mundum
852 3582 917 3638 de
936 3588 1168 3654 peccato,
1201 3595 1249 3639 et
1279 3584 1345 3639 de
1366 3584 1603 3655 justitia,
1633 3593 1681 3639 et
1729 3584 1794 3639 de

191 3673 405 3746 iudicio
461 3673 782 3746 (Joan.xv1,
813 3676 891 3748 7).
943 3675 1098 3745 Quod
1153 3675 1513 3749 Apocalypsis
1561 3678 1695 3733 dicit
1727 3677 1796 3732 de

196 3764 329 3834 igne
359 3766 574 3833 altaris,
595 3766 739 3837 quod
766 3767 979 3823 miserit
1007 3768 1229 3838 angelus
1248 3783 1371 3823 eum
1413 3768 1467 3823 in
1493 3775 1716 3832 terram,
1740 3776 1798 3824 et

195 3854 349 3915 facta
374 3859 487 3915 sint
512 3861 787 3927 tonitrua;
812 3862 916 3917 hoc
946 3869 1032 3916 est
1071 3860 1216 3930 quod
1244 3859 1497 3916 Salvator
1518 3859 1635 3915 ait:
1666 3858 1795 3915 Mit-

197 3960 315 4007 tens
338 3968 461 4006 eum
489 3952 560 4007 ad
580 3969 707 4019 vos;
731 3962 780 4008 et
809 3969 928 4008 cum
953 3953 1148 4009 uenerit
1176 3952 1287 4020 ille,
1310 3962 1493 4023 arguet
1515 3953 1795 4008 mundum.

194 4041 337 4100 Post
370 4044 664 4100 adventum
692 4043 929 4115 Spiritus
952 4045 1127 4101 sancti
1155 4060 1274 4115 quae
1303 4047 1542 4101 tonitrua
1561 4053 1617 4102 et
1636 4060 1798 4102 voces

198 4136 660 4207 praedicationum
715 4136 1079 4202 insonuerint,
1124 4128 1332 4207 quanto
1359 4153 1562 4210 pavore
1590 4147 1796 4194 morta-

199 4226 341 4285 lium
369 4228 538 4284 corda
580 4229 977 4296 concusserint,
1005 4244 1126 4300 quae
1155 4227 1363 4301 fulgura
1412 4229 1799 4286 miraculorum

198 4319 642 4386 coruscaverint,
671 4320 766 4391 qui
793 4328 953 4376 terra:
978 4332 1159 4377 motus
1193 4321 1498 4377 exstiterint
1540 4322 1800 4378 duritiam

200 4410 527 4492 mortalium
559 4412 958 4478 concutientes,
983 4420 1128 4469 totus
1157 4413 1304 4469 orbis
1328 4413 1583 4483 agnovit;
1618 4413 1798 4486 ignem

1898 3331 2131 3387 namque
2162 3313 2357 3370 Filium
2398 3329 2428 3370 a
2471 3313 2654 3379 Patre,
2685 3321 2770 3368 est
2816 3319 3001 3368 natum
3041 3327 3165 3368 esse
3200 3310 3268 3365 de
3290 3296 3482 3365 Patre.

1898 3407 1992 3464 Sic
2025 3407 2224 3464 exiisse
2255 3404 2518 3478 Spiritum
2551 3413 2795 3461 sanctum
2821 3421 2851 3459 a
2881 3404 3040 3468 Filio,
3082 3411 3166 3459 est
3196 3402 3264 3457 ab
3287 3401 3482 3460 eodem

1896 3497 2245 3569 processisse.
2287 3495 2420 3551 ltem
2462 3495 2632 3551 habes
2671 3494 2724 3548 in
2765 3493 2956 3548 eodem
3012 3491 3304 3563 Evangelio
3338 3489 3488 3546 beati

1899 3591 2059 3647 Luca:
2090 3605 2106 3643 :
2137 3589 2204 3645 Et
2233 3589 2400 3644 omnis
2432 3588 2584 3643 turba
2618 3587 2882 3659 qurerebat
2925 3602 3043 3640 eum
3078 3594 3309 3655 tangere,
3354 3584 3484 3656 quia

1897 3681 2061 3737 uirtus
2090 3679 2154 3734 de
2179 3677 2270 3733 illo
2304 3678 2498 3744 exibat,
2542 3686 2589 3732 et
2614 3676 2837 3732 sanabat
2864 3692 3041 3730 omnes
3073 3674 3225 3748 (Luc.
3255 3689 3326 3740 vt,
3365 3672 3481 3744 i9).

1899 3769 2086 3826 Virtus
2110 3771 2175 3826 de
2200 3769 2414 3826 Christo
2441 3770 2629 3825 exiens
2651 3776 2808 3825 sanat
2833 3782 3043 3833 omnes,
3090 3769 3214 3839 quia
3249 3766 3489 3839 Spiritus

1899 3872 2118 3919 sanctus
2156 3863 2224 3919 ab
2257 3878 2323 3920 eo
2366 3864 2663 3935 procedens
2688 3904 2703 3927 ,
2738 3862 2987 3919 sanitatis
3025 3863 3252 3933 gratiam
3296 3861 3487 3917 tribuit

1900 3956 2129 4018 cunctis.

1970 4049 2197 4106 Cessent
2222 4048 2387 4120 igitur
2412 4050 2857 4122 reprehensores,
2879 4051 2964 4106 vel
2989 4050 3258 4116 malevoli,
3274 4050 3357 4106 vel
3386 4051 3487 4106 im-

1898 4144 2081 4214 periti,
2110 4141 2310 4198 Christi
2354 4142 2651 4199 Ecclesiam
2680 4144 3026 4215 redarguere,
3057 4142 3197 4212 quod
3223 4143 3484 4215 Spiritum

1901 4244 2148 4292 sanctum
2187 4235 2476 4291 conﬁtetur
2508 4252 2538 4291 a
2565 4235 2728 4293 Patre
2773 4246 2827 4292 et
2850 4236 2987 4292 Filio
3021 4237 3333 4307 procedere.
3370 4235 3486 4291 Hoc

1901 4328 2189 4399 Evangelia
2219 4327 2436 4395 docent,
2466 4329 2570 4385 hoc
2601 4330 2826 4401 apostoli
2851 4329 3194 4400 proﬁtentur,
3225 4330 3325 4385 hoc
3355 4345 3483 4399 pro-

1901 4420 2080 4493 phetae
2100 4435 2205 4476 non
2243 4428 2443 4476 tacent.
2469 4420 2689 4477 Discant
2716 4421 2949 4491 primum
2976 4420 3119 4490 quod
3144 4420 3387 4476 Ecclesia
3410 4419 3488 4476 di-

198 4513 392 4611 .anlem
415 4504 608 4611 alt-aris
637 4504 1181 4613 Spiritumsanctum
1222 4507 1353 4621 dicit
1379 4508 1605 4575 Christi,
1632 4523 1798 4580 quem
1825 4556 1883 4621 Β
1905 4514 2038 4571 dicit
2076 4530 2109 4570 a
2144 4513 2383 4581 Christo,
2427 4523 2483 4570 et
2523 4514 2768 4586 discipuli
2817 4514 3074 4571 Veritatis
3121 4513 3294 4570 effecti
3325 4513 3489 4570 conﬁ-

199 4597 331 4670 ipse
348 4613 409 4655 se
428 4598 721 4655 missurum
739 4600 1007 4672 promittit
1034 4600 1293 4671 apostolis
1321 4618 1336 4668 ;
1369 4609 1427 4657 et
1453 4601 1803 4674 Apocalypsis
1825 4597 1882 4621 "'
1909 4613 2123 4661 teantur
2158 4604 2482 4661 catholicam
2528 4604 2685 4660 ﬁdem
2703 4645 2716 4668 ,
2786 4619 2855 4659 ne
2902 4604 3335 4674 praesumptionis
3380 4602 3492 4658 eia-

200 4693 447 4747 testati"
486 4689 628 4759 quod
654 4689 865 4746 miserit
887 4706 1010 4747 eum
1036 4691 1092 4746 in
1121 4700 1345 4759 terram,
1384 4693 1670 4750 manifeste
1708 4694 1806 4750 do-

200 4796 349 4837 cens
386 4783 533 4854 quod
577 4781 815 4854 Spiritus
838 4793 1079 4851 sanctus,
1112 4783 1349 4857 Spiritus
1370 4786 1441 4842 sit
1470 4785 1616 4854 Filii,
1643 4794 1698 4844 et
1735 4786 1806 4843 ab

200 4874 338 4946 ipso
360 4876 432 4931 sit
454 4884 578 4946 post
602 4876 977 4933 ascensionem
1006 4878 1122 4950 ejus
1155 4894 1319 4950 super
1348 4879 1622 4950 apostolos
1669 4879 1804 4936 mis-

202 4981 333 5021 sus.
360 4967 644 5036 Quomodo
675 4984 912 5040 namque
957 4972 1193 5028 mittitur
1217 4988 1248 5028 a
1275 4972 1437 5040 Filio,
1483 4974 1584 5031 nisi
1612 4988 1809 5047 proce-

202 5057 438 5117 dendo?
483 5068 541 5117 et
579 5061 830 5131 procedit
855 5062 924 5119 ab
954 5077 1042 5130 eo,
1071 5064 1226 5136 cujus
1250 5073 1335 5122 est
1366 5064 1622 5136 Spiritus.

282 5149 429 5207 Item
448 5153 502 5208 in
529 5152 721 5210 eadem
748 5154 1070 5228 Apocalypsi
1092 5153 1331 5213 Joannes
1358 5175 1372 5212 :
1401 5158 1472 5213 Et
1501 5158 1606 5214 vidi
1625 5157 1813 5214 caelum

202 5255 485 5318 apertam,
505 5256 554 5302 et
581 5264 698 5304 ecce
715 5264 879 5320 equus
902 5248 1077 5316 albus,
1101 5259 1151 5306 et
1170 5251 1260 5322 qui
1281 5251 1492 5307 sedebat
1518 5267 1674 5323 super
1691 5268 1812 5308 eum

204 5339 508 5395 vocabatur
530 5341 703 5411 ﬁdelis
723 5351 771 5398 et
795 5359 974 5410 uerax,
997 5352 1045 5398 et
1063 5344 1275 5415 justitia
1288 5344 1499 5416 judicat
1520 5353 1569 5399 et
1582 5354 1811 5417 pugnat:

204 5429 370 5487 oeuli
394 5442 583 5489 autem.
601 5434 717 5505 ejus
745 5436 881 5491 sicut
914 5437 1131 5507 ﬂamma
1156 5436 1292 5508 ignis
1321 5437 1504 5511 (Apoc.
1546 5453 1662 5505 χιχ,
1690 5438 1807 5511 Si).

205 5521 425 5593 Equus
443 5524 599 5580 albus
629 5541 826 5597 corpus
862 5527 947 5583 est
985 5526 1186 5583 Christi
1234 5528 1540 5584 sanctitatis
1579 5529 1814 5584 candore

206 5612 533 5688 perfusum,
562 5617 831 5673 maculam
855 5618 1058 5673 nullam
1091 5619 1325 5684 habens;
1357 5633 1538 5675 sessor
1563 5619 1701 5690 ejus,
1734 5619 1816 5674 di-

1908 4698 2057 4754 tione
2086 4696 2315 4766 decepti,
2344 4695 2430 4754 rel
2470 4695 2673 4752 erroris
2709 4695 2979 4766 imperitia
3023 4695 3187 4766 capti,
3234 4693 3488 4750 lueresim

1908 4790 2152 4847 nutriant
2187 4788 2317 4845 olim
2360 4788 2590 4859 sopitam
2623 4806 2637 4842 :
2678 4787 2935 4843 labuntur
2966 4787 3108 4842 enim
3145 4787 3262 4843 haec
3292 4787 3345 4843 in
3370 4787 3489 4843 Arii

1910 4880 2206 4944 vesaniam,
2231 4879 2323 4949 qui
2353 4878 2480 4935 dum
2505 4878 2643 4934 Filio
2664 4877 2954 4949 derogabat
2976 4877 3490 4933 consubstantialem

1910 4974 2089 5032 Patris
2116 4972 2478 5044 aequalitatem
2499 5012 2514 5039 ,
2539 4960 2801 5043 Spiritum
2827 4984 3040 5040 quoque
3080 4977 3323 5026 sanctum
3351 4969 3494 5026 Filio

1915 5070 2143 5127 docebat
2176 5082 2297 5124 esse
2325 5067 2615 5129 minorem,
2648 5074 2873 5121 conatus
2901 5073 3145 5120 astruere
3170 5080 3270 5121 nec
3294 5056 3493 5120 Filium

1914 5159 1984 5217 de
2015 5159 2195 5216 Patris
2239 5158 2543 5216 substantia
2583 5165 2791 5224 natum,
2844 5166 2896 5211 et
2933 5154 3193 5226 Spiritum
3247 5164 3494 5213 sanctum

1914 5263 2219 5312 creaturam
2228 5294 2241 5309 .

1988 5345 2245 5403 Videritis
2272 5359 2379 5417 quo
2399 5344 2584 5400 tendat
2611 5350 2818 5409 vestra,
2847 5343 3202 5413 imperatores
3222 5341 3495 5413 praeclari,

1916 5435 2203 5509 professio,
2231 5435 2323 5507 qui
2359 5435 2537 5490 dicitis
2566 5434 2826 5506 Spiritum
2853 5441 3098 5490 sanctum
3128 5448 3157 5487 a
3183 5432 3345 5489 Patre
3372 5448 3499 5503 pro-

1921 5530 2131 5595 cedere,
2171 5544 2275 5585 non
2317 5537 2496 5584 autem
2524 5544 2552 5583 a
2604 5527 2758 5583 Filio.
2790 5527 2903 5585 Hoc
2930 5544 3032 5584 nec
3057 5529 3110 5584 in
3137 5527 3333 5582 litteris
3361 5526 3499 5580 divi-

1922 5622 2027 5688 nis,
2070 5637 2169 5677 nec
2196 5606 2259 5676 in
2284 5621 2591 5677 doctoribus
2627 5621 3007 5677 ecclesiasticis
3036 5619 3324 5690 aliquando
3360 5618 3496 5688 legi-

208 5705 433 5762 vinitas
457 5707 684 5776 Christi,
705 5725 826 5780 quae
854 5711 936 5766 sic
959 5710 1231 5766 hominem
1261 5724 1420 5780 quem
1452 5711 1708 5782 suscepit,
1736 5726 1819 5767 rc-
1923 5713 2041 5769 stis.
2081 5712 2227 5767 Dixit
2262 5712 2475 5781 quidem
2515 5722 2700 5769 sancta
2731 5713 2966 5779 synodus
3006 5709 3501 5781 Constantinopoli-

208 5796 337 5872 git,
372 5807 426 5855 et
459 5801 629 5869 sedet,
674 5790 735 5859 ut
768 5820 937 5863 unum
963 5803 1125 5861 faciat
1152 5802 1369 5871 Filium,
1406 5818 1471 5859 ex
1514 5804 1814 5875 divinitate,

1926 5813 2084 5873 tana,
2122 5804 2392 5859 vesaniam
2438 5804 2549 5860 Arii
2594 5804 2884 5861 confutans
2924 5811 3086 5873 atque
3129 5801 3503 5857 condemnans
