4026 6346
560 397 668 455 945

1515 434 1522 445 .
1580 388 1937 445 RATRAMNI
1974 385 2422 445 CORBEIENSIS
2458 384 2765 443 MONACHI

3711 368 3818 449 ad

560 510 764 586 (Const.
796 528 812 565 ι
843 528 900 565 ιιι
942 508 1231 581 Symbolo),
1262 506 1454 562 Filium
1482 506 1991 561 consubstantialem
2013 518 2132 560 esse
2157 511 2209 570 Α
2238 503 2338 558 nisi
2379 502 2655 574 negaverit
2676 500 2872 556 Filium
2894 498 3235 567 cbaritatem‘,
3264 514 3371 571 qua
3398 482 3577 574 diligit
3602 498 3817 562 Patrem

558 604 754 667 Patris,
786 603 1044 673 Spiritum
1066 614 1277 670 quoque
1299 607 1544 654 sanctum
1573 599 1951 667 procedentem
1976 613 2006 651 a
2029 596 2130 652 Pa-

558 706 646 752 tre
685 714 699 750 :
737 694 975 765 nunquid
1010 692 1226 762 negavit
1268 706 1391 745 eum
1439 707 1469 745 a
1511 690 1651 745 Filio
1690 688 2019 761 procedere?
2044 689 2129 744 vel

552 800 893 857 consequens
911 793 1012 848 est,
1042 793 1100 837 ut
1128 784 1173 838 si
1202 782 1445 853 procedit
1481 798 1512 837 a
1537 780 1721 844 Patre.
1744 797 1850 836 non
1873 782 2129 851 procedat

557 900 587 934 ει
622 878 794 934 Filio?
836 877 1020 932 Potius
1054 890 1182 944 ergo
1213 874 1521 945 cognoscite
1546 913 1560 939 ,
1606 873 1652 928 si
1680 873 1800 928 Filii
1826 873 1989 929 vultis
2009 884 2129 930 esse

556 971 826 1030 Ecclesiae,
858 976 914 1023 et
941 966 1164 1022 Patrum
1194 966 1342 1035 sequi
1368 965 1686 1029 doctrinam,
1729 964 1870 1034 quod
1905 964 2131 1025 dicendo

555 1072 800 1118 sanctum
839 1060 1125 1117 concilium
1160 1058 1625 1127 Constantinopoli
1671 1057 1977 1121 collectum,
2009 1055 2132 1126 Spi-

555 1155 716 1209 ritum
743 1160 990 1209 sanctum
1020 1150 1396 1221 procedentem
1429 1163 1460 1203 a
1488 1148 1667 1213 Patre,
1696 1148 1836 1218 quod
1865 1162 1985 1202 eum
2013 1153 2068 1201 et
2094 1160 2126 1200 a

556 1243 692 1298 Filio
728 1243 1017 1315 procedere
1040 1257 1142 1295 non
1171 1241 1405 1309 negavit,
1441 1239 1535 1293 sed
1566 1246 1673 1291 tota
1701 1236 1957 1301 Trinitas,
2003 1249 2127 1290 cum

553 1336 624 1390 sit
645 1331 1134 1395 consubstantialis,
1162 1339 1216 1386 et
1238 1328 1406 1385 Filius
1440 1328 1510 1383 sit
1537 1337 1695 1382 natus
1736 1342 1766 1380 a
1794 1326 1977 1390 Patre,
2002 1326 2124 1395 Spi-

554 1427 692 1480 ritus
717 1440 929 1496 quoque
955 1432 1172 1478 sanctus
1198 1421 1517 1476 sitcbaritas
1543 1419 1838 1488 utriusque,
1871 1433 1978 1471 non
2009 1430 2129 1486 pos-

554 1520 626 1573 sit
651 1519 773 1589 quis
793 1532 992 1588 negare
1013 1514 1273 1587 Spiritum
1298 1521 1543 1570 sanetum
1578 1527 1608 1565 a
1650 1510 1787 1566 Filio
1814 1509 2123 1581 procedere,

2236 596 2453 652 habere.
2490 595 2641 664 Quod
2677 595 2802 665 quia
2838 607 3119 658 vesanum,
3160 594 3451 650 tenendum
3484 595 3705 651 omnino
3763 607 3819 654 et

2234 689 2466 744 fideliter
2503 685 2860 758 proﬁtendum
2907 685 3031 755 quia
3080 683 3245 740 Patel-
3274 684 3450 756 diligit
3498 683 3721 752 Filium,
3766 692 3821 744 et

2232 778 2401 832 Filius
2427 777 2598 847 diligit
2632 776 2866 842 Patrem,
2894 784 2949 830 et
2978 775 3094 831 haec
3122 773 3360 840 dilectio,
3394 789 3500 846 qua
3538 774 3705 832 Pater
3736 779 3820 833 die

2230 870 2349 942 ligit
2374 868 2587 935 Filium,
2615 885 2643 922 a
2680 867 2841 924 Patre
2863 867 3137 938 procedit;
3167 874 3222 922 et
3264 866 3485 922 dilectio
3506 882 3613 938 qua
3650 866 3822 926 Filius

2230 959 2411 1032 diligit
2437 960 2675 1024 Patrem,
2710 974 2740 1013 a
2764 958 2903 1013 Filio
2926 956 3279 1014 nihilominus
3300 958 3566 1027 procedit.
3601 958 3700 1013 Est
3729 972 3825 1013 an-

2230 1061 2340 1108 tem
2383 1050 2760 1107 htecdilectio
2826 1050 3062 1122 Spiritus
3099 1062 3339 1106 sanctus.
3392 1049 3645 1105 Procedit
3693 1062 3825 1123 ergo

2229 1143 2466 1215 Spiritus
2487 1158 2517 1196 a
2544 1142 2704 1198 Patre
2736 1150 2794 1197 et
2821 1158 2851 1196 a
2879 1141 3037 1197 Filio.
3070 1139 3317 1213 Tempus
3357 1151 3439 1196 est
3460 1140 3574 1210 jam
3606 1149 3828 1198 sancto-

2229 1252 2349 1290 rum
2379 1234 2600 1299 Patrum
2629 1233 2970 1289 testimoniis
2997 1234 3400 1304 processionem
3434 1235 3609 1288 sancti
3649 1233 3827 1305 Spiri-

2230 1337 2316 1384 tus
2337 1343 2370 1381 a
2405 1326 2543 1382 Filio
2569 1327 2942 1397 comprobare,
2983 1335 3045 1381 ut
3075 1326 3290 1381 diversa
3330 1326 3631 1382 sentientes
3674 1343 3827 1383 reve-

2233 1430 2458 1477 reantur
2484 1432 2540 1475 et
2560 1422 2865 1476 reverentia
2905 1420 3129 1476 salutari
3152 1421 3499 1491 corrigantur
3516 1461 3533 1487 ,
3558 1437 3631 1477 ne
3658 1420 3826 1478 stulta

2235 1512 2539 1583 pervicacia
2581 1512 2637 1565 in
2684 1511 3005 1582 perditionis
3033 1512 3242 1568 foveam
3267 1510 3598 1567 dilabantur.

562 1722 3813 1758 ..Μὴ-Ἥ

1721 1877 2014 1959 LIBER
2066 1872 2636 1955 SECUNDUS.

1081 2189 1308 2247 CAPUT
1335 2185 1628 2245 PRIMUM.

560 2326 937 2399 Comprobatur
960 2341 1025 2389 ea:
1064 2323 1310 2380 Patribus
1344 2323 1596 2448 Spiritum
1636 2332 1874 2378 sanctum
1920 2337 1952 2374 a
1987 2319 2126 2375 Filio

1193 2411 1344 2448 nroce
1383 2411 1485 2448 ere.

1193 2411 1485 2467 proceaere.

628 2527 989 2594 Quzestionem
1007 2525 1075 2581 de
1097 2526 1266 2581 sancti
1298 2525 1533 2596 Spiritus
1556 2525 1898 2596 processione
1944 2536 2133 2578 versa-

558 2634 706 2684 unus,
738 2635 898 2688 quam
934 2618 1243 2674 Graecorum
1284 2619 1638 2688 imperatores
1676 2634 1706 2671 a
1744 2617 1883 2673 Filio
1935 2624 2133 2688 negant

468 2752 477 2755 τ
556 2708 695 2774 ﬁeri,
726 2710 969 2767 dicentes
1007 2710 1148 2780 quod
1175 2726 1206 2765 a
1240 2709 1401 2765 Patre
1429 2719 1635 2764 tantum
1666 2710 1940 2779 procedat,
1969 2716 2024 2762 et
2053 2708 2133 2762 id-

557 2802 705 2856 circo
726 2801 967 2857 nolentes
993 2796 1246 2857 Ecclesia:
1271 2800 1527 2857 Romanae
1539 2800 1965 2865 communicare,
1987 2799 2133 2868 lega-

557 2901 639 2947 tos
664 2893 970 2964 apostolicae
994 2894 1137 2949 sedis
1159 2909 1262 2949 non
1292 2901 1630 2965 receperunt,
1654 2894 1707 2947 in
1730 2892 1942 2962 culpam
1969 2891 2133 2947 devo-

557 2995 762 3050 cantes,
795 2986 936 3055 quod
986 2986 1145 3041 aliter
1189 2986 1378 3042 Latina
1421 2988 1626 3043 diceret
1663 2987 1927 3052 Ecclesia,
1966 3000 2129 3055 quam

558 3076 658 3145 ipsi
696 3077 762 3132 tle
791 3077 993 3147 Spiritu
1016 3088 1219 3139 sancto,
1250 3079 1572 3151 proﬁtendo,
1594 3080 1968 3149 credendoque
2006 3078 2129 3149 Spi-

558 3167 718 3222 ritum
741 3177 988 3223 sanctum
1014 3184 1044 3222 a
1088 3168 1225 3224 Filio
1247 3172 1579 3239 procedere,
1608 3185 1768 3238 quem
1824 3170 1922 3239 ipsi
1949 3169 2133 3224 dicunt

559 3264 765 3311 tantum
807 3274 837 3312 a
874 3256 1033 3312 Patre
1076 3260 1217 3328 quod
1247 3260 1519 3329 procedat.
1551 3260 1732 3316 Primo
1756 3259 2001 3314 videmus
2032 3259 2133 3314 lai-

560 3363 654 3405 cos
675 3357 862 3405 contra
888 3361 1109 3406 cunctas
1133 3350 1526 3406 ecclesiasticas
1563 3351 1775 3421 regulas
1801 3351 2007 3418 venire,
2042 3352 2132 3405 de-

559 3449 707 3495 creta
749 3440 992 3496 ﬁdelibus
1031 3441 1338 3512 imponere;
1385 3452 1442 3498 et
1467 3443 1664 3514 quibus
1686 3459 1791 3499 non
1821 3454 1903 3499 est
1923 3443 2131 3499 licitum

2163 2166 2214 2226 B
2245 2162 2362 2225 tris,
2390 2167 2445 2215 et
2467 2158 2612 2223 Filii,
2640 2165 2698 2213 et
2721 2156 2959 2228 Spiritus
2983 2156 3204 2213 sancti?
3244 2156 3461 2229 (Matth.
3486 2170 3692 2223 xxvm,
3727 2140 3827 2231 ωδ

2228 2249 2381 2316 Quod
2404 2249 2450 2303 si
2472 2263 2571 2302 vos
2597 2247 2777 2302 dicitis
2800 2255 3006 2301 tantum
3031 2246 3290 2316 Spiritum
3320 2258 3569 2302 sanctum
3603 2263 3634 2301 a
3664 2246 3830 2304 Patre

2228 2340 2538 2411 procedere,
2572 2337 2814 2393 nolentes
2870 2338 3121 2393 conﬁteri
3153 2338 3294 2407 quod
3338 2353 3367 2392 a
3393 2337 3535 2394 Filio
3563 2340 3831 2409 procedat

2229 2439 2283 2485 et
2308 2431 2483 2486 omnis
2508 2428 2749 2484 Ecclesia
2778 2429 2969 2484 Latina
2996 2428 3080 2483 vel
3103 2436 3254 2484 certe
3278 2429 3442 2485 totius
3462 2430 3614 2486 orbis
3639 2430 3832 2486 catho-

2229 2523 2333 2577 lica
2361 2522 2702 2592 proﬁteatur,
2732 2522 2876 2591 quod
2896 2528 2957 2577 'et
2984 2535 3014 2575 a
3035 2519 3174 2575 Filio
3203 2522 3458 2591 procedat
3482 2536 3499 2575 :
3529 2524 3674 2577 unde
3700 2536 3831 2593 pro-

2230 2614 2371 2669 batis
2407 2621 2646 2668 vestram
2670 2611 2993 2667 sententiam
3023 2611 3140 2667 fore
3185 2613 3448 2682 potiorem
3494 2621 3550 2667 et
3571 2613 3830 2669 veritatis
3884 2600 3895 2608 “

2233 2703 2558 2757 auctoritate
2586 2702 2847 2757 munitam
2871 2702 2895 2754 ?
2918 2717 2986 2755 an
3015 2700 3198 2757 forsan
3227 2702 3502 2772 Evangelii
3526 2702 3734 2757 veritas
3754 2694 3827 2757 ad

2230 2806 2326 2846 vos
2359 2791 2505 2846 solos
2526 2790 2793 2860 pervenit,
2824 2799 2881 2845 et
2901 2791 3042 2860 apud
3069 2804 3164 2846 vos
3187 2787 3330 2846 solos
3358 2790 3678 2859 permanet?

2302 2881 2591 2952 Apostolus
2614 2880 2816 2937 Paulus
2843 2889 3091 2936 vocatum
3119 2897 3179 2937 se
3221 2882 3352 2935 dicit
3380 2880 3708 2951 apostolum,
3735 2888 3826 2937 se-

2232 2982 2475 3044 paratum
2505 2973 2559 3027 in
2602 2971 2948 3044 Evangelium
2987 2970 3189 3028 Christi
3218 2972 3399 3046 (Rom.
3451 2988 3540 3039 xv,
3590 2973 3704 3038 l9),
3751 2972 3824 3029 ab

2233 3062 2567 3119 Hierusalem
2596 3077 2768 3133 usque
2798 3062 2865 3116 ad
2902 3062 3168 3134 Illyricum
3198 3070 3370 3117 totum
3400 3078 3498 3132 per
3527 3062 3821 3117 circuitum

2232 3153 2523 3225 Evangelia
2542 3152 2738 3208 Christi
2764 3151 3055 3223 replevisse
3080 3168 3094 3218 ;
3124 3151 3353 3208 Romam
3376 3167 3592 3223 quoque
3620 3152 3786 3223 Hispa
3810 3187 3822 3196 -

2235 3245 2458 3314 niasque
2478 3241 2803 3313 profectum,
2844 3251 2902 3297 et
2938 3242 2991 3297 in
3044 3250 3219 3298 totum
3267 3243 3433 3315 plene
3475 3244 3662 3299 orbem
3714 3243 3823 3297 Ro-

2234 3352 2451 3392 manum
2485 3335 2565 3389 vel
2593 3335 2880 3404 praesentia
2910 3336 3171 3406 corporis,
3186 3336 3273 3391 vel
3299 3336 3514 3406 scriptis
3538 3346 3823 3407 pertrans~

2234 3431 2362 3494 isse,
2415 3429 2687 3484 Christum
2751 3429 3070 3499 praedicans.
3118 3428 3255 3483 Num
3284 3428 3439 3494 dicit,
3491 3430 3635 3498 quod
3682 3428 3817 3485 solii

560 3532 667 3589 ullo
715 3549 880 3605 super
930 3535 1296 3592 ecclesiastico
1337 3535 1460 3605 jure
1511 3546 1709 3608 praeter
1754 3537 2128 3608 episcoporum

2233 3521 2438 3577 Graecis
2462 3521 2735 3576 Christum
2756 3520 3150 3589 praedicavcrit,
3171 3526 3225 3575 et
3248 3518 3453 3576 Crteeis
3477 3520 3819 3575 solummodo

560 3622 864 3681 consultum
897 3635 1095 3681 statuta
1132 3628 1479 3692 constituere,
1528 3627 1673 3699 leges
1708 3629 1809 3699 ipsi
1839 3628 1959 3683 ﬁdei
1995 3644 2129 3684 con-

560 3715 687 3772 dere
712 3728 995 3784 conantur,
1022 3727 1074 3773 et
1103 3720 1395 3775 secundum
1424 3735 1521 3775 sua
1543 3720 1758 3777 decreta
1781 3720 1871 3775 alii
1902 3721 1956 3775 in
1983 3736 2132 3777 com-

560 3810 869 3866 munionem
896 3812 1245 3882 recipiuntur,
1274 3812 1363 3869 alii
1388 3829 1518 3869 vero
1540 3823 1904 3870 removentur.

633 3901 690 3956 Si
719 3902 846 3971 quid
874 3918 1106 3973 namque
1140 3903 1337 3958 sanciri
1366 3905 1431 3959 de
1474 3920 1585 3959 suae
1613 3904 1733 3961 ﬁdei
1764 3916 1948 3959 tenore
1984 3902 2131 3959 dele-

562 4005 771 4069 gerant,
801 3997 1172 4067 episcoporum
1197 3997 1479 4052 concilium
1499 4000 1711 4054 evocari
1735 3999 2008 4060 decuerat,
2033 3996 2134 4053 Pa-

561 4098 705 4145 trum
752 4096 950 4143 statuta
978 4088 1200 4158 requiri,
1231 4097 1541 4143 sanctarum
1584 4087 1801 4144 oracula
1842 4087 2137 4156 scriptura-

564 4198 706 4247 rum,
741 4181 984 4238 consultu
1025 4181 1396 4251 episcoporum
1436 4181 1705 4235 communi
1741 4179 2005 4235 sententia
2043 4178 2135 4232 de-

563 4273 733 4338 cerni,
763 4270 889 4341 quid
920 4274 1274 4341 sequendum,
1307 4272 1435 4341 quid
1448 4280 1573 4326 vero
1588 4270 1763 4327 fuerat
1790 4269 2129 4341 abigendum.

563 4362 713 4430 Quod
748 4363 793 4419 si
833 4363 1154 4432 quibusdam
1198 4364 1250 4417 in
1282 4362 1557 4428 Ecclesiis,
1594 4361 1677 4417 vel
1702 4361 1934 4429 quadam
1964 4368 2135 4415 terra-

564 4468 680 4507 rum
721 4453 773 4508 in
801 4462 954 4524 parte
999 4455 1167 4509 teneri
1203 4453 1285 4507 vel
1314 4453 1549 4523 proﬁteri
1581 4452 2134 4522 deprehenderentur,

564 4560 682 4616 quze
715 4543 859 4613 juste
907 4554 1158 4616 recteque
1194 4560 1510 4615 permovere
1552 4546 1907 4610 debuissent,
1948 4544 2032 4601 vel
2063 4559 2134 4600 ex

565 4636 688 4704 ﬁde,
704 4636 787 4693 vel
806 4652 871 4693 ex
891 4638 1295 4702 consuetudine,
1324 4636 1665 4692 scribendum
1694 4635 1779 4690 bis
1807 4636 1982 4705 primo
2015 4634 2133 4690 fue-

2237 3612 2652 3685 imperatoribus
2702 3611 2976 3684 Evangelii
3010 3611 3294 3667 veritatem
3323 3610 3644 3682 patefecerit
3669 3610 3695 3665 ’ἓ
3722 3625 3821 3682 per

2235 3717 2406 3763 totum
2434 3706 2620 3763 orbem
2646 3704 2989 3774 Evangelium
3019 3703 3219 3760 Christi
3263 3710 3551 3768 coruscat;
3579 3712 3808 3773 aposto-

2233 3800 2409 3856 lorum
2451 3797 2652 3868 scripta
2682 3795 2976 3868 leguntur;
3003 3794 3393 3865 prophetarum
3423 3792 3646 3848 oracula
3678 3792 3818 3848 reci-
3895 3818 3907 3828 ο

2234 3900 2441 3958 tantur,
2464 3891 2661 3961 quibus
2684 3888 3046 3945 Ecclesiarum
3075 3887 3317 3959 magistri
3342 3887 3480 3942 sicut
3498 3900 3529 3940 a
3551 3885 3817 3957 principio

2232 4001 2331 4057 per
2349 3983 2620 4055 apostolos
2651 3981 2865 4037 fuerant
2894 3979 3145 4046 instituti,
3169 3979 3413 4049 quotidie
3445 3978 3662 4034 discunt
3688 3977 3813 4047 quid

2234 4076 2436 4132 sentire
2472 4075 2541 4129 de
2570 4080 2755 4128 sancta
2783 4070 3052 4126 Trinitate
3081 4071 3331 4136 debeant,
3372 4069 3501 4138 quid
3529 4068 3773 4138 proﬁteri
3794 4060 3813 4132 ξ

2234 4168 2363 4238 quid
2392 4165 2617 4237 populos
2648 4165 2752 4220 sibi
2803 4163 3126 4219 commissos
3152 4163 3399 4227 edocere,
3448 4162 3647 4231 quibus
3700 4174 3814 4216 mo-

2234 4261 2385 4317 ribus
2444 4260 2750 4324 instituere,
2784 4273 2889 4327 qua
2939 4256 3352 4314 conversatione
3399 4253 3657 4319 formare,
3708 4260 3814 4324 qua

2238 4351 2496 4421 religione
2519 4361 2867 4420 cotttponere.
2897 4347 3007 4403 Nec
3033 4347 3241 4419 paginae
3268 4353 3470 4401 sancta
3495 4343 3810 4415 loquuntur,

2238 4460 2338 4499 nec
2378 4443 2638 4513 majorum
2698 4439 2941 4495 instituta
2963 4436 3387 4501 commendant,
3415 4447 3518 4490 nec
3543 4439 3814 4505 precept!

2237 4542 2460 4605 censent
2486 4531 2874 4602 apostolorum,
2902 4528 2987 4584 vel
3025 4539 3473 4598 quorumcunqno
3498 4524 3641 4580 dicta
3681 4523 3816 4580 scri-

2232 4638 2433 4699 ptaque
2459 4627 2745 4698 majorum,
2773 4622 2857 4678 vel
2879 4621 3096 4679 Gracos
3123 4620 3289 4677 totius
3329 4617 3586 4675 Ecclesia
3608 4614 3819 4672 Christi

564 4740 669 4798 rat,
695 4740 751 4787 et
776 4731 903 4786 facti
927 4747 1088 4786 causa
1119 4729 1507 4800 cognoscenda.
1541 4727 1676 4783 Tum
1706 4728 1750 4783 si
1781 4703 1942 4796 justas
1973 4727 2130 4782 ratio-

2240 4720 2355 4774 fore
2391 4716 2694 4786 magistros,
2738 4711 2823 4768 vel
2874 4713 2944 4766 ab
2979 4709 3114 4781 ipsis
3137 4706 3571 4771 monstrandum,

565 4793 866 4893 nis—religio
902 4793 1264 4894 postulasset,
1308 4823 1569 4894 judicium
1619 4793 2022 4893 proferendum.
2069 4820 2138 4876 Et
2239 4812 2494 4871 scendum
2517 4802 2932 4878 imperatoribus
2950 4815 3164 4894 eorum,
3188 4797 3319 4870 quid
3663 4793 3820 4894 (Ehrl-

566 4918 668 4972 hoc
706 4926 885 4973 tamen
925 4934 1022 4973 suo
1056 4920 1158 4973 sub
1191 4918 1472 4990 regimine,
1502 4917 1819 4987 imperiique
1844 4915 2130 4986 providen-

2245 4903 2313 4957 sti
2357 4899 2611 4956 Ecclesia:
2633 4898 2822 4953 orbem
2846 4894 2934 4951 vel
2959 4892 3249 4990 inhabile,
3428 4888 3485 4990 in

567 5010 664 5074 tia,
695 5009 949 5065 Eeclesiis
978 5011 1281 5065 constitutis
1299 5028 1312 5063 :
1328 5009 1566 5079 alioquin
1592 5009 1657 5063 ad
1680 5023 1790 5062 suae
1814 5005 2130 5077 provisionis

2240 4993 2323 5047 vel
2346 4994 2597 5063 dogmate
2617 4989 2812 5045 debeat
2838 4983 3140 5043 observari.
3163 4980 3318 5049 Quod
3338 4979 3385 5035 si
3413 4977 3575 5034 nimis
3593 4977 3819 5032 stultum

566 5117 749 5159 curam
797 5102 1021 5173 populos
1058 5120 1160 5159 non
1207 5073 1557 5173 pertinentes,
1607 5100 1687 5156 vel
1730 5073 1998 5156 Ecclesias
2036 5113 2135 5153 suo
2242 5089 2576 5156 nimiumque
2627 5084 2868 5140 ίηδοιθηε
2913 5096 3035 5138 ωδε
3076 5077 3445 5173 comit“?
3498 5088 3605 5131 "0“
3635 5073 3822 5173 ficum

569 5194 667 5250 sub
696 5168 921 5263 imperio
949 5209 1053 5247 non
1075 5168 1487 5257 commorantes,
1512 5189 1640 5261 quid
1664 5189 1803 5259 juris
1828 5180 2022 5250 fuerat,
2051 5186 2136 5243 vel
2243 5181 2479 5236 Ecclesia
2505 5179 2744 5235 Romana
2770 5185 2880 5233 tam
2904 5173 3096 5230 leviter
3122 5168 3466 5242 reprehendi,
3510 5168 3657 5263 quod
3707 5180 3806 5221 ma.

569 5287 635 5340 de
658 5260 1042 5341 consuetudine
1061 5284 1323 5353 judicare,
1354 5284 1435 5339 vel
1456 5286 1518 5337 de
1531 5260 1791 5353 dogmate
1818 5280 1939 5336 ﬁdei
1959 5281 2138 5337 discu-
2233 5274 2415 5344 jorum
2445 5281 2626 5329 servat
2680 5270 2924 5326 instituta
2956 5281 3198 5330 suorum,
3224 5279 3329 5320 nec
3356 5264 3408 5317 in
3454 5260 3710 5353 omnibus

571 5391 683 5453 tere
725 5399 738 5434 :
775 5389 831 5435 et
872 5378 919 5433 si
967 5349 1076 5431 non
1114 5392 1209 5445 per
1243 5376 1420 5431 omnia
1453 5385 1511 5431 ut
1541 5349 1728 5431 illivvel
1755 5374 2009 5438 sentiant,
2054 5371 2137 5426 vel
2241 5366 2425 5435 quitur
2454 5363 2699 5420 instituta
2749 5359 3104 5453 Grattforﬂlll;
3137 5353 3578 5453 ιιυθηαοίιξιὶύθιυ
3608 5351 3724 5453 sive
3756 5349 3824 5405 de

572 5448 810 5538 teneant,
865 5443 1435 5528 excommunicationis
1486 5482 1715 5525 censura
1775 5465 1969 5521 ferire?
1999 5462 2135 5518 Num
2239 5467 2428 5519 sancta
2453 5456 2736 5520 Trinitate,
2763 5452 2848 5508 vel
2875 5452 2942 5507 de
2962 5450 3331 5521 cujuscunque
3356 5443 3703 5538 observantia
3736 5457 3823 5496 re-

567 5535 875 5616 ntum-orum
905 5562 1317 5632 imperatoribus
1345 5561 1594 5616 Salvator
1625 5558 1823 5629 ligandi
1869 5554 2137 5613 solvendi-
2242 5551 2457 5622 ligiouis
2482 5546 2739 5618 quidquid
2766 5544 2853 5599 vel
2880 5551 3044 5609 tenet,
3062 5541 3149 5596 vel
3169 5546 3408 5603 exercet,
3437 5535 3824 5632 discipulatui!

570 5666 671 5720 quc
716 5627 1033 5720 potestatem
1083 5653 1413 5708 contribuit?
1462 5651 1601 5705 Num
1644 5627 1750 5706 illis
1800 5648 1979 5704 ditit:
2034 5645 2138 5702 Vos
2245 5642 2444 5698 Christi
2476 5638 2715 5695 manavit
2752 5639 2817 5693 de
2841 5634 3010 5691 fonte.
3039 5633 3149 5690 Nec
3165 5639 3250 5688 est
3280 5639 3593 5686 sanctarum
3616 5627 3829 5699 paginis

569 5744 689 5798 eatis
720 5743 813 5799 lux
832 5746 1013 5800 mundi
1035 5744 1251 5817 (Matth.
1280 5760 1330 5807 v,
1348 5741 1744 5813 M)?Numillis
1758 5738 2141 5795 mandavitdo-
2244 5746 2553 5803 repugnans
2573 5729 2657 5786 vel
2678 5729 3086 5786 disconveniens
3116 5726 3523 5797 Scripturarum
3548 5725 3692 5793 quod
3710 5734 3829 5817 ere:

569 5849 697 5903 cere
713 5852 904 5899 omnes
932 5806 1138 5913 gentes,
1181 5845 1236 5895 ct
1262 5806 1539 5911 baptism:
1561 5849 1657 5894 cas
1707 5833 1764 5890 in
1798 5831 2015 5891 nomine
2040 5828 2140 5895 Pa—
2245 5827 2344 5900 dit,
2367 5824 2545 5897 docet,
2582 5821 2914 5899 exsequitur.
2944 5820 3086 5897 Ergo
3110 5818 3509 5895 reprehendere
3554 5806 3843 5905 conamini
