4026 6346
447 290 552 347 247

1473 282 1832 339 RATBAMNI
1867 280 2315 339 CORBEIENSIS
2348 279 2652 339 MONACHI

3596 270 3705 342 eis

455 401 619 456 ritum
646 415 861 473 quoque
880 409 1125 457 sanctum
1149 399 1409 453 minorem
1432 396 1569 453 Filio
1590 395 2019 468 blasphemabat.
2049 397 2101 457 Α
2128 400 2232 450 tur.
2279 396 2348 451 Et
2373 374 2518 453 nunc
2559 413 2654 453 vos
2693 397 2837 454 hanc
2878 394 3039 456 ﬁdem
3067 365 3336 459 accusatis
3363 399 3551 459 nescio
3595 414 3708 476 qua

523 493 653 549 Post
677 497 836 564 quem
862 492 1202 548 Macedonius
1222 490 1476 555 surrexit,
1508 490 1573 546 de
1601 488 1763 544 Patre
1783 489 2026 558 Filioque

448 602 573 644 cum
604 584 884 642 catholicis
909 583 1099 640 similia
1126 583 1386 648 sentiens,
1419 580 1654 653 Spiritus
1693 596 1825 637 vero
1855 581 2027 637 sancti

448 660 738 751 personam
784 693 888 733 non
926 675 1208 746 recipiens.
1253 676 1528 731 Adversus
1570 675 1734 732 istum
1774 674 2027 731 catholici

450 773 787 827 decertantes
812 768 1069 839 episcopi,
1102 766 1364 837 Spiritum
1389 776 1634 823 sanctum
1662 766 2029 838 probaverunt

450 878 615 917 unum
634 877 752 917 esse
781 861 833 915 in
859 868 1045 915 sancta
1073 859 1359 924 Trinitate,
1384 858 1893 917 consubstantialem
1917 868 2027 914 tam

449 951 597 1007 Patri
632 964 795 1022 quam
834 950 990 1015 Filio,
1022 959 1077 1005 et
1105 951 1172 1005 de
1219 949 1379 1006 Patre
1424 950 1829 1021 procedentem,
1860 951 2025 1006 eoad-

448 1043 737 1112 orandum,
766 1050 822 1098 et
842 1036 845 1039 “
865 1041 1377 1114 congloriﬁcandum
1420 1043 1565 1098 Patri
1595 1042 1861 1115 Filioque.
1893 1042 2027 1097 Dein

447 1135 645 1189 Ariana
677 1133 1034 1205 repnllnlante
1078 1134 1313 1192 vesania.
1349 1132 1669 1204 volenteque
1706 1132 2028 1189 conﬁrmare

450 1242 555 1282 non
601 1242 725 1282 esse
769 1236 931 1282 rectae
982 1226 1104 1280 ﬁdei
1156 1225 1416 1296 Spiritum
1448 1235 1692 1282 sanctum
1736 1225 1919 1281 dicere
1963 1226 2029 1281 de

448 1316 610 1374 Patre
656 1319 973 1389 procedere,
1006 1318 1108 1373 hoc
1138 1319 1264 1399 quia
1290 1318 1567 1373 videretur
1604 1332 1726 1373 esse
1774 1318 2027 1389 blasphe-

448 1426 617 1475 mum,
649 1409 906 1480 quoniam
949 1409 1178 1465 duorum
1217 1408 1565 1480 proﬁteretur
1592 1407 1753 1465 Pater
1796 1424 1938 1476 esse,
1973 1409 2027 1464 id

446 1510 533 1556 est
558 1500 699 1563 Filii,
732 1515 825 1555 seu
858 1499 1093 1573 Spiritus
1122 1501 1292 1557 sancti
1320 1518 1333 1554 :
1363 1501 1506 1557 hanc
1542 1515 1756 1571 quoque
1781 1492 2028 1571 bIaSphe-

447 1593 611 1646 miam
650 1592 1050 1662 prOpellcndam
1085 1593 1436 1647 decernentes
1477 1591 1730 1647 Ecclesiae
1755 1591 2023 1657 doctores,

446 1681 864 1752 superaddidere
904 1680 1150 1752 symbolo
1190 1680 1450 1752 Spiritum
1498 1690 1745 1737 sanctum
1787 1681 1852 1737 de
1886 1682 2026 1738 Filio

2124 487 2338 545 levitate
2358 491 2607 559 permoti,
2634 506 2810 562 quove
2836 506 3025 551 errore
3044 495 3274 566 decepti.

2197 581 2371 638 Dicite
2394 583 2440 638 si
2471 581 2734 654 Spiritum
2759 594 3026 654 sanctum,
3050 587 3314 659 Spiritum
3338 603 3462 646 esse
3500 588 3711 648 Christi

2125 672 2527 743 proﬁteamini?
2555 673 2706 741 Quod
2730 676 2776 731 si
2806 678 3040 749 negatis,
3063 679 3337 750 apostolus
3355 679 3557 737 Paulus
3576 696 3712 739 con-

2128 771 2214 818 tra
2238 779 2336 819 vos
2360 763 2579 832 clamat,
2629 766 2722 837 qui
2748 767 2919 823 dicit:
2947 767 3011 825 Si
3050 770 3167 842 quis
3209 769 3472 842 Spiritum
3512 769 3715 829 Christi

2127 869 2233 909 non
2259 855 2429 921 liabet,
2459 856 2545 911 hic
2580 872 2683 912 non
2705 868 2780 913 est
2807 861 2921 928 ejus
2951 858 3123 933 (Rom.
3157 877 3279 929 vttt,
3309 861 3389 935 9).
3414 861 3632 920 Clamat
3654 875 3715 921 et

2129 952 2349 1000 sanctus
2373 941 2567 1012 Lucas,
2596 948 2690 1017 qui
2711 947 2842 1004 dicit
2858 964 2873 1003 :
2889 949 2959 1003 Et
2982 965 3086 1005 non
3108 952 3345 1022 permisit
3364 968 3453 1008 eos
3474 952 3713 1025 Spiritus

2128 1034 2256 1090 Jesu
2294 1036 2442 1106 ‘(Act.
2474 1053 2584 1104 xvi,
2610 1038 2685 1110 7).
2713 1038 2924 1096 Clamat
2945 1050 3001 1097 et
3022 1041 3213 1099 Petrus
3234 1060 3249 1097 :
3272 1042 3504 1099 Dextera
3545 1046 3713 1116 igitur

2128 1126 2228 1182 Dei
2245 1128 2528 1196 exaltatus,
2554 1131 2739 1201 eﬂ‘udit
2760 1133 2919 1198 hunc,
2947 1150 3101 1203 quem
3135 1150 3227 1190 uos
3244 1134 3450 1191 uidistis
3482 1145 3533 1191 et
3554 1136 3716 1190 audi-

2129 1214 2222 1269 stis
2265 1215 2401 1288 (Act.
2429 1232 2489 1282 tt,
2515 1217 2627 1290 55).
2654 1218 2862 1275 Clamat
2887 1228 2946 1277 et
2968 1224 3084 1293 ipse
3111 1220 3381 1291 Salvator,
3420 1224 3516 1295 qui
3539 1224 3713 1282 disci-

2128 1304 2271 1375 pulis
2301 1305 2537 1376 loquitur
2561 1322 2575 1361 :
2599 1306 2658 1362 Si
2677 1325 2783 1364 non
2814 1310 3013 1378 abiero,
3041 1308 3357 1369 Paracletus
3382 1329 3489 1369 non
3509 1316 3715 1371 ueniet:

2129 1396 2175 1450 si
2213 1406 2387 1451 autem
2422 1396 2619 1463 abiero,
2648 1399 2851 1454 mittam
2879 1416 2999 1455 eum
3024 1401 3096 1455 ad
3140 1418 3228 1458 vos
3252 1402 3437 1476 (Joau.
3477 1419 3594 1471 xvr,
3628 1404 3712 1478 7).

2129 1486 2261 1543 ltem
2285 1497 2410 1558 post
2438 1490 2893 1547 resurrectionem
2918 1492 3191 1563 discipulis
3221 1493 3535 1562 insuﬂlavit,
3557 1504 3616 1553 et
3637 1497 3718 1553 ait

2129 1582 2210 1637 eis
2234 1600 2247 1635 :
2273 1581 2503 1650 Accipite
2529 1579 2784 1653 Spiritum
2821 1594 3062 1640 sanctum
3093 1585 3278 1657 (Joan.
3309 1603 3403 1655 xx,
3432 1587 3550 1661 22).
3582 1587 3719 1645 Hec

2131 1673 2312 1728 omnia
2341 1672 2600 1745 Spiritum
2622 1685 2887 1741 sanctum,
2922 1676 3184 1748 Spiritum
3208 1694 3332 1736 esse
3353 1678 3558 1736 Christi
3583 1695 3717 1751 pro-

443 1786 660 1841 quoqne
691 1771 999 1842 procedere.
1035 1770 1112 1826 Ne
1141 1772 1185 1826 si
1213 1772 1279 1826 de
1308 1771 1467 1827 Patre
1494 1780 1699 1826 tantum
1726 1774 2022 1841 procedens

2127 1764 2367 1821 ﬁtentur.
2400 1763 2553 1831 Quod
2579 1780 2777 1838 negare
2824 1783 2947 1823 cum
2994 1784 3101 1825 non
3132 1769 3380 1839 valeatis,
3410 1772 3717 1830 necessitas

443 1860 735 1927 diceretur,
769 1869 1051 1930 putaretur
1098 1860 1287 1926 Filius,
1336 1877 1437 1917 nec
1475 1862 1747 1918 diceretur
1785 1861 2021 1934 Spiritus

440 1950 583 2017 Filii,
613 1952 756 2022 quod
787 1962 871 2008 est
901 1953 1123 2022 impium
1165 1961 1220 2008 et
1261 1953 1652 2037 blasphemum,
1681 1963 1737 2010 et
1762 1956 2020 2011 adversus

439 2045 802 2116 evangelicam
874 2045 1329 2117 apostolicamque
1395 2047 1693 2103 doctrinam
1775 2048 2018 2104 veniens.

440 2137 575 2193 Nam
615 2139 658 2193 si
688 2138 866 2194 velitis
913 2140 1097 2195 dicere
1128 2139 1270 2210 quod
1307 2142 1602 2210 procedere
1627 2140 1851 2197 verbum
1890 2142 2024 2198 satis

436 2227 751 2299 distinguat,
792 2243 859 2284 ne
898 2227 1133 2299 Spiritus
1178 2239 1397 2284 sanctus
1430 2238 1647 2299 putetur
1671 2246 1792 2288 esse
1815 2231 2019 2298 Filius,

435 2318 632 2389 scitote
661 2319 802 2387 quod
825 2319 987 2373 etiam
1011 2318 1079 2373 de
1102 2318 1237 2373 Filio
1263 2320 1585 2389 praedicetur
1609 2337 1624 2387 ;
1651 2321 1725 2375 ait
1745 2322 1889 2376 enim
1906 2321 2021 2392 ipse

436 2410 491 2463 in
524 2410 816 2481 Evangelio
860 2409 1085 2468 Joannis
1115 2429 1128 2465 :
1167 2412 1279 2483 Ego
1300 2429 1364 2468 ea:
1388 2412 1497 2467 Deo
1536 2415 1782 2485 processi,
1819 2423 1868 2469 et
1906 2416 2019 2470 veni

436 2502 620 2575 (Joan.
658 2520 776 2571 vm,
827 2506 940 2576 42).
977 2504 1033 2561 Si
1060 2521 1191 2578 ergo
1227 2520 1291 2560 ex
1327 2506 1435 2561 Dco
1464 2506 1624 2562 Patre
1657 2508 1904 2577 procedit
1930 2507 2021 2563 Fi-

431 2594 559 2661 lius,
609 2597 849 2667 procedit
887 2607 943 2652 et
984 2597 1220 2668 Spiritus
1266 2608 1505 2663 sanctus,
1552 2599 1683 2669 quid
1730 2599 1834 2655 erit
1876 2600 2016 2669 quod

433 2687 651 2744 Arianis
677 2689 948 2745 silentium
979 2691 1237 2760 imponat,
1263 2707 1331 2747 ne
1352 2691 1611 2763 Spiritum
1641 2680 2016 2748 sanctum'Pa-

433 2778 536 2835 tris
558 2795 678 2836 esse
706 2780 899 2836 Filium
931 2780 1349 2852 blasphement?

1048 2916 1274 2973 CAPUT
1312 2917 1398 2974 ΙΙΙ.

433 3027 751 3086 Testimonia
800 3046 866 3085 ea:
907 3030 1198 3085 Athanasio
1243 3040 1290 3084 et
1343 3026 1594 3100 Gregorio
1649 3030 2014 3086 Nazianzeno.

502 3143 655 3226 lianc
682 3143 850 3215 igitur
879 3143 1152 3199 intuentes
1182 3157 1402 3198 causam
1435 3143 1685 3199 doctores
1734 3152 1844 3198 tam
1873 3143 2021 3199 Lati-

433 3252 655 3303 norum,
698 3251 863 3307 quam
892 3236 1228 3301 Graecorum,
1268 3236 1522 3291 dixerunt
1566 3235 1762 3291 Filium
1799 3236 2020 3308 quidem

426 3342 497 3382 ex
530 3326 687 3383 Patre
735 3335 943 3381 tantum
996 3325 1258 3396 genitum,
1305 3323 1568 3395 Spiritum
1612 3341 1743 3382 vero
1774 3336 2019 3383 sanctum

429 3420 497 3475 de
519 3418 682 3474 Patre
711 3418 959 3489 Filioque
988 3418 1391 3489 procedentem,
1420 3420 1692 3489 quomodo
1713 3419 2019 3476 divinarum

428 3510 606 3566 edocti
643 3509 958 3581 magisterio
986 3508 1289 3564 litterarum
1346 3508 1727 3565 intellexerunt
1768 3518 1879 3565 tam
1917 3509 2021 3566 Pa-

430 3602 531 3657 tris
577 3616 738 3671 quam
766 3599 888 3655 Filii
919 3599 1179 3671 Spiritum
1202 3614 1345 3667 esse,
1383 3615 1445 3655 ac
1467 3608 1754 3671 propterea
1781 3602 1849 3657 de
1872 3609 2021 3658 utro-

426 3705 534 3762 que
582 3691 894 3763 procedere.
927 3690 1080 3747 Unde
1109 3689 1300 3746 beatus
1334 3690 1667 3746 Athanasius
1692 3690 2016 3747 Alexandri-

427 3798 533 3838 nus
571 3784 857 3853 episcopus
882 3782 1049 3837 multa
1072 3793 1295 3854 propter
1315 3782 1596 3839 catholica:
1621 3783 1744 3840 ﬁdei
1768 3793 2019 3841 constan-

429 3875 562 3930 tiam
593 3873 663 3928 ab
692 3874 910 3929 Arianis
938 3889 1249 3945 perpessus,
1288 3872 1603 3943 frequenter
1628 3874 1794 3930 etiam
1826 3874 2019 3931 exsilio

426 3964 641 4020 illorum
673 3963 909 4021 factione
931 3964 1138 4036 pulsus,
1153 3973 1207 4021 et
1232 3966 1285 4020 in
1309 3962 1525 4021 Nicaena
1546 3965 1753 4037 synodo
1767 3966 2020 4037 episcopo
2054 3956 2057 3963 ’

427 4070 527 4110 suo
578 4056 735 4112 beato
763 4055 1071 4112 Alexandro
1118 4057 1377 4112 diaconus
1425 4058 1710 4125 assistens,
1760 4046 2059 4114 adversus’

425 4149 701 4203 vesaniam
753 4149 869 4204 Arii
924 4149 1274 4220 singulariter
1322 4150 1610 4217 dimicans,
1654 4150 1707 4204 in
1737 4149 1919 4205 libello
1953 4150 2021 4205 de
2056 4141 2059 4147 ’

428 4239 534 4294 ﬁde
579 4255 741 4309 quem
766 4239 959 4305 edidit,
999 4249 1053 4295 et
1087 4239 1342 4297 omnibus
1396 4241 1680 4297 catholicis
1725 4240 2019 4297 tenendum

424 4333 727 4404 proposuit,
759 4332 901 4388 inter
925 4343 1118 4388 caetera
1149 4332 1229 4388 sic
1255 4334 1333 4389 ait
1361 4352 1373 4387 :
1434 4352 1452 4385 ι
1499 4332 1661 4388 Pater
1693 4348 1724 4388 a
1763 4331 1911 4389 nullo
1936 4341 2020 4389 est

426 4426 624 4491 factus,
652 4440 752 4481 nec
779 4433 1016 4491 creatus,
1049 4440 1150 4481 nec
1180 4425 1415 4498 genitus.
1446 4424 1617 4482 Filius
1644 4441 1675 4481 a
1708 4425 1871 4481 Patre
1904 4426 2020 4484 solo

425 4529 547 4586 est;
584 4535 691 4583 non
738 4520 932 4585 factus,
967 4535 1074 4575 non
1106 4528 1341 4587 creatus,
1375 4519 1467 4576 sed
1503 4520 1741 4592 genitus.
1782 4514 2019 4590 Spiritus

425 4621 647 4670 sanctus
676 4629 706 4668 a
737 4612 900 4668 Patre
941 4622 998 4668 et
1040 4610 1195 4678 Filio,
1244 4628 1351 4668 non
1396 4612 1592 4678 factus,
1638 4628 1745 4669 non
1778 4621 2014 4679 creatus,

425 4723 533 4761 non
562 4707 798 4777 genitus,
833 4705 925 4761 sed
951 4705 1271 4775 procedens.
1307 4726 1324 4759 δ
1355 4705 1527 4774 Quam
1575 4704 1698 4761 ﬁdei
1727 4706 2016 4763 veritatem

426 4799 743 4855 Latinorum
769 4797 1030 4869 praesules
1059 4797 1801 4868 doctorumcomprobantes,
1834 4807 1889 4855 et
1923 4799 2018 4855 ad-

428 4908 618 4948 versus
663 4893 815 4963 pravi
864 4890 1129 4962 dogmatis
1186 4889 1371 4944 Ariani
1414 4890 1688 4962 singulare
1738 4892 2015 4948 munimen

428 4985 865 5049 considerantes,
902 4994 952 5038 et
998 4985 1065 5039 de
1108 4982 1407 5053 Scripturis
1435 4984 1638 5039 sanctis
1664 4990 2014 5054 propagatam

428 5077 814 5149 intelligentcs,
869 5076 1115 5149 symbolo
1146 5076 1267 5132 ﬁdei
1298 5076 1736 5146 supcraddidere,
1770 5077 2014 5134 dicentes

427 5171 496 5226 de
525 5168 731 5241 Spiritu
777 5176 965 5224 sancto
992 5185 1004 5223 :
1034 5166 1138 5233 Qui
1175 5184 1240 5224 ex
1276 5166 1440 5224 Patre
1475 5166 1717 5240 Filioque
1759 5169 2013 5240 procedit.

428 5262 582 5320 lianc
608 5262 768 5318 ﬁdem
782 5276 846 5316 ex
874 5260 1347 5332 illistemporibus,
1373 5261 1626 5319 videlicet
1649 5261 2014 5327 Constantini,

427 5355 530 5411 sub
563 5369 673 5426 quo
719 5353 957 5425 synodus
1006 5353 1059 5408 in
1110 5351 1287 5408 Nicaea
1339 5361 1700 5410 trecentorum
1750 5354 1936 5410 decem
1965 5364 2020 5410 et

424 5454 554 5502 octo
581 5445 957 5516 episcoporum
1005 5453 1327 5516 congregata
1359 5453 1461 5507 est,
1513 5459 1684 5515 usque
1730 5444 1798 5499 ad
1830 5452 2017 5500 nostra

426 5552 670 5611 tempora
697 5539 1058 5596 Occidentalis
1083 5539 1257 5595 tenuit
1299 5537 1559 5593 Ecclesia.
1591 5537 1695 5592 Sed
1729 5552 1829 5593 nec
1861 5538 2014 5594 Grae-

424 5649 616 5690 corum
643 5635 913 5691 abdicavit
940 5634 1232 5699 catholica,
1262 5633 1518 5702 quoniam
1549 5631 1720 5687 noluit
1755 5632 2015 5689 doctrina:

426 5723 673 5783 veritatis
705 5724 877 5782 aliena
908 5724 1045 5793 ﬁeri,
1095 5724 1235 5779 sicut
1284 5721 1497 5777 illorum
1538 5722 1733 5779 litteris
1774 5722 2015 5779 declara-

2126 1854 2215 1910 illa
2246 1872 2343 1911 vos
2374 1856 2693 1928 constringit
2716 1867 2799 1924 ut,
2828 1859 3008 1915 velitis
3034 1861 3238 1930 nolitis,
3262 1878 3388 1920 eum
3412 1867 3719 1936 procedere

2125 1948 2193 2004 de
2220 1947 2359 2004 Filio
2406 1964 2512 2005 non
2552 1950 2948 2019 negetisznam
2989 1962 3051 2009 ut
3091 1962 3394 2015 creaturam
3438 1973 3565 2014 eum
3589 1971 3719 2015 esse

2125 2040 2318 2096 dicatis
2346 2055 2468 2096 cum
2511 2040 2663 2107 Ario,
2692 2040 2778 2097 vel
2806 2056 2914 2097 non
2940 2057 3061 2099 esse
3082 2059 3206 2100 cum
3226 2044 3580 2113 Macedonio,
3622 2055 3714 2104 te-

2126 2142 2302 2188 statur
2342 2131 2626 2204 professio,
2659 2147 2763 2204 qua
2810 2134 2989 2191 dicitis
3012 2151 3136 2192 eum
3163 2152 3195 2192 a
3223 2137 3386 2195 Patre
3411 2141 3719 2210 proceden-

2129 2231 2255 2277 tem.
2288 2221 2402 2278 Hoc
2427 2239 2549 2277 cum
2594 2224 2792 2290 dicitis,
2839 2226 3289 2295 quemadmodum
3319 2244 3520 2301 negare
3547 2246 3716 2288 cona-

2125 2313 2258 2367 mini
2286 2328 2315 2367 a
2347 2313 2483 2368 Filio
2512 2315 2838 2383 procedere;
2882 2331 3006 2372 cum
3043 2318 3114 2373 sit
3142 2319 3419 2390 utriusque
3455 2323 3716 2379 substan-

2122 2407 2231 2469 tiae,
2259 2402 2430 2458 Patris
2451 2403 2657 2459 scilicet
2674 2413 2728 2459 et
2755 2404 2899 2473 Filii,
2924 2422 3026 2463 nec
3042 2407 3216 2478 possit
3235 2424 3358 2466 esse
3378 2411 3446 2467 de
3463 2412 3719 2470 substan-

2120 2496 2194 2553 tia
2224 2497 2524 2567 utriusque,
2549 2496 2650 2553 nisi
2675 2498 2933 2567 procedat
2960 2499 3027 2556 ab
3052 2508 3300 2572 utroque.

2160 2574 2173 2591 “
2194 2589 2491 2645 Audiamus
2525 2590 2654 2659 quid
2684 2590 2976 2662 Gregorius
3018 2593 3303 2665 episcopus
3329 2593 3710 2655 Nazianzenus

2121 2680 2178 2736 in
2230 2694 2478 2736 sermone
2529 2681 2595 2735 de
2644 2679 2848 2751 Spiritu
2893 2691 3104 2750 sancto,
3144 2699 3306 2755 quem
3350 2686 3409 2743 in
3462 2687 3710 2744 Ecclesia

2120 2769 2720 2841 Constantinopolitana
2762 2787 2945 2828 coram
2991 2774 3188 2845 populo
3232 2775 3361 2832 fecit
3396 2777 3486 2834 die
3512 2778 3711 2836 Pente-

2126 2871 2322 2929 costes,
2352 2862 2535 2918 dicat:
2566 2882 2584 2916 ι
2617 2861 2871 2934 Spiritus,
2894 2864 3087 2935 inquit,
3110 2875 3333 2924 sanctus
3351 2877 3471 2924 erat
3489 2870 3714 2940 quidem

2122 2969 2356 3026 semper,
2383 2962 2439 3009 et
2476 2963 2579 3018 est,
2609 2962 2667 3010 et
2693 2955 2820 3022 erit,
2862 2970 3037 3026 neque
3073 2956 3290 3011 initium
3316 2957 3507 3025 ullum,
3532 2973 3710 3031 neque

2124 3046 2287 3104 ﬁnem
2314 3046 2540 3115 habens,
2582 3047 2678 3103 sed
2724 3047 2873 3104 Patri
2901 3063 2965 3104 ac
3006 3047 3142 3104 Filio
3167 3058 3508 3106 coaeternus:
3534 3066 3711 3122 neque

2124 3140 2270 3196 enim
2297 3140 2516 3211 dignum
2539 3148 2625 3195 est
2642 3150 2734 3194 aut
2755 3139 2948 3195 Filium
2967 3140 3255 3211 aliquando
3275 3141 3517 3199 defuisse
3535 3142 3707 3209 Patri,

2127 3242 2219 3288 aut
2248 3230 2507 3302 Spiritum
2535 3230 2693 3286 Filio.
2726 3250 2745 3283 ι
2774 3230 3011 3287 Dicendo
3042 3246 3275 3302 namque
3295 3228 3556 3304 Spiritum
3583 3248 3712 3289 san-

2124 3332 2270 3381 ctum
2299 3320 2451 3376 Patri
2487 3320 2729 3391 Filioque
2750 3330 3101 3388 coaeternum,
3132 3321 3366 3378 Arianos
3410 3332 3710 3396 expugnat,

2124 3419 2240 3492 qui,
2291 3424 2601 3474 creaturam
2630 3430 2751 3471 eum
2798 3414 3256 3487 dogmatizabant.
3310 3415 3553 3474 Dicenda
3578 3431 3713 3474 vero

2124 3510 2267 3583 quod
2306 3515 2424 3565 erat
2468 3521 2704 3579 semper,
2733 3515 2789 3562 et
2809 3498 2913 3573 εει,
2940 3518 2997 3562 et
3024 3507 3149 3574 erit,
3180 3506 3558 3564 Macedonium
3580 3523 3714 3565 con-

2123 3601 2283 3668 futat,
2310 3601 2402 3672 qui
2425 3614 2550 3655 eum
2583 3611 2704 3655 esse
2732 3599 2980 3671 negabat.
3009 3598 3081 3654 At
3103 3614 3234 3655 vero
3268 3599 3576 3670 proﬁtendo
3616 3600 3714 3658 Fi-

2122 3690 2256 3748 lium
2314 3691 2602 3763 aliquando
2649 3706 2756 3747 non
2800 3690 3035 3748 defuisse
3075 3690 3248 3760 Patri,
3296 3707 3398 3749 nec
3445 3691 3718 3764 Spiritum

2122 3783 2279 3851 Filio,
2326 3798 2423 3838 vos
2465 3781 2731 3849 confutat,
2777 3782 2870 3852 qui
2915 3782 3124 3853 negatis
3168 3796 3295 3839 eum
3330 3781 3634 3854 procedere
3678 3798 3716 3839 a

2122 3874 2281 3931 Filio.
2307 3873 2365 3929 Si
2388 3874 2534 3929 enim
2570 3872 2868 3929 secundum
2891 3882 3128 3929 vestram
3154 3874 3480 3930 sententiam
3508 3870 3718 3931 voluis-

2122 3978 2207 4023 set
2256 3966 2516 4037 Spiritum
2561 3974 2807 4021 sanctum
2838 3966 2905 4021 de
2934 3965 3096 4022 Patre
3133 3974 3342 4022 tantum
3386 3966 3713 4038 procedam,

2122 4061 2302 4117 dicere
2327 4058 2589 4114 debuerat
2634 4073 2733 4114 nec
2761 4057 2956 4113 Filium
3004 4073 3108 4115 nec
3152 4058 3413 4128 Spiritum
3459 4068 3713 4117 sanctum

2123 4153 2412 4225 aliquando
2438 4150 2674 4207 defuisse
2696 4150 2845 4205 Patri
2868 4168 2882 4204 :
2908 4166 3052 4207 nunc
3075 4166 3205 4207 vero
3228 4167 3351 4208 cum
3392 4151 3545 4210 dicat
3565 4168 3710 4210 nun-

2122 4262 2288 4319 quam
2315 4246 2506 4303 Filium
2534 4243 2683 4300 Patri
2708 4243 2963 4310 defuisse,
2990 4258 3093 4301 nec
3114 4242 3378 4315 Spiritum
3405 4244 3566 4312 Filio,
3591 4260 3713 4302 ma-

2124 4339 2319 4396 nifeste
2339 4338 2578 4410 loquitur
2607 4336 2802 4392 Filium
2830 4343 3016 4391 natum
3039 4351 3162 4394 esse
3184 4338 3249 4393 de
3272 4336 3439 4393 Patre
3462 4338 3583 4395 sine
3602 4338 3711 4395 ullo

2046 4467 2105 4532 Β
2126 4438 2393 4500 tempore,
2414 4435 2474 4532 et
2504 4425 2769 4497 Spiritum
2791 4425 2857 4482 de
2877 4425 3016 4530 Filio
3038 4427 3372 4498 processisse
3402 4436 3531 4484 ante
3550 4443 3713 4485 omne

2054 4518 2099 4601 .'
2127 4530 2356 4593 tempus.
2384 4518 2495 4575 Nec
2541 4528 2717 4575 tamen
2752 4518 3112 4595 negavit‘eum
3141 4535 3174 4574 a
3201 4519 3362 4576 Patre
3395 4522 3710 4592 procedere,

2126 4611 2268 4669 unde
2298 4611 2447 4667 nulla
2484 4610 2712 4682 quaestio
2754 4609 2953 4676 fuerat,
3001 4611 3098 4667 sed
3122 4610 3261 4667 dixit
3305 4627 3584 4685 nunquam
3613 4614 3711 4670 de-

2126 4704 2294 4762 fuisse
2315 4702 2473 4770 Filio,
2503 4701 2649 4773 quod
2677 4700 2733 4756 in
2761 4701 3113 4772 quaestionem
3141 4712 3386 4759 venerat.

2195 4797 2255 4853 In
2276 4793 2732 4865 consequentibus
2757 4809 2970 4865 quoque
2988 4795 3055 4850 de
3072 4795 3189 4865 ipso
3217 4795 3421 4866 Spiritu
3447 4796 3709 4870 loquens:

2131 4911 2151 4945 c
2196 4888 2300 4957 Qui
2329 4887 2657 4954 sanctiﬁcet,
2684 4895 2742 4944 et
2764 4902 2871 4944 non
2912 4888 3302 4956 sanctiﬁcetur,
3348 4891 3478 4948 deos
3522 4890 3712 4962 faciat,

2124 4998 2229 5040 non
2251 4981 2366 5054 ipse
2388 4980 2483 5037 ﬁat
2501 4979 2679 5048 Deus;
2705 4981 3149 5050 inconvertibilis,
3175 4983 3549 5053 immutabilis,
3570 5003 3716 5044 sem-

2121 5092 2220 5149 per
2262 5076 2418 5132 adest
2444 5074 2548 5131 sibi
2577 5090 2642 5130 ac
2668 5073 2814 5130 Patri
2835 5085 2888 5132 et
2912 5075 3073 5145 Filio,
3105 5076 3411 5144 invisibilis,
3441 5081 3713 5152 intempo-

2124 5168 2275 5236 ralis,
2294 5167 2530 5240 proprite
2555 5165 2829 5238 potentiae,
2854 5168 3030 5224 omnis
3048 5169 3320 5238 potentiae.
3372 5189 3391 5224 ι
3420 5168 3558 5226 Cum
3578 5171 3712 5227 dicit

2123 5276 2248 5317 eum
2281 5258 2383 5315 sibi
2405 5272 2623 5329 semper
2641 5256 2832 5313 adesse
2856 5265 2910 5313 et
2926 5256 3075 5314 Patri
3116 5273 3180 5315 ac
3205 5257 3365 5325 Filio,
3404 5275 3515 5317 non
3552 5261 3712 5316 obse-

2124 5351 2237 5423 quii
2269 5350 2582 5407 servitutem
2609 5349 2912 5405 assistendo
2932 5349 3286 5416 demonstrat,
3311 5351 3406 5407 sed
3426 5352 3710 5409 inconver-

2128 5445 2297 5502 tibilis
2338 5453 2394 5501 et
2442 5442 2812 5506 immutabilis,
2866 5445 3006 5513 quod
3050 5446 3121 5500 sit
3168 5453 3348 5502 tamen
3386 5446 3440 5501 in
3488 5446 3710 5517 propria

2121 5546 2321 5591 natura
2344 5553 2506 5616 quam
2535 5536 2585 5590 in
2610 5534 2788 5591 Patris
2812 5534 3039 5607 Filiique
3062 5535 3363 5592 substantia
3382 5554 3394 5590 :
3416 5536 3471 5592 in
3483 5536 3707 5609 propria

2122 5629 2411 5699 siquidem,
2439 5630 2563 5699 quia
2594 5644 2699 5685 non
2726 5636 2809 5684 est
2837 5628 2975 5699 apud
3018 5643 3139 5684 eum
3170 5628 3278 5683 ulla
3315 5630 3708 5695 commutatio;

2121 5723 2267 5779 Patri
2311 5738 2445 5779 vero
2486 5723 2729 5794 Filioque
2760 5723 2830 5779 sit
2870 5722 3237 5793 immutabilis,
3273 5723 3402 5800 quia
3439 5723 3597 5807 cujus
3620 5731 3710 5782 est
