4026 6346
197 381 308 438 249

1099 382 1380 440 CONTRA
1417 386 1832 447 GRECORUM
1870 389 2229 451 OPPOSITA.
2271 427 2339 436 —
2378 393 2502 453 LIB.
2544 399 2605 454 ll.

3365 405 3474 466 250

197 507 412 554 natura
441 498 602 552 Pater
628 506 685 552 et.
703 492 892 563 Filius,
917 493 1157 568 ejusdem
1186 507 1268 556 est
1289 501 1451 555 etiam
1472 511 1528 557 et
1553 501 1789 574 Spiritus
1816 509 1867 567 Α
1892 505 2081 562 eadem
2125 509 2178 562 in
2208 489 2466 566 omnibus.
2490 513 2730 582 operatio
2756 531 2770 569 :
2833 513 3018 570 referri
3071 524 3244 572 tamen
3277 519 3469 577 Filium

196 601 444 647 sanctus.
479 591 628 646 Patri
651 591 916 661 siquidem
951 600 1035 646 est
1064 593 1485 650 inconvertibilis
1511 604 1565 672 et
1591 596 1786 650 immu—

195 681 404 747 tabilis,
450 682 543 752 qui
575 690 660 737 est
703 681 824 738 fons
871 691 926 737 et
969 683 1123 755 origo
1167 685 1342 754 prima
1373 686 1780 754 universorum;

190 774 336 830 Filio
369 789 519 839 vero,
568 775 694 844 quia
741 775 983 845 procedit
1014 777 1082 832 ab
1124 776 1234 841 illo,
1265 793 1368 833 nec
1395 787 1478 834 est
1506 779 1782 838 dissimilis

189 870 293 935 illi,
321 885 421 924 nec
449 869 674 924 alterius
695 885 856 940 quam
877 867 1048 925 Filius
1070 871 1420 937 substantia;
1448 872 1538 942 qui
1563 889 1781 944 quoque

187 963 398 1018 dicitur
418 960 652 1032 propria
675 961 953 1031 potentia,
983 961 1162 1016 omnis
1185 963 1472 1032 potentia;
1498 964 1623 1033 quia
1646 974 1702 1019 et
1725 965 1781 1020 in

183 1055 412 1126 propria
454 1069 685 1124 persona
735 1053 1000 1121 subsistit,
1048 1063 1105 1110 et
1137 1054 1401 1127 quidquid
1447 1056 1695 1122 voluerit,
1727 1059 1780 1113 in

179 1148 337 1203 omni
359 1157 611 1203 creatura
637 1147 785 1203 facit.
816 1147 884 1202 Et
906 1147 1044 1203 infra
1075 1167 1087 1201 :
1125 1166 1143 1198 ι
1190 1146 1289 1204 Hic
1310 1157 1365 1202 et
1392 1148 1502 1204 vita
1541 1159 1628 1206 est
1648 1151 1782 1205 vivi-

177 1239 380 1304 ‘icans,
411 1240 504 1308 lux
541 1248 597 1296 et
642 1239 972 1305 illuminans,
1019 1239 1193 1296 bonus
1217 1249 1272 1295 et
1311 1240 1546 1307 bonitas,
1578 1243 1671 1310 qui
1697 1251 1783 1298 est

177 1329 452 1387 Dominus
479 1333 744 1398 omnium,
774 1333 994 1388 mittens
1034 1333 1306 1404 apostolos
1335 1351 1347 1387 :
1374 1334 1646 1405 inSpirans
1689 1336 1779 1391 ubi

173 1425 293 1480 vult
321 1445 334 1480 :
379 1427 627 1482 dividens
653 1427 968 1483 donationes
991 1439 1151 1497 prout
1177 1429 1327 1483 vult:
1359 1429 1591 1498 Spiritus
1637 1437 1780 1486 veri-

174 1519 328 1584 tatis,
360 1517 594 1588 Spiritus
613 1519 922 1590 sapientia;
949 1534 1046 1590 per
1065 1534 1224 1591 quem
1238 1519 1399 1576 Pater
1409 1521 1773 1593 cognoscitur,

90 1679 96 1685 .
171 1621 232 1667 et
261 1612 437 1666 Filius
461 1611 815 1683 gloriﬁcatur.
845 1632 866 1665 ι

199 1723 202 1725 λ
245 1704 415 1760 Multa
465 1705 831 1775 praterimus,
889 1721 952 1762 ea
977 1706 1292 1778 colligentes
1332 1707 1445 1763 sola
1489 1724 1609 1778 qua
1636 1725 1774 1780 pra-

166 1805 385 1852 sentem
415 1795 710 1866 reSpiciunt
738 1796 1112 1866 quastionem.
1157 1796 1364 1852 Dicitur
1392 1796 1630 1866 Spiritus
1659 1799 1771 1854 vita

165 1905 286 1947 esse
312 1905 331 1956 ;
370 1896 426 1944 et
451 1887 617 1942 Filius
647 1889 712 1942 de
737 1903 796 1943 se
835 1889 995 1944 dicit:
1027 1886 1142 1959 Ego
1168 1906 1282 1943 sum
1310 1889 1412 1943 vita
1440 1889 1622 1960 (Joan.
1652 1905 1765 1956 xw,

165 1982 241 2052 6).
267 1979 482 2036 Dicitur
510 1979 797 2033 viviticans
824 1995 978 2044 esse;
1007 1987 1062 2034 et
1086 1979 1254 2034 Filius
1293 1980 1357 2035 de
1387 1994 1444 2034 se
1471 1980 1544 2034 ait
1571 1999 1584 2034 :
1615 1979 1767 2036 Sicut

163 2072 335 2127 Pater
364 2088 496 2143 quos
524 2070 629 2126 vult
671 2070 919 2138 vivi/icat,
950 2071 1021 2124 ita
1049 2080 1097 2124 et
1129 2068 1304 2124 Filius
1347 2087 1476 2139 quos
1503 2069 1610 2125 vult
1641 2071 1770 2124 uivi-

159 2163 288 2233 μαι
317 2162 504 2232 (Joan.
527 2178 582 2226 v,
615 2160 729 2230 21).
768 2160 910 2230 Ergo
953 2160 998 2214 si
1027 2160 1136 2214 vita
1166 2161 1433 2230 Spiritus,
1463 2161 1571 2216 vita
1601 2170 1654 2217 et
1677 2161 1766 2215 Fi-

161 2253 309 2318 lius;
367 2262 425 2307 et
468 2252 751 2306 viviﬁcaris
802 2250 1067 2321 Spiritus,
1113 2260 1170 2305 et.
1215 2251 1496 2326 viviﬁcans
1551 2251 1760 2320 Filius;

160 2347 327 2402 unius
371 2345 687 2400 substantia:
735 2353 884 2409 sunt,
932 2353 986 2400 et
1038 2344 1200 2400 unius
1254 2345 1599 2414 operationis.
1657 2345 1764 2402 Sed

158 2439 270 2492 vita
304 2437 478 2492 Filius
502 2453 568 2491 ex
588 2437 767 2502 Patre,
812 2437 920 2492 vita
954 2452 1083 2492 vero
1110 2436 1346 2507 Spiritus
1376 2455 1441 2494 ex
1474 2438 1612 2495 Filio
1638 2457 1652 2505 ;
1683 2440 1762 2495 sic

156 2538 212 2584 et
238 2529 531 2584 viviﬁcans
558 2529 727 2585 Filius
761 2543 824 2584 ex
855 2529 1035 2596 Patre,
1060 2530 1342 2586 viviﬁcans
1371 2547 1500 2587 vero
1525 2531 1762 2602 Spiritus

155 2635 224 2676 ex
253 2620 420 2676 Filio.
448 2620 564 2676 Lux
587 2636 802 2692 quoque
826 2621 1061 2692 Spiritus
1090 2630 1144 2676 et
1177 2622 1485 2678 illuminans
1509 2641 1523 2686 ;
1555 2635 1607 2678 et
1636 2623 1759 2679 Sal-

156 2721 321 2768 vator
349 2713 418 2768 de
467 2728 559 2769 se:
605 2711 718 2784 Ego
763 2729 878 2767 sum
917 2711 1012 2767 tua:
1041 2713 1226 2768 mundi
1267 2713 1450 2785 (Joan.
1480 2730 1595 2779 vm,
1645 2716 1757 2785 12).

156 2803 508 2876 Evangelista
534 2805 770 2861 Joannes
796 2807 863 2860 de
893 2804 1030 2860 Filio
1059 2824 1072 2859 :
1127 2807 1232 2871 Qui
1261 2805 1525 2860 illuminat
1557 2825 1758 2860 onmem

158 2896 426 2950 hominem
448 2897 734 2952 venientem
764 2897 818 2950 in
845 2897 983 2951 hunc
1015 2897 1269 2952 mundum
1298 2895 1461 2967 (Ibid.
1489 2914 1526 2962 ι,
1557 2897 1632 2968 9).
1658 2897 1759 2969 lgi-

157 2996 248 3043 tur
273 2987 324 3043 si
355 2990 586 3059 uterque
607 2988 738 3054 lux,
769 2996 825 3044 et
855 2997 1082 3059 uterque
1125 2988 1455 3054 illuminans,
1491 2988 1658 3046 Filius
1683 2992 1756 3044 vi-

155 3081 355 3137 delicet
386 3090 443 3138 et
493 3081 730 3153 Spiritus
758 3091 976 3138 sanctus
999 3122 1015 3148 ,
1072 3082 1232 3138 unius
1261 3091 1388 3137 sunt
1415 3083 1756 3151 substantia,

155 3174 320 3230 unius
345 3183 400 3229 et
417 3174 771 3244 operationis.
797 3173 904 3229 Sed
932 3172 1166 3244 Spiritus
1195 3181 1414 3228 sanctus
1439 3181 1499 3226 ut
1526 3173 1598 3228 sit
1642 3173 1751 3240 lux,

155 3268 357 3338 accipit
381 3268 449 3323 de
473 3268 593 3323 luce
618 3267 775 3332 Filio,
818 3276 874 3322 et
902 3276 962 3321 ut
985 3268 1054 3322 sit
1078 3266 1409 3332 illuminans,
1439 3267 1638 3337 accipit
1688 3268 1754 3322 de

159 3356 303 3414 Filio
329 3359 706 3424 illum-inante;
759 3359 1211 3429 quemadmodum
1248 3360 1363 3428 ipse
1403 3358 1573 3413 Filius
1601 3369 1759 3414 testa-

156 3461 282 3506 tur:
319 3450 395 3506 De
432 3468 544 3506 meo
574 3451 794 3521 accipiet
825 3450 1006 3520 (Joan.
1039 3465 1149 3514 va,
1194 3449 1304 3520 li).
1337 3449 1548 3521 Accipit
1577 3458 1755 3505 autem

153 3559 261 3600 non
301 3553 558 3614 tanquam
611 3559 717 3599 non
759 3543 1008 3598 habendo
1042 3542 1201 3612 quod.
1238 3542 1457 3612 accipit,
1513 3543 1606 3597 sed
1639 3551 1758 3597 tan-

157 3651 320 3706 quam
355 3636 678 3706 procedens.
723 3635 855 3690 ltem
882 3635 1056 3690 bonus
1080 3634 1314 3705 Spiritus
1342 3652 1356 3700 ;
1411 3642 1466 3689 et
1491 3634 1659 3690 Filius
1688 3636 1754 3691 de

151 3745 249 3789 se:
275 3727 393 3799 Ego
414 3744 533 3783 cum
567 3739 746 3798 pastor
771 3729 934 3782 bonus
959 3726 1143 3798 (Joan.
1170 3744 1225 3792 x,
1254 3726 1364 3798 ll).
1393 3727 1614 3782 Bonitas
1638 3727 1756 3797 Spi-

151 3819 333 3881 Iitus;
374 3816 653 3872 Christum
690 3832 903 3887 quoque
931 3817 1226 3872 bonitatem
1259 3833 1419 3872 nemo
1461 3833 1625 3873 sanus
1661 3834 1755 3874 Ie-

146 3911 322 3986 gubit.
377 3908 486 3965 Sed
517 3908 690 3965 bonus
712 3918 770 3965 et
810 3911 986 3966 bonus
1034 3924 1140 3964 non
1169 3911 1274 3964 duo
1309 3908 1456 3974 boni,
1487 3909 1580 3964 sed
1615 3925 1753 3965 unus

151 4007 362 4070 bona;
399 4001 542 4056 sicut
565 4001 781 4056 bonitas
806 4008 862 4055 et
915 4001 1131 4056 bonitas
1176 4017 1283 4057 non
1310 4001 1428 4056 dua
1457 4002 1746 4068 bonitates,

150 4093 245 4149 sed
269 4108 377 4148 una
415 4090 674 4158 bonitas;
705 4091 830 4160 quia
857 4107 963 4146 non
991 4092 1098 4146 duo
1142 4091 1237 4156 dii,
1273 4094 1369 4148 sed
1400 4108 1538 4148 unus
1566 4092 1745 4160 Deus;

142 4199 252 4240 nec
278 4183 465 4239 Deitas
505 4181 916 4253 multiplicando
941 4198 1023 4247 se,
1057 4184 1264 4237 numeri
1312 4184 1461 4238 novit
1491 4199 1748 4255 augmen-

142 4282 287 4329 aum.
329 4272 480 4344 Ergo
500 4272 679 4329 bonus
713 4270 948 4340 Spiritus
993 4286 1060 4326 ex
1097 4272 1238 4328 bono
1267 4271 1404 4327 Filio
1425 4275 1745 4342 procedens,

142 4379 258 4420 mon
290 4379 543 4420 nascens.
573 4363 644 4419 Et
672 4363 887 4419 bonitas
914 4363 1149 4434 Spiritus
1194 4379 1257 4420 ex
1308 4365 1548 4420 bonitate
1588 4365 1744 4434 Filio,

143 4473 259 4512 anon
282 4458 576 4519 nascendo,
612 4456 713 4511 sed
739 4457 1100 4526 procedendo.
1145 4457 1397 4528 Alioquin
1429 4458 1474 4513 si
1497 4457 1561 4512 dc
1582 4457 1745 4514 Patre

1889 599 1956 653 ad
1997 598 2231 665 Patrem,
2264 603 2331 657 de
2383 618 2488 673 quo
2518 606 2779 672 nascitur,
2830 617 2883 662 et
2925 608 3182 678 Spiritum
3222 624 3471 671 sanctum

1886 689 1954 744 ad
1984 691 2201 756 Filium,
2233 708 2262 748 a
2288 708 2396 762 quo
2436 697 2698 764 procedit.
2727 697 3083 770 Subsequitur
3119 702 3312 758 beatus
3339 702 3471 761 Gre-

1885 784 2069 854 gorius
2099 785 2164 840 de
2189 785 2393 857 Spiritu
2433 789 2656 846 dicens:
2691 811 2709 844 ‹
2753 793 3027 864 lnspirans
3055 797 3144 852 ubi
3173 799 3286 854 vult
3313 816 3326 866 ;
3382 801 3467 858 di-

1885 875 2072 930 videns
2095 877 2414 934 donationes
2444 891 2602 950 prout
2628 882 2759 937 vult.
2789 905 2807 936 ι
2856 884 2925 940 Ει
2959 886 3024 941 de
3067 865 3241 943 Filio:
3273 891 3467 948 Ascen-

1882 965 2008 1020 dens
2036 966 2090 1020 in
2125 966 2290 1022 altum
2315 971 2570 1040 captivam
2594 973 2743 1027 duxit
2773 976 3143 1046 captivitatem,
3165 978 3306 1034 dedit
3327 982 3467 1038 dona

1881 1058 2173 1113 hominibus
2219 1057 2435 1130 (Ep/tes.
2482 1077 2558 1128 IV,
2597 1061 2674 1135 8).
2718 1063 2924 1132 Quibus
2951 1069 3255 1124 ostenditur
3279 1074 3466 1129 .sancti

1883 1148 2117 1219 Spiritus
2161 1151 2434 1222 majestas,
2466 1156 2608 1225 quod
2647 1173 2752 1212 non
2786 1157 3080 1227 subjectus,
3115 1178 3222 1217 non
3271 1163 3468 1236 imper-

1878 1242 2073 1309 fectus,
2115 1261 2222 1301 non
2265 1246 2445 1302 minus
2492 1257 2701 1319 potens,
2734 1264 2920 1305 verum
2965 1253 3188 1323 aqualis
3217 1253 3363 1310 Patri
3395 1257 3468 1313 sit

1877 1333 2123 1407 Filioque
2145 1337 2199 1415 in
2223 1347 2433 1406 natura,
2465 1339 2519 1394 in
2545 1341 2931 1411 magnitudine,
2955 1343 3008 1397 in
3035 1345 3180 1399 omni
3205 1348 3462 1415 potentia,

1877 1435 1934 1482 et
1979 1427 2031 1481 in
2061 1412 2205 1483 omni
2248 1430 2469 1486 virtute.
2526 1432 2678 1500 Quod
2706 1431 2884 1488 autem
2932 1412 3248 1493 donationes
3287 1439 3467 1495 distri-

1876 1518 1992 1574 buit
2018 1522 2468 1590 quemadmodum
2493 1523 2683 1591 Filius,
2712 1544 2817 1582 non
2848 1527 3001 1593 alias,
3034 1529 3126 1584 sed
3149 1529 3331 1599 ipsas;
3366 1547 3466 1586 nec

1877 1609 1984 1664 alio
2013 1621 2252 1682 tempore
2278 1613 2464 1680 Filius,
2513 1616 2618 1670 alio
2646 1617 2880 1688 Spiritus
2922 1629 3178 1687 sanctus;
3219 1637 3320 1677 nec
3346 1622 3465 1678 aliis

1874 1700 2183 1756 hominibus
2220 1702 2406 1771 Filius,
2458 1705 2579 1761 aliis
2616 1706 2850 1777 Spiritus
2895 1721 3152 1778 sanctus;
3185 1702 3497 1771 evidenter.

1873 1791 2176 1846 ostenditur
2223 1794 2386 1849 unius
2441 1798 2770 1865 operationis
2826 1798 3067 1867 eﬂ‘ectus,
3121 1810 3175 1857 et
3222 1801 3464 1872 ejusdem

1875 1883 2170 1940 voluntatis
2194 1884 2433 1943 affectus.
2473 1890 2538 1944 Et
2564 1906 2684 1945 cum
2708 1891 2780 1946 ita
2804 1893 2896 1959 sit,
2924 1909 3029 1948 non
3075 1910 3235 1964 posse
3263 1897 3461 1954 Filium

1873 1987 1992 2029 esse
2023 1974 2141 2029 sine
2166 1974 2368 2045 Spiritu
2403 1989 2612 2044 sancto,
2642 1997 2742 2037 nec
2772 1981 3032 2052 Spiritum
3063 1994 3312 2041 sanctum
3342 1988 3462 2045 sine

1869 2065 2024 2132 Filio,
2075 2076 2331 2137 tanquam
2364 2071 2522 2124 unius
2571 2074 2888 2128 substantia
2924 2062 3066 2145 quod
3115 2078 3186 2132 sit
3210 2089 3456 2150 uterque,

1868 2159 2083 2228 etquod
2113 2159 2177 2213 de
2207 2159 2344 2216 Filio
2388 2164 2644 2232 procedat
2685 2163 2942 2235 Spiritus.
2977 2167 3114 2223 Dicit
3139 2169 3302 2224 etiam
3336 2169 3461 2242 Spi-

1866 2247 2030 2303 ritum
2061 2258 2302 2304 sanctum
2357 2250 2618 2322 Spiritum
2646 2270 2768 2310 esse
2796 2257 3079 2324 veritatis;
3129 2268 3184 2313 et
3210 2259 3460 2317 Salvator

1867 2339 1933 2395 de
1958 2355 2046 2396 se:
2079 2340 2191 2412 Ego
2215 2344 2340 2396 sum
2362 2345 2550 2398 veritas
2591 2344 2771 2416 (Joan.
2817 2362 2928 2412 xxv,
2961 2347 3070 2418 16).
3103 2346 3245 2419 Ergo
3272 2349 3460 2406 dicens

1866 2427 2126 2500 Spiritum
2169 2433 2414 2488 veritatis
2467 2449 2611 2501 esse,
2667 2436 2825 2492 docet
2878 2436 3166 2493 manifeste
3195 2438 3458 2510 Spiritum

1862 2521 2090 2588 Christi,
2130 2525 2218 2592 qui
2251 2526 2450 2580 veritas
2471 2536 2575 2590 est,
2619 2542 2756 2583 esse.

1936 2615 2072 2669 Dicit
2094 2617 2269 2672 adhuc
2311 2616 2502 2674 beatus
2530 2619 2630 2674 iste
2653 2619 2914 2690 Spiritum
2952 2631 3198 2678 sanctum
3225 2639 3345 2679 esse
3369 2638 3458 2681 sa-

1860 2706 2078 2778 pientiae
2104 2725 2118 2774 ;
2169 2709 2366 2766 Paulus
2409 2713 2685 2782 apostolus
2715 2713 3039 2771 testiﬁcatur
3065 2717 3330 2772 Christum
3357 2717 3458 2774 Dei

1861 2799 2100 2852 virtutem
2142 2811 2190 2854 et
2229 2800 2323 2854 Dei
2366 2805 2676 2872 sapientiam
2714 2821 2835 2861 esse
2888 2807 2936 2880 (I
2985 2807 3106 2864 Cor.
3139 2826 3178 2875 ι,
3209 2809 3322 2879 24).
3359 2809 3456 2866 Sa-

1859 2887 2076 2958 pientia
2101 2889 2282 2960 itaque
2309 2891 2560 2962 Spiritus,
2607 2893 2809 2950 Christi
2861 2896 3094 2968 Spiritus
3123 2908 3224 2966 est,
3257 2900 3456 2970 quiest

1860 2976 1957 3033 Dei
1977 2979 2259 3050 sapientia.
2290 2981 2456 3051 Igitur
2474 2985 2753 3041 evidenter
2783 2989 3020 3044 ostendit
3045 2989 3305 3059 Spiritum
3333 3006 3455 3047 esse

1860 3073 2086 3144 Christi,
2117 3077 2345 3133 dicendo
2377 3077 2637 3149 Spiritum
2681 3083 2951 3150 veritatis,
2995 3094 3049 3140 et
3080 3084 3344 3155 Spiritum
3371 3101 3455 3142 sa-

1860 3164 2098 3234 pientia.
2143 3165 2296 3222 Unde
2348 3183 2475 3240 ergo
2501 3170 2724 3239 Christi,
2757 3188 2878 3228 cum
2907 3175 2978 3228 sit
3010 3174 3245 3245 Spiritus
3273 3176 3454 3232 Domi-

1863 3271 1966 3310 nus
2011 3257 2252 3312 omnium
2301 3260 2776 3330 (quemadmodum
2822 3263 2964 3320 idem
3005 3267 3191 3322 beatus
3219 3262 3478 3323 testatur"

1863 3347 2220 3420 Gregorius)?
2244 3352 2498 3422 nimirum
2526 3355 2649 3425 quia
2689 3359 2933 3425 procedit
2953 3375 2983 3412 a
3023 3358 3275 3416 Christo:
3305 3360 3455 3431 quod

1861 3441 1905 3496 si
1932 3444 2235 3513 negaveris,
2288 3444 2542 3500 fateberis
2593 3462 2715 3502 eum
2756 3447 3080 3518 subjectum,
3129 3462 3184 3506 et
3205 3469 3301 3523 per
3347 3454 3453 3510 hoc

1860 3532 1944 3587 vel
1964 3542 2289 3600 creaturam,
2320 3536 2403 3590 vel
2428 3538 2690 3593 minorem
2717 3539 2870 3594 Filio.
2914 3541 3009 3596 Est
3031 3553 3210 3597 autem
3239 3554 3451 3598 utrum-

1859 3638 1963 3693 que
1989 3625 2092 3679 hoc
2119 3625 2516 3695 blaSphemum,
2567 3637 2622 3683 et
2663 3646 2692 3682 a
2719 3631 2984 3686 catholica
3035 3634 3236 3703 pietate
3289 3633 3448 3706 longe

1859 3725 2146 3772 remotum.
2195 3719 2414 3774 Dicatur
2446 3737 2572 3790 ergo
2630 3723 2772 3792 quod
2804 3726 3005 3780 veritas
3062 3727 3245 3792 habet,
3279 3726 3451 3798 Spiri-

1858 3817 1969 3863 tum
1999 3824 2118 3864 esse
2142 3809 2342 3866 Christi
2368 3829 2382 3878 ;
2418 3813 2668 3868 videlicet
2717 3825 2772 3871 et
2802 3815 3062 3886 Spiritum
3089 3818 3358 3885 veritatis,
3390 3827 3448 3874 et

1857 3898 2116 3971 Spiritum
2145 3903 2441 3972 sapientia,
2477 3906 2732 3975 quoniam
2757 3909 3002 3978 procedit
3031 3910 3097 3965 de
3124 3909 3358 3975 Christo,
3391 3910 3445 3978 id

1854 3995 2213 4063 est-tprocedit
2253 4011 2284 4050 a
2328 3999 2576 4061 veritate,
2625 4001 2870 4069 procedit
2903 4017 2932 4055 a
2967 4002 3247 4072 sapientia.
3304 4001 3466 4078 Subo'

1847 4083 2065 4158 jungit:
2121 4107 2139 4138 ι
2176 4087 2281 4143 Ρει·
2309 4104 2466 4158 quem
2495 4091 2656 4146 Pater
2679 4094 3011 4165 agnoscitur,
3043 4105 3095 4151 et
3120 4095 3289 4152 Filius
3330 4097 3445 4168 gloo

1854 4176 2117 4243 riﬁcatur,
2174 4187 2229 4233 et
2257 4194 2289 4233 a
2327 4181 2522 4250 quibus
2573 4183 2702 4238 solis
2753 4185 2868 4255 ipse
2893 4187 3259 4257 cognoscitur.
3298 4207 3316 4239 ι
3352 4187 3445 4243 Ait

1852 4278 2032 4324 autem
2061 4270 2230 4327 Filius
2257 4272 2324 4326 ad
2351 4271 2568 4329 Patrem
2605 4293 2618 4328 :
2654 4275 2828 4337 Pater,
2881 4279 3214 4348 manifestavi
3258 4296 3445 4335 nomen

1851 4370 1999 4415 tuum
2027 4361 2320 4417 hominibus
2345 4381 2474 4434 quos
2515 4352 2871 4420 dedisti‘mihi
2905 4366 3088 4438 (Joan.
3113 4385 3246 4432 xvn,
3273 4368 3346 4440 6).
3383 4367 3443 4431 Si

1852 4452 2017 4508 Pater
2050 4468 2148 4524 per
2178 4453 2437 4525 Spiritum
2490 4458 2821 4528 agnoscitur,
2855 4467 2911 4513 et
2937 4458 3106 4516 Filius
3143 4460 3323 4516 Patris
3349 4477 3444 4517 no-

143 4557 359 4605 tantum
391 4549 652 4619 procedat
671 4545 934 4617 Spiritus,
964 4555 1019 4602 et
1048 4563 1154 4602 non
1187 4548 1252 4602 de
1277 4547 1436 4612 Filio,
1471 4550 1743 4619 quomodo
1769 4590 1825 4650 Β
1849 4559 1973 4600 ιηεη
2008 4546 2318 4602 hominibus
2363 4549 2696 4616 manifestat,
2749 4551 2910 4606 unius
2959 4553 3288 4621 operationis
3317 4568 3440 4609 esse

141 4654 274 4709 qua
297 4648 427 4696 sunt
461 4638 614 4704 Filii,
667 4647 794 4692 sunt
828 4639 992 4694 etiam
1044 4639 1322 4709 Spiritus?
1353 4639 1448 4695 Vel
1477 4640 1740 4710 quemad-

121 4715 372 4786 ztmodum
402 4731 468 4786 de
494 4729 635 4785 Filio
655 4730 856 4800 accipit
886 4729 1159 4799 Spiritus?

211 4819 342 4876 .Jam
398 4838 528 4877 vero
583 4822 726 4892 quod
754 4821 833 4876 ait
866 4830 1085 4877 sanctus
1120 4823 1435 4895 Gregorius,
1488 4822 1747 4894 Spiritum

155 4921 400 4967 meum
430 4911 718 4967 Dominum
739 4927 864 4968 esse
894 4914 1156 4978 omnium,
1191 4914 1258 4968 ad
1300 4913 1746 4984 omnipotentiam

157 5003 389 5072 pertinet
421 5001 660 5072 Spiritus
681 5042 697 5066 ,
729 5017 795 5058 eo
823 5003 970 5073 quod
1013 5004 1385 5060 universorum
1415 5020 1534 5074 qua
1563 5014 1745 5060 creata

156 5104 285 5149 sunt
315 5111 351 5148 a
391 5094 555 5151 Patre
579 5109 677 5165 per
705 5094 899 5150 Filium
951 5096 1212 5153 Dominus
1257 5097 1495 5163 existat,
1542 5113 1648 5152 non
1677 5113 1745 5152 ex

160 5196 400 5257 temptre
424 5187 792 5258 suscipiendo,
835 5189 931 5244 sed
977 5187 1307 5243 aternaliter
1334 5203 1364 5242 a
1394 5189 1554 5244 Patre
1583 5189 1746 5243 Filio-

149 5291 269 5346 que
294 5278 650 5348 medendo.
703 5276 923 5334 Mittens
955 5287 1136 5332 autem
1193 5277 1463 5346 apostolos
1510 5277 1744 5347 Spiritus

147 5379 378 5425 :sanczus
412 5370 650 5436 dicitur;
703 5378 759 5425 et
789 5369 1042 5424 Salvator
1067 5367 1271 5424 eisdem
1301 5368 1573 5438 loquitur:
1608 5367 1744 5422 Ecce

146 5477 258 5532 .ego
285 5465 428 5520 mitto
452 5481 542 5520 vos
567 5466 700 5519 sicut
743 5481 860 5520 oves
888 5466 942 5519 in
978 5464 1148 5518 medio
1175 5463 1415 5533 luporum
1444 5462 1659 5534 (Matth.
1686 5480 1743 5530 χ,

147 5553 280 5619 46).
313 5554 640 5612 Monstratur
666 5573 771 5611 una
799 5557 1080 5625 utriusque
1109 5555 1373 5625 operatio.
1411 5555 1536 5610 dum
1574 5555 1746 5611 Filius

145 5654 215 5699 tet
245 5644 474 5716 Spiritus
503 5658 727 5704 sanctus
778 5649 881 5704 sibi
913 5658 1287 5717 cooperantur.
1335 5646 1486 5702 Unde
1528 5648 1747 5702 manife-

149 5745 338 5791 statur
372 5757 470 5795 nec
497 5743 724 5797 diversa
748 5740 1083 5803 substantia,
1123 5755 1221 5792 nec
1249 5738 1472 5793 diversa
1503 5740 1746 5794 volunta-

159 5827 261 5892 tis,
295 5846 383 5885 nec
417 5833 645 5887 diverszc
681 5833 931 5904 patentia
967 5830 1289 5896 consistere,
1317 5845 1543 5900 quorum
1569 5841 1748 5890 exstat

1849 4646 2238 4693 monstrantur.
2281 4639 2421 4694 Dicit
2471 4640 2634 4695 etiam
2673 4641 2817 4711 quod
2859 4641 3026 4697 Filius
3055 4641 3440 4713 gloriﬁcetura

1850 4726 2054 4798 Spiritu
2095 4736 2322 4793 sancto;
2376 4740 2432 4783 et
2471 4728 2640 4784 Filius
2667 4730 2780 4784 ait:
2842 4729 2936 4784 Est
2969 4729 3128 4784 Pater
3163 4748 3308 4787 meus
3346 4734 3440 4804 qui

1848 4817 2107 4888 gloriﬁcat
2135 4833 2215 4871 me
2248 4818 2427 4885 (Joan.
2458 4834 2576 4884 vni,
2606 4819 2720 4888 54).
2753 4819 2815 4874 Et
2844 4819 2988 4874 Patri
3011 4819 3284 4891 loquitur:
3310 4821 3438 4878 Cla-

1850 4911 2001 4979 riﬁca
2027 4926 2130 4975 me,
2167 4909 2348 4976 Pater,
2390 4911 2532 4983 apud
2563 4913 2887 4983 temetipsum
2933 4911 3114 4983 (Joan.
3156 4929 3327 4981 xxv“,
3354 4915 3435 4987 5).

1853 5001 1910 5058 Si
1936 5001 2168 5072 Spiritus
2196 5001 2462 5073 glorificat
2504 5001 2724 5068 Filium,
2763 5012 2818 5059 et
2843 5004 3007 5058 Pater
3033 5003 3300 5076 gloriﬁcat
3343 5006 3433 5062 Fi-

1849 5092 2004 5155 lium,
2052 5109 2217 5147 unum
2267 5092 2514 5164 idemque
2548 5093 2710 5148 Pater
2737 5103 2790 5150 et
2842 5094 3077 5166 Spiritus
3102 5106 3428 5167 operantur;

1847 5193 1904 5240 et
1947 5185 1992 5240 si
2036 5184 2239 5254 pariter
2272 5195 2583 5255 operantur,
2625 5185 2784 5242 unius
2833 5186 3129 5243 voluntatis
3153 5196 3206 5243 et
3241 5202 3433 5244 essen-

1849 5278 1956 5343 tia,
2008 5277 2275 5347 uniusque
2303 5278 2583 5347 potestatis
2609 5278 2984 5334 ostenduntur.
3029 5279 3429 5352 Subjungitur:

1857 5388 1876 5420 ί
1919 5368 2034 5422 Eta
2057 5369 2250 5438 quibus
2280 5368 2407 5425 solis
2437 5371 2549 5440 ipse
2589 5372 2948 5442 cognoscitur.
2989 5392 3008 5425 ι
3045 5372 3101 5427 Si
3127 5389 3154 5428 a
3191 5373 3304 5429 solo
3329 5373 3431 5428 Pa-

1851 5468 1934 5516 tre
1976 5461 2217 5532 Filioque
2253 5463 2594 5532 cognoscitur
2634 5461 2866 5533 Spiritus
2896 5472 3132 5529 sanctus,
3186 5463 3432 5535 profecto

1849 5553 2093 5622 procedit
2113 5554 2180 5607 ab
2213 5563 2458 5624 utroque,
2503 5564 2658 5610 etest
2686 5558 2966 5626 utriusque
2993 5556 3428 5612 consubstantia-

1851 5643 1936 5699 lis.
1971 5644 2037 5699 Et
2070 5646 2188 5700 vide
2211 5647 2339 5715 quid
2362 5646 2524 5712 dicat,
2554 5648 2676 5717 quia
2710 5649 3042 5719 gloriﬁcatur
3070 5648 3238 5703 Filius
3261 5665 3288 5703 a
3314 5647 3429 5719 Spi-

1850 5738 1994 5804 ritu;
2043 5739 2492 5808 quemadmodum
2527 5739 2737 5810 legitur,
2795 5742 2919 5811 quia
2969 5741 3135 5796 Filius
3163 5740 3428 5813 gloriﬁcat

1850 5829 2085 5888 Patrem.
2129 5831 2268 5899 Quid
2301 5842 2381 5887 est
2418 5841 2597 5888 autem
2638 5834 2849 5889 Patrem
2881 5834 3182 5906 gloriﬁcare
3207 5834 3424 5902 Filium,
