4026 6346
531 544 646 615 liqit
675 563 779 613 me,
806 568 1093 608 sermonem
1117 572 1289 613 meum
1313 561 1538 616 servabit
1559 581 1582 629 ;
1610 575 1660 619 et
1690 565 1851 624 Pater
2044 575 2126 630 di-

530 634 653 708 liget
673 656 814 706 eum,
852 652 900 696 et
926 645 994 697 ad
1034 662 1153 700 eum
1188 649 1449 705 veniemus
1473 694 1487 718 ,
1519 663 1569 708 et
1616 661 1940 717 mansionem
1986 667 2126 735 apud

531 743 653 783 eum
681 729 934 800 faciemus
962 733 1145 805 (Joan.
1178 754 1287 805 xw,
1314 739 1430 816 23).
1462 764 1481 796 t
1511 743 1602 802 Sic
1632 748 1796 821 igitur
1828 755 1976 810 venit
2005 729 2127 827 Spi-

525 822 686 888 ritus,
743 827 1195 896 quemadmodum
1230 834 1381 889 venit
1418 834 1618 907 Pater;
1661 843 1788 910 quia
1834 846 1926 901 ubi
1965 822 2124 906 Pater

524 919 625 975 est,
660 912 731 967 ibi
758 922 920 969 estet
945 914 1153 985 Filius;
1196 929 1252 977 et
1297 922 1390 979 ubi
1414 925 1605 996 Filius,
1637 930 1711 987 ibi
1749 943 1909 992 estet
1952 937 2121 1009 Spiri-

525 1009 613 1057 tus
648 1014 889 1059 sanctus.
924 1026 945 1060 ι
970 1064 976 1070 ,
1004 1007 1143 1077 Quid
1192 1021 1278 1068 est
1326 1025 1507 1074 autem
1550 1023 1693 1091 quod
1734 1024 1838 1090 ait,
1872 1007 2007 1097 quia
2026 1030 2120 1086 ubi

521 1090 684 1148 Pater
704 1102 807 1160 est,
836 1095 910 1151 ibi
939 1108 1025 1154 est
1055 1109 1111 1156 et
1136 1100 1327 1172 Filius,
1364 1108 1471 1164 nisi
1501 1090 1625 1179 quia
1655 1112 1826 1172 Filius
1855 1090 1923 1173 de
1958 1119 2119 1176 Patre

519 1191 827 1253 natus_est,
880 1203 912 1243 a
961 1206 1067 1262 quo
1095 1207 1369 1265 nunquam
1412 1199 1669 1258 dividitur
1702 1221 1731 1257 εν
1758 1214 1813 1261 et
1851 1209 1981 1278 quid
2010 1219 2114 1278 est,

518 1273 611 1329 ubi
634 1284 720 1330 est
740 1274 938 1345 Filius,
966 1279 1041 1335 ibi
1084 1292 1169 1337 est
1191 1282 1425 1356 Spiritus
1450 1294 1710 1349 sanctus?
1735 1295 1839 1351 nisi
1868 1273 1999 1369 quia
2047 1273 2116 1357 de

515 1369 652 1428 Filio
674 1375 919 1442 procedit
940 1374 1176 1445 Spiritus
1203 1391 1444 1450 sanctus,
1468 1399 1501 1439 a
1524 1400 1632 1455 quo
1659 1404 1937 1460 nunquam
1964 1406 2131 1463 sepa-t

514 1470 692 1531 ratur,
741 1473 798 1520 et
824 1466 1147 1525 ineﬁ'abilem
1177 1474 1415 1530 ostendit
1459 1477 1626 1533 totius
1672 1478 1955 1537 Trinitatis
1983 1498 2115 1539 con-

514 1554 1053 1627 substantialitatem,
1110 1576 1236 1618 cum
1278 1563 1477 1622 Filium
1520 1577 1752 1626 testatur
1785 1586 1999 1644 semper
2051 1576 2109 1631 in

510 1642 676 1702 Patre
724 1665 867 1716 esse,
926 1660 980 1709 et
1031 1652 1294 1725 Spiritum
1347 1670 1595 1718 sanctum
1634 1679 1848 1736 semper
1897 1684 2017 1725 esse
2053 1671 2125 1745 in;

512 1736 674 1805 Filio,
708 1755 760 1798 ut
790 1744 880 1799 ubi
914 1744 1077 1801 Pater
1102 1748 1193 1814 sit,
1220 1749 1292 1805 sit
1319 1760 1376 1807 et
1392 1753 1596 1821 Filius;
1629 1765 1683 1812 et
1704 1760 1793 1815 ubi
1817 1759 2007 1828 Filius,
2038 1763 2109 1819 sit

511 1844 729 1901 quoque
769 1832 1008 1906 Spiritus
1052 1850 1293 1907 sanctus,
1349 1859 1456 1901 non
1500 1846 1641 1914 loco,
1692 1867 1795 1906 non
1843 1862 2106 1924 tempore,

506 2016 638 2073 Item
688 2022 959 2090 posterius
1008 2024 1151 2095 (cap.
1198 2026 1287 2097 12)
1336 2046 1349 2082 :
1409 2048 1428 2081 ι
1466 2030 1620 2088 Sicut
1668 2033 1832 2091 Pater
1884 2039 2108 2095 tradidit

504 2106 724 2176 Filium,
769 2122 825 2167 et
851 2112 1022 2170 Filius
1043 2115 1159 2186 ipse
1197 2132 1257 2172 se
1300 2098 1541 2187 tradidit,
1589 2125 1775 2194 accipe
1802 2128 1926 2196 quia
1978 2126 2103 2197 Spi-

505 2200 645 2257 ritus
695 2212 917 2260 sanctus
971 2222 1095 2262 eum
1147 2210 1414 2266 tradidit:
1464 2214 1724 2284 scriptum
1780 2227 1864 2272 est
1915 2220 2100 2278 enim:

506 2290 654 2349 Tunc
680 2293 836 2351 Iesus
856 2297 1047 2354 ductus
1072 2310 1147 2355 est
1180 2304 1234 2355 in
1268 2302 1531 2359 desertum
1567 2325 1599 2360 a
1632 2309 1837 2378 Spiritu
1862 2351 1878 2375 ,
1908 2321 1963 2365 ut
1987 2322 2101 2368 ten-

503 2394 759 2443 taretura
793 2389 1005 2445 diabolo
1054 2392 1274 2462 (Matth.
1316 2394 1413 2467 iv).
1449 2397 1593 2471 Ergo
1622 2409 1678 2455 et
1715 2400 1951 2473 Spiritus
1976 2404 2101 2460 dili-

502 2490 635 2546 gens
666 2479 887 2534 tradidit
925 2480 1165 2538 Filium:
1214 2494 1298 2541 est
1331 2487 1477 2542 enim
1513 2505 1618 2544 una
1649 2492 1889 2549 charitas
1923 2493 2100 2552 Patris

506 2574 565 2623 et
585 2566 728 2623 Filii.
762 2589 781 2623 ι
815 2570 949 2626 Dum
975 2571 1108 2628 dicit
1134 2575 1459 2633 charitatem
1485 2596 1651 2636 unam
1675 2597 1797 2639 esse
1824 2583 2004 2642 Patris
2043 2595 2100 2644 et

498 2656 645 2724 Filii,
671 2660 994 2719 testiﬁcatur
1028 2680 1197 2723 unum
1229 2683 1351 2725 esse
1378 2669 1643 2743 Spiritum
1673 2675 1985 2747 utriusque;
2011 2688 2095 2736 est

498 2749 643 2805 enim
686 2753 923 2822 Spiritus
961 2757 1224 2815 Charitas.
1291 2760 1433 2818 Dicit
1482 2765 1816 2836 Apostolus:
1860 2768 2094 2827 Fructus

496 2842 634 2896 enim
668 2841 920 2914 Spiritus,
942 2849 1174 2905 citat-itas
1209 2849 1351 2922 (Gal.
1381 2870 1438 2921 v,
1457 2855 1570 2920 22).
1598 2857 1931 2916 Monstratur
1959 2878 2091 2933 ergo

499 2930 738 3003 Spiritus
765 2952 795 2990 a
817 2937 980 2995 Patre
1007 2950 1065 2997 et
1084 2942 1224 2999 Filio
1245 2947 1562 3015 procedere,
1592 2965 1824 3020 quorum
1852 2963 1936 3009 est
1966 2930 2089 3010 Cll—tl"

495 3026 671 3082 ritas:
701 3044 808 3084 non
833 3032 979 3088 enim
1027 3044 1205 3104 potest
1235 3038 1473 3096 charitas
1514 3041 1692 3098 Patris
1720 3060 1841 3102 esse
1876 3048 1979 3104 nisi
2022 3049 2089 3103 de

495 3114 658 3174 Patre
700 3122 991 3192 procedat;
1023 3128 1150 3196 quia
1186 3143 1294 3184 non
1336 3130 1553 3219 aliunde
1579 3134 1896 3193 charitatem
1937 3140 2084 3196 acci-

492 3213 577 3285 pit
605 3232 619 3268 :
649 3229 826 3285 neque
853 3217 976 3274 Filii
998 3221 1247 3278 charitas
1269 3213 1455 3294 potest
1478 3240 1624 3294 esse,
1654 3229 1757 3284 nisi
1782 3233 2044 3301 procedat
2062 3249 2094 3288 a
2120 3231 2165 3295 C

494 3302 633 3360 Filio
659 3323 676 3362 :
699 3311 970 3378 quomodo
996 3326 1103 3381 qua
1131 3312 1305 3387 diligit
1336 3317 1598 3386 Charitas,
1639 3336 1707 3376 ex
1746 3321 1864 3393 ipso
1904 3339 2092 3394 procc-

493 3394 613 3452 dit:
654 3406 712 3453 et
744 3401 1016 3470 quomodo
1055 3418 1161 3459 una
1196 3406 1439 3475 Charitas
1473 3417 1557 3464 est
1581 3409 1762 3467 Patris
1805 3422 1968 3485 atque
1993 3416 2088 3472 Fi-

426 3532 439 3545 ,
490 3486 576 3557 lii,
605 3504 748 3548 unus
789 3491 1027 3565 Spiritus
1050 3504 1134 3552 est
1172 3498 1459 3571 utriusque
1505 3506 1805 3574 procedens
1836 3509 1902 3564 ab
1940 3517 2089 3566 utro-

490 3596 618 3654 que.
1061 3637 1067 3643 .

559 3677 620 3733 ln
645 3680 886 3742 secundo
915 3681 1058 3739 libro
1105 3683 1247 3757 (cap.
1280 3687 1370 3759 12)
1417 3689 1498 3747 sic
1540 3691 1711 3749 dicit:
1760 3716 1779 3748 ι
1832 3697 1908 3753 De
1948 3698 2086 3756 Filio

488 3767 724 3841 Spiritus
763 3784 986 3831 sanctus
1014 3777 1244 3849 accepit.
1280 3778 1507 3854 Accepit
1552 3793 1735 3841 autem
1775 3802 1874 3857 per
1903 3791 2085 3845 unita-

487 3868 595 3916 tem
621 3864 959 3933 substantiae,
1007 3869 1148 3925 sicut
1188 3873 1402 3943 accepit
1444 3890 1475 3929 a
1499 3875 1662 3934 Patre
1691 3878 1880 3936 Filius.
1923 3901 1941 3934 ι
1971 3882 2085 3939 Hoc

487 3952 696 4023 dicens,
719 3973 904 4014 nonne
927 3959 1231 4019 clarissime
1259 3964 1418 4021 docet
1450 3970 1593 4037 quod
1612 3973 1821 4043 accepit
1848 3973 2083 4045 Spiritus

484 4054 709 4102 sanctus
751 4063 781 4102 a
822 4047 998 4103 Filio?
1025 4062 1081 4107 et
1104 4054 1252 4124 quod
1285 4059 1513 4127 accepit,
1546 4063 1887 4131 procedendo
1923 4082 2081 4124 acce-

484 4133 597 4204 pit;
627 4139 1083 4207 quemadmodum
1110 4142 1282 4221 Fili_us
1312 4148 1458 4216 quod
1488 4151 1699 4221 accepit
1723 4167 1753 4207 a
1777 4152 1960 4221 Patre,
1986 4173 2081 4212 na-

484 4228 688 4283 scendo
717 4230 948 4299 accepit.
979 4230 1120 4287 Num
1150 4218 1299 4290 aliud
1340 4238 1516 4305 potuit
1562 4218 1811 4311 accipere
1843 4218 2081 4315 Spiritus

430 4300 448 4310 ⁶
485 4326 708 4374 sanctus
740 4334 772 4373 a
799 4318 939 4399 Filio
988 4322 1135 4392 quod
1183 4300 1357 4381 antea
1401 4343 1508 4383 non
1551 4300 1806 4399 habe-bat,
1850 4300 1973 4390 cum
2008 4337 2081 4392 sit

482 4411 644 4468 unius
668 4415 984 4472 substantiae
1005 4433 1126 4473 cum
1157 4418 1312 4488 Filio,
1341 4425 1505 4480 unius
1530 4429 1787 4497 potentiae
1811 4448 1824 4485 :
1850 4440 1907 4486 et
1933 4447 2079 4503 quai-

482 4519 699 4579 cunque
725 4510 898 4570 Filius
928 4515 1108 4583 habet,
1151 4518 1353 4577 habeat
1391 4523 1557 4578 etiam
1586 4524 1925 4598 etSpiritus
1952 4544 2077 4585 san-

480 4601 635 4663 ctus?
659 4602 951 4678 Subjungit
986 4620 1209 4668 sanctus
1242 4614 1569 4672 Ambrosius
1611 4620 1981 4678 testimonium
2005 4639 2075 4681 ex

478 4688 769 4765 Evangelio
800 4697 962 4766 :Itle,
987 4701 1181 4773 inquit,
1216 4722 1298 4760 me
1333 4706 1669 4778 clariﬁcabit,
1702 4714 1827 4784 quia
1861 4716 1927 4772 de
1958 4734 2072 4774 meo

477 4785 717 4853 accipiet,
751 4797 801 4843 et
838 4793 1171 4848 annuntiabit
1195 4795 1359 4852 vobis.
1402 4797 1595 4855 Omnia
1625 4820 1946 4877 quwrunque
1971 4808 2069 4863 Ita-

479 4876 559 4933 ια
587 4877 772 4950 Pater,
797 4900 913 4939 mea
937 4898 1094 4955 sunt;
1133 4902 1409 4962 prapterea
1439 4894 1573 4960 dixi,
1604 4896 1669 4951 de
1689 4914 1801 4953 meo
1827 4902 2068 4973 accipiet,

476 4980 527 5024 et
556 4977 886 5031 annuntiabit
913 4980 1055 5035 vobis
1096 4980 1279 5043 (loan.
1331 5002 1454 5050 im,
1511 4988 1622 5061 14).
1654 4988 2019 5063 Subsequitur
2048 5012 2063 5050 :

482 5081 504 5116 ι
539 5062 680 5131 Quid
725 5068 888 5139 igitur
918 5072 1022 5128 hac
1065 5076 1370 5133 evidentius
1418 5080 1670 5137 unitate?
1722 5062 1863 5150 Qua:
1908 5085 2074 5142 habet

477 5151 661 5223 Pater,
703 5158 827 5213 Filii
850 5170 978 5217 sunt
1001 5182 1015 5218 :
1042 5179 1163 5235 quae
1192 5168 1354 5225 habet
1389 5169 1582 5239 Filius,
1614 5175 1827 5245 accepit
1860 5184 1916 5230 et
1951 5175 2073 5247 Spi-

477 5250 635 5302 ritus.
670 5268 689 5301 i
730 5250 866 5308 Haec
912 5258 1087 5312 sancti
1133 5259 1417 5319 Ambrosii
1450 5264 1615 5321 verba
1651 5266 1964 5337 planissime
2002 5277 2076 5326 te-

1600 352 1959 417 RATRAMNI
1995 362 2449 428 CORBEIENSIS
2482 373 2791 436 MONACHI

532 453 681 509 dum.
711 454 779 512 Et
807 457 1033 518 inferius
1052 461 1245 518 Filium
1277 462 1544 524 dicentem
1594 480 1824 532 testatur
1855 497 1868 533 :
1903 480 2010 547 Qui
2042 484 2126 538 di-
2146 491 2205 551 Α
2229 499 2332 557 est,
2374 502 2433 550 ut
2457 496 2527 551 sit

3720 406 3843 461 256:

2555 497 2798 567 ejusdem
2828 506 3148 568 substantiae
3194 530 3317 572 cum
3360 517 3520 590 Filio,
3557 523 3701 582 sicut
3733 524 3832 587 est

2232 579 2402 640 Filius
2428 584 2664 655 ejusdem
2696 595 3013 655 substantiae
3041 618 3163 657 cum
3220 602 3411 666 Patre.
3438 579 3575 670 Item
3606 618 3663 672 in
3688 634 3829 676 con-

2229 680 2582 781 sequentibus
2612 701 2623 736 :
2656 703 2675 735 t
2720 686 2872 753 Quod
2922 692 3161 765 loquitur
3218 698 3406 769 Filius,
3450 700 3710 781 loquitur
3759 722 3829 772 et

2224 764 2418 836 Pater;
2450 779 2506 826 et
2541 777 2685 845 qu‘od
2722 778 2886 836 Pater
2929 764 3185 856 loquitur,
3235 764 3476 865 loquitur
3499 764 3762 864 etFilius
3803 823 3824 864 :

2223 865 2279 911 et
2307 859 2373 915 de
2403 859 2606 933 Spiritu
2652 868 2824 928 Filius
2851 873 2943 930 Dei
2974 878 3111 935 dixit
3135 901 3149 935 ε
3170 886 3171 891 ‘
3190 859 3323 941 Non"
3347 890 3485 945 enim
3516 859 3759 964 (equitat:
3783 859 3823 954 ἆ

2221 966 2299 1017 se,
2332 953 2436 1011 hoc
2461 968 2564 1024 est,
2620 978 2727 1018 non
2772 967 2890 1024 sine
2938 986 3058 1027 mea
3109 984 3164 1030 et
3210 976 3391 1036 Patris
3434 991 3823 1051 communione

2223 1040 2351 1113 (non
2398 1050 2543 1106 enim
2580 1054 2787 1113 divisus
2829 1075 2895 1116 ac
2932 1076 3219 1135 separatus
3249 1082 3335 1128 est
3373 1073 3685 1153 Spiritus),
3723 1088 3821 1141 sed

2218 1150 2337 1201 qua:
2375 1141 2523 1196 audit
2565 1143 2810 1217 loquitur;
2838 1151 3029 1223 (Ibid.,
3071 1157 3201 1231 l3):
3244 1141 3687 1228 audit-videlicet
3719 1191 3820 1246 per

2218 1229 2480 1286 unitatem
2529 1237 2871 1309 substantiae,
2934 1254 2989 1301 et
3040 1229 3430 1322 proprietatem
3485 1229 3753 1321 scientia;
3787 1286 3812 1322 ι

2218 1318 2355 1376 Dum
2383 1325 2671 1384 conﬁtetur
2700 1332 2893 1391 doctor
2919 1318 3363 1403 istecat'holicus
3385 1318 3817 1421 Spiritutiisan-

2217 1422 2362 1471 ctum
2390 1434 2496 1474 non
2541 1421 2690 1494 loqui
2736 1428 2854 1484 sine
2896 1430 3077 1489 Patris
3110 1435 3346 1509 Filiique
3384 1450 3813 1523 communione;

2214 1506 2465 1614 videlicet
2494 1513 2748 1585 loquente
2789 1518 3018 1592 Spiritu,
3061 1506 3299 1598 loquitur
3335 1533 3520 1605 Pater,
3566 1506 3814 1614 loquitur:

2213 1603 2268 1651 et
2294 1595 2483 1666 Filius,
2518 1608 2746 1660 testatur
2785 1612 3035 1668 eumdem
3064 1595 3185 1674 esse
3212 1619 3388 1679 Patris
3417 1635 3473 1681 et
3499 1595 3810 1690 Filiijcon-

2211 1688 2649 1763 substantialem,
2680 1709 2736 1755 et
2759 1699 3003 1771 ejusdem
3034 1714 3387 1784 operationis,
3419 1736 3523 1776 nec
3542 1724 3804 1797 divisum,

2209 1796 2313 1837 nec
2335 1794 2664 1854 separatum.
2694 1792 2759 1846 Et
2778 1797 2922 1863 quod
2944 1798 3150 1857 addidit
3178 1821 3191 1857 :
3222 1804 3353 1872 Quae
3377 1792 3802 1887 auditloquitur,

2797 1859 2810 1863 _
3233 1859 3267 1872 η
3311 1859 3346 1862 ἣν
3379 1859 3802 1887 μνηνηηηι...

2138 1859 2187 1920 Β
2214 1877 2616 1945 processionem
2659 1881 2775 1952 ejus
2810 1886 3051 1946 insinuat
3101 1912 3114 1948 :
3145 1910 3251 1951 non
3292 1900 3436 1955 enim
3475 1905 3802 1974 quibusdam

508 1938 617 1979 non
666 1926 980 1996 voluntate,
1036 1947 1141 1987 non
1185 1934 1442 2004 actione,
1493 1955 1598 1995 non
1653 1945 1886 1999 essentia
1927 1946 2117 2002 divisi.»
2214 1926 2481 2004 ξηιανςρηη

2210 2058 2387 2116 Patris
2406 2062 2637 2136 Filiique
2659 2067 2987 2130 locutionem
3013 2076 3266 2149 Spiritus,
3297 2100 3419 2140 cum
3447 2088 3517 2144 sit
3557 2058 3801 2161 ejusdem

2209 2154 2544 2212 substantiae.
2569 2158 2634 2213 Et
2669 2163 2811 2219 sicut
2838 2165 2971 2222 dicit
2996 2168 3205 2229 Filius:
3256 2175 3448 2234 Omnia
3469 2154 3801 2252 (μηδ-ανάὶά

2207 2260 2241 2298 a
2276 2244 2439 2304 Patre
2473 2267 2610 2319 meo,
2655 2264 2778 2309 nota
2815 2256 2916 2327 feci
2954 2262 3095 2318 vobis
3123 2265 3305 2337 (Joan.
3343 2287 3435 2337 xv,
3481 2244 3574 2348 λδ)
3607 2295 3620 2329 :
3672 2293 3797 2335 nas-

2205 2343 2378 2398 cendo
2402 2344 2651 2403 videlicet
2674 2349 2741 2405 de
2762 2350 2944 2419 Patre,
2972 2365 3024 2410 et
3048 2358 3099 2411 in
3125 2358 3305 2417 Patris
3341 2343 3647 2425 substantia
3678 2387 3800 2442 per-

2203 2438 2494 2503 manendo,
2526 2454 2633 2495 non
2684 2442 2957 2514 aliquibus
3002 2448 3303 2511 intervallis
3343 2456 3525 2515 Patris
3569 2461 3799 2521 locutio-

2202 2542 2325 2581 nem
2357 2532 2706 2601 percipiendo
2738 2553 2751 2589 :
2787 2537 2866 2592 sic
2900 2548 2958 2594 et
3005 2540 3240 2612 Spiritus
3282 2552 3597 2618 quaa‘audit
3625 2554 3799 2628 loqui-

2198 2625 2307 2683 tur,
2337 2622 2677 2689 procedendo
2704 2626 2915 2684 scilicet
2940 2632 3006 2687 de
3033 2632 3197 2691 Patre
3218 2635 3639 2714 Filioque,‘quia
3665 2622 3794 2704 sub-

2197 2712 2525 2768 stantialiter
2572 2732 2797 2775 manens
2856 2721 2910 2777 in
2962 2733 3215 2798 utroque,
3260 2740 3316 2788 et
3373 2712 3683 2804 procedens
3722 2742 3792 2799 ab

2195 2808 2448 2872 utroque,
2470 2805 2619 2860 audit
2647 2823 2768 2877 qua:
2787 2809 3028 2881 loquitur
3057 2831 3156 2887 per
3174 2821 3443 2879 unitatem
3469 2827 3794 2888 substantias

2194 2899 2249 2947 et
2278 2896 2669 2964 proprietatem
2707 2900 2972 2961 scientiae.

2261 2984 2329 3039 Et
2372 2986 2550 3043 infra:
2590 3008 2608 3041 t
2647 2991 2838 3050 Omnia
2880 2997 3057 3056 Patris
3099 3000 3263 3062 habet
3306 3008 3493 3078 Filius,
3525 3014 3618 3083 qui
3647 3015 3725 3070 ait
3770 3036 3786 3073 :

2191 3074 2383 3133 Omnia
2405 3098 2523 3151 quia
2564 3080 2748 3140 Patris
2773 3099 2915 3155 sunt,
2970 3109 3086 3148 mea
3129 3102 3251 3153 sunt
3281 3074 3488 3172 (Joana
3518 3074 3606 3162 tiri
3627 3148 3643 3172 ,
3670 3109 3787 3183 i5),

2197 3176 2251 3221 et
2281 3184 2400 3239 qua:
2443 3176 2652 3243 accepit
2691 3178 2806 3247 ipse
2834 3196 2933 3251 per
2973 3186 3236 3244 unitatem
3291 3202 3519 3262 naturai,
3561 3213 3628 3253 ex
3668 3176 3790 3272 ipso

2195 3275 2293 3329 per
2358 3265 2605 3320 eamdem
2675 3269 2939 3327 unitatem
2994 3280 3205 3350 accepit
3268 3281 3561 3354 Spiritus:
3643 3265 3787 3350 sicut

2191 3349 2305 3421 ipse
2363 3353 2623 3414 Dominus
2668 3358 2826 3419 Iesus
2875 3349 3140 3425 declarati
3178 3374 3244 3430 de
3299 3349 3506 3448 Spiritu
3549 3398 3649 3439 suo
3704 3387 3787 3445 di-

2190 3458 2319 3502 cens
2369 3461 2384 3501 :
2431 3460 2721 3521 propterea
2792 3457 2900 3513 dixi
2950 3475 2966 3514 :
3021 3461 3100 3518 De
3144 3472 3544 3543 meo‘accipiet,
3589 3487 3639 3531 et
3681 3494 3785 3534 an-

2190 3539 2452 3594 nuntiabit
2530 3544 2670 3599 vobis
2744 3547 2970 3618 (Ibid.,
3057 3553 3180 3629 tt).
3244 3578 3264 3612 ι
3332 3539 3537 3619 Dicens
3600 3569 3785 3626 omnia

2187 3624 2367 3685 Patris
2415 3647 2535 3702 quae
2580 3645 2707 3691 sunt
2748 3637 2950 3696 habere
3007 3624 3241 3715 Filium,
3295 3666 3485 3710 rursus
3511 3664 3567 3711 et
3596 3660 3784 3716 omnia

2187 3733 2306 3789 qua:
2357 3725 2568 3795 accepit
2616 3727 2731 3798 ipse
2777 3745 2807 3784 a
2872 3717 3034 3791 Patre
3067 3778 3083 3803 ,
3143 3755 3243 3811 per
3286 3745 3549 3803 unitatem
3617 3760 3782 3807 natu-

2188 3827 2261 3867 ra:
2313 3812 2572 3885 Spiritum
2616 3822 2890 3892 accepisse
2934 3842 3000 3883 ex
3063 3829 3217 3900 ipso,
3270 3834 3324 3890 id
3376 3846 3458 3893 est
3496 3854 3564 3895 ex
3603 3840 3776 3911 Filio;

2186 3919 2366 3961 nonne
2393 3908 2679 3966 manifeste
2712 3914 2954 3973 declarat
2981 3918 3174 3977 Filium
3202 3938 3269 3980 ex
3298 3924 3461 3984 Patre
3484 3939 3698 4000 natum,
3729 3908 3781 3991 id

2184 4008 2269 4054 est
2294 4015 2360 4056 ex
2386 4010 2612 4071 paterna
2646 4008 2970 4077 substantia,
3004 4011 3265 4083 Spiritum
3292 4035 3507 4092 quoque
3527 4036 3776 4083 sanctum

2182 4105 2246 4146 ex
2277 4092 2414 4149 Filio
2442 4099 2759 4167 procedere,
2792 4101 2844 4156 id
2872 4112 2955 4160 est
2993 4105 3119 4163 Filii
3166 4111 3498 4182 substantia;
3535 4127 3592 4173 et
3638 4121 3777 4177 sicut

2180 4183 2348 4241 Filius
2371 4190 2641 4245 nascendo
2673 4193 2857 4247 omnia
2885 4211 3007 4266 qum
3040 4197 3222 4256 Patris
3247 4215 3395 4271 sunt,
3423 4210 3667 4280 accepit;
3698 4213 3776 4269 sic

2179 4281 2235 4328 et
2262 4273 2497 4345 Spiritus
2521 4290 2743 4337 sanctus
2771 4287 3115 4353 procedendo
3144 4292 3210 4346 de
3240 4291 3401 4361 Filio,
3432 4273 3775 4371 quercuon

2178 4374 2306 4421 sunt
2334 4366 2455 4422 Filii
2487 4373 2759 4441 suscepit?
2785 4373 2852 4429 Et
2898 4375 3041 4434 infra
3069 4397 3082 4434 :
3115 4398 3134 4432 ‹
3164 4381 3318 4450 Quod
3360 4400 3490 4453 ergo
3533 4366 3777 4461 loquitur

2178 4454 2433 4528 Spiritus,
2467 4461 2591 4517 Filii
2620 4475 2736 4533 est;
2770 4468 2912 4537 quod
2956 4470 3104 4526 dedit
3137 4471 3341 4543 Filius,
3385 4475 3565 4535 Patris
3606 4454 3715 4539 est.
3748 4502 3769 4538 ι

2177 4549 2346 4621 Igitur
2374 4551 2418 4607 si
2454 4555 2600 4625 quod
2642 4555 2884 4628 loquitur
2928 4559 3165 4632 Spiritus
3193 4563 3315 4621 Filii
3342 4576 3455 4635 est,
3486 4573 3775 4632 manifeste

2178 4641 2367 4698 doctor
2392 4644 2495 4700 iste
2521 4655 2749 4703 testatur
2784 4651 2910 4721 quia
2953 4669 3290 4728 quaecunque
3320 4657 3558 4730 Spiritus
3584 4665 3769 4735 habet,

2176 4747 2207 4788 a
2237 4732 2377 4791 Filio
2420 4738 2678 4809 suscepit,
2706 4742 2832 4812 quia
2876 4746 3121 4812 procedit
3166 4762 3236 4804 ex
3275 4749 3421 4821 ipso;
3458 4763 3514 4810 et
3538 4757 3585 4812 si
3625 4732 3771 4829 quod

2174 4824 2321 4881 dedit
2366 4826 2564 4894 Filius,
2602 4829 2779 4887 Patris
2820 4843 2932 4900 est,
2970 4837 3056 4892 cui
3102 4853 3233 4896 vero
3268 4842 3454 4899 dedit?
3499 4824 3769 4908 Nimirum

2175 4913 2400 4986 Spiritui
2438 4931 2626 4978 sancto
2651 4924 2743 4994 qui
2772 4925 2839 4981 de
2859 4926 2950 4984 illo
2979 4923 3223 5001 procedit
3258 4953 3272 4989 :
3301 4938 3425 4992 etsi
3450 4944 3597 5010 quod
3619 4942 3770 4999 dedit

2170 5007 2348 5065 Patris
2375 5019 2489 5078 est,
2522 5016 2730 5085 accepit
2758 5017 2824 5072 de
2865 5018 3028 5077 Patre
3071 5028 3343 5082 nascendo
3376 5007 3564 5098 Filius,
3597 5043 3658 5088 ut
3699 5049 3766 5091 ex

2173 5098 2290 5170 ipso
2312 5103 2569 5171 procedat
2597 5103 2830 5176 Spiritus
2855 5121 3095 5169 sanctus.
3121 5114 3410 5185 Subjunxit
3437 5137 3491 5178 :t
3522 5121 3602 5178 Ita
3631 5126 3768 5182 nihil

2174 5207 2204 5248 a
2231 5208 2290 5249 se
2320 5202 2412 5249 aut
2441 5195 2609 5254 Filius
2638 5200 2875 5272 loquitur
2894 5214 2984 5260 aut
3012 5204 3266 5277 Spiritus,
3294 5212 3421 5282 quia
3448 5214 3583 5270 nihil
3609 5226 3763 5275 extra

2166 5653 2313 5709 solus
2336 5665 2516 5713 autem
2538 5659 2698 5717 Pater
2719 5679 2784 5719 ex
2811 5666 2975 5723 nullo.
3000 5669 3144 5742 Ergo
3164 5688 3287 5728 cum
3309 5674 3546 5746 loquitur
3563 5678 3751 5748 Filius,

2164 5750 2277 5800 tota
2326 5746 2564 5807 Trinitas
2611 5754 2879 5826 loquitur;
2927 5771 2981 5816 et
3024 5780 3147 5821 cum
3194 5766 3434 5838 loquitur
3483 5746 3744 5843 Spiritus:

473 5805 537 5858 ut
559 5816 896 5877 quaecunque
933 5808 1104 5868 Filius
1144 5815 1331 5885 habet,
1375 5817 1575 5877 habeat
1629 5833 1685 5880 et
1717 5824 1972 5898 Spiritus,
2004 5832 2059 5891 id
2160 5841 2272 5890 tota
2320 5837 2554 5898 Trinitas
2585 5805 2934 5916 Ιοιιίιίιυι’;’ρι
2975 5870 3097 5910 cum
3147 5805 3384 5927 loquitur
3422 5805 3604 5930 Pater,
3638 5869 3747 5920 tota
