4026 6346
216 344 322 402 357

1082 344 1361 403 CONTRA
1395 341 1808 404 GBECORUM
1836 341 2200 425 ’OPPOSITA.‘
2237 371 2306 387 —-
2344 344 2471 404 LIB.
2511 345 2582 426 IL.

3364 354 3472 412 258

217 457 449 515 Trinitas
489 458 754 530 loquitur;
786 460 912 530 quia
958 459 1090 515 nihil
1137 469 1292 516 extra
1330 475 1388 516 se
1421 457 1659 516 Trinitas
1702 460 1786 516 loc
1811 466 1864 528 Α
1893 460 2038 516 tione
2072 462 2366 530 procedere
2413 461 2676 534 Spiritum
2721 472 2834 522 tam
2880 468 2948 524 de
2995 467 3160 542 Patre
3198 439 3472 540 quamde

215 553 412 624 quitur,
444 553 569 622 quia
595 567 702 608 non
724 553 979 608 dividitur
1001 571 1030 609 a
1067 568 1146 619 se,
1175 569 1275 609 nec
1305 562 1602 624 separatur.

278 642 412 698 [tem
457 642 694 711 ejusdem
741 644 920 714 operis
972 644 1025 698 in
1066 644 1227 699 tertio
1272 643 1451 699 libello
1495 644 1658 716 (Cap.
1687 645 1787 716 1).:

218 752 236 786 ι
269 734 403 789 Nam
445 733 740 790 secundum
787 735 1124 790 divinitatem
1170 751 1276 790 non
1321 750 1482 806 supra
1516 734 1791 792 Christum

211 835 291 881 est
336 825 603 897 Spiritus,
652 825 745 880 sed
791 825 842 880 in
874 826 1132 882 Christo:
1166 826 1293 896 quia
1343 827 1482 882 sicut
1526 825 1688 881 Pater
1735 827 1790 882 in

209 917 362 981 Filio,
391 925 447 973 et
466 917 636 972 Filius
668 917 720 972 in
744 917 937 984 Patre;
981 918 1056 973 ita
1081 919 1178 974 Dei
1209 917 1443 990 Spiritus
1482 927 1538 973 et
1559 918 1792 987 Spiritus

209 1009 408 1065 Christi
437 1009 489 1063 in
521 1007 682 1064 Patre
707 1017 790 1064 est
813 1017 868 1065 et
893 1008 1049 1064 Filio.
1093 1030 1110 1062 ι
1139 1009 1337 1065 Beatus
1361 1009 1673 1066 Ambrosius
1704 1011 1790 1066 di-

208 1115 333 1156 cens
362 1101 658 1158 secundum
693 1102 1030 1158 divinitatem
1054 1101 1317 1173 Spiritum
1347 1118 1453 1158 non
1478 1118 1599 1159 esse
1628 1118 1792 1174 super

207 1189 506 1258 Christum,
531 1191 627 1247 sed
646 1191 700 1246 in
716 1190 954 1258 Christo,
978 1192 1240 1248 discernit
1262 1193 1652 1248 humanitatem
1673 1193 1791 1264 ejus

206 1298 234 1336 a
262 1281 569 1337 divinitate.
594 1281 847 1353 Legimus
868 1282 922 1336 in
950 1269 1270 1354 Evangelio,
1292 1283 1418 1353 quia
1443 1283 1591 1338 venit
1621 1282 1791 1353 Spiri-

205 1381 288 1426 tus
318 1380 542 1426 sanctus
571 1387 736 1444 super
758 1371 1114 1439 Salvatorem,
1139 1382 1195 1428 et
1218 1374 1414 1428 mansit
1437 1389 1598 1445 super
1619 1390 1742 1430 eum
1771 1392 1785 1429 :

203 1474 256 1519 et
279 1464 447 1519 Pater
484 1465 726 1536 loquitur
748 1465 942 1522 Joanni
967 1485 982 1524 :
1009 1467 1182 1538 Super
1209 1484 1361 1539 quem
1399 1467 1587 1522 videris
1613 1467 1790 1538 Spiri-

201 1568 306 1611 tum
329 1559 727 1613 descendentem
757 1569 805 1614 et
835 1569 1130 1614 manentem
1172 1577 1329 1631 super
1371 1576 1489 1614 eum
1519 1558 1703 1632 (Joan.
1736 1576 1788 1628 ι,

202 1647 308 1719 55).
342 1648 534 1719 Itaque
584 1651 880 1705 secundum
917 1651 1311 1706 humanitatem
1359 1651 1509 1706 venit
1557 1652 1790 1722 Spiritus

201 1757 361 1813 super
389 1743 692 1810 Christum,
724 1755 778 1799 et
805 1745 1006 1801 mansit
1034 1761 1196 1817 super
1225 1747 1434 1832 ipsum;
1472 1755 1528 1800 at
1552 1761 1681 1803 vero
1705 1763 1791 1804 se-

1893 551 2053 618 Filio,
2081 553 2207 608 dum
2239 553 2435 626 legitur
2462 557 2606 626 quod
2653 559 2724 614 sit
2767 557 3001 631 Spiritus
3045 562 3158 619 oris
3191 571 3247 624 et
3295 561 3474 620 Patris

1893 652 1948 700 et
1973 643 2116 699 Filii.
2814 688 2817 689 ν

1964 738 2315 811 Persequitur
2368 741 2558 800 beatus
2603 745 2922 805 Ambrosius
2977 747 3123 819 (cap.
3165 747 3230 819 8)
3275 748 3474 805 indivi-

1895 831 2055 886 duam
2086 848 2309 890 manere
2343 835 2605 892 unitatem
2631 845 2741 892 tam
2771 838 2973 894 Christi
2995 855 3157 910 quam
3201 839 3470 911 Spiritus;

1893 923 2020 992 quia
2054 943 2073 976 ε
2108 939 2284 995 neque
2311 925 2560 984 Christus
2601 928 2717 985 sine
2749 929 2972 1000 Spiritu,
3022 947 3198 1003 neque
3241 931 3474 1004 Spiritus

1892 1016 2064 1083 possit
2092 1032 2212 1072 esse
2257 1018 2374 1074 sine
2416 1017 2653 1076 Christo.
2689 1039 2709 1072 ι
2736 1019 2851 1076 Non
2881 1031 3059 1092 potest
3080 1037 3200 1078 esse
3225 1022 3475 1079 Christus

1891 1104 2010 1160 sine
2060 1104 2294 1176 Spiritu,
2350 1115 2602 1178 tanquam
2633 1109 2736 1166 sibi
2780 1111 3261 1178 consubstantiali,
3299 1121 3355 1169 et
3381 1113 3474 1183 qui

1892 1213 1959 1254 ex
2003 1212 2060 1252 se
2109 1198 2394 1268 procedat;
2440 1215 2616 1271 neque
2644 1215 2833 1256 rursus
2862 1200 3098 1271 Spiritus
3138 1211 3316 1272 potest
3355 1217 3476 1259 esse

1892 1288 2008 1343 sine
2033 1287 2268 1356 Christo,
2301 1297 2558 1361 tanquam
2594 1291 2682 1346 cui
2727 1291 3203 1348 consubstantialis
3224 1300 3328 1359 est,
3357 1301 3412 1348 et
3441 1307 3475 1348 a

1892 1397 1998 1453 quo
2027 1383 2234 1453 accepit
2263 1399 2598 1455 quaecunque
2641 1385 2889 1442 Christus
2915 1386 3097 1442 habet.
3127 1385 3477 1442 Connectitur

1891 1488 2054 1529 causa
2081 1489 2180 1528 cur
2206 1475 2280 1528 ita
2303 1475 2406 1540 sit,
2436 1475 2687 1532 videlicet
2715 1494 2734 1528 ι
2765 1477 3018 1548 quoniam
3049 1494 3154 1534 non
3194 1487 3366 1548 potest
3395 1479 3475 1535 di-

1891 1562 2030 1619 vina:
2075 1573 2283 1620 natura:
2329 1567 2511 1622 unitas
2556 1569 2817 1638 separari.
2859 1588 2877 1620 ι
2909 1567 3023 1624 Hoc
3064 1569 3249 1625 dicens
3274 1569 3478 1626 fatetur

1891 1665 2143 1711 naturam
2172 1656 2394 1724 Christi,
2421 1661 2672 1713 naturam
2700 1674 2819 1716 esse
2845 1658 3100 1730 Spiritus,
3129 1668 3185 1714 et
3223 1670 3476 1717 naturam

1893 1744 2127 1814 Spiritus
2153 1755 2403 1802 naturam
2449 1762 2568 1804 esse
2597 1748 2819 1816 Christi,
2865 1764 2965 1804 nec
2992 1750 3216 1805 unitatis
3257 1764 3476 1820 compa-

201 1833 436 1888 cuudum
459 1830 462 1832 ⁷
486 1835 826 1891 divinitatem
876 1845 1058 1892 manet
1109 1838 1162 1892 in
1219 1830 1436 1894 Christo
1462 1878 1477 1904 ,
1534 1840 1789 1909 quoniam
1816 1842 1866 1903 B
1893 1852 2012 1905 gem
2037 1837 2217 1907 aliquo
2242 1841 2400 1894 modo
2425 1853 2585 1909 posse
2607 1841 2870 1910 separari,
2897 1848 3096 1910 praeter
3123 1856 3287 1911 quam
3307 1840 3478 1898 Filius

200 1925 427 1995 aequalis
467 1935 549 1982 est
592 1927 734 1996 ipsi,
782 1925 1422 1998 utriusque‘substantim
1470 1946 1590 1985 cum
1641 1931 1784 2000 ipso;

200 2015 335 2070 sicut
361 2025 418 2071 et
446 2017 514 2071 de
541 2017 704 2073 Patre
733 2019 1009 2085 scribitur,
1039 2019 1181 2090 quod
1211 2029 1430 2076 maneat
1456 2020 1511 2075 in
1548 2021 1702 2088 Filio,
1734 2030 1791 2078 et

198 2103 367 2161 Filius
415 2107 470 2161 in
502 2108 682 2164 Patre.
715 2108 869 2176 Quod
919 2108 1229 2177 subiunxit,
1279 2111 1540 2182 Spiritum
1572 2113 1706 2179 Dei,
1735 2121 1788 2168 et

197 2195 460 2266 Spiritum
485 2198 686 2254 Christi
713 2201 768 2255 in
789 2200 952 2256 Patre
977 2217 1218 2266 manere,
1241 2217 1334 2258 seu
1367 2203 1524 2269 Filio,
1558 2213 1788 2260 testatur

197 2305 359 2345 unum
388 2292 673 2362 utriusque
701 2293 981 2364 Spiritum,
1020 2309 1084 2349 eo
1115 2295 1258 2365 quod
1292 2297 1360 2350 ab
1391 2304 1621 2366 utroque
1661 2311 1788 2367 pro—

195 2385 372 2451 cedat,
408 2394 466 2441 et
494 2395 710 2441 maneat
735 2402 834 2457 per
859 2387 1471 2443 consultstantialitatem
1503 2389 1558 2442 in
1593 2390 1785 2445 ambo-

194 2475 314 2532 bus.
368 2477 701 2548 Subjunxit:
739 2499 757 2531 ι
793 2477 1143 2534 Manet'enim
1169 2481 1223 2534 in
1255 2480 1386 2546 Deo,
1417 2482 1542 2552 quia
1579 2497 1644 2536 ex
1675 2482 1787 2537 Deo

193 2579 291 2634 est,
320 2571 470 2625 sicut
516 2571 779 2642 scriptum
821 2578 934 2635 est;
970 2591 988 2622 ι
1027 2570 1139 2625 Nos
1166 2581 1341 2626 autent
1377 2589 1480 2628 non
1525 2573 1786 2643 Spiritum

193 2661 348 2731 hujus
379 2663 569 2716 mundi
599 2663 912 2732 accepimus,
943 2662 1031 2716 sed
1073 2662 1336 2734 Spiritum
1357 2665 1447 2734 qui
1477 2681 1541 2718 ea:
1570 2664 1679 2718 Deo
1709 2674 1785 2719 est

192 2751 240 2823 (ι
266 2751 391 2807 Cor.
428 2770 504 2819 1|,
543 2753 665 2823 12);
697 2763 752 2808 et
791 2761 972 2809 manet
1013 2754 1068 2808 in
1113 2753 1330 2810 Christo
1355 2755 1480 2825 quia
1510 2771 1542 2808 a
1568 2755 1787 2812 Christo

192 2848 425 2919 accepit,
452 2857 506 2902 et
531 2848 584 2901 in
607 2846 824 2902 Christo
851 2855 956 2902 est.
985 2847 1122 2914 Quia
1148 2847 1344 2902 iterum
1373 2848 1632 2918 scriptum
1656 2857 1739 2903 est
1766 2865 1781 2902 :

191 2937 288 2994 Ille
326 2940 396 2993 de
434 2956 549 2994 meo
590 2939 808 3009 accipiet
841 2938 1033 3010 (Joan.
1065 2954 1184 3004 xw,
1218 2938 1327 3009 M).
1364 2937 1516 2993 Unde
1543 2946 1627 2993 est
1656 2951 1785 3007 ergo

191 3046 253 3086 ex
292 3031 409 3087 Deo
453 3030 725 3103 Spiritus?
770 3046 965 3102 nempe
996 3031 1120 3101 quia
1164 3031 1408 3100 procedit
1455 3047 1522 3086 ex
1553 3031 1684 3086 Deo.
1717 3031 1786 3085 Et

191 3124 328 3180 unde
355 3125 570 3195 accepit
595 3141 625 3179 a
654 3124 912 3181 Christo?
941 3124 1104 3180 Certe
1133 3125 1257 3194 quia
1287 3125 1531 3195 procedit
1563 3139 1593 3178 a
1621 3125 1782 3180 Chri-

1890 1938 2078 1996 natus,
2113 1929 2345 2000 Spiritus
2380 1946 2520 1990 vero
2568 1933 2896 2002 procedens;
2939 1934 3035 1988 sed
3064 1933 3180 1989 haec
3209 1947 3318 1988 non
3347 1932 3478 1988 sub-

1887 2022 2140 2076 stantiam
2171 2021 2406 2087 faciunt,
2435 2023 2528 2078 sed
2555 2023 2874 2079 relationem
2903 2025 3213 2080 ostendunt.
3243 2023 3478 2081 Inferius

1887 2113 2123 2183 loquitur
2152 2131 2167 2170 :
2209 2133 2228 2165 ‹
2260 2114 2485 2170 Lectum
2515 2123 2619 2182 est,
2649 2116 2775 2186 quia
2801 2114 2964 2171 Verbi
2990 2115 3200 2186 gladius
3235 2115 3473 2187 Spiritus

1888 2205 1960 2260 sit
1984 2223 1996 2258 :
2030 2205 2280 2261 similiter
2301 2205 2503 2262 lectum
2527 2215 2632 2272 est,
2655 2207 2781 2276 quia
2810 2205 3046 2277 Spiritus
3070 2208 3242 2264 sancti
3267 2208 3476 2280 gladius

1893 2295 2127 2353 Verbum
2176 2298 2268 2354 Dei
2314 2298 2384 2353 sit
2411 2298 2627 2370 (Ephes.
2652 2315 2730 2365 v1,
2756 2299 2865 2370 l7).
2901 2319 2920 2354 ι
2971 2300 3040 2355 Et
3065 2300 3335 2356 nonnullis
3378 2317 3480 2372 per

1887 2389 2307 2458 assumptiouem
2341 2389 2676 2459 interpositis
2704 2389 3003 2460 colligendo
3043 2390 3330 2456 conclusit,
3358 2391 3473 2446 ita:

1892 2502 1910 2535 ‹
1945 2484 2078 2540 Cum
2111 2484 2273 2556 igitur
2303 2481 2467 2538 Verbi
2511 2482 2720 2554 gladius
2761 2481 2996 2552 Spiritus
3026 2491 3246 2538 sanctus
3289 2483 3381 2548 sit,
3419 2491 3478 2538 et

1889 2577 2123 2646 Spiritus
2154 2576 2326 2631 sancti
2355 2575 2563 2646 gladius
2588 2574 2824 2630 Verbum
2853 2576 2943 2640 sit,
2972 2576 3157 2645 utique
3181 2575 3362 2630 unitas
3388 2583 3474 2630 est

1885 2665 2160 2736 potentiae.
2203 2684 2221 2716 ι
2254 2664 2358 2720 Sed
2398 2665 2608 2735 gladius
2640 2664 2820 2730 Verbi,
2849 2665 2978 2735 quid
3020 2672 3104 2720 est
3148 2664 3254 2720 nisi
3298 2665 3476 2735 ipsum

1891 2754 2160 2808 Verbum?
2193 2753 2259 2806 Et
2282 2752 2491 2824 gladius
2536 2751 2769 2823 Spiritus
2797 2753 2923 2822 quid
2951 2761 3055 2819 est,
3082 2754 3184 2808 nisi
3215 2753 3329 2824 ipse
3355 2751 3478 2825 Spi-

1887 2845 2057 2899 ritus?
2082 2844 2160 2898 Ex
2191 2860 2298 2914 quo
2327 2843 2601 2915 colligitur
2625 2845 2751 2914 quia
2785 2844 3021 2914 Spiritus
3067 2856 3290 2901 sanctus
3311 2845 3476 2903 Verbi

1885 2945 1970 2992 est
2013 2936 2268 3007 Spiritus,
2311 2935 2464 3004 cujus
2494 2944 2579 2992 est
2621 2936 2849 3007 gladius,
2873 2946 2930 2992 et
2958 2936 3193 2992 Verbum
3240 2938 3478 3009 Spiritus

1886 3031 2060 3086 sancti
2100 3038 2205 3096 est,
2239 3030 2391 3100 cujus
2419 3039 2504 3085 est
2534 3028 2772 3100 gladius;
2816 3029 3073 3100 quoniam
3104 3045 3206 3086 nec
3238 3029 3475 3087 Verbum

1885 3120 2004 3176 sine
2035 3119 2242 3189 Spiritu
2267 3128 2475 3185 sancto,
2505 3134 2603 3175 nec
2627 3118 2862 3189 Spiritus
2884 3128 3104 3174 sanctus
3129 3119 3246 3174 sine
3270 3118 3474 3187 Verbo,

189 3223 290 3271 sto.
319 3215 392 3270 Et
427 3217 569 3271 unde
597 3224 783 3270 manet
832 3225 944 3269 tam
994 3215 1046 3269 in
1088 3215 1199 3270 Deo
1236 3230 1400 3285 quam
1446 3215 1500 3269 in
1529 3215 1785 3271 Christo?
1813 3209 1858 3273 C
1889 3213 2143 3282 quoniam
2172 3212 2332 3268 unius
2369 3222 2495 3268 sunt
2521 3213 2882 3283 operationis,
2910 3211 3262 3283 ejusdemque
3286 3221 3476 3282 poteno

189 3305 422 3365 Prorsus
449 3309 574 3380 quia
608 3307 1090 3364 consubstantialis
1115 3316 1198 3364 est
1225 3309 1528 3379 utriusque.
1561 3307 1703 3364 Dicit
1730 3309 1786 3364 in

188 3400 541 3469 sequentibus
589 3400 776 3470 (capp.
825 3399 878 3464 7,
907 3399 973 3469 8)
1019 3399 1244 3469 loquens
1283 3399 1350 3455 de
1387 3399 1721 3455 Antichristo
1767 3418 1782 3454 :

194 3509 215 3542 ‹
247 3489 419 3556 Quem
446 3490 700 3544 Dominus
730 3489 885 3544 Jesus
912 3489 1186 3558 inter/Sciet
1209 3489 1415 3561 Spiritu
1444 3491 1551 3544 oris
1577 3491 1662 3545 sui
1696 3489 1783 3561 (II

194 3579 342 3636 Thes.
362 3598 426 3647 ιι,
443 3582 520 3653 8).
543 3581 757 3636 llicnon
781 3580 1048 3650 acquisita
1068 3582 1241 3652 gratia
1264 3591 1367 3648 est,
1393 3583 1486 3638 sed
1510 3582 1784 3638 individua

188 3685 370 3730 manet
419 3675 630 3739 unitas;
680 3675 806 3745 quia
865 3691 1040 3746 neque
1087 3675 1336 3731 Christus
1385 3675 1502 3729 sine
1554 3673 1781 3745 Spiritu,

190 3781 366 3837 neque
398 3766 640 3838 Spiritus
674 3775 855 3837 potest
884 3783 1004 3823 esse
1047 3767 1164 3823 sine
1206 3765 1424 3821 Christo
1455 3783 1468 3819 :
1501 3781 1608 3820 non
1637 3766 1783 3820 enim

188 3867 367 3928 potest
389 3859 589 3914 divina:
626 3869 834 3915 natura:
867 3861 1047 3915 unitas
1083 3859 1348 3930 separari.
1384 3878 1402 3912 ι
1439 3859 1538 3915 Hic
1568 3876 1782 3933 quoque

187 3958 408 4004 sanctus
429 3950 752 4006 Ambrosius
783 3952 1138 4006 humanitatis
1161 3966 1226 4006 ac
1253 3951 1550 4007 divinitatis
1579 3952 1781 4009 Christi

187 4041 586 4111 separationem
622 4043 879 4110 ostendit,
915 4059 1020 4099 non
1053 4043 1197 4114 quod
1229 4043 1367 4098 alius
1397 4043 1468 4097 sit
1505 4044 1688 4111 homo,
1727 4057 1782 4100 et

187 4133 322 4190 alius
346 4136 491 4192 Deus
513 4135 783 4202 Christus,
810 4137 906 4192 sed
928 4138 1073 4206 quod
1098 4136 1372 4206 perfectus
1396 4137 1557 4204 Deus,
1583 4147 1639 4193 et
1666 4154 1782 4210 per-

187 4226 359 4284 fectus
387 4230 582 4295 homo,
620 4231 691 4285 sit
719 4246 861 4285 unus
887 4229 1169 4296 Christus;
1201 4230 1365 4285 homo
1396 4238 1577 4284 tamen
1607 4231 1779 4301 gratia

186 4320 362 4377 factus
401 4329 485 4377 est
523 4321 668 4377 Deus
714 4338 726 4374 :
767 4322 910 4376 Dcus
957 4336 1087 4376 vero
1135 4330 1331 4376 natura
1378 4321 1565 4376 existit
1617 4324 1775 4378 Deus.

185 4413 371 4484 Itaque
399 4429 524 4470 cum
558 4415 764 4470 diceret
795 4431 808 4468 :
843 4413 1010 4480 Quem
1035 4413 1290 4468 Dominus
1320 4411 1477 4468 Iesus
1505 4413 1780 4484 interﬁciet

183 4503 387 4574 Spiritu
417 4506 525 4561 oris
567 4507 673 4571 sui,
700 4514 756 4561 et
783 4504 1153 4575 subjunxerit,
1184 4499 1291 4560 non
1322 4503 1410 4560 hic
1453 4505 1775 4575 acquisitam

1888 3307 1997 3363 tiae.
2026 3305 2160 3362 Cum
2190 3307 2264 3360 ita
2304 3306 2402 3373 sit,
2432 3321 2541 3360 non
2584 3313 2810 3375 possunt
2855 3305 3158 3360 substantia
3207 3305 3473 3375 separari,

1886 3413 2064 3469 neque
2111 3397 2389 3453 voluntate
2440 3397 2607 3452 dividi
2656 3414 2670 3450 :
2729 3395 2892 3467 igitur
2950 3395 3111 3450 unius
3159 3395 3478 3451 substantias

1885 3492 2151 3562 uniusque
2181 3489 2471 3546 voluntatis
2514 3488 2684 3545 Filius
2728 3497 2784 3542 et
2834 3487 3068 3558 Spiritus
3109 3495 3328 3543 sanctus
3353 3489 3474 3544 exi-

1886 3591 2114 3648 stentes,
2149 3583 2391 3653 procedit
2423 3583 2560 3638 alter
2596 3583 2665 3636 ab
2695 3581 2901 3647 altero,
2931 3581 2984 3635 id
3023 3589 3108 3636 est
3139 3580 3374 3649 Spiritus
3401 3595 3472 3636 ex

1884 3673 2051 3737 Filio,
2083 3676 2338 3745 quoniam
2387 3675 2557 3730 Filius
2603 3685 2764 3730 natus
2808 3674 2877 3730 de
2921 3673 3112 3740 Patre,
3145 3673 3326 3728 omnia
3351 3688 3474 3744 qua:

1884 3766 2156 3822 nascendo
2185 3765 2393 3836 accepit
2429 3781 2458 3820 a
2486 3765 2666 3832 Patre,
2695 3765 2842 3820 dedit
2881 3763 3128 3836 Spiritui,
3159 3779 3269 3821 non
3310 3763 3470 3834 quasi

1884 3858 2114 3924 minori,
2159 3872 2257 3912 nec
2297 3867 2553 3928 tanquam
2603 3867 2892 3925 extraneo,
2929 3858 3025 3914 sed
3061 3865 3316 3928 tanquam
3345 3873 3377 3912 a
3411 3871 3475 3915 se

1883 3950 2211 4020 procedenti.

1957 4044 2258 4100 Videndum
2292 4053 2474 4100 autem
2500 4044 2625 4114 quia
2656 4059 2778 4100 cum
2809 4043 3009 4099 dicitur
3037 4041 3273 4114 Spiritus
3299 4041 3471 4099 sanct"

1883 4138 2092 4208 gladius
2118 4136 2355 4193 Verbum
2380 4179 2394 4202 ,
2422 4146 2479 4192 et
2506 4137 2668 4193 Verbi
2704 4137 2916 4208 gladius
2961 4135 3196 4207 Spiritus
3227 4143 3472 4202 sanctus,

1884 4246 1988 4285 non
2020 4245 2372 4301 personarum
2404 4230 2462 4283 lit
2493 4228 2825 4297 conjunctio,
2855 4229 2949 4284 sed
2971 4228 3288 4284 substantia:
3318 4243 3474 4284 mon-

1883 4333 2089 4377 stratur
2119 4321 2408 4393 copulatio,
2443 4330 2500 4378 ut
2530 4322 2689 4378 unius
2711 4322 2823 4376 sint
2851 4321 3186 4385 substantias,
3212 4335 3334 4376 cum
3363 4337 3472 4376 non

1881 4415 1993 4471 sint
2021 4415 2178 4469 unius
2207 4429 2471 4484 personae.
2504 4413 2614 4477 Est
2627 4421 2809 4470 autem
2845 4411 2984 4468 alter
3025 4427 3093 4467 ex
3123 4411 3311 4474 altero,
3345 4409 3473 4481 Spi-

1883 4508 2021 4564 ritus
2045 4507 2298 4562 videlicet
2325 4521 2390 4563 ex
2438 4505 2597 4572 Filio,
2628 4521 2734 4562 non
2763 4519 2894 4560 vero
2931 4503 3100 4559 Filius
3138 4503 3204 4558 de
3239 4501 3469 4570 Spiritu,

183 4569 417 4668 gratiam
437 4613 582 4665 esse,
615 4569 1006 4652 humanitatem
1031 4569 1359 4662 removit,ut
1382 4569 1615 4666 Spiriius
1641 4598 1773 4664 oris,
1802 4569 1857 4631 D
1883 4602 1978 4658 sed
2003 4602 2069 4656 de
2097 4600 2279 4656 Patre.
2307 4599 2423 4656 Hoc
2463 4569 2622 4654 modo
2653 4606 2871 4654 sanctus
2912 4595 3229 4652 Ambrosius
3255 4569 3323 4648 de
3349 4591 3471 4664 Spi-

181 4704 291 4760 quo
329 4692 399 4746 sit
433 4691 798 4748 Antichristus
828 4689 1257 4757 interﬁciendus,
1288 4690 1586 4745 divinitatis
1613 4689 1771 4744 intel-

182 4779 388 4852 ligatur
417 4781 684 4853 Spiritus,
713 4783 964 4838 videlicet
1007 4782 1241 4853 Spiritus
1281 4791 1500 4838 sanctus
1521 4823 1536 4848 ,
1567 4782 1658 4852 qui
1693 4769 1778 4838 est

180 4871 238 4929 in
261 4885 450 4930 sancta
477 4874 742 4931 Trinitate
767 4891 874 4929 una
902 4889 1166 4945 persona;
1198 4884 1257 4930 ut
1296 4875 1440 4945 quod
1471 4874 1583 4940 ait,
1608 4873 1774 4939 Quem

180 4963 443 5020 Dominus
471 4966 626 5020 Iesus
673 4965 948 5033 interﬁciat
979 4963 1183 5035 Spiritu
1227 4965 1332 5018 oris
1375 4965 1479 5031 sui,
1513 4962 1773 5034 Spiritum

179 5064 431 5112 sanctum
480 5057 782 5128 intelligas,
833 5057 926 5126 qui
966 5056 1038 5110 sit
1083 5054 1319 5134 Spiritus
1365 5055 1578 5110 Domini
1623 5053 1774 5111 Jesu.

183 5146 362 5204 Simul
388 5148 700 5212 videndum,
727 5149 854 5218 quia
877 5163 1002 5202 cum
1031 5147 1097 5203 de
1122 5145 1312 5202 eodem
1335 5147 1542 5217 Spiritu
1563 5147 1776 5202 dicatur

180 5242 330 5313 quod
375 5243 446 5298 sit
480 5242 716 5314 Spiritus
745 5243 858 5297 oris
892 5241 1129 5306 Domini,
1154 5249 1209 5296 et
1236 5255 1377 5294 nunc
1404 5239 1606 5294 dicitur
1629 5241 1774 5310 quod

179 5335 252 5390 sit
283 5334 520 5404 Spiritus
542 5337 654 5392 oris
683 5336 896 5392 Domini
933 5335 1085 5401 Jesu,
1115 5335 1414 5390 clarissime
1441 5341 1775 5389 monstratur

180 5424 445 5501 Spiritus‘
461 5441 683 5486 sanctus
709 5430 1002 5501 procedere
1026 5445 1094 5484 ex
1119 5443 1213 5484 ore
1243 5427 1455 5482 Domini
1485 5427 1635 5491 Jesu,
1663 5443 1768 5482 non

178 5521 331 5590 quod
358 5523 650 5577 secundum
695 5521 1031 5576 divinitatem
1073 5535 1134 5575 os
1159 5519 1384 5580 habeat,
1415 5518 1508 5572 sed
1535 5518 1678 5587 quod
1707 5519 1773 5572 de

179 5614 484 5671 substantia
536 5615 676 5670 illius
725 5615 1019 5687 procedat;
1069 5611 1519 5684 quemadmodum
1575 5611 1774 5664 dicitur

178 5703 423 5777 Spiritus
465 5707 577 5761 oris
627 5705 871 5768 Domini,
920 5705 1173 5775 quoniam
1205 5702 1450 5773 procedit
1484 5701 1549 5755 de
1590 5701 1771 5770 Patris

178 5799 502 5856 substantia.
552 5799 720 5872 Igitur
759 5777 1159 5854 evidentissima
1212 5803 1548 5853 monstratur
1596 5810 1769 5850 asser-

1885 4692 1993 4746 ritu
2025 4699 2214 4746 sancto
2264 4690 2508 4744 sentiens
2551 4697 2712 4757 atque
2760 4688 3060 4758 disputans,
3086 4700 3192 4740 non
3237 4684 3470 4752 impera-

1885 4781 2091 4837 toribus
2125 4779 2460 4845 Grmcorum,
2489 4777 2751 4833 Gratiano
2779 4776 3031 4833 videlicet
3070 4783 3125 4830 et
3166 4773 3470 4831 Theodosio

1882 4871 2104 4943 Majori,
2153 4887 2382 4942 quorum
2433 4868 2768 4940 temporibus
2814 4867 3042 4934 enituit,
3093 4866 3176 4923 vel
3223 4859 3468 4935 ingratus

1881 4966 1965 5022 vel
2019 4965 2304 5020 haereticus
2352 4964 2499 5020 visus
2552 4970 2669 5029 est,
2719 4961 2811 5032 qui
2861 4969 2974 5015 toto
3018 4967 3264 5014 sanctum
3291 4957 3466 5013 virum

1878 5073 2063 5112 amore
2105 5057 2405 5114 coluerunt.
2439 5068 2498 5110 et
2535 5053 2807 5124 praecipua
2854 5050 3203 5106 veneratione
3255 5063 3468 5120 seraper

1878 5149 2140 5204 habuere.
2189 5146 2352 5216 Cujus
2397 5144 2728 5216 disputatio,
2768 5151 2824 5198 et
2882 5155 2983 5213 pro
3029 5139 3309 5198 Catholica
3360 5139 3466 5199 ﬁde

1879 5239 2030 5296 labor
2083 5237 2414 5303 indefessus,
2469 5237 2699 5293 Arianos
2742 5233 3038 5291 Ecclesiam
3087 5234 3466 5305 impugnantes

1833 5335 1842 5344 '
1877 5333 2239 5405 expugnavit,
2268 5332 2432 5397 vicit,
2479 5330 2766 5401 oppressit.
2802 5327 2991 5384 Videte
3032 5343 3177 5383 nunc
3225 5342 3320 5384 vos
3363 5326 3466 5382 im-

1877 5433 2158 5496 peratores
2196 5441 2426 5496 quorum
2475 5422 2771 5484 studeatis,
2819 5420 2904 5478 vel
2937 5420 3096 5476 ﬁdem
3144 5418 3463 5482 defendere,

1878 5519 1962 5572 vel
1999 5518 2310 5588 religionem
2343 5516 2542 5570 imitari
2574 5532 2588 5570 :
2621 5531 2748 5571 ecce
2779 5513 3024 5584 negando
3051 5511 3310 5582 Spiritum
3340 5524 3463 5564 san-

1879 5619 2021 5664 ctum
2071 5627 2099 5663 a
2149 5609 2284 5664 Filio
2332 5609 2654 5678 procedere,
2699 5606 2978 5662 catholicis
3023 5604 3210 5660 obvias
3261 5601 3465 5657 fecistis

1881 5718 2072 5756 manus
2123 5701 2427 5771 episcopis,
2482 5700 2573 5770 qui
2633 5698 2864 5754 Arianos
2922 5712 3086 5768 prave
3140 5695 3205 5750 de
3257 5691 3462 5762 Spiritu

1881 5804 2068 5851 sancto
2099 5795 2394 5849 sentientes
2416 5793 2738 5866 protrivcrc,
2767 5802 2823 5847 et
2845 5798 3148 5848 vestrorum
3178 5783 3458 5854 majorum,
