4026 6346
583 348 698 415 σιω
1619 340 1975 400 samum
2015 334 2460 397 CORBEIENSIS
2498 337 2802 396 MONACHI
3710 343 3795 402 eoo

584 468 955 525 Romanorum
975 460 1227 520 videiicet
1270 461 1683 530 imperatorum,
1718 457 1970 528 pietatem
2008 468 2161 509 ever-
2187 459 2237 520 Α
2264 453 2485 509 Christi.
2522 472 2538 504 ι
2585 453 2830 509 Gratiam
2870 452 2973 508 hoc
3001 453 3056 508 in
3095 452 3215 509 loco
3257 451 3406 520 Iesu,
3456 452 3642 512 Christi
3671 457 3795 524 dicit,

584 562 726 626 titis,
757 560 851 630 qui
878 560 1018 614 hanc
1062 555 1225 615 ﬁdem
1250 567 1464 622 semper
1491 550 1731 617 coluere,
1758 558 1813 604 et
1848 563 1948 619 pro
1974 563 2039 603 ea
2068 546 2166 603 de-
2268 561 2428 619 quam
2468 548 2715 617 superius
2762 547 3081 602 charitatem
3120 545 3293 602 Patris
3345 547 3638 619 appellavit.
3685 551 3797 619 Quid

593 663 873 715 certantes
899 651 1065 708 multa
1092 646 1438 704 veneratione
1461 647 1715 702 dilexere.

1211 784 1438 842 CAPUT
1477 785 1544 841 Υ.

1193 879 1280 935 Ea:
1319 879 1568 950 Didyme.

668 1032 697 1064 ι
728 1017 991 1088 Didymus
1022 1013 1446 1078 Alexandrinus,
1480 1010 1850 1081 corporalibus
1889 1009 2106 1078 quidem
2137 1022 2169 1062 a

2266 650 2350 698 est
2376 651 2554 697 autem
2605 643 2749 711 quod
2802 644 3028 712 gratiam
3060 641 3189 697 ἔθευ
3233 641 3435 698 Christi
3490 659 3625 699 nunc
3663 646 3797 713 dicat,

2270 734 2433 805 quam
2464 741 2680 789 constat
2716 749 2840 789 esse
2883 749 3079 788 munus
3124 734 3360 803 Spiritus
3405 735 3606 791 sancti?
3642 737 3801 795 Procul

2270 826 2434 882 dubio
2488 833 2753 881 monstrat
2803 841 2834 880 a
2883 824 3011 881 Jesu
3070 824 3291 893 Christo
3344 826 3628 891 contribui,
3676 828 3803 899 cujus

2271 917 2455 972 existit
2493 918 2702 988 gratia;
2734 928 2793 972 ut
2822 919 2964 973 sicut
2988 917 3185 972 dicitur
3225 915 3461 972 charitas
3497 916 3679 985 Patris,
3703 921 3802 991 quia

2271 1010 2514 1080 procedit
2543 1025 2575 1064 a
2613 1009 2798 1076 Patre,
2830 1009 2909 1065 sic
2939 1009 3127 1064 eadem
3162 1010 3423 1076 charitas,
3472 1026 3626 1081 quam
3659 1014 3806 1085 appel-

572 1124 761 1183 Apuero
787 1115 981 1177 captus
1025 1105 1218 1171 oculis,
1266 1119 1455 1160 verum
1509 1102 1737 1173 spiritali
1784 1101 1993 1157 visione
2038 1099 2171 1154 satis
2268 1099 2349 1155 lat
2388 1102 2616 1172 gratiam
2666 1099 2793 1157 Jesu
2823 1100 3046 1167 Christi,
3098 1102 3395 1172 procedere
3433 1113 3805 1173 cognoscatura

587 1198 842 1263 illustris,
869 1197 925 1253 in
978 1196 1119 1251 libro
1146 1210 1305 1265 quem
1341 1195 1408 1250 de
1452 1193 1657 1264 Spiritu
1697 1201 1885 1247 sancto
1932 1191 2170 1261 scripsit,

592 1292 673 1347 sic
695 1290 969 1360 loquitur:
1007 1306 1026 1339 ς
1061 1286 1228 1357 Igitur
1254 1285 1564 1356 quicunque
1606 1283 1972 1340 communicat
2002 1279 2173 1349 Spiri-

596 1382 674 1437 tui
707 1388 916 1445 sancto,
947 1378 1127 1434 statim
1157 1375 1521 1433 communicat
1555 1382 1610 1430 et
1632 1374 1778 1429 Patri
1808 1384 1863 1429 et
1900 1372 2059 1427 Filio.
2109 1371 2175 1427 Et

595 1472 688 1543 qui
708 1471 1031 1528 charitatem
1056 1468 1219 1524 habet
1242 1468 1439 1531 Patris,
1470 1465 1635 1520 habet
1662 1480 1783 1520 eam
1807 1478 1837 1517 a
1881 1463 2018 1518 Filio
2039 1476 2172 1516 con-

586 1565 858 1620 trilmtam
883 1577 980 1632 per
1004 1560 1263 1631 Spiritum
1286 1566 1563 1622 sanctum;
1592 1567 1648 1612 et
1673 1556 1765 1626 qui
1795 1554 2066 1625 particeps
2091 1559 2177 1607 est

596 1659 787 1731 gratia:
807 1657 933 1712 Jesu
955 1654 1175 1719 Christi;
1218 1653 1460 1709 eamdem
1493 1652 1723 1723 gratiam
1754 1650 1915 1704 habet
1940 1650 2121 1703 datam
2143 1661 2176 1701 a

576 1751 759 1807 Patre
784 1763 883 1820 per
914 1746 1176 1817 Spiritum
1203 1752 1472 1800 sanctum.
1512 1763 1531 1794 ι
1563 1742 1638 1796 Ex
1682 1741 1878 1811 quibus
1922 1739 2177 1794 omnibus

2273 1189 2398 1245 Jesu
2418 1190 2654 1246 Christo.
2681 1192 2936 1248 Eamdem
2966 1199 3143 1247 autem
3186 1193 3420 1265 gratiam
3466 1196 3695 1269 quisquis
3724 1199 3805 1255 ha-

2273 1284 2366 1339 bet
2386 1283 2610 1351 Christi,
2652 1286 2781 1341 dicit
2808 1286 2857 1340 ei
2899 1284 3078 1341 datam
3125 1303 3224 1357 per
3263 1286 3521 1360 Spiritum
3559 1292 3819 1359 sanctump

2275 1384 2336 1430 ut
2378 1375 2592 1444 quidem
2633 1377 2912 1433 videamus
2952 1388 3336 1448 cooperantem
3384 1382 3485 1438 sibi
3528 1392 3684 1440 totam
3719 1384 3811 1442 Tri-

2278 1467 2535 1532 nitatem,
2586 1477 2640 1523 et
2686 1477 2962 1524 teneamus
3000 1468 3260 1539 Spiritum
3302 1482 3577 1538 sanctum,
3624 1477 3705 1548 qui
3744 1489 3809 1534 est

2280 1558 2517 1612 charitas
2539 1557 2718 1613 Patris
2747 1569 2801 1614 et
2830 1559 2971 1626 Filii,
2996 1563 3293 1632 procedere
3319 1571 3428 1619 tam
3454 1582 3483 1619 a
3508 1565 3657 1623 Patre
3679 1586 3806 1639 quam

2282 1665 2311 1704 a
2338 1649 2494 1706 Filio.
2549 1650 2947 1722 Subsequitur:
2980 1671 3000 1705 α
3030 1653 3108 1708 Ex
3147 1655 3345 1724 quibus
3379 1657 3620 1714 omnibus
3649 1675 3807 1732 appro-

2281 1745 2442 1799 batur
2478 1745 2725 1801 eamdem
2766 1748 3141 1817 operationem
3185 1764 3307 1806 esse
3346 1751 3523 1808 Patris
3556 1763 3607 1808 et
3638 1753 3740 1809 Filii
3769 1763 3812 1810 et

601 1844 928 1914 approbatur
950 1839 1193 1895 eamdem
1216 1836 1582 1907 operationem
1609 1848 1730 1889 esse
1769 1832 1948 1887 Patris
1975 1839 2030 1886 et
2053 1831 2175 1887 Filii
2206 1853 2254 1913 B
2284 1837 2520 1910 Spiritus
2542 1839 2734 1895 sancti.
2758 1859 2777 1892 ι
2811 1840 3049 1909 Quorum
3080 1851 3261 1898 autem
3285 1853 3370 1900 est
3390 1844 3574 1902 eadem
3592 1847 3808 1919 operatio,

600 1942 657 1990 et
681 1933 916 2004 Spiritus
940 1930 1131 1986 sancti.
1175 1928 1470 1999 Diligenter
1506 1924 1672 1997 [quae]
1715 1924 1866 1989 dicit,
1913 1931 2176 1977 retracte-

605 2042 744 2086 mus.
773 2024 864 2081 Ait
898 2037 1068 2096 ergo:
1121 2041 1142 2074 ι
1192 2020 1507 2090 Quicunque
1536 2019 1901 2074 communicat
1952 2015 2180 2086 Spiritui

602 2129 813 2185 sancto,
850 2137 870 2171 ι
896 2118 943 2173 is
968 2124 1148 2172 autem
1187 2112 1551 2169 communicat
1595 2110 1841 2180 Spiritui,
1884 2109 1975 2179 qui
2017 2107 2182 2179 parti—

601 2225 731 2282 eeps
757 2207 985 2264 ellicitur
1030 2205 1222 2275 ipsius,
1276 2220 1297 2253 ι
1339 2203 1441 2258 iste
1487 2199 1672 2255 statim
1722 2197 2084 2253 communicat
2127 2204 2182 2250 et

602 2302 752 2359 Patri
782 2308 838 2356 et
870 2298 1009 2355 Filio
1033 2316 1045 2351 :
1080 2318 1096 2349 ι
1142 2295 1413 2367 particeps
1440 2293 1585 2349 enim
1614 2299 1696 2348 est
1726 2290 1903 2345 factus
1943 2297 2053 2345 tam
2083 2287 2178 2343 Pa-

606 2393 706 2450 tris
763 2405 927 2462 quam
979 2388 1099 2444 Filii
1158 2402 1256 2459 per
1322 2386 1557 2456 Spiritus
1620 2383 2179 2441 communicationem.

605 2489 940 2544 Monstratur
992 2501 1057 2540 ex
1110 2485 1213 2541 hoc
1260 2481 1497 2555 Spiritus
1543 2477 2020 2537 consubstantialis
2063 2490 2185 2531 esse

613 2580 791 2637 Patris
816 2579 1067 2648 Filiique,
1105 2586 1159 2631 et
1189 2576 1327 2630 adeo
1370 2587 1614 2637 consors,
1645 2578 1705 2625 ut
1747 2584 1853 2624 non
1895 2567 2065 2638 possit
2089 2567 2186 2622 ha-

604 2672 724 2728 beri
755 2670 1012 2741 Spiritus,
1048 2669 1146 2724 nisi
1177 2667 1382 2738 pariter
1420 2665 1687 2720 habeatur
1727 2661 1890 2716 Pater
1910 2669 1967 2713 et
1993 2657 2180 2712 Filius.

608 2761 896 2833 Subjungit
923 2775 939 2815 :
972 2780 991 2812 ο
1025 2756 1092 2814 Et
1120 2759 1212 2830 qui
1240 2756 1564 2813 charitatem
1586 2753 1753 2809 habet
1776 2751 1974 2816 Patris,
2025 2749 2188 2804 habet

586 2868 729 2912 eam
781 2870 813 2908 a
859 2851 997 2906 Filio
1042 2851 1408 2907 contributam
1434 2862 1533 2919 per
1563 2845 1823 2915 Spiritum
1856 2851 2124 2899 sanctum.
2163 2861 2183 2893 ι

613 2944 874 3015 Superius
937 2940 1555 2997 consubstantialitatem
1603 2936 1977 2991 tantummodo
2019 2933 2191 2988 Patris

608 3043 670 3092 et
695 3034 815 3089 Filii
854 3032 1196 3095 monstravit,
1225 3031 1335 3101 jam
1363 3043 1494 3083 vero
1536 3029 1730 3083 docere
1760 3026 1951 3095 incipit
1975 3038 2191 3095 proces-

612 3125 822 3182 sionem
846 3124 1096 3194 Spiritus.
1137 3120 1468 3175 Charitatem
1513 3125 1692 3172 autem
1741 3115 1917 3170 Patris
1961 3112 2191 3184 appellat

2278 1946 2384 1987 una
2413 1939 2498 1986 est
2526 1946 2738 2002 quoque
2764 1932 3050 1988 voluntas:
3088 1941 3146 1988 et
3178 1949 3410 2005 quorum
3446 1953 3550 1991 una
3575 1938 3804 2006 voluntas,

2281 2037 2385 2077 una
2412 2030 2497 2077 est
2522 2023 2841 2077 substantia.
2884 2023 3020 2079 Hinc
3049 2032 3134 2080 est
3160 2024 3305 2096 quod
3335 2027 3633 2099 subjungit:
3658 2048 3675 2080 ι
3696 2028 3811 2097 Quo-

2283 2130 2403 2169 rum
2439 2122 2619 2169 autem
2647 2122 2731 2169 est
2760 2130 2865 2169 una
2896 2117 3161 2185 operatio,
3203 2134 3309 2173 una
3339 2126 3423 2173 est
3450 2128 3505 2175 et
3536 2120 3811 2188 substantia,

2282 2205 2408 2276 quia
2437 2220 2556 2275 qua:
2582 2205 2821 2276 ejusdem
2851 2208 3163 2262 substantia:
3192 2209 3440 2282 ὐμιούσια
3468 2220 3616 2278 sunt,
3638 2213 3815 2269 easdem

2281 2298 2484 2355 habent
2501 2298 2842 2372 operationes
2867 2319 2879 2356 :
2909 2309 2964 2357 et
2988 2316 3108 2373 quae
3130 2301 3357 2359 alterius
3384 2304 3681 2360 substantia:
3698 2316 3813 2374 sunt,

2283 2387 2530 2445 dissonas
2559 2399 2720 2460 atque
2747 2391 3011 2446 diversas.
3047 2411 3065 2443 ι
3118 2393 3400 2463 Approbat
3439 2394 3684 2467 Spiritum
3718 2410 3817 2450 sano

2285 2487 2430 2534 ctum
2459 2481 2618 2536 unius
2641 2496 2763 2537 cum
2792 2480 2951 2536 Patre
2972 2481 3218 2553 Filioque
3245 2485 3580 2552 substantiae,
3606 2484 3815 2557 quoniam

2286 2576 2532 2630 eamdem
2561 2592 2681 2632 cum
2709 2578 2791 2633 eis
2822 2578 2983 2633 habet
3018 2580 3414 2648 operationem.
3458 2580 3561 2637 Sed
3585 2590 3816 2636 ostensum

2287 2677 2371 2725 est
2412 2669 2659 2740 superius
2687 2668 2865 2725 Patris
2892 2678 2946 2725 et
2974 2670 3097 2725 Filii
3126 2671 3390 2742 Spiritum
3417 2688 3535 2729 esse
3553 2713 3568 2739 ,
3605 2672 3816 2742 quoniam

2286 2761 2540 2831 procedat
2572 2768 2680 2815 tam
2710 2778 2739 2814 a
2766 2760 2928 2817 Patre
2955 2778 3116 2831 quam
3146 2780 3175 2816 a
3202 2762 3363 2818 Filio.
3398 2763 3454 2819 In
3478 2762 3817 2835 posterioribus

2290 2854 2400 2907 ait:
2434 2869 2453 2902 ι
2484 2850 2617 2907 Cum
2657 2851 2802 2906 enim
2845 2853 3042 2908 dixerit
3090 2855 3142 2908 in
3192 2863 3435 2927 tempore
3475 2854 3815 2927 respondendi,

2292 2943 2544 2997 nimirum
2576 2941 2776 3008 Filius,
2827 2944 3005 2999 doceri
3052 2946 3346 3016 discipulos
3387 2963 3415 3001 a
3456 2946 3679 3018 Spiritu,
3719 2942 3817 3014 quid

2292 3032 2521 3087 debeant
2561 3035 2916 3103 respondere,
2967 3035 3021 3089 in
3063 3038 3416 3107 sequentibus
3443 3039 3554 3093 ait:
3584 3036 3687 3110 Ego
3708 3051 3815 3092 enim

2292 3127 2426 3180 dabo
2466 3125 2606 3180 vobis
2650 3128 2962 3197 sapientiam
3004 3130 3089 3183 cui
3128 3146 3230 3184 non
3271 3141 3515 3199 poterunt
3557 3130 3819 3185 resisteret!

584 3216 877 3289 ‘SPil'imm
906 3222 1169 3277 “meum,
1212 3212 1353 3266 δίευῑ
1399 3224 1467 3264 ex
1506 3208 1896 3278 βοεῑθτίονίιηιε
1930 3206 2191 3276 ερρτοιιθ-
2216 3208 2261 3271 C
2294 3218 2646 3273 contradicere
2681 3216 2831 3289 (Luc.
2872 3235 2995 3281 xxi,
3037 3220 3147 3291 15).
3199 3220 3279 3275 Ex
3328 3223 3523 3291 quibus
3565 3220 3820 3291 ostenditur

616 3320 722 3372 tur,
762 3308 945 3363 dicens
974 3319 1093 3359 eam
1118 3302 1479 3357 eontrihutam
1504 3314 1602 3370 per
1630 3297 1893 3370 Spiritum
1922 3304 2186 3350 sanctum.

616 3400 734 3459 Non
781 3399 925 3456 enim
970 3396 1156 3452 tribuit
1219 3394 1455 3464 Spiritus
1500 3400 1720 3448 sanctus
1764 3390 1865 3445 nisi
1920 3389 2191 3460 proprium

618 3507 816 3550 munus
851 3505 973 3546 cum
1000 3488 1187 3543 tribuit
1211 3486 1552 3541 charitatem.
1586 3485 1652 3538 Et
1676 3485 1740 3539 de
1770 3483 2038 3537 charitate
2067 3479 2196 3535 scri-

592 3589 767 3644 Ibitur
787 3584 929 3657 quod
955 3584 1025 3638 sit
1047 3582 1221 3648 Deus;
1249 3596 1380 3652 ergo
1405 3582 1649 3636 tribuens
1675 3577 1997 3632 charitatem
2027 3573 2198 3646 Spiri-

620 3686 728 3743 tus,
757 3676 1107 3744 semetipsum
1153 3673 1361 3735 tribuit,
1394 3672 1648 3742 quoniam
1676 3671 1790 3740 ipse
1816 3668 2053 3725 charitas
2073 3676 2155 3721 est
2180 3685 2193 3720 :

620 3770 721 3827 sed
742 3769 859 3823 haec
886 3766 1126 3821 charitas
1154 3764 1333 3820 Patris
1364 3778 1486 3818 esse
1529 3764 1746 3827 dicitur,
1780 3761 2034 3832 quoniam
2085 3758 2201 3830 Spi-

624 3861 781 3923 ritus,
812 3858 990 3914 Patris
1037 3866 1122 3913 est
1162 3857 1436 3927 Spiritus:
1470 3866 1527 3911 et
1552 3856 1695 3909 unde
1740 3854 1883 3908 illius
1923 3850 2202 3923 Spiritus?

624 3953 755 4024 quia
799 3950 1046 4021 procedit
1074 3966 1137 4003 ex
1180 3950 1294 4017 ipso
1323 3989 1337 4012 ,
1362 3962 1466 4001 non
1490 3948 1634 4001 enim
1663 3955 2035 4001 creaturarum
2062 3956 2203 3997 unus

624 4052 711 4100 est
734 4043 994 4114 Spiritus,
1025 4050 1084 4096 ut
1121 4041 1191 4095 sit
1218 4041 1440 4095 alterius
1465 4053 1625 4110 quam
1657 4037 1832 4093 Patris
1864 4035 2199 4093 substantias.

600 4135 965 4206 Quapropter
996 4149 1101 4188 non
1129 4140 1383 4202 tanquam
1432 4129 1502 4184 ab
1546 4145 1615 4183 eo
1662 4138 1875 4183 creatus
1926 4127 2044 4195 ejus
2086 4139 2207 4181 esse

630 4225 852 4289 dicitur,
879 4223 973 4277 sed
999 4230 1253 4291 tanquam
1280 4218 1778 4281 consubstantialis,
1807 4227 1862 4273 et
1885 4233 1948 4273 ex
1978 4216 2069 4271 illo
2083 4231 2208 4285 pro-

631 4315 851 4371 cedens.
905 4314 1048 4370 Dicit
1106 4323 1285 4367 autern
1358 4311 1573 4365 habenti
1633 4310 1947 4367 charitatem
2008 4306 2203 4375 Patris,

632 4406 998 4463 eontributam
1038 4422 1071 4460 a
1104 4402 1241 4459 Filio
1267 4416 1364 4474 per
1391 4403 1654 4473 Spiritum
1691 4413 1934 4457 sanctum
1969 4420 1983 4457 :
2019 4418 2210 4470 quem-

2295 3309 2637 3380 sapientiam,
2679 3323 2799 3377 qua:
2839 3310 3118 3381 discipulis
3152 3311 3314 3366 datur
3360 3329 3391 3367 a
3434 3310 3587 3376 Filio,
3629 3307 3820 3380 Spiritus

2296 3402 2466 3458 sancti
2506 3416 2624 3457 esse
2661 3402 3012 3473 sapientiam;
3057 3413 3110 3460 et
3150 3405 3458 3461 doctrinam
3488 3406 3706 3479 Spiritus
3729 3417 3822 3458 san-

2297 3493 2392 3559 cti,
2420 3494 2629 3548 Domini
2650 3507 2769 3548 esse
2792 3495 3116 3550 doctrinam.
3142 3516 3159 3550 ι
3196 3496 3651 3564 Quemadmodum
3678 3504 3822 3549 autem

2298 3586 2369 3640 sit
2399 3586 2692 3656 sapientia,
2740 3603 2859 3656 quae
2888 3587 3047 3642 datur
3091 3604 3121 3642 a
3164 3588 3337 3656 Filio,
3384 3590 3611 3661 Spiritus
3650 3583 3825 3643 sancti?

2300 3674 2414 3731 Non
2444 3675 2594 3739 alias,
2623 3677 2720 3731 nisi
2743 3678 2871 3747 quia
2897 3679 3141 3748 procedit
3164 3678 3402 3750 Spiritus
3423 3666 3632 3735 sanctus
3654 3693 3679 3731 a
3700 3675 3825 3737 Filio,

2301 3767 2452 3838 cujus
2477 3769 2758 3839 sapientia,
2784 3770 3045 3840 sapientia
3073 3780 3154 3825 est
3180 3787 3398 3843 quoque
3423 3771 3646 3842 Spiritus
3668 3764 3824 3823 sancti.

2302 3859 2369 3914 Et
2407 3862 2675 3930 quomodo
2718 3861 3015 3916 doctrinam
3050 3860 3284 3930 Spiritus
3326 3866 3529 3929 sancti,
3575 3857 3829 3917 doctrinam

2304 3952 2437 4007 dicit
2473 3968 2592 4007 esse
2622 3952 2877 4007 Domini?
2926 3951 3189 4009 Videlicet
3235 3968 3300 4009 eo
3347 3954 3489 4025 quod
3533 3951 3699 4008 omnia
3737 3957 3832 4019 qua

2305 4051 2430 4097 sunt
2455 4041 2688 4113 Spiritus
2713 4043 2910 4107 sancti,
2934 4043 3046 4097 sint
3070 4043 3231 4097 etiam
3260 4043 3470 4100 Domini
3496 4042 3615 4100 Jesu
3633 4034 3828 4100 Christi;

2306 4135 2557 4205 quoniam
2584 4134 2827 4204 procedit
2849 4150 2915 4189 ex
2942 4135 3077 4204 ipso.
3117 4132 3268 4190 Unde
3289 4137 3564 4208 subjungit
3583 4138 3607 4189 :‘
3623 4153 3640 4185 r
3668 4129 3835 4187 Unum-

2308 4239 2413 4293 que
2464 4232 2518 4278 et
2569 4231 2777 4277 naturae
2823 4231 2878 4278 et
2921 4224 3211 4280 voluntatis
3263 4227 3592 4281 consortium
3641 4218 3838 4293 Spiritu!

2308 4330 2428 4371 esse
2454 4330 2575 4369 cum
2603 4313 2758 4369 Filio.
2791 4335 2808 4365 ι
2862 4315 3152 4369 Testantur
3189 4316 3302 4371 haec
3340 4314 3597 4387 Spiritum
3633 4319 3838 4368 sanctum

2310 4409 2692 4479 procedentem
2723 4425 2750 4461 a
2782 4406 2938 4473 Filio,
2962 4407 3089 4461 dum
3119 4408 3278 4462 unius
3303 4416 3359 4462 et
3385 4415 3592 4463 natura:
3614 4414 3665 4460 et
3687 4399 3839 4456 volun-

602 4497 925 4556 .admodum
951 4498 1113 4570 igitur
1164 4495 1460 4551 contribuit
1512 4493 1682 4549 Filius
1728 4510 1921 4549 munus
1977 4493 2213 4565 Spiritus
2315 4498 2442 4553 tatis
2485 4499 2556 4552 sit
2601 4497 2836 4567 Spiritus
2865 4513 2986 4553 cum
3014 4496 3186 4553 Filio:
3236 4499 3475 4570 alioquin
3521 4498 3564 4554 si
3606 4509 3703 4550 non
3735 4502 3838 4562 pro-

635 4590 845 4647 sancti?
872 4587 1136 4644 Videlicet
1162 4588 1310 4643 velut
1332 4596 1656 4656 cooperator
1683 4584 1827 4641 Patri
1858 4585 2209 4656 Spirituique.
2243 4577 2290 4638 ο
2315 4590 2469 4643 cedat
2503 4590 2571 4643 ab
2597 4590 2714 4659 ipso
2742 4588 3007 4658 Spiritus,
3050 4604 3155 4643 non
3192 4597 3275 4643 est
3309 4588 3546 4658 ejusdem
3575 4577 3841 4642 voluntati»

635 4681 745 4738 Sed
793 4679 1245 4750 quemadmodum
1295 4686 1474 4747 potest
1532 4677 1769 4733 tribuere
1815 4679 1917 4733 sibi
1972 4693 2215 4749 coaequa-
2293 4680 2472 4755 _cujus
2502 4690 2587 4736 est
2618 4681 2825 4737 Filius:
2881 4696 3002 4735 nam
3056 4696 3175 4751 quae
3224 4692 3547 4752 separantur
3593 4669 3843 4737 consortia,

638 4772 746 4829 lem
778 4788 795 4827 :
824 4771 908 4828 vel
947 4771 1187 4835 alterius,
1238 4769 1292 4824 id
1344 4780 1428 4826 est
1473 4769 1707 4839 Spiritus
1753 4771 1924 4825 sancti
1978 4772 2214 4827 donum?

639 4864 802 4921 Certe
825 4864 950 4935 quia
982 4862 1241 4925 charitas,
1270 4878 1387 4932 qua
1424 4870 1510 4917 est
1553 4863 1747 4926 Patris,
1789 4873 1843 4918 et
1878 4879 1998 4932 qua:
2026 4880 2053 4918 a
2076 4864 2214 4919 Filio

641 4954 1003 5009 contribuitur
1041 4967 1137 5022 per
1160 4951 1422 5023 Spiritum
1445 4961 1717 5018 sanctum,
1745 4963 1829 5009 est
1850 4955 2014 5009 etiam
2046 4954 2170 5009 Filii
2196 4972 2211 5019 ;

642 5044 775 5114 quia
795 5059 1126 5114 quaecunque
1150 5052 1276 5098 sunt
1300 5043 1501 5109 Patris,
1535 5053 1662 5099 sunt
1689 5054 1744 5098 et
1768 5045 1909 5099 Filii.
1939 5044 2045 5101 Sed
2073 5060 2215 5099 nun-

648 5134 779 5205 quid
801 5134 1041 5188 charitas
1061 5148 1182 5204 qua
1205 5143 1289 5189 est
1317 5133 1554 5204 Spiritus
1574 5144 1795 5192 sanctus
1810 5175 1825 5200 ,
1855 5136 1933 5190 sic
1952 5147 2034 5189 est
2062 5134 2215 5200 Filii,

646 5235 711 5283 ut
737 5226 809 5282 sit
826 5227 1110 5285 creatura?
1136 5242 1474 5297 nequaquam
1507 5242 1760 5297 prorsus;
1785 5226 1879 5281 sed
1908 5226 2163 5280 tribuitur
2188 5242 2220 5280 a

650 5317 812 5384 Filio,
854 5318 979 5388 quia
1018 5318 1265 5388 procedit
1309 5334 1376 5374 ex
1408 5319 1536 5385 illo;
1576 5327 1632 5374 et
1670 5327 1756 5374 est
1795 5317 1936 5383 Filii,
1964 5318 2221 5389 quoniam

654 5402 1130 5465 consubstantialis
1162 5418 1262 5465 est‘
1276 5409 1353 5463 illi

725 5497 1117 5571 Subjungitur:
1165 5519 1184 5553 ι
1231 5500 1297 5555 Ει
1338 5500 1432 5569 qui
1456 5499 1727 5570 particeps
1759 5510 1843 5557 est
1870 5502 2056 5573 gratia:
2100 5500 2227 5558 Jesu

727 5663 756 5694 ι
802 5652 1059 5729 Didymus
1103 5654 1711 5729 Alexagdrinusaﬂunc
1768 5657 1974 5729 Didymi
2032 5657 2228 5714 librum

658 5720 859 5798 Encas
882 5720 1226 5798 Parisiensis,
1245 5724 1537 5798 ΔΙὶειιζ·;ιιιιηί
1568 5720 1970 5798 εοευιειηριιελῖη
1988 5742 2051 5783 eo
2064 5745 2227 5798 opere

658 5795 801 5864 quod
829 5794 1120 5849 Ratramno
1141 5794 1531 5865 subjungimus,
1556 5807 1783 5854 testatur
1811 5799 1877 5852 ab
1899 5794 2225 5870 Hieron—ymo

2320 4789 2643 4848 separantur
2669 4778 2832 4831 etiam
2863 4776 3160 4832 voluntate.
3213 4776 3352 4832 Dicit
3381 4777 3583 4833 etiam:
3616 4793 3633 4825 ι
3666 4770 3723 4825 Et
3746 4761 3845 4835 qui!

2319 4872 2567 4940 superius
2591 4871 3021 4925 demonstratum
3046 4882 3129 4925 est
3155 4871 3363 4926 socium
3389 4886 3509 4927 esse
3531 4884 3622 4941 per
3640 4868 3847 4921 naturam

2320 4960 2579 5029 Spiritum
2614 4959 2902 5031 Unigenito
2930 4961 3063 5025 Deo,
3106 4969 3161 5015 et
3202 4961 3311 5015 Deo
3350 4959 3532 5015 Patri:
3573 4955 3727 5013 Filius
3746 4956 3848 5003 vero

2323 5058 2378 5105 et
2402 5050 2562 5105 Pater
2587 5066 2750 5104 unum
2778 5058 2925 5116 sunt,
2949 5050 3103 5120 juxta
3136 5049 3264 5104 illud
3290 5068 3304 5104 :
3338 5049 3451 5122 Ego
3477 5059 3523 5104 et
3550 5045 3701 5101 Pater
3722 5048 3851 5096 imm

2325 5160 2543 5211 sumus;
2590 5144 2819 5200 indivisa
2849 5153 2902 5199 et
2933 5144 3310 5214 inseparabilis
3336 5143 3620 5200 secundum
3647 5140 3851 5192 naturam

2329 5245 2544 5291 ostensa
2575 5244 2657 5292 est
2684 5236 2941 5292 Trinitas.
2968 5255 2987 5290 ι
3033 5235 3090 5291 Si
3122 5251 3219 5311 per
3244 5245 3490 5293 naturam
3516 5234 3739 5290 sociatur

2334 5331 2469 5385 ritus
2498 5329 2788 5401 Unigenito
2820 5330 2949 5395 Deo,
2979 5337 3036 5384 et
3069 5310 3177 5383 Deo
3210 5327 3382 5392 Patri,
3410 5325 3644 5399 procedit
3670 5320 3732 5375 ab
3748 5310 3856 5401 Ual-

2336 5424 2515 5495 genito
2547 5422 2675 5477 Deo.
2727 5422 2881 5488 Quod
2912 5421 2957 5476 si
2991 5427 3199 5476 tantum
3236 5420 3481 5490 procedit
3507 5434 3536 5472 a
3567 5418 3669 5473 Deo
3693 5410 3855 5467 Pam,
3886 5476 3890 5481 ,

2331 5524 2385 5570 et
2435 5532 2539 5570 non
2590 5515 2830 5585 procedit
2876 5514 2943 5569 ab
2986 5513 3274 5583 Unigenito
3304 5513 3452 5578 Deo;
3502 5507 3641 5565 Patri
3678 5499 3857 5574 quideﬂ

2334 5673 2390 5728 in
2428 5673 2682 5748 Latinum
2718 5672 3299 5748 _sermopem__verbu_m
3529 5669 3666 5724 Idem

2335 5735 2549 5814 scripsit
2573 5744 2859 5800 Anselmus
2882 5742 3102 5801 Havelb.
3138 5744 3343 5816 Dialog.
3375 5744 3464 5800 lib.
3493 5756 3547 5805 ιι,
3579 5751 3689 5808 cap.
3711 5729 3791 5785 ει·
3830 5760 3845 5795 ε
