4026 6346
217 380 323 442 261

1111 372 1389 437 conm
1428 375 1843 437 enmconuu
1880 376 2238 457 OPPOSlTA‘.
2275 417 2346 428 -
2381 385 2511 445 Lm.
2551 390 2618 448 ii.

3392 396 3504 455 202

217 500 463 560 sociatur
488 512 590 573 per
618 506 899 563 naturam,
932 498 1208 571 unigenito
1236 513 1367 555 vero
1395 496 1505 554 Deo
1534 512 1640 553 non
1671 510 1803 552 con-
1831 499 1885 560 Α
1910 495 2170 569 Spiritum
2206 517 2329 560 esse
2366 507 2634 575 veritatis,
2665 506 2863 574 intulit,
2899 526 2919 561 ι
2950 506 3017 563 Et
3049 505 3145 564 Dei
3179 522 3303 565 esse
3329 507 3507 581 Spiri-

209 592 466 665 jungitur
494 612 505 646 :
546 608 654 646 non
685 591 828 647 enim
856 589 1006 663 jnngi
1035 596 1214 661 potest
1249 591 1299 645 ei
1334 603 1432 660 per
1462 597 1747 656 naturam,
1778 604 1809 644 a

219 702 333 757 quo
366 701 473 741 non
512 682 780 754 procedit.
830 681 935 737 Sed
966 690 1158 738 auctor
1190 689 1417 737 testatur
1445 695 1567 738 esse
1601 683 1809 738 socium

219 780 325 835 iste
366 791 466 849 per
502 785 755 831 naturam
797 774 1060 846 Spiritum
1101 774 1379 844 unigenito
1405 773 1559 829 Deo:
1608 772 1811 829 fatetur

214 885 350 941 ergo
386 869 685 939 procedere
712 866 972 940 Spiritum
1003 867 1070 922 ab
1100 867 1380 939 unigenito
1405 866 1534 922 Deo.
1585 865 1652 921 Et
1676 881 1810 938 quo-
1838 902 1843 907 ε

216 966 365 1022 niam
401 963 686 1018 indivisam
714 971 769 1017 et
795 961 1207 1032 inseparabilem
1238 962 1537 1017 secundum
1560 969 1809 1016 naturam

215 1054 351 1110 dicit
384 1068 508 1109 esse
535 1053 881 1118 Trinitatem,
912 1052 1113 1108 fatetur
1141 1052 1338 1108 Filium
1367 1053 1433 1109 de
1458 1053 1620 1109 Patre
1652 1053 1808 1126 geni-

215 1156 358 1211 tum,
394 1145 656 1218 Spiritum
689 1161 820 1202 vero
848 1145 917 1201 de
940 1144 1101 1202 Patre
1129 1144 1375 1217 Filioque
1403 1146 1807 1217 procedentem.

211 1239 375 1308 Quod
404 1240 539 1295 side
565 1239 725 1294 Patre
745 1240 943 1294 doceas
971 1247 1177 1294 tantum
1205 1239 1498 1310 procedere
1519 1238 1810 1310 Spiritum,

204 1332 323 1404 jam
359 1347 467 1389 non
495 1340 582 1387 est
606 1331 835 1387 indivisa
864 1340 920 1385 et
945 1330 1323 1401 inseparabilis
1351 1329 1631 1397 Trinitas;
1674 1345 1811 1401 quo-

209 1424 367 1481 niam
398 1421 636 1495 Spiritus
663 1422 922 1478 dividitur
947 1438 978 1477 a
1004 1422 1165 1490 Filio,
1193 1439 1225 1479 a
1251 1436 1360 1494 quo
1387 1438 1492 1479 non
1525 1422 1809 1493 procedit:

210 1525 509 1585 separatur
533 1514 604 1569 ab
625 1514 926 1586 unigenito,
949 1512 1105 1582 cujus
1135 1530 1240 1570 non
1267 1522 1351 1569 est
1384 1513 1639 1585 Spiritus.
1676 1513 1812 1569 Pro-

211 1605 300 1667 cul
338 1608 457 1663 bsic
491 1607 566 1663 sit
600 1621 629 1659 a
657 1606 942 1662 catholicis
971 1605 1231 1661 membris
1258 1606 1553 1676 impietatis
1581 1606 1807 1677 opinio:

209 1706 297 1757 est
325 1698 471 1755 enim
499 1696 729 1753 indivisa
752 1705 809 1752 et
831 1695 1210 1767 inseparabilis
1237 1696 1531 1752 secundum
1560 1706 1809 1752 naturam

209 1800 406 1849 sancta
431 1790 702 1858 Trinitas;
734 1790 988 1861 quoniam
1016 1789 1180 1847 Pater
1201 1788 1269 1846 de
1295 1789 1463 1856 nullo,
1487 1789 1657 1846 Filius
1678 1804 1809 1846 vero

1913 601 2052 660 tum,
2077 614 2095 647 ι
2123 609 2411 666 personam
2439 598 2561 654 Filii
2584 599 2771 656 volens
2789 600 3035 672 intelligi.
3071 599 3176 656 Sed
3204 616 3272 655 ne
3301 601 3507 657 tituba-

1911 685 1990 741 tio
2036 685 2294 743 lectorem
2340 689 2732 757 confunderet,
2776 691 2853 747 ait
2903 692 2956 746 in
3007 692 3503 762 consequentibus,

1918 796 1937 830 ι
1970 774 2236 848 Spiritum
2263 781 2539 852 sapientia:
2564 789 2620 837 et
2644 781 2910 847 veritatis,
2945 781 2997 837 id
3027 791 3110 837 est
3135 780 3256 837 Filii
3285 782 3397 837 Dei.
3432 800 3451 834 ι

1982 868 2043 926 In
2084 873 2476 942 pomerioribus
2519 872 2714 945 inquit.
2767 892 2786 925 t
2815 870 2986 928 Porro
3030 871 3141 942 jam
3188 858 3506 943 frequenter

1912 964 2250 1021 ostendimus
2284 965 2524 1038 ejusdem
2560 980 2681 1022 esse
2727 965 3058 1036 operationis
3088 965 3372 1036 Spiritum,
3412 979 3507 1022 cu-

1906 1056 1997 1125 jus
2033 1068 2115 1113 est
2137 1055 2301 1114 Pater
2329 1067 2384 1114 et
2412 1058 2602 1125 Filius,
2631 1067 2687 1114 et
2714 1058 2769 1112 in
2792 1056 2979 1114 eadem
3006 1057 3318 1128 operatione
3346 1072 3505 1111 unam

1915 1161 2035 1204 esse
2075 1149 2455 1217 substantiam,
2494 1160 2549 1205 et
2574 1150 2853 1221 reciproce
2898 1164 3086 1204 eorum
3126 1164 3245 1220 quae
3283 1149 3509 1222 ὃμούσια

1915 1251 2063 1310 sunt,
2092 1244 2461 1314 operationem
2486 1259 2699 1315 quoque
2727 1259 2831 1299 non
2857 1258 2976 1299 esse
2999 1242 3288 1299 diversam.
3317 1260 3335 1294 ι
3361 1240 3505 1313 Opc«

1914 1337 2054 1391 ratio
2084 1335 2318 1408 Spiritus
2343 1337 2534 1392 eadem
2569 1344 2653 1392 est
2684 1351 2804 1408 qua-
2834 1342 2889 1390 et
2920 1334 3101 1391 Patris
3127 1344 3181 1391 et
3218 1333 3343 1390 Filii
3374 1347 3505 1404 ope—

1913 1425 2090 1493 ratio;
2133 1428 2386 1498 quoniam
2431 1427 2905 1483 consubstantialis
2943 1435 3027 1483 est
3065 1426 3346 1495 utriusque
3389 1435 3506 1480 tan-

1914 1532 2076 1589 quam
2116 1520 2415 1591 procedens
2462 1520 2530 1576 ab
2575 1529 2845 1589 utroque:
2876 1534 2983 1574 non
3024 1518 3166 1573 enim
3211 1525 3389 1589 potest
3426 1515 3510 1573 eis

1915 1610 2103 1666 eadem
2133 1612 2451 1681 operatione
2480 1611 2756 1682 conjungi,
2804 1610 2849 1666 si
2888 1625 2994 1664 non
3036 1609 3105 1664 ab
3129 1616 3359 1679 utroque
3381 1620 3507 1679 pro-

1913 1701 2096 1758 cedit:
2128 1703 2387 1759 dividitur
2430 1718 2665 1773 namque
2710 1701 3009 1758 substantia
3049 1700 3245 1772 quibus
3288 1714 3506 1771 proces-

1915 1793 2070 1849 sione
2097 1808 2205 1851 non
2232 1795 2489 1860 conteret,
2541 1809 2642 1850 nec
2692 1795 2851 1849 aliter
2893 1801 3073 1864 potest
3117 1792 3200 1847 vel
3246 1790 3390 1847 Patri
3422 1790 3506 1845 vel

209 1883 277 1940 de
307 1883 475 1939 Patre
504 1883 742 1955 genitus,
790 1882 1028 1954 Spiritus
1056 1890 1238 1938 autem
1266 1891 1487 1939 sanctus
1531 1882 1600 1939 de
1641 1882 1803 1938 Patre
1831 1866 1880 1929 Β
1907 1886 2046 1944 Filio
2073 1888 2499 1944 substantialiter
2527 1887 2787 1959 capulari,
2840 1886 3094 1958 quoniam
3145 1893 3203 1939 ut
3250 1884 3321 1940 sit
3373 1883 3507 1939 sub-

209 1976 464 2048 Filioqne
493 1979 813 2049 procedens.

276 2068 417 2124 Item
444 2068 603 2124 dicit:
626 2086 645 2119 t
665 2067 721 2129 In
747 2067 854 2123 alio
872 2083 1090 2139 quoque
1110 2054 1404 2139 Evangelio
1425 2068 1655 2139 legitur:
1684 2067 1809 2123 Non

208 2160 352 2216 enim
377 2177 469 2216 vos
494 2161 617 2215 estis
640 2160 731 2232 qui
751 2159 1048 2231 loquimini,
1072 2160 1161 2213 sed
1187 2158 1418 2229 Spiritus
1447 2156 1626 2213 Patris
1657 2159 1810 2213 vestri

210 2254 303 2327 qui
334 2252 571 2324 loquitur
596 2253 651 2308 in
681 2253 823 2307 vobis
851 2250 1067 2323 (Matth.
1094 2266 1147 2314 x.
1175 2250 1289 2320 20).
1331 2250 1389 2306 Si
1416 2265 1545 2320 ergo
1574 2249 1808 2319 Spiritus

209 2346 399 2404 Patris
425 2346 483 2401 in
506 2344 768 2416 apostolis
794 2344 1053 2416 loquitur,
1076 2344 1283 2400 docens
1309 2358 1404 2399 eos
1429 2357 1551 2412 quae
1579 2342 1812 2396 debeant

207 2436 573 2508 respondere,
624 2445 680 2489 et
725 2448 847 2504 quae
882 2434 1147 2489 docentur
1184 2447 1216 2487 a
1259 2431 1497 2501 Spiritu,
1545 2430 1811 2500 sapientia

208 2535 321 2594 est,
354 2541 521 2597 quam
553 2541 660 2581 non
695 2538 982 2595 possumus
1004 2523 1169 2579 alium
1198 2532 1395 2595 praeter
1424 2522 1620 2578 Filium
1651 2522 1811 2577 intel-

208 2616 415 2689 ligere;
442 2615 648 2685 liquido
670 2623 893 2686 apparet
912 2613 1154 2682 ejusdem
1181 2624 1387 2673 naturte
1400 2611 1669 2683 Spiritum
1694 2627 1814 2669 esse

211 2721 341 2769 cum
381 2705 545 2770 Filio,
573 2715 628 2769 et
655 2721 778 2761 cum
815 2704 978 2761 Patre
1014 2705 1170 2775 cujus
1213 2713 1298 2759 est
1341 2704 1594 2774 Spiritus.
1644 2701 1814 2758 Porro

213 2793 385 2851 Pater
414 2803 472 2849 et
499 2793 670 2851 Filius
711 2809 878 2850 unum
906 2802 1051 2850 sunt.
1088 2812 1108 2847 ι
1163 2794 1305 2851 Dicit
1346 2804 1534 2851 auctor
1579 2793 1682 2848 iste
1728 2808 1817 2848 sa-

212 2886 505 2961 pientiam,
531 2901 695 2957 quam
724 2886 884 2941 docet
916 2884 1153 2956 Spiritus
1186 2885 1364 2943 Patris
1403 2885 1692 2957 apostolos,
1727 2883 1816 2940 Fi-

210 2978 346 3049 lium
371 2993 512 3039 esse.
539 2978 599 3035 Si
622 2980 887 3050 sapientia
917 2979 1087 3035 Filius
1114 2988 1217 3048 est,
1249 2989 1304 3034 et
1333 2979 1567 3050 Spiritus
1594 2987 1816 3036 sanctus

211 3071 574 3143 sapientiam,
619 3086 739 3141 quin
788 3070 959 3127 Filius
1001 3081 1115 3139 est,
1164 3070 1401 3142 loquitur
1440 3071 1494 3125 in
1536 3069 1813 3142 apostolis,

212 3164 417 3235 accipit
444 3179 472 3218 a
502 3162 659 3223 Filio.
702 3161 1170 3231 Quemadmodum
1201 3175 1384 3218 autem
1416 3162 1647 3233 accipit?
1692 3177 1816 3233 pro-

1910 1979 2126 2045 stantia,
2163 1979 2395 2051 Spiritus
2424 1979 2633 2051 accepit
2674 1988 2782 2033 tam
2816 1993 2845 2032 a
2881 1977 3046 2033 Patre
3086 1991 3247 2047 quam
3299 1990 3330 2030 a
3367 1973 3508 2029 Filio

1910 2071 2271 2141 procedendo.
2297 2070 2429 2125 Item
2459 2069 2598 2125 infra
2627 2089 2639 2124 :
2677 2087 2696 2121 ι
2725 2068 2783 2125 in
2813 2067 3271 2140 consequentibus
3296 2067 3360 2120 de
3384 2064 3509 2135 Spi-

1913 2164 2018 2218 ritu
2045 2163 2315 2228 veritatis,
2347 2163 2436 2235 qui
2471 2179 2498 2217 a
2532 2163 2694 2219 Patre
2721 2163 2976 2228 mittitur,
3006 2171 3062 2217 et
3093 2162 3135 2217 si
3169 2157 3505 2233 paracletus,

1914 2253 2170 2309 Salvator
2198 2254 2274 2308 ait
2307 2272 2320 2308 :
2359 2252 2484 2308 Non
2513 2253 2649 2307 enim
2677 2253 2910 2324 loquitur
2933 2270 2965 2306 a
2996 2253 3267 2320 semetipso
3307 2249 3505 2323 (Ioan.

1911 2358 2024 2411 xvi,
2056 2345 2145 2416 i3)
2169 2361 2183 2410 ;
2225 2345 2330 2400 hoc
2356 2352 2440 2399 est
2468 2344 2586 2399 sine
2611 2358 2698 2398 me
2718 2386 2733 2410 ,
2760 2350 2815 2398 et
2845 2343 2964 2398 sine
2991 2358 3111 2397 meo
3136 2351 3191 2397 et
3219 2341 3398 2396 Patris
3423 2354 3511 2395 ar-

1914 2438 2113 2503 bitrio;
2146 2437 2271 2509 quia
2299 2437 2675 2510 inseparabilis
2702 2453 2732 2492 a
2765 2453 2883 2493 mea
2909 2446 2962 2492 et
3005 2437 3185 2492 Patris
3209 2447 3290 2493 est
3321 2434 3511 2491 volun-

1918 2538 2026 2585 tate
2057 2544 2070 2583 :
2103 2530 2206 2586 hoc
2235 2530 2379 2585 enim
2412 2530 2587 2601 ipsum
2620 2531 2762 2600 quod
2806 2530 3052 2585 subsistit
3097 2539 3151 2583 et
3183 2528 3441 2598 loquitur,
3472 2538 3508 2583 si

1914 2617 2076 2675 Patre
2103 2630 2158 2674 et
2186 2636 2273 2676 me
2300 2620 2373 2675 illi
2402 2629 2506 2677 est.
2536 2621 2649 2691 Ego
2679 2621 2963 2676 veritatem
2990 2620 3204 2690 loquor,
3235 2620 3287 2675 id
3314 2627 3397 2675 est
3426 2619 3507 2676 inc

1916 2711 2064 2783 spiro
2109 2728 2227 2784 quae
2286 2712 2526 2783 loquitur
2574 2724 2624 2779 α,
2672 2712 2938 2784 siquidem
2983 2709 3218 2782 Spiritus
3255 2708 3510 2768 veritatis

1919 2813 2021 2860 est.
2055 2824 2073 2857 ι
2126 2803 2408 2860 Manifesta
2453 2806 2645 2860 doctor
2686 2805 2787 2861 iste
2837 2820 2937 2859 nos
2979 2805 3198 2859 instruit
3240 2802 3504 2875 Spiritum

1920 2905 2166 2953 sanctum
2195 2913 2314 2953 esse
2343 2912 2373 2952 a
2403 2897 2575 2965 Filio;
2609 2913 2734 2952 nam
2762 2913 2887 2953 cum
2913 2896 3082 2952 dicit:
3117 2896 3238 2952 Non
3265 2897 3400 2952 enim
3427 2894 3509 2951 ιο-

1918 2993 2096 3063 quitur
2126 3010 2157 3046 a
2186 2992 2490 3064 semetipso,
2536 2993 2772 3048 ostendit
2814 3007 2936 3047 eum
2987 3008 3017 3047 a
3064 2991 3354 3062 semetipso
3397 3006 3507 3049 non

1921 3098 2070 3149 esse;
2103 3092 2321 3154 propter
2345 3082 2487 3153 quod
2518 3083 2813 3154 explanans
2841 3085 2982 3154 quod
3014 3082 3187 3139 dixit:
3226 3102 3245 3135 ι
3280 3083 3392 3138 Hoc
3421 3086 3507 3138 est
3560 3118 3571 3129 ι

1920 3178 2038 3232 sine
2068 3191 2174 3242 me,
2206 3177 2400 3251 et’sine
2426 3192 2546 3232 meo
2575 3187 2631 3233 et
2657 3175 2837 3233 Patris
2863 3177 3127 3243 arbitrio;
3161 3198 3178 3227 ι
3216 3175 3453 3232 ostendit
3472 3190 3508 3232 a

214 3233 458 3328 cedendo
483 3262 665 3319 certe,
706 3270 813 3309 non
849 3255 1224 3326 participando
1250 3256 1393 3325 quod
1418 3263 1545 3310 ante
1574 3268 1677 3309 non
1710 3255 1809 3309 ba—

1918 3284 2023 3339 quo
2055 3269 2146 3333 sit,
2174 3248 2269 3337 qui
2295 3283 2398 3322 non
2429 3266 2668 3339 loquitur
2694 3283 2724 3323 a
2752 3268 3064 3340 semetipso,
3100 3283 3129 3323 a
3154 3267 3312 3323 Patre
3355 3264 3505 3323 scill-

218 3348 403 3407 buerit
425 3364 440 3402 z
465 3365 573 3405 non
594 3348 741 3404 enim
763 3347 866 3404 fuit
889 3349 1178 3418 aliquando
1201 3346 1436 3417 Spiritus
1460 3348 1577 3402 sine
1597 3348 1807 3419 sapien‘

219 3438 318 3504 tia,
343 3439 437 3493 sed
462 3438 673 3507 accepit
697 3453 728 3491 a
758 3437 897 3493 Filio
941 3445 1001 3492 ut
1045 3452 1260 3507 semper
1294 3444 1441 3492 esset
1466 3436 1705 3507 sapiens,
1741 3437 1811 3493 ab

218 3529 335 3603 ipso
360 3530 693 3601 procedens;
729 3528 856 3598 quia
896 3527 1056 3583 unius
1089 3537 1174 3587 eSt
1202 3537 1409 3583 natura:
1434 3543 1559 3584 cum
1589 3527 1728 3585 Filio
1755 3536 1812 3583 et

218 3636 341 3681 cum
369 3621 563 3686 Patre,
605 3620 759 3691 cujus
797 3632 880 3677 est
919 3619 1155 3690 Spiritus
1185 3639 1199 3673 :
1232 3620 1377 3690 quod
1409 3620 1489 3677 sic
1517 3636 1623 3674 non
1654 3621 1808 3688 dixit,

221 3722 278 3769 ut
306 3728 413 3767 non
442 3712 604 3768 etiam
645 3708 905 3783 Spiritum
951 3710 1074 3766 Filii
1116 3709 1480 3783 signiﬁcaret;
1529 3710 1683 3783 cujus
1726 3726 1813 3767 sa-

218 3804 479 3874 pientiam
531 3802 665 3858 dixit
708 3802 853 3874 loqui
896 3802 1190 3872 Spiritum,
1248 3802 1342 3857 sed
1389 3801 1515 3872 quia
1563 3801 1813 3871 superius

223 3896 435 3952 dixerat
462 3915 475 3951 :
512 3894 636 3951 Non
664 3898 802 3952 enim
836 3888 922 3951 tios
954 3896 1079 3950 estis
1104 3894 1194 3967 qui
1221 3892 1518 3965 loquimini,
1555 3892 1647 3947 sed
1688 3892 1814 3963 Spi-

224 3986 355 4043 ritus
385 3983 566 4040 Patris
592 3985 763 4040 vestri.
782 3982 923 4041 Nam
951 3982 1083 4038 dicit
1109 3983 1162 4036 in
1189 3982 1613 4053 posterioribus:
1642 3980 1813 4040 Porro

223 4075 385 4131 Pater
414 4085 477 4137 et.
494 4076 663 4131 Filius
691 4090 856 4130 unum
884 4058 1030 4137 sunt.
1072 4072 1130 4129 Si
1168 4072 1331 4128 Pater
1368 4083 1424 4128 et
1449 4070 1616 4128 Filius
1646 4087 1813 4127 unum

222 4177 383 4233 sunt,
419 4166 676 4238 Spiritus,
706 4167 797 4238 qui
829 4165 1008 4222 Patris
1037 4175 1142 4232 est,
1174 4174 1258 4221 est
1282 4165 1444 4221 etiam
1482 4175 1536 4220 et
1556 4164 1711 4231 Filii;
1751 4179 1816 4220 ac

223 4271 318 4327 per
372 4258 477 4315 hoc
537 4273 603 4314 ex
667 4266 896 4329 utroque
949 4258 1270 4329 procedens.
1319 4255 1378 4311 lu
1425 4255 1815 4327 posterioribus

226 4345 418 4418 (Ibid.,
453 4348 548 4405 lib.
580 4347 642 4420 it)
675 4364 798 4404 cum
829 4364 935 4404 non
966 4364 1136 4419 pauca
1180 4349 1245 4403 de
1289 4347 1467 4403 Patris
1513 4355 1564 4401 et
1608 4346 1728 4401 Filii
1760 4356 1817 4403 et

225 4439 396 4495 sancti
437 4436 673 4510 Spiritus
709 4439 1274 4496 consubstantialitate
1321 4448 1642 4505 tractasset,
1684 4454 1815 4495 con-

224 4528 426 4585 clusit:
463 4547 482 4578 ο
514 4528 593 4583 Ex
636 4530 721 4585 his
766 4528 1070 4599 colligitur,
1115 4545 1423 4600 quanquam
1474 4529 1702 4585 indivisa
1742 4530 1813 4585 sit

225 4620 528 4676 substantia
554 4619 857 4683 Trinitatis,
883 4629 935 4674 et
954 4599 1169 4676 Patrem
1196 4633 1374 4676 tamen
1401 4636 1526 4678 vere
1546 4621 1667 4677 Filii
1692 4637 1814 4679 esse
1834 4599 1892 4662 Ῑ)

226 4709 464 4777 Patrem,
493 4722 549 4766 et
574 4710 768 4766 Filium
801 4726 927 4765 vere
965 4710 1142 4767 Patris
1180 4712 1409 4779 Filium,
1454 4720 1510 4767 et
1550 4712 1814 4784 Spiritum

228 4814 475 4860 sanctum
502 4818 628 4859 vere
655 4803 833 4858 Patris
854 4813 909 4859 et
933 4804 1028 4858 Dei
1053 4820 1171 4862 esse
1194 4806 1489 4877 Spiritum;
1516 4816 1571 4861 et
1595 4807 1816 4879 insuper

228 4897 505 4966 sapientia:
533 4904 590 4951 et
620 4897 891 4963 veritatis,
922 4897 975 4953 id
1005 4906 1090 4953 est
1119 4897 1241 4953 Filii
1271 4898 1384 4954 Dei.
1418 4919 1435 4950 ι
1466 4898 1522 4955 Si
1555 4916 1683 4972 ergo
1711 4899 1816 4955 Pa-

230 4997 309 5045 ter
327 4990 455 5047 Filii
479 4991 643 5049 Pater
663 5000 767 5058 est,
794 4993 922 5064 quia
948 4994 1133 5065 genuit
1162 4994 1348 5062 illum;
1371 5004 1426 5051 et
1444 4995 1613 5053 Filius
1632 4996 1811 5054 Patris

228 5080 417 5149 Filius,
444 5085 573 5155 quia
600 5086 813 5157 genitus
842 5094 929 5141 est
959 5087 1026 5142 ab
1057 5087 1177 5152 illo,
1217 5097 1271 5143 et
1311 5088 1546 5161 Spiritus
1591 5098 1813 5147 sanctus

228 5187 351 5230 vere
374 5173 559 5230 Patris
587 5172 846 5245 Spiritus,
889 5176 1015 5246 quia
1053 5177 1298 5248 procedit
1346 5179 1414 5233 ab
1458 5178 1571 5246 illo,
1618 5194 1813 5236 conse-

230 5273 457 5335 quenter
478 5274 534 5319 et
557 5265 835 5335 sapientia:
862 5274 919 5323 et
943 5267 1209 5333 veritatis,
1232 5266 1286 5321 id
1309 5276 1390 5323 est
1418 5267 1542 5324 Filii
1568 5269 1661 5325 Dei
1689 5269 1815 5341 Spi-

231 5353 364 5412 ritus
389 5367 497 5423 est,
526 5357 781 5433 quoniam
815 5358 1059 5429 procedit
1087 5374 1118 5413 a
1146 5357 1303 5424 Filio,
1336 5359 1386 5414 id
1409 5370 1492 5415 est
1516 5361 1758 5430 procedit
1784 5376 1817 5417 a

232 5448 476 5514 veritate,
507 5446 751 5519 procedit
783 5465 813 5504 a
844 5450 1131 5520 sapientia,
1158 5451 1404 5521 procedit
1432 5466 1463 5505 a
1490 5452 1621 5518 Deo,
1654 5452 1707 5507 id
1735 5460 1818 5509 est

230 5531 401 5592 Filio:
432 5536 557 5593 ideo
585 5551 820 5610 namque
850 5554 973 5594 cum
1014 5539 1242 5596 dixisset
1273 5540 1536 5612 Spiritum
1566 5551 1815 5598 sanctum

302 5701 329 5730 ι
368 5689 637 5773 Siquidem
678 5693 930 5765 Spiritus.
979 5695 1171 5773 Totum
1218 5697 1323 5773 hoc
1368 5697 1629 5773 quidquid
1665 5707 1749 5753 est
1786 5714 1817 5754 e

242 5766 478 5833 inargine
508 5766 561 5815 in
589 5769 796 5833 textum
825 5766 1104 5821 transferri
1142 5766 1474 5833 curavimbs.
1503 5766 1629 5824 na'm
1657 5779 1817 5825 antea

236 5818 338 5886 hoc
353 5818 573 5887 Tantum
599 5818 1817 5911 tegebitti'rjﬁb'tistatim}?iniiinii;

1914 3368 1998 3413 cet
2029 3368 2112 3415 est
2145 3367 2199 3413 et
2224 3375 2252 3413 a
2281 3359 2440 3424 Filio,
2481 3360 2597 3415 sine
2636 3360 2863 3431 quibus,
2906 3367 2961 3416 et
2999 3361 3113 3415 sine
3138 3374 3366 3431 quorum
3395 3374 3506 3415 non

1914 3449 2155 3520 loquitur
2177 3449 2423 3505 arbitrio.
2456 3449 2524 3504 Et
2546 3450 2733 3506 dicens
2765 3469 2777 3505 :
2808 3470 2826 3502 ‹
2847 3449 2961 3505 Hoc
2988 3450 3133 3505 enim
3161 3449 3334 3518 ipsum
3361 3445 3505 3519 quod

1915 3540 2160 3596 subsistit
2205 3548 2260 3595 et
2294 3539 2558 3608 loquitur,
2605 3555 2706 3612 ego
2729 3540 2934 3595 veritas
2968 3539 3184 3610 loquor,
3219 3558 3237 3589 ι
3269 3537 3507 3594 ostendit

1915 3632 2319 3689 subsistentiam
2350 3631 2587 3703 Spiritus
2620 3646 2740 3688 esse
2770 3648 2799 3687 a
2828 3630 2986 3687 Filio.
3015 3630 3081 3685 Et
3111 3630 3156 3685 si
3184 3645 3305 3686 cum
3330 3628 3505 3699 loqui-

1914 3732 2004 3779 tur
2032 3723 2289 3794 Spiritus,
2318 3724 2558 3795 loquitur
2584 3725 2786 3779 veritas
2804 3764 2819 3790 ,
2847 3723 2952 3778 hoc
2982 3730 3066 3778 est
3092 3720 3292 3785 Filius,
3320 3729 3508 3776 osten-

1915 3816 1995 3871 dit
2029 3817 2154 3886 quia
2182 3815 2325 3885 quod
2354 3816 2614 3886 loquitur,
2659 3823 2713 3869 et
2759 3812 2904 3885 quod
2953 3811 3200 3868 subsistit
3244 3809 3504 3883 Spiritus,

1916 3911 2125 3981 accepit
2152 3926 2180 3964 a
2209 3910 2366 3966 Filio.
2403 3909 2470 3965 Et
2506 3909 2783 3966 inculcans
2818 3908 3049 3980 idipsum
3086 3906 3233 3964 velut
3263 3906 3505 3979 apertius

1916 4000 2059 4070 quod
2090 4000 2321 4066 dixerat,
2354 3999 2591 4065 faciens;
2642 4019 2661 4052 t
2696 4001 2747 4057 id
2790 4008 2873 4057 est
2919 4000 3127 4072 inspiro
3167 4014 3289 4072 qua:
3329 3995 3505 4070 loqui-

1918 4102 2025 4149 tur.
2061 4114 2078 4146 ι
2114 4094 2396 4163 Quomodo
2424 4095 2687 4167 inspirat?
2726 4097 2980 4153 nimirum
3011 4112 3134 4153 cum
3164 4098 3233 4153 ab
3262 4095 3353 4151 illo
3380 4111 3505 4168 pro—

1916 4186 2061 4242 cedit
2107 4194 2162 4241 et
2204 4188 2497 4243 connectit.
2560 4206 2579 4239 t
2627 4170 2907 4259 Siquidem
2966 4186 3202 4261 Spiritus
3256 4187 3503 4245 veritatis

1916 4286 2040 4333 est:
2076 4296 2094 4330 ι
2146 4279 2288 4348 quod
2334 4288 2417 4335 est
2459 4279 2656 4345 dicere,
2696 4278 2930 4352 Spiritus
2972 4276 3096 4334 Filii
3144 4286 3247 4335 est.
3298 4277 3505 4345 Quibus

1917 4369 2167 4426 omnibus
2210 4370 2612 4427 demonstratur
2657 4371 2801 4443 quod
2845 4371 2916 4427 sit
2965 4370 3205 4444 Spiritus
3255 4368 3399 4438 Filii,
3448 4378 3505 4426 et

1916 4460 2059 4529 quod
2091 4460 2385 4530 inspiretur
2413 4477 2443 4516 a
2472 4460 2628 4529 Filio,
2662 4462 2715 4519 id
2760 4469 2844 4519 est
2878 4462 3138 4533 procedat
3174 4462 3242 4517 ab
3282 4460 3393 4516 illo.
3436 4459 3506 4518 Et

1916 4551 2041 4621 quia
2072 4553 2212 4622 quod
2250 4551 2490 4623 loquitur
2522 4551 2790 4624 Spiritus,
2834 4562 2889 4610 et
2932 4552 3180 4609 subsistit
3227 4550 3495 4623 Spiritus;

1919 4640 2115 4712 accipit
2144 4658 2172 4695 a
2205 4639 2362 4709 Filio,
2410 4659 2517 4699 non
2568 4651 2825 4713 tanquam
2864 4642 3063 4708 minor,
3104 4642 3198 4701 sed
3247 4650 3500 4711 tanquam

1916 4731 2416 4798 consubstantiaiis,
2449 4741 2504 4788 et
2535 4749 2602 4788 ex
2629 4732 2718 4788 illo
2741 4733 3055 4803 procedens.

1987 4822 2119 4877 item
2160 4823 2341 4882 infra:
2383 4845 2400 4875 ι
2426 4826 2597 4896 Loqui
2633 4842 2765 4897 ergo
2806 4826 3045 4893 Patrem,
3092 4835 3147 4882 et
3184 4825 3370 4882 audire
3405 4825 3501 4882 Fi-

1914 4911 2045 4967 lium
2069 4926 2084 4979 ;
2119 4913 2201 4969 vel
2227 4931 2256 4970 e
2280 4917 2574 4983 contrario,
2607 4916 2745 4974 Filio
2770 4917 3022 4988 loqmnte
3047 4917 3235 4973 audire
3260 4917 3500 4988 Patrem,

1917 5003 2157 5075 ejusdem
2207 5016 2414 5062 naturae
2465 5008 2518 5062 in
2568 5007 2729 5065 Patre
2775 5017 2829 5064 et
2878 5007 3036 5077 Filio,
3097 5025 3502 5084 consensusque

1920 5093 2247 5164 significatio
2292 5104 2394 5151 est.
2443 5096 2678 5169 Spiritus
2727 5114 2940 5170 quoque
2981 5109 3230 5167 sanctus,
3278 5102 3370 5173 qui
3419 5109 3505 5159 est

1921 5183 2157 5255 Spiritus
2184 5186 2444 5251 veritatis,
2483 5186 2825 5259 Spiritusque
2864 5190 3159 5260 sapientiae,
3193 5206 3297 5245 non
3324 5198 3503 5262 potest

1922 5272 2059 5330 Filio
2103 5274 2355 5347 loquente
2389 5280 2575 5335 audire
2615 5296 2734 5349 quae
2780 5282 2981 5348 nescit;
3026 5297 3147 5337 cum
3189 5281 3291 5336 lioc
3324 5282 3499 5351 ipsum

1922 5369 1993 5425 sit
2029 5369 2172 5439 quod
2199 5369 2473 5439 profertur
2500 5388 2532 5426 a
2556 5370 2716 5427 Filio.
2748 5392 2765 5424 ι
2811 5373 3010 5429 Diceris
3052 5373 3355 5444 loquentem
3400 5373 3501 5429 Pa-

1918 5468 2060 5515 trem
2086 5461 2274 5516 audire
2298 5460 2519 5528 Filium,
2544 5463 2883 5520 demonstrat
2911 5464 3031 5520 Filii
3062 5465 3398 5522 nativitatem
3430 5480 3499 5521 ex

1920 5550 2126 5607 Patre:
2159 5550 2407 5608 similiter
2434 5552 2630 5608 Filium
2674 5554 2987 5625 loquentem
3034 5554 3221 5611 audire
3254 5552 3499 5622 Patrem,

1919 5704 2340 5778 veritasAloquor,
2367 5707 2646 5776 siquidem,
2684 5707 2826 5776 quod
2854 5707 3096 5778 profecto
3121 5705 3496 5778 imperfectum

1920 5784 2056 5830 erat.
2098 5774 2435 5848 Quanquam
2463 5794 2530 5834 ex
2577 5774 2927 5848 sequentibus
2962 5780 3096 5836 satis
3135 5774 3346 5836 constet
3384 5775 3496 5830 Ra-

1921 5852 2132 5903 tramno
2159 5844 2423 5916 placuisse
2449 5844 2672 5919 pravam
2697 5848 2999 5905 lectiunem.
