4026 6346
532 345 643 406 263

1559 341 1919 399 RATRAMNI
1959 338 2409 398 CORBEIENSIS
2449 337 2756 398 MONACHI

3700 331 3809 389 265

533 463 752 520 Patrem
783 463 998 518 intimat
1021 461 1266 532 genuisse
1291 458 1522 524 Filium;
1568 467 1623 513 et
1649 458 1773 527 quia
1803 464 1927 512 sunt
1959 455 2118 511 unius
2143 456 2194 518 Α
2220 454 2517 526 procedens
2545 471 2575 509 a
2604 455 2742 510 Filio
2771 468 2995 510 consors
3021 462 3105 510 est
3130 461 3338 509 naturae
3362 451 3485 508 Filii
3512 469 3526 507 :
3556 451 3807 508 volunta-

539 563 746 609 naturae
772 553 931 609 Pater
959 562 1014 608 et
1047 552 1235 616 Filius,
1268 558 1393 605 sunt
1421 550 1584 604 etiam
1615 548 1854 618 ejusdem
1891 562 2120 602 consen-

536 661 663 712 sus;
700 656 756 700 ut
786 647 888 702 hoc
914 647 983 701 sit
1007 645 1152 716 loqui
1182 644 1399 700 Patrem
1444 644 1512 699 ad
1558 644 1752 698 Filium
1797 643 1883 697 vel
1923 642 2120 696 Filium

536 740 604 793 ad
642 738 877 805 Patrem,
929 740 981 792 in
1025 738 1186 793 unius
1223 753 1548 794 consensum
1577 737 1868 793 voluntatis
1891 735 2116 791 venire:

533 842 709 902 neque
748 830 1021 884 diversum
1067 830 1270 900 aliquid
1320 831 1544 886 sentire.
1597 829 1858 900 Spiritum
1905 843 2121 900 quoque

536 930 782 977 sanctum
811 924 1060 980 veritatis
1094 922 1354 997 Spiritum
1387 925 1486 999 [et]
1518 926 1797 997 sapientia:
1833 924 2116 992 confitens,

534 1008 796 1081 Spiritum
819 1013 942 1069 Filii
967 1015 1230 1083 declarat,
1255 1018 1322 1073 de
1344 1033 1451 1089 quo
1477 1018 1630 1084 dicit,
1654 1019 1777 1088 quia
1806 1034 1912 1074 non
1941 1025 2118 1089 potest

532 1102 668 1160 Filio
700 1105 956 1177 loquente
984 1111 1172 1166 audire
1201 1127 1320 1181 quae
1352 1112 1590 1178 nesciat;
1625 1113 1879 1182 quoniam
1903 1127 2026 1167 cum
2046 1111 2118 1166 sit

529 1195 769 1268 ejusdem
796 1215 920 1254 cum
944 1200 1082 1256 Filio
1111 1202 1448 1269 substantia,
1475 1204 1841 1284 procedatque
1865 1203 1930 1258 de
1956 1203 2111 1268 Filio,

528 1301 651 1356 qua:
690 1288 931 1359 loquitur
970 1292 1163 1360 Filius,
1209 1293 1447 1365 loquitur
1487 1304 1543 1350 et
1586 1295 1819 1365 Spiritus
1859 1304 2112 1360 sanctus;

527 1380 787 1446 quoniam
831 1383 935 1438 hoc
976 1383 1152 1453 ipsum
1181 1387 1324 1454 quod
1359 1395 1442 1442 est
1471 1385 1729 1456 Spiritus,
1760 1386 1961 1442 locutio
1992 1385 2114 1440 Filii

526 1476 612 1523 est
641 1471 706 1526 ad
744 1471 1032 1544 Spiritum,
1060 1477 1316 1544 praesenti
1345 1477 1568 1532 doctore
1599 1478 1830 1532 dicente.
1863 1477 1964 1544 Qui
1991 1493 2114 1532 cum

527 1559 756 1618 dixisset
781 1580 888 1619 non
923 1581 1082 1636 posse
1111 1565 1374 1636 Spiritum
1406 1578 1653 1626 sanctum
1685 1570 1823 1625 Filio
1859 1570 2113 1642 loquente

527 1653 716 1710 audire
737 1671 857 1726 qua:
879 1659 1108 1724 nesciat,
1136 1675 1260 1715 mox
1289 1661 1524 1718 subdidit
1552 1681 1565 1717 :
1604 1681 1623 1715 ι
1655 1662 1788 1718 Cum
1809 1664 1912 1719 hoc
1935 1664 2112 1735 ipsum

527 1742 599 1797 sit
625 1746 766 1815 quod
802 1747 1077 1819 profertur
1116 1767 1148 1805 a
1187 1752 1355 1818 Filio;
1388 1772 1406 1804 ι
1454 1755 1559 1809 hoc
1604 1764 1688 1811 est
1726 1755 1957 1826 prolatio
1989 1755 2112 1810 Filii

512 1837 827 1908 substantia
857 1851 942 1898 est
971 1842 1243 1914 Spiritus:
1273 1862 1397 1900 nam
1423 1847 1639 1913 dicens;
1664 1825 1784 1903 cum
1814 1849 1916 1903 hoc
1939 1849 2112 1918 ipsum
2140 1825 2190 1887 Β

525 1929 621 1996 sit,
649 1931 971 1989 subauditur
993 1934 1228 2006 Spiritus
1253 1953 1268 1992 :
1299 1939 1440 2007 quod
1467 1939 1740 2008 profertur
1769 1955 1797 1994 a
1825 1940 1984 2006 Filio,
2013 1943 2118 1998 hoc

523 2030 608 2075 est
650 2023 794 2092 quod
834 2023 1074 2094 loquitur
1113 2027 1302 2084 Filius.
1352 2030 1407 2083 Si
1455 2033 1597 2099 quod
1643 2030 1880 2101 loquitur
1921 2032 2111 2099 Filius,

525 2109 761 2182 Spiritus
784 2126 1005 2173 sanctus
1029 2130 1133 2185 est,
1179 2122 1631 2190 quemadmodum
1682 2124 1872 2180 doctor
1901 2125 1999 2180 iste
2039 2134 2115 2180 tc-

528 2212 724 2271 statur,
758 2223 864 2262 non
891 2219 1070 2280 potest
1095 2213 1279 2282 negari
1308 2213 1448 2282 quod
1476 2229 1506 2268 a
1537 2213 1675 2269 Filio
1701 2215 1958 2284 procedat
1989 2215 2112 2286 Spi-

521 2294 700 2350 ritus”:
739 2297 1005 2368 siquidem
1033 2301 1233 2357 locutio
1273 2302 1394 2358 Filii
1419 2304 1485 2358 de
1521 2304 1659 2360 Filio
1690 2308 1972 2375 procedit:
2003 2323 2110 2377 qua

521 2388 590 2442 de
621 2405 679 2445 re
703 2406 824 2446 cum
854 2393 955 2448 hoc
986 2395 1126 2450 idem
1176 2397 1247 2452 sit
1292 2397 1528 2467 Spiritus
1574 2400 1717 2468 quod
1757 2400 2035 2472 profertur
2078 2418 2110 2458 a

520 2477 680 2548 Filio,
709 2486 950 2553 procedit
977 2488 1197 2543 omnino
1227 2489 1462 2560 Spiritus
1489 2508 1518 2546 a
1554 2491 1689 2547 Filio

594 2569 924 2644 Subjungit:
959 2597 978 2628 ‹
1013 2577 1253 2648 Denique
1298 2596 1366 2636 ne
1413 2583 1535 2652 quis
1578 2582 1724 2637 illum
1764 2599 1794 2637 a
1838 2583 2016 2640 Patris
2056 2595 2111 2641 et

520 2660 642 2718 Filii
689 2665 967 2724 voluntate
1007 2679 1063 2725 et
1103 2673 1364 2728 societate
1423 2675 1785 2742 discerneret,
1847 2678 2107 2746 scriptum

521 2761 646 2806 est:
682 2753 806 2810 Non
835 2758 972 2813 enim
1013 2777 1046 2814 a
1089 2765 1362 2834 semetipso
1408 2765 1664 2836 loquetur,
1707 2767 1797 2822 sed
1839 2769 1974 2823 sicut
2012 2786 2108 2823 au-

519 2845 627 2899 diet
657 2845 896 2918 loquetur
928 2852 1108 2920 (Joan.
1142 2871 1252 2920 xvr,
1288 2857 1394 2927 1⁸5).
1450 2858 1547 2914 Cui
1599 2860 1776 2916 simile
1823 2861 1989 2916 etiam
2039 2862 2106 2919 de

521 2939 812 3008 semetipso
841 2940 1091 3000 Salvator
1113 2947 1191 3000 ait
1217 2965 1230 2998 :
1259 2949 1392 3002 sicut
1420 2951 1601 3016 audio,
1627 2952 1815 3022 judico
1841 2954 2020 3026 (Joan.
2047 2971 2103 3023 v,

520 3026 631 3097 50).
668 3048 687 3080 ι
725 3030 984 3088 Voluntas
1013 3036 1190 3092 Patris
1219 3038 1468 3095 voluntas
1493 3049 1577 3096 est
1602 3041 1744 3108 Filii,
1786 3053 1841 3099 et
1871 3045 2106 3100 societas

519 3118 803 3189 utriusque
852 3121 1086 3191 Spiritus
1128 3129 1409 3183 amborum
1449 3145 1464 3183 ε
1518 3133 1773 3200 quoniam
1821 3135 2101 3202 Charitas,

519 3223 642 3278 qua:
673 3219 756 3266 est
784 3209 1037 3282 Spiritus,
1068 3216 1240 3271 sociat
1271 3218 1603 3276 voluntatem
1638 3221 1816 3278 Patris
1850 3233 1906 3278 et
1942 3224 2064 3280 Filii
2089 3242 2104 3282 :

520 3313 698 3369 neque
722 3310 904 3371 potest
937 3303 1184 3361 voluntas
1213 3306 1448 3378 Spiritus
1483 3325 1515 3365 a
1553 3311 1828 3369 voluntate
1852 3312 2028 3370 Patris
2057 3325 2113 3372 et

519 3391 644 3455 Filii
671 3394 914 3466 sejungi;
953 3398 1057 3476 sed
1096 3399 1237 3475 sicut
1277 3401 1509 3458 societas
1557 3411 1639 3459 est
1683 3406 1988 3476 utriusque,
2032 3407 2111 3464 sic

520 3485 762 3556 ejusdem
791 3492 1086 3547 voluntatis
1109 3494 1414 3550 amborum.
1445 3496 1513 3550 Et
1538 3497 1682 3553 sicut
1707 3498 1957 3555 voluntas
1986 3499 2108 3557 Filii

521 3579 769 3637 nascitur
794 3582 862 3638 de
889 3583 1072 3652 Patre,
1119 3586 1199 3642 sic
1237 3587 1488 3643 voluntas
1530 3587 1764 3660 Spiritus
1799 3593 2040 3662 procedit
2077 3608 2106 3648 a

517 3664 677 3726 Filio.
724 3671 862 3730 Hinc
907 3685 992 3731 est
1040 3679 1184 3747 quod
1229 3679 1306 3734 ait
1359 3680 1426 3736 de
1467 3680 1713 3752 Spiritu:
1751 3682 1876 3738 Non
1913 3683 2049 3738 enim
2075 3701 2108 3739 a

517 3766 790 3837 semetipso
820 3768 1078 3839 loquetur,
1113 3772 1204 3826 sed
1243 3773 1378 3828 sicut
1417 3775 1595 3828 audiet
1631 3775 1890 3848 loquetur.
1923 3776 1969 3831 A
2001 3791 2108 3847 quo

519 3854 736 3910 audiet?
764 3857 1024 3914 Videlicet
1053 3876 1082 3914 a
1109 3861 1268 3928 Filio,
1299 3865 1364 3919 de
1393 3879 1502 3933 quo
1527 3866 1790 3935 procedit.
1819 3866 1887 3921 Et
1921 3867 2108 3922 audire

518 3941 804 4012 Spiritum,
833 3950 1125 4017 procedere
1153 3962 1236 4006 est
1267 3968 1298 4006 a
1325 3953 1465 4009 Filio
1495 3973 1508 4008 :
1541 3955 1684 4010 sicut
1709 3965 1764 4012 et
1790 3958 1979 4013 audire
2020 3959 2110 4014 Fi-

517 4031 671 4099 lium,
704 4037 854 4091 nasci
881 4046 965 4093 est
994 4042 1060 4095 de
1091 4039 1287 4097 Patre:
1317 4059 1445 4099 nam
1477 4061 1585 4101 non
1616 4047 1758 4102 aliud
1795 4057 1882 4104 est
1921 4051 2108 4106 audire

517 4121 737 4191 Filium,
763 4136 820 4182 et
840 4129 983 4184 aliud
1006 4133 1175 4199 nasci,
1202 4135 1294 4190 sed
1318 4135 1462 4191 ﬂem
1493 4148 1784 4210 utrumque
1812 4159 1825 4195 :
1856 4141 1935 4198 sic
1962 4144 2106 4198 enim

519 4216 665 4272 aliud
697 4220 918 4278 minime
961 4233 1046 4278 est
1086 4225 1273 4281 audire
1317 4228 1602 4299 Spiritum.
1647 4243 1702 4288 et
1738 4233 1883 4289 aliud
1913 4223 2106 4305 proce-

520 4305 668 4370 dere,
703 4312 796 4366 sed
822 4329 988 4369 unum
1017 4323 1102 4370 est
1123 4327 1434 4393 utrumque.
1463 4321 1528 4375 Et
1559 4321 1699 4376 infra
1728 4343 1741 4378 :
1779 4344 1797 4376 ι
1835 4324 2107 4396 Scriptum

519 4399 791 4455 estenim:
815 4401 1150 4476 Quwcunque
1166 4407 1255 4461 ille
1276 4408 1401 4478 facit
1428 4411 1595 4480 (haud
1618 4413 1837 4469 dubium
1860 4418 1988 4485 quin
2010 4417 2108 4472 Pa-

518 4486 624 4576 ter)
647 4489 758 4544 haec
778 4493 959 4547 eadem
983 4493 1155 4551 Filius
1178 4497 1305 4566 facit
1329 4500 1589 4555 similiter.
1607 4503 1759 4569 Quod
1785 4507 1829 4559 si
1849 4518 2107 4576 operante

520 4575 685 4633 Patre
707 4588 764 4635 et
790 4581 944 4648 Filio,
977 4599 1080 4638 non
1115 4583 1269 4654 juxta
1302 4588 1545 4644 ordinem
1577 4594 1738 4661 primi
1773 4602 1829 4650 et
1861 4575 2104 4664 secundi,

519 4673 614 4728 sed
655 4671 808 4742 juxta
853 4675 993 4732 idem
1036 4686 1244 4749 tempus
1279 4683 1540 4750 operandi
1564 4686 1755 4761 eadem
1793 4696 1849 4742 et
1882 4689 2101 4756 similia,

517 4763 818 4819 subsistunt
854 4767 1105 4838 universa
1140 4785 1258 4839 quae
1287 4770 1423 4826 ﬁunt
1454 4787 1469 4826 :
1502 4782 1558 4828 et
1587 4775 1758 4833 Filius
1785 4795 1893 4833 non
1924 4789 2103 4850 potest
2130 4781 2132 4784 ’

518 4866 549 4905 a
581 4855 868 4925 semetipso
902 4857 1032 4926 quid
1074 4857 1284 4926 facere,
1331 4862 1456 4931 quia
1498 4879 1529 4918 a
1569 4863 1733 4920 Patre
1776 4882 1884 4922 non
1924 4877 2102 4939 potest

519 4944 758 5011 separari
789 4958 803 4997 :
841 4945 919 5000 sic
947 4955 1001 5000 et
1031 4947 1264 5018 Spiritus
1306 4963 1530 5010 sanctus
1575 4970 1916 5028 nequaquam
1942 4974 2099 5030 sepa-

520 5041 670 5088 ratus
698 5049 728 5088 a
757 5034 924 5101 Filio,
960 5049 1180 5108 propter
1204 5042 1500 5101 voluntatis
1538 5057 1854 5121 natumque
1882 5068 2103 5108 consor-

521 5124 686 5191 tium,
736 5142 840 5182 uon
889 5145 920 5182 a
966 5134 1256 5202 semetipso
1297 5139 1534 5194 creditur
1573 5141 1760 5213 loqui;
1812 5147 1905 5200 sed
1945 5145 2101 5214 juxta

521 5219 763 5284 verbum,
794 5229 849 5274 et
877 5223 1159 5280 veritatem
1186 5226 1305 5294 Dei,
1334 5230 1572 5301 loquitur
1594 5235 1869 5291 universa.
1894 5257 1911 5289 ι
1943 5238 2103 5295 Pater

521 5317 576 5364 et
614 5309 782 5366 Filius
809 5312 996 5368 eadem
1027 5329 1342 5388 operantur,
1377 5338 1482 5377 non
1514 5324 1622 5380 alio
1651 5334 1892 5396 tempore
1917 5328 2098 5395 Pater,

522 5408 576 5454 et
605 5398 709 5454 alio
736 5399 918 5464 Filius,
956 5407 1048 5461 sed
1078 5410 1269 5465 eodem
1301 5413 1461 5467 simul
1497 5424 1554 5470 et
1590 5417 1780 5472 eodem
1821 5427 2057 5489 tempore
2084 5438 2096 5473 :

519 5504 621 5544 nec
651 5501 825 5561 potest
856 5494 1025 5552 Filius
1071 5510 1353 5570 separatus
1395 5506 1650 5574 operari,
1701 5510 1954 5577 quoniam
1993 5525 2099 5566 non

519 5581 774 5638 dividitur
802 5602 833 5639 a
864 5586 1055 5654 Patre,
1099 5607 1223 5645 cum
1255 5593 1326 5648 sit
1355 5603 1512 5650 natus
1540 5612 1606 5651 ex
1635 5597 1832 5663 Patre,
1877 5610 1931 5655 et
1959 5600 2101 5669 ejus-

521 5673 642 5729 dem
669 5679 983 5735 substantite
1009 5699 1131 5736 cum
1162 5683 1360 5740 Patre:
1405 5688 1484 5742 sic
1521 5698 1576 5743 et
1617 5688 1851 5759 Spiritus
1880 5702 2101 5749 sanctus

524 5782 629 5821 non
661 5769 894 5838 loquitur
917 5789 945 5826 a
971 5775 1262 5846 semetipso
1288 5788 1570 5850 separatus
1596 5797 1626 5836 a
1652 5782 1815 5849 Filio;
1846 5785 2099 5854 quoniam

2225 547 2292 600 tis
2321 555 2375 600 et
2402 545 2670 614 ejusdem,
2704 548 2858 616 cujus
2899 555 2952 602 et
2993 546 3198 601 Filius:
3234 561 3340 600 non
3375 545 3520 601 enim
3550 545 3808 600 voluntas

2223 637 2484 692 discernit
2521 653 2656 707 quos
2685 647 2876 692 natura
2906 638 3212 708 conjungit,
3261 637 3355 692 sed
3391 635 3545 704 juxta
3578 638 3802 692 verbum

2221 742 2277 788 et
2299 733 2579 789 veritatem
2607 733 2702 788 Dei
2728 732 2962 804 loquitur
2989 733 3240 789 universa
3262 734 3561 804 ;‘-quoniam
3587 751 3618 789 a
3639 737 3808 792 verbo

2221 833 2276 880 et
2301 826 2529 880 veritate
2575 811 2876 896 precedens
2921 826 3150 897 percipit
3187 827 3317 896 quid
3357 827 3653 898 loquatur:
3691 845 3805 885 non

2221 915 2366 970 enim
2395 915 2540 971 aliud
2567 925 2651 972 est
2676 919 2820 987 quod
2847 916 3111 986 procedit,
3144 926 3198 973 et
3223 917 3368 974 aliud
3397 917 3654 988 loquendi
3682 935 3807 991 per.

2218 1005 2429 1075 ceptio,
2489 1006 2581 1061 sed
2626 1007 2900 1078 perceptio
2945 1007 3231 1062 locutionis
3293 1010 3658 1079 processionis
3719 1020 3807 1068 est

2218 1098 2538 1165 existentia,
2570 1099 3024 1169 quemadmodum
3053 1101 3356 1156 existentiae
3385 1104 3686 1172 processio,
3721 1103 3807 1161 lo-

2219 1189 2452 1243 cutionis
2478 1191 2740 1259 acceptio.

2288 1325 2355 1380 Et
2395 1324 2571 1379 infra:
2608 1343 2627 1377 ι
2658 1324 2936 1393 Quomodo
2965 1327 3131 1398 igitur
3160 1344 3321 1398 supra
3364 1328 3430 1382 de
3472 1329 3687 1385 naturis
3713 1329 3808 1385 in-

2214 1419 2590 1488 corporalibus
2617 1419 2965 1489 disputantes
3006 1419 3400 1486 intelleximus,
3443 1419 3524 1476 sic
3559 1428 3617 1476 et
3654 1435 3804 1476 nunc

2217 1508 2477 1580 Spiritum
2523 1517 2770 1565 sanctum
2814 1524 2844 1563 a
2889 1509 3026 1565 Filio
3067 1511 3346 1582 accipere,
3405 1511 3458 1566 id
3502 1511 3647 1582 quod
3690 1527 3805 1568 sua:

2213 1610 2422 1656 naturae
2448 1599 2656 1670 fuerat,
2705 1603 3138 1674 cognoscendum
3170 1613 3288 1671 est,
3333 1612 3389 1659 et
3427 1620 3536 1660 non
3578 1606 3800 1662 dantem

2215 1703 2272 1749 et
2300 1695 2686 1764 accipientem,
2733 1697 2828 1750 sed
2860 1711 3023 1750 unam
3061 1695 3370 1766 signiﬁcare
3413 1697 3800 1752 substantiam.

2219 1787 2498 1859 Siquidem
2533 1797 2589 1842 et
2617 1788 2785 1843 Filius
2816 1788 3009 1843 eadem
3045 1804 3075 1843 a
3104 1788 3267 1844 Patre
3303 1789 3549 1860 accipere
3576 1788 3800 1854 dicitur,

2219 1896 2338 1950 quae
2364 1889 2450 1935 est
2479 1881 2594 1951 ipse
2623 1880 2928 1935 subsistens
2959 1898 2971 1934 :
3012 1895 3188 1951 neque
3214 1880 3359 1935 enim
3387 1881 3517 1950 quid
3547 1880 3693 1935 aliud
3718 1889 3806 1936 est

2215 1971 2404 2039 Filius,
2435 1972 2672 2043 exceptis
2704 1972 2768 2027 iis
2796 1987 2917 2042 quae
2945 1971 2994 2026 ei
3023 1973 3221 2026 dantur
3249 1987 3279 2026 a
3309 1971 3467 2026 Patre
3495 1986 3671 2041 neque
3696 1971 3802 2026 alia

2213 2066 2517 2122 substantia
2541 2075 2620 2120 est
2643 2065 2875 2136 Spiritus
2896 2066 3092 2131 sancti,
3108 2075 3304 2137 praeter
3326 2066 3377 2122 id
3403 2067 3546 2137 quod
3568 2068 3619 2122 ei
3643 2068 3803 2122 datur

2213 2171 2244 2210 a
2273 2155 2429 2211 Filio.
2461 2175 2479 2207 ›
2531 2155 2830 2212 Conﬁrmat
2869 2157 3271 2226 processionem
3314 2157 3549 2228 Spirnus
3593 2174 3624 2212 a
3662 2157 3804 2214 Filio

2213 2245 2411 2300 factam
2432 2287 2447 2311 ,
2496 2255 2552 2300 et
2588 2246 2718 2301 dicit
2745 2245 3005 2317 Spiritum
3036 2255 3282 2302 sanctum
3317 2263 3347 2301 a
3375 2247 3513 2304 Filio
3543 2250 3801 2320 accipere

2211 2337 2265 2392 id
2293 2337 2436 2408 quod
2462 2353 2572 2393 sua:
2597 2347 2806 2393 naturae
2835 2337 3044 2405 fuerat,
3075 2339 3218 2409 quod
3247 2349 3360 2406 est,
3389 2350 3638 2396 naturam
3672 2341 3800 2412 Spi-

2211 2429 2348 2483 ritus
2371 2444 2435 2483 ex
2460 2428 2598 2484 Filio
2619 2444 2764 2496 esse,
2789 2438 2846 2484 et
2867 2445 2972 2485 non
2997 2431 3068 2486 sit
3091 2431 3236 2486 aliud
3261 2433 3508 2503 accipere
3532 2431 3800 2504 Spiritum

2210 2538 2240 2576 a
2270 2520 2430 2588 Filio,
2460 2537 2621 2592 quam
2651 2523 2947 2592 procedere
2973 2523 3040 2578 de
3066 2522 3236 2589 Filio;
3277 2538 3452 2595 neque
3482 2526 3705 2581 dantem
3743 2535 3803 2582 et

2210 2616 2563 2685 accipientem
2612 2615 3021 2688 intelligendum
3062 2625 3322 2686 tanquam
3353 2617 3578 2674 alterius
3621 2627 3679 2674 et
3721 2617 3801 2673 al-

2209 2709 2377 2763 terius
2415 2710 2734 2767 substantiaa
2756 2752 2771 2775 ,
2819 2709 2915 2764 sed
2955 2725 3246 2779 personam
3277 2709 3400 2766 Filii
3431 2711 3651 2766 dantem
3673 2752 3687 2774 ,
3738 2719 3802 2767 ut

2208 2800 2408 2855 existat
2437 2800 2700 2870 Spiritus,
2731 2808 2784 2855 et
2809 2816 3098 2872 personam
3131 2801 3369 2873 Spiritus
3396 2803 3760 2875 accipientem
3779 2845 3796 2871 ,

2205 2902 2266 2946 ut
2294 2892 2551 2964 procedat
2585 2907 2616 2947 a
2645 2892 2800 2948 Filio.
2857 2893 2926 2949 Et
2955 2894 3245 2950 confirmat
3282 2895 3598 2966 opinionem
3637 2911 3798 2953 suam

2206 3004 2274 3045 ex
2301 3005 2366 3044 eo
2391 2989 2536 3059 quod
2555 2988 2724 3044 Filius
2747 2989 2994 3061 accipere
3017 2990 3216 3047 dicitur
3240 3007 3267 3046 a
3292 2991 3485 3048 Patre:
3514 3007 3624 3048 non
3649 2993 3799 3048 enim

2207 3078 2353 3134 aliud
2379 3087 2459 3136 est
2482 3079 2670 3146 Filius,
2717 3089 2774 3135 et
2814 3081 2960 3136 aliud
2981 3082 3231 3153 estquod
3270 3083 3502 3154 percipit
3536 3099 3566 3140 a
3597 3083 3800 3150 Patre;

2133 3191 2180 3256 ο
2211 3171 2305 3227 sed
2327 3187 2357 3226 a
2378 3171 2543 3228 Patre
2564 3173 2838 3244 perceptio
2859 3172 2981 3229 Filii
3003 3183 3087 3230 est
3107 3174 3496 3231 subsistentia:
3522 3177 3667 3247 quod
3689 3177 3804 3234 cla-

2212 3263 2328 3319 rius
2352 3262 2584 3319 allirmat
2611 3264 3025 3336 prosequendo:
3060 3285 3078 3319 ι
3109 3265 3295 3338 Neque
3315 3267 3460 3322 enim
3489 3267 3803 3339 quid-aliud

2211 3364 2297 3412 est
2328 3354 2520 3421 Filius,
2566 3358 2806 3428 exceptis
2853 3359 2937 3414 his
2977 3375 3099 3430 qua:
3145 3361 3196 3416 ei
3247 3361 3446 3416 dantur
3485 3377 3516 3417 a
3551 3361 3739 3418 Patre.
3775 3381 3796 3416 ι

2211 3443 2363 3511 Quod
2392 3454 2499 3511 est,
2534 3461 2642 3502 non
2680 3446 2804 3503 licet
2836 3451 3086 3521 excipere
3114 3467 3234 3522 qua:
3264 3454 3542 3509 donantur
3568 3469 3601 3508 a
3630 3453 3804 3512 Patre

2208 3525 2349 3592 Filio
2378 3553 2408 3592 a
2437 3538 2737 3595 substantia
2765 3539 2924 3608 Filii,
2971 3543 3066 3598 sed
3107 3544 3232 3599 data
3273 3545 3452 3601 Patris
3490 3547 3803 3603 substantia

2207 3636 2293 3683 est
2315 3627 2458 3695 Filii,
2480 3632 2739 3700 quoniam
2769 3636 3043 3690 nascendo
3061 3637 3304 3707 percepit
3322 3638 3504 3694 omnia
3529 3654 3651 3710 quae
3673 3649 3807 3696 sunt

2208 3717 2417 3789 Patris;
2453 3723 2529 3779 sic
2558 3733 2615 3778 et
2641 3725 2707 3780 de
2730 3723 2934 3797 Spiritu
2963 3738 3152 3784 sancto
3178 3729 3396 3795 fatetur,
3422 3732 3567 3802 quod
3592 3748 3704 3788 non
3732 3734 3805 3790 sit

2211 3810 2314 3864 alia
2343 3813 2645 3869 substantia
2676 3814 2912 3886 Spiritus
2942 3819 3114 3874 sancti
3142 3831 3342 3891 prazter
3370 3822 3422 3878 id
3453 3823 3598 3893 quod
3627 3825 3675 3878 ei
3704 3824 3802 3879 da-

2210 3914 2300 3960 tur
2327 3922 2355 3961 a
2385 3907 2522 3963 Filio
2546 3924 2560 3961 :
2593 3909 2696 3965 hoc
2724 3919 2829 3978 est,
2860 3927 2968 3968 non
2997 3921 3082 3968 est
3109 3912 3256 3968 aliud
3285 3913 3524 3986 Spiritus
3549 3925 3798 3982 sanctus,

2210 4009 2263 4055 et
2293 4001 2437 4056 aliud
2481 4003 2623 4072 quod
2671 4003 2898 4074 Spiritui
2928 4014 3116 4062 sancto
3145 4007 3304 4062 datur
3331 4024 3362 4063 a
3388 4008 3551 4075 Filio,
3582 4010 3679 4066 sed
3705 4011 3800 4064 do-

2207 4105 2337 4146 num
2370 4092 2490 4147 Filii
2521 4093 2823 4148 substantia
2849 4104 2933 4151 est
2963 4094 3199 4167 Spiritus
3224 4098 3419 4154 sancti.
3472 4097 3590 4166 Quo
3624 4098 3800 4154 mani-

2211 4180 2347 4238 feste
2388 4185 2732 4240 commendat
2773 4185 3036 4256 Spiritum
3083 4198 3332 4245 sanctum
3371 4205 3493 4246 esse
3533 4193 3599 4247 de
3628 4190 3795 4256 Filio,

2209 4291 2314 4330 non
2349 4284 2603 4347 tanquam
2640 4287 2849 4347 partem
2870 4320 2885 4346 ,
2919 4280 3014 4336 sed
3042 4290 3297 4352 tanquam
3321 4292 3517 4350 totum,
3543 4285 3687 4354 quod
3715 4293 3802 4339 est

2208 4365 2408 4432 Filius;
2447 4369 2571 4439 quia
2603 4385 2937 4441 quacunque
2963 4383 3092 4428 sunt
3116 4373 3271 4442 Filii,
3322 4386 3448 4430 sunt
3477 4385 3533 4432 et
3560 4374 3796 4447 Spiritus

2211 4459 2385 4512 sancti
2413 4476 2424 4510 :
2459 4467 2513 4513 et
2541 4460 2737 4531 accipit
2759 4461 2993 4532 Spiritus
3015 4474 3234 4522 sanctus
3257 4482 3288 4520 a
3310 4467 3466 4534 Filio,
3491 4469 3796 4538 procedens

2131 4551 2185 4612 D
2212 4547 2280 4601 ab
2307 4547 2397 4602 illo
2423 4548 2563 4603 sicut
2593 4553 3105 4620 consubstantialis,
3142 4565 3196 4611 et
3225 4557 3431 4613 habens
3463 4559 3646 4613 omnia
3675 4577 3795 4631 qua:

2165 4671 2169 4676 -
2208 4650 2333 4694 sunt
2361 4639 2501 4695 Filii.
2544 4641 2811 4697 inferius:
2845 4664 2862 4696 ι
2903 4646 3145 4716 Denique
3173 4648 3680 4720 interpretationem
3713 4652 3795 4708 in.

2206 4729 2387 4786 ferens
2412 4733 2684 4802 quomodo
2712 4734 2972 4801 dixisset,
3016 4736 3080 4792 de
3108 4754 3220 4792 meo
3250 4741 3500 4810 accipiet,
3545 4743 3796 4812 protinus

2205 4823 2402 4892 adjecit
2426 4827 2604 4880 omnia
2629 4841 2747 4897 quia
2773 4827 2925 4883 habet
2956 4829 3139 4896 Pater,
3169 4848 3286 4886 mea
3314 4843 3436 4887 sunt
3460 4847 3478 4885 :
3518 4845 3793 4906 propterea

2208 4915 2338 4980 dixi,
2371 4916 2434 4969 de
2459 4933 2571 4970 meo
2596 4918 2836 4988 accipiet,
2868 4929 2918 4973 et
2945 4922 3277 4977 annuntiabit
3304 4925 3446 4979 vobis
3470 4925 3653 4996 (Joan.
3678 4943 3794 4994 xvr,

2210 5006 2300 5072 15,
2329 5006 2448 5078 14);
2495 5008 2890 5076 quodammodo
2920 5010 3167 5081 loquens,
3195 5012 3320 5069 licet
3348 5030 3379 5069 a
3406 5014 3571 5071 Patre
3597 5032 3791 5086 proce-

2208 5095 2300 5150 dat
2326 5095 2558 5166 Spiritus
2580 5100 2845 5167 veritatis,
2868 5110 2922 5157 et
2952 5103 3042 5158 det
3069 5103 3212 5191 Deus
3245 5104 3508 5176 Spiritum
3540 5118 3792 5164 sanctum

2205 5191 2514 5260 petentibus
2545 5207 2638 5258 se;
2685 5202 2866 5251 tamen
2893 5197 3017 5265 quia
3046 5199 3228 5253 omnia
3261 5216 3382 5271 qua:
3410 5202 3575 5258 habet
3603 5200 3790 5269 Pater,

2208 5297 2328 5336 mea
2361 5294 2515 5350 sunt,
2561 5293 2618 5339 et
2655 5285 2757 5341 iste
2793 5286 2908 5356 ipse
2936 5287 3171 5358 Spiritus
3196 5289 3374 5347 Patris
3401 5308 3554 5348 meus
3581 5303 3693 5360 est,
3735 5303 3795 5352 et

2209 5381 2277 5435 de
2304 5397 2424 5437 meo
2446 5384 2693 5456 accipiet.
2722 5404 2740 5437 ›
2777 5384 2890 5440 Hoc
2919 5386 3105 5443 dicens
3127 5389 3284 5446 docet
3307 5390 3568 5463 Spiritum
3596 5411 3624 5450 a
3651 5395 3793 5451 Filio

2210 5485 2534 5552 procedere,
2577 5487 2716 5540 sicut
2756 5487 3001 5555 procedit
3030 5505 3061 5542 a
3089 5487 3288 5544 Patre:
3323 5501 3407 5546 est
3434 5492 3580 5548 enim
3612 5492 3795 5566 Spiri-

2206 5591 2292 5639 tus
2320 5585 2595 5652 veritatis,
2627 5587 2880 5644 videlicet
2907 5588 3143 5656 Christi,
3171 5593 3263 5661 qui
3292 5593 3538 5649 veritatis
3568 5605 3691 5650 est:
3729 5598 3791 5650 et

2205 5686 2330 5754 quia
2359 5685 2524 5740 Filius
2560 5688 2722 5742 habet
2755 5690 2938 5744 omnia
2974 5707 3094 5760 qua:
3121 5691 3298 5748 Patris
3328 5705 3484 5756 sunt,
3513 5692 3617 5746 iste
3666 5692 3787 5765 ipse

2207 5787 2442 5860 Spiritus
2487 5789 2666 5846 Patris
2710 5799 2932 5850 testatur
2984 5797 3126 5865 quod
3177 5797 3246 5850 sit
3289 5793 3446 5861 Filii,
3497 5805 3554 5852 et
3582 5794 3785 5874 accipit
