4026 6346
182 389 297 445 εδδ

1088 385 1362 441 CONTRA
1395 383 1807 442 GRECORUM
1842 383 2203 441 OPPOSl'I‘A.
2248 412 2315 426 -—
2358 384 2486 438 LIB.
2528 381 2593 436 II.

3358 382 3461 435 266

184 502 258 556 de
282 500 445 556 Filio.
483 499 623 569 Quid
649 499 885 571 accipit?
907 499 1130 554 omnino
1156 500 1564 555 subsistentiam
1588 500 1655 555 de
1680 498 1773 554 illo
1800 507 1851 566 Α
1878 513 1982 567 que
2030 498 2311 552 nativitate
2356 495 2647 565 conjungi,
2698 501 2757 549 ut
2794 492 2958 549 Pater
2993 502 3048 548 et
3089 493 3277 549 Filius.
3328 494 3461 549 Item

183 591 555 663 procedendo.

257 685 318 738 In
345 680 835 752 consequentibus:
867 701 886 734 ι
916 682 1061 738 Idem
1085 691 1264 737 autem
1289 682 1529 752 Spiritus
1556 682 1688 749 Dei,
1721 690 1777 737 et

185 775 429 845 Spiritus
453 774 654 829 Christi
678 784 761 829 est
778 815 793 839 ,
826 775 1097 829 adducens
1120 784 1179 829 et
1198 775 1461 843 copulans
1493 790 1615 831 eum
1635 816 1649 840 ,
1683 775 1776 844 qui

180 881 250 923 se
277 866 556 927 habuerit,
604 863 830 919 Domino
859 863 984 918 Iesu
1012 863 1248 918 Christo.
1285 865 1438 920 Unde
1459 866 1515 918 in
1546 878 1776 933 sequen-

185 956 339 1011 tibus
386 953 623 1007 dicitur:
659 952 720 1007 Si
757 954 874 1023 quis
916 963 1088 1006 autem
1130 953 1393 1022 Spiritum
1436 954 1631 1008 Christi
1674 969 1778 1008 non

180 1047 340 1101 habet
362 1086 377 1111 ,
428 1046 512 1098 hic
541 1061 645 1099 non
683 1054 757 1098 est
804 1045 915 1114 ejus
948 1044 1120 1115 (Rom.
1149 1061 1278 1110 vm,
1311 1045 1386 1116 9).
1422 1065 1438 1096 ι
1489 1045 1545 1100 Si
1576 1045 1667 1115 qui
1694 1053 1780 1099 est

182 1138 429 1209 Spiritus
460 1138 587 1201 Dei,
614 1145 773 1191 estet
801 1136 1034 1206 Spiritus
1060 1136 1294 1201 Christi,
1326 1137 1777 1206 quemadmodum

181 1236 378 1283 auctor
402 1238 505 1282 Iste
529 1226 760 1293 fatetur;
803 1228 946 1281 haud
984 1228 1203 1282 dubium
1237 1243 1339 1283 non
1372 1237 1497 1283 sunt
1522 1228 1626 1283 duo
1657 1228 1779 1299 Spi-

179 1318 345 1382 ritus,
399 1318 537 1372 alius
585 1317 779 1383 Patris,
835 1319 976 1374 alius
1007 1318 1161 1383 Filii,
1212 1320 1307 1375 sed
1356 1335 1495 1374 unus
1537 1328 1593 1374 et
1636 1320 1778 1374 idem

180 1409 493 1478 utriusque.
524 1409 591 1463 Et
629 1411 677 1463 si
704 1409 909 1465 Christi
947 1409 1182 1479 Spiritus
1221 1419 1306 1465 est
1346 1411 1391 1465 is
1421 1412 1511 1480 qui
1545 1410 1779 1481 Spiritus

178 1499 281 1553 Dei
308 1499 491 1553 Patris
516 1509 628 1563 est;
658 1501 799 1555 sicut
826 1501 1070 1570 procedit
1095 1517 1126 1553 a
1155 1500 1335 1565 Patre,
1369 1503 1447 1556 sic
1474 1502 1717 1571 procedit
1743 1516 1775 1555 a

176 1587 363 1642 Filio:
402 1604 508 1643 non
555 1590 702 1643 enim
751 1590 887 1644 alias
932 1590 1026 1645 Dei
1070 1590 1249 1645 Patris
1289 1592 1487 1646 dicitur
1522 1592 1773 1661 Spiritus,

176 1680 287 1733 nisi
317 1680 463 1749 quod
496 1695 529 1732 a
556 1680 669 1733 Deo
692 1679 851 1733 Patre
884 1681 1159 1749 procedit;
1205 1681 1284 1735 sic
1314 1697 1419 1736 non
1453 1683 1613 1737 aliter
1642 1682 1776 1736 dici-

177 1776 271 1820 tur
293 1767 532 1836 Spiritus
546 1767 767 1834 Christi,
795 1770 897 1823 nisi
914 1769 1039 1838 quia
1068 1772 1309 1838 procedit
1336 1787 1365 1825 a
1390 1772 1639 1827 Christo:
1664 1787 1775 1826 nou

1881 589 2205 659 copulantur
2252 588 2577 651 substantia,
2622 602 2727 642 non
2781 597 2959 643 autem
3014 588 3316 652 nativitate,
3364 588 3463 644 sed

1880 678 2246 747 processione,
2276 676 2445 732 Filius
2473 686 2527 730 et
2556 675 2811 745 Spiritus.
2845 676 2986 747 Ergo
3009 675 3136 730 dum
3166 677 3320 740 dicit,
3348 675 3463 730 ubi-

1880 781 2093 834 cunque
2130 765 2362 835 Spiritus
2389 765 2567 828 fuerit,
2601 765 2671 819 ibi
2701 774 2755 820 et
2781 764 3031 821 Christus
3054 775 3171 831 est;
3204 775 3260 822 et
3291 765 3460 820 unde-

1880 872 2093 928 cunque
2113 857 2313 912 Christi
2340 857 2573 925 Spiritus
2595 858 2925 921 discesserit,
2949 858 3071 912 inde
3093 858 3291 927 pariter
3312 872 3465 913 rece-

1881 951 1961 1005 dit
2010 959 2065 1004 et
2110 949 2389 1013 Christus,
2443 957 2709 1003 monstrat
2749 949 3064 1005 societatem
3113 950 3303 1015 istam,
3356 964 3461 1005 non

1881 1042 2157 1097 voluntate
2184 1042 2358 1097 solum
2381 1082 2394 1105 ,
2446 1042 2874 1111 substantiaque,
2924 1057 3112 1097 verum
3140 1044 3305 1095 etiam
3334 1058 3462 1111 pro-

1876 1136 2147 1199 cessione,
2193 1142 2473 1197 constare;
2521 1132 2666 1202 quod
2694 1131 2933 1202 Spiritus
2962 1148 3070 1187 non
3112 1132 3286 1188 solum
3338 1148 3466 1187 oon-

1880 1225 2251 1281 suhstantialis
2272 1234 2452 1285 exstat
2487 1224 2713 1289 Christi,
2759 1238 2949 1279 verum
2976 1224 3141 1279 etiam
3164 1224 3364 1280 existat
3395 1224 3465 1279 ab

1880 1314 2020 1383 ipso.

1949 1403 2081 1458 Item
2126 1403 2399 1472 posterius
2448 1402 2688 1473 Apostoli
2740 1404 3110 1460 testimonium
3154 1419 3460 1472 assumens,

1878 1494 1998 1547 ait:
2037 1512 2055 1544 ι
2095 1494 2220 1548 Non
2261 1495 2532 1563 accepistis
2587 1494 2842 1562 Spiritum
2879 1496 3143 1549 servitutis
3182 1497 3236 1549 in
3278 1497 3464 1550 timore

1879 1584 2059 1655 (Rom.
2085 1600 2202 1647 vtu,
2242 1585 2361 1655 15);
2395 1586 2447 1639 id
2475 1594 2559 1640 est
2601 1600 2705 1639 non
2739 1586 2791 1638 in
2832 1585 3239 1640 similitudinem
3273 1600 3461 1640 servo-

1878 1688 2019 1736 rum,
2034 1684 2179 1728 metu
2206 1684 2263 1729 et
2292 1685 2497 1729 terrore
2522 1690 2802 1743 pmnarum
2818 1690 2913 1729 vos
2928 1675 3211 1730 abstinetis
3237 1690 3267 1730 a
3293 1674 3460 1738 vitiis,

1876 1767 2001 1835 quia
2033 1766 2243 1822 habetis
2273 1768 2426 1823 vobis
2456 1768 2638 1823 datum
2664 1765 2924 1837 Spiritum
2952 1767 3275 1838 adoptionis,
3301 1768 3354 1823 id
3376 1776 3463 1823 est

175 1856 330 1911 enim
350 1866 441 1911 est
461 1867 731 1922 creatura,
748 1874 856 1927 quo
871 1869 1122 1928 tanquam
1152 1859 1377 1915 inferior
1406 1862 1769 1931 possideatur,
1802 1866 1847 1925 B
1878 1854 2137 1925 Spiritum
2161 1868 2440 1923 sanctum;
2462 1858 2735 1926 quietiam
2754 1856 2989 1926 Spiritus
3013 1857 3135 1911 Filii
3156 1856 3455 1913 etChristi:

174 1947 277 2003 sed
315 1948 813 2003 consubstantialis.
852 1948 944 2003 Sic
971 1964 1184 2020 quoque
1213 1952 1355 2019 quod
1380 1952 1561 2017 addit,
1602 1952 1774 2022 Spiri-

172 2048 297 2093 tum
324 2038 530 2094 Christi
559 2056 665 2095 non
689 2041 977 2097 habentem
1000 2042 1200 2097 Chl'Isll
1228 2060 1333 2099 non
1359 2060 1498 2110 esse,
1529 2046 1595 2101 de
1618 2046 1773 2102 Chri-

174 2140 264 2183 sto
289 2128 491 2183 fatetur
514 2131 889 2199 prodeuntem,
914 2148 1075 2202 quem
1104 2133 1237 2187 dicit
1263 2150 1385 2190 esse
1411 2134 1644 2202 Christi;
1674 2153 1773 2193 nec

169 2235 301 2275 esse
331 2234 492 2289 posse
531 2220 753 2287 Christi,
797 2223 889 2291 qui
930 2239 1032 2277 non
1077 2223 1273 2278 habeat
1317 2223 1579 2295 Spiritum
1614 2227 1767 2296 ejus;

173 2310 440 2378 quoniam
490 2309 543 2363 in
593 2326 702 2378 quo
735 2326 842 2364 nou
894 2321 979 2365 est
1019 2311 1253 2380 Spiritus
1275 2314 1509 2381 Christi,
1558 2333 1664 2373 non
1688 2328 1775 2374 est

168 2397 465 2453 Christus:
500 2416 604 2454 non
632 2403 781 2455 enim
800 2403 1133 2459 habitatione
1159 2417 1502 2476 separantur,
1528 2410 1619 2478 qui
1644 2412 1772 2466 sub-

172 2490 387 2543 stantia
418 2491 757 2560 copulantur.
798 2493 947 2549 Unde
979 2495 1237 2551 discimus
1270 2498 1582 2554 societatem
1606 2517 1769 2570 quam

173 2580 346 2635 habet
379 2580 614 2651 Spiritus
644 2582 711 2637 ad
737 2582 1033 2651 Christum,
1056 2589 1198 2655 quod
1223 2588 1420 2644 habeat
1439 2602 1495 2645 et
1518 2594 1585 2647 ad
1600 2593 1768 2650 Deum

173 2669 401 2725 Patrem
436 2690 451 2725 :
501 2688 607 2727 non
663 2674 807 2728 enim
848 2686 1024 2743 potest
1066 2692 1254 2732 eorum
1292 2681 1613 2736 societatem
1661 2699 1769 2738 non

172 2763 408 2828 habere,
442 2764 636 2833 quibus
658 2774 744 2820 est
760 2770 1260 2835 consubstantialis,
1285 2780 1342 2826 et
1366 2788 1394 2825 a
1423 2774 1620 2841 quibus
1648 2775 1768 2829 exi-

175 2856 297 2911 stit.
342 2856 570 2912 Inferius
620 2874 876 2928 quoque:
924 2878 942 2911 ι
980 2859 1085 2915 Sed
1135 2871 1190 2916 et
1236 2863 1289 2916 in
1339 2863 1575 2933 Epistula
1622 2864 1768 2919 Petri

176 2947 422 3017 Spiritus
448 2957 673 3004 sanctus
701 2964 821 3004 esse
846 2950 1052 3005 Christi
1079 2950 1320 3021 Spiritus
1341 2954 1764 3023 comprobatur:

177 3047 512 3104 scrutantes,
538 3039 734 3109 inquit,
756 3052 817 3094 et
836 3043 1184 3110 exquirentes
1200 3042 1280 3114 (id
1299 3051 1385 3097 est
1406 3045 1680 3115 prophetae
1703 3047 1768 3101 de

177 3128 383 3197 quibus
408 3128 458 3183 ei
489 3128 666 3183 fuerat
695 3144 874 3184 sermo
901 3130 1168 3203 superior)
1209 3132 1263 3187 in
1298 3134 1441 3202 quod
1481 3143 1574 3188 aut
1609 3135 1767 3205 quale

1876 1957 1932 2001 et
1958 1948 2201 2003 veritatis
2229 1949 2420 2004 dicitur
2458 1959 2620 2017 atque
2660 1948 2956 2018 sapientiae.
2993 1968 3011 2000 ι
3047 1948 3185 2015 Quid
3220 1963 3318 2017 per
3343 1948 3462 2003 haec

1874 2037 2155 2092 insinuat?
2183 2054 2308 2092 nam
2337 2038 2537 2093 veritas
2563 2046 2621 2092 et
2659 2038 2925 2108 sapientia
2960 2038 3209 2093 Christus
3234 2047 3318 2094 est
3358 2046 3377 2110 (
3400 2046 3463 2092 ut

1874 2126 2154 2199 Scriptura
2198 2136 2448 2193 testatur,
2484 2138 2539 2184 et
2577 2144 2686 2183 non
2728 2128 2894 2184 semel
2925 2129 3276 2200 approbatum
3319 2129 3459 2201 est,)

1872 2220 2120 2277 Christus
2144 2238 2359 2292 quoque
2378 2222 2549 2276 Filius
2575 2220 2755 2275 Patris
2778 2228 2861 2277 est
2889 2221 3034 2276 haud
3076 2222 3318 2277 dubium.
3363 2221 3461 2275 Af-

1872 2312 2055 2366 lirmat
2085 2312 2345 2381 Spiritum
2375 2320 2623 2365 sanctum
2672 2310 3049 2380 procedentem
3071 2325 3103 2364 a
3148 2310 3304 2376 Filio,
3336 2325 3461 2381 pro-

1871 2405 2153 2459 cedentem
2184 2420 2213 2458 a
2240 2402 2485 2469 Christo;
2518 2403 2900 2473 procedentem
2940 2418 2972 2456 a
3017 2403 3245 2457 veritate
3287 2411 3343 2459 et
3368 2418 3457 2459 sa-

1870 2494 2069 2561 pientia
2102 2509 2208 2548 non
2240 2494 2455 2562 quidem
2490 2492 2634 2562 quod
2662 2493 2772 2547 sint
2802 2491 3035 2562 Spiritus
3072 2492 3292 2557 diversi,
3329 2493 3457 2561 quia

1870 2598 1977 2637 non
2006 2593 2133 2639 sunt
2160 2600 2281 2653 qua:
2306 2584 2485 2654 posita
2514 2592 2661 2648 sunt,
2694 2598 2924 2653 quorum
2953 2598 3076 2638 esse
3112 2584 3310 2637 dicitur
3334 2583 3455 2652 Spi-

1870 2675 2031 2740 ritus,
2066 2675 2336 2730 diversam
2363 2675 2721 2730 substantiam
2751 2673 3133 2739 significantia.
3174 2673 3461 2743 Sapientia

1871 2779 2103 2834 namque
2129 2774 2183 2820 et
2216 2767 2435 2831 veritas,
2466 2775 2521 2820 et
2560 2764 2836 2828 Christus,
2877 2763 3074 2819 Filium
3122 2765 3450 2834 praedicant;

1869 2852 2121 2909 Christus
2144 2866 2364 2925 propter
2388 2856 2663 2909 hominem
2692 2865 3041 2926 susceptura;
3067 2858 3289 2920 veritas,
3322 2874 3457 2928 quo-

1869 2946 2018 3000 niam
2049 2948 2165 3017 ipse
2193 2949 2328 3003 dixit
2360 2967 2373 3002 :
2425 2948 2539 3019 Ego
2583 2966 2699 3004 sum
2741 2952 2958 3005 veritas.
2992 2951 3287 3023 Sapientia,
3312 2954 3457 3025 .quia

1868 3037 2066 3094 Paulus
2089 3048 2319 3094 testatur
2342 3041 2407 3095 de
2431 3040 2547 3110 ipso
2578 3041 2631 3113 (1
2653 3039 2776 3096 Cor.
2808 3058 2848 3107 ι,
2887 3042 2998 3113 50),
3032 3045 3174 3113 quod
3206 3044 3277 3099 sit
3300 3046 3458 3099 nobis

1870 3146 1899 3184 a
1928 3131 2037 3186 Deo
2078 3131 2251 3188 factus
2295 3132 2592 3203 Sapientia.
2638 3134 2777 3202 Quid
2806 3135 2921 3191 haec
2951 3137 3131 3191 omnia
3162 3137 3458 3209 colligunt?

176 3228 399 3290 tempus
448 3222 791 3292 signiﬁcabat
838 3222 953 3287 his,
1010 3225 1105 3295 qui
1156 3225 1210 3279 in
1256 3226 1335 3281 eis
1374 3235 1495 3281 erat
1536 3226 1770 3298 spiritus
1798 3218 1842 3280 C
1872 3218 2065 3275 Procul
2093 3222 2253 3279 dubio
2283 3223 2426 3294 quod
2454 3225 2763 3293 procedata
2791 3224 2949 3291 Filio,
2978 3225 3135 3294 cujus
3160 3241 3281 3283 esse
3316 3227 3455 3284 dici-

178 3310 422 3377 Christi,
462 3313 760 3369 testificaris
803 3314 855 3368 in
888 3313 1105 3371 Christo
1135 3318 1437 3386 passiones,
1474 3327 1530 3375 et
1556 3334 1619 3375 ea
1650 3335 1770 3389 qua:

176 3410 309 3473 post
335 3411 488 3456 erant
519 3411 771 3457 secutura
802 3405 1038 3458 decreta.
1076 3425 1095 3458 ι
1129 3406 1195 3460 Et
1228 3407 1389 3476 paulo
1416 3418 1539 3477 post
1568 3427 1580 3463 :
1613 3428 1631 3460 ι
1664 3408 1770 3465 Iste

180 3501 366 3545 autem
390 3490 625 3562 Spiritus
654 3502 876 3548 sanctus
901 3494 1076 3549 dictus
1104 3504 1190 3550 est
1216 3505 1271 3551 et
1301 3495 1534 3566 Spiritus
1564 3497 1678 3564 Dei,
1710 3506 1769 3553 ut

182 3582 254 3637 ibi
286 3597 301 3635 :
339 3582 423 3636 Ea
443 3600 559 3654 qua:
597 3583 696 3638 Dei
733 3595 852 3638 sunt
896 3602 1043 3639 nemo
1086 3587 1227 3640 uouit
1276 3588 1378 3641 nisi
1415 3588 1645 3657 Spiritus
1669 3588 1767 3643 Dei

180 3674 235 3744 (I
267 3673 393 3729 Cor.
436 3691 515 3739 ιι,
564 3676 726 3745 11).»
771 3676 1036 3730 Eumdem
1081 3692 1210 3747 ergo
1254 3676 1456 3732 fatetur
1498 3677 1765 3747 Spiritum

179 3770 405 3836 Christi,
434 3771 525 3839 qui
560 3772 634 3826 sit
661 3770 895 3841 Spiritus
924 3772 1051 3837 Dei,
1085 3788 1149 3827 ac
1188 3789 1284 3843 per
1314 3775 1418 3828 hoc
1442 3773 1509 3829 de
1538 3786 1766 3845 utroque

176 3863 571 3930 prodeuntem;
621 3864 875 3932 quoniam
908 3880 1011 3918 nou
1054 3865 1124 3918 sit
1165 3865 1309 3919 aliud
1349 3882 1448 3919 cur
1488 3868 1767 3936 utriusque

180 3955 394 4009 dicatur
430 3952 667 4022 Spiritus
698 3972 710 4007 :
748 3956 970 4025 aequalis
1008 3964 1092 4009 est
1140 3958 1285 4011 enim
1314 3966 1370 4011 et
1404 3960 1764 4013 consubstan-

178 4044 341 4098 tialis.
390 4045 526 4099 Item
556 4045 693 4099 infra
738 4045 1014 4116 loquitur:
1050 4066 1068 4097 ε
1104 4046 1207 4101 Per
1244 4049 1346 4102 hoc
1374 4050 1515 4118 quod
1554 4050 1667 4105 ait:
1703 4049 1765 4105 Si

174 4135 289 4203 quis
332 4146 512 4189 autem
560 4134 815 4204 Spiritum
842 4134 1037 4191 Christi
1069 4154 1175 4191 non
1198 4137 1375 4201 habet,
1413 4140 1508 4194 iste
1552 4158 1656 4194 non
1688 4150 1763 4195 est

176 4228 286 4295 ejus
315 4226 500 4297 (Rom.
527 4243 643 4290 vm,
674 4227 750 4297 9).
786 4228 853 4282 Et
897 4226 1162 4282 infertur:
1207 4228 1264 4283 Si
1312 4242 1487 4284 autem
1525 4231 1763 4287 Christus

175 4323 232 4373 in
272 4320 414 4374 vobis
458 4331 532 4374 est
565 4320 752 4391 (lbid.,
806 4320 918 4389 40),
944 4320 1394 4377 manifestissime
1421 4324 1760 4379 demonstra-

175 4411 251 4463 vit
299 4409 716 4478 inseparabilcm
766 4425 886 4464 esse
932 4410 1192 4479 Spiritum
1243 4422 1555 4483 sanctump
1600 4414 1761 4468 Chri-

175 4510 289 4566 sto;
322 4502 451 4571 quia
484 4501 789 4571 ubicunque
830 4501 1065 4571 Spiritus
1104 4502 1286 4565 fuerit,
1320 4502 1391 4556 ibi
1423 4513 1477 4557 et
1514 4504 1761 4560 Christus

174 4602 293 4647 est:
320 4602 378 4648 et
404 4592 762 4661 undecunque
789 4591 989 4648 Christi
1020 4592 1252 4663 Spiritus
1277 4594 1604 4661 discesserit,
1638 4596 1761 4652 inde

173 4687 377 4754 pariter
408 4686 615 4741 recedit
641 4695 697 4741 et
720 4685 988 4742 Christus.
1012 4706 1030 4739 ι
1063 4687 1166 4741 Ista
1191 4688 1424 4743 societ-as
1451 4688 1685 4758 Spiritus
1705 4698 1759 4745 et

173 4776 410 4842 Christi,
459 4792 621 4846 quam
671 4776 851 4841 docet,
901 4793 1008 4831 non
1060 4786 1267 4832 tantum
1319 4778 1609 4834 voluntatis
1650 4791 1752 4844 εει,

172 4883 357 4925 verum
379 4870 543 4924 etiam
569 4870 1057 4936 substantialitatis,
1075 4880 1131 4926 et
1152 4888 1257 4925 nou
1281 4872 1755 4930 substantialitatis

173 4960 378 5026 solum,
426 4978 613 5019 verum
658 4965 824 5019 etiam
876 4966 1240 5033 processionis
1277 4984 1290 5020 :
1336 4976 1563 5036 possunt
1606 4968 1749 5023 enim

173 5051 447 5109 voluntate
489 5054 740 5126 conjungi
786 5071 907 5125 quae
950 5058 1250 5112 substantia
1291 5070 1653 5128 separantur;
1696 5069 1755 5115 ut

173 5142 303 5198 illud
344 5146 487 5214 quod
530 5145 783 5202 Christus
833 5147 1071 5217 loquitur
1118 5148 1444 5217 discipulis:
1491 5149 1627 5205 Ecce
1662 5168 1756 5221 ego

174 5236 429 5291 vobiscum
476 5255 592 5293 sum
639 5240 877 5295 omnibus
913 5241 1096 5294 diebus
1139 5240 1352 5310 (Matth.
1394 5259 1596 5310 xxvut,
1626 5244 1750 5316 20);

174 5326 265 5382 vel
288 5329 423 5396 quod
455 5329 509 5383 in
540 5332 790 5399 praesenti
818 5331 937 5387 loco
963 5332 1129 5396 dixit,
1162 5332 1216 5385 in
1262 5348 1371 5400 quo
1407 5343 1490 5388 cst
1519 5334 1755 5403 Spiritus

173 5416 369 5471 Christi
397 5420 467 5474 sit
498 5436 711 5489 quoque
731 5420 1000 5477 Christus.
1037 5422 1092 5476 In
1129 5424 1326 5493 quibus
1363 5440 1595 5495 namque
1625 5426 1750 5495 Spi-

176 5508 315 5561 ritus
354 5510 557 5566 Christi
597 5520 713 5577 est,
757 5522 813 5568 et
842 5513 1090 5570 Christus
1118 5531 1333 5587 quoque
1378 5518 1585 5588 pariter
1625 5528 1747 5573 est:

174 5596 336 5650 simul
364 5601 577 5669 quidem
608 5610 765 5668 sunt,
812 5606 907 5659 sed
934 5605 1242 5673 voluntate,
1288 5624 1395 5663 non
1433 5609 1751 5673 substantia.

174 5688 323 5744 Deus
346 5694 541 5748 etenim
582 5705 638 5749 et
675 5697 838 5751 homo
866 5714 972 5773 non
1000 5701 1185 5766 unius,
1234 5702 1328 5757 scd
1372 5702 1600 5757 diversae
1630 5712 1756 5757 sunt

172 5780 506 5839 substantim.
544 5785 677 5841 Item
701 5799 926 5857 possunt
947 5793 1246 5849 substantia
1273 5794 1537 5865 copulari,
1568 5796 1754 5852 simul-

491 5878 771 5941 Parum.
795 5880 1027 5945 CXXI.

1786 4569 1839 4627 D

1875 3319 1964 3365 tur
1993 3311 2230 3382 Spiritus
2255 3332 2267 3368 :
2296 3330 2403 3369 non
2430 3316 2577 3369 enim
2604 3315 2686 3369 vel
2709 3330 2837 3385 pars
2862 3317 2982 3387 ejus
3008 3326 3185 3387 potest
3207 3335 3346 3387 esse,
3370 3321 3459 3379 vel

1873 3404 2088 3473 aliquod
2118 3405 2256 3461 Filio
2282 3406 2613 3477 subjectum.
2646 3408 2802 3463 Unde
2843 3424 2974 3479 ergo
3010 3409 3198 3465 illius?
3224 3411 3454 3468 Proces-

1871 3495 2044 3561 sione,
2073 3497 2188 3552 sive
2212 3499 2779 3555 consubstantialitate
2805 3518 2817 3553 :
2864 3501 2958 3555 sed
2983 3503 3459 3559 consubstantiali-

1873 3592 1955 3638 tas
1980 3585 2344 3655 aequalitatem
2369 3589 2638 3653 ostendit;
2670 3588 2951 3657 aequalitas
2976 3600 3154 3646 autem
3184 3607 3293 3647 non
3330 3592 3457 3648 sub-

1862 3678 2081 3748 jicitur;
2128 3681 2227 3735 sed
2277 3681 2574 3736 confertur.
2629 3680 2782 3737 Unde
2819 3697 2958 3753 ergo
3006 3682 3241 3752 Spiritus
3291 3684 3455 3742 Filii!

1869 3770 2013 3826 haud
2042 3771 2261 3825 dubium
2286 3772 2411 3840 quia
2444 3772 2687 3842 procedit
2707 3786 2778 3826 ex
2807 3773 2962 3828 Filio.

1938 3864 2220 3921 SulIiciant
2258 3868 2359 3923 ista
2390 3867 2459 3922 de
2497 3867 2638 3922 libro
2669 3869 2881 3939 Didymi
2926 3871 3168 3927 breviter
3204 3873 3450 3942 collecta,

1867 3958 1959 4027 qui
1985 3956 2114 4012 dum
2148 3958 2275 4012 talia
2303 3960 2371 4013 de
2401 3958 2606 4029 Spiritu
2637 3969 2828 4016 sancto
2856 3962 3064 4031 positus
3105 3964 3453 4022 Alexandria:

1865 4052 2093 4108 sentiret
2118 4060 2174 4107 et
2204 4054 2492 4119 scriberet,
2521 4070 2620 4110 nec
2646 4070 2677 4109 a
2700 4053 2925 4119 Crtecis,
2951 4072 3053 4111 nec
3077 4072 3108 4110 a
3136 4057 3451 4115 Graecorum

1865 4143 2285 4213 imperatoribus
2339 4153 2427 4199 est
2478 4144 2563 4199 vel
2609 4146 2969 4214 reprehensus
2998 4186 3014 4213 ,
3069 4148 3154 4202 vel
3208 4165 3454 4207 commu-

1864 4236 2024 4290 nione
2050 4252 2344 4305 suspensus
2380 4255 2392 4289 :
2420 4237 2799 4309 .intelligebant
2819 4240 2962 4297 enim
2990 4242 3080 4312 qui
3108 4258 3204 4312 per
3231 4244 3283 4299 id
3314 4255 3453 4299 tem-

1864 4327 2011 4394 poris
2038 4326 2428 4396 imperatores;
2463 4329 2554 4397 qui
2602 4345 2710 4384 non
2751 4330 2923 4386 solum
2961 4331 3449 4405 Constantinopoli,

1862 4428 2052 4469 verum
2092 4416 2256 4469 etiam
2316 4416 2500 4471 Romae
2555 4418 2881 4489 regnabant,
2943 4422 3271 4478 catholicum
3327 4440 3450 4480 esse

1866 4505 2093 4575 dogma,
2150 4507 2309 4559 fidem
2358 4507 2755 4575 apostolicam,
2813 4510 3099 4579 perfidiam
3150 4513 3448 4569 haeretico-

1867 4614 1988 4651 rum
2028 4614 2147 4667 quae
2193 4599 2517 4666 debellabat,
2565 4610 2621 4656 et
2664 4602 2914 4658 veritatis
2951 4603 3255 4661 doctrinam
3302 4605 3446 4661 aﬂir-

1864 4690 2067 4743 mahat.
2117 4688 2226 4743 Vos
2275 4704 2417 4744 nunc
2456 4690 2812 4760 imperatores
2858 4691 3133 4759 moderni,
3182 4696 3304 4749 novi
3354 4712 3444 4751 se-

1862 4790 2005 4835 ctam
2028 4782 2232 4835 erroris
2280 4781 2645 4847 institueutes,
2696 4784 2872 4838 videte
2921 4785 3074 4854 cujus
3116 4787 3235 4841 sitis
3283 4786 3441 4853 ﬁdei;

1862 4886 2105 4940 quosque
2150 4871 2454 4926 habueritis
2496 4874 2548 4927 in
2592 4875 2836 4929 doctrina
2871 4875 3070 4931 Christi
3112 4878 3440 4946 magistros:

1860 4975 1985 5013 nam
2033 4960 2246 5015 illorum
2293 4963 2677 5018 convincimini
2722 4980 2828 5019 non
2872 4979 2991 5020 esse
3039 4967 3307 5037 discipuli,
3347 4972 3441 5039 qui

1858 5051 2071 5120 priores
2113 5053 2278 5107 vestri
2324 5052 2494 5115 fuere,
2545 5054 2636 5118 qui
2677 5055 2999 5110 catholicam
3031 5056 3188 5112 fidem
3218 5061 3441 5117 robora-

1859 5159 2022 5210 vere,
2075 5146 2166 5215 qui
2207 5146 2359 5215 pravi
2416 5147 2683 5217 dogmatis
2738 5148 2955 5205 iuventa
3000 5166 3212 5223 semper
3268 5168 3439 5225 expu-

1859 5254 2107 5311 gnavere.

2472 5356 2699 5414 CAPUT
2738 5354 2825 5412 VI.

2366 5472 2367 5475 ’
2426 5471 2511 5527 Ea;
2560 5471 2867 5529 Paschasio.

1932 5607 2030 5663 His
2070 5610 2338 5666 sociemus
2369 5612 2500 5682 quid
2544 5628 2641 5683 per
2682 5615 2874 5670 eadem
2918 5604 3161 5685 tempora
3198 5615 3434 5671 Romana

1861 5701 2035 5756 sensit
2076 5701 2315 5757 Ecclesia
2360 5704 2426 5758 de
2471 5704 2675 5775 Spiritu
2732 5716 2957 5773 sancto,
3018 5716 3077 5762 ut
3119 5707 3435 5776 comproba-

1860 5793 2099 5851 verimus
2140 5811 2331 5849 novam
2379 5812 2485 5852 non
2532 5797 2645 5853 fore
2697 5809 2900 5854 sectam
2942 5816 3104 5868 quam
3145 5800 3433 5867 praedicat,

3000 5897 3036 5953 9
