4026 6346
637 487 732 542 sed
755 485 884 540 olim
914 478 1229 539 a‘Patribus
1273 479 1736 544 commendatam,
1769 488 1824 535 et
1869 492 1969 548 per
2006 478 2224 532 univero

633 593 756 633 sum
801 576 968 631 totius
996 571 1262 638 Ecclesiae
1301 583 1499 639 corpus
1546 567 1893 632 vindicatam,
1935 575 1992 621 et
2032 575 2222 622 contra

633 669 848 724 diversa
898 666 1192 722 sentientes
1223 670 1620 731 expugnatam;
1659 658 1979 713 ostendatur
2020 658 2224 727 pariter

633 760 838 816 frustra
864 770 1010 811 nunc
1053 741 1377 824 reprehendi
1409 751 1566 820 quasi
1603 764 1798 804 novmn
1843 750 2040 820 dogma
2085 764 2224 818 prte-

633 849 845 912 dicans,
875 859 998 901 cum
1031 844 1102 899 sit
1141 857 1178 897 a
1219 841 1494 914 prioribus
1531 839 1734 896 nostris
1773 853 1986 910 semper
2024 839 2223 908 praedi-

631 950 837 998 catum.

699 1028 1046 1091 Paschasius,
1095 1024 1350 1094 antiquus
1391 1023 1649 1078 Romanae
1678 1021 1822 1076 sedis
1848 1029 1904 1076 et
1935 1019 2126 1075 doctor
2167 1029 2224 1076 et

629 1120 924 1184 diaconus,
970 1119 1024 1173 in
1070 1117 1252 1172 libello
1289 1129 1449 1185 quem
1496 1115 1562 1170 de
1604 1113 1811 1183 Spiritu
1856 1120 2046 1168 sancto
2089 1113 2222 1167 scri-

626 1213 756 1284 psit,
797 1211 1010 1283 Didymi
1056 1224 1292 1279 sequens
1327 1206 1678 1263 Alexandrini
1724 1205 1974 1275 vestigia,
2011 1204 2090 1259 sic
2133 1205 2218 1260 in-

624 1303 688 1358 fit
715 1303 829 1375 (lib.
863 1319 901 1366 ι,
935 1317 1054 1366 cap.
1079 1299 1134 1362 2)
1164 1316 1176 1352 :
1209 1317 1228 1350 ι
1263 1297 1376 1351 Νοη
1401 1296 1663 1351 scruteris
1703 1294 1934 1364 qualiter
1961 1294 2102 1348 Deus
2128 1293 2219 1356 sit,

624 1410 789 1466 quem
819 1393 989 1449 Deum
1029 1406 1150 1446 esse
1195 1387 1538 1443 manifestum
1570 1395 1671 1441 est.
1724 1384 1823 1438 Hic
1875 1383 2018 1437 ratio
2065 1383 2218 1446 latet,

623 1486 832 1542 veritas
853 1502 962 1541 non
994 1484 1145 1540 latet.
1175 1482 1286 1538 Cur
1307 1482 1608 1551 interroges
1644 1479 1915 1550 quomodo
1939 1477 2011 1532 sit
2039 1476 2221 1532 socius

620 1588 682 1636 et
712 1577 936 1648 aequalis
965 1575 1148 1647 Regis,
1177 1587 1337 1644 quem
1365 1572 1497 1642 regii
1531 1578 1744 1625 constat
1766 1583 1890 1624 esse
1912 1577 1968 1624 et
1997 1566 2221 1622 honoris

614 1677 679 1724 et
701 1667 941 1738 generis.
967 1665 1045 1720 Ex
1071 1662 1342 1735 superﬂuo
1367 1661 1434 1715 de
1455 1661 1673 1715 nomine
1702 1659 1882 1730 agitur
1911 1655 2216 1727 inquisitio,

621 1761 716 1816 ubi
746 1775 854 1815 non
885 1766 970 1814 est
1006 1757 1074 1812 de
1117 1755 1450 1810 sublimitate
1497 1752 1782 1807 dubitatio.
1821 1770 1840 1802 ι
1877 1749 1991 1805 Hoc
2021 1749 2216 1803 adver-

620 1868 717 1910 sus
745 1850 1008 1914 Arianos,
1039 1848 1132 1918 qui
1181 1846 1418 1917 Spiritus
1455 1845 1628 1900 sancti
1676 1843 2010 1898 divinitatem
2055 1841 2218 1896 dene-

619 1945 858 2017 gabant,
909 1940 1156 1996 nolentes
1201 1936 1447 1992 conﬁteri
1495 1936 1647 1991 Patri
1690 1935 1939 2006 Filioque
1981 1935 2214 1990 consub-

620 2034 952 2100 stantialem,
987 2031 1080 2088 sed
1108 2037 1416 2086 creaturam
1443 2027 1700 2083 dicebant
1721 2027 1860 2082 Filio
1883 2025 2209 2095 subjectam,

617 2140 880 2199 tanquam
929 2125 1194 2180 minorem
1227 2163 1244 2188 ,
1304 2136 1400 2176 vos
1448 2121 1720 2176 veraciter
1765 2119 2098 2184 confutans,
2155 2128 2213 2174 et

617 2220 790 2276 Deum
814 2230 1004 2273 verum
1031 2229 1152 2270 esse
1193 2212 1475 2283 przedicat,
1502 2219 1558 2267 et
1599 2211 1808 2276 Patris,
1837 2219 1894 2266 et
1929 2210 2054 2266 Filii
2083 2225 2214 2265 con-

619 2307 1061 2367 substantialem.
1115 2303 1257 2372 Quid
1301 2303 1466 2358 etiam
1513 2302 1580 2357 de
1623 2301 1970 2374 processione
2013 2301 2213 2356 sentiat

619 2399 903 2457 subdendo
932 2394 1284 2451 manifestat:
1319 2411 1338 2444 t
1373 2393 1514 2464 Ergo
1551 2393 1676 2462 quia
1719 2391 1955 2462 Spiritus
1989 2399 2212 2446 sanctus

617 2505 686 2546 ex
717 2499 946 2558 utroque
965 2485 1214 2557 procedit
1240 2484 1362 2539 idco
1388 2482 1522 2538 dicit
1553 2500 1567 2538 :
1600 2482 1706 2548 Qui
1743 2492 1918 2536 autem
1954 2479 2211 2552 Spiritum

615 2580 814 2638 Christi
845 2596 948 2633 non
968 2577 1144 2642 habet,
1166 2586 1212 2631 et
1239 2577 1321 2630 hic
1349 2591 1452 2629 non
1488 2584 1564 2629 est
1612 2575 1725 2643 ejus
1770 2572 1944 2645 (Rom.
1981 2589 2099 2636 vtn,
2128 2573 2208 2644 9).

613 2673 686 2732 Et
722 2672 828 2728 alio
858 2671 979 2727 loco
1009 2686 1023 2725 :
1058 2668 1371 2742 Insuﬁlavit,
1399 2677 1445 2722 et
1468 2668 1602 2722 dixit
1633 2684 1652 2722 :
1690 2667 1922 2736 Accipite
1949 2664 2208 2737 Spiritum

611 2759 856 2822 stinctum
887 2759 1071 2834 (Joan.
1100 2776 1196 2825 xx,
1224 2759 1338 2832 ἥ).
1371 2777 1389 2811 ι
1421 2757 1679 2814 Testatur
1707 2767 1763 2814 et
1789 2757 2054 2830 Spiritum
2084 2771 2211 2812 san-

611 2864 765 2913 ctum
795 2870 862 2910 ex
887 2852 1052 2908 Patre
1078 2851 1325 2922 Filioque
1367 2851 1695 2920 procedere;
1727 2863 1991 2921 suamque
2025 2865 2209 2906 asser-

614 2945 823 3000 tionem
851 2943 1072 2999 roborat
1095 2949 1204 2995 tam
1234 2955 1302 2995 ex
1325 2940 1584 3012 Apostolo
1611 2957 1774 3012 quam
1801 2957 1868 2996 ex
1891 2941 2208 3010 Evangelia,

614 3038 824 3111 pariter
849 3035 1148 3092 ostendens
1167 3034 1293 3104 quia
1318 3032 1553 3103 Spiritus
1579 3048 1684 3088 non
1715 3033 1875 3088 aliter
1893 3035 2068 3104 possit
2087 3049 2210 3090 esse

616 3130 842 3192 Christi,
877 3127 982 3182 nisi
1012 3125 1271 3198 procedat
1302 3124 1370 3180 ab
1405 3123 1563 3194 ipso:
1605 3139 1707 3179 nec
1745 3124 1880 3180 alias
1918 3127 2011 3181 dat
2050 3125 2209 3182 Chri-

616 3230 738 3276 stus
792 3217 1054 3288 Spiritum
1101 3213 1446 3278 insuﬂlando,
1500 3213 1604 3269 nisi
1654 3229 1718 3268 ex
1770 3229 1868 3269 sua
1902 3215 2208 3270 substantia

615 3309 918 3373 mittendo,
959 3305 1229 3378 siquidem
1287 3319 1412 3360 cum
1456 3305 1668 3360 dicatur
1711 3303 1947 3375 Spiritus
1983 3305 2206 3372 Christi,

617 3402 941 3458 relationem
964 3398 1166 3454 habere
1187 3405 1522 3452 monstratur
1542 3397 1610 3453 ad
1623 3397 1900 3454 Christum
1917 3439 1931 3463 ,
1957 3414 2065 3454 non
2077 3415 2209 3456 vero

615 3502 876 3566 tanquam
906 3507 1097 3549 servus
1125 3490 1256 3563 (non
1277 3490 1428 3545 ettim
1469 3498 1555 3546 est
1591 3491 1864 3564 creatura)
1893 3505 1908 3546 :
1948 3493 2048 3549 sed
2090 3501 2209 3548 tau-

615 3601 779 3658 quam
819 3583 888 3639 ab
925 3581 1018 3638 illo
1053 3582 1274 3654 capiens
1299 3581 1650 3637 existentiam
1685 3583 2058 3654 procedendo,
2099 3600 2206 3641 non

612 3677 855 3737 creando
882 3675 966 3732 vel
989 3673 1324 3747 generando.
1351 3671 1620 3728 Similiter
1653 3687 1778 3728 cum
1815 3673 2055 3729 insumat
2081 3690 2204 3730 eum

611 3766 881 3826 mittendo
909 3783 921 3819 :
952 3778 1061 3820 non
1093 3762 1264 3818 mittit
1291 3769 1634 3827 extraneum,
1666 3777 1769 3817 nec
1797 3761 2017 3818 aliunde
2041 3778 2205 3832 quam

611 3859 681 3913 de
716 3855 939 3927 propria
963 3862 1159 3910 natura
1185 3869 1200 3907 :
1229 3867 1332 3908 nec
1360 3859 1541 3921 potest
1567 3851 1753 3921 negari
1782 3866 2070 3921 processus
2091 3850 2207 3921 ejus

612 3966 645 4005 a
681 3949 840 4013 Filio,
861 3961 1023 4016 quem
1053 3943 1378 4000 insumendo
1405 3957 1472 3997 ex
1504 3942 1712 3997 intimis
1751 3957 1863 3998 sua:
1904 3942 2205 3998 divinitatis

610 4042 786 4098 Filius
839 4038 1059 4096 emittit.
1097 4035 1387 4107 Subjungit
1429 4034 1611 4089 adhuc
1647 4035 1715 4090 de
1747 4035 1937 4090 eodem
1981 4037 2207 4106 loquens

612 4132 821 4206 Spiritu
869 4149 884 4185 :
927 4149 946 4182 ι
989 4127 1182 4185 Utrum
1217 4127 1433 4198 genitus
1474 4141 1541 4180 an
1584 4125 1856 4198 ingenitus
1897 4127 1971 4183 sit
2017 4128 2202 4196 requi-

608 4222 728 4280 ris?
768 4220 904 4276 nihil
938 4233 1008 4275 ex
1054 4218 1161 4274 hoc
1198 4215 1414 4286 eloquia
1451 4231 1608 4272 sacra
1655 4219 2012 4284 cecinerunt,
2050 4218 2206 4275 nefas

611 4322 699 4370 est
723 4313 1030 4382 irrumpere
1059 4308 1244 4364 divina
1275 4305 1510 4362 silentia.
1549 4306 1703 4373 Quod
1732 4307 1875 4362 Deus
1919 4307 2206 4377 scripturis

610 4404 727 4460 suis
778 4399 1128 4456 indicandum
1182 4413 1303 4454 esse
1347 4412 1458 4453 non
1511 4398 1779 4463 credidit,
1830 4400 2201 4470 interrogare,

610 4493 696 4551 vel
735 4492 879 4549 scire
919 4487 1190 4562 superﬂua
1225 4488 1540 4544 curiositate
1586 4497 1640 4543 te
1675 4489 1868 4544 noluit.
1912 4488 2028 4545 Hoc
2073 4505 2200 4561 per-

609 4589 799 4645 venire
863 4586 1064 4642 debere
1104 4583 1368 4656 judicavit
1433 4585 1501 4639 ad
1555 4586 1945 4641 conscientiam
2008 4595 2201 4653 tuam,

609 4682 756 4754 quod
795 4680 1031 4751 pertinet
1086 4679 1155 4733 ad
1203 4677 1434 4732 salutem
1491 4687 1659 4733 tuam.
1705 4699 1724 4731 s
1773 4677 1899 4734 Haec
1941 4680 2204 4736 adversus

609 4789 705 4830 eos
721 4771 956 4841 loquitur
969 4769 1060 4840 qui
1086 4769 1321 4839 Spiritus
1344 4769 1519 4824 sancti
1534 4783 1821 4838 personam
1832 4811 1847 4835 ,
1864 4778 2066 4826 sancta:
2081 4769 2204 4826 Tri-

607 4865 771 4922 nitati
801 4863 1146 4933 derogantes,
1175 4861 1344 4916 Deum
1368 4874 1492 4916 esse
1521 4876 1631 4916 non
1665 4861 2023 4933 recipiebant,
2075 4870 2199 4918 tan.

607 4971 776 5029 quam
806 4955 854 5010 si
881 4953 1026 5010 Deus
1063 4954 1390 5019 haberetur,
1427 4952 1513 5010 vel
1551 4953 1822 5026 ingenitus
1857 4953 1943 5010 vel
1983 4954 2195 5027 genitus

608 5045 967 5104 conﬁteretur
994 5062 1008 5096 :
1042 5042 1086 5097 si
1107 5043 1340 5114 genitus,
1371 5043 1476 5099 duo
1500 5042 1597 5098 ﬁlii
1627 5043 1970 5112 dicerentur,
1999 5053 2054 5100 et
2083 5044 2200 5114 jam

608 5139 866 5196 Salvator
888 5135 996 5191 dici
1017 5149 1123 5190 non
1153 5145 1338 5204 posset
1363 5136 1708 5207 unigenitus;
1737 5146 1990 5209 essetque
2009 5147 2199 5193 contra

608 5231 937 5290 catholicam
982 5228 1172 5292 ﬁdem,
1218 5244 1342 5300 qua:
1387 5229 1606 5300 quidem
1651 5230 1942 5286 conﬁtetur
1976 5234 2203 5287 credere

609 5342 670 5383 se
720 5327 776 5380 in
813 5325 982 5379 Deum
1018 5321 1238 5378 Patrem
1282 5324 1707 5394 omnipotentem
1740 5364 1756 5385 ,
1800 5333 1856 5379 et
1909 5324 1962 5379 in
2013 5321 2197 5379 Jesum

608 5417 888 5477 Christum
917 5413 1113 5470 Filium
1157 5413 1273 5483 ejus
1308 5415 1666 5488 unigenitum.
1699 5414 1854 5482 Quod
1897 5415 1944 5470 si
1981 5414 2204 5471 conﬁte-

609 5517 762 5566 retur
793 5505 1089 5576 ingenitus,
1113 5503 1228 5573 jam
1257 5520 1365 5558 non
1394 5520 1534 5558 unus
1561 5503 1743 5570 Pater,
1775 5504 1872 5570 sed
1911 5504 2019 5559 duo
2049 5517 2198 5559 com-

608 5597 1084 5671 probarentur;et
1101 5605 1244 5651 esset
1285 5596 1388 5650 hoc
1435 5594 1783 5650 nihilominus
1825 5595 1948 5650 ﬁdei
1997 5594 2196 5650 Catho-

609 5688 728 5745 lica
767 5687 923 5744 valde
959 5688 1318 5744 contrarium.
1360 5684 1644 5741 Credimus
1679 5687 1882 5742 etenim
1933 5688 1986 5740 in
2028 5695 2192 5740 unum

606 5780 778 5838 Deum
817 5780 1034 5838 Patrem
1079 5779 1526 5850 ontuipotentem.
1590 5779 1722 5834 Tam
1767 5795 2021 5850 perversa
2080 5795 2196 5835 ma-

1665 362 2026 420 RATRA‘MNI
2066 361 2512 419 CORBEIENSIS
2552 362 2858 422 MONACHI

3769 373 3851 428 268

2252 483 2298 542 Α
2325 477 2671 532 chinantihus
2699 475 2787 546 pie
2810 471 2947 532 satis
2975 483 3237 544 cauteque
3269 475 3553 545 respondet
3578 478 3741 535 doctor
3771 484 3849 540 iste

2324 568 2644 633 catholicus,
2685 568 2871 623 dicens
2915 564 3174 636 Spiritum
3219 576 3470 621 sanctum
3501 585 3595 623 nec
3633 575 3848 642 genitum,

2325 677 2425 716 nec
2463 661 2761 732 ingenitum
2800 658 2999 714 debere
3033 659 3171 724 diei,
3207 661 3353 729 quod
3381 672 3578 717 sancta:
3606 665 3852 738 Scriptum

2325 769 2432 810 non
2480 753 2779 824 loquuntur
2817 770 2831 808 :
2872 751 3072 808 debere
3114 767 3245 807 vero
3287 753 3526 824 proﬁteri
3575 759 3704 824 quod
3742 761 3852 818 atiir.

2325 852 2494 910 mant,
2521 843 2782 913 Spiritum
2802 842 3055 897 videlicet
3068 851 3317 898 sanctum
3337 843 3484 899 Patri
3510 845 3733 916 Filioque
3752 867 3853 908 con-

2323 935 2752 1000 substantialem,
2778 944 2835 990 et
2859 934 2926 989 de
2953 941 3184 1003 utroque
3213 936 3616 1005 procedentem.

2392 1025 2448 1080 In
2476 1025 2868 1096 posterioribus
2909 1023 3148 1095 loquitur
3181 1025 3320 1096 (cap.
3360 1025 3490 1095 10):
3526 1044 3543 1076 I
3587 1027 3640 1080 In
3671 1029 3854 1088 Actibus

2321 1118 2690 1189 apostolorum
2724 1117 2920 1172 Petrus
2959 1120 3026 1174 de
3060 1118 3290 1175 Domino
3326 1117 3455 1175 Jesu
3499 1119 3707 1177 Christo
3730 1122 3850 1179 diﬁc-

2321 1225 2448 1264 rens
2475 1210 2547 1264 ita
2578 1209 2710 1263 dicit
2739 1227 2752 1262 :
2786 1208 3014 1264 Dextera
3047 1209 3210 1280 igitur
3244 1209 3344 1264 Dei
3380 1211 3655 1276 excitatus,
3683 1223 3725 1266 et
3762 1231 3854 1282 pro-

2320 1301 2568 1354 missione
2595 1298 2821 1368 Spiritus
2843 1301 3012 1354 sancti
3034 1309 3244 1369 accepta
3279 1317 3312 1352 α
3348 1298 3530 1364 Patre,
3559 1302 3726 1370 effudit
3749 1303 3854 1357 [tunc

2318 1409 2471 1462 quem
2500 1391 2681 1446 videtis
2707 1400 2756 1444 et
2783 1391 2982 1445 auditis
3005 1391 3144 1460 (Act.
3175 1391 3366 1460 tt,53).
3388 1391 3446 1446 In
3472 1375 3682 1446 dextera
3704 1392 3852 1455 Filius,

2321 1483 2375 1538 in
2417 1485 2528 1539 Deo
2568 1483 2763 1548 Pater,
2804 1484 2858 1538 in
2897 1483 3132 1538 nominis
3169 1485 3252 1538 sui
3303 1484 3628 1554 proprietate
3665 1483 3856 1555 Spiritus

2320 1584 2546 1630 sanctus
2595 1576 2930 1644 designatur.
2967 1593 2986 1626 ι
3029 1575 3143 1630 Hoc
3183 1576 3498 1630 testimonio
3535 1578 3853 1645 comprobavit

2319 1667 2581 1737 Spiritum
2625 1677 2871 1722 sanetum
2915 1683 2944 1720 a
2980 1665 3119 1722 Filio
3157 1668 3457 1737 procedere
3482 1707 3496 1730 ,
3541 1682 3688 1738 quem
3721 1669 3778 1722 ab
3805 1684 3854 1724 eo

2319 1759 2456 1812 dixit
2479 1758 2708 1812 ell'usum
2736 1776 2748 1810 :
2780 1773 2887 1811 non
2913 1759 3060 1812 enim
3085 1757 3274 1813 eﬂ‘udit
3299 1761 3402 1814 nisi
3440 1763 3581 1830 quod
3609 1762 3657 1814 in
3687 1775 3738 1814 se
3760 1777 3853 1815 cono

2247 1853 2294 1914 B
2322 1852 2548 1913 tinehat,
2589 1866 2695 1904 non
2726 1851 2871 1905 velut
2906 1851 3098 1906 inloco
3127 1853 3485 1908 conclusum:
3527 1853 3617 1907 sed
3645 1865 3850 1922 tanquam

2317 1942 2371 1996 in
2397 1957 2457 1998 se
2488 1943 2919 1998 substantialiter
2965 1955 3270 2000 manentem
3308 1964 3321 2000 :
3368 1960 3468 2000 nec
3507 1946 3584 2000 sic
3623 1945 3785 2000 eilndit
3809 1956 3852 1999 ut

2315 2033 2399 2086 sui
2430 2034 2804 2088 vacuationem
2838 2033 3069 2099 faceret;
3103 2037 3563 2104 quemadmodum
3601 2051 3687 2089 vas
3720 2033 3849 2089 cilici-

2314 2130 2406 2177 tur
2443 2139 2672 2178 vacuum
2721 2139 2845 2178 cum
2887 2125 3182 2180 cll'unditur
3231 2128 3378 2196 quod
3424 2127 3774 2182 continebatur
3809 2127 3848 2180 in

2313 2213 2450 2270 illo:
2496 2224 2577 2270 est
2611 2231 2793 2270 rerum
2835 2217 2977 2271 istud
3012 2232 3400 2288 corporearum
3429 2233 3444 2272 :
3492 2228 3573 2273 est
3611 2219 3658 2272 in
3692 2218 3850 2272 divinis

2313 2321 2422 2361 non
2446 2305 2609 2362 idem.
2643 2305 2780 2362 Cum
2813 2307 2959 2362 enim
3003 2308 3089 2362 vel
3120 2307 3285 2364 Pater
3319 2309 3403 2364 vel
3439 2309 3603 2364 Filius
3635 2308 3846 2379 Spiritum

2313 2395 2564 2462 etfundit,
2606 2413 2714 2453 non
2750 2413 2809 2453 se
2853 2409 3067 2460 vacuat,
3119 2399 3214 2455 sed
3262 2401 3346 2455 sui
3385 2401 3621 2455 muneris
3663 2400 3847 2471 gratiam

2311 2487 2430 2541 sine
2455 2489 2538 2542 sui
2562 2488 2761 2543 damno
2784 2489 2981 2558 quibus
3005 2487 3119 2543 vult
3142 2490 3526 2546 communicat.
3555 2489 3618 2544 Et
3641 2487 3761 2543 infra
3778 2503 3846 2558 po-

2313 2589 2447 2630 nens
2476 2577 2844 2631 testimOnium
2885 2576 3124 2648 Apostoli
3152 2596 3164 2632 :
3198 2597 3216 2630 ι
3282 2577 3384 2633 Vos
3412 2589 3582 2634 autem
3623 2595 3712 2632 non
3733 2577 3845 2634 estis.

2313 2668 2508 2739 inquit,
2547 2671 2602 2723 in
2639 2686 2820 2733 carne,
2869 2671 2962 2724 sed
3001 2671 3056 2725 in
3084 2670 3290 2742 Spiritu
3316 2689 3335 2726 .°
3383 2673 3429 2727 si
3465 2683 3630 2725 tamen
3663 2669 3844 2740 Spiritus

2310 2757 2411 2814 Dei
2447 2760 2649 2814 habitat
2684 2761 2738 2814 in
2777 2760 2936 2814 vobis.
2964 2759 3022 2815 Si
3051 2761 3168 2832 quis
3194 2773 3373 2816 autem
3412 2761 3662 2832 Spiritum
3690 2756 3842 2813 Christi

2311 2869 2416 2906 non
2445 2852 2618 2916 habet,
2647 2853 2731 2906 hic
2759 2869 2864 2906 non
2891 2863 2964 2908 est
2989 2854 3104 2923 ejus
3131 2853 3314 2923 (Rom.
3348 2871 3466 2918 vnl,
3496 2853 3570 2923 9).
3599 2852 3719 2906 Dum
3744 2851 3841 2904 dicit

2311 2941 2566 3013 Spiritum
2585 2940 2700 3003 Dei,
2718 2952 2772 2998 et
2800 2942 2962 2998 infert
2983 2959 3382 3016 consequenter
3404 2945 3649 3016 Spiritum
3670 2940 3842 3001 Christi,

2311 3035 2534 3090 adverte
2573 3035 2701 3104 quia
2733 3035 2821 3090 hic
2871 3048 3164 3104 personam
3201 3035 3413 3092 Christi
3451 3035 3548 3090 sub
3583 3033 3668 3087 Dei
3706 3028 3845 3101 appel-

2310 3125 2514 3181 latione
2545 3126 2810 3197 designat.
2847 3127 2955 3181 Aut
2995 3126 3041 3182 si
3072 3127 3160 3183 hic
3195 3127 3450 3195 Patrem,
3477 3126 3623 3196 cujus
3659 3122 3844 3193 Spiritus

2235 3194 2280 3257 (ἶ
2311 3216 2412 3278 sit;
2435 3216 2536 3271 sub
2565 3194 3089 3287 Dei'nuncupationc
3125 3194 3442 3290 significat,
3461 3194 3584 3273 ecce
3615 3216 3694 3272 hic
3713 3210 3845 3282 Spiri.

2311 3315 2402 3361 tus
2429 3321 2527 3376 per
2560 3307 2823 3363 unitatem
2853 3309 3206 3377 substantite,
3243 3320 3299 3366 et
3330 3311 3511 3367 Patris
3543 3320 3595 3365 et
3623 3307 3729 3364 Filii
3753 3315 3844 3359 esse

2313 3397 2546 3467 Spiritus
2571 3397 2899 3465 declaratur,
2929 3409 2984 3456 et
3004 3402 3198 3456 merito
3233 3404 3547 3472 procedere.
3570 3415 3633 3456 ex
3658 3406 3843 3464 utroque

2310 3487 2673 3558 dignoscitur,
2703 3497 2757 3544 et
2785 3490 2840 3544 in
2879 3490 3097 3545 vinculo
3121 3492 3413 3550 Trinitatis
3441 3494 3727 3549 distinctam
3748 3500 3844 3557 per-

2310 3595 2497 3635 sonam
2527 3581 2728 3636 habere
2756 3581 3111 3650 perspicitur;
3145 3591 3200 3639 et
3229 3585 3318 3654 qui
3363 3585 3842 3656 Spiritum‘sanctum

2309 3689 2418 3728 non
2448 3674 2632 3737 habet,
2676 3689 2778 3729 nec
2807 3673 3082 3729 Christum
3119 3675 3322 3732 habere
3361 3683 3696 3732 monstratur.
3734 3671 3842 3724 Deus

2310 3764 2496 3834 itaque
2553 3763 2790 3835 Spiritus
2843 3772 3108 3830 sanctus,
3159 3781 3268 3836 quo
3317 3776 3516 3838 negato
3561 3768 3760 3833 negatur
3800 3762 3842 3808 et

2308 3855 2584 3920 Christus,
2635 3857 2728 3925 qui
2774 3855 2911 3910 dixit
2954 3873 2968 3910 :
3020 3856 3191 3911 Nemo
3230 3859 3368 3912 venit
3413 3860 3482 3913 ad
3527 3852 3721 3908 Patrem
3765 3843 3842 3899 niti

2307 3963 2401 4017 per
2430 3963 2513 4000 me
2553 3945 2737 4018 (Joan.
2783 3962 2907 4013 xtv,
2943 3946 3020 4018 6).
3061 3946 3165 4015 Qui
3209 3947 3418 4019 Spiritu
3459 3955 3639 4004 sancto
3678 3950 3842 3995 vacum

2307 4047 2392 4094 est
2419 4077 2434 4102 ,
2475 4037 2680 4093 Christi
2729 4053 2832 4093 non
2884 4047 3014 4105 est,
3053 4047 3110 4094 et
3157 4040 3397 4109 perdidit
3439 4040 3578 4094 viam
3618 4048 3710 4104 qua
3746 4041 3842 4100 pcr-

2308 4129 2525 4182 venitur
2577 4128 2646 4182 ad
2698 4127 2936 4185 Patrem.
2993 4146 3014 4182 »
3068 4129 3252 4185 Multis
3295 4131 3532 4186 ostendit
3588 4119 3839 4182 rationibus

2310 4217 2570 4289 Spiritum
2601 4228 2847 4274 sanctum
2889 4228 2944 4274 et
2977 4219 3144 4275 Deum
3183 4235 3326 4286 esse,
3370 4230 3426 4276 et
3463 4206 3841 4274 consubstantia-

2308 4311 2411 4366 lem
2439 4311 2616 4367 Patris
2639 4321 2695 4368 et
2720 4312 2862 4377 Filii,
2904 4320 2960 4368 et
3001 4328 3068 4368 ex
3110 4323 3342 4383 utroque
3383 4312 3682 4386 procedere,
3713 4311 3838 4358 neca

2295 4404 2524 4466 vinculo
2553 4403 2837 4458 Trinitatis
2866 4418 3025 4474 posse
3053 4404 3314 4470 discerni,
3362 4421 3484 4461 cum
3520 4403 3586 4457 sit
3618 4395 3835 4466 ejusdem.

2307 4493 2461 4560 cujus
2504 4502 2560 4548 et
2602 4492 2764 4548 Pater
2815 4502 2871 4548 et
2919 4493 3090 4548 Filius
3133 4503 3244 4555 est,
3290 4505 3516 4550 naturm.
3561 4489 3622 4545 Et
3648 4479 3838 4540 inculcat

2307 4582 2582 4638 Christum
2634 4584 2833 4638 habere
2859 4597 2966 4637 non
3009 4598 3189 4652 posse,
3235 4586 3325 4652 qui
3358 4601 3464 4638 non
3498 4581 3679 4637 habeat
3703 4567 3838 4641 Spiri-

2311 4685 2420 4730 tum
2444 4683 2722 4730 sanctum:
2751 4681 2805 4727 et
2834 4675 3091 4744 quoniam
3113 4675 3255 4730 Deus
3277 4684 3358 4730 est
3385 4673 3611 4744 Spiritus
3637 4671 3836 4721 sanctus.

2305 4767 2396 4836 qui
2450 4767 2727 4837 negaverit
2775 4766 3035 4837 Spiritum
3063 4807 3078 4832 ,
3127 4779 3524 4838 consequenter
3570 4758 3756 4829 negarit
3794 4759 3836 4803 et

2303 4859 2579 4913 Christum
2613 4875 2626 4911 :
2658 4859 2803 4927 quod
2839 4873 2946 4913 non
2975 4858 3158 4923 ﬁeret,
3207 4860 3252 4914 si
3294 4876 3400 4914 non
3429 4861 3479 4913 in
3510 4854 3708 4912 Christo
3745 4857 3834 4898 ma-

2303 4957 2478 5014 neret,
2517 4957 2574 5004 et
2597 4949 2648 5004 ei
2677 4949 3156 5004 consubstantialis
3182 4949 3458 5005 existeret.
3514 4942 3837 5030 Manereveto

2303 5039 2358 5095 in
2384 5039 2624 5105 Christo,
2649 5047 2706 5094 et
2730 5038 3251 5095 consubstantialem
3277 5055 3400 5096 esse
3435 5035 3658 5094 Christo,
3698 5021 3836 5093 Spiri-

2303 5133 2469 5188 ritum
2517 5130 2900 5202 procedentem
2947 5131 3017 5186 ab
3056 5145 3124 5186 eo
3173 5132 3548 5188 demonstrat:
3598 5135 3692 5179 non
3719 5112 3834 5212 enim

2300 5235 2500 5298 potest,
2541 5226 2644 5281 nisi
2671 5224 2929 5296 procedat
2956 5225 3026 5280 ab
3071 5224 3185 5292 illo,
3231 5227 3286 5280 in
3313 5241 3419 5296 quo
3455 5225 3657 5280 manet,
3693 5218 3740 5266 et
3763 5213 3832 5258 ent

2302 5317 2837 5375 consubstantialiter
2865 5316 3129 5384 inhaeret;
3178 5327 3234 5373 et
3277 5333 3398 5373 cum
3425 5317 3506 5371 via
3538 5312 3604 5367 sit
3627 5299 3834 5360 Christus

2304 5411 2372 5466 ad
2396 5409 2637 5477 Patrem,
2667 5409 2760 5480 qui
2791 5407 3054 5479 Spiritum
3084 5423 3194 5464 non
3225 5409 3404 5473 habet,
3437 5407 3573 5462 viam
3599 5393 3830 5487 Christqu

2306 5504 2509 5560 habere
2544 5518 2650 5560 non
2689 5501 2876 5558 valet:
2915 5516 3022 5556 non
3069 5501 3215 5557 enim
3245 5503 3474 5559 alterum
3518 5494 3700 5553 habere
3736 5488 3833 5550 (1³³⁵

2305 5603 2485 5667 potest
2511 5602 2708 5666 praeter
2732 5593 2986 5657 alterum,
3029 5593 3124 5663 qui
3163 5609 3265 5650 nec
3308 5587 3601 5650 substantia
3625 5572 3832 5636 dividun-

2306 5695 2414 5751 tur,
2445 5701 2545 5741 nec
2572 5685 2876 5740 mansione.
2927 5684 3156 5755 Propter
3176 5686 3318 5755 quod
3344 5684 3544 5756 Spiritu
3566 5676 3733 5733 sancto
3758 5669 3832 5756 τις

2303 5794 2459 5843 cnus,
2503 5777 2721 5834 Christo
2770 5792 2984 5848 quoque
3024 5792 3227 5834 vacuus
3269 5779 3562 5838 invenitur;
3610 5760 3720 5836 quia
3757 5759 3829 5820 (1⁸³
