4026 6346
176 383 288 441 269

1068 374 1348 433 CONTRA
1387 371 1790 431 GRECORUM
1827 370 2184 428 OPPOSl'l‘A.
2224 403 2294 416 -
2326 372 2454 430 LIB.
2494 373 2557 430 ll.

3351 375 3459 428 εἴθ

177 497 390 552 fontem
420 505 529 548 non
549 489 735 555 habet,
759 488 924 544 fontis
951 486 1153 558 irriguo
1175 501 1280 542 non
1305 484 1614 542 inundatur.
1643 481 1774 550 Qni-
1799 488 1849 544 Α
1874 481 2200 548 continenti,
2240 493 2608 553 comparatur.
2650 485 2724 539 De
2749 456 2856 554 quo
2883 493 3280 556 consequenter
3318 485 3458 554 adji-

175 593 286 647 bus
325 587 580 646 omnibus
609 584 888 640 evidenter
908 581 1213 638 ostenditur
1251 577 1540 634 aberisto
1575 591 1770 647 proce-

175 682 317 738 dere
339 679 602 751 Spiritum
629 685 899 749 sanctum.

249 773 326 828 Et
365 770 510 827 infra
559 768 698 840 (cap.
726 769 814 831 ll)
843 786 856 820 :
895 785 914 818 ‹
946 765 1031 821 Nil
1058 767 1237 836 itaque
1260 766 1312 820 in
1342 762 1545 833 Spiritu
1580 768 1771 817 sancto

177 863 549 934 semiplenum
574 871 814 930 putetur,
863 859 990 930 quia
1024 858 1341 928 pleuitudini
1389 864 1768 925 comparatur:

180 973 310 1012 nam
355 955 450 1026 qui
476 955 545 1010 ad
579 954 754 1008 vicem
795 953 888 1007 Dei
932 952 1172 1022 pignoris
1208 951 1326 1006 loco
1371 951 1643 1011 tribuitur,
1691 947 1772 1004 fas

179 1064 294 1105 non
321 1057 428 1113 est,
449 1054 510 1100 ut
535 1045 682 1100 aliud
711 1060 874 1114 quam
899 1043 1039 1111 Deus
1073 1057 1192 1099 esse
1221 1042 1493 1099 credatur.
1527 1060 1546 1092 ι
1592 1039 1770 1095 Semi-

172 1141 405 1212 plenum
439 1136 702 1208 Spiritum
733 1144 978 1190 sanctum
1006 1134 1257 1204 deputat,
1301 1133 1546 1204 quisquis
1571 1146 1696 1186 eum
1740 1146 1774 1187 a

173 1232 326 1288 Filio
370 1230 667 1300 procedere
712 1229 985 1298 denegat:
1036 1234 1091 1282 et
1123 1235 1285 1298 negat
1325 1241 1450 1282 cum
1492 1225 1558 1280 ad
1599 1225 1772 1280 vicem

177 1320 279 1376 Dei
301 1319 546 1390 pignoris
570 1317 688 1371 loco
717 1316 1010 1379 contribui,
1031 1315 1356 1385 quicumque
1375 1313 1773 1384 processionem

177 1428 209 1466 a
232 1411 377 1467 Filio
407 1409 486 1464 illi
518 1424 623 1463 non
659 1407 848 1462 tribuit
873 1421 888 1459 :
914 1422 1025 1460 non
1055 1407 1196 1460 enim
1220 1413 1398 1476 potest
1420 1405 1611 1473 plenus
1633 1404 1774 1459 Deus

178 1502 454 1572 intelligi,
485 1500 571 1554 cui
603 1497 1140 1554 consubstantialitas
1166 1497 1462 1566 denegatur
1483 1495 1640 1557 Filii;
1675 1510 1775 1549 nec

176 1598 362 1653 vicem
394 1595 538 1649 valet
582 1594 678 1648 Dei
728 1602 1142 1662 repraesentare,
1190 1593 1278 1647 cui
1321 1591 1490 1646 Filius
1540 1606 1646 1645 non
1692 1599 1778 1645 est

170 1683 686 1741 consubstantialis.
729 1682 928 1738 Verum
954 1683 1256 1738 catholicus
1283 1682 1460 1737 nullus
1486 1683 1564 1736 sic
1588 1682 1773 1747 sentit,

175 1780 275 1834 sed
309 1779 532 1849 plenum
561 1776 730 1831 Deum
771 1790 836 1830 ac
873 1775 1384 1831 consubstantialem
1417 1774 1583 1837 Patri,
1613 1774 1776 1829 Filio-

175 1883 288 1939 que
319 1867 612 1924 conﬁtetur
637 1884 651 1920 :
684 1866 900 1922 noverit
924 1867 1048 1922 inde
1073 1867 1368 1936 procedere
1395 1866 1611 1928 Filium,
1636 1865 1776 1920 unde

171 1973 403 2030 quoque
450 1957 616 2012 sumit
661 1955 1056 2022 substantiam;
1101 1963 1159 2010 et
1201 1955 1292 2026 qui
1333 1954 1482 2009 Patri
1530 1954 1778 2025 Filioque

169 2049 474 2119 copulatur
498 2047 799 2103 substantia
819 2089 833 2112 ,
880 2048 1137 2116 procedat
1165 2062 1386 2102 necesse
1415 2057 1498 2102 est
1523 2047 1592 2101 ab
1623 2056 1776 2104 utro-

173 2158 330 2211 que»
346 2142 478 2194 Item
501 2137 798 2210 subiungit,
821 2140 1114 2207 capitulum
1141 2155 1349 2209 ponens
1369 2137 1611 2206 ejusdem
1637 2139 1778 2208 Apo-

175 2233 314 2288 stoli
362 2233 432 2287 ad
486 2232 714 2288 Titum:
761 2250 778 2282 t
831 2231 1018 2286 Salvos
1061 2249 1154 2286 nos
1202 2233 1322 2302 fecit
1375 2249 1468 2302 per
1508 2232 1777 2287 lavacrum

172 2322 596 2392 regeneraﬁonis
633 2332 679 2374 rt
730 2322 1079 2376 renovationis
1108 2322 1340 2391 Spiritus
1382 2323 1587 2388 sancti,
1626 2339 1777 2394 quem

169 2415 371 2483 cludit
400 2415 454 2466 in
485 2414 632 2467 nobis
654 2414 859 2468 abunde
890 2429 983 2482 per
1005 2413 1188 2468 Iesum
1211 2411 1481 2468 Christum
1507 2413 1637 2484 (Tit.
1679 2431 1773 2477 tu,

177 2505 254 2574 5).
293 2505 438 2559 Ecce
459 2504 624 2557 etiam
657 2503 742 2557 hic
769 2503 868 2558 sub
897 2501 1164 2558 Trinitate
1189 2502 1474 2559 manifesta
1498 2503 1661 2559 Pater
1682 2519 1779 2573 per

170 2591 383 2646 Filium
434 2592 821 2645 abundantiam
883 2591 1116 2660 Spiritus
1163 2593 1339 2647 sancti
1388 2591 1632 2647 effundit.
1685 2593 1776 2658 Et,

177 2683 332 2752 quod
355 2681 438 2735 vel
467 2682 703 2735 maxime
727 2681 1121 2736 advertendum
1145 2691 1248 2747 est,
1277 2683 1376 2751 ipsi
1403 2682 1626 2752 Spiritui
1659 2698 1782 2738 sau-

171 2786 269 2829 cto
295 2774 604 2845 potentiam
653 2773 1076 2842 regenerationis
1105 2785 1162 2828 et
1184 2774 1550 2830 renovationis
1575 2775 1779 2830 adscri-

181 2868 280 2920 hit.
307 2886 330 2918 υ
354 2865 551 2920 ΕΠυιΙὶι
573 2865 734 2920 Pater
757 2866 807 2918 in
831 2866 984 2920 nobis
1007 2865 1266 2934 Spiritum
1293 2875 1542 2922 sanctum
1567 2865 1778 2922 abunde

180 2973 280 3027 per
314 2956 499 3011 Jesum
529 2956 804 3011 Christum
837 2973 852 3010 :
887 2966 944 3010 ut
971 2955 1224 3011 ostendat
1241 2956 1366 3026 quia
1390 2957 1635 3026 procedit
1663 2965 1719 3010 et
1747 2972 1774 3010 a

178 3049 352 3103 Patre
373 3047 611 3103 ctalesu
635 3045 871 3102 Christo.
898 3047 1035 3102 Dum
1057 3047 1212 3103 nobis
1226 3047 1538 3112 effunditur,
1556 3045 1780 3102 ell‘undit

177 3142 352 3196 Pater
375 3125 638 3211 spiritum
669 3149 939 3204 sanctum,
972 3141 1227 3210 quoniam
1255 3141 1489 3195 mittitur
1512 3156 1543 3194 a
1583 3139 1774 3206 Patre;

181 3231 419 3286 effundit
463 3247 561 3300 per
602 3229 788 3285 Jesum
812 3230 1110 3294 Christum,
1155 3233 1409 3302 quoniam
1456 3243 1779 3301 cooperantur

181 3321 343 3376 Patri
388 3319 545 3374 simul
590 3318 913 3375 effundendo
954 3321 1216 3391 Spiritum
1250 3339 1262 3375 :
1296 3337 1395 3377 nec
1423 3322 1565 3377 enim
1593 3322 1672 3377 sic
1701 3323 1780 3378 ait

180 3411 466 3467 eﬂ‘ttndere
521 3409 736 3465 Patrem
785 3426 882 3481 per
927 3409 1112 3466 Jesum
1159 3410 1467 3478 Christum,
1521 3421 1777 3483 tanquam

182 3501 440 3556 Christus
475 3516 588 3555 non
617 3499 895 3566 ell‘undat;
943 3517 1049 3556 non
1090 3502 1235 3556 enim
1274 3509 1591 3572 separantur
1619 3502 1780 3556 Pater

185 3603 240 3648 et
279 3593 456 3648 Filius
499 3591 843 3662 operatione;
895 3593 987 3647 sed
1027 3592 1253 3646 effimdit
1281 3607 1376 3663 per
1407 3591 1592 3648 Jesum
1621 3592 1780 3648 Citri-

187 3694 370 3747 stum,
419 3684 544 3752 quia
589 3698 710 3737 cum
748 3681 908 3737 Pater
951 3681 1209 3748 cllimdit,
1240 3693 1296 3738 et
1338 3683 1495 3739 Jesus
1530 3683 1779 3740 Christus

181 3773 454 3838 effundit,
504 3775 630 3844 quia
679 3773 912 3827 mittitur
949 3775 1016 3828 ab
1062 3783 1322 3843 utroque;
1371 3775 1627 3843 quoniam
1656 3791 1781 3846 pro-

184 3868 336 3924 cedit
377 3876 489 3921 tam
529 3881 561 3920 a
605 3865 768 3921 Patre
814 3881 975 3935 quam
1019 3882 1048 3920 a
1093 3867 1248 3921 Filio.
1298 3867 1600 3922 Potentiam
1650 3883 1780 3922 vero

186 3956 432 4028 Spiritus
475 3957 650 4012 sancti
702 3965 931 4010 testatur
980 3965 1171 4012 auctor
1214 3957 1315 4011 iste
1343 3957 1522 4012 Patris
1551 3957 1782 4029 Filiique

186 4062 472 4117 coasquam
495 4087 510 4112 ,
543 4049 668 4100 dum
711 4045 845 4101 dicit
873 4045 1070 4100 ascribi
1101 4044 1327 4114 Spiritui
1365 4057 1553 4101 sancto
1593 4056 1778 4116 poten-

190 4127 324 4192 tiam
351 4135 778 4208 regenerationis
801 4145 856 4192 et
879 4137 1270 4203 renovatiouis,
1294 4147 1352 4192 ut
1375 4139 1623 4194 ostendat
1642 4137 1782 4208 ejus-

190 4232 315 4285 dem
346 4246 472 4284 eum
502 4245 622 4285 esse
649 4230 886 4295 virtutis,
913 4230 1068 4301 cujus
1091 4239 1174 4285 est
1205 4230 1367 4287 Pater
1407 4241 1462 4287 et
1484 4231 1684 4298 Filius;
1717 4249 1781 4289 ac

190 4337 286 4391 per
315 4321 421 4375 hoc
448 4329 503 4375 et
526 4320 1020 4386 consubstantialis,
1051 4330 1107 4377 et
1126 4322 1192 4377 de
1229 4333 1460 4392 utroque
1481 4325 1781 4392 procedens

189 4409 523 4466 afﬁrmatur.

261 4507 400 4561 ltem
450 4507 719 4577 posterius
739 4506 875 4578 (cap.
907 4506 994 4578 l2)
1025 4508 1362 4564 :Psalmistaz
1391 4523 1596 4586 ponens
1624 4512 1778 4566 testi-

189 4598 470 4664 monium,
511 4597 741 4653 dicentis
769 4616 781 4651 :
815 4615 834 4650 ς
865 4597 982 4664 Quo
1021 4598 1104 4652 ibo
1131 4617 1164 4653 a
1206 4599 1407 4669 Spiritu
1431 4601 1567 4654 tuo?
1597 4600 1776 4672 (Psal.

187 4707 479 4757 cum",
523 4692 602 4762 7.)
653 4691 766 4747 lloc
817 4699 921 4755 est,
982 4691 1073 4748 ubi
1124 4707 1212 4747 me
1255 4709 1286 4747 a
1321 4704 1610 4763 conspectu
1659 4695 1777 4766 ejus

189 4783 558 4850 abscondam,
604 4799 765 4855 quem
811 4793 1009 4853 praesto
1049 4799 1171 4840 esse
1197 4800 1296 4854 per
1317 4787 1538 4851 omnia,
1594 4787 1647 4842 id
1694 4797 1780 4844 est

190 4877 335 4932 intra
383 4885 645 4946 extraque
683 4891 788 4932 non
821 4876 1074 4946 ambigo?
1111 4895 1129 4927 ι
1179 4877 1248 4932 Ει
1278 4877 1462 4932 infra:
1501 4896 1520 4929 ‹
1556 4877 1632 4933 De
1673 4894 1782 4948 quo

186 4964 402 5022 dictum
429 4965 707 5021 evidenter
736 4965 1089 5034 intelligitur:
1133 4966 1244 5020 Nec
1272 4977 1346 5021 est
1375 4968 1464 5036 qui
1483 4984 1540 5022 se
1567 4968 1784 5023 abscon-

187 5056 286 5112 dat
328 5073 363 5111 a
404 5056 581 5111 calore
605 5056 720 5127 ejus
758 5055 932 5126 (Psal.
966 5072 1098 5110 xvtu
1121 5095 1136 5120 ,
1176 5056 1250 5127 7).
1298 5056 1466 5126 Cujus
1495 5057 1782 5115 inell‘abilis

191 5150 513 5220 magnitudo
549 5149 818 5220 profunda
867 5148 1210 5226 inferorum,
1245 5147 1437 5204 diffusa
1489 5149 1783 5220 fluctuum,

191 5248 422 5298 extenta
463 5249 755 5304 terrarum,
794 5239 1008 5295 excelsa
1048 5239 1308 5294 caelorum
1340 5240 1529 5305 intrat,
1577 5241 1784 5312 implet,

191 5332 422 5396 excidit,
454 5333 596 5387 mitti
624 5346 655 5385 a
686 5331 846 5386 Patre
872 5340 928 5386 et
953 5330 1090 5385 Filio
1119 5331 1337 5396 dicitur,
1369 5340 1426 5386 et
1451 5332 1518 5388 de
1545 5333 1782 5404 ipsorum

194 5422 500 5478 substantia
542 5424 862 5494 procedere,
907 5433 964 5477 et
992 5437 1156 5477 unum
1195 5437 1317 5478 cum
1349 5423 1429 5478 eis
1455 5439 1591 5494 opus
1621 5439 1782 5496 agere

191 5513 553 5585 dignoscitur.
607 5533 626 5566 ι
686 5512 783 5568 llis
835 5513 1088 5570 omnibus
1136 5516 1310 5571 sancti
1371 5515 1605 5586 Spiritus
1666 5533 1782 5572 ma-

189 5603 368 5673 iestas
394 5607 698 5662 ostenditur
722 5615 776 5661 et
824 5607 1100 5676 processio
1147 5623 1314 5662 :cum
1364 5609 1510 5664 enim
1557 5619 1788 5666 testetur

196 5692 407 5747 nullum
428 5709 549 5751 esse
575 5695 749 5751 locum
773 5711 802 5749 a
829 5695 1063 5766 Spiritus
1089 5699 1260 5752 sancti
1289 5701 1579 5769 praesentia
1612 5715 1788 5756 remo-

197 5793 336 5849 tum,
353 5785 528 5842 Patris
554 5787 780 5857 Filiique
802 5789 1068 5843 divinitati
1102 5799 1294 5846 cuncta
1318 5795 1645 5862 penetranti,
1675 5796 1788 5850 sive

1867 576 2042 641 ciens,
2065 576 2207 646 quod
2233 577 2432 653 caloris
2455 576 2572 644 ejus
2599 577 2722 648 igne
2750 591 2907 632 nemo
2935 577 3008 633 sit
3054 577 3149 649 qui
3179 593 3284 634 non
3325 593 3459 636 con-.

1871 665 2110 737 tingatur
2130 706 2144 731 ,
2173 665 2303 722 illud
2327 675 2557 723 testatur
2578 669 2719 737 quod
2742 669 2807 723 de
2838 667 2972 724 Filio
2990 684 3203 740 quoque
3223 669 3421 724 dicitur
3441 687 3454 721 :

1873 756 1979 824 Qui
2017 758 2280 812 illuminat
2332 775 2536 812 onmem
2573 761 2833 814 hominem
2891 761 3176 815 venientem
3226 761 3281 814 in
3317 761 3456 813 hunc

1872 853 2124 907 mundum
2148 850 2328 922 (Joan.
2365 867 2401 916 ι,
2428 851 2505 920 9);
2549 848 2860 908 monstrans
2903 853 3146 924 ejusdem
3178 868 3300 907 eum
3332 867 3456 908 esse

1871 941 2169 1014 potentize,
2222 941 2375 1009 cujus
2424 951 2479 994 ct
2524 940 2694 996 Filius
2725 983 2740 1006 ,
2797 942 3231 1012 quandoquidem
3290 941 3460 996 Filius

1873 1044 2091 1086 omnem
2142 1031 2414 1086 hominem
2477 1032 2768 1098 illuminat,
2809 1044 2865 1089 et
2915 1050 2944 1087 a
2989 1033 3169 1089 calore
3223 1034 3462 1104 Spiritus

1873 1119 2106 1174 extorris
2135 1133 2295 1174 nemo
2347 1118 2459 1173 fiat.
2494 1119 2738 1191 Cumque
2783 1130 2838 1176 et
2887 1138 2917 1176 a
2965 1122 3125 1178 Patre
3169 1131 3225 1178 et
3261 1139 3289 1177 a
3320 1123 3461 1176 Filio

1874 1211 2017 1266 mitti
2049 1211 2268 1276 dicitur,
2297 1221 2352 1266 et
2400 1212 2466 1267 de
2517 1213 2755 1282 ipsorum
2809 1214 3111 1269 substantia
3140 1214 3457 1283 procedere,

1876 1310 2212 1356 monstratur
2255 1303 2460 1371 pariter
2487 1311 2543 1358 et
2571 1318 2600 1357 a
2631 1319 2739 1373 quo
2795 1304 2866 1358 sit
2917 1303 3169 1374 Spiritus,
3199 1313 3254 1360 et
3307 1307 3462 1375 cujus

1857 1393 2094 1446 virtutis
2127 1393 2353 1458 existat;
2394 1409 2491 1462 per
2534 1395 2716 1448 omnia
2759 1394 2927 1448 Deum
2975 1393 3124 1447 illum
3161 1395 3459 1451 ostendens

1877 1484 2206 1554 cozequalem
2236 1485 2381 1538 Patri
2413 1484 2660 1555 Filioque
2691 1496 2799 1538 tam
2828 1483 3092 1553 potentia,
3112 1499 3273 1552 quam
3331 1485 3462 1540 sub-

1878 1576 2097 1639 stantia,
2112 1583 2167 1629 et
2194 1576 2321 1644 quia
2350 1576 2576 1646 prodeat
2599 1577 2668 1630 ab
2698 1584 2928 1644 utroque
2953 1589 2968 1627 :
2995 1584 3050 1629 et
3076 1573 3236 1637 infra,
3266 1573 3462 1629 Filium

1878 1665 2228 1721 introducens
2257 1667 2524 1721 dicentem
2559 1683 2572 1721 :
2611 1684 2630 1718 ‹
2666 1666 2968 1721 Paraclitus
2989 1668 3131 1736 quia
3153 1663 3317 1720 Patre
3335 1683 3462 1738 pro-

1879 1761 2013 1816 cedit
2049 1759 2231 1832 (Joan.
2272 1777 2362 1827 xv,
2391 1762 2510 1832 26),
2542 1777 2650 1815 non
2680 1760 2818 1814 dixit
2847 1761 2936 1830 qui
2979 1777 3010 1814 a
3059 1759 3220 1815 Patre
3244 1770 3463 1816 creatus

1803 1839 1852 1902 Β
1878 1862 1982 1919 est,
2018 1855 2113 1910 sed
2149 1871 2181 1908 a
2223 1851 2386 1908 Patre
2410 1855 2664 1924 procedit,
2695 1855 2746 1908 id
2773 1862 2876 1919 est,
2905 1854 2970 1908 de
2997 1863 3240 1923 paterna:
3283 1854 3462 1909 socie-

1875 1960 1992 2008 tate
2015 1951 2288 2023 potentite,
2319 1959 2374 2006 et
2398 1951 2464 2006 de
2503 1951 2835 2020 proprietate
2881 1958 3121 2016 natura);
3159 1957 3215 2005 et
3240 1965 3310 2005 ex
3344 1949 3466 2028 ipso.

1879 2058 2129 2099 sermone
2150 2043 2476 2110 ostenditur,
2507 2059 2633 2098 cum
2665 2043 2863 2098 dicitur
2882 2057 2914 2097 a
2948 2042 3112 2098 Patre
3142 2043 3464 2113 procedere,

1878 2149 2002 2192 eum
2031 2133 2196 2189 Patre
2234 2134 2452 2188 initium
2503 2149 2610 2189 non
2651 2135 2873 2190 habere.
2909 2154 2928 2188 ι
2978 2133 3090 2189 Nec
3139 2144 3300 2204 putes
3341 2149 3467 2190 eum

1878 2242 2082 2298 negare
2114 2227 2352 2284 voluisse
2379 2226 2646 2297 Spiritum
2691 2235 2942 2283 sanctum
2981 2226 3050 2281 de
3099 2226 3236 2282 Filio
3278 2242 3469 2298 proce-

1880 2320 2031 2381 dere,
2061 2320 2191 2390 quia
2218 2320 2499 2374 dixitcum
2523 2320 2588 2375 de
2615 2320 2779 2376 Patre
2807 2321 3139 2390 processisse
3170 2337 3183 2373 :
3216 2319 3467 2390 superius

1880 2425 2118 2480 namque
2149 2427 2272 2465 eum
2330 2410 2469 2465 mitti
2519 2425 2550 2464 a
2590 2411 2750 2466 Patre
2774 2419 2832 2465 et
2883 2425 2916 2465 a
2950 2409 3090 2466 Filio
3135 2411 3290 2474 dixit,
3321 2419 3376 2467 et
3401 2412 3468 2466 de

1880 2503 2120 2574 ipsorum
2179 2503 2483 2558 substantia
2532 2503 2846 2572 procedere,
2899 2512 2956 2558 et
2999 2518 3166 2558 unum
3208 2518 3332 2558 cum
3384 2504 3468 2558 eis

1879 2610 2016 2666 opus
2040 2610 2230 2665 agere.
2265 2594 2419 2650 Nunc
2447 2610 2664 2666 quoque
2692 2596 2882 2652 dicens
2933 2610 3058 2651 eum
3114 2595 3182 2651 de
3228 2603 3475 2665 paterna:

1880 2686 2141 2741 societate
2173 2687 2451 2755 potentias,
2476 2697 2533 2742 et
2569 2687 2638 2742 de
2665 2687 3000 2758 proprietate
3039 2695 3248 2743 natura:
3276 2703 3468 2759 proce-

1880 2780 2009 2836 dere
2033 2796 2054 2833 ‘:
2085 2780 2342 2850 quoniam
2385 2781 2526 2836 sicut
2551 2779 2716 2836 Pater
2759 2790 2816 2835 et
2867 2779 3038 2836 Filius
3061 2795 3164 2837 nec
3202 2781 3468 2849 potentia,

1881 2885 1984 2924 nec
2029 2879 2223 2924 natura
2274 2880 2636 2940 separantur,
2673 2871 2752 2926 sic
2799 2871 2853 2926 in
2899 2871 3190 2944 existentia
3231 2869 3471 2942 Spiritus

1881 2977 1989 3018 non
2017 2972 2411 3028 secernuntur;
2443 2963 2702 3032 quoniam
2722 2979 2847 3018 cum
2877 2964 2948 3018 sit
2969 2963 3252 3032 utriusque
3293 2962 3471 3034 Spiri—

1882 3065 1991 3122 tus,
2011 3057 2263 3127 procedit
2287 3057 2356 3113 ab
2389 3066 2652 3128 utroque;
2681 3065 2735 3113 et
2761 3072 2900 3127 quos
2924 3064 3104 3127 aequat
3142 3065 3336 3112 natura
3368 3071 3471 3128 po-

1884 3149 2181 3218 tentiaque,
2208 3148 2561 3217 processione
2583 3163 2690 3203 non
2719 3155 2962 3219 separat.

1804 3213 1854 3278 (ἶ
1957 3213 2100 3293 Dicit
2148 3213 2380 3294 inferius
2428 3237 2665 3306 :«Quid
2843 3246 3027 3294 autem
3073 3238 3218 3308 quod
3263 3251 3332 3292 ex
3359 3237 3474 3293 Deo

1883 3329 2046 3388 Patre
2089 3330 2258 3386 Filius
2287 3331 2438 3387 nasci
2467 3331 2688 3398 dicitur,
2730 3340 2788 3387 et
2827 3331 3067 3403 Spiritus
3097 3341 3320 3388 sanctus
3343 3349 3472 3404 pro-

1877 3423 2077 3479 cedere
2125 3422 2505 3494 siguilicatur?
2569 3421 2628 3478 Si
2685 3423 2935 3494 requiras
2985 3423 3114 3492 quid
3165 3424 3306 3479 inter
3370 3439 3470 3478 na-

1883 3525 2124 3574 scentem
2147 3526 2203 3571 et
2226 3516 2609 3588 procedentem
2637 3515 2822 3582 distet,
2849 3515 3130 3570 evidenter
3170 3515 3274 3570 hoc
3306 3515 3474 3569 inter-

1848 3665 1861 3689 .
1881 3617 1985 3672 est,
2017 3607 2144 3677 quia
2177 3607 2279 3662 iste
2307 3622 2376 3660 cx
2414 3621 2525 3662 uno
2555 3606 2820 3671 nascitur,
2844 3603 2934 3660 ille
2961 3620 3028 3659 ex
3078 3613 3310 3674 utroque
3338 3620 3471 3674 pro-

1881 3698 2139 3766 greditur.
2184 3716 2204 3745 ι
2256 3695 2465 3762 Quibus
2500 3704 2556 3750 et
2579 3708 2926 3766 progressum
2954 3710 2984 3750 a
3031 3695 3190 3750 Patre
3224 3695 3471 3765 Filioque

1882 3786 2143 3858 Spiritum
2169 3787 2472 3855 proﬁtetur.
2502 3785 2570 3840 Et
2596 3786 2738 3841 ratio
2783 3785 3026 3841 redditur
3050 3802 3150 3841 cur
3185 3795 3242 3842 et
3265 3803 3295 3841 a
3334 3786 3473 3842 Filio

1879 3877 2263 3948 progreditur:
2289 3891 2419 3931 nam
2440 3876 2487 3930 si
2518 3875 2766 3932 dicamus
2809 3877 2952 3948 quod
2983 3894 3014 3932 a
3046 3877 3208 3934 Patre
3262 3887 3470 3933 tantum

1880 3969 2157 4039 procedat,
2193 3967 2319 4023 fidei
2361 3967 2665 4038 periculum
2711 3983 2819 4024 non
2871 3969 3186 4024 evitamus:
3235 3970 3473 4042 qualiter

1880 4059 2025 4115 enim
2071 4058 2241 4114 Filius
2271 4058 2463 4114 unicus
2491 4073 2612 4113 esse
2661 4057 2842 4114 Patris
2870 4060 3115 4124 dicatur,
3150 4076 3273 4115 cum
3304 4061 3472 4118 etiam

1881 4162 1938 4208 et
1967 4151 2200 4221 Spiritus
2226 4149 2469 4220 ejusdem
2497 4166 2618 4207 esse
2647 4167 2755 4207 non
2786 4154 3064 4208 taceatur?
3091 4154 3158 4208 Et
3200 4156 3474 4224 quomodo

1880 4242 2267 4312 comprobetur
2291 4256 2399 4296 non
2433 4255 2556 4296 esse
2585 4240 2774 4307 Filius,
2811 4243 2904 4312 qui
2937 4242 3084 4299 velut
3109 4243 3278 4300 Filius
3306 4261 3337 4299 a
3367 4245 3472 4300 Pa-

1882 4342 1968 4390 tre
2019 4331 2318 4388 consistat?
2371 4330 2625 4400 fugienda
2675 4341 2778 4396 est,
2837 4333 2947 4388 imo
2999 4333 3304 4390 subrueuda
3350 4333 3472 4390 talis

1883 4423 2239 4494 blasphemia,
2288 4431 2348 4478 ut
2397 4423 2532 4478 fides
2572 4424 2840 4479 catholica
2888 4423 3084 4492 jaculis
3124 4425 3472 4480 inimicorum

1886 4532 1992 4572 non
2025 4515 2121 4571 ﬁat
2156 4514 2420 4585 exposita.
2456 4513 2677 4570 Dicatur
2698 4515 2881 4584 itaque
2921 4517 3064 4586 quod
3088 4517 3258 4572 nostri
3285 4517 3475 4572 dixere

1887 4603 2122 4672 majores
2153 4621 2167 4658 :
2219 4604 2390 4660 Filius
2415 4619 2482 4658 ex
2535 4604 2695 4659 Patre
2725 4614 2906 4669 natus,
2939 4608 3086 4660 solus
3134 4607 3201 4660 de
3245 4606 3382 4672 solo,
3407 4620 3475 4660 ac

1890 4713 1988 4768 per
2019 4698 2122 4753 hoc
2151 4697 2496 4765 unigenitus:
2531 4695 2766 4764 Spiritus
2810 4712 2940 4750 vero
2967 4704 3190 4750 sanctus
3215 4696 3283 4750 de
3311 4694 3477 4749 Patre

1890 4787 2106 4856 quidem
2136 4786 2459 4854 procedens,
2485 4785 2578 4840 sed
2604 4799 2712 4838 non
2753 4784 2822 4840 de
2863 4785 2978 4844 solo
3005 4785 3157 4840 solus
3179 4801 3192 4849 ;
3216 4785 3475 4855 quoniam

1889 4878 2149 4948 procedat
2169 4885 2225 4930 et
2248 4893 2276 4929 a
2306 4877 2464 4942 Filio,
2495 4891 2564 4930 ne
2597 4877 2734 4930 duos
2758 4877 2925 4931 Filios
2971 4876 3253 4932 videamur
3275 4878 3472 4948 prmdi-

1888 4982 2035 5030 care,
2064 4967 2469 5037 processionem
2500 4965 2736 5037 Spiritus
2764 4967 2808 5021 si
2842 4968 2909 5020 de
2944 4965 3105 5020 Patre
3133 4967 3476 5022 solummodo

1886 5059 2263 5117 confiteamur.
2315 5058 2486 5129 lgitur
2553 5058 2744 5114 doctor
2799 5058 2902 5113 iste
2964 5055 3230 5126 majorum
3272 5059 3478 5114 doctri-

1889 5165 2016 5206 nam
2075 5160 2294 5206 secutus
2350 5164 2612 5214 suorum,
2673 5147 2788 5204 suis
2843 5151 3076 5218 posteris
3131 5151 3478 5220 transcripsit

1887 5239 2032 5309 quod
2061 5254 2090 5292 a
2120 5239 2235 5294 suis
2257 5239 2532 5309 prioribus
2573 5239 2785 5308 accepit
2825 5255 2841 5293 :
2882 5255 3116 5309 cumque
3150 5243 3218 5296 de
3269 5240 3478 5310 Spiritu

1890 5341 2080 5389 sancto
2109 5332 2410 5388 Romanam
2436 5333 2660 5398 sentire,
2690 5333 2830 5388 sicut
2861 5334 3021 5389 hodie
3054 5336 3243 5401 sentit,
3275 5337 3474 5404 proba-

1890 5427 1963 5483 rit
1981 5428 2301 5494 Ecclesiam,
2327 5428 2636 5486 nullomodo
2667 5435 2848 5485 tamen
2875 5430 3134 5493 ostendit,
3158 5430 3210 5484 in
3247 5430 3334 5484 tali
3367 5432 3475 5486 tide

1887 5530 2298 5590 permanentem
2364 5521 2434 5576 ab
2497 5519 2864 5580 Orientalibus
2929 5521 3188 5577 Ecclesiis
3248 5522 3333 5576 vel
3376 5522 3477 5576 ali-

1889 5613 2108 5683 quando
2144 5613 2312 5669 fuisse
2337 5613 2587 5678 divisam,
2622 5612 2706 5668 vel
2736 5629 2976 5684 unquam
3018 5615 3229 5670 diversa
3257 5615 3324 5670 de
3349 5615 3476 5685 Spi-

1891 5707 1996 5760 ritu
2025 5717 2214 5762 sancto
2247 5707 2329 5761 vel
2375 5707 2611 5762 sensiSse
2640 5706 2724 5761 vel
2769 5708 3037 5764 docuisse.
3071 5709 3168 5762 Ast
3204 5724 3346 5762 nunc
3377 5711 3476 5762 mi-

1892 5798 2119 5852 randum
2156 5798 2284 5866 quid
2309 5807 2534 5867 arguant
2567 5799 2688 5852 novi
2715 5799 2982 5869 dogmatis
3010 5805 3346 5870 repertores;
3380 5813 3476 5854 cur
