4026 6346
611 362 710 436 271

1663 371 1759 428 BA
1768 370 2031 428 TRAMNI
2064 371 2514 433 CQRBElENSlS
2548 371 2852 436 MONACHI
3751 382 3834 440 272

611 510 642 550 a
673 491 1148 550 communionese
1201 487 1445 544 dividant
1494 473 1657 556 quam
1704 497 1928 556 semper
1978 491 2200 539 tenuere
2229 489 2277 550 Α
2304 487 2580 546 Romanos
2603 506 2699 547 sua
2745 492 2968 562 cupiunt
2996 490 3377 548 communione
3419 491 3642 562 privare,
3672 511 3723 550 se
3759 518 3835 570 pa-

613 583 888 656 majores?
913 582 1023 637 Cur
1050 591 1176 635 ante
1207 579 1566 651 cognitionem
1591 577 1855 648 judicium
1883 573 2205 646 proferunt?

616 675 728 729 Cur
775 680 1034 729 accusant
1080 671 1230 740 prius
1280 683 1444 740 quam
1494 667 1762 723 audiant?
1807 665 2056 722 Non'est
2101 667 2205 721 hoc

617 765 893 837 aquitatis
939 761 1246 833 judicium,
1298 761 1393 817 sed
1444 759 1749 830 iniquitatis
1805 758 2201 829 prajudicium.

615 857 772 926 Quod
808 857 854 911 si
883 855 1016 910 satis
1041 862 1243 922 putant
1272 867 1396 908 esse
1445 851 1586 922 quod
1613 867 1713 922 pro
1755 859 1908 906 certo
1935 858 2206 906 noverunt

612 949 921 1006 Romanam
964 945 1278 1016 Ecclesiam,
1313 945 1613 1017 praedicare
1639 944 1707 998 de
1746 941 1958 1014 Spiritu
1992 951 2202 1008 sancto,

612 1038 758 1111 quod
806 1053 837 1092 a
879 1037 1042 1093 Patre
1091 1036 1338 1107 Filioque
1393 1036 1690 1106 procedat;
1724 1041 1778 1089 et
1804 1033 2012 1089 idcirco
2063 1032 2206 1088 nolle

610 1129 814 1199 requiri
846 1128 991 1200 quod
1012 1128 1292 1182 evidenter
1314 1139 1513 1181 novere
1543 1126 1669 1190 dici,
1697 1125 1874 1181 sciant
1903 1124 2030 1196 quia
2068 1137 2196 1176 cum

609 1218 875 1276 Romanis
922 1232 1050 1274 suos
1104 1232 1318 1288 quoque
1362 1215 1607 1285 judicent
1660 1213 1913 1283 majores.
1972 1214 2039 1268 Et
2071 1213 2203 1268 dum

2310 579 2444 635 riter
2471 581 2943 636 excommuniccnt
2971 597 3000 634 a
3049 596 3267 635 suorum
3291 581 3548 637 societate
3569 583 3798 652 majorum
3823 608 3834 644 :

2309 678 2366 725 et
2404 671 2538 726 nulli
2589 671 2890 740 probentur
2940 672 3196 727 Ecclesia
3242 674 3638 731 communicare
3684 679 3839 736 cathoo

2309 760 2452 826 lica,
2477 761 2602 816 dum
2628 763 2869 817 Romana
2901 765 3280 818 communione
3303 779 3423 820 sese
3437 765 3630 822 faciunt
3654 769 3838 829 alienos.

2311 851 2428 909 Hoc
2451 853 2655 908 factum
2686 854 2842 924 cujus
2871 855 2943 908 sit
2965 854 3092 908 mali
3124 856 3231 910 cito
3269 856 3627 921 considerent,
3657 870 3705 915 et
3725 877 3843 917 erro-

2311 961 2431 1002 rem
2457 946 2728 1016 corrigere
2757 962 2916 1001 suum
2960 960 3070 1001 non
3116 946 3398 1014 differant;
3431 963 3498 1003 ne
3542 950 3585 1004 si
3630 951 3845 1010 Ronranis

2315 1039 2720 1094 communicare
2766 1038 3054 1102 noluerint,
3084 1038 3154 1092 ab
3195 1038 3454 1094 universa
3497 1041 3740 1097 catholica
3765 1043 3844 1100 Ec-

2310 1129 2473 1186 c1esia
2505 1145 2562 1185 se
2583 1137 2814 1200 paveant
2842 1129 3416 1186 excommunicandos.

1808 1534 2109 1612 LIBER
2158 1518 2674 1614 'TERTIUS.

1120 1859 1363 1920 ‘CAPUT
1401 1855 1693 1917 PRIMUM.

609 1958 687 2014 De
729 1956 1060 2028 processione
1096 1951 1326 2024 Spiritus
1366 1954 1554 2028 sancti.
1589 1981 1661 1992 -—
1699 1948 1869 2028 Quod
1895 1946 2204 2004 universalis

859 2025 1094 2080 Ecclesia
1121 2019 1287 2079 totum
1314 2025 1490 2078 orbem
1523 2019 1948 2092 comprehendat.

680 2139 963 2208 Scriptura
988 2134 1149 2190 dicit:
1171 2131 1557 2202 Netransferas
1578 2131 1828 2184 terminos
1841 2145 1970 2200 quos
1988 2113 2206 2199 posuere

605 2241 778 2299 patres
800 2230 875 2282 tni
890 2224 1074 2298 (Prov.
1093 2241 1228 2292 xxu,
1242 2225 1356 2298 28).
1376 2223 1434 2280 Si
1451 2222 1748 2279 voluissent
1768 2221 1873 2276 hoc
1887 2220 2206 2277 Gracorum

604 2325 880 2397 principes
906 2322 1180 2379 custodire
1205 2328 1555 2391 praceptum,
1580 2331 1680 2372 nec
1707 2315 1954 2372 Romana
1982 2315 2049 2370 de
2079 2313 2206 2385 Spi-

602 2417 714 2472 ritu
745 2424 938 2470 sancto
979 2420 1260 2484 pateretur
1299 2407 1544 2465 Ecclesia
1592 2419 1973 2477 quamcunque
2020 2419 2203 2475 repre-

603 2506 926 2563 hensionem
954 2545 968 2568 ,
1000 2517 1101 2558 nec
1130 2501 1205 2556 illi
1235 2515 1375 2556 nova
1413 2506 1748 2554 conarentur
1774 2495 1949 2551 moliri
1973 2536 1989 2560 ,
2017 2510 2205 2550 verum

603 2593 849 2652 contenti
881 2592 1057 2648 forent
1087 2590 1212 2647 ﬁdei
1256 2590 1503 2646 terminis
1531 2603 1670 2659 quos
1713 2586 1966 2643 catholici
2015 2586 2205 2642 Patres

604 2687 930 2751 instituere,
971 2697 1216 2754 quosque
1260 2679 1560 2753 Scriptura
1608 2693 1780 2735 sacra
1813 2692 1911 2747 per
1943 2675 2204 2747 Spiritum

603 2791 858 2839 sanctum
907 2779 1063 2836 edita
1107 2777 1425 2848 disposuere
1466 2789 1484 2828 :
1532 2773 1626 2828 sed
1669 2771 1984 2828 cenodoxia
2015 2770 2206 2824 morbo

605 2876 955 2930 laborantes.
992 2868 1079 2925 vel
1113 2867 1329 2924 invidia
1357 2873 1511 2938 peste
1551 2865 1906 2936 languentes,
1948 2860 2204 2931 quoniam

605 2965 807 3020 ﬁnibus
851 2963 1121 3030 majorum
1173 2965 1452 3028 nequeunt
1500 2969 1621 3011 esse
1665 2952 1907 3008 contenti
1961 2965 2202 3014 suorum,

603 3053 833 3125 gloriam
873 3050 1150 3122 propriam
1193 3055 1532 3118 quarentes,
1563 3043 2040 3113 transgrediuntur
2068 3056 2204 3110 quos

607 3145 692 3200 sui
729 3143 938 3214 priores
981 3139 1242 3194 terminos
1284 3137 1470 3192 ﬁxere.
1508 3135 1614 3190 Sed
1657 3135 1783 3190 dum
1833 3134 2058 3204 gloriam
2103 3148 2201 3202 pa-

2225 1860 2278 1922 B
2377 1856 2652 1915 Fortassis
2702 1858 3015 1916 Gracorum
3067 1869 3246 1917 tumor
3289 1872 3526 1934 opponet
3577 1863 3846 1921 Latinorum

2309 1951 2693 2007 auctoritatem
2721 1969 2780 2007 se
2809 1955 3049 2024 recipere
3078 1954 3252 2020 nolle;
3283 1967 3474 2011 verum
3512 1958 3633 2026 quid
3671 1959 3729 2012 de
3759 1959 3847 2012 suis

2307 2041 2452 2098 dicet
2475 2057 2613 2112 quos
2639 2057 2799 2113 supra
2828 2045 3105 2114 posuimus
3134 2047 3491 2102 auctoribus?
3513 2043 3644 2115 Quid
3670 2049 3729 2103 de
3747 2064 3844 2103 san-

2307 2141 2518 2190 ctarum
2567 2136 2957 2204 scripturarum
3007 2137 3430 2192 conditoribus?
3490 2142 3570 2192 An
3622 2136 3771 2193 nolint
3804 2146 3847 2192 et

2307 2224 2453 2296 ipsos
2479 2226 2752 2296 recipere,
2784 2228 3039 2297 quoniam
3069 2229 3276 2285 erroris
3306 2230 3390 2285 sui
3421 2239 3634 2286 severos
3658 2236 3848 2286 cernunt

2308 2316 2585 2383 inimicos,
2628 2326 2684 2372 et
2713 2328 3112 2389 expugnatores
3151 2319 3450 2391 impietatis
3479 2335 3655 2376 eorum
3681 2321 3844 2376 acerri-

2308 2424 2463 2474 mos;
2506 2409 2635 2464 licet
2664 2409 3043 2464 stultissimum
3069 2410 3146 2465 sit
3173 2412 3361 2466 dicere
3404 2413 3700 2466 Latinorum
3735 2410 3846 2465 nolle

2307 2500 2688 2554 auctoritatem
2714 2501 2976 2570 recipere,
2999 2501 3187 2571 eisque
3211 2516 3320 2557 non
3347 2502 3718 2558 consentiendo
3734 2501 3846 2555 schi-

2305 2592 2497 2646 smatis
2525 2593 2818 2647 novitatem
2845 2601 3188 2657 construere,
3215 2594 3529 2666 alienasque
3553 2595 3620 2650 ab
3648 2593 3843 2648 Ecclesia

2306 2683 2574 2738 catholica
2605 2698 2724 2738 sese
2755 2683 3000 2740 reddere.
3033 2685 3190 2741 Absit
3216 2695 3401 2742 autem
3446 2696 3506 2741 ut
3543 2687 3641 2742 ista
3677 2686 3746 2741 vel
3780 2685 3843 2739 di-

2306 2782 2434 2829 cant
2460 2774 2543 2828 vel
2583 2776 2853 2840 sentiant,
2885 2791 3148 2847 suamque
3186 2777 3360 2833 velint
3407 2778 3753 2834 tantummodo
3780 2775 3843 2829 vel

2305 2865 2653 2932 sententiam,
2678 2867 2761 2921 vel
2788 2869 3236 2923 consuetudinem
3266 2870 3434 2924 totius
3460 2869 3697 2924 Ecclesia
3719 2881 3843 2938 gene-

2303 2954 2504 3010 ralitati
2535 2955 2807 3026 praeferre.
2858 2958 2954 3012 Est
2993 2958 3137 3012 enim
3183 2959 3466 3026 iactantia
3511 2959 3698 3014 malum
3735 2956 3844 3012 istud

2303 3046 2388 3102 vel
2419 3047 2650 3115 Opinari,
2683 3049 2768 3103 vel
2805 3049 3132 3113 decernere,
3165 3057 3274 3102 tam
3316 3049 3609 3105 nefandum
3635 3090 3649 3114 ,
3689 3057 3740 3102 ut
3764 3061 3845 3100 non

2305 3142 2376 3196 sit
2405 3140 2706 3205 tolerabile,
2737 3155 2923 3195 verum
2960 3141 3196 3212 generali
3227 3141 3401 3197 totius
3434 3142 3676 3198 Ecclesia
3699 3141 3846 3195 catho-

604 3247 821 3294 rentum
843 3242 1096 3307 quarunt
1120 3233 1372 3296 obruere,
1404 3229 1647 3285 incidunt
1676 3227 1730 3282 in
1757 3227 1988 3291 foveam,
2013 3241 2198 3296 quam,
2227 3218 2272 3280 C
2307 3231 2422 3285 lica
2449 3230 2747 3285 feriendum
2775 3232 3097 3286 auctoritate
3124 3248 3139 3284 :
3173 3231 3394 3288 dicente
3431 3247 3654 3302 namque
3693 3229 3846 3284 Salva-

598 3330 754 3399 juxta
791 3328 1092 3383 Psalmista
1135 3339 1322 3380 vocem
1365 3320 1551 3395 (Psal.
1581 3336 1662 3375 vn
1687 3360 1703 3386 ,
1737 3319 1860 3390 16),
1903 3317 2196 3374 foderunt:

604 3436 712 3476 non
741 3420 888 3474 enim
922 3418 992 3473 de
1016 3417 1366 3488 processione
1406 3413 1642 3484 Spiritus
1676 3411 1859 3467 sancti
1892 3409 2204 3465 debuissent

600 3513 769 3569 ullam
800 3511 1004 3566 nostris
1039 3509 1373 3578 temporibus
1400 3520 1621 3561 movere
1643 3504 2017 3574 quaestionem,
2049 3503 2095 3558 si
2117 3501 2202 3558 vel

601 3602 867 3661 doctrinis
894 3598 1162 3669 majorum
1207 3595 1521 3662 intendere,
1551 3595 1637 3650 vel
1679 3595 1980 3664 scripturas
2019 3607 2204 3649 sacras

602 3697 696 3768 pio
721 3701 1022 3751 certassent
1039 3691 1226 3748 studio
1254 3703 1598 3761 percensere.
1627 3686 1770 3755 Quid
1803 3687 1948 3741 enim
1976 3686 2044 3741 de
2082 3685 2205 3756 Spi-

600 3789 716 3843 ritu
765 3799 956 3844 sancto
1003 3785 1209 3842 sentire
1258 3783 1592 3848 debeamus,
1642 3779 1898 3836 catholici
1954 3780 2204 3835 doctores

600 3878 812 3948 liquido
857 3878 1265 3938 demonstrant,
1299 3874 1390 3944 qui
1425 3882 1535 3928 tam
1575 3871 1940 3942 disputatione
1980 3870 2201 3926 creber-

600 3969 784 4032 rima,
831 3981 995 4037 quam
1043 3964 1263 4034 scriptis
1311 3962 1771 4033 frequentissimis
1822 3961 2202 4016 haereticorum

602 4073 773 4132 prava
803 4064 1110 4114 commenta
1152 4055 1219 4110 de
1245 4068 1458 4110 summa
1483 4052 1782 4119 Trinitate,
1812 4052 1904 4106 ubi
1941 4052 2104 4106 etiam
2136 4051 2204 4106 de

604 4149 847 4221 Spiritus
873 4147 1049 4203 sancti
1078 4145 1678 4216 pariterxproeessioue,
1707 4142 2019 4198 nonsoium
2049 4156 2201 4196 com-

601 4239 946 4312 prehendere
975 4278 993 4304 ,
1061 4251 1255 4292 verum
1322 4233 1748 4291 evidentissimis
1809 4231 2203 4288 assertionibus

603 4334 1086 4400 expugnaverunt;
1123 4339 1359 4396 quormn
1393 4324 1778 4379 auctoritatem
1807 4322 2057 4392 superius
2086 4319 2201 4388 jam

601 4439 715 4480 non
764 4423 988 4478 minima
1040 4428 1194 4492 parte
1240 4417 1569 4491 protulimus
1619 4434 1634 4472 :
1683 4415 1882 4486 quibus
1925 4414 2205 4471 evidenter

604 4525 888 4572 ostensum
919 4511 1240 4578 credimus,
1289 4509 1420 4582 quid
1463 4511 1531 4566 de
1573 4507 1923 4580 processione
1968 4505 2205 4578 Spiritus

601 4605 780 4663 sancti
805 4602 1014 4661 sentire
1052 4595 1350 4659 debeamus
1381 4614 1398 4654 :
1436 4599 1634 4671 quibus
1663 4598 2060 4664 contradicere,
2091 4598 2204 4653 imo

602 4713 713 4754 non
767 4695 1119 4769 acquiescere
1163 4692 1388 4750 molitus
1429 4691 1553 4763 quis
1603 4688 1814 4758 fuerit,
1861 4688 2206 4761 apertissime

606 4797 949 4846 monstratur
1004 4785 1132 4843 ﬁdei
1168 4784 1450 4842 catholica
1477 4782 1847 4840 contradictor
1882 4791 1939 4837 et
1973 4780 2206 4851 Spiritus

604 4880 780 4934 sancti
809 4878 1242 4949 uasphemator.
1285 4874 1444 4944 Quali
1481 4888 1644 4946 pana
1680 4887 1810 4927 vero
1847 4871 1974 4926 talis
2015 4872 2086 4927 sit
2128 4869 2205 4926 fe-

607 4970 849 5036 riendus,
873 4967 1135 5025 Veritatis
1169 4982 1266 5024 ore
1301 4966 1592 5023 didicimus
1627 4963 1936 5034 loquentis,
1966 4961 2203 5034 Spiritus

607 5059 788 5115 sancti
818 5059 1210 5130 blasphemiam
1251 5073 1428 5133 neque
1463 5058 1520 5114 in
1564 5057 1670 5113 hoc
1697 5055 1917 5119 saculo,
1943 5068 2120 5124 neque
2149 5053 2204 5108 in

606 5148 795 5203 futuro
826 5147 1203 5204 remittendam
1230 5147 1462 5221 .(Matth.
1510 5163 1610 5213 xu,
1642 5145 1754 5220 '52).
1798 5144 2012 5202 Placuit
2038 5144 2201 5199 etiam

607 5239 982 5310 superioribus
1023 5238 1204 5294 Patris
1233 5239 1518 5311 Augustini
1561 5239 1763 5308 scripta
1793 5235 2068 5307 copulare,
2111 5237 2204 5291 do-

608 5331 779 5386 ctoris
807 5329 1044 5401 egregii,
1081 5337 1136 5385 et
1174 5331 1315 5383 inter
1341 5329 1746 5385 ecclesiasticos
1775 5327 2068 5398 magistros
2095 5326 2205 5382 ele—

608 5421 950 5496 gantissimi;
979 5421 1070 5475 cui
1117 5421 1249 5491 iuge
1293 5431 1565 5475 certamen
1615 5419 1877 5474 adversus
1921 5417 2205 5472 hareticos

611 5513 853 5578 mansit;
901 5509 1054 5579 cujus
1101 5510 1360 5566 doctrina
1418 5509 1580 5566 simul
1625 5517 1680 5565 et
1710 5509 2048 5581 eloquentia
2093 5523 2204 5564 non

613 5602 787 5658 solum
811 5602 1011 5656 Ariana
1050 5601 1320 5672 subiacuit
1359 5601 1626 5670 impietas,
1655 5614 1843 5654 verum
1871 5599 2205 5669 reliquorum

614 5696 1015 5762 bareticorum,
1046 5695 1558 5751 Macedoniauorum
1581 5693 1854 5759 videlicet,
1887 5693 2206 5752 Manichae-

617 5802 757 5853 runi,
789 5787 1196 5860 Pelagianorum
1223 5787 1387 5845 cessit
1418 5786 1747 5842 iuunanitas.

2308 3333 2426 3378 tore
2454 3323 2568 3378 suis
2597 3322 2867 3394 Apostolis
2894 3341 2906 3376 :
2937 3322 3020 3377 Ite
3048 3324 3102 3376 in
3132 3325 3436 3378 universum
3466 3325 3652 3387 orbem,
3678 3333 3720 3376 et
3742 3334 3847 3391 pne-

2305 3415 2476 3468 dicate
2518 3412 2858 3484 Evangelium
2911 3414 3054 3467 omni
3100 3424 3364 3468 creatura:
3406 3415 3596 3477 (Marc.
3621 3430 3720 3478 xvi,
3749 3411 3844 3477 l5),

2304 3500 2412 3560 non
2457 3503 2676 3560 Gracos
2723 3512 2930 3559 tantum
2963 3505 3395 3572 commendavit,
3427 3506 3520 3561 sed
3554 3505 3702 3560 totius
3731 3500 3847 3556 orbis

2304 3597 2690 3669 plenitudinem
2707 3598 3172 3662 commemoravit,
3190 3599 3275 3653 cui
3299 3599 3688 3668 pradicandum
3708 3593 3847 3650 Evan-

2305 3689 2501 3760 gelium
2529 3689 2804 3758 pracepit.
2836 3688 2902 3742 Et
2922 3687 3374 3758 superbissimum
3405 3699 3489 3745 est
3512 3689 3609 3744 sibi
3635 3696 3846 3755 tanquam

2305 3781 2539 3852 speciale
2568 3781 2706 3835 velle
2735 3782 3029 3843 vindicare,
3064 3784 3206 3852 quod
3240 3793 3457 3839 constat
3488 3782 3720 3840 omnibus
3743 3792 3846 3849 gen-

2306 3873 2483 3938 tibus,
2529 3872 2741 3942 populis
2789 3881 2844 3926 et
2886 3872 3082 3943 linguis
3111 3873 3441 3944 generaliter
3467 3890 3586 3930 esse
3616 3871 3845 3929 collatum.

2305 3964 2447 4019 Dicit
2472 3965 2614 4018 enim
2649 3979 2744 4033 per
2771 3966 3093 4034 prophetam
3135 3964 3373 4036 Spiritus
3411 3977 3624 4022 sanctus
3662 3965 3848 4031 loquens

2305 4055 2371 4110 ad
2410 4053 2746 4109 Hierusalem
2774 4073 2786 4108 :
2813 4055 2889 4109 Ab
2920 4053 3133 4110 Oriente
3158 4057 3424 4112 adducam
3449 4072 3615 4112 semen
3639 4055 3848 4114 tuum,et

2304 4147 2369 4201 ab
2395 4145 2675 4200 Occidente
2703 4146 3022 4216 congregabo
3057 4155 3124 4200 te.
3162 4146 3347 4201 Dicam
3381 4147 3623 4220 Aquiloni
3648 4158 3666 4196 :
3694 4141 3790 4203 Da;
3811 4143 3849 4190 et

2304 4240 2500 4294 Austro
2526 4256 2545 4294 :
2572 4237 2701 4293 Noli
2732 4239 3003 4309 prohibere
3037 4239 3174 4310 (lsa.
3201 4255 3357 4305 thtt,
3393 4240 3468 4312 5).
3501 4239 3633 4293 Num
3658 4235 3718 4290 de
3745 4227 3850 4286 solis

2303 4329 2507 4386 Graecis
2534 4330 2635 4384 ista
2660 4329 2951 4384 dicuntur?
2977 4329 3058 4384 vel
3081 4329 3148 4384 de
3169 4325 3630 4398 Constantinopoli
3657 4329 3850 4378 tantum-

2304 4421 2466 4476 modo
2504 4417 2807 4475 Jerusalem
2866 4418 3094 4489 populus
3149 4419 3478 4473 vaticinatur
3521 4403 3851 4485 colligendus?

2310 4513 2702 4571 Uuiversalitas
2737 4513 2977 4584 gentium
3009 4521 3122 4568 toto
3149 4513 3280 4568 orbe
3309 4511 3504 4568 diﬂ'usa
3534 4506 3802 4565 nuntiatur,
3826 4511 3851 4552 e

2307 4607 2504 4678 quibus
2531 4605 2830 4663 ierusalem
2873 4605 3109 4662 calestis
3148 4603 3525 4676 congreganda
3551 4597 3848 4672 perducetur.

2308 4698 2425 4754 Non
2461 4713 2592 4769 ergo
2634 4697 2738 4752 sibi
2781 4696 3020 4751 tribuant
3051 4695 3195 4765 quod
3240 4695 3491 4750 omnibus
3519 4684 3850 4764 gentibusesi

2308 4788 2596 4854 collatum;
2621 4801 2732 4842 'nec
2759 4801 2869 4841 sua
2910 4784 3241 4856 pralatiouis
3269 4783 3600 4854 specialitate
3629 4773 3851 4841 usurpem

2309 4893 2536 4942 munus,
2576 4875 2719 4947 quod
2749 4875 3172 4932 uuiversalitatis
3204 4889 3324 4930 esse
3355 4881 3586 4928 constat.
3617 4863 3852 4935 Aspiciant

2310 4970 2632 5026 catholicam
2659 4967 2860 5024 Christi
2886 4967 3181 5022 Ecclesiam
3208 4967 3376 5021 totius
3400 4961 3583 5020 mundi
3613 4950 3851 5014 latitudine

2309 5059 2583 5125 diliusam,
2609 5067 2664 5115 et
2691 5057 3000 5113 abOriente
3025 5071 3196 5126 usque
3226 5056 3280 5110 in
3301 5054 3583 5117 Occasum,
3611 5067 3638 5104 a
3664 5047 3851 5114 Sepicn'

2311 5152 2486 5206 trione
2507 5165 2676 5220 usque
2707 5150 2759 5204 in
2789 5148 3046 5204 Austrum
3071 5147 3372 5202 dilatatam.
3398 5145 3668 5202 Gaudeant
3689 5139 3735 5191 in
3762 5137 3852 5220 toto

2310 5241 2442 5296 orbe
2466 5238 2739 5295 Christum
2765 5239 3153 5301 domi-nantem,
3181 5237 3402 5306 impleto
3421 5231 3668 5290 vaticinia
3693 5217 3849 5281 David.

2313 5347 2420 5401 quo
2449 5329 2664 5386 Patrem
2697 5329 2903 5385 inducit
2931 5327 3069 5382 Filio
3104 5327 3410 5397 loquentem
3438 5345 3450 5380 :
3480 5320 3688 5377 Postulo
3715 5333 3743 5367 a
3769 5325 3849 5368 me.

2313 5435 2363 5480 et
2390 5424 2526 5478 dabo
2551 5424 2644 5478 tibi
2670 5433 2843 5494 gentes
2873 5421 3231 5475 [nereditatem
3259 5429 3423 5482 tuam,
3450 5428 3494 5471 et
3523 5408 3850 5494 possessione")!

2316 5525 2459 5568 tuam
2485 5486 2732 5568 terminos
2758 5524 2911 5566 terra
2935 5509 3108 5582 (Psal.
3137 5526 3198 5575 Il,
3223 5509 3300 5580 8).
3339 5509 3406 5564 Et
3429 5504 3568 5578 quod
3593 5501 3717 5555 al:us
3738 5486 3850 5562 psal-

2316 5622 2438 5662 mus
2481 5606 2534 5660 in
2574 5620 2802 5677 persona
2845 5603 3048 5660 Christi
3094 5603 3373 5674 loquitur:
3417 5600 3482 5654 Et
3523 5585 3850 5650 dominabitur.

2318 5698 2601 5768 inquiens,
2633 5714 2665 5750 a
2704 5696 2841 5749 mari
2865 5712 3027 5766 usque
3051 5695 3119 5747 ad
3149 5709 3316 5759 mare,
3359 5701 3407 5747 et
3441 5706 3472 5743 α
3500 5681 3700 5758 ﬂumine
3722 5678 3851 5736 usque

2320 5790 2389 5844 ad
2417 5789 2664 5845 terminos
2694 5788 2832 5844 orbis
2862 5798 3120 5844 terrarum
3151 5784 3325 5857 (Psal.
3351 5797 3496 5849 Lxxt,
3519 5778 3594 5850 8).
3617 5768 3851 5836 Νιιεειιιτηη
