4026 6346
197 380 314 438 275

1092 377 1370 434 CONTRA
1411 377 1818 435 CRECOBEM
1852 378 2208 436 OPPOSITA.
2231 379 2451 436 -LlB.
2488 380 2573 435 Ill.

3366 387 3472 442 9η

201 494 370 552 isthic
403 491 488 548 vel
529 491 750 549 Graecos
783 487 871 546 ve‘l
908 489 1432 560 Constantinopolim
1485 489 1730 544 meminit
1766 503 1782 543 :
1813 496 1860 552 Α
1889 489 1944 542 in
1973 491 2114 544 vobis
2141 489 2356 562 (Matth.
2400 508 2455 558 ι,
2496 490 2611 563 20).
2642 490 2710 546 Et
2755 490 2899 562 quod
2943 490 3086 547 idem
3117 499 3208 568 et.
3237 493 3362 550 Filii
3399 497 3472 552 sit

201 605 310 646 nec
348 597 528 644 tamen
571 601 958 657 usquequaque
1002 585 1273 656 praeterit,
1311 585 1568 655 quoniam
1601 601 1696 641 eos
1735 586 1790 640 in

200 679 620 739 universalitate,
637 677 910 734 concludit
939 696 952 732 :
992 676 1354 747 specialitatis
1377 678 1790 749 praerogativam

201 772 458 836 sustulit,
505 769 882 837 neinl'lentur;
937 771 990 825 in
1017 770 1373 842 generalitate
1401 772 1553 841 ponit
1577 787 1691 836 eos,
1732 780 1792 826 ut

200 867 556 924 humilientur
585 880 602 921 :
633 874 902 936 quatenus
932 864 1180 919 noverint
1212 878 1318 918 non
1352 863 1520 920 totius
1547 864 1792 934 corporis

198 957 462 1013 Ecclesia:
491 969 551 1012 se
581 953 699 1011 fore
725 940 1101 1024 quantitatem,
1134 952 1228 1008 sed
1263 952 1590 1024 portionem,
1618 961 1675 1008 et
1701 968 1793 1009 ve-

196 1056 466 1105 nerentur
493 1055 725 1104 matrem
754 1063 786 1102 a
812 1046 944 1102 solis
968 1055 1090 1101 ortu
1120 1045 1172 1100 in
1199 1060 1455 1101 occasum
1486 1045 1659 1117 regali.
1678 1061 1793 1100 ma-

193 1141 516 1214 gniﬁcentia
544 1140 863 1206 sublimem,
891 1137 1062 1208 cujus.
1081 1153 1145 1194 se
1186 1139 1452 1209 gaudeant
1480 1153 1603 1193 esse
1630 1137 1789 1203 ﬁlios,

194 1249 306 1289 non
336 1232 639 1304 glorientur
666 1232 786 1286 fore
817 1238 1018 1302 patres.
1047 1229 1189 1284 Dicit
1217 1229 1362 1284 enim
1393 1228 1644 1284 Salvator
1673 1246 1687 1283 :
1720 1228 1792 1282 Et

195 1323 420 1380 Patrem
454 1323 615 1378 nolite
659 1339 842 1378 vocare
885 1321 1028 1378 vobis
1075 1338 1230 1392 super
1273 1331 1512 1375 terram:
1541 1338 1677 1375 unus
1714 1329 1791 1376 est

193 1417 337 1471 enim
379 1415 545 1470 Pater
589 1425 752 1471 vester
791 1415 881 1487 qui
922 1416 977 1469 in
1005 1414 1147 1469 caelis
1174 1424 1249 1469 est
1281 1413 1496 1485 (Matth.
1524 1429 1682 1478 XXIII,
1712 1415 1789 1486 9).

195 1506 455 1561 Salvator
512 1506 677 1560 etiam
751 1505 922 1562 caelos
969 1520 1294 1560 ascensurus
1365 1505 1477 1560 suis
1528 1504 1795 1573 promittit

196 1597 482 1666 discipulis
507 1615 521 1650 :
553 1596 688 1650 Ecce
707 1613 800 1666 ego
830 1595 1093 1650 vobiscum
1120 1612 1236 1649 sum
1265 1592 1427 1665 usque
1451 1597 1519 1649 ad
1551 1612 1793 1649 consumw

194 1692 482 1744 motionem
504 1689 682 1744 δαισαιί
705 1688 921 1759 (Matth.
950 1705 1142 1752 xxvnt,
1165 1688 1279 1760 20).
1304 1688 1567 1743 Audimus
1591 1687 1792 1743 Christi

195 1781 530 1851 promissum
567 1779 819 1834 omnibus
847 1781 1226 1845 credentibus,
1246 1780 1515 1836 universa:
1543 1780 1794 1836 videlicet

1895 579 2148 650 Spiritus,
2182 581 2380 638 Paulus
2430 582 2703 652 apostolus
2735 582 2889 638 testis
2915 590 3000 638 est
3029 598 3043 637 :
3069 584 3250 655 siquis
3273 596 3468 651 autem,

1893 670 2088 740 inquit,
2120 671 2378 742 Spiritum
2425 670 2619 728 Christi
2653 688 2758 728 non
2789 673 3088 740 habetpltic
3119 690 3224 730 non
3259 683 3335 729 est
3355 673 3471 744 ejus

1893 761 2067 833 (Rom.
2098 778 2213 827 VIII,
2243 762 2321 835 9).
2369 782 2389 817 ι
2980 772 2984 777 ’

1888 897 1894 903 .
1962 852 2102 922 Quid
2141 855 2322 922 isthic,
2360 870 2395 912 ο
2427 853 2742 912 Graecorum
2785 857 3080 930 principes,
3134 857 3354 931 dignum
3383 872 3472 914 re-

1890 946 2251 1015 prehensione
2274 945 2565 1017 judicatis?
2592 947 2734 1004 Dicit
2767 947 3030 1019 Spiritum
3063 963 3095 1003 a
3115 948 3290 1004 Patre
3310 948 3471 1005 Filio-

1890 1052 1998 1107 que
2043 1041 2368 1109 procedere.
2409 1037 2613 1094 Probat
2652 1039 2757 1096 hoc
2802 1039 3082 1112 Evangelii
3131 1039 3467 1096 testimonio.

1892 1130 2034 1187 Dicit
2060 1137 2114 1188 et
2137 1131 2316 1188 Patris
2359 1141 2417 1187 et
2454 1131 2578 1186 Filii
2606 1145 2728 1188 esse
2773 1129 3330 1202 Spiritum;atﬁrmat
3357 1140 3470 1187 tam

1890 1239 1958 1278 ex
1985 1223 2275 1290 Evangelia
2303 1238 2464 1292 quam
2494 1239 2563 1278 ex
2588 1222 2866 1292 Apostolo.
2897 1221 2956 1278 Si
2988 1239 3097 1279 non
3122 1222 3288 1279 vultis
3324 1223 3470 1278 Latio

1893 1315 1996 1379 nis,
2042 1315 2333 1387 Evangelio
2361 1315 2588 1371 credite.
2637 1314 2694 1369 Si
2735 1315 2918 1370 verbis
2956 1315 3470 1386 Augustiniaurem

1891 1405 2133 1476 prmbere
2160 1423 2266 1462 non
2307 1406 2488 1472 vultis,
2516 1407 2755 1477 praebete
2788 1406 3025 1471 Christo,
3062 1407 3297 1478 praebete
3327 1406 3470 1476 Apo-

1892 1495 2049 1551 stolo.
2083 1495 2232 1564 Quod
2261 1497 2305 1552 si
2346 1498 2691 1552 contemnitis
2718 1495 2994 1552 Christum
3033 1505 3088 1552 et
3130 1497 3470 1567 Apostolum,

1893 1589 2070 1644 videte
2097 1604 2164 1645 ne
2193 1591 2635 1646 contenmamini.
2684 1589 2889 1645 ﬂorum
2938 1590 3082 1646 enim
3111 1591 3204 1659 qui
3243 1605 3349 1644 non
3378 1603 3468 1645 se-

1890 1683 2076 1751 quitur
2117 1683 2439 1748 doctrinam,
2474 1679 2790 1739 societatem
2822 1698 2852 1737 a
2901 1697 2961 1738 se
2999 1682 3218 1753 quidem
3261 1681 3472 1752 repellit

1892 1773 2094 1828 Cliniin
2123 1773 2544 1844 discipulorum;
2576 1789 2678 1829 nec
2717 1773 2826 1828 erit
2877 1772 3148 1843 particeps
3193 1772 3468 1836 Ecclesiae,

194 1870 479 1935 Ecclesiae,
512 1886 619 1924 non
647 1880 830 1926 autem
857 1870 1167 1940 specialiter
1197 1871 1282 1926 vel
1310 1871 1513 1939 Graecis
1538 1871 1790 1927 vel-Con-
1819 1851 1863 1912 Β
1889 1865 1981 1935 qui
2038 1863 2343 1920 doctrinam
2391 1865 2605 1935 repellit
2669 1863 3130 1929 ecclesiasticam;
3168 1879 3282 1934 (nec
3345 1879 3470 1919 cum

194 1959 721 2030 stantinopolitanis.
771 1959 897 2026 Qua
935 1960 1003 2016 de
1049 1975 1109 2015 re
1138 1975 1460 2032 quacunque
1492 1962 1696 2033 lingua,
1733 1963 1788 2018 in

192 2066 524 2120 quacunque
545 2060 705 2122 gente
724 2051 972 2108 Christus
994 2052 1270 2124 loquatur,
1293 2052 1604 2109 Grzecorum
1627 2055 1791 2126 impe-

195 2151 410 2198 ratores
438 2143 712 2213 accipiant
734 2153 1065 2210 reverenter,
1081 2161 1151 2202 ne
1173 2145 1216 2200 si
1233 2147 1672 2214 contempserint,
1695 2161 1788 2202 ve-

196 2233 418 2288 ritatem
449 2243 802 2290 contemnere
823 2232 1172 2303 iudicentur,
1200 2244 1255 2292 et
1283 2237 1406 2292 inde
1433 2236 1565 2291 ﬁant
1601 2236 1791 2293 salutis

194 2334 486 2388 extorres,
523 2325 664 2379 unde
692 2326 978 2380 veritatem
1010 2325 1284 2382 Christum
1327 2327 1631 2397 spreveriut
1657 2327 1791 2384 allo-

193 2421 458 2482 quentem
487 2431 502 2467 :
535 2429 642 2468 non
686 2415 829 2470 enim
869 2414 1102 2485 Spiritus
1135 2424 1356 2472 sanctus
1393 2417 1448 2471 in
1477 2417 1650 2487 igneis
1684 2418 1789 2474 lin-

196 2504 324 2574 guis
345 2520 514 2574 super
539 2504 810 2574 apostolos
854 2505 1186 2563 descendens
1226 2507 1537 2564 Grmcorum
1583 2517 1790 2564 tantum

196 2594 441 2667 linguam
467 2596 702 2662 edocuit,
736 2611 924 2652 verum
950 2598 1190 2653 omnium
1213 2599 1456 2670 gentium
1484 2599 1789 2671 linguarum

196 2688 486 2741 scientiam
508 2687 768 2752 contulit;
796 2698 856 2742 ut
877 2697 1209 2745 monstraret
1221 2689 1516 2746 Ecclesiam
1539 2690 1791 2747 omnibus

197 2779 402 2851 linguis
451 2781 692 2835 omnium
731 2782 1046 2851 populorum
1092 2782 1424 2847 locuturum,
1469 2791 1523 2839 et
1557 2782 1792 2854 Spiritus

198 2871 375 2926 sancti
427 2871 863 2928 distributionem
912 2874 1121 2930 cunctis
1171 2875 1480 2931 nationibus
1533 2875 1792 2930 divinitus

198 2959 559 3032 largiendam.
591 2962 874 3033 Accipiunt
919 2963 1083 3036 igitur
1110 2964 1332 3033 gloriosi
1358 2966 1636 3038 principes
1663 2966 1788 3038 Spi-

200 3052 366 3106 ritum
406 3062 653 3107 sanctum
681 3069 776 3124 per
799 3054 1059 3111 Doctores
1091 3056 1380 3124 Ecclesiae,
1405 3059 1472 3113 de
1500 3059 1790 3130 semetipso

198 3143 390 3198 Latina
415 3145 594 3215 lingua
616 3145 946 3216 loquentem,
963 3159 1232 3219 quatenus
1247 3150 1553 3206 humilitate
1577 3152 1787 3208 discant

201 3235 343 3288 unde
391 3234 710 3304 proﬁciant,
755 3253 821 3292 ne
854 3239 1082 3293 tumoris
1113 3238 1392 3296 inﬂatione
1424 3242 1784 3313 despicientes

200 3326 446 3381 veritatis
471 3326 671 3394 lumen,
701 3331 909 3386 erroris
932 3332 1180 3388 tenebras
1207 3332 1505 3389 incurrant.

829 3464 1060 3523 CAPUT
1093 3467 1156 3524 II.

339 3571 668 3631 Auetoritate
693 3575 975 3648 Augustini
1006 3581 1240 3637 hteretici
1267 3585 1629 3655 confutantur.

265 3681 614 3754 Augustinus
651 3690 938 3761 episcopus
988 3691 1374 3764 Hipponensis,
1413 3701 1660 3772 egregius
1697 3703 1787 3757 do-

198 3783 336 3838 ctor,
389 3785 449 3830 et
504 3779 785 3836 catholicae
831 3783 954 3837 ﬁdei
1007 3795 1377 3855 propugnator
1426 3789 1679 3854 eximius,
1728 3792 1782 3848 in

198 3864 338 3919 libro
368 3866 765 3934 Qumstionum,
798 3887 958 3941 quem
989 3875 1056 3928 ad
1106 3874 1355 3932 Orosium
1403 3881 1780 3952 presbyterum

196 3955 414 4021 scribit,
469 3958 611 4014 inter
667 3970 865 4018 caetera
929 3965 996 4019 de
1052 3965 1256 4036 Spiritu
1319 3979 1508 4026 sancto
1561 3973 1642 4028 sic
1703 3975 1782 4029 ait

198 4042 409 4114 (quest.
427 4046 514 4116 2):
538 4049 844 4120 «Spiritutn
870 4064 1314 4130 sanctumneque
1341 4061 1658 4132 ingenitum,
1684 4081 1781 4121 ne-

194 4152 299 4206 que
325 4141 574 4210 genitum
627 4142 760 4200 ﬁdes
808 4155 959 4201 certa
1009 4148 1273 4204 declarat.
1316 4151 1452 4220 Quia
1501 4155 1547 4208 si
1585 4156 1782 4213 dixeri-

194 4246 313 4286 mus
344 4232 680 4303 ingcnitum,
720 4236 856 4293 duos
891 4250 1075 4308 patres
1119 4241 1389 4300 affirmare
1432 4245 1739 4304 videbimur
1761 4266 1781 4316 ς-

193 4324 274 4379 sin
297 4335 484 4380 autem
510 4323 774 4395 genitum,
805 4332 938 4387 duos
966 4333 1130 4390 Filios
1153 4337 1379 4392 credere
1403 4339 1779 4409 culpabimur:

193 4417 285 4472 sed
313 4419 461 4488 quod
495 4419 627 4476 ﬁdes
654 4432 802 4477 certa
835 4433 1001 4490 tenet,
1029 4441 1131 4482 nec
1169 4428 1462 4498 ingenitus,
1487 4447 1587 4487 nec
1630 4433 1782 4504 genii

193 4515 296 4573 tus,
329 4511 428 4564 sed
449 4512 519 4566 ab
551 4513 796 4584 utrisque
816 4517 1139 4586 procedens,
1170 4519 1222 4573 id
1243 4531 1327 4574 est
1352 4528 1406 4574 et
1427 4537 1456 4574 a
1487 4521 1649 4579 Patre
1673 4533 1728 4579 et
1748 4539 1778 4578 a

190 4598 446 4656 Filio..Et
485 4611 543 4657 ut
570 4603 684 4659 haec
740 4607 1062 4662 testimoniis
1101 4611 1409 4678 approbem,
1454 4612 1630 4682 ipsum
1677 4613 1779 4668 Do-

191 4689 402 4744 minum
459 4702 703 4748 nostrum
751 4694 933 4750 Jesum
988 4696 1266 4753 Christum
1313 4699 1608 4770 discipulos
1648 4717 1779 4759 suos

191 4783 315 4835 audi
365 4784 649 4841 docentem
681 4805 694 4840 :
728 4787 860 4842 Cum
901 4800 1097 4859 autent,
1136 4793 1332 4862 inquit,
1362 4794 1552 4850 venerit
1599 4795 1783 4849 Paro-

191 4873 378 4940 ditus,
400 4893 552 4946 quem
585 4896 678 4948 ego
713 4881 854 4934 vobis
899 4883 1103 4936 mittam
1133 4899 1167 4937 a
1196 4881 1360 4940 Putre
1401 4885 1658 4955 Spiritum
1693 4903 1779 4941 ve-

193 4967 389 5032 ritatis,
411 4971 502 5039 qui
531 4989 562 5024 a
600 4969 762 5026 Patro
793 4973 1046 5042 procedit,
1096 4973 1186 5028 ille
1223 4976 1778 5045 testimonium-perhi-

193 5062 326 5115 bebit
371 5063 440 5116 de
463 5080 546 5117 me
583 5063 765 5135 (Joan.
801 5081 891 5131 xv,
928 5065 1041 5136 26).
1072 5066 1141 5120 Et
1183 5082 1398 5122 rursum
1433 5067 1568 5136 ipse
1593 5067 1778 5123 1)υωί-

193 5168 297 5207 nus
351 5165 540 5208 noster
602 5153 759 5210 Jcsus
814 5155 1064 5212 Christus
1129 5165 1250 5226 post
1319 5158 1777 5213 resurrectionem

194 5258 372 5307 suam,
400 5251 459 5296 ut
500 5247 814 5301 ostenderet
847 5261 878 5300 a
919 5261 980 5301 se
1018 5245 1327 5316 procederet
1353 5246 1617 5317 Spiritum
1648 5263 1776 5302 san-

193 5341 368 5400 ctum,
398 5335 538 5389 sicut
578 5354 606 5389 a
657 5336 838 5400 Patre,
888 5337 1167 5393 insuﬂlans
1223 5338 1280 5392 in-
1330 5339 1624 5408 discipulos
1653 5339 1772 5393 ait:

195 5428 427 5499 Acctpite
457 5428 716 5498 Spiritum
736 5442 974 5485 sanctum
1003 5431 1185 5502 (Joan.
1215 5448 1307 5495 xx,
1330 5431 1444 5504 22).
1476 5431 1628 5488 Unus
1647 5445 1776 5500 ergo

197 5517 436 5588 Spiritus
458 5533 544 5576 est
570 5521 750 5576 Patris
770 5533 825 5577 et
851 5521 996 5583 Filii.
1023 5539 1163 5578 tinus
1203 5525 1485 5579 amborum
1519 5523 1773 5593 Spiritus.

197 5610 367 5679 igitur
392 5613 531 5681 quod
556 5611 736 5667 Patris
761 5614 832 5669 sit
858 5611 1115 5684 Spiritus,
1146 5615 1261 5685 ipse
1293 5615 1554 5669 Dominus
1581 5621 1636 5668 et
1665 5612 1781 5667 Sal-

196 5712 351 5756 vator
379 5714 561 5758 noster
588 5705 866 5775 discipulis
893 5706 1006 5760 suis
1027 5707 1104 5760 ait
1138 5724 1150 5759 :
1188 5705 1311 5759 Non
1339 5708 1475 5760 enim
1521 5723 1609 5760 vos
1658 5707 1778 5759 estis

196 5792 289 5860 qui
316 5791 608 5862 loquimini,
636 5796 724 5849 sed
760 5793 990 5866 Spirittts
1033 5793 1212 5851 Patris
1237 5799 1388 5852 vestri
1419 5799 1526 5868 qui,
1551 5796 1780 5868 loquitur

1888 1956 2108 2013 Chrism
2165 1956 2466 2026 portionem
2509 1963 2592 2010 est
2641 1955 2924 2013 habiturus
2972 1954 3174 2012 Christi
3211 1955 3472 2028 magiste-

1892 2048 2032 2103 rium
2061 2046 2153 2116 qui
2182 2062 2287 2102 non
2312 2045 2678 2117 amplectitur.
2742 2096 2744 2098 ,
2921 2073 2924 2078 -
3447 2066 3454 2073 -

1958 2139 2275 2210 GregOrius,
2345 2139 2601 2196 Romana:
2679 2140 2824 2197 sedis
2902 2141 3210 2212 episcopus,
3266 2137 3470 2194 Tiberii

1889 2230 2228 2288 Constantini
2261 2232 2596 2302 temporibus
2644 2231 3050 2301 apocrisiarius,
3079 2239 3206 2286 tunc
3251 2229 3471 2300 quidem

1888 2319 2167 2388 diaconus,
2210 2331 2396 2394 postea
2426 2338 2556 2379 vero
2598 2324 2793 2395 praesul
2839 2324 3092 2390 eximius,
3125 2322 3474 2395 imperatori-

1889 2406 1990 2468 bus
2028 2414 2246 2470 Tiberio
2293 2414 2682 2486 Mauricioque,
2728 2431 2940 2473 necnon
2985 2416 3182 2472 Phocus
3205 2414 3468 2470 charissi-

1890 2519 2012 2560 mus
2069 2514 2231 2574 atque
2277 2504 2776 2563 familiarissimus:
2815 2505 2910 2577 qui
2947 2520 3071 2562 cum
3115 2505 3374 2560 diaconus
3414 2509 3473 2557 et

1891 2592 2148 2650 Romanae
2203 2595 2351 2651 sedis
2418 2596 2627 2667 legatus
2684 2596 3164 2667 Constantinomli.
3205 2596 3426 2666 degeret
3452 2634 3470 2659 ,

1888 2681 2184 2757 Eutychen,
2215 2686 2766 2758 Constantinopoleos
2799 2689 3134 2760 episcopum,
3161 2688 3230 2744 de
3267 2687 3473 2742 Resur-

1890 2781 2129 2836 rectione
2155 2782 2338 2837 carnis
2373 2783 2606 2852 pessime
2649 2783 3125 2855 dogmatizantem,
3177 2784 3472 2854 imperato-

1890 2870 1966 2925 ris
2018 2870 2070 2924 in
2122 2873 2431 2941 praesentia,
2484 2872 2795 2930 divinorum
2829 2875 3156 2931 auctoritate
3185 2874 3470 2936 librorum.

1889 2959 2167 3031 ipsiusque
2214 2962 2292 3018 rei
2323 2963 2552 3020 veritate
2593 2964 2860 3021 catholica
2907 2961 3095 3032 evicit,
3127 2965 3470 3032 confutavit;

1889 3050 1958 3106 de
1988 3051 2224 3122 Spiritus
2267 3054 2440 3110 sancti
2471 3057 2818 3129 processione
2838 3057 2920 3112 sic
2945 3057 3187 3127 loquitur
3214 3058 3268 3112 in
3295 3057 3475 3112 homi-

1889 3138 1962 3196 lia
1989 3140 2172 3198 habita
2197 3143 2264 3199 ad
2285 3145 2540 3214 populum
2565 3147 2774 3202 octavis
2789 3146 3015 3204 Pascha:
3061 3148 3262 3220 (homil.
3300 3149 3370 3206 26
3417 3150 3472 3203 in

1887 3231 2123 3305 Evang.)
2167 3249 2234 3289 :t
2284 3235 2420 3291 Nam
2471 3247 2721 3294 sanctum
2775 3254 2990 3310 quoque
3035 3239 3319 3311 Spiritum,
3376 3241 3470 3312 qui

1887 3338 2009 3378 cum
2033 3324 2107 3379 sit
2131 3326 2423 3395 coaequalis
2450 3327 2602 3383 Patri
2645 3338 2702 3386 et
2731 3329 2899 3397 Filio,
2927 3346 3036 3386 non
3080 3341 3262 3388 tamen
3291 3333 3472 3388 incar-

1885 3427 2047 3474 natus
2071 3427 2175 3486 est,
2204 3436 2235 3476 a
2277 3421 2438 3477 Patre
2465 3423 2704 3493 quidem.
2728 3424 2898 3481 Filius
2938 3425 3155 3482 mittere
3177 3441 3262 3482 ser
3287 3426 3470 3497 perhio

1883 3505 1998 3572 bet,
2027 3507 2211 3566 dicens
2239 3528 2252 3564 :
2281 3510 2413 3565 Cum
2435 3513 2630 3566 venerit
2663 3511 2967 3569 Paraclitus
3007 3531 3162 3585 quem
3197 3531 3292 3586 ego
3346 3515 3473 3569 mit-o

1883 3605 1991 3652 tam
2020 3599 2163 3654 vobis
2193 3617 2226 3654 a
2258 3600 2423 3656 Patre
2467 3600 2654 3672 (locu.
2682 3618 2776 3669 xv,
2819 3603 2934 3674 26).
2968 3624 2988 3657 ι
3008 3645 3014 3652 .
3038 3603 3098 3660 Si
3136 3605 3282 3660 enim
3312 3605 3479 3660 .mitti

1884 3690 2220 3747 solummodo
2259 3692 2531 3748 incarnari
2561 3695 3062 3768 deberetintelligi,
3097 3704 3318 3752 sanctus
3340 3711 3468 3766 pro—

1884 3782 1974 3838 cul
1993 3783 2160 3838 dubio
2186 3783 2423 3856 Spiritus
2452 3785 2600 3842 nullo
2645 3788 2804 3842 modo
2833 3787 3136 3844 dicereturx
3159 3789 3325 3855 mitti,
3349 3836 3355 3843 .
3375 3788 3472 3858 qui

1886 3889 2226 3945 nequaquam
2275 3875 2753 3945 incarnatusest;
2805 3862 2900 3935 sed
2953 3879 3071 3950 ejus
3123 3879 3326 3936 missio
3354 3877 3475 3950 ipsa

1884 3967 2161 4037 processio
2206 3975 2308 4033 est,
2336 3984 2442 4040 qua
2473 3971 2538 4025 de
2559 3970 2723 4027 Patre
2751 3971 3095 4043 proceditet
3122 3972 3282 4030 Filio.
3315 3972 3472 4030 Sicut

1884 4059 2064 4130 itaque
2109 4059 2366 4132 Spiritus
2396 4063 2536 4118 mitti
2571 4063 2768 4119 dicitur
2798 4065 2925 4136 quia
2968 4066 3248 4137 procedits
3297 4066 3372 4122 ita
3417 4075 3477 4122 et

1883 4150 2055 4207 Filius
2085 4167 2190 4207 non
2223 4153 2534 4231 incongrue.
2567 4154 2707 4210 mitti
2751 4156 2952 4211 dicitur
2990 4156 3117 4228 quia
3157 4166 3471 4230 generatur.

1881 4243 2041 4301 Istius
2091 4247 2468 4320 auctoritatem
2517 4248 2764 4318 przesulis
2810 4249 2856 4305 si
2903 4259 3254 4307 contemnam
3306 4250 3471 4307 moli-

1883 4334 2036 4397 mini,
2066 4335 2244 4390 videte
2262 4351 2370 4406 quo
2397 4337 2663 4406 superbiae
2678 4353 2854 4393 cornu
2881 4355 2978 4396 vos
2996 4339 3228 4411 erigitis.
3258 4337 3472 4398 Vestris

1883 4425 2155 4495 prioribus
2192 4434 2300 4480 tam
2350 4428 2658 4484 sanctitatis
2681 4445 2843 4499 quam
2896 4431 3175 4502 sapientiae
3206 4445 3470 4487 reveren-

1884 4516 2126 4571 tissimus
2153 4517 2362 4572 exstitit
2390 4520 2810 4590 magniﬁcentia,
2831 4521 3065 4592 quicum
3092 4521 3235 4578 foret
3260 4522 3472 4594 legatus

1883 4608 2130 4673 sedis,,et
2155 4609 2470 4664 diaconatus
2517 4609 2693 4666 oﬁicio
2736 4611 2983 4682 fungens,
3019 4623 3168 4668 tanta
3207 4611 3475 4670 contrivit
3560 4643 3564 4646 -

1881 4697 2203 4753 auctoritate
2244 4709 2440 4755 vestrae
2480 4699 2976 4770 Constantinopolis
3014 4703 3251 4772 episcopi
3303 4719 3472 4775 prava

1881 4787 2154 4860 dogmata,
2185 4806 2292 4860 quo
2339 4808 2447 4846 non
2496 4791 2668 4848 solum
2719 4794 2895 4865 ipsum
2947 4795 3245 4863 evinceret,
3274 4811 3472 4853 verum-

1882 4879 2150 4950 dogmatis
2192 4880 2334 4936 illius
2355 4880 2500 4936 vires
2524 4897 2699 4953 usque
2735 4883 2872 4938 adeo
2895 4886 3273 4954 prostraverit,
3305 4896 3366 4941 ut
3394 4902 3466 4944 ne

1882 4972 2155 5041 respirare
2194 4981 2381 5044 postea
2432 4975 2687 5029 virtutem
2726 4974 3039 5030 obtinuerit.
3083 4976 3237 5044 Quod
3283 4987 3465 5036 autem

1881 5063 2016 5118 dicit
2064 5063 2130 5119 de
2164 5064 2337 5119 sancti
2395 5063 2634 5134 Spiritus
2664 5066 3040 5136 processione,
3089 5069 3318 5125 rationis
3369 5085 3467 5140 ap-

1881 5152 2071 5222 probat
2098 5156 2318 5219 virtute,
2346 5153 2536 5210 dicens
2569 5169 2675 5210 non
2718 5155 3024 5215 aliudﬁesse
3058 5160 3196 5215 mitti
3236 5161 3466 5232 paracli-

1885 5257 1999 5304 tum
2029 5265 2059 5303 a
2087 5249 2245 5312 Filio,
2272 5266 2436 5320 quam
2464 5252 2958 5319 procederersicut
2977 5255 3145 5311 Filius
3165 5272 3288 5312 cum
3315 5259 3461 5314 mitti

1885 5341 2085 5396 dicitur
2109 5357 2138 5396 a
2173 5342 2355 5408 Patre,
2387 5343 2506 5413 ejus
2529 5343 2787 5400 nati-vitas
2809 5345 3135 5404 insinuatur.
3207 5361 3210 5364 '

1953 5435 2283 5506 Augustinus
2307 5436 2592 5506 episcopus
2621 5437 2674 5492 in
2705 5437 3251 5512 EvangeliiTractatu
3271 5458 3465 5499 secun-

1885 5526 2011 5581 dum
2039 5526 2294 5583 Joannem
2328 5525 2445 5599 (Tr.
2469 5527 2642 5598 seu),
2668 5531 2746 5586 sic
2778 5531 2853 5586 ait
2883 5547 2897 5584 :
2931 5552 2950 5586 ‹
2974 5532 3074 5592 Hic
3094 5534 3290 5605 aliquis
3311 5534 3464 5591 forsi-

1888 5624 2499 5688 tanquncratutrumcta
2525 5619 2660 5676 Filio
2687 5625 2942 5692 procedat
2959 5623 3193 5694 Spiritus
3206 5637 3458 5686 sanctus:

1885 5708 2054 5763 Filius
2088 5711 2232 5768 enim
2268 5710 2434 5765 solius
2479 5710 2655 5766 Patris
2679 5723 2762 5767 est
2788 5714 2987 5778 Filius,
3026 5726 3078 5771 et
3109 5715 3272 5772 Pater
3294 5716 3462 5772 solius

1885 5801 2111 5860 Filiicst
2134 5800 2323 5864 Pater;
2363 5798 2594 5872 Spiritus
2616 5810 2793 5857 autent
2819 5813 3036 5861 sanctus
3065 5819 3167 5860 non
3201 5815 3283 5860 est
3303 5807 3466 5882 unius
