4026 6346
606 362 715 422 I75

1645 358 2008 419 RATRAMNI
2045 354 2494 416 CORBEIENSIS
2530 354 2843 419 nomen

3754 372 3847 436 176‘

613 491 803 533 eorum
829 473 1088 548 Spiritus,
1113 473 1210 532 sed
1232 475 1541 562 amborum.
1576 469 1756 528 Habes
1794 472 1975 562 ipsum
1987 469 2199 562 dicen.
2224 472 2274 533 Α
2299 486 2450 540 nem,
2466 481 2527 528 et
2562 471 2799 543 Spiritus
2842 475 3023 531 sancti
3043 475 3116 533 de
3135 490 3195 533 se
3222 472 3654 555 promissionem;
3698 490 3839 562 5pm,

616 575 726 621 tem
761 584 775 622 :
809 565 935 622 Non
965 566 1102 620 enim
1130 580 1218 619 vos
1257 564 1380 618 estis
1407 560 1499 633 qui
1525 561 1827 633 loquimini,
1861 560 1953 616 sed
1975 557 2205 630 Spiritus

617 654 799 711 Patris
812 656 967 711 vestri
988 655 1078 726 qui
1093 652 1326 721 loquitur
1340 654 1398 707 in
1410 652 1554 707 vobis
1566 650 1785 724 (Matth.
1804 667 1858 713 χ.
1874 650 1989 721 20).
2027 648 2206 706 Habes

615 756 672 802 et
695 743 1049 816 Apostolum:
1081 741 1226 798 Misit
1248 741 1387 797 Deus
1409 741 1669 813 Spiritum
1708 738 1839 801 Filii
1876 740 1958 794 sui
1992 739 2047 794 iu
2083 755 2204 793 cor-

614 840 686 891 do
714 847 890 892 nostra
917 833 1060 907 (Gal.
1088 829 1257 905 tv,6).
1275 830 1527 903 Nunquid
1541 832 1648 888 duo
1668 842 1814 897 sunt,
1839 829 1979 885 alius
2001 829 2203 896 Patris,

616 930 758 1003 alius
786 926 937 981 Filii?
958 925 1139 981 Absit.
1162 922 1341 979 Unum
1358 924 1494 979 enim
1519 939 1726 992 corpus.
1746 923 1845 986 ait,
1870 937 2053 977 sumus
2079 936 2204 977 cum

615 1012 949 1088 signiﬁcaret
972 1014 1269 1071 Ecclesium
1291 1055 1313 1080 ,
1336 1028 1570 1083 moxque
1595 1014 1747 1068 addit
1777 1030 1790 1066 :
1823 1012 1892 1066 Et
1915 1029 2053 1067 unus
2081 1011 2205 1083 Spi-

615 1109 746 1162 ritus
776 1106 996 1178 (Epiros.
1041 1123 1121 1173 tv,
1168 1105 1247 1177 4).
1286 1124 1306 1158 ι
1361 1105 1428 1160 Et
1466 1106 1522 1159 in
1568 1105 2021 1174 consequentibus
2050 1104 2203 1174 plura

613 1199 767 1268 ponit
786 1198 1122 1263 testimonia,
1151 1198 1357 1268 quibus
1375 1196 1639 1269 approbat
1663 1196 1926 1268 Spiritum
1956 1205 2204 1251 sanctum

612 1300 669 1343 ct
698 1288 880 1345 Patris
907 1299 963 1344 et
992 1287 1118 1344 Filii
1144 1288 1411 1359 Spiritum
1432 1303 1584 1354 esse;
1619 1303 1722 1344 nec
1744 1288 1973 1343 alterum
2005 1287 2209 1353 Patris,

613 1378 847 1439 alterum
870 1378 1019 1444 Filii,
1047 1378 1143 1435 sed
1172 1377 1372 1448 quisit
1400 1376 1554 1442 Filii,
1579 1379 1653 1434 sit
1677 1379 1842 1434 etiam
1876 1376 2053 1433 Patris
2079 1376 2203 1449 Spi-

614 1470 773 1527 ritus.
802 1468 903 1526 llic
927 1469 1275 1526 evidentibus
1297 1468 1627 1524 testimoniis
1643 1460 1897 1539 quisquis
1914 1470 2207 1525 contrariis

613 1569 843 1617 conatus
876 1560 1072 1624 fuerit,
1118 1570 1323 1617 sancta:
1348 1558 1644 1631 Scripturte
1671 1561 2048 1617 contradicere
2092 1577 2206 1616 ma-

611 1651 812 1709 nifeste
840 1652 1178 1723 probabitur.
1228 1652 1298 1709 Et
1325 1650 1466 1706 infra
1496 1670 1508 1705 :
1547 1668 1567 1703 ι
1606 1651 1664 1706 Si
1701 1667 1833 1723 ergo
1858 1662 1915 1706 et
1947 1651 2013 1708 de
2044 1652 2207 1708 Patre

613 1755 671 1803 et
697 1748 764 1802 de
787 1746 922 1802 Filio
947 1747 1192 1818 procedit
1213 1747 1447 1819 Spiritus
1471 1755 1719 1812 sanctus,
1734 1764 1833 1803 cur
1848 1747 2017 1804 Filius
2043 1748 2207 1813 dixit,

2304 576 2421 621 tum
2460 582 2601 623 vero:
2631 575 2881 624 sanctum
2907 569 3184 641 accepisse
3223 582 3336 630 tam
3362 575 3430 632 de
3455 575 3608 635 Patre
3626 595 3766 652 quam
3787 582 3839 645 de

2303 657 2447 713 Filio
2468 660 2895 749 processionern,
2928 675 3039 749 non
3069 670 3249 719 tamen
3278 669 3698 740 generationem,
3724 681 3839 749 quod

2304 756 2389 803 est
2417 748 2584 804 solius
2602 747 2724 803 Filii
2750 750 2821 805 de
2842 748 2959 805 solo
2985 748 3163 806 Patre.

2375 836 2477 894 llic
2490 837 2713 906 subiicit
2728 838 2874 895 illam
2890 841 3266 912 quastionem,
3288 860 3415 915 quae
3439 851 3713 910 nonnullos
3732 859 3841 916 solet

2303 943 2529 1009 movere
2569 930 2833 1001 legentes,
2893 934 2946 989 si
2994 931 3232 1005 Spiritus
3277 948 3502 996 sanctus
3551 953 3701 1002 natus
3747 965 3844 1009 esse

2303 1005 2559 1077 dicatur‘?
2612 1021 2755 1078 Dicit
2802 1023 3026 1095 itaque:
3064 1044 3083 1077 ι
3119 1024 3220 1082 llic
3243 1036 3523 1101 utcunque
3559 1036 3709 1091 etiam
3740 1005 3843 1097 illud

2300 1112 2651 1185 intelligitur,
2702 1126 2964 1185 quantum
2996 1134 3048 1173 -a
3098 1119 3297 1177 talibus
3325 1123 3514 1193 quales
3564 1142 3657 1185 nos
3694 1146 3845 1190 sumus

2306 1204 2528 1277 intelligi
2597 1216 2808 1276 potest,
2887 1226 2985 1265 cur
3042 1228 3149 1267 non
3223 1213 3441 1269 dicatur
3505 1228 3660 1275 natus
3716 1236 3843 1289 esse,

2303 1297 2398 1353 sed
2426 1298 2605 1368 potius
2634 1299 2927 1370 procedere
2983 1302 3219 1373 Spiritus
3246 1318 3490 1364 sanctus.
3536 1310 3779 1378 Quoniam
3804 1319 3839 1373 si

2303 1399 2367 1445 et
2398 1392 2515 1461 ipse
2538 1391 2709 1447 Filius
2735 1392 3026 1460 diceretur,
3051 1397 3338 1454 amborum
3367 1401 3553 1470 utique
3583 1403 3740 1462 Filius
3777 1408 3843 1463 di-

2300 1490 2540 1546 ceretur,
2564 1486 2707 1554 quod
2736 1485 3183 1543 absurdissimum
3218 1499 3306 1545 est
3334 1510 3353 1545 :
3383 1491 3730 1569 ﬁliusquippe
3752 1500 3848 1554 nul-

2304 1572 2391 1628 lus
2412 1583 2497 1629 est
2525 1575 2780 1641 duorum,
2810 1577 2914 1631 nisi
2948 1580 3124 1649 patris
3144 1590 3199 1636 et
3228 1583 3444 1641 matris.
3489 1586 3644 1643 Absit
3680 1601 3845 1660 autem,

2302 1673 2369 1719 ut
2389 1666 2531 1721 inter
2552 1667 2721 1723 Deum
2751 1668 2970 1726 Patrem
2999 1679 3060 1728 et
3089 1673 3259 1730 Deum
3289 1674 3491 1733 Filium
3536 1680 3638 1738 tale
3680 1684 3845 1755 aliquid

2302 1756 2658 1826 suspicemur.
2688 1757 2800 1813 Nec
2825 1759 2979 1814 illius
2997 1761 3279 1819 hominum
3328 1767 3497 1822 simul
3541 1779 3593 1825 et
3629 1786 3696 1827 es
3726 1783 3849 1844 patre

614 1842 682 1896 de
722 1838 887 1932 Patre
908 1841 1190 1932 proceditil
1228 1840 1419 1932 (loco.
1437 1856 1529 1906 xv,
1719 1839 1827 1895 Cur
1872 1850 2050 1932 lunas,
2097 1840 2200 1932 nisi
2231 1831 2285 1893 Β
2307 1856 2364 1902 et
2399 1864 2469 1903 ex
2495 1858 2666 1905 matre
2694 1851 2972 1919 procedit;
3010 1853 3105 1907 sed
3135 1869 3259 1910 cum
3288 1857 3343 1911 in
3393 1869 3620 1915 matrem
3646 1831 3848 1932 procedit

611 1931 1068 2000 quemadmodum
1096 1929 1247 1987 solet
1275 1930 1344 1984 ad
1368 1946 1493 1986 eum
1536 1929 1742 1987 referre
1767 1939 1824 1986 et
1865 1931 2009 2001 quod
2035 1931 2204 2001 ipsius

610 2033 715 2091 est,
745 2024 813 2080 de
833 2039 944 2095 quo
967 2034 1022 2079 et
1050 2024 1167 2096 ipse
1191 2032 1295 2081 est.
1329 2022 1464 2079 lude
1488 2022 1618 2079 illud
1642 2032 1731 2079 est
1753 2024 1898 2095 quod
1939 2023 2049 2078 ait:
2084 2022 2203 2077 Hea

609 2115 853 2169 doctrina
882 2131 993 2169 non
1029 2128 1111 2169 est
1150 2130 1300 2177 mea,
1334 2113 1426 2169 sed
1454 2114 1570 2184 ejus
1611 2116 1702 2185 qui
1728 2131 1810 2169 me
1849 2115 1986 2168 misit
2018 2112 2201 2186 (loco.

606 2221 710 2271 vn,
736 2206 847 2278 16).
878 2206 936 2277 Si
962 2205 1129 2279 igitur
1156 2206 1475 2278 intelligitur
1502 2206 1590 2261 hic
1613 2205 1729 2275 ejus
1749 2208 2016 2271 doctrina,
2036 2222 2201 2277 quam

608 2306 792 2354 tamen
829 2298 972 2356 dixit
1017 2313 1123 2354 non
1154 2313 1334 2363 suam,
1386 2298 1485 2353 sed
1530 2297 1728 2360 Patris,
1778 2307 1983 2369 quanto
2028 2288 2203 2370 magis

608 2387 993 2461 intelligendus
1024 2396 1111 2443 est
1153 2399 1211 2444 et
1246 2386 1315 2443 de
1344 2386 1465 2459 ipso
1491 2387 1784 2457 procedere
1816 2386 2049 2458 Spiritus
2077 2402 2203 2443 san-

605 2491 753 2545 ctus,
783 2480 874 2536 ubi
899 2480 989 2537 sic
1018 2480 1123 2545 ait,
1159 2478 1238 2535 De
1277 2477 1441 2544 Putre
1461 2479 1719 2549 procedit,
1750 2487 1811 2534 ut
1841 2496 1947 2535 non
1973 2480 2200 2546 diceret,

606 2578 675 2632 de
706 2590 792 2631 me
820 2590 928 2630 non
970 2574 1235 2644 procedit.
1270 2593 1291 2628 ι
1320 2574 1737 2631 Evidentissima
1772 2575 1981 2631 ratione
2010 2577 2202 2632 doctor

507 2657 523 2671 ”
612 2666 945 2738 Augustinus
968 2664 1241 2737 Spiritum
1254 2674 1501 2721 sanctum
1517 2674 1835 2721 monstrans
1858 2675 1967 2720 tam
1991 2681 2021 2720 a
2036 2665 2200 2722 Patre

606 2773 768 2827 quam
822 2771 854 2812 a
911 2756 1057 2815 Filio
1107 2758 1425 2833 procedere,
1489 2755 1800 2813 testimonio
1845 2771 2060 2827 quoque
2105 2757 2198 2813 illo

607 2847 890 2918 Evangelii
921 2861 1038 2920 quo
1058 2849 1136 2903 ait
1178 2847 1352 2904 Filius
1377 2848 1443 2904 de
1481 2844 1687 2915 Spiritu
1708 2886 1723 2911 ,
1769 2847 1914 2917 quod
1944 2846 2011 2901 de
2037 2845 2199 2901 Patre

605 2936 888 3007 procedat,
914 2936 1237 3007 opinionem
1272 2951 1425 2991 suam
1472 2934 1724 2990 allirmat.
1774 2935 1919 2992 Dicit
1943 2936 2088 2990 enim
2116 2936 2197 2992 sic

607 3044 730 3086 esse
778 3029 1190 3100 intelligendum
1217 3031 1361 3099 quod
1391 3029 1506 3084 ait:
1537 3029 1613 3084 De
1653 3028 1816 3084 Patre
1854 3030 2107 3101 procedit,
2135 3040 2195 3087 ut

608 3122 938 3193 intelligatur
971 3122 1145 3177 etiam
1171 3122 1239 3178 de
1265 3121 1403 3180 Eilio
1429 3122 1756 3191 procedere:
1785 3138 1893 3177 non
1928 3124 2072 3178 enim
2101 3139 2195 3178 vo-

2302 1956 2373 1996 ex
2413 1952 2588 2013 patre,
2611 1960 2720 1999 non
2749 1952 2863 1999 tum
2890 1946 3135 2015 procedit
3160 1963 3228 2003 ex
3276 1959 3458 2005 matre
3507 1967 3523 2006 :
3565 1960 3621 2006 et
3657 1967 3768 2008 cum
3805 1955 3847 2009 in

2298 2033 2444 2089 banc
2466 2033 2641 2089 lucem
2667 2036 2911 2105 procedit
2939 2051 3008 2092 ex
3037 2047 3233 2103 matre,
3266 2055 3377 2095 non
3409 2051 3538 2096 tunc
3558 2044 3775 2113 procedit
3794 2058 3846 2099 ex

2302 2135 2477 2194 patre.
2511 2123 2745 2194 Spiritus
2771 2134 2954 2182 autem
2984 2138 3209 2183 sanctus
3229 2145 3341 2187 non
3371 2130 3439 2187 de
3459 2129 3620 2186 Patre
3645 2134 3846 2202 procedit

2302 2215 2358 2270 in
2394 2214 2611 2278 Filium,
2639 2216 2790 2272 etde
2840 2216 2980 2273 Filio
3025 2221 3277 2289 procedit
3326 2221 3395 2277 ad
3452 2222 3847 2277 sanctiﬁcandam

2298 2317 2635 2373 creaturam,
2665 2310 2762 2365 sed
2787 2309 2956 2365 simul:
2978 2312 3043 2366 de
3067 2323 3303 2382 utroque
3335 2314 3607 2383 procedit;
3640 2314 3846 2383 quamvis

2302 2396 2407 2452 hoc
2436 2396 2574 2453 Filio
2599 2399 2763 2455 Pater
2796 2400 3006 2457 dederit
3032 2411 3092 2456 ut
3124 2406 3580 2473 quemadmodum
3617 2405 3677 2459 de
3703 2418 3768 2466 se,
3789 2404 3844 2456 ita

2298 2503 2517 2559 quoque
2543 2489 2613 2546 de
2637 2490 2728 2546 illo
2750 2494 3031 2561 procedat.
3059 2493 3256 2564 Neque
3283 2496 3430 2550 enim
3478 2509 3746 2567 possumus
3781 2494 3842 2548 di-

2298 2595 2426 2636 cere
2451 2581 2595 2650 quod
2630 2596 2738 2638 non
2766 2585 2839 2639 sit
2872 2585 2984 2640 vita
3025 2585 3259 2657 Spiritus
3308 2597 3530 2643 sanctus
3560 2606 3573 2641 :
3608 2602 3719 2642 cum
3757 2584 3843 2639 vita

2296 2671 2371 2726 sit
2392 2670 2575 2739 Pater,
2604 2673 2712 2727 vita
2744 2675 2815 2730 sit
2837 2684 2893 2729 et
2921 2675 3107 2731 Filius.
3134 2677 3213 2732 Ac
3255 2693 3357 2747 per
3400 2678 3503 2734 hoc
3546 2679 3677 2733 sicut
3716 2676 3843 2731 Pater

2294 2777 2423 2818 cum
2459 2763 2659 2819 habeat
2682 2763 2846 2819 vitam
2875 2766 2929 2820 in
2964 2768 3279 2837 semetipso,
3301 2770 3453 2825 dedit
3474 2777 3530 2826 et
3554 2768 3683 2824 Filio
3711 2768 3842 2822 vitam

2298 2851 2503 2907 habere
2541 2853 2597 2908 in
2637 2854 2961 2925 semetipso;
3012 2856 3095 2911 sic
3115 2856 3167 2912 ei
3196 2857 3348 2912 dedit
3376 2858 3544 2913 vitam
3591 2857 3839 2929 procedere

2297 2942 2365 2998 de
2385 2942 2498 3005 iilo,
2515 2942 2659 2998 sicut
2678 2945 2924 3015 procedit
2945 2955 3002 3000 et
3024 2946 3091 3001 de
3113 2946 3251 3017 ipso.
3293 2967 3313 3000 ι
3350 2947 3642 3004 Verissima
3669 2948 3841 3002 ratione

2295 3036 2616 3107 comprobat
2645 3036 2909 3107 Spiritum
2953 3047 3200 3094 sanctum
3231 3049 3348 3095 tam
3376 3055 3409 3096 ι
3436 3039 3596 3095 Patre
3645 3053 3785 3110 quam
3816 3052 3840 3091 ι

2299 3127 2438 3183 Filio
2471 3128 2802 3198 procedere,
2835 3144 2937 3186 nec
2975 3139 3154 3186 tamen
3199 3132 3487 3186 amborum
3533 3144 3649 3186 esse
3685 3128 3840 3184 Filium

608 3213 707 3267 luit
743 3226 943 3284 negare
964 3212 1112 3283 quod
1133 3211 1201 3267 de
1223 3226 1283 3267 se
1310 3212 1655 3282 procederet.
1684 3211 1780 3266 sed
1808 3211 1987 3291 Patris
2014 3226 2201 3282 perso-
2226 3200 2270 3260 (ἶ
2303 3236 2426 3276 cum
2450 3220 2522 3302 sit
2545 3220 2831 3292 utriusque
2862 3220 3100 3292 Spiritus
3125 3238 3141 3277 :
3174 3221 3353 3278 Filius
3378 3237 3608 3292 namque
3633 3221 3839 3280 duorum,

608 3319 734 3359 nam
767 3318 1002 3375 ponens,
1037 3317 1195 3359 suam
1232 3317 1450 3374 quoque
1480 3303 1686 3374 pariter
1712 3302 1884 3357 voluit
1926 3304 2151 3376 intelligi
2179 3322 2193 3359 :

606 3394 749 3450 sicut
784 3402 847 3463 let
892 3394 1025 3451 illud
1053 3394 1144 3450 ubi
1173 3394 1249 3449 ait
1279 3411 1294 3448 :
1341 3392 1463 3451 Mea
1497 3394 1739 3450 doctrina
1780 3409 1886 3449 non
1923 3405 2003 3450 est
2040 3411 2155 3450 mea
2181 3435 2197 3461 ,

604 3485 698 3542 sed
719 3485 837 3557 ejus
857 3487 948 3557 qui
975 3501 1058 3541 me
1077 3485 1239 3541 misit.
1272 3484 1389 3541 Hoc
1416 3485 1607 3541 dicens
1622 3485 1863 3541 ostendit
1885 3501 2038 3541 suam
2065 3501 2200 3557 quo—

604 3594 712 3647 que
754 3568 962 3650 pariter
988 3591 1141 3642 esse;
1192 3577 1287 3632 sed
1332 3575 1513 3633 Patris
1559 3576 1692 3633 dicit
1731 3591 1887 3644 esse;
1937 3577 2205 3648 quoniam

603 3669 748 3725 sicut
767 3667 839 3724 ab
865 3667 1094 3736 illoest,
1120 3667 1202 3723 sic
1227 3675 1284 3723 et
1309 3667 1427 3736 ejus
1446 3668 1694 3725 doctrina
1716 3667 1898 3724 Patris
1926 3683 2046 3725 esse
2064 3668 2199 3725 dici-

605 3768 733 3825 tur;
769 3760 1027 3830 quoniam
1051 3758 1315 3831 quidquid
1340 3758 1506 3813 habet
1526 3758 1717 3824 Filius,
1749 3758 2025 3815 nascendo
2050 3774 2205 3814 sum-

605 3849 714 3920 psit
750 3863 782 3903 a
811 3847 1011 3904 Patre:
1059 3848 1139 3903 sic
1182 3861 1409 3918 quoque
1425 3847 1611 3903 dicens
1641 3847 1902 3918 Spiritum
1938 3848 2006 3904 de
2036 3848 2197 3906 Patre

606 3942 920 4010 procedere,
946 3938 1015 3995 de
1032 3953 1327 4009 sequoque
1348 3954 1455 3994 non
1481 3949 1637 4010 negat
1656 3941 1949 4010 procedere
1973 3959 1985 3995 :
2012 3949 2199 3996 osten-

606 4033 687 4087 dit
731 4039 912 4089 tamen
956 4029 1103 4087 unde
1142 4030 1317 4087 Filius
1352 4030 1554 4088 habeat
1583 4031 1727 4101 quod
1768 4047 1800 4087 a
1839 4047 1899 4087 se
1938 4034 2197 4102 procedat

608 4120 865 4191 Spiritus,
897 4120 1153 4176 videlicet
1177 4136 1207 4176 a
1236 4120 1428 4188 Patre,
1465 4137 1497 4176 a
1527 4136 1635 4192 quo
1662 4121 1878 4192 genitus
1902 4122 2114 4194 accepit
2139 4130 2198 4178 ut

606 4226 674 4266 ex
700 4210 792 4267 illo
816 4211 1137 4281 procederet
1163 4210 1415 4282 Spiritus.
1454 4210 1609 4269 Unde
1643 4220 2037 4283 consequenter
2064 4227 2195 4269 san-

604 4310 726 4357 ctus
762 4300 1138 4372 Augustinus:
1170 4321 1191 4354 ι
1224 4303 1271 4357 Α
1300 4318 1409 4373 quo
1436 4312 1620 4359 autem
1647 4303 1812 4359 habet
1837 4302 2010 4359 Filius
2040 4312 2102 4359 ut
2125 4304 2197 4360 sit

608 4395 750 4451 Deus
780 4396 887 4466 (est
915 4395 1062 4452 enim
1091 4396 1159 4452 de
1188 4396 1299 4452 Deo
1328 4396 1516 4466 Deus),
1563 4398 1631 4451 ab
1653 4396 1745 4451 illo
1777 4396 1945 4452 habet
1984 4396 2192 4467 utique,

605 4496 665 4541 ut
709 4489 872 4543 etiam
916 4487 985 4543 de
1032 4486 1420 4558 illo'procedat
1449 4486 1685 4559 Spiritus
1711 4497 1971 4544 sanctus:
2004 4504 2070 4545 ac
2096 4503 2195 4560 per

603 4582 707 4638 hoc
738 4581 974 4652 Spiritus
994 4592 1217 4639 sanctus
1238 4596 1299 4638 ut
1320 4584 1486 4640 etiam
1505 4584 1572 4639 de
1584 4583 1722 4640 Filio
1745 4586 2026 4655 procedat,
2051 4586 2195 4641 sicut
2222 4565 2269 4626 ο

604 4675 850 4744 procedit
894 4673 962 4730 de
1008 4673 1191 4741 Patre,
1232 4673 1307 4730 ab
1338 4675 1466 4746 ipse.
1499 4675 1664 4731 habet
1697 4676 1877 4732 Patre.
1914 4696 1932 4729 ι
1964 4676 2196 4733 Mirabili

603 4777 827 4832 prorsus
858 4763 1156 4819 subtilitate
1190 4764 1383 4819 doctor
1418 4765 1670 4835 egregius
1707 4774 1764 4821 et-
1788 4765 1909 4820 Filii
1940 4766 2197 4821 nativita-

605 4862 712 4909 tem
739 4864 796 4912 et
822 4857 997 4913 sancti
1016 4854 1255 4925 Spiritus
1277 4856 1676 4925 processionem
1705 4856 1964 4922 insinuat,
2007 4858 2193 4912 dicens

606 4945 886 5015 accepisse
913 4945 1111 5000 Filium
1132 4961 1166 5001 a
1204 4946 1397 5012 Patre,
1418 4955 1475 5002 et
1498 4956 1559 5001 ut
1589 4957 1735 5003 esset
1764 4958 2020 5018 tanquam
2052 4949 2195 5005 Deus

607 5035 674 5090 de
700 5036 832 5100 Deo.
863 5046 918 5091 et
944 5046 1004 5092 ut
1033 5054 1061 5092 a
1091 5054 1153 5094 se
1179 5040 1502 5109 procederet
1531 5039 1801 5112 Spiritus;
1842 5043 2194 5099 nihilominus

606 5124 772 5185 etiam
809 5128 1084 5196 accepisse
1123 5127 1384 5199 Spiritum
1415 5142 1661 5189 sanctum
1698 5133 1768 5188 ab
1811 5135 2001 5189 eodem
2032 5135 2196 5190 Patre

607 5224 668 5271 ut
693 5215 762 5270 de
793 5215 931 5271 Filio
953 5219 1231 5286 procedat,
1259 5221 1400 5276 sicut
1432 5223 1681 5292 procedit
1706 5224 1774 5279 de
1809 5223 1969 5280 Patre
1994 5240 2008 5280 :
2046 5225 2193 5296 quod

607 5304 815 5371 dicens,
862 5315 1151 5379 utrumque
1190 5311 1479 5369 conﬁtetur
1510 5324 1566 5368 et
1595 5313 1792 5369 Filium
1834 5324 1893 5370 et
1928 5315 2191 5384 Spiritum

607 5406 855 5455 sanctum
893 5414 923 5454 a
957 5399 1139 5467 Patre,
1171 5403 1264 5472 qui
1296 5402 1418 5460 fons
1444 5414 1529 5461 est
1555 5406 1877 5475 divinitatis,
1911 5415 1967 5462 et
1993 5406 2188 5462 Filium

609 5488 906 5559 accepisse,
935 5500 991 5547 et
1032 5491 1296 5564 Spiritum
1325 5505 1606 5562 sanctum;
1647 5497 1843 5552 Filium
1880 5499 2186 5569 generatio-

680 5661 725 5725 αλ
821 5652 1047 5725 spiritali
1076 5652 1422 5723 processione.
1463 5652 1541 5708 Ita
1570 5653 1851 5725 legendum
1880 5669 2001 5710 esse
2030 5671 2198 5710 nemo

609 5720 731 5797 sani
770 5719 958 5787 iudicii
985 5719 1304 5797 negaverit:
1345 5725 1487 5793 quod
1528 5719 1684 5797 anteit
1715 5725 1992 5797 legebatur
2019 5743 2051 5777 α
2078 5743 2192 5795 spe-

608 5790 731 5843 ciali
769 5795 1113 5861 processione,
1161 5804 1323 5849 totam
1363 5790 1688 5850 Sententiam
1719 5790 2070 5866 perturbabat
2101 5790 2113 5851 ξ
2146 5796 2190 5853 si

2301 3308 2491 3363 matris
2513 3318 2597 3364 est
2624 3326 2690 3366 ac
2716 3311 2887 3380 patris
2923 3325 2939 3365 :
2968 3311 3100 3366 nihil
3131 3312 3276 3368 enim
3306 3312 3419 3368 tale
3443 3314 3589 3368 novit
3612 3308 3842 3383 processio

2300 3399 2561 3468 spiritalis
2590 3418 2604 3454 :
2639 3416 2746 3455 non
2781 3411 2869 3456 est
2901 3402 3047 3458 enim
3079 3403 3168 3460 hic
3206 3402 3491 3459 distinctio
3526 3418 3705 3467 sexus,
3743 3399 3840 3470 quia

2300 3506 2406 3546 non
2430 3500 2515 3548 est
2542 3493 2778 3549 carnalis
2798 3508 3053 3565 propago,
3070 3509 3238 3551 carne
3258 3495 3345 3551 vel
3366 3495 3577 3552 ossibus
3600 3493 3840 3549 fabricata.

2298 3597 2400 3638 nec
2426 3596 2527 3653 per
2554 3581 2838 3638 intervalla
2870 3591 3175 3654 temporum
3217 3584 3280 3640 ﬁt
3327 3585 3441 3642 ista
3489 3582 3759 3656 processio,
3796 3587 3841 3630 ul

2298 3674 2408 3729 alio
2432 3682 2674 3744 tempore
2700 3675 2959 3746 procedat
2984 3692 3015 3731 a
3038 3675 3220 3739 Patre,
3252 3676 3367 3733 alio
3394 3692 3525 3733 vero
3548 3671 3778 3746 procedat
3817 3686 3839 3721 a

2298 3763 2458 3830 Filio,
2481 3765 2577 3822 sed
2605 3765 2765 3822 simul
2793 3765 2863 3821 ab
2891 3774 3143 3836 utroque.
3172 3764 3285 3822 Nec
3313 3781 3386 3822 eo
3411 3768 3570 3822 modo
3596 3764 3653 3818 lit
3673 3770 3727 3816 ut
3744 3759 3839 3840 βοή

2299 3857 2436 3914 solet
2470 3858 2525 3913 in
2550 3856 2757 3914 carnali
2784 3856 3161 3928 generatione;
3194 3872 3301 3914 non
3339 3866 3429 3912 est
3463 3856 3604 3912 enim
3646 3852 3724 3908 hic
3757 3847 3840 3903 ulla

2299 3946 2552 4012 deﬂuxio,
2567 3946 2746 4017 qualis
2770 3945 2907 4002 solet
2935 3946 3161 4002 seminis
3181 3960 3302 4000 csse
3322 3946 3395 4002 de
3415 3946 3533 4001 viro
3553 3944 3604 3999 in
3624 3951 3837 3998 uxorem;

2298 4039 2393 4094 sed
2443 4053 2619 4108 neque
2659 4052 2899 4109 propago
2927 4036 3106 4108 qualis
3129 4046 3308 4093 exstat
3330 4052 3362 4093 a
3392 4047 3564 4094 matre
3586 4036 3637 4090 in
3661 4032 3742 4087 lilii
3766 4044 3838 4100 ge-

2297 4132 2634 4185 nerationem
2666 4148 2681 4184 :
2713 4130 2770 4185 in
2825 4130 2915 4186 his
2968 4129 3113 4185 enim
3163 4130 3425 4186 omnibus
3470 4120 3841 4201 permutationis

2297 4229 2478 4275 motus
2524 4219 2746 4286 existit;
2780 4221 2879 4289 qui
2898 4227 3089 4275 motus
3120 4230 3207 4273 ora
3260 4220 3495 4290 spiritali
3541 4213 3840 4290 processione

2295 4312 2453 4383 longe
2479 4319 2720 4368 remotus
2740 4320 2935 4367 exstat.
2962 4309 3218 4366 Procedit
3239 4311 3385 4366 enim
3410 4311 3638 4382 Spiritus
3656 4310 3840 4362 sanctus

2297 4410 2406 4465 tam
2449 4417 2479 4456 a
2515 4401 2678 4457 Patre
2717 4415 2883 4471 quam
2927 4415 2960 4455 a
2988 4400 3158 4465 Filio,
3191 4411 3394 4471 praeter
3442 4401 3603 4455 ullum
3650 4405 3837 4451 motum.

2295 4503 2492 4565 praeter
2510 4492 2673 4548 ullam
2699 4492 3201 4557 commutationem,
3217 4502 3418 4561 prmter
3442 4491 3600 4546 ullam
3621 4483 3841 4546 deﬂuxio-

2296 4598 2420 4638 nem
2448 4600 2462 4638 :
2492 4582 2735 4653 potentia
2760 4596 2997 4651 namque
3026 4580 3328 4636 voluntatis
3357 4581 3587 4637 edicitur
3610 4580 3704 4632 ista
3740 4586 3840 4644 pro-

2293 4675 2489 4741 cessio,
2523 4688 2629 4729 non
2659 4672 2841 4743 aliqua
2882 4672 3164 4743 temporali
3193 4673 3611 4742 permutatione,
3648 4664 3723 4720 vel
3765 4675 3839 4715 ex-

2294 4766 2561 4831 tensione,
2592 4764 2681 4820 vel
2703 4774 2963 4834 tanquam
2992 4764 3057 4818 de
3085 4773 3242 4831 patre
3267 4779 3362 4819 seu
3412 4772 3582 4818 matre
3624 4767 3838 4830 procrea-

2298 4858 2473 4924 tioue,
2495 4858 2591 4914 sed
2620 4856 2785 4912 veluti
2819 4857 2886 4912 de
2916 4855 3123 4911 duobus
3159 4857 3419 4927 subjectis
3466 4869 3626 4910 unum
3669 4850 3837 4904 lumen.

2300 4965 2408 5005 non
2457 4959 2518 5004 ut
2558 4947 2719 5004 Pater
2754 4957 2812 5003 et
2845 4946 3019 5003 Filius
3054 4947 3283 5013 subjecti
3336 4947 3445 5001 sint
3493 4940 3724 5016 Spiritui,
3763 4930 3838 4989 sed

2299 5040 2443 5110 quod
2489 5038 2654 5095 Pater
2699 5048 2758 5093 et
2798 5037 2969 5094 Filius
3021 5038 3139 5094 dure
3184 5053 3447 5108 persomc,
3494 5036 3647 5090 unius
3688 5036 3835 5120 tamen

2295 5132 2628 5197 essentiam
2677 5130 2880 5201 quibus
2920 5131 3079 5187 tertia
3128 5129 3376 5200 pmoedit
3421 5127 3647 5197 Spiritus
3694 5122 3836 5174 sancit

2294 5237 2565 5295 persona;
2589 5237 2700 5277 non
2718 5221 2874 5291 quasi
2900 5221 3137 5292 qualitas
3161 5224 3413 5286 duorum,
3437 5218 3529 5275 sed
3553 5210 3705 5270 veluti
3727 5220 3834 5261 con-

2299 5314 2730 5372 substantialitas
2755 5313 3059 5382 utriusque.
3107 5312 3265 5368 Sicut
3308 5313 3496 5368 beatus
3543 5299 3834 5375 Augustinus

2299 5408 2396 5472 sit,
2424 5408 2545 5462 vita.
2560 5405 2744 5472 Pater,
2769 5406 2875 5461 vita
2905 5403 3094 5472 Filius,
3112 5406 3220 5459 vita
3252 5404 3486 5474 Spiritus
3511 5406 3730 5456 sanctus.
3747 5384 3833 5443 Sed

2299 5502 2408 5557 vita
2436 5501 2600 5556 Pater
2625 5500 2692 5557 de
2719 5498 2871 5554 nulla
2892 5498 3013 5554 vita.
3028 5498 3292 5554 sumendo
3321 5499 3485 5553 vitam
3504 5512 3525 5560 ;ι
3548 5494 3648 5547 vita
3674 5483 3831 5541 Filius.

2299 5670 2431 5710 vero
2459 5655 2664 5709 erroris
2689 5654 2951 5724 originem
2988 5653 3129 5708 scire
3161 5653 3287 5724 velit
3310 5652 3492 5711 lector,
3523 5655 3725 5724 monere
3747 5650 3830 5724 non

2300 5725 2645 5797 gravahimur
2671 5720 2799 5779 cuni
2826 5724 2948 5797 inde
2975 5724 3104 5797 oriri
3129 5723 3385 5797 potuisse,
3420 5720 3556 5791 quod
3583 5722 3832 5769 .ttnanncw

2301 5794 2378 5853 eis
2405 5797 2689 5867 scripserit
2706 5814 2737 5850 a
2760 5795 3020 5865 spirituuli
3046 5794 3395 5864 processioue.
