4026 6346
223 347 336 403 977

1121 317 1401 388 CONTRA
1435 321 1848 383 GRzECORUM
1885 319 2246 380 OPPOSITA.
2271 317 2492 374 --LlB.
2533 317 2619 372 Ill.

3391 309 3502 366 178

221 461 297 513 de
327 455 490 510 Patre
518 450 628 505 vita
657 447 918 519 capiendo
943 445 1147 509 vitam;
1186 442 1299 499 vita
1337 438 1574 510 Spiritus
1599 444 1817 492 sanctus
1844 441 1895 502 Α
1921 440 1978 489 et
1996 431 2118 487 Filii
2142 429 2400 499 Spiritus,
2431 428 2578 484 Pari
2599 436 2658 483 et
2682 425 2820 482 Filio
2848 426 3014 481 etiam
3041 424 3156 495 ipse
3185 421 3500 493 coaequalis,

225 549 301 602 de
351 545 517 600 Patre
567 541 818 611 Fiiioque
857 539 967 593 vita
1011 533 1326 607 prodeundo
1361 545 1582 588 sumens
1627 528 1816 583 vitam.

225 637 354 693 Non
393 635 541 692 enim
597 632 799 688 deitate
844 627 1047 700 poterit
1092 640 1214 682 esse
1275 621 1519 677 Trinitas
1570 617 1823 690 perfectie

225 722 815 784 consubstantialitatis
839 761 856 786 ,
901 719 946 775 si
1005 731 1115 772 non
1161 714 1400 785 Spiritus
1455 717 1677 767 sanctus
1721 707 1825 762 hoc

227 820 402 875 fuerit
428 816 572 887 quod
607 823 660 869 et
691 813 852 867 Pater
870 819 928 866 et
949 809 1139 864 Filius.
1576 795 1580 797 ’

307 917 379 971 Et
419 914 637 983 quidem
685 910 828 979 quod
881 909 947 961 de
991 906 1153 959 Patre
1200 901 1480 972 procedat,
1510 897 1652 953 nulla
1683 908 1828 950 nunc

229 1005 475 1058 vertitur
503 999 760 1070 qumstio;
790 997 932 1068 quod
963 1003 1143 1049 autem
1173 1007 1201 1045 a
1230 990 1366 1046 Filio
1391 987 1674 1058 procedat,
1709 985 1826 1053 ipse

228 1097 412 1151 Filius
443 1094 595 1149 testis
624 1091 842 1156 existit,
867 1088 960 1159 qui
993 1085 1233 1156 loquitur
1266 1101 1280 1139 :
1323 1082 1398 1136 De
1424 1095 1537 1133 meo
1585 1077 1827 1146 accipiet,

225 1198 286 1241 et
325 1183 664 1242 annuntiabit
709 1182 851 1236 vobis
899 1179 1080 1250 (Joan.
1115 1173 1370 1244 xv1,M).
1409 1170 1516 1226 Sed
1557 1168 1685 1223 hinc
1721 1167 1832 1222 ha.5

233 1278 398 1333 retici
441 1275 644 1346 gradus
692 1273 746 1327 in
801 1271 1083 1326 divinitate
1137 1274 1455 1322 construere
1501 1259 1830 1324 voluerunt,

232 1369 493 1424 dicentes
532 1381 546 1419 :
600 1365 659 1420 Si
715 1363 882 1420 Filius
930 1359 1129 1430 accipit
1178 1372 1209 1412 a
1260 1356 1441 1418 Patre,
1488 1361 1546 1407 et
1596 1349 1834 1420 Spiritus

234 1469 470 1515 sanctus
520 1473 550 1511 a
611 1455 783 1519 Filio,
849 1452 1027 1507 minor
1073 1459 1158 1505 est
1218 1446 1456 1516 Spiritus
1523 1448 1743 1498 sanctus
1803 1452 1836 1493 a

233 1547 406 1604 Filio.
468 1546 607 1601 Huic
663 1557 933 1615 perversa:
998 1536 1356 1611 propositioni
1418 1533 1604 1589 obviat
1643 1531 1837 1585 beatus

235 1639 614 1710 Augustinus,
662 1636 910 1706 superius
957 1631 1190 1703 positum
1245 1636 1486 1682 tractans
1542 1619 1837 1694 capitulum

237 1731 457 1804 (Tract.
480 1747 510 1786 c
538 1738 664 1784 ante
690 1725 874 1796 tinem)
905 1743 920 1780 :
966 1745 984 1776 ι
1019 1722 1175 1791 Quod
1228 1728 1408 1774 autem
1457 1716 1572 1770 ait:
1607 1713 1683 1767 De
1723 1727 1839 1766 meo

1919 532 1977 580 et
2020 523 2091 578 ad
2149 519 2433 576 Trinitatis
2482 519 2764 590 pertinens
2803 517 3116 571 unitatem:
3165 529 3270 568 non
3319 521 3504 576 tamen

1921 617 2168 672 eamdem
2196 612 2520 668 Trinitatem
2549 621 2729 666 natam
2759 609 2827 666 de
2857 608 3077 679 Virgine
3102 605 3292 671 Maria,
3317 614 3375 660 et
3405 604 3507 659 sub

1922 707 2116 763 Pontio
2153 705 2327 760 Pilato
2351 702 2692 767 orucitixam,
2718 710 2777 758 et
2806 699 3092 770 sepultam,
3119 698 3278 753 tertia
3301 696 3389 752 die
3419 711 3504 751 re-

1924 796 2331 860 surrexisse,et
2347 793 2401 848 in
2430 792 2629 848 coelum
2657 791 2991 856 ascendisse,
3015 786 3508 845 sedtautummodo

1926 889 2144 944 Filium.
2178 907 2198 940 ι
2233 885 2498 940 Distincte
2520 883 2853 955 singularum
2895 883 2949 938 in
2998 891 3184 938 sancta
3236 879 3510 935 Trinitate

1927 992 2281 1050 personarum
2308 975 2672 1046 pmprietates
2713 974 2974 1037 insinuat,
2996 981 3052 1028 et
3087 972 3156 1027 ad
3203 973 3377 1028 solum
3419 969 3511 1025 Fi-

1927 1069 2058 1124 lium
2101 1066 2535 1124 lncarnationem
2587 1065 2879 1135 pertinere.
2936 1064 3147 1120 Etenim
3192 1063 3357 1119 Pater
3401 1076 3511 1117 non

1929 1171 2015 1218 est
2064 1161 2208 1216 idem
2251 1159 2342 1229 qui
2390 1157 2582 1221 Filius,
2630 1158 2889 1227 quoniam
2936 1157 3122 1228 genuit
3171 1155 3402 1219 Filium;
3454 1163 3512 1208 et

1930 1251 2100 1307 Filius
2129 1263 2232 1305 non
2265 1249 2404 1304 idem
2435 1247 2528 1317 qui
2565 1247 2748 1310 Pater,
2785 1246 2881 1301 sed
2915 1246 3288 1300 tantummodo
3337 1243 3510 1300 Filius

1933 1343 2026 1416 qui
2053 1341 2125 1398 sit
2159 1357 2189 1395 a
2249 1339 2410 1395 Patre
2456 1339 2670 1410 genitus
2693 1355 2720 1404 ;.
2755 1335 2991 1407 Spiritus
3034 1350 3259 1405 quoque
3295 1342 3517 1390 sanctus

1935 1449 2035 1490 nec
2061 1433 2223 1488 Pater
2251 1433 2342 1497 sit,
2371 1443 2470 1486 nec
2496 1429 2686 1496 Filius,
2714 1430 2811 1485 sed
2843 1437 3054 1484 tantum
3083 1427 3263 1484 Patris
3303 1435 3360 1482 et
3392 1425 3518 1481 Filii

1938 1524 2192 1594 Spiritus.
2244 1523 2312 1578 Et
2363 1522 2619 1592 quoniam
2675 1521 2958 1590 utriusque
3010 1518 3214 1574 dicitur
3260 1517 3516 1588 Spiritus,

1938 1627 2333 1689 consequenter
2358 1617 2426 1672 ab
2447 1625 2676 1686 utroque
2693 1613 2987 1686 procedere
3011 1611 3371 1668 confitendus.
3398 1607 3518 1664 Sic-

1941 1717 2002 1764 ut
2047 1708 2194 1763 enim
2222 1705 2398 1762 Patris
2427 1706 2624 1762 dicitur
2653 1719 2796 1769 esse,
2827 1702 3226 1774 quia-procedit
3257 1717 3308 1756 at.
3336 1700 3521 1765 Patre,

241 1794 495 1892 accipiet,
529 1831 576 1874 et
623 1794 956 1872 annuntiabit
997 1814 1164 1879 vobis,
1197 1807 1482 1866 catholicis
1520 1804 1705 1860 audite
1747 1817 1842 1856 au-
1870 1809 1917 1870 Β
1944 1800 2023 1857 sic
2069 1799 2194 1854 Filii
2243 1814 2460 1870 quoque
2505 1797 2790 1869 proﬁtetur
2832 1811 2975 1860 esse,
3021 1795 3149 1865 quia
3200 1794 3445 1866 procedit
3491 1809 3522 1847 ιι

243 1915 427 1975 ribus,
463 1911 750 1968 catholicis
775 1908 1039 1981 percipite
1066 1904 1360 1961 mentibus.
1396 1901 1512 1956 Non
1539 1899 1683 1954 enim
1710 1909 1849 1968 pro-V

239 2013 462 2075 pterea,
490 2005 632 2058 sicut
659 2001 882 2071 quidam
908 1997 1150 2054 haeretici
1179 2000 1524 2065 putaverunt,
1556 1989 1737 2044 minor
1762 1993 1847 2042 est

241 2095 396 2151 Filio
428 2093 666 2164 Spiritus
690 2099 944 2156 sanctus;
971 2089 1097 2160 quia
1130 2087 1304 2142 Filius
1331 2082 1569 2154 accipiat
1592 2096 1624 2135 a
1662 2079 1845 2141 Patre,
1881 2081 1886 2087 '

241 2198 309 2244 et
365 2187 605 2257 Spiritus
663 2193 885 2241 sanctus
929 2201 959 2238 a
1014 2182 1168 2245 Filio,
1218 2178 1542 2251 quibusdam
1595 2173 1850 2246 gradibus

243 2286 600 2330 naturarum.
634 2274 790 2329 Absit
838 2274 942 2327 hoc
992 2272 1238 2336 credere,
1283 2267 1426 2324 absit
1481 2267 1585 2322 hoc
1631 2264 1849 2327 dicere,

242 2367 402 2421 absit
438 2382 466 2419 a
495 2365 823 2420 Christianis
856 2363 1110 2419 cordibus
1141 2361 1404 2432 cogitare.
1431 2349 1685 2426 Denique
1714 2369 1849 2410 con-

248 2457 416 2510 tinuo
443 2455 605 2509 solvit
634 2454 1012 2524 quaestionem,
1039 2460 1094 2508 et
1119 2466 1218 2506 cur
1266 2450 1369 2504 hoc
1415 2446 1616 2502 dixerit
1664 2444 1852 2514 expla-

244 2549 410 2603 navit
443 2566 455 2600 :
492 2546 705 2612 Omnia,
731 2546 933 2616 inquit,
962 2559 1286 2615 quacunque
1317 2541 1469 2596 habet
1500 2538 1692 2602 Pater,
1735 2553 1853 2592 mea

245 2650 381 2695 sunt
408 2653 428 2692 :
447 2650 720 2710 propterea
747 2638 878 2703 dixi,
902 2637 1027 2707 quia
1055 2635 1119 2688 de
1144 2651 1257 2688 meo
1291 2633 1528 2703 accipiet,
1557 2639 1608 2684 et
1647 2643 1855 2682 annun-

245 2731 412 2785 tiabit
440 2731 580 2785 vobis
630 2727 811 2800 (Joan.
863 2742 975 2792 xvi,
1023 2726 1134 2796 15).
1180 2725 1321 2792 Quid
1366 2722 1531 2778 vultis
1589 2719 1856 2789 amplius?

249 2823 407 2894 Ergo
437 2823 505 2877 de
531 2821 689 2875 Patre
719 2819 916 2891 accipit
957 2818 1196 2889 Spiritus
1225 2825 1464 2878 sanctus,
1520 2813 1661 2868 unde
1694 2802 1844 2866 acci-

247 2915 349 2984 pit
370 2913 542 2968 Filius
568 2931 581 2967 :
611 2913 736 2982 quia
767 2911 822 2967 in
857 2913 960 2967 hac
1000 2911 1267 2965 Trinitate
1297 2908 1364 2964 de
1391 2907 1552 2963 Patre
1584 2913 1744 2960 natus
1770 2910 1856 2959 est

256 3006 478 3072 Filius,
532 3005 598 3060 de
645 3005 810 3060 Patre
853 3003 1100 3075 procedit
1148 3001 1388 3073 Spiritus
1449 3007 1688 3054 sanctus.
1753 2996 1857 3064 Qui

257 3105 452 3152 autem
481 3095 547 3150 de
575 3095 722 3150 nullo
758 3104 917 3149 natus
946 3095 1051 3158 sit,
1082 3094 1148 3148 de
1198 3091 1345 3146 nullo
1388 3089 1668 3161 procedat,
1697 3086 1860 3142 Pater

1947 1892 2103 1948 Filio.
2133 1891 2337 1947 Similis
2361 1890 2563 1947 etenim
2596 1904 2760 1944 causa
2792 1904 2892 1945 cur
2935 1888 3008 1942 sit
3032 1889 3354 1957 .utriusque,
3379 1885 3531 1940 simi-

1945 1981 2070 2038 liter
2097 1981 2384 2036 comitetur
2421 1982 2489 2037 ab
2535 1989 2763 2050 utroque
2795 1979 3119 2052 procedere;
3185 1987 3242 2034 et
3287 1993 3412 2034 cum
3458 1977 3534 2032 sit

1948 2072 2097 2128 Patri
2127 2071 2373 2140 Filioque
2401 2069 2709 2140 coaequalis,
2736 2077 2790 2125 et
2828 2068 2894 2122 ad
2937 2067 3222 2123 Trinitatis
3264 2066 3544 2138 pertineat

1949 2163 2235 2226 unitatem,
2261 2161 2568 2217 lucarnatio
2600 2168 2782 2214 tamen
2809 2157 2932 2214 Filii
2959 2173 3060 2214 nec
3085 2158 3152 2212 ad
3177 2157 3415 2222 Patrem,
3432 2169 3538 2210 nec

1950 2255 2018 2309 ad
2051 2253 2586 2324 Spiritumsanctum
2626 2251 2896 2323 pertinet:
2957 2250 3194 2320 pertinet
3241 2257 3426 2304 autem
3465 2247 3538 2301 ad

1951 2346 2127 2402 solum
2150 2344 2367 2400 Patrem
2396 2343 2648 2415 genuisse
2698 2341 2932 2408 Filium;
2985 2342 3056 2396 ad
3104 2340 3302 2395 Filium
3355 2346 3538 2393 autem

1951 2433 2225 2493 hominem
2251 2436 2556 2506 suscepisse
2601 2433 2902 2505 perfectum
2932 2450 2946 2486 :
2978 2433 3048 2488 ad
3096 2430 3358 2501 Spiritum
3405 2445 3540 2498 quo-

1953 2542 2059 2599 que
2079 2535 2325 2584 sanctum
2348 2542 2415 2582 ex
2441 2526 2602 2582 Patre
2637 2524 2884 2594 Filioque
2919 2522 3270 2595 processisse.
3317 2521 3451 2576 Item
3483 2518 3545 2573 in

1953 2618 2414 2689 consequentibus
2459 2619 2598 2689 (cap.
2625 2617 2681 2689 5)
2726 2635 2740 2672 :
2795 2634 2816 2669 ι
2863 2615 3040 2671 Movet
3078 2613 3242 2670 etiam
3271 2611 3556 2686 quomodo.

1955 2710 2190 2781 Spiritus
2218 2719 2438 2766 sanctus
2462 2710 2518 2765 in
2547 2709 2815 2765 Trinitate
2856 2709 2946 2771 sit,
2997 2720 3158 2776 quem
3211 2719 3313 2760 nec
3357 2703 3558 2766 Patere

1957 2817 2056 2856 nec
2084 2800 2255 2856 Filius
2275 2841 2290 2855 .
2313 2815 2416 2855 nec
2442 2800 2602 2855 ambo
2630 2800 2948 2870 genuerint,
2973 2811 3096 2852 cum
3126 2795 3198 2852 sit
3222 2794 3548 2865 Spirituset

1958 2891 2135 2952 Puris
2159 2900 2214 2946 et
2241 2891 2385 2946 Filii.
2423 2909 2442 2943 ι
2474 2889 2571 2945 His
2595 2889 2779 2946 verbis
2807 2886 3212 2960 generationem
3241 2892 3485 2941 removet
3509 2899 3542 2938 ι

1961 2982 2166 3055 Spiritu
2211 2989 2422 3047 sancto,
2461 2995 2623 3051 quem
2665 2994 2766 3036 nec
2811 2979 2977 3034 Pater
3020 2977 3190 3042 solus,
3229 2990 3332 3032 nec
3373 2974 3546 3030 Filius

1961 3075 2132 3139 solus,
2159 3088 2260 3128 nec
2292 3073 2453 3128 ambo
2487 3070 2745 3141 genuisse
2759 3070 3051 3133 dicantur;
3093 3075 3336 3122 attamen
3381 3064 3454 3119 sit
3491 3073 3550 3118 et

257 3186 420 3240 solus
459 3193 564 3239 est.
630 3203 650 3237 ι
711 3183 826 3239 Non
883 3192 968 3239 est
1014 3157 1348 3237 contrarium
1390 3157 1541 3250 quod
1574 3193 1718 3233 nunc
1747 3177 1858 3248 agit
1883 3165 1928 3228 C
1960 3166 2138 3221 Patris
2162 3175 2218 3222 et
2249 3165 2373 3220 Filii
2398 3163 2635 3236 Spiritus
2660 3163 2963 3218 :nimirum
2991 3160 3275 3216 insinuans
3301 3157 3428 3229 quia
3453 3158 3549 3228 qui

263 3276 535 3346 Spiritum
567 3284 816 3331 sanctum
842 3276 908 3330 de
936 3273 1099 3328 Patre
1122 3273 1438 3343 procedere,
1469 3268 1876 3339 superioribus,

269 3370 369 3424 ubi
412 3371 545 3425 dixit
584 3371 832 3425 eumdem
873 3369 1134 3438 Spiritum
1164 3375 1410 3424 sanctum
1442 3383 1470 3420 a
1498 3365 1637 3420 Filio
1669 3379 1860 3435 proce-

265 3465 422 3526 dere,
452 3465 548 3519 sed
576 3463 754 3518 aufert
786 3461 1201 3517 minoralionem
1245 3476 1408 3531 quam
1450 3458 1706 3514 haaretici.
1737 3473 1861 3529 gar-

268 3555 514 3612 riebant.
542 3564 596 3610 ct
627 3555 969 3610 commendat
997 3551 1380 3621 :equalitatem,
1413 3564 1574 3619 quam
1607 3546 1862 3603 catholici

268 3647 522 3700 credunt.
567 3644 703 3699 Nam
745 3643 789 3698 si
846 3651 1054 3698 tantum
1102 3642 1340 3711 Spiritus
1383 3647 1604 3694 sanctus
1649 3654 1679 3692 a
1729 3637 1867 3691 Filio

271 3739 554 3794 diceretur
581 3736 846 3806 accipere,
875 3750 983 3790 non
1026 3734 1190 3789 etiam
1235 3749 1263 3785 a
1312 3732 1491 3794 Patre,
1537 3731 1868 3801 praeberetur

275 3829 433 3884 Iocus
477 3827 696 3882 Arianis
748 3825 981 3896 ﬁngendi
1029 3823 1228 3895 gradus
1274 3822 1327 3875 in
1371 3821 1652 3875 divinitate
1683 3843 1695 3873 ;
1723 3833 1869 3874 nunc

275 3931 461 3974 autem
493 3919 678 3973 dicens
708 3918 772 3972 de
807 3916 971 3972 Patre
997 3915 1141 3986 quod
1172 3913 1431 3985 procedat
1457 3912 1695 3984 Spiritus
1739 3925 1868 3966 sau-

275 4018 424 4070 ctus,
458 4022 563 4061 non
593 4015 679 4062 est
705 4006 847 4062 unde
876 4005 1079 4076 ﬁngant
1106 4003 1556 4068 minoratiouem;
1611 4002 1869 4072 quoniam

279 4101 410 4154 inde
453 4098 650 4168 accipit
697 4099 860 4152 etiam
917 4096 1152 4166 Spiritus
1201 4105 1422 4151 sanctus
1463 4104 1523 4149 ut
1577 4093 1868 4163 procedat,

280 4189 429 4243 unde
451 4189 648 4257 accipit
675 4188 842 4242 Filius
869 4199 926 4242 ut
955 4196 1211 4242 nascatur
1245 4205 1257 4239 :
1292 4194 1348 4241 et
1389 4185 1518 4239 dum
1562 4185 1722 4239 ambo
1751 4198 1874 4252 per-

278 4279 494 4348 cupiunt
520 4295 550 4332 a
580 4278 762 4346 Patre,
787 4278 956 4334 Filius
985 4279 1346 4342 nativitatem,
1381 4277 1618 4347 Spiritus
1653 4285 1873 4331 sanctus

279 4371 691 4440 processionem
712 4412 726 4434 ,
759 4386 862 4425 non
893 4380 976 4426 est
1003 4371 1146 4425 unde
1175 4370 1314 4424 alter
1339 4370 1496 4424 alteri
1527 4368 1870 4438 prmferatur.

283 4461 405 4515 Nec
429 4470 608 4515 tamen
641 4462 844 4516 idcirco
879 4462 1180 4533 negandum
1212 4462 1354 4531 quod
1385 4461 1452 4516 de
1480 4459 1617 4515 Filio
1658 4474 1874 4530 quoque

249 4552 554 4630 .procedat
588 4569 601 4604 :
638 4553 714 4606 ait
769 4568 998 4621 namque
1059 4552 1226 4607 Filius
1260 4571 1271 4604 :
1309 4549 1501 4605 Omnia
1557 4566 1876 4621 quam-anque

289 4642 446 4695 habet
479 4640 659 4707 Pater,
679 4659 793 4696 mea
818 4652 958 4696 sunt.
987 4639 1272 4710 Propterea
1299 4642 1435 4705 dixi,
1476 4643 1598 4711 quia
1655 4641 1720 4694 de
1768 4656 1880 4694 meo

290 4734 537 4801 accipiet,
573 4743 618 4787 et
645 4733 974 4788 annuntiabit
1020 4735 1159 4788 vobis
1202 4734 1382 4805 (Joan.
1409 4749 1517 4795 xt't,
1547 4732 1656 4803 15).
1709 4731 1885 4786 Habet

294 4833 483 4878 autem
531 4823 694 4879 Pater
742 4835 802 4880 ut
846 4824 914 4880 de
943 4824 1034 4880 illo
1070 4825 1331 4895 procedat
1363 4823 1601 4892 Spiritus
1642 4830 1883 4884 sanctus,

293 4927 698 4986 consequenter
726 4926 777 4971 et
801 4916 970 4972 Filius
1008 4918 1170 4972 habet
1209 4927 1267 4970 ut
1297 4918 1360 4971 de
1390 4916 1478 4969 illo
1505 4928 1720 4985 quoque
1756 4927 1886 4982 pro-

296 5010 462 5064 cedat
491 5025 506 5075 ;
568 5025 701 5081 ergo
739 5009 984 5080 procedit
1023 5011 1092 5064 ab
1122 5019 1348 5080 utroque
1381 5008 1618 5080 Spiritus
1645 5015 1887 5064 sanctus.

919 5142 1150 5200 CAPUT
1189 5113 1272 5198 ut.

669 5277 800 5330 Item
825 5277 1118 5331 testimonia
1143 5291 1207 5329 ea:
1228 5275 1536 5344 Augustino.

378 5390 434 5444 In
483 5391 622 5446 libro
651 5394 716 5447 de
746 5400 936 5448 sancta
981 5391 1246 5446 Trinitate
1294 5390 1470 5460 primo
1519 5390 1656 5460 (cap.
1709 5390 1768 5460 4')
1818 5392 1896 5448 sic

309 5481 389 5534 ait
438 5499 450 5533 ε
505 5500 523 5533 ι
579 5480 838 5549 Quamvis
887 5483 1047 5537 Pater
1096 5481 1293 5536 Filium
1347 5481 1624 5552 genuerit,
1679 5491 1735 5536 et
1777 5482 1899 5538 ideo

311 5571 482 5627 Filius
514 5591 619 5628 non
651 5576 720 5629 sit
755 5575 846 5645 qui
876 5574 1038 5630 Pater
1065 5583 1178 5638 est;
1231 5573 1508 5645 Filiusque
1548 5591 1578 5628 a
1622 5573 1784 5630 Patre
1829 5575 1902 5630 sit

313 5663 548 5730 genitus.
567 5673 619 5718 et
646 5665 764 5719 ideo
792 5681 896 5720 non
920 5665 993 5719 sit
1021 5663 1185 5718 Pater
1209 5665 1298 5733 qui
1327 5664 1496 5720 Filius
1516 5673 1599 5719 est
1625 5681 1639 5717 :
1667 5661 1903 5734 Spiritus

318 5761 537 5806 sani-tus
570 5769 667 5808 nec
699 5753 857 5808 Pater
894 5755 982 5820 sit,
1013 5769 1109 5809 nec
1139 5753 1329 5820 Filius,
1361 5755 1452 5809 sed
1485 5763 1692 5809 tantum
1723 5753 1902 5810 Patris

1965 3257 2239 3314 nascendo
2290 3272 2395 3311 non
2441 3255 2512 3310 sit
2560 3253 2760 3318 Filius,
2789 3251 3133 3323 procedendo
3155 3251 3230 3306 sit
3265 3249 3550 3306 amborum
3592 3283 3610 3298 .

1966 3349 2246 3420 Spiritus:
2279 3347 2381 3403 ubi
2417 3346 2562 3402 enim
2608 3346 2862 3401 nativitas
2899 3344 3138 3408 tollitur,
3166 3350 3224 3398 et
3265 3339 3551 3396 amborum

1964 3456 2086 3498 esse
2115 3440 2336 3505 dicitur,
2358 3437 2638 3508 processio
2659 3437 2777 3492 sine
2805 3435 2972 3490 dubio
2992 3432 3352 3505 signiﬁcatur,
3367 3440 3422 3486 et
3444 3445 3554 3484 non

1967 3536 2036 3590 ab
2072 3549 2179 3589 uno
2205 3531 2601 3596 tantummodo,
2651 3529 2756 3585 hoc
2794 3537 2880 3583 est
2930 3527 3014 3581 vel
3066 3541 3100 3579 a
3144 3524 3332 3589 Patre,
3377 3521 3464 3576 vel
3521 3535 3554 3576 ιι

1968 3626 2125 3689 Filio,
2151 3625 2247 3681 sed
2284 3624 2352 3680 ab
2379 3631 2632 3692 utroque,
2663 3619 2922 3691 quoniam
2976 3632 3085 3673 non
3134 3617 3297 3671 unius
3341 3622 3552 3670 tantum

1970 3715 2229 3788 Spiritus,
2258 3714 2354 3770 sed
2374 3712 2658 3782 utriusque
2681 3707 2797 3765 fore
2816 3707 3224 3779 comprobatur.

2041 3827 2173 3882 Item
2222 3825 2362 3881 intra
2408 3824 2547 3895 (cap.
2575 3821 2704 3893 12):
2739 3840 2758 3874 ι
2794 3819 2913 3876 Jam
2953 3820 3098 3877 enim
3131 3815 3469 3874 ostendimns
3497 3813 3554 3870 in

1972 3921 2076 3976 hac
2105 3919 2371 3974 Trinitate
2394 3931 2492 3988 per
2516 3915 2715 3971 multos
2741 3913 3071 3970 locutionum
3103 3911 3405 3967 divinarum
3434 3921 3553 3961 mo-

1973 4013 2070 4068 dos
2093 4011 2257 4065 etiam
2287 4010 2354 4066 de
2381 4007 2608 4080 singulis
2639 4006 2745 4063 dici
2770 4006 2915 4077 quod
2943 4003 3182 4060 omnium
3210 4009 3312 4067 est,
3332 4009 3555 4070 propter

1975 4105 2385 4177 inseparabilem
2432 4103 2802 4176 operationem
2841 4103 3001 4157 unius
3045 4100 3397 4172 ejusdemque
3433 4097 3560 4152 subs

1975 4201 2209 4256 stamine.
2251 4199 2407 4255 Sicut
2447 4207 2502 4254 et
2543 4199 2610 4254 de
2654 4196 2860 4268 Spiritu
2889 4203 3079 4251 sancto
3109 4193 3282 4249 dicit:
3306 4189 3439 4245 Cum
3465 4205 3584 4258 ego,

1978 4295 2107 4359 iero,
2142 4295 2346 4348 mittam
2378 4291 2529 4348 iitum
2557 4291 2626 4345 ad
2657 4307 2744 4346 vos
2787 4289 2966 4361 (Joan.
2996 4300 3085 4342 xvi
3106 4326 3121 4351 ,
3150 4285 3226 4353 7).
3277 4281 3395 4338 Non
3428 4280 3567 4335 dixrt

1980 4387 2276 4449 mittemus,
2306 4383 2400 4440 sed
2432 4383 2505 4438 ita
2539 4381 2695 4453 quasi
2719 4389 2929 4435 tantum
2955 4377 3124 4432 Filius
3144 4390 3265 4431 eum
3299 4373 3567 4427 missurus

1981 4488 2144 4542 esset,
2166 4488 2220 4532 et
2250 4493 2354 4531 non
2385 4475 2562 4530 Pater.
2599 4473 2736 4529 Cum
2769 4470 2875 4525 alio
2896 4469 3015 4523 loco
3043 4467 3225 4522 dicat:
3257 4463 3387 4518 Ha’c
3418 4461 3567 4514 locu-

1983 4583 2065 4625 tus
2096 4585 2210 4623 sum
2241 4569 2380 4622 vobis
2402 4566 2542 4637 apud
2565 4582 2651 4620 vos
2675 4578 2924 4630 manens;
2953 4561 3234 4614 advocatus
3256 4565 3429 4608 autem
3457 4551 3571 4617 iile,

1989 4662 2213 4732 Spiritus
2243 4671 2472 4720 sanctus,
2507 4675 2660 4729 quem
2704 4656 2869 4710 mittet
2902 4650 3066 4706 Pater
3080 4652 3162 4704 in
3190 4647 3396 4702 nomine
3433 4660 3594 4707 meo”

1986 4749 2074 4803 ille
2106 4751 2248 4803 vobis
2279 4747 2568 4802 declarabit
2605 4745 2781 4799 omnia
2813 4742 2995 4814 (Joan.
3022 4753 3132 4800 xw,
3158 4737 3274 4806 '25).
3314 4734 3413 4789 Hic
3444 4749 3569 4787 rur-

1991 4855 2083 4892 sus
2112 4839 2184 4892 ita
2215 4837 2417 4892 dictum
2445 4845 2548 4898 est,
2579 4832 2734 4905 quasi
2768 4848 2874 4886 non
2906 4844 3028 4883 eum
3056 4828 3324 4882 missurus
3351 4831 3575 4882 essetet

1993 4930 2031 4984 F
2039 4931 2181 4993 ilius,
2226 4928 2322 4984 sed
2352 4936 2561 4982 tantum
2602 4925 2782 4979 Pater.
2820 4943 2839 4976 ι
2874 4922 3208 4992 Frequenter
3251 4917 3470 4974 dictum».
3493 4923 3580 4971 est

1995 5021 2307 5076 missionem
2355 5019 2592 5089 Spiritus
2615 5015 3010 5086 processionem
3053 5025 3201 5075 esse;
3249 5014 3578 5081 quapropter

1996 5127 2118 5167 cum
2144 5118 2372 5165 testatur
2401 5108 2596 5162 Filium
2627 5121 2750 5160 eum
2778 5090 3074 5159 missurum
3097 5097 3578 5171 essc,tprocessio-

1999 5216 2123 5255 nem
2153 5199 2269 5269 ejus
2292 5215 2320 5252 a
2355 5197 2494 5252 Filio
2527 5195 2796 5269 signiﬁcat
2830 5214 2844 5248 :
2877 5195 3006 5250 item
3037 5209 3159 5248 cum
3190 5191 3334 5247 dicat
3357 5189 3576 5243 Patrem

2000 5293 2290 5348 missurum
2317 5291 2577 5362 Spiritum
2599 5297 2844 5344 sanctum
2869 5288 2922 5342 in
2953 5287 3168 5341 nomine
3197 5283 3346 5348 Filii,
3391 5296 3579 5336 rursus

1999 5387 2400 5458 processionem
2429 5385 2544 5454 ejus
2570 5383 2637 5438 de
2667 5381 2828 5437 Patre
2858 5382 3052 5452 signat.
3091 5378 3157 5433 Et
3179 5378 3303 5431 dum
3329 5377 3396 5429 ab
3433 5385 3584 5428 utro-

2003 5496 2108 5550 que
2130 5478 2267 5534 mitti
2284 5477 2508 5542 dicitur,
2523 5476 2591 5532 ab
2608 5483 2836 5545 utroque
2861 5473 3155 5544 procedere
3176 5466 3577 5539 comprobatur.

2003 5562 2071 5626 Et
2098 5571 2190 5624 dat
2214 5567 2520 5640 generalem
2552 5573 2750 5622 sancta:
2779 5563 3064 5620 Trinitatis
3096 5560 3334 5631 regulam
3355 5599 3370 5621 .
3399 5556 3584 5612 dicens

2007 5662 2071 5716 de
2097 5659 2320 5728 singulis
2349 5657 2452 5712 dici
2483 5659 2624 5728 quod
2653 5655 2893 5710 omnium
2925 5662 3037 5718 est,
3068 5671 3086 5702 ι
3116 5658 3336 5720 propter
3363 5649 3579 5715 insepa-

2009 5751 2230 5807 rabilem
2261 5749 2626 5818 Operationem
2649 5747 2806 5802 unius
2829 5746 3173 5815 ejusdemque
3199 5740 3530 5794 substantim.
3560 5757 3579 5790 ο
