4026 6346
611 308 718 367 279

1638 312 1998 369 RATRAMNI
2037 309 2484 369 CORBEIENSIS
2525 309 2833 372 MONACHI

3747 335 3832 394 280

611 429 731 496 Quo
751 429 900 486 dicto
925 429 1208 488 manifeste
1233 432 1510 495 docemur,
1531 429 1675 499 quod
1701 445 1824 484 eum
1847 429 2058 484 dicatur
2073 427 2199 498 Spi-
2226 429 2275 489 Α
2304 433 2387 480 ter
2415 427 2577 483 solus.
2609 428 2677 484 Et
2699 430 2826 500 quia
2860 429 3032 487 Filius
3051 445 3270 502 quoque
3305 435 3562 506 sapientia
3587 449 3661 500 cst
3685 448 3831 514 genita

611 523 752 578 ritus
781 539 812 577 a
840 521 1004 577 Patre
1033 523 1344 593 procedere,
1391 519 1796 592 intelligendum
1823 520 2029 591 pariter
2057 518 2202 589 quod

610 625 667 668 ct
711 630 740 669 a
784 613 924 669 Filio
969 613 1243 684 procedat.
1296 611 1539 683 itemque
1583 627 1707 667 cum
1756 612 1954 667 dicitur
1991 627 2020 665 a
2063 611 2203 666 Filio

612 707 781 772 mitti,
811 707 971 762 simul
1001 705 1404 776 intelligendum
1433 705 1576 776 quod
1604 715 1659 760 et
1682 720 1710 758 a
1735 705 1896 760 Patre
1919 704 2196 769 mittatur;

607 796 864 866 quoniam
891 795 1052 850 Pater
1073 804 1127 848 et
1149 794 1318 849 Filius
1352 795 1493 850 sicut
1517 796 1675 849 unius
1701 795 2052 864 ejusdemque
2074 801 2200 849 sunt

606 885 943 950 substantiae,
972 886 1052 939 sic
1089 885 1249 940 unius
1290 883 1639 954 ejusdemque
1680 895 1806 939 sunt
1844 885 2194 956 operationis.

604 976 719 1042 Qua
743 976 810 1031 de
827 970 892 1028 re
918 975 1008 1045 qui
1031 985 1191 1046 negat
1223 975 1483 1046 Spiritum
1506 976 1688 1031 aFilio
1703 977 1862 1040 mitti,
1880 992 2004 1031 cum
2033 975 2198 1031 fatea-

603 1077 693 1121 tur
714 1081 837 1120 eum
855 1081 886 1120 a
900 1066 1060 1122 Patre
1085 1067 1247 1132 mitti,
1270 1075 1430 1138 negat
1449 1066 1823 1135 proculdubio
1841 1066 2032 1121 Filium
2047 1065 2193 1121 Patri

600 1159 876 1228 cooperari
906 1175 920 1224 ;
952 1174 1016 1213 ac
1051 1174 1150 1228 per
1187 1160 1289 1213 hoc
1325 1159 1437 1228 jam
1483 1157 1697 1212 Patrem
1741 1166 1796 1213 et
1839 1157 2037 1236 Filium
2062 1159 2195 1214 dicit

599 1266 707 1304 non
756 1250 917 1305 unius
963 1249 1314 1319 ejusdemque
1354 1250 1731 1320 operationis:
1787 1251 1930 1318 quod
1984 1249 2189 1316 dicens,

599 1350 998 1410 coursequenter
1021 1352 1181 1411 negat
1199 1338 1414 1395 Patrem
1441 1349 1496 1396 et
1519 1340 1712 1395 Filium
1739 1340 1899 1395 unius
1923 1339 2192 1410 ejusdem-

597 1445 706 1499 que
753 1429 870 1486 fore
916 1429 1255 1487 substantiae.
1291 1429 1428 1485 Tale.
1461 1439 1544 1485 est
1575 1438 1628 1484 et
1660 1427 1788 1484 illud
1833 1430 1974 1499 quod
2019 1427 2190 1484 Filius

599 1522 1158 1592 testatur,‘Spiritum
1191 1539 1221 1577 a
1259 1522 1419 1579 Patre
1443 1523 1756 1594 procedere.
1797 1522 2050 1592 Quisquis
2089 1538 2186 1578 ne-

598 1627 729 1683 gare
773 1613 1026 1667 maluerit
1069 1628 1175 1668 non
1205 1628 1330 1668 enm
1377 1627 1592 1684 quoque
1632 1628 1662 1667 a
1707 1611 1846 1667 Filio
1872 1613 2184 1684 procedere,

597 1716 762 1777 negat
803 1707 1009 1776 pariter
1032 1707 1228 1761 Filium
1261 1722 1367 1762 non
1406 1705 1649 1775 ejusdem
1694 1721 1814 1762 esse
1854 1706 2187 1776 operationis

2303 518 2370 572 de
2395 517 2682 586 sapientia,
2716 520 2858 574 sicut
2895 536 2996 576 nec
3047 521 3210 577 Pater
3246 523 3317 588 ei,
3355 540 3456 581 nec
3492 526 3708 598 Spiritus
3731 551 3813 594 san

2301 617 2422 664 ctus
2455 609 2505 664 ei
2542 611 2815 682 intelligit,
2847 614 2941 668 sed
2972 613 3088 682 ipse
3111 615 3235 680 sibi,
3269 616 3344 669 ita
3372 631 3473 672 nec
3502 617 3653 675 Pater
3675 625 3718 679 ei
3738 643 3834 683 me-

2299 699 2478 765 minit,
2501 717 2603 756 nec
2632 700 2867 771 Spiritus
2897 716 3120 760 sanctus
3147 705 3197 760 ei
3232 706 3430 778 diligit,
3463 712 3555 766 sed
3587 713 3690 782 ipse
3712 717 3830 776 sibi:

2299 807 2396 846 sua
2425 793 2572 847 enim
2602 804 2687 849 est
2715 803 2770 850 et
2797 796 2911 865 ipse
2936 798 3219 864 memoria,
3249 815 3348 854 sua
3380 801 3732 875 intelligentia,
3757 825 3832 868 sua

2298 880 2552 947 dilectio;
2583 883 2677 938 sed
2711 884 2783 938 ita
2822 901 2884 940 se
2909 886 3128 952 habere,
3154 889 3220 944 de
3240 888 3407 944 Patre
3434 892 3507 947 illi
3548 905 3643 959 est,
3667 897 3727 954 de
3749 916 3833 968 quo

2298 979 2459 1026 natus
2483 981 2587 1028 est.
2622 972 2862 1044 Spiritus
2907 977 3072 1032 etiam
3103 988 3326 1035 sanctus
3351 982 3476 1050 quia
3507 987 3748 1055 sapientia
3769 1001 3834 1045 est

2294 1065 2595 1131 procedens
2634 1065 2702 1119 de
2744 1067 3038 1136 sapientia,
3084 1085 3192 1126 non
3219 1069 3437 1128 Patrem
3478 1074 3632 1130 habet
3660 1093 3832 1134 memo-

2295 1153 2453 1219 riam,
2485 1163 2536 1208 et
2563 1154 2758 1210 Filium
2805 1157 3234 1230 intelligentiam,
3273 1171 3330 1218 et
3376 1178 3436 1218 se
3481 1164 3828 1225 dilectionem:

2292 1258 2468 1313 neque
2494 1246 2637 1300 enim
2683 1247 2948 1316 sapientia
2987 1259 3153 1316 esset,
3195 1252 3241 1307 si
3277 1252 3420 1308 alius
3444 1254 3492 1308 ei
3522 1257 3830 1326 meminisset,

2289 1336 2448 1406 eique
2480 1338 2619 1393 alius
2645 1339 2988 1411 intelligeret,
3032 1358 3096 1398 ac
3124 1345 3503 1400 tantummodo
3528 1346 3624 1400 sibi
3649 1348 3748 1416 ipse
3769 1352 3831 1406 di-

2290 1427 2513 1499 ligeret;
2543 1431 2638 1485 sed
2669 1432 2784 1501 ipse
2802 1433 2966 1489 habet
2993 1435 3108 1490 haec
3143 1435 3275 1500 tria;
3310 1445 3370 1492 et
3395 1451 3458 1490 ea
3490 1437 3571 1492 sic
3599 1437 3762 1502 habet,
3786 1453 3832 1495 ut

2287 1517 2406 1573 haec
2448 1520 2561 1590 ipsa
2590 1521 2704 1592 ipse
2735 1523 2806 1578 sit
2836 1542 2854 1578 :
2883 1534 3260 1582 verumtamen
3290 1536 3353 1582 ut
3381 1527 3459 1583 ita
3502 1529 3594 1595 sit,
3620 1532 3746 1587 unde
3770 1532 3829 1587 illi

2288 1620 2373 1666 est
2413 1613 2560 1668 unde
2599 1615 2866 1684 procedit.
2903 1635 2922 1668 ι
2956 1615 3243 1673 Subtiliter
3283 1619 3447 1674 nimis
3497 1627 3656 1689 atque
3680 1622 3829 1677 divine

2287 1718 2645 1773 personarum
2687 1707 2978 1763 Trinitatis
3022 1708 3408 1766 distinctiones
3449 1711 3731 1774 insinuans,
3765 1729 3830 1768 sa-

596 1811 719 1852 cum
743 1795 906 1852 Patre
933 1815 946 1850 :
978 1813 1042 1851 ae
1071 1812 1169 1867 per
1196 1797 1301 1852 hoc
1326 1797 1540 1852 Patrem
1562 1796 1864 1866 Filiumque
1895 1812 2000 1851 non
2024 1796 2184 1851 unius
2213 1784 2259 1845 Β
2285 1795 2548 1866 pientiam
2585 1797 2716 1853 dicit
2755 1813 2882 1854 esse
2919 1798 3162 1866 Patrem,
3199 1801 3627 1872 sapientiamque
3649 1802 3828 1870 Filium,

595 1885 692 1940 sed
721 1885 950 1941 diversae
973 1885 1091 1941 fore
1132 1888 1472 1942 substantiae.
1505 1888 1657 1954 Quod
1689 1888 1943 1958 quoniam
1969 1887 2184 1943 Arianae

593 1973 839 2032 videmus
885 1977 1180 2045 impietatis
1225 1979 1294 2034 de
1336 1979 1482 2035 fonte
1531 1995 1773 2045 manare,
1830 1980 2185 2051 protiteamur

591 2078 718 2118 cum
764 2065 1046 2122 catholicis
1076 2076 1244 2123 totam
1285 2070 1388 2124 sibi
1415 2069 1731 2126 Trinitatem
1781 2072 2082 2142 cooperari,
2129 2081 2185 2127 et

593 2158 660 2211 de
685 2157 938 2213 omnibus
983 2158 1386 2230 intelligendum
1413 2161 1480 2216 de
1510 2161 1738 2232 singulis
1765 2163 1907 2232 quod
1941 2163 2176 2218 dicitur:

528 2255 532 2262 '
592 2248 848 2317 quoniam
894 2263 1022 2302 cum
1065 2249 1136 2304 sit
1191 2259 1300 2306 tota
1342 2251 1580 2309 Trinitas
1623 2254 1784 2308 unius
1835 2251 2180 2322 ejusdemque

587 2335 922 2402 substantiae,
980 2339 1222 2407 separari
1267 2353 1606 2410 nequaquam
1637 2351 1816 2410 potest
1842 2343 2174 2407 operatione.

494 2455 504 2464 ο
585 2427 701 2495 Qua
726 2429 792 2484 de
808 2445 867 2485 re
886 2445 1010 2485 cum
1034 2431 1233 2486 dicitur
1258 2430 1500 2502 Spiritus
1518 2449 1548 2486 a
1575 2433 1733 2488 Patre
1748 2437 2057 2504 procedere,
2088 2451 2178 2505 pa-

588 2523 723 2578 riter
747 2538 962 2594 quoque
976 2525 1316 2580 sentiendum
1346 2527 1450 2581 dici
1466 2528 1607 2596 quod
1627 2530 1878 2597 procedat
1901 2538 1952 2583 et
1967 2545 1994 2580 a
2016 2531 2169 2585 Filio.

655 2613 784 2668 Item
812 2615 867 2669 in
892 2614 986 2670 lib.
1008 2631 1080 2670 xv
1101 2615 1241 2688 (cap.
1266 2615 1322 2686 6)
1341 2626 1542 2671 sanctae
1571 2617 1852 2674 Trinitatis
1876 2637 1890 2674 :
1925 2639 1942 2671 ι
1967 2619 2174 2674 Dicitur

579 2703 797 2772 quidem
829 2705 884 2759 in
923 2705 1224 2776 Scripturis
1269 2707 1476 2762 sanctis
1502 2705 1744 2762 Christus
1773 2708 1871 2763 Dei
1906 2711 2092 2775 virtus,
2123 2719 2172 2764 et

576 2795 674 2850 Dei
694 2799 974 2867 sapientia.
1024 2798 1130 2854 Sed
1155 2800 1608 2870 quemadmodum
1637 2802 1709 2856 sit
1739 2801 2168 2872 intelligendum,

574 2903 676 2944 nec
701 2888 918 2943 Patrem
943 2889 1116 2945 Filius
1133 2891 1378 2945 videatur
1402 2891 1580 2947 facere
1601 2893 1922 2962 sapientem,
1955 2893 2006 2947 in
2031 2893 2169 2950 libro

577 2978 811 3048 septimo
830 2979 1162 3048 disputatum
1180 2990 1282 3036 est.
1304 2983 1368 3035 Et
1385 2983 1450 3036 ad
1466 2983 1566 3038 hoc
1586 2984 1724 3038 ratio
1738 2986 2004 3053 pervenit,
2021 2987 2170 3042 utsic

575 3069 647 3124 sit
661 3067 830 3123 Filius
843 3071 1106 3139 sapientia
1123 3071 1190 3126 de
1212 3073 1495 3142 sapientia,
1513 3074 1964 3141 quemadmodum
1981 3075 2161 3130 lumen

2257 1886 2602 1956 sapientiam
2650 1905 2868 1959 quoque
2908 1890 3169 1960 Spiritum
3204 1902 3499 1959 sanetum;
3536 1895 3627 1951 sed
3665 1892 3826 1950 Filium

2283 1977 2543 2047 genitum,
2575 1979 2665 2048 qui
2687 1987 2770 2034 est
2799 1981 3061 2051 sapientia
3087 1980 3155 2037 de
3181 1981 3366 2048 Patre,
3393 1984 3484 2054 qui
3515 1983 3744 2040 similiter
3762 1994 3826 2040 est

2282 2067 2580 2138 sapientia;
2615 2078 2671 2125 et
2715 2069 2981 2141 Spiritum
3025 2075 3436 2143 procedentem,
3467 2077 3557 2146 qui
3593 2078 3655 2132 sit
3691 2077 3823 2131 etiam

2281 2157 2567 2226 sapientia,
2602 2159 2696 2214 sed
2742 2161 2810 2214 de
2861 2160 3025 2217 Patre
3050 2164 3140 2232 qui
3189 2165 3456 2234 sapientia
3485 2175 3586 2228 est.
3616 2166 3824 2235 Filioque

2279 2248 2372 2317 qui
2403 2249 2655 2305 similiter
2695 2252 2960 2321 sapientia
2995 2264 3097 2309 est.
3131 2255 3198 2310 Et
3235 2265 3294 2310 ut
3339 2256 3639 2311 evidentius
3657 2255 3823 2311 clareat

2277 2339 2420 2408 quod
2450 2340 2604 2406 dicit,
2621 2357 2886 2412 ponamus
2909 2345 3156 2414 superius
3173 2347 3408 2416 positam
3436 2347 3821 2401 similitudinem.

2278 2431 2404 2486 Tria
2436 2433 2580 2486 enim
2624 2435 2931 2499 constituit,
2983 2436 3233 2493 videlicet
3277 2440 3612 2503 memoriam,
3659 2437 3819 2492 intelli-

2276 2523 2536 2591 gentiam,
2575 2523 2943 2590 dilectionem,
2975 2536 3232 2598 tanquam
3281 2530 3567 2584 Trinitatis
3606 2530 3818 2583 similitu-

2275 2611 2460 2666 dinem
2500 2613 2554 2666 in
2604 2615 2850 2670 interiori
2884 2616 3101 2670 homine
3131 2619 3389 2688 positam,
3425 2621 3489 2673 de
3511 2619 3692 2688 quibus
3711 2616 3818 2672 inul-

2274 2712 2386 2758 tum
2413 2704 2671 2775 disputat,
2719 2717 2828 2762 tam
2862 2709 2916 2762 in
2961 2710 3172 2765 decimo
3216 2714 3407 2780 quinto
3431 2713 3582 2776 libro,
3611 2726 3750 2782 quam
3773 2721 3816 2763 et

2273 2795 2327 2850 in
2353 2795 2474 2851 aliis
2502 2795 2742 2864 ejusdem
2777 2801 2980 2868 operis.
3017 2801 3326 2878 approbatis
3353 2805 3404 2858 in
3437 2804 3682 2858 memoria
3709 2817 3816 2856 con-

2273 2889 2436 2943 tineri
2483 2898 2592 2943 tam
2630 2890 3038 2962 intelligentiam
3089 2909 3250 2963 quam
3306 2896 3661 2957 dilectionem,
3693 2892 3815 2949 etde

2273 2981 2536 3034 memoria
2595 2981 3006 3052 intelligentiam
3065 2987 3248 3051 nasci;
3309 2987 3381 3040 de
3433 2996 3651 3055 utraque
3689 2998 3814 3044 vero,

2271 3069 2532 3124 memoria
2562 3070 2769 3125 scilicet
2796 3079 2851 3126 et
2886 3071 3260 3141 intelligentia,
3288 3075 3628 3130 dilectionem
3661 3084 3816 3141 proce-

573 3159 642 3214 de
661 3157 885 3224 lumine,
908 3137 1058 3213 VDeus
1084 3161 1158 3215 de
1172 3137 1303 3215 Deo.
1329 3160 1440 3216 Nec
1466 3137 1607 3215 aliud
1630 3163 2163 3232 potuimusinvenire
2189 3137 2236 3200 Ο
2269 3160 2429 3225 dere;
2463 3169 2518 3216 et
2543 3162 2657 3216 haec
2689 3161 2789 3216 tria
2820 3162 2982 3216 simul
3001 3178 3121 3218 esse
3143 3173 3307 3234 atque
3346 3166 3502 3220 unius
3523 3163 3812 3220 substantiae.

509 3281 512 3286 -
573 3249 838 3320 Spiritum
875 3257 1157 3316 sanctum;
1184 3251 1293 3306 nisi
1314 3261 1370 3306 et
1398 3253 1572 3322 ipsum
1597 3267 1719 3307 esse
1743 3253 2084 3322 sapientiam,
2110 3263 2166 3310 et

571 3340 735 3396 simul
758 3355 950 3396 omnes
975 3357 1134 3396 unam
1175 3343 1536 3413 sapientiam;
1581 3345 1722 3399 sicut
1762 3362 1931 3401 unum
1959 3347 2162 3415 Deum,

571 3446 737 3486 unam
771 3433 1082 3488 essentiam.
1129 3433 1268 3501 Quid
1307 3436 1505 3490 istbinc
1529 3437 1841 3499 edocemur,
1889 3438 1991 3491 nisi
2036 3453 2163 3508 pro-

568 3522 870 3576 cessionem
901 3522 1137 3596 Spiritus
1165 3534 1274 3578 tam
1303 3525 1368 3579 de
1403 3525 1567 3581 Patre
1597 3542 1758 3596 quam
1800 3528 1867 3581 de
1905 3527 2072 3593 Filio;
2106 3537 2162 3584 et

568 3611 708 3668 hanc
735 3611 1059 3668 Trinitatem
1084 3615 1255 3669 unius
1273 3616 1625 3670 substantiae?
1668 3616 1808 3672 Dicit
1837 3619 2160 3689 sapientiam

564 3718 686 3758 esse
714 3703 954 3770 Patrem,
983 3707 1306 3776 sapientiam
1332 3707 1554 3772 Filium,
1587 3709 1911 3778 sapientiam
1942 3725 2159 3782 quoque

567 3793 831 3864 Spiritum
860 3807 1106 3852 sanctum
1140 3817 1152 3852 :
1209 3800 1304 3854 sed
1329 3799 1493 3854 Pater
1509 3800 1774 3870 sapientia
1803 3802 1869 3856 de
1897 3801 2040 3856 nulla
2067 3819 2158 3858 sa-

564 3887 768 3956 pientia
779 3925 792 3940 .
809 3887 923 3943 Non
937 3891 1080 3944 enim
1096 3905 1124 3943 a
1138 3890 1277 3945 Filio
1295 3892 1524 3960 sumpsit
1535 3903 1592 3946 ut
1607 3902 1752 3948 esset
1765 3892 1979 3964 sapiens
1997 3913 2010 3961 ;
2027 3911 2161 3965 quo-

567 3976 715 4030 niam
738 3991 860 4031 cum
885 3979 957 4032 sit
990 3980 1104 4048 ipse
1118 3979 1240 4034 fons
1271 3989 1324 4035 et
1355 3982 1680 4050 principium
1709 3985 2152 4051 universalitatis,

567 4084 597 4120 a
631 4067 922 4138 semetipso
947 4070 1162 4139 sapiens
1190 4079 1294 4135 est,
1329 4087 1434 4126 non
1467 4071 1693 4143 alicujus
1717 4075 2147 4145 participatione.

568 4157 722 4212 Sicut
740 4157 996 4213 Deusnon
1014 4161 1082 4215 ab
1104 4160 1307 4231 aliquo,
1333 4162 1426 4218 sed
1442 4178 1472 4216 a
1495 4165 1786 4234 semetipso
1815 4165 1994 4220 lumen
2017 4186 2028 4220 :
2048 4183 2154 4222 non

562 4248 710 4302 enim
739 4247 900 4304 habet
929 4249 1132 4320 aliquid
1158 4253 1528 4322 superius,vel
1555 4256 2148 4328 przeeedcns,alioquin

561 4354 670 4393 non
692 4339 798 4394 erit
827 4340 1198 4400 univcrsitatis
1241 4344 1600 4416 principium;
1653 4347 1747 4402 sed
1777 4364 1874 4403 nec
1898 4348 2154 4419 imperfe-

561 4440 703 4495 ctus,
730 4446 830 4485 nec
859 4431 1108 4504 indigens
1143 4434 1369 4507 alicujus
1399 4435 1562 4503 Deus,
1595 4439 1690 4494 sed
1731 4439 1940 4509 plenus,
1969 4450 2024 4494 et
2061 4457 2152 4496 ve-

2268 3249 2345 3303 Ea
2369 3249 2512 3303 enim
2539 3251 2884 3306 meminimus
2912 3267 3032 3320 quae
3074 3253 3457 3326 intelligimus,
3481 3264 3533 3310 et
3553 3269 3666 3309 cum
3692 3251 3816 3305 volu-

2267 3357 2392 3396 mus
2439 3343 2851 3414 intelligentiam
2900 3354 3141 3400 nostram
3183 3347 3412 3413 intueri,
3458 3363 3561 3401 non
3609 3344 3813 3398 valemus

2265 3431 2369 3485 nisi
2400 3431 2468 3486 de
2491 3435 2766 3488 memoriae
2786 3435 3024 3503 quodam
3045 3445 3257 3491 secreto
3281 3439 3561 3507 procedat,
3592 3445 3812 3502 tanquam

2265 3531 2558 3592 generetur
2587 3538 2602 3577 :
2630 3533 2687 3578 et
2727 3540 2850 3578 cum
2901 3527 3264 3595 approbamus
3315 3527 3709 3598 hithigentiam
3731 3536 3810 3575 no-

2263 3622 2432 3668 stram
2481 3615 2548 3668 de
2601 3617 2860 3670 memoria
2916 3617 3278 3688 progenitam,
3325 3620 3390 3675 fit
3439 3634 3586 3673 amor
3627 3614 3809 3686 quidam

2261 3705 2627 3773 complectens
2678 3715 2734 3759 et
2787 3706 3275 3776 intelligentiamet
3325 3709 3672 3768 memoriam;
3706 3716 3809 3756 nam

2261 3793 2562 3848 delectatur
2586 3802 2643 3848 et
2696 3794 3078 3865 intelligentia,
3109 3811 3268 3866 quam
3321 3799 3604 3868 approbat,
3647 3803 3697 3848 et
3721 3804 3810 3846 me-

2259 3887 2437 3942 moria
2465 3887 2531 3941 de
2557 3903 2661 3956 qua
2693 3889 2843 3943 novit
2875 3896 3057 3943 natam
3106 3891 3541 3961 intelligentiam,
3573 3901 3718 3958 quam
3743 3882 3808 3937 di-

2258 3975 2376 4046 ligit
2425 3994 2438 4030 :
2484 3978 2625 4031 unde
2671 3976 2749 4040 iit,
2803 3988 2863 4032 ut
2903 3979 3018 4034 hmc
3060 3980 3276 4036 dilectio
3321 3991 3433 4038 tam
3487 3982 3551 4036 de
3583 3974 3804 4032 memoria

2257 4081 2418 4134 quam
2470 4067 2536 4121 de
2593 4066 2949 4138 intelligentia
2999 4079 3275 4125 nascatur.
3325 4071 3390 4127 Si
3425 4070 3562 4126 nulla
3608 4075 3806 4131 namque

2255 4153 2401 4210 foret
2432 4155 2815 4224 intelligentia,
2835 4157 2980 4211 nulla
3012 4167 3198 4229 posset
3229 4175 3351 4214 esse
3385 4160 3500 4229 ejus
3523 4154 3739 4215 dilectio;
3761 4156 3806 4202 et

2254 4250 2298 4305 si
2333 4249 2476 4303 nulla
2527 4248 2668 4303 foret
2708 4252 2990 4315 memoria,
3036 4268 3142 4307 non
3173 4262 3319 4308 esset
3344 4254 3490 4308 unde
3517 4247 3804 4304 consisteret

2258 4337 2630 4406 intelligentia.
2680 4337 2826 4394 Nihil
2871 4341 3015 4395 enim
3064 4341 3419 4412 intelligimus
3443 4341 3592 4411 cujus
3630 4345 3804 4391 memo-

2256 4431 2394 4485 riam
2429 4447 2534 4486 non
2585 4432 2851 4488 habemus
2889 4451 2903 4488 :
2934 4433 3341 4505 distinguuntur
3371 4446 3546 4492 tamen
3584 4433 3675 4486 ista
3701 4437 3803 4496 pro-

560 4493 765 4586 rus,_et
791 4493 1062 4592 perfectus
1091 4526 1233 4582 Deus
1264 4493 1474 4599 :.igitur
1515 4493 1561 4584 a’
1587 4493 1879 4601 semetipso
1901 4493 2145 4603 sapiens.
2177 4493 2229 4554 Β
2255 4521 2389 4590 Ρνῖίε
2421 4521 2726 4576 ίηιθηθειυδ
2767 4523 2848 4575 θυί
2883 4493 3134 4578 ﬁnibus:
3151 4523 3414 4580 Μθηῖοτίδ
3460 4531 3680 4588 namque
3713 4525 3800 4603 ’Ψ

557 4611 731 4670 Filius
758 4631 888 4671 vero
938 4619 1223 4694 sapientia,
1265 4623 1358 4676 sed
1387 4623 1453 4678 de
1493 4621 1653 4678 Patre
1681 4625 1980 4694 sapientia;
2013 4644 2150 4698 quo-

558 4703 706 4757 niam
759 4705 862 4760 hoc
914 4709 1103 4776 genuit
1143 4709 1308 4765 Pater
1338 4712 1483 4782 quod
1531 4722 1634 4768 est.
1671 4713 1914 4785 Spiritus
1934 4733 2149 4788 quoque

558 4797 849 4866 sapientia,
907 4801 1004 4855 sed
1055 4817 1160 4856 non
1189 4803 1255 4856 de
1287 4803 1429 4857 nulla
1470 4805 1732 4873 sapientia
1769 4822 1782 4860 :
1825 4808 1973 4864 solus
1998 4811 2144 4866 enim

558 4883 724 4940 Pater
753 4887 820 4942 de
843 4889 1008 4944 nullo.
1041 4889 1202 4946 Unde
1227 4891 1412 4961 igitur,
1439 4893 1539 4953 nisi
1563 4893 1630 4947 de
1655 4895 1960 4964 sapientia?
1984 4896 2146 4952 Pater

559 4984 741 5031 autem
772 4979 1058 5049 sapientia,
1090 4979 1259 5036 Filius
1293 4997 1508 5053 quoque
1537 4983 1824 5052 sapientia,
1851 5002 1980 5057 ergo
2019 4988 2144 5058 Spi-

558 5068 698 5122 ritus
750 5071 1014 5140 sapientia
1068 5074 1135 5129 de
1180 5073 1342 5129 Patre
1396 5075 1640 5146 Filioque
1689 5078 1971 5147 sapientia.
2027 5079 2142 5136 Non

551 5159 698 5212 cnitn
721 5159 883 5214 Pater
903 5163 1188 5231 sapientia,
1213 5165 1251 5219 F
1262 5166 1487 5236 iliusquc
1513 5168 1804 5238 sapientia,
1834 5170 2144 5226 diversitate

551 5258 898 5317 separantur,
925 5250 1020 5306 sed
1043 5253 1250 5308 unitate
1276 5257 1610 5324 copulantur.
1631 5256 1793 5314 Mittit
1815 5258 1976 5327 igitur
1996 5271 2143 5314 uter-

549 5357 656 5411 que
684 5341 946 5412 Spiritum
973 5347 1289 5414 sapientiam
1327 5351 1706 5418 proecdentem
1737 5351 1804 5404 ab
1831 5360 2078 5420 utroque.
2112 5372 2131 5405 i

623 5432 756 5487 ltem
805 5435 1077 5503 posterius
1120 5437 1258 5508 (cap.
1293 5439 1389 5507 vlt)
1425 5455 1438 5492 :
1475 5457 1494 5489 ι
1529 5439 1668 5494 Ecce
1711 5455 1840 5512 ergo
1882 5442 1982 5495 tria
2024 5443 2135 5509 ilL'i,

550 5521 603 5575 id
633 5533 717 5576 est
762 5526 1044 5592 memoria,
1073 5527 1454 5598 intelligentia,
1481 5529 1703 5584 dilectio
1735 5545 1829 5584 seu
1860 5531 2132 5598 voluntas,

551 5612 605 5665 in
634 5612 958 5691 illasumma
987 5626 1042 5672 et
1068 5619 1390 5673 immutabili
1422 5620 1659 5674 essentia
1691 5621 1834 5690 quod
1863 5632 1947 5675 est
1971 5623 2131 5690 Deus,

550 5715 658 5756 non
684 5703 842 5764 Pater
861 5715 914 5762 ct
940 5707 1109 5764 Filius
1134 5718 1187 5764 ct
1211 5708 1445 5777 Spiritus
1473 5719 1690 5766 sanctus
1719 5720 1865 5774 sunt,
1897 5714 1989 5769 sed
2027 5713 2131 5771 Pa-

2253 4625 2351 4680 per
2379 4625 2438 4663 se
2469 4609 2739 4680 intelligit,
2773 4611 2866 4665 sed
2919 4627 3018 4680 per
3043 4612 3484 4683 intelligentiam;
3515 4623 3612 4664 nec
3636 4597 3803 4658 intelli-

2252 4699 2430 4769 gentia
2461 4715 2557 4768 pcr
2598 4716 2658 4753 se
2695 4701 2778 4754 sui
2814 4701 3080 4766 meminit,
3106 4703 3197 4757 sed
3244 4718 3342 4772 per
3369 4699 3672 4758 memoriam
3697 4709 3708 4744 :
3733 4687 3800 4742 sic

2250 4797 2307 4843 et
2330 4789 2552 4844 dilectio
2577 4788 2695 4843 sine
2720 4791 2980 4844 memoria
3004 4791 3087 4844 vel
3116 4791 3466 4863 intelligentia
3494 4803 3594 4843 non
3622 4777 3798 4848 diligit;

2250 4881 2463 4936 sublato
2515 4897 2750 4952 namque
2804 4882 3079 4937 intellectu
3110 4898 3216 4937 non
3265 4892 3350 4939 est
3392 4881 3533 4953 quod
3567 4865 3798 4968 memoria

2251 4972 2514 5036 retineat;
2547 4982 2603 5028 et
2640 4973 2848 5028 sublata
2908 4974 3171 5028 memoria
3211 4974 3432 5029 dilectio
3470 4967 3600 5027 nihil
3629 4967 3795 5056 meml:

2250 5061 2358 5125 nit;
2385 5077 2489 5130 qua
2535 5063 2600 5116 de
2635 5077 2694 5114 re
2749 5063 2964 5117 dilectio
3003 5061 3114 5131 jam
3147 5079 3252 5117 non
3281 5065 3404 5128 erit,
3449 5075 3568 5117 cum
3615 5067 3708 5107 non
3736 5051 3795 5099 sit

2248 5154 2391 5222 quod
2418 5155 2627 5224 diligat,
2673 5154 2760 5209 vel
2807 5171 2918 5209 non
2947 5157 3255 5210 meminerit
3298 5172 3405 5226 quo
3447 5169 3506 5210 se
3537 5141 3790 5204 diti'undat-

2249 5243 2339 5300 Sic
2371 5245 2536 5316 igitur
2587 5247 2689 5300 ista
2731 5247 2830 5300 tria
2878 5256 2934 5301 et
2973 5247 3139 5303 simul
3179 5255 3323 5312 sunt,
3355 5257 3410 5302 et
3453 5260 3517 5300 ex
3561 5239 3792 5294 alterum

2247 5343 2570 5398 nascuntur,
2621 5344 2676 5388 ct
2705 5335 2816 5388 suis
2865 5334 3064 5390 ﬁnibus
3093 5337 3517 5405 distinguuntur,
3555 5337 3606 5382 et
3630 5326 3792 5378 mutuo

2241 5423 2437 5477 suimet
2474 5424 2824 5496 indigentiam
2857 5425 3074 5480 habent.
3122 5446 3142 5478 ι

2313 5511 2418 5566 Sed
2449 5528 2553 5567 non
2583 5513 2771 5568 eodem
2806 5514 2964 5568 modo
3010 5524 3195 5570 sancta
3238 5515 3476 5570 Trinitas
3497 5506 3788 5567 aestimatur,

2240 5603 2380 5658 sicut
2405 5602 2595 5658 doctor
2623 5606 2724 5660 istc
2755 5607 3081 5662 venerabilis
3121 5609 3379 5663 insinuat.
3412 5609 3502 5663 Est
3545 5600 3677 5657 enim
3702 5589 3785 5643 Ρεο

2240 5705 2321 5752 ter
2351 5705 2403 5752 ct
2438 5696 2607 5752 Filius
2637 5707 2689 5753 et.
2722 5698 2955 5770 Spiritus
2984 5711 3206 5758 sanctus
3239 5712 3350 5758 tota
3398 5697 3644 5758 Trinitas,
3677 5693 3784 5740 ‘3'“
