4026 6346
219 329 342 391 381

1078 404 1081 407 Ἴ
1130 324 1410 385 CONTRA
1447 326 1861 386 GRECORUM
1896 324 2253 385 OPPOSITA.
2280 358 2353 372 —
2378 328 2509 387 LIB.
2548 329 2634 388 ll].

3417 332 3527 391 282

224 428 407 522 quam
432 434 724 510 memoria,
756 439 1133 512 intelligentia,
1159 440 1399 498 dilectio.
1431 440 1500 497 Et
1524 440 1687 498 Pater
1711 439 1827 511 qui-
1852 442 1903 504 Α
1928 452 1987 494 se
2013 437 2245 509 diligunt
2286 439 2517 496 invicem
2567 439 2732 497 Pater
2763 447 2819 497 et
2838 437 3033 508 Filius,
3070 447 3363 514 utrumque
3390 458 3524 499 con-

224 542 366 597 dem
391 537 558 594 veluti
593 534 717 591 fons
739 533 807 590 de
827 548 935 603 quo
959 530 1128 588 Filius
1150 532 1413 598 nascitur,
1444 530 1585 588 sicut
1615 545 1825 585 memo-

223 632 324 688 ria
365 627 693 700 principium
741 623 1011 695 quoddam
1058 623 1267 690 existit,
1308 636 1377 678 ex
1414 636 1523 692 quo
1560 620 1829 676 formatur

222 722 619 793 intelligentia.
662 718 832 774 Filius
872 731 1087 788 quoque
1134 730 1261 772 eum
1308 715 1381 771 sit
1418 713 1706 786 sapientia,
1760 711 1828 768 de

217 808 401 867 Patre
443 809 706 874 nascitur,
749 806 896 863 velut
940 800 1294 877 intelligentia
1337 804 1404 859 de
1434 802 1695 859 memoria
1726 815 1825 872 ge-

218 911 503 965 neratur;
547 898 785 969 Spiritus
817 910 1032 965 quoque
1080 902 1329 960 sanctus,
1377 901 1435 948 et
1462 894 1576 963 ipse
1605 891 1824 963 sapien-

216 991 329 1059 tia,
386 991 483 1063 qui
528 1000 709 1046 tamen
753 996 839 1043 est
891 985 1128 1051 dilectio,
1169 985 1415 1058 procedit
1451 1002 1484 1040 a
1519 984 1656 1039 Filio
1691 991 1747 1041 et
1790 998 1823 1038 a

213 1080 420 1148 Patre,
449 1080 596 1137 velut
624 1078 841 1134 dilectio
863 1077 930 1132 de
954 1074 1304 1146 intelligentia
1333 1084 1387 1131 et
1413 1074 1673 1132 memoria
1693 1089 1824 1144 pro-

211 1174 398 1232 cedit.
437 1158 641 1229 Veru'm
671 1186 794 1227 cum
820 1170 895 1225 ita
936 1169 1167 1235 sit,,non
1200 1176 1667 1239 estpersonarnm
1701 1165 1824 1222 talis

211 1265 531 1329 distinctio,
556 1272 617 1317 ut
646 1261 806 1318 Pater
835 1276 940 1317 non
970 1260 1043 1316 Sit
1086 1258 1303 1329 sapiens
1333 1258 1436 1314 nisi
1464 1272 1563 1328 per
1599 1257 1818 1324 Filium,

210 1372 276 1418 et
302 1357 481 1415 Filius
506 1373 612 1414 non
636 1355 821 1427 diligat
854 1355 957 1410 nisi
987 1369 1085 1426 per
1114 1353 1375 1424 Spiritum
1423 1361 1694 1416 sanctum,
1723 1365 1819 1406 ve-

209 1453 302 1508 lut
332 1452 391 1507 in
417 1450 654 1507 hominis
700 1447 945 1504 trinitate
990 1445 1239 1502 videmus
1275 1443 1572 1508 interioris,
1614 1456 1820 1497 memo-

142 1606 147 1610 ,
210 1545 367 1600 riam
396 1556 507 1597 non
536 1556 636 1611 per
653 1554 732 1604 se,
777 1537 875 1593 sed
921 1550 1018 1609 per
1048 1532 1461 1606 intelligentiam
1496 1531 1815 1602 intelligere,

204 1638 269 1687 et
293 1629 713 1700 intelligentiam
738 1644 845 1683 non
873 1641 973 1699 per
991 1641 1073 1692 se,
1102 1623 1196 1681 sed
1223 1639 1323 1697 per
1357 1623 1677 1678 memoriam
1706 1636 1817 1676 me-

206 1722 488 1781 minisse:
519 1721 929 1793 intelligentiam
949 1732 1166 1790 quoque
1214 1731 1323 1771 non
1357 1730 1456 1786 per
1483 1730 1566 1780 se,
1594 1715 1688 1770 sed
1717 1728 1815 1786 per

204 1811 573 1869 dilectionem
601 1810 822 1881 diligere
850 1829 865 1863 :
891 1807 1236 1863 dilectionem
1266 1820 1480 1876 quoque
1502 1819 1609 1859 non
1637 1819 1734 1873 per
1755 1817 1813 1858 se

205 1899 546 1971 intelligere,
576 1915 675 1955 nec
700 1915 797 1970 per
817 1912 876 1954 se
900 1896 1232 1960 meminisse,
1259 1894 1353 1951 sed
1377 1910 1475 1965 per
1496 1894 1816 1949 memoriam

204 1993 560 2056 meminisse,
587 2000 642 2047 et
666 2006 764 2060 per
786 1989 1196 2061 intelligentiam
1225 1985 1547 2059 intelligere.
1585 1984 1703 2042 Non
1732 1995 1816 2043 est

202 2085 365 2142 enim
391 2084 480 2139 illa
507 2084 764 2149 Trinitas,
798 2100 920 2155 qua:
961 2092 1048 2138 est
1083 2098 1293 2137 summa
1318 2091 1375 2137 et
1397 2081 1695 2140 immobilis
1724 2096 1815 2137 es-

205 2175 421 2241 sentia,
465 2174 517 2229 id
547 2183 632 2229 est
661 2174 830 2239 Deus,
856 2173 1143 2238 memoria,
1169 2171 1549 2244 intelligentia,
1570 2171 1813 2239 dilectio,

206 2273 270 2320 ut
295 2266 421 2319 hinc
475 2264 578 2325 tria
610 2265 721 2319 sint
744 2264 910 2323 Pater
935 2272 992 2319 et
1015 2263 1187 2319 Filius
1209 2272 1264 2319 et
1294 2262 1532 2334 Spiritus
1569 2272 1811 2331 sanctus,

150 2394 161 2401 κ
206 2364 480 2427 tanquam
523 2353 687 2409 Pater
710 2354 992 2419 memoria,
1017 2353 1186 2409 Filius
1210 2354 1593 2427 intelligentia,
1612 2363 1666 2410 et
1690 2353 1811 2425 Spi-

205 2446 357 2501 ritus
384 2455 612 2500 sanctus
639 2444 856 2499 dilectio
887 2460 903 2510 ;
935 2444 1029 2500 sed
1054 2443 1201 2500 solus
1250 2442 1413 2499 Pater
1443 2445 1558 2501 haec
1585 2445 1687 2501 tria
1713 2445 1810 2511 sit,

202 2543 263 2590 et
286 2534 469 2590 Filius
498 2534 753 2589 similiter
781 2534 895 2589 haec
924 2535 1049 2599 tria,
1078 2532 1317 2605 Spiritus
1349 2548 1565 2606 quoque
1590 2544 1812 2591 sanctus

204 2625 332 2680 haec
366 2626 471 2681 tria
501 2626 723 2696 pariter.
753 2624 915 2680 Pater
942 2625 1086 2680 enim
1116 2640 1184 2682 ex
1210 2641 1270 2682 se
1295 2637 1351 2681 et
1380 2627 1627 2682 meminit
1648 2636 1703 2681 et
1730 2626 1814 2681 in-

206 2714 415 2783 telligit
461 2726 518 2770 et
547 2715 721 2786 diligit
770 2732 786 2770 :
838 2731 945 2773 non
1001 2716 1147 2771 enim
1200 2718 1410 2787 accepit
1451 2733 1482 2772 a
1530 2718 1670 2773 Filio
1722 2718 1809 2774 in-

208 2804 596 2875 telligentiam,
653 2806 897 2876 alioquin
923 2807 1073 2862 nasci
1122 2809 1395 2865 diceretur
1421 2824 1452 2864 a
1474 2808 1635 2875 Filio,
1662 2809 1810 2881 quod

209 2911 330 2951 non
360 2904 445 2951 est
486 2895 708 2966 quidem
730 2897 1059 2953 catholicum
1090 2912 1233 2963 ;nec
1281 2898 1627 2955 dilectionem
1655 2914 1811 2954 acce-

207 2991 295 3062 pit
319 3005 354 3044 a
384 2989 594 3060 Spiritu
621 2998 831 3056 sancto,
885 2990 1165 3048 videretur
1208 2980 1354 3047 enim
1398 2992 1465 3047 de
1494 2990 1588 3046 illo
1617 2982 1811 3063 prece?

208 3083 371 3149 dere,
399 3082 544 3153 quod
579 3090 664 3137 est
695 3097 1051 3153 perversum;
1085 3083 1177 3138 sed
1206 3098 1237 3138 a
1272 3084 1564 3153 semetipso
1610 3083 1804 3138 memi-

207 3173 323 3238 nit,
349 3172 513 3242 sapit,
545 3172 735 3245 diligit.
764 3171 933 3227 Filius
983 3186 1199 3243 quoque
1249 3188 1375 3229 cum
1419 3173 1492 3229 sit
1518 3172 1801 3243 sapientia,

209 3265 438 3338 genitus
456 3266 521 3320 de
549 3264 838 3335 sapientia,
864 3280 973 3319 non
1004 3265 1055 3320 ei
1080 3264 1242 3320 Pater
1268 3265 1535 3330 meminit,
1569 3265 1665 3320 sed
1694 3265 1810 3335 ipse

208 3354 327 3409 sibi
348 3371 364 3421 ;
404 3356 544 3410 sicut
565 3370 666 3411 nec
686 3356 734 3410 ei
776 3354 936 3411 Pater
965 3356 1233 3428 intelligit,
1264 3357 1361 3412 sed
1385 3357 1499 3428 ipse
1528 3356 1631 3414 sibi
1662 3374 1682 3414 ι
1704 3370 1807 3412 nec

210 3445 455 3517 Spiritus
494 3457 714 3505 sanctus
740 3448 789 3501 ei
819 3446 1013 3520 diligit,
1037 3446 1133 3502 sed
1188 3447 1301 3519 ipse
1325 3446 1428 3503 sibi
1454 3462 1475 3513 ί
1499 3461 1623 3501 nam
1653 3462 1720 3502 ex
1745 3460 1806 3501 se

214 3539 467 3594 meminit
497 3547 552 3593 et
598 3538 847 3609 intelligit
894 3547 950 3594 et
976 3538 1169 3610 diligit.
1214 3540 1450 3610 Spiritus
1484 3540 1649 3595 etiam
1678 3554 1805 3594 san-

213 3637 359 3691 ctus,
386 3628 480 3696 qui
516 3634 601 3681 est
643 3634 699 3681 et
736 3625 1003 3696 sapientia
1056 3628 1357 3696 procedens
1402 3627 1470 3681 de
1513 3627 1800 3698 sapientia,

213 3731 325 3770 non
354 3716 519 3771 habet
542 3714 756 3771 Patrem
785 3716 886 3771 sibi
926 3716 1262 3778 memoriam,
1291 3724 1348 3770 et
1376 3715 1572 3771 Filium
1606 3716 1803 3773 intelli-

210 3807 477 3877 gentiam,
518 3815 574 3861 et
609 3806 709 3861 sibi
743 3806 1081 3861 solummodo
1108 3804 1477 3873 dilectionem,
1515 3808 1611 3863 sed
1641 3808 1803 3864 habet

211 3896 378 3950 simul
408 3896 526 3951 hmc
555 3896 681 3960 tria,
717 3896 1060 3962 memoriam,
1093 3895 1521 3967 inteliigeutiam,
1560 3898 1803 3954 dilectio-

1923 528 2185 602 jungens,
2235 530 2385 586 velut
2410 546 2480 587 ex
2529 540 2760 604 utroque
2811 533 3152 603 procedens:
3202 547 3309 587 non
3360 534 3522 603 quasi

1928 621 2163 691 qualitas
2190 622 2497 687 amborum,
2520 623 2616 679 sed
2643 633 2700 679 ut
2750 623 2994 681 existens
3028 625 3080 680 in
3110 623 3383 681 Trinitate
3408 635 3520 683 ter-

1930 712 2003 767 tia
2028 727 2259 782 persona
2300 712 2783 771 cousubstantialis
2807 723 2863 770 et
2900 715 3214 786 comqualis.
3261 715 3394 772 Item
3423 731 3521 789 po-

1924 804 2161 859 sterius:
2196 822 2215 855 ι
2252 803 2351 858 Est
2376 804 2520 859 enim
2563 812 2621 859 et
2654 804 2818 862 Pater
2861 807 3028 871 Deus,
3055 815 3109 862 et
3133 805 3302 862 Filius
3352 808 3517 874 Deus,

1924 905 1979 952 et
1998 895 2234 968 Spiritus
2260 905 2486 953 sanctus
2508 896 2672 961 Deus,
2694 906 2748 953 et
2778 898 2939 954 simul
2968 910 3158 955 omnes
3180 914 3322 954 unus
3350 899 3515 955 Deus.

1924 988 1992 1043 Et
2020 996 2196 1042 tamen
2244 1002 2351 1042 non
2387 987 2593 1042 frustra
2632 988 2685 1041 in
2727 988 2832 1044 hac
2861 988 3131 1045 Triuitate
3174 1005 3281 1045 non
3318 989 3520 1044 dicitur

1923 1076 2161 1134 Verbum
2186 1078 2281 1133 Dei
2325 1079 2431 1133 nisi
2457 1077 2645 1139 Filius.
2669 1093 2771 1134 nec
2793 1078 2992 1134 donum
3018 1076 3111 1135 Dei
3160 1080 3261 1135 nisi
3284 1067 3549 1150 Spiritus

1921 1179 2161 1235 sanctus,
2213 1184 2313 1224 nec
2338 1170 2408 1225 de
2427 1184 2536 1238 quo
2557 1169 2799 1241 genitum
2822 1177 2906 1224 est
2939 1169 3199 1235 Verbum,
3225 1178 3282 1225 et
3308 1172 3378 1225 de
3402 1185 3516 1239 quo

1922 1259 2163 1329 procedit
2210 1249 2587 1329 principaliter
2646 1256 2885 1330 Spiritus
2924 1267 3165 1322 sanctus,
3215 1259 3321 1315 nisi
3371 1260 3518 1314 Deus

1922 1347 2108 1404 Pater.
2157 1348 2282 1404 Ideo
2328 1358 2512 1404 autem
2557 1349 2762 1414 addidi,
2791 1347 3192 1420 principaliter,
3217 1350 3343 1419 quia
3370 1348 3518 1405 etde

1920 1437 2060 1494 Filio
2080 1426 2335 1509 (Spiritus
2358 1441 2903 1510 sanctus'procedere
2930 1441 3220 1510 reperitur.
3274 1439 3382 1496 Sed
3408 1440 3515 1495 hoc

1917 1543 2136 1599 quoque
2173 1529 2246 1584 illi
2274 1528 2445 1585 Pater
2465 1530 2630 1593 dedit,
2660 1545 2767 1586 non
2791 1530 2906 1601 jam
2944 1530 3227 1598 existenti,
3277 1539 3336 1587 et
3379 1546 3517 1587 non-

1919 1620 2048 1676 dum
2090 1621 2334 1689 habenti,
2386 1623 2481 1678 sed
2529 1623 2794 1694 quidquid
2826 1624 3106 1696 unigenito
3133 1622 3316 1680 Verbo
3340 1618 3516 1691 dedit,

1919 1714 2186 1786 gignendo
2228 1716 2394 1772 dedit.
2443 1715 2536 1773 Sic
2585 1714 2715 1787 ergo
2759 1733 2893 1775 eum
2913 1719 3118 1790 genuit,
3147 1719 3401 1775 utetiam
3447 1719 3517 1776 de

1845 1788 1890 1848 Β
1920 1803 2013 1861 illo
2035 1804 2235 1861 donum
2256 1820 2545 1863 commune
2562 1808 2902 1888 procederet,
2920 1788 2984 1864 et
3007 1808 3244 1880 Spiritus
3266 1818 3515 1877 sanctus,

1922 1893 2159 1966 Spiritus
2185 1904 2332 1953 esset
2362 1897 2664 1953 amborum.
2699 1916 2720 1952 ι
2771 1897 2839 1953 Ει.
2862 1899 2970 1956 hoc
2992 1898 3306 1955 testimonio
3333 1898 3509 1971 Spiri-

1918 1997 2034 2044 tum
2064 1997 2318 2045 sanctum
2340 1987 2637 2059 procedere
2664 1990 2985 2061 comprobat
3009 2006 3041 2045 a
3067 1989 3242 2058 Filio;
3268 1999 3514 2048 attamen

1916 2078 2143 2150 singulis
2196 2087 2397 2134 sancta:
2450 2078 2735 2135 Trinitatis
2799 2081 3050 2151 personis
3095 2081 3249 2151 quasi
3306 2079 3514 2151 aliquid

1914 2170 2195 2240 proprium
2238 2169 2504 2238 assignat,
2558 2183 2682 2224 cum
2724 2169 2798 2224 sit
2833 2168 2997 2225 Pater
3035 2171 3200 2236 Deus,
3248 2180 3303 2226 et
3339 2168 3513 2225 Filius

1916 2262 2076 2325 Deus,
2103 2270 2159 2318 et
2191 2261 2430 2332 Spiritus
2457 2271 2677 2319 sanctus
2699 2264 2861 2331 Deus,
2882 2271 2939 2320 et
2964 2265 3125 2320 simul
3146 2281 3335 2321 omnes
3363 2280 3506 2323 unus

1918 2354 2082 2409 Deus.
2114 2355 2208 2409 Est
2243 2364 2425 2410 autem
2456 2355 2736 2426 proprium
2758 2355 2923 2413 Verbi
2972 2357 3064 2413 Dei
3096 2368 3156 2412 ut
3182 2358 3395 2413 dicatur
3415 2373 3509 2414 so-

1914 2441 1999 2498 lus
2031 2442 2225 2509 Filius,
2273 2452 2329 2498 et
2359 2444 2638 2515 proprium
2679 2445 2805 2500 doni
2852 2445 2947 2500 Dei
2998 2453 3058 2500 ut
3102 2446 3248 2501 solus
3293 2438 3508 2501 dicatur

1915 2532 2153 2602 Spiritus
2172 2542 2413 2598 sanctus,
2441 2541 2498 2587 et
2523 2533 2590 2588 de
2616 2548 2725 2604 quo
2752 2534 2999 2603 genitum
3043 2544 3129 2590 est
3164 2534 3422 2600 Verbum,
3447 2544 3507 2591 et

1914 2622 1982 2677 de
2009 2639 2119 2694 quo
2142 2623 2386 2693 procedit
2413 2623 2789 2693 principaliter
2833 2622 3093 2695 Spiritus,
3143 2640 3251 2679 non
3298 2626 3507 2687 vocite-

1915 2721 2004 2768 tur
2025 2715 2125 2769 nisi
2155 2715 2297 2770 Deus
2322 2715 2503 2769 Pater.
2533 2715 2600 2769 Et
2641 2716 2724 2769 ha:
2749 2723 2876 2770 sunt
2907 2715 2960 2770 iu
2991 2724 3183 2772 sancta
3237 2716 3507 2772 Trinitate

1914 2804 2251 2874 singularum
2304 2805 2668 2875 proprietates
2719 2821 3091 2877 personarum.
3123 2806 3507 2878 Principaliter

1914 2906 2096 2951 autem
2128 2894 2390 2969 Spiritum
2423 2896 2561 2951 dixit
2604 2897 2672 2952 de
2708 2897 2869 2953 Patre
2905 2899 3219 2969 procedere,
3245 2899 3505 2969 quoniam

1911 2984 2215 3054 reperiatur
2242 2995 2297 3041 et
2321 2987 2390 3041 de
2416 2986 2553 3042 Filio
2579 2988 2909 3058 procedere;
2942 2989 3128 3065 ethoc
3157 3004 3372 3060 quoque
3406 2992 3505 3046 de-

1913 3074 2055 3129 derit
2081 3073 2156 3128 illi
2185 3074 2348 3129 Pater
2372 3090 2478 3130 non
2504 3084 2769 3147 tanquam
2813 3078 2966 3147 prius
3005 3079 3283 3145 existenti,
3309 3088 3365 3134 et
3402 3080 3507 3136 hoc

1910 3176 2017 3217 nou
2066 3162 2306 3228 habenti,
2354 3165 2447 3218 sed
2486 3164 2756 3236 gignendo
2798 3166 2985 3232 dedit;
3030 3167 3288 3238 quoniam
3340 3168 3503 3238 quid-

1911 3252 2043 3323 quid
2069 3251 2233 3308 habet
2258 3252 2428 3309 Filius
2475 3271 2506 3308 a
2548 3246 2713 3310 Patre
2757 3255 3025 3328 gignendo
3072 3257 3362 3329 percepit:
3394 3273 3505 3314 non

1908 3344 2053 3399 enim
2079 3344 2232 3416 prius
2262 3361 2385 3401 eum
2418 3348 2605 3418 genuit
2644 3345 2827 3414 Pater,
2877 3357 2933 3404 et
2960 3358 3151 3420 postea
3177 3348 3329 3405 dedit
3350 3358 3410 3405 ut
3435 3350 3505 3407 de

1905 3431 2043 3488 Filio
2068 3435 2385 3505 procederet
2412 3434 2673 3506 Spiritus,
2722 3438 2820 3493 sed
2860 3438 2911 3494 ei
2956 3439 3227 3510 gignendo
3248 3440 3502 3506 contulit,

1907 3534 1972 3582 ut
2005 3527 2170 3582 etiam
2200 3528 2268 3583 de
2300 3528 2394 3582 illo
2440 3529 2642 3584 donum
2687 3544 2979 3586 commune
3025 3532 3364 3601 procederet,
3396 3533 3503 3587 hoc

1907 3626 1994 3673 est
2022 3617 2260 3687 Spiritus
2307 3628 2553 3684 sanctus,
2588 3634 2749 3689 quem
2800 3620 2932 3675 dicit
2985 3636 3108 3676 esse
3149 3621 3352 3676 donum
3386 3629 3500 3675 tam

1904 3709 2083 3765 Patris
2111 3726 2273 3781 quam
2302 3710 2444 3777 Filii,
2469 3712 2726 3781 quoniam
2757 3712 2826 3767 sit
2855 3710 3092 3784 Spiritus
3115 3714 3425 3769 amborum.

1973 3800 2105 3855 Item
2153 3798 2293 3855 infra
2336 3800 2489 3872 (cap.
2527 3800 2632 3873 19)
2679 3819 2693 3856 :
2752 3819 2771 3853 ι
2801 3800 2859 3857 Si
2907 3802 2963 3857 in
3009 3802 3167 3858 donis
3220 3801 3316 3857 Dei
3360 3802 3499 3857 nihil

1902 3888 2079 3959 majus
2124 3901 2208 3946 εει
2246 3892 2542 3957 charitate,
2585 3900 2642 3947 et
2688 3892 2895 3947 nullum
2939 3902 3026 3949 est
3068 3892 3247 3963 majus
3292 3892 3497 3949 donum

209 4002 381 4041 nem:
419 4000 606 4059 perse
632 4000 866 4058 namque
896 3986 1161 4050 meminit,
1216 4000 1313 4055 per
1340 4001 1401 4041 se
1440 3986 1715 4059 intelligit,
1746 3997 1802 4044 et
1903 3980 1999 4036 Dei
2045 3997 2207 4052 quam
2262 3981 2497 4052 Spiritus
2556 3992 2800 4049 8300108.
2864 3983 2994 4054 Quid
3067 3983 3495 4054 consequentius

209 4089 317 4146 per
360 4090 422 4130 se
465 4074 682 4150 diligit;
738 4085 797 4128 ut
828 4083 1006 4129 tamen
1048 4074 1167 4130 lucc
1196 4075 1296 4129 tria
1345 4075 1435 4140 sit,
1468 4076 1592 4131 inde
1636 4076 1803 4133 liabet
1902 4084 2066 4141 quam
2118 4078 2179 4126 ut
2227 4071 2343 4142 ipse
2392 4071 2464 4127 sit
2508 4072 2771 4138 charitas,
2844 4072 2940 4142 qui
2991 4071 3196 4129 dicitur
3241 4081 3299 4128 et
3353 4072 3498 4129 Deus

211 4167 359 4221 unde
403 4166 670 4241 procedit,
725 4167 779 4221 id
826 4174 908 4221 est
966 4176 1074 4221 tam
1103 4182 1133 4220 a
1180 4164 1342 4223 Patre
1366 4183 1527 4239 quam
1559 4167 1796 4225 aFilio:
1903 4179 1969 4219 ex
2020 4163 2163 4220 Ι)εοῖ
2218 4163 2287 4219 Et
2338 4164 2387 4221 Si
2439 4164 2682 4220 Charitas
2715 4180 2818 4236 qua
2852 4164 3016 4220 Ρθιθι*
3041 4165 3218 4238 diligit
3269 4164 3490 4231 Filium.

211 4259 462 4328 procedit
503 4256 648 4313 enim
672 4258 744 4314 ab
771 4270 1021 4327 utroque.
1056 4258 1315 4314 Videmus
1359 4259 1505 4314 enim
1552 4260 1798 4317 subtilis-
1902 4262 1960 4310 et
2009 4255 2225 4311 Patrem
2275 4255 2452 4328 diligit
2514 4255 2719 4322 Filius,
2763 4254 3109 4312 ineli’abiliter
3156 4257 3496 4312 communio-

212 4349 355 4402 sima
386 4347 783 4417 verissimaque
814 4349 1026 4402 ratione
1052 4356 1439 4418 monstratum,
1469 4349 1559 4404 cui
1582 4359 1800 4404 contra-
1903 4359 2027 4400 nem
2091 4346 2430 4402 demonstrat
2476 4347 2786 4402 .amborum
2819 4364 2835 4414 ;
2899 4348 3029 4419 quid
3083 4348 3495 4403 convenientius

209 4437 321 4493 dici
348 4454 508 4495 nemo
543 4439 781 4509 prudens
809 4438 995 4513 possit,
1037 4438 1184 4507 quod
1231 4437 1466 4509 Spiritus
1498 4450 1717 4495 sanctus
1745 4448 1800 4496 et
1825 4488 1879 4549 Β
1903 4453 2066 4508 quam
2102 4447 2162 4492 ut
2188 4438 2279 4493 ille
2298 4437 2519 4509 proprie
2567 4439 2781 4494 dicatur
2827 4439 3088 4503 charitas,
3119 4439 3211 4508 qui
3257 4438 3494 4509 Spiritus

210 4528 279 4583 de
309 4527 472 4583 Patre
490 4528 747 4598 procedat
765 4536 820 4582 et
840 4527 975 4582 Fiiio
997 4544 1019 4595 ;,
1038 4536 1095 4584 et
1122 4544 1245 4583 cum
1271 4530 1343 4585 sit
1368 4530 1649 4585 amborum
1682 4530 1798 4601 Spi—
1825 4527 1877 4549 υ
1902 4530 2205 4585 communis
2223 4529 2627 4585 estambobus?
2646 4549 2666 4582 ι
2693 4528 2956 4607 Superius
2980 4530 3182 4586 donum
3205 4530 3300 4585 Dei
3320 4529 3492 4598 Spiri-

211 4618 380 4684 ritus,
431 4632 538 4672 non
569 4626 750 4673 tamen
779 4616 867 4671 vel
898 4617 1204 4682 amborum,
1231 4619 1316 4673 vel
1356 4620 1675 4676 alterutrius
1701 4620 1795 4676 Fi—
1901 4631 2014 4677 tum
2065 4630 2312 4677 sanctum
2351 4621 2586 4686 dixerat,
2639 4629 2694 4677 et
2738 4622 2840 4676 hac
2866 4621 3199 4691 proprietate
3253 4619 3491 4689 Spiritus

210 4711 316 4769 lius
345 4728 363 4767 :
396 4713 664 4783 siquidem
703 4712 942 4778 dilectio,
969 4728 1137 4782 quam
1163 4714 1311 4770 nasci
1335 4715 1569 4772 dicimus
1591 4717 1657 4771 de
1686 4732 1799 4772 me—
1901 4715 2076 4768 sancti
2106 4727 2395 4784 personam
2424 4727 2455 4767 a
2487 4712 2667 4768 Patris
2692 4712 2924 4783 Filiique
2952 4727 3186 4782 persona
3214 4710 3489 4767 discreve-

211 4803 390 4858 moria
436 4812 495 4857 et
523 4800 901 4873 intelligentia,
945 4818 1054 4858 non
1095 4813 1274 4859 tamen
1324 4805 1436 4861 tilia
1470 4807 1671 4863 dicitur
1715 4806 1799 4863 vel
1903 4812 2032 4869 rat;
2075 4804 2219 4873 quod
2262 4804 2462 4859 donum
2511 4803 2607 4858 Dei
2651 4804 2812 4859 modo
2856 4803 3186 4858 'charitatem
3232 4799 3488 4873 appellat,

210 4894 500 4949 amborum
518 4892 605 4948 vel
634 4892 972 4950 alterutrius.
1902 4908 2024 4962 quae
2051 4893 2124 4947 sit
2150 4893 2292 4948 inter
2324 4893 2463 4949 dona
2489 4894 2788 4949 divinitatis
2815 4894 3148 4966 praecipuum
3172 4894 3393 4960 donum,
3421 4908 3490 4950 eo

282 4984 420 5040 Item
450 4984 504 5038 in
528 4982 980 5054 consequentibus
1013 4986 1152 5056 (cap.
1184 4985 1279 5058 l7)
1314 5003 1328 5041 :
1359 5005 1379 5039 ι
1406 4986 1560 5042 Νυηο
1585 4987 1652 5043 de
1677 4986 1798 5059 Spi-
1899 4983 2044 5054 quod
2072 4984 2387 5038 secundum
2425 4983 2745 5056 Apostolum
2773 4983 2824 5055 (Ι
2853 4982 2976 5038 Cor.
3030 4998 3151 5049 xm,
3175 4982 3257 5055 3),
3289 4994 3488 5039 caetera

212 5077 322 5132 ritu
367 5085 581 5141 sancto,
611 5084 873 5147 quantum
904 5074 1016 5129 Deo
1043 5075 1283 5131 donante
1328 5077 1512 5132 videre
1544 5081 1797 5135 concedi-
1899 5075 2041 5130 dona
2060 5076 2179 5130 sine
2206 5075 2473 5131 charitate
2508 5074 2645 5130 nihil
2687 5074 2798 5130 sint
2828 5091 2844 5139 ;
2886 5083 2943 5129 et
2972 5074 3113 5130 hanc
3163 5074 3488 5133 charitatem

210 5175 324 5233 tur,
350 5164 709 5221 differendum
731 5173 855 5221 est:
881 5165 975 5236 qui
1003 5163 1240 5235 Spiritus
1263 5176 1483 5223 sanctus
1503 5169 1797 5225 secundum
1898 5166 2030 5222 dicit
2070 5166 2237 5222 Deum
2286 5181 2350 5221 ex
2397 5166 2530 5232 Deo,
2583 5165 2901 5236 signiﬁcans
2928 5163 3192 5237 Spiritum
3237 5174 3486 5221 sanctum

212 5258 531 5329 Scripturas
570 5266 789 5313 sanctas
840 5272 941 5312 nec
974 5256 1153 5312 Patris
1179 5264 1264 5312 est
1301 5258 1489 5326 solius,
1530 5274 1629 5314 nec
1676 5259 1796 5315 Filii
1899 5258 2281 5329 procedentem
2314 5273 2381 5313 ex
2412 5258 2541 5312 Deo.
2570 5257 2639 5312 Et
2684 5257 2810 5327 quia
2840 5258 2983 5314 Deus
3014 5272 3301 5313 commune
3329 5270 3488 5311 voca-

211 5350 407 5415 solius,
437 5350 533 5405 sed
558 5350 881 5416 amborum;
917 5357 974 5404 et
1015 5348 1137 5404 ideo
1162 5364 1504 5404 connuuuem
1527 5365 1634 5420 qua
1662 5350 1798 5406 iuvi-

213 5455 333 5495 cem
352 5456 413 5495 se
433 5440 661 5511 diligunt
681 5437 842 5493 Pater
856 5448 911 5495 et
926 5438 1121 5507 Filius,
1141 5439 1384 5496 insinuat
1404 5439 1743 5495 Trinitatem.
1770 5460 1790 5493 ι

213 5531 368 5599 Quod
403 5532 583 5587 Patris
626 5531 796 5587 solius
831 5546 939 5586 non
988 5541 1074 5587 est
1117 5531 1375 5603 Spiritus,
1403 5548 1503 5588 nec
1546 5531 1666 5587 Filii
1711 5548 1801 5589 so-

213 5624 335 5690 lius,
372 5627 467 5681 sed
488 5627 795 5692 amborum,
819 5640 981 5680 causa
1007 5634 1111 5691 est,
1138 5625 1264 5696 quia
1296 5625 1540 5696 procedit
1564 5625 1633 5681 ab
1658 5609 1800 5682 utro-

215 5733 342 5788 que,
373 5718 579 5774 ct'idco
620 5732 961 5774 communem
1018 5718 1256 5776 insinuat
1296 5719 1643 5785 Trinitatem,
1690 5734 1796 5791 qua

1900 5349 2086 5405 bulum
2127 5356 2212 5405 est
2256 5358 2365 5403 tam
2400 5348 2581 5404 Patris
2609 5348 2779 5419 quam’
2801 5346 2945 5414 Filii,
2988 5363 3091 5404 nec
3127 5354 3389 5419 appareat
3417 5347 3488 5403 de

1902 5456 2013 5512 quo
2029 5440 2177 5496 dicat
2206 5453 2332 5497 eum
2366 5440 2677 5511 procedere,
2711 5448 3107 5512 consequenter
3132 5441 3235 5495 hoc
3260 5439 3487 5496 demon-

1899 5541 2060 5601 strat,
2089 5532 2313 5589 dicens:
2351 5549 2371 5584 ι
2411 5531 2545 5588 Etsi
2568 5533 2814 5589 charitas
2842 5547 2950 5604 qua
2994 5532 3157 5589 Pater
3188 5532 3363 5603 diligit
3398 5529 3487 5589 Fi-

1901 5624 2051 5690 lium,
2085 5632 2138 5680 et
2161 5624 2378 5680 Patrem
2399 5623 2576 5695 diligit
2615 5622 2807 5691 Filius,
2856 5622 3200 5681 iueﬂ'abiliter
3244 5635 3487 5676 commn-

1904 5718 2120 5777 nioucm
2146 5719 2486 5776 demonstrat
2528 5717 2850 5785 amborum;
2898 5717 3028 5789 quid
3077 5712 3492 5774 convenientius
