  <div class='ocr_page' id='page_1' title='image "/cluster/home/n/w/nwhite01/storage/ocr_20150623/121/hvd.32044015471642/147.png"; bbox 0 0 4026 6346; ppageno 0'>
   <div class='ocr_carea' id='block_1_1' title="bbox 603 324 3845 403">
    <p class='ocr_par' dir='ltr' id='par_1_1' title="bbox 603 324 3845 403">
     <span class='ocr_line' id='line_1_1' title="bbox 603 324 3845 403; baseline 0.008 -30"><span class='ocrx_word' id='word_1_1' title='bbox 603 329 709 386; x_wconf 71' lang='lat'><strong>235</strong></span> <span class='ocrx_word' id='word_1_2' title='bbox 1636 329 1995 384; x_wconf 71' lang='lat' dir='ltr'><strong>RATltA-MNI</strong></span> <span class='ocrx_word' id='word_1_3' title='bbox 2034 324 2485 384; x_wconf 71' lang='lat' dir='ltr'><strong>CORBEIENSIS</strong></span> <span class='ocrx_word' id='word_1_4' title='bbox 2513 326 2819 384; x_wconf 74' lang='lat' dir='ltr'><strong>MONACHI</strong></span> <span class='ocrx_word' id='word_1_5' title='bbox 3761 344 3845 403; x_wconf 60' lang='lat'><strong>285</strong></span> 
     </span>
    </p>
   </div>
   <div class='ocr_carea' id='block_1_2' title="bbox 601 437 3847 513">
    <p class='ocr_par' dir='ltr' id='par_1_2' title="bbox 601 437 3847 513">
     <span class='ocr_line' id='line_1_2' title="bbox 601 437 3847 513; baseline 0.005 -19"><span class='ocrx_word' id='word_1_6' title='bbox 601 456 766 508; x_wconf 83' lang='lat' dir='ltr'><strong>quam</strong></span> <span class='ocrx_word' id='word_1_7' title='bbox 812 448 871 495; x_wconf 93' lang='lat' dir='ltr'><strong>ut</strong></span> <span class='ocrx_word' id='word_1_8' title='bbox 899 440 988 495; x_wconf 80' lang='lat' dir='ltr'><strong>ille</strong></span> <span class='ocrx_word' id='word_1_9' title='bbox 1015 439 1234 510; x_wconf 79' lang='lat' dir='ltr'><strong>proprie</strong></span> <span class='ocrx_word' id='word_1_10' title='bbox 1281 438 1498 493; x_wconf 78' lang='lat' dir='ltr'><strong>dicatur</strong></span> <span class='ocrx_word' id='word_1_11' title='bbox 1539 438 1796 501; x_wconf 86' lang='lat' dir='ltr'><strong>charitas,</strong></span> <span class='ocrx_word' id='word_1_12' title='bbox 1835 439 1927 508; x_wconf 94' lang='lat' dir='ltr'><strong>qui</strong></span> <span class='ocrx_word' id='word_1_13' title='bbox 1962 438 2197 509; x_wconf 72' lang='lat' dir='ltr'><strong>Spiritus</strong></span> <span class='ocrx_word' id='word_1_14' title='bbox 2227 445 2272 500; x_wconf 82' lang='grc' dir='ltr'>Α</span> <span class='ocrx_word' id='word_1_15' title='bbox 2304 437 2487 492; x_wconf 90' lang='lat' dir='ltr'><strong>multis</strong></span> <span class='ocrx_word' id='word_1_16' title='bbox 2510 437 2632 494; x_wconf 88' lang='lat' dir='ltr'><strong>aliis</strong></span> <span class='ocrx_word' id='word_1_17' title='bbox 2661 439 2972 495; x_wconf 85' lang='lat' dir='ltr'><strong>divinorum</strong></span> <span class='ocrx_word' id='word_1_18' title='bbox 3015 441 3358 513; x_wconf 88' lang='lat' dir='ltr'><strong>cloquiorum</strong></span> <span class='ocrx_word' id='word_1_19' title='bbox 3389 448 3699 508; x_wconf 86' lang='lat' dir='ltr'><strong>testimoniis</strong></span> <span class='ocrx_word' id='word_1_20' title='bbox 3722 471 3847 511; x_wconf 83' lang='lat' dir='ltr'><strong>eom-</strong></span> 
     </span>
    </p>
   </div>
   <div class='ocr_carea' id='block_1_3' title="bbox 601 526 3848 613">
    <p class='ocr_par' dir='ltr' id='par_1_3' title="bbox 601 526 3848 613">
     <span class='ocr_line' id='line_1_3' title="bbox 601 526 3848 613; baseline 0.004 -25"><span class='ocrx_word' id='word_1_21' title='bbox 601 541 687 588; x_wconf 79' lang='lat' dir='ltr'><strong>est</strong></span> <span class='ocrx_word' id='word_1_22' title='bbox 713 533 1021 588; x_wconf 86' lang='lat' dir='ltr'><strong>communis</strong></span> <span class='ocrx_word' id='word_1_23' title='bbox 1055 531 1361 586; x_wconf 87' lang='lat' dir='ltr'><strong>ambobus?</strong></span> <span class='ocrx_word' id='word_1_24' title='bbox 1391 549 1408 582; x_wconf 79' lang='grc' dir='ltr'><strong>ι</strong></span> <span class='ocrx_word' id='word_1_25' title='bbox 1440 530 1595 597; x_wconf 85' lang='lat' dir='ltr'><strong>Quod</strong></span> <span class='ocrx_word' id='word_1_26' title='bbox 1637 531 1825 586; x_wconf 92' lang='lat' dir='ltr'><strong>dicens</strong></span> <span class='ocrx_word' id='word_1_27' title='bbox 1848 541 1904 585; x_wconf 90' lang='lat' dir='ltr'><strong>et</strong></span> <span class='ocrx_word' id='word_1_28' title='bbox 1935 529 2198 600; x_wconf 73' lang='lat' dir='ltr'><strong>Spiritum</strong></span> <span class='ocrx_word' id='word_1_29' title='bbox 2304 526 2565 598; x_wconf 81' lang='lat' dir='ltr'><strong>probatur</strong></span> <span class='ocrx_word' id='word_1_30' title='bbox 2602 527 2780 583; x_wconf 78' lang='lat' dir='ltr'><strong>Patris</strong></span> <span class='ocrx_word' id='word_1_31' title='bbox 2827 538 2881 584; x_wconf 88' lang='lat' dir='ltr'><strong>ct</strong></span> <span class='ocrx_word' id='word_1_32' title='bbox 2927 528 3048 584; x_wconf 82' lang='lat' dir='ltr'><strong>Filii</strong></span> <span class='ocrx_word' id='word_1_33' title='bbox 3081 547 3202 587; x_wconf 87' lang='lat' dir='ltr'><strong>esse</strong></span> <span class='ocrx_word' id='word_1_34' title='bbox 3235 532 3528 604; x_wconf 84' lang='lat' dir='ltr'><strong>Spiritum,</strong></span> <span class='ocrx_word' id='word_1_35' title='bbox 3557 538 3644 608; x_wconf 91' lang='lat' dir='ltr'><strong>qui</strong></span> <span class='ocrx_word' id='word_1_36' title='bbox 3664 547 3848 613; x_wconf 87' lang='lat' dir='ltr'><strong>proprie</strong></span> 
     </span>
    </p>
   </div>
   <div class='ocr_carea' id='block_1_4' title="bbox 602 618 3848 699">
    <p class='ocr_par' dir='ltr' id='par_1_4' title="bbox 602 618 3848 699">
     <span class='ocr_line' id='line_1_4' title="bbox 602 618 3848 699; baseline 0.004 -20"><span class='ocrx_word' id='word_1_37' title='bbox 602 634 850 680; x_wconf 76' lang='lat' dir='ltr'><strong>sanctum</strong></span> <span class='ocrx_word' id='word_1_38' title='bbox 877 625 1196 680; x_wconf 85' lang='lat' dir='ltr'><strong>charitatem</strong></span> <span class='ocrx_word' id='word_1_39' title='bbox 1225 622 1480 691; x_wconf 86' lang='lat' dir='ltr'><strong>appellat,</strong></span> <span class='ocrx_word' id='word_1_40' title='bbox 1513 631 1568 678; x_wconf 91' lang='lat' dir='ltr'><strong>et</strong></span> <span class='ocrx_word' id='word_1_41' title='bbox 1597 623 1962 677; x_wconf 87' lang='lat' dir='ltr'><strong>communiter</strong></span> <span class='ocrx_word' id='word_1_42' title='bbox 1983 623 2050 676; x_wconf 91' lang='lat' dir='ltr'><strong>de</strong></span> <span class='ocrx_word' id='word_1_43' title='bbox 2079 638 2195 676; x_wconf 89' lang='lat' dir='ltr'><strong>am-</strong></span> <span class='ocrx_word' id='word_1_44' title='bbox 2305 618 2502 672; x_wconf 91' lang='lat' dir='ltr'><strong>dicitur</strong></span> <span class='ocrx_word' id='word_1_45' title='bbox 2540 619 2592 672; x_wconf 93' lang='lat' dir='ltr'><strong>in</strong></span> <span class='ocrx_word' id='word_1_46' title='bbox 2632 618 2900 676; x_wconf 89' lang='lat' dir='ltr'><strong>Trinitatc</strong></span> <span class='ocrx_word' id='word_1_47' title='bbox 2950 621 3185 693; x_wconf 88' lang='lat' dir='ltr'><strong>Spiritus</strong></span> <span class='ocrx_word' id='word_1_48' title='bbox 3225 635 3474 682; x_wconf 88' lang='lat' dir='ltr'><strong>sanctus.</strong></span> <span class='ocrx_word' id='word_1_49' title='bbox 3517 628 3590 684; x_wconf 89' lang='lat' dir='ltr'><strong>De</strong></span> <span class='ocrx_word' id='word_1_50' title='bbox 3623 645 3722 699; x_wconf 90' lang='lat' dir='ltr'><strong>quo</strong></span> <span class='ocrx_word' id='word_1_51' title='bbox 3743 635 3848 691; x_wconf 87' lang='lat' dir='ltr'><strong>item</strong></span> 
     </span>
    </p>
   </div>
   <div class='ocr_carea' id='block_1_5' title="bbox 602 709 3850 786">
    <p class='ocr_par' dir='ltr' id='par_1_5' title="bbox 602 709 3850 786">
     <span class='ocr_line' id='line_1_5' title="bbox 602 709 3850 786; baseline 0.002 -16"><span class='ocrx_word' id='word_1_52' title='bbox 602 714 795 779; x_wconf 87' lang='lat' dir='ltr'><strong>bobus,</strong></span> <span class='ocrx_word' id='word_1_53' title='bbox 841 713 1002 769; x_wconf 88' lang='lat' dir='ltr'><strong>Patre</strong></span> <span class='ocrx_word' id='word_1_54' title='bbox 1034 712 1243 768; x_wconf 84' lang='lat' dir='ltr'><strong>scilicet</strong></span> <span class='ocrx_word' id='word_1_55' title='bbox 1270 711 1516 782; x_wconf 84' lang='lat' dir='ltr'><strong>Filioque</strong></span> <span class='ocrx_word' id='word_1_56' title='bbox 1537 715 1832 784; x_wconf 85' lang='lat' dir='ltr'><strong>procedere</strong></span> <span class='ocrx_word' id='word_1_57' title='bbox 1861 714 2193 768; x_wconf 82' lang='lat' dir='ltr'><strong>conﬁtetur:</strong></span> <span class='ocrx_word' id='word_1_58' title='bbox 2303 709 2436 764; x_wconf 89' lang='lat' dir='ltr'><strong>dicit</strong></span> <span class='ocrx_word' id='word_1_59' title='bbox 2491 709 2607 780; x_wconf 90' lang='lat' dir='ltr'><strong>ipse</strong></span> <span class='ocrx_word' id='word_1_60' title='bbox 2649 711 2816 767; x_wconf 91' lang='lat' dir='ltr'><strong>Filius</strong></span> <span class='ocrx_word' id='word_1_61' title='bbox 2848 730 2862 766; x_wconf 89' lang='lat'>:</span> <span class='ocrx_word' id='word_1_62' title='bbox 2897 713 3063 778; x_wconf 84' lang='lat' dir='ltr'><strong>Quem</strong></span> <span class='ocrx_word' id='word_1_63' title='bbox 3091 732 3182 786; x_wconf 82' lang='lat' dir='ltr'><strong>ego</strong></span> <span class='ocrx_word' id='word_1_64' title='bbox 3224 717 3435 770; x_wconf 86' lang='lat' dir='ltr'><strong>mittam</strong></span> <span class='ocrx_word' id='word_1_65' title='bbox 3477 720 3615 774; x_wconf 71' lang='lat' dir='ltr'><strong>vobis</strong></span> <span class='ocrx_word' id='word_1_66' title='bbox 3655 740 3684 776; x_wconf 90' lang='lat' dir='ltr'><strong>a</strong></span> <span class='ocrx_word' id='word_1_67' title='bbox 3720 721 3850 781; x_wconf 80' lang='lat' dir='ltr'><strong>Patre</strong></span> 
     </span>
    </p>
   </div>
   <div class='ocr_carea' id='block_1_6' title="bbox 593 799 3851 876">
    <p class='ocr_par' dir='ltr' id='par_1_6' title="bbox 593 799 3851 876">
     <span class='ocr_line' id='line_1_6' title="bbox 593 799 3851 876; baseline 0.004 -18"><span class='ocrx_word' id='word_1_68' title='bbox 593 822 711 867; x_wconf 76' lang='lat' dir='ltr'><strong>,nou</strong></span> <span class='ocrx_word' id='word_1_69' title='bbox 741 806 886 860; x_wconf 91' lang='lat' dir='ltr'><strong>enim</strong></span> <span class='ocrx_word' id='word_1_70' title='bbox 915 804 1074 859; x_wconf 80' lang='lat' dir='ltr'><strong>aliter</strong></span> <span class='ocrx_word' id='word_1_71' title='bbox 1098 812 1282 876; x_wconf 89' lang='lat' dir='ltr'><strong>posset</strong></span> <span class='ocrx_word' id='word_1_72' title='bbox 1313 804 1578 859; x_wconf 88' lang='lat' dir='ltr'><strong>ambobus</strong></span> <span class='ocrx_word' id='word_1_73' title='bbox 1606 805 1913 860; x_wconf 87' lang='lat' dir='ltr'><strong>communis</strong></span> <span class='ocrx_word' id='word_1_74' title='bbox 1939 805 2198 872; x_wconf 82' lang='lat' dir='ltr'><strong>existere,</strong></span> <span class='ocrx_word' id='word_1_75' title='bbox 2304 799 2489 860; x_wconf 75' lang='grc' dir='ltr'><strong>(Ιοαηο</strong></span> <span class='ocrx_word' id='word_1_76' title='bbox 2533 817 2621 866; x_wconf 71' lang='lat' dir='ltr'><strong>1V.</strong></span> <span class='ocrx_word' id='word_1_77' title='bbox 2647 803 2776 874; x_wconf 63' lang='lat'><strong>26);</strong></span> <span class='ocrx_word' id='word_1_78' title='bbox 2811 813 2867 858; x_wconf 78' lang='lat' dir='ltr'><strong>et</strong></span> <span class='ocrx_word' id='word_1_79' title='bbox 2891 805 2998 859; x_wconf 75' lang='lat' dir='ltr'><strong>alio</strong></span> <span class='ocrx_word' id='word_1_80' title='bbox 3036 804 3154 860; x_wconf 76' lang='lat'><strong>1000</strong></span> <span class='ocrx_word' id='word_1_81' title='bbox 3180 824 3194 860; x_wconf 73' lang='grc' dir='ltr'>ε</span> <span class='ocrx_word' id='word_1_82' title='bbox 3237 805 3411 872; x_wconf 83' lang='lat' dir='ltr'><strong>Quem</strong></span> <span class='ocrx_word' id='word_1_83' title='bbox 3464 811 3626 864; x_wconf 81' lang='lat' dir='ltr'><strong>mittet</strong></span> <span class='ocrx_word' id='word_1_84' title='bbox 3647 809 3789 868; x_wconf 84' lang='lat' dir='ltr'><strong>Pater</strong></span> <span class='ocrx_word' id='word_1_85' title='bbox 3807 817 3851 871; x_wconf 85' lang='lat' dir='ltr'><strong>in</strong></span> 
     </span>
    </p>
   </div>
   <div class='ocr_carea' id='block_1_7' title="bbox 605 893 3851 974">
    <p class='ocr_par' dir='ltr' id='par_1_7' title="bbox 605 893 3851 974">
     <span class='ocr_line' id='line_1_7' title="bbox 605 893 3851 974; baseline 0.004 -26"><span class='ocrx_word' id='word_1_86' title='bbox 605 894 706 948; x_wconf 89' lang='lat' dir='ltr'><strong>nisi</strong></span> <span class='ocrx_word' id='word_1_87' title='bbox 741 909 807 948; x_wconf 79' lang='lat' dir='ltr'><strong>ex</strong></span> <span class='ocrx_word' id='word_1_88' title='bbox 833 893 1098 947; x_wconf 83' lang='lat' dir='ltr'><strong>ambobus</strong></span> <span class='ocrx_word' id='word_1_89' title='bbox 1145 893 1507 947; x_wconf 90' lang='lat' dir='ltr'><strong>communiter</strong></span> <span class='ocrx_word' id='word_1_90' title='bbox 1536 894 1877 961; x_wconf 88' lang='lat' dir='ltr'><strong>procederet.</strong></span> <span class='ocrx_word' id='word_1_91' title='bbox 1920 894 2050 950; x_wconf 87' lang='lat' dir='ltr'><strong>Item</strong></span> <span class='ocrx_word' id='word_1_92' title='bbox 2108 911 2202 966; x_wconf 88' lang='lat' dir='ltr'><strong>po-</strong></span> <span class='ocrx_word' id='word_1_93' title='bbox 2304 895 2512 948; x_wconf 80' lang='lat' dir='ltr'><strong>nomine</strong></span> <span class='ocrx_word' id='word_1_94' title='bbox 2535 911 2647 948; x_wconf 88' lang='lat' dir='ltr'><strong>meo</strong></span> <span class='ocrx_word' id='word_1_95' title='bbox 2679 895 2863 967; x_wconf 84' lang='lat' dir='ltr'><strong>(Joan.</strong></span> <span class='ocrx_word' id='word_1_96' title='bbox 2900 912 3012 962; x_wconf 80' lang='lat' dir='ltr'><strong>xw,</strong></span> <span class='ocrx_word' id='word_1_97' title='bbox 3041 897 3157 967; x_wconf 71' lang='lat'><strong>26).</strong></span> <span class='ocrx_word' id='word_1_98' title='bbox 3189 899 3266 954; x_wconf 83' lang='lat' dir='ltr'><strong>De</strong></span> <span class='ocrx_word' id='word_1_99' title='bbox 3304 909 3537 968; x_wconf 89' lang='lat' dir='ltr'><strong>utroque</strong></span> <span class='ocrx_word' id='word_1_100' title='bbox 3563 912 3732 957; x_wconf 89' lang='lat' dir='ltr'><strong>autem</strong></span> <span class='ocrx_word' id='word_1_101' title='bbox 3751 921 3851 974; x_wconf 86' lang='lat' dir='ltr'><strong>pro-</strong></span> 
     </span>
    </p>
   </div>
   <div class='ocr_carea' id='block_1_8' title="bbox 602 980 3848 1057">
    <p class='ocr_par' dir='ltr' id='par_1_8' title="bbox 602 980 3848 1057">
     <span class='ocr_line' id='line_1_8' title="bbox 602 980 3848 1057; baseline 0.003 -19"><span class='ocrx_word' id='word_1_102' title='bbox 602 985 802 1040; x_wconf 82' lang='lat' dir='ltr'><strong>sterius</strong></span> <span class='ocrx_word' id='word_1_103' title='bbox 829 985 968 1054; x_wconf 86' lang='lat' dir='ltr'><strong>(cap.</strong></span> <span class='ocrx_word' id='word_1_104' title='bbox 1007 983 1100 1054; x_wconf 75' lang='lat'><strong>23)</strong></span> <span class='ocrx_word' id='word_1_105' title='bbox 1127 1003 1140 1037; x_wconf 91' lang='lat'>:</span> <span class='ocrx_word' id='word_1_106' title='bbox 1176 1003 1194 1034; x_wconf 72' lang='grc' dir='ltr'><strong>ι</strong></span> <span class='ocrx_word' id='word_1_107' title='bbox 1229 984 1286 1038; x_wconf 85' lang='lat' dir='ltr'><strong>in</strong></span> <span class='ocrx_word' id='word_1_108' title='bbox 1316 985 1402 1038; x_wconf 84' lang='lat' dir='ltr'><strong>illa</strong></span> <span class='ocrx_word' id='word_1_109' title='bbox 1431 1000 1641 1038; x_wconf 90' lang='lat' dir='ltr'><strong>summa</strong></span> <span class='ocrx_word' id='word_1_110' title='bbox 1671 987 1958 1046; x_wconf 86' lang='lat' dir='ltr'><strong>Trinitate.</strong></span> <span class='ocrx_word' id='word_1_111' title='bbox 1983 1003 2098 1056; x_wconf 67' lang='lat' dir='ltr'><strong>quae</strong></span> <span class='ocrx_word' id='word_1_112' title='bbox 2121 988 2202 1042; x_wconf 86' lang='lat' dir='ltr'><strong>in-</strong></span> <span class='ocrx_word' id='word_1_113' title='bbox 2303 980 2495 1037; x_wconf 81' lang='lat' dir='ltr'><strong>cedere</strong></span> <span class='ocrx_word' id='word_1_114' title='bbox 2539 983 2619 1038; x_wconf 83' lang='lat' dir='ltr'><strong>sic</strong></span> <span class='ocrx_word' id='word_1_115' title='bbox 2667 986 2915 1051; x_wconf 89' lang='lat' dir='ltr'><strong>docetur,</strong></span> <span class='ocrx_word' id='word_1_116' title='bbox 2961 986 3088 1055; x_wconf 85' lang='lat' dir='ltr'><strong>quia</strong></span> <span class='ocrx_word' id='word_1_117' title='bbox 3136 987 3252 1057; x_wconf 80' lang='lat' dir='ltr'><strong>ipse</strong></span> <span class='ocrx_word' id='word_1_118' title='bbox 3285 987 3459 1044; x_wconf 89' lang='lat' dir='ltr'><strong>Filius</strong></span> <span class='ocrx_word' id='word_1_119' title='bbox 3485 991 3599 1044; x_wconf 90' lang='lat' dir='ltr'><strong>ait:</strong></span> <span class='ocrx_word' id='word_1_120' title='bbox 3629 992 3697 1046; x_wconf 88' lang='lat' dir='ltr'><strong>De</strong></span> <span class='ocrx_word' id='word_1_121' title='bbox 3720 993 3848 1050; x_wconf 81' lang='lat' dir='ltr'><strong>Patre</strong></span> 
     </span>
    </p>
   </div>
   <div class='ocr_carea' id='block_1_9' title="bbox 601 1073 3848 1159">
    <p class='ocr_par' dir='ltr' id='par_1_9' title="bbox 601 1073 3848 1159">
     <span class='ocr_line' id='line_1_9' title="bbox 601 1073 3848 1159; baseline 0.005 -34"><span class='ocrx_word' id='word_1_122' title='bbox 601 1073 1039 1142; x_wconf 86' lang='lat' dir='ltr'><strong>comparabiliter</strong></span> <span class='ocrx_word' id='word_1_123' title='bbox 1089 1073 1250 1128; x_wconf 87' lang='lat' dir='ltr'><strong>rebus</strong></span> <span class='ocrx_word' id='word_1_124' title='bbox 1290 1075 1546 1128; x_wconf 89' lang='lat' dir='ltr'><strong>omnibus</strong></span> <span class='ocrx_word' id='word_1_125' title='bbox 1588 1076 1888 1140; x_wconf 85' lang='lat' dir='ltr'><strong>antecellit,</strong></span> <span class='ocrx_word' id='word_1_126' title='bbox 1940 1085 2086 1131; x_wconf 91' lang='lat' dir='ltr'><strong>tanta</strong></span> <span class='ocrx_word' id='word_1_127' title='bbox 2118 1087 2203 1133; x_wconf 90' lang='lat' dir='ltr'><strong>est</strong></span> <span class='ocrx_word' id='word_1_128' title='bbox 2301 1076 2565 1144; x_wconf 80' lang='lat' dir='ltr'><strong>procedit.</strong></span> <span class='ocrx_word' id='word_1_129' title='bbox 2613 1077 2681 1132; x_wconf 87' lang='lat' dir='ltr'><strong>Et</strong></span> <span class='ocrx_word' id='word_1_130' title='bbox 2724 1094 2847 1133; x_wconf 89' lang='lat' dir='ltr'><strong>eum</strong></span> <span class='ocrx_word' id='word_1_131' title='bbox 2884 1081 3274 1136; x_wconf 79' lang='lat' dir='ltr'><strong>resurrexisset</strong></span> <span class='ocrx_word' id='word_1_132' title='bbox 3301 1099 3332 1136; x_wconf 86' lang='lat' dir='ltr'><strong>a</strong></span> <span class='ocrx_word' id='word_1_133' title='bbox 3380 1086 3628 1150; x_wconf 90' lang='lat' dir='ltr'><strong>mortuis,</strong></span> <span class='ocrx_word' id='word_1_134' title='bbox 3649 1097 3700 1140; x_wconf 91' lang='lat' dir='ltr'><strong>et</strong></span> <span class='ocrx_word' id='word_1_135' title='bbox 3719 1103 3848 1159; x_wconf 84' lang='lat' dir='ltr'><strong>appa-</strong></span> 
     </span>
    </p>
   </div>
   <div class='ocr_carea' id='block_1_10' title="bbox 603 1162 3848 1246">
    <p class='ocr_par' dir='ltr' id='par_1_10' title="bbox 603 1162 3848 1246">
     <span class='ocr_line' id='line_1_10' title="bbox 603 1162 3848 1246; baseline 0.005 -30"><span class='ocrx_word' id='word_1_136' title='bbox 603 1162 1060 1232; x_wconf 87' lang='lat' dir='ltr'><strong>inseparabilitas,</strong></span> <span class='ocrx_word' id='word_1_137' title='bbox 1105 1172 1163 1218; x_wconf 94' lang='lat' dir='ltr'><strong>ut</strong></span> <span class='ocrx_word' id='word_1_138' title='bbox 1192 1179 1314 1218; x_wconf 92' lang='lat' dir='ltr'><strong>cum</strong></span> <span class='ocrx_word' id='word_1_139' title='bbox 1343 1164 1583 1219; x_wconf 87' lang='lat' dir='ltr'><strong>Trinitas</strong></span> <span class='ocrx_word' id='word_1_140' title='bbox 1618 1165 1898 1220; x_wconf 88' lang='lat' dir='ltr'><strong>homimnn</strong></span> <span class='ocrx_word' id='word_1_141' title='bbox 1938 1183 2041 1222; x_wconf 91' lang='lat' dir='ltr'><strong>non</strong></span> <span class='ocrx_word' id='word_1_142' title='bbox 2078 1183 2201 1238; x_wconf 90' lang='lat' dir='ltr'><strong>pos-</strong></span> <span class='ocrx_word' id='word_1_143' title='bbox 2301 1164 2818 1236; x_wconf 75' lang='lat' dir='ltr'><strong>fﬂisseldiscipulis.</strong></span> <span class='ocrx_word' id='word_1_144' title='bbox 2869 1169 3158 1224; x_wconf 77' lang='lat' dir='ltr'><strong>insulilavit</strong></span> <span class='ocrx_word' id='word_1_145' title='bbox 3208 1181 3264 1226; x_wconf 88' lang='lat' dir='ltr'><strong>et</strong></span> <span class='ocrx_word' id='word_1_146' title='bbox 3306 1172 3385 1226; x_wconf 83' lang='lat' dir='ltr'><strong>ait</strong></span> <span class='ocrx_word' id='word_1_147' title='bbox 3413 1191 3426 1224; x_wconf 87' lang='lat'><strong>:</strong></span> <span class='ocrx_word' id='word_1_148' title='bbox 3457 1173 3681 1244; x_wconf 79' lang='lat' dir='ltr'><strong>Accipite</strong></span> <span class='ocrx_word' id='word_1_149' title='bbox 3713 1177 3848 1246; x_wconf 87' lang='lat' dir='ltr'><strong>Spiri-</strong></span> 
     </span>
    </p>
   </div>
   <div class='ocr_carea' id='block_1_11' title="bbox 601 1254 3849 1336">
    <p class='ocr_par' dir='ltr' id='par_1_11' title="bbox 601 1254 3849 1336">
     <span class='ocr_line' id='line_1_11' title="bbox 601 1254 3849 1336; baseline 0.005 -26"><span class='ocrx_word' id='word_1_150' title='bbox 601 1255 671 1310; x_wconf 88' lang='lat' dir='ltr'><strong>sit</strong></span> <span class='ocrx_word' id='word_1_151' title='bbox 702 1254 810 1309; x_wconf 92' lang='lat' dir='ltr'><strong>dici</strong></span> <span class='ocrx_word' id='word_1_152' title='bbox 846 1271 988 1310; x_wconf 92' lang='lat' dir='ltr'><strong>unus</strong></span> <span class='ocrx_word' id='word_1_153' title='bbox 1010 1257 1200 1321; x_wconf 88' lang='lat' dir='ltr'><strong>homo;</strong></span> <span class='ocrx_word' id='word_1_154' title='bbox 1248 1257 1300 1310; x_wconf 91' lang='lat' dir='ltr'><strong>in</strong></span> <span class='ocrx_word' id='word_1_155' title='bbox 1330 1256 1417 1310; x_wconf 88' lang='lat' dir='ltr'><strong>illa</strong></span> <span class='ocrx_word' id='word_1_156' title='bbox 1454 1273 1591 1312; x_wconf 91' lang='lat' dir='ltr'><strong>unus</strong></span> <span class='ocrx_word' id='word_1_157' title='bbox 1621 1259 1760 1313; x_wconf 85' lang='lat' dir='ltr'><strong>Deus</strong></span> <span class='ocrx_word' id='word_1_158' title='bbox 1793 1268 1848 1312; x_wconf 93' lang='lat' dir='ltr'><strong>et</strong></span> <span class='ocrx_word' id='word_1_159' title='bbox 1889 1261 2122 1325; x_wconf 89' lang='lat' dir='ltr'><strong>dicatur,</strong></span> <span class='ocrx_word' id='word_1_160' title='bbox 2145 1270 2203 1316; x_wconf 89' lang='lat' dir='ltr'><strong>et</strong></span> <span class='ocrx_word' id='word_1_161' title='bbox 2302 1261 2412 1304; x_wconf 75' lang='grc' dir='ltr'>ιιιηι</span> <span class='ocrx_word' id='word_1_162' title='bbox 2435 1265 2675 1309; x_wconf 63' lang='lat' dir='ltr'><strong>sanctum</strong></span> <span class='ocrx_word' id='word_1_163' title='bbox 2703 1256 2886 1326; x_wconf 75' lang='grc' dir='ltr'><strong>(Ῑοαηο</strong></span> <span class='ocrx_word' id='word_1_164' title='bbox 2921 1275 3014 1324; x_wconf 62' lang='grc' dir='ltr'><strong>ΣΧ,</strong></span> <span class='ocrx_word' id='word_1_165' title='bbox 3036 1259 3150 1332; x_wconf 61' lang='grc'><strong>2⁵2),</strong></span> <span class='ocrx_word' id='word_1_166' title='bbox 3182 1269 3241 1314; x_wconf 79' lang='grc' dir='ltr'><strong>ιιι</strong></span> <span class='ocrx_word' id='word_1_167' title='bbox 3263 1275 3392 1314; x_wconf 71' lang='lat' dir='ltr'><strong>eum</strong></span> <span class='ocrx_word' id='word_1_168' title='bbox 3413 1263 3574 1317; x_wconf 68' lang='lat' dir='ltr'><strong>etiam</strong></span> <span class='ocrx_word' id='word_1_169' title='bbox 3594 1266 3656 1318; x_wconf 81' lang='lat' dir='ltr'><strong>(ie</strong></span> <span class='ocrx_word' id='word_1_170' title='bbox 3680 1281 3732 1319; x_wconf 80' lang='lat' dir='ltr'><strong>se</strong></span> <span class='ocrx_word' id='word_1_171' title='bbox 3753 1283 3849 1336; x_wconf 83' lang='lat' dir='ltr'><strong>pro-</strong></span> 
     </span>
    </p>
   </div>
   <div class='ocr_carea' id='block_1_12' title="bbox 600 1344 3850 1425">
    <p class='ocr_par' dir='ltr' id='par_1_12' title="bbox 600 1344 3850 1425">
     <span class='ocr_line' id='line_1_12' title="bbox 600 1344 3850 1425; baseline 0.004 -28"><span class='ocrx_word' id='word_1_172' title='bbox 600 1345 690 1406; x_wconf 77' lang='lat' dir='ltr'><strong>sit,</strong></span> <span class='ocrx_word' id='word_1_173' title='bbox 719 1361 818 1400; x_wconf 91' lang='lat' dir='ltr'><strong>nec</strong></span> <span class='ocrx_word' id='word_1_174' title='bbox 847 1346 899 1400; x_wconf 93' lang='lat' dir='ltr'><strong>in</strong></span> <span class='ocrx_word' id='word_1_175' title='bbox 926 1361 1034 1399; x_wconf 86' lang='lat' dir='ltr'><strong>uno</strong></span> <span class='ocrx_word' id='word_1_176' title='bbox 1071 1346 1177 1400; x_wconf 92' lang='lat' dir='ltr'><strong>Deo</strong></span> <span class='ocrx_word' id='word_1_177' title='bbox 1205 1346 1278 1400; x_wconf 91' lang='lat' dir='ltr'><strong>sit</strong></span> <span class='ocrx_word' id='word_1_178' title='bbox 1303 1345 1392 1400; x_wconf 84' lang='lat' dir='ltr'><strong>illa</strong></span> <span class='ocrx_word' id='word_1_179' title='bbox 1442 1345 1711 1411; x_wconf 89' lang='lat' dir='ltr'><strong>Trinitas,</strong></span> <span class='ocrx_word' id='word_1_180' title='bbox 1744 1349 1838 1403; x_wconf 89' lang='lat' dir='ltr'><strong>sed</strong></span> <span class='ocrx_word' id='word_1_181' title='bbox 1869 1365 2007 1404; x_wconf 89' lang='lat' dir='ltr'><strong>unus</strong></span> <span class='ocrx_word' id='word_1_182' title='bbox 2035 1351 2198 1405; x_wconf 90' lang='lat' dir='ltr'><strong>Deus.</strong></span> <span class='ocrx_word' id='word_1_183' title='bbox 2301 1344 2495 1399; x_wconf 81' lang='lat' dir='ltr'><strong>Cedere</strong></span> <span class='ocrx_word' id='word_1_184' title='bbox 2520 1348 2851 1402; x_wconf 84' lang='lat' dir='ltr'><strong>ostenderet.</strong></span> <span class='ocrx_word' id='word_1_185' title='bbox 2885 1349 2952 1404; x_wconf 85' lang='lat' dir='ltr'><strong>Et</strong></span> <span class='ocrx_word' id='word_1_186' title='bbox 2979 1349 3094 1420; x_wconf 88' lang='lat' dir='ltr'><strong>ipse</strong></span> <span class='ocrx_word' id='word_1_187' title='bbox 3123 1361 3208 1407; x_wconf 90' lang='lat' dir='ltr'><strong>est</strong></span> <span class='ocrx_word' id='word_1_188' title='bbox 3240 1353 3410 1406; x_wconf 74' lang='lat' dir='ltr'><strong>virtus</strong></span> <span class='ocrx_word' id='word_1_189' title='bbox 3429 1371 3546 1425; x_wconf 81' lang='lat' dir='ltr'><strong>qua:</strong></span> <span class='ocrx_word' id='word_1_190' title='bbox 3587 1356 3649 1409; x_wconf 86' lang='lat' dir='ltr'><strong>de</strong></span> <span class='ocrx_word' id='word_1_191' title='bbox 3678 1356 3756 1410; x_wconf 87' lang='lat' dir='ltr'><strong>illo</strong></span> <span class='ocrx_word' id='word_1_192' title='bbox 3781 1376 3850 1412; x_wconf 72' lang='lat' dir='ltr'><strong>rx-</strong></span> 
     </span>
    </p>
   </div>
   <div class='ocr_carea' id='block_1_13' title="bbox 598 1432 3849 1513">
    <p class='ocr_par' dir='ltr' id='par_1_13' title="bbox 598 1432 3849 1513">
     <span class='ocr_line' id='line_1_13' title="bbox 598 1432 3849 1513; baseline 0.007 -26"><span class='ocrx_word' id='word_1_193' title='bbox 598 1432 711 1488; x_wconf 73' lang='lat' dir='ltr'><strong>Nec</strong></span> <span class='ocrx_word' id='word_1_194' title='bbox 739 1450 926 1489; x_wconf 84' lang='lat' dir='ltr'><strong>rursus</strong></span> <span class='ocrx_word' id='word_1_195' title='bbox 951 1436 1408 1504; x_wconf 89' lang='lat' dir='ltr'><strong>quemadmodum</strong></span> <span class='ocrx_word' id='word_1_196' title='bbox 1438 1436 1540 1490; x_wconf 86' lang='lat' dir='ltr'><strong>ista</strong></span> <span class='ocrx_word' id='word_1_197' title='bbox 1564 1437 1742 1509; x_wconf 83' lang='lat' dir='ltr'><strong>imago</strong></span> <span class='ocrx_word' id='word_1_198' title='bbox 1764 1440 1906 1508; x_wconf 91' lang='lat' dir='ltr'><strong>quod</strong></span> <span class='ocrx_word' id='word_1_199' title='bbox 1932 1449 2014 1493; x_wconf 90' lang='lat' dir='ltr'><strong>est</strong></span> <span class='ocrx_word' id='word_1_200' title='bbox 2036 1441 2200 1495; x_wconf 91' lang='lat' dir='ltr'><strong>homo</strong></span> <span class='ocrx_word' id='word_1_201' title='bbox 2299 1433 2430 1499; x_wconf 62' lang='lat' dir='ltr'><strong>ibat.</strong></span> <span class='ocrx_word' id='word_1_202' title='bbox 2480 1435 2620 1491; x_wconf 72' lang='lat' dir='ltr'><strong>Sicut</strong></span> <span class='ocrx_word' id='word_1_203' title='bbox 2655 1437 2853 1508; x_wconf 79' lang='lat' dir='ltr'><strong>legitur</strong></span> <span class='ocrx_word' id='word_1_204' title='bbox 2897 1440 2948 1493; x_wconf 80' lang='grc' dir='ltr'><strong>Ῑη</strong></span> <span class='ocrx_word' id='word_1_205' title='bbox 2999 1441 3316 1513; x_wconf 72' lang='lat' dir='ltr'><strong>EvangeliO.</strong></span> <span class='ocrx_word' id='word_1_206' title='bbox 3361 1454 3412 1498; x_wconf 77' lang='grc' dir='ltr'><em>ετ</em></span> <span class='ocrx_word' id='word_1_207' title='bbox 3457 1446 3672 1500; x_wconf 57' lang='lat' dir='ltr'><strong>“nabat</strong></span> <span class='ocrx_word' id='word_1_208' title='bbox 3707 1464 3849 1502; x_wconf 73' lang='grc' dir='ltr'><strong>ουιηα</strong></span> 
     </span>
    </p>
   </div>
   <div class='ocr_carea' id='block_1_14' title="bbox 601 1521 3852 1597">
    <p class='ocr_par' dir='ltr' id='par_1_14' title="bbox 601 1521 3852 1597">
     <span class='ocr_line' id='line_1_14' title="bbox 601 1521 3852 1597; baseline 0.007 -29"><span class='ocrx_word' id='word_1_209' title='bbox 601 1526 808 1581; x_wconf 76' lang='lat' dir='ltr'><strong>habens</strong></span> <span class='ocrx_word' id='word_1_210' title='bbox 864 1526 952 1580; x_wconf 78' lang='lat' dir='ltr'><strong>illa</strong></span> <span class='ocrx_word' id='word_1_211' title='bbox 986 1527 1110 1592; x_wconf 61' lang='lat' dir='ltr'><strong>irin,</strong></span> <span class='ocrx_word' id='word_1_212' title='bbox 1142 1543 1249 1581; x_wconf 80' lang='lat' dir='ltr'><strong>una</strong></span> <span class='ocrx_word' id='word_1_213' title='bbox 1298 1543 1530 1597; x_wconf 75' lang='lat' dir='ltr'><strong>persona</strong></span> <span class='ocrx_word' id='word_1_214' title='bbox 1567 1538 1690 1594; x_wconf 60' lang='lat' dir='ltr'><strong>est;</strong></span> <span class='ocrx_word' id='word_1_215' title='bbox 1722 1530 1797 1583; x_wconf 70' lang='lat' dir='ltr'><strong>ila</strong></span> <span class='ocrx_word' id='word_1_216' title='bbox 1839 1539 1926 1584; x_wconf 73' lang='grc' dir='ltr'><strong>ρει</strong></span> <span class='ocrx_word' id='word_1_217' title='bbox 1954 1530 2044 1584; x_wconf 80' lang='lat' dir='ltr'><strong>illa</strong></span> <span class='ocrx_word' id='word_1_218' title='bbox 2075 1529 2196 1584; x_wconf 75' lang='lat' dir='ltr'><strong>Tri-</strong></span> <span class='ocrx_word' id='word_1_219' title='bbox 2301 1521 2453 1591; x_wconf 89' lang='lat' dir='ltr'><strong>(Luc.</strong></span> <span class='ocrx_word' id='word_1_220' title='bbox 2507 1541 2581 1590; x_wconf 75' lang='lat' dir='ltr'><strong>Vl,</strong></span> <span class='ocrx_word' id='word_1_221' title='bbox 2638 1528 2747 1596; x_wconf 67' lang='grc'><strong>19).</strong></span> <span class='ocrx_word' id='word_1_222' title='bbox 2799 1527 2931 1595; x_wconf 74' lang='grc' dir='ltr'><strong>ρυίε</strong></span> <span class='ocrx_word' id='word_1_223' title='bbox 2977 1531 3104 1586; x_wconf 88' lang='lat' dir='ltr'><strong>istic</strong></span> <span class='ocrx_word' id='word_1_224' title='bbox 3147 1535 3558 1590; x_wconf 68' lang='lat' dir='ltr'><strong>contradicendi</strong></span> <span class='ocrx_word' id='word_1_225' title='bbox 3603 1537 3852 1593; x_wconf 85' lang='lat' dir='ltr'><strong>locusest?</strong></span> 
     </span>
    </p>
   </div>
   <div class='ocr_carea' id='block_1_15' title="bbox 599 1611 3851 1698">
    <p class='ocr_par' dir='ltr' id='par_1_15' title="bbox 599 1611 3851 1698">
     <span class='ocr_line' id='line_1_15' title="bbox 599 1611 3851 1698; baseline 0.008 -41"><span class='ocrx_word' id='word_1_226' title='bbox 599 1619 789 1670; x_wconf 63' lang='lat' dir='ltr'><strong>mins;</strong></span> <span class='ocrx_word' id='word_1_227' title='bbox 831 1617 925 1671; x_wconf 73' lang='lat' dir='ltr'><strong>sed</strong></span> <span class='ocrx_word' id='word_1_228' title='bbox 962 1625 1072 1671; x_wconf 73' lang='grc' dir='ltr'>ιι-ρς</span> <span class='ocrx_word' id='word_1_229' title='bbox 1113 1633 1355 1687; x_wconf 52' lang='lat' dir='ltr'><strong>personas;</strong></span> <span class='ocrx_word' id='word_1_230' title='bbox 1402 1628 1548 1683; x_wconf 67' lang='lat' dir='ltr'><strong>sum,</strong></span> <span class='ocrx_word' id='word_1_231' title='bbox 1596 1619 1759 1674; x_wconf 64' lang='lat' dir='ltr'><strong>paler</strong></span> <span class='ocrx_word' id='word_1_232' title='bbox 1804 1619 1948 1684; x_wconf 66' lang='lat' dir='ltr'><strong>FiIii,</strong></span> <span class='ocrx_word' id='word_1_233' title='bbox 2004 1629 2059 1674; x_wconf 73' lang='grc' dir='ltr'>ει</span> <span class='ocrx_word' id='word_1_234' title='bbox 2103 1620 2198 1674; x_wconf 82' lang='lat' dir='ltr'><strong>Fi-</strong></span> <span class='ocrx_word' id='word_1_235' title='bbox 2302 1611 2616 1670; x_wconf 89' lang='lat' dir='ltr'><strong>Divinarum</strong></span> <span class='ocrx_word' id='word_1_236' title='bbox 2635 1621 2960 1675; x_wconf 88' lang='lat' dir='ltr'><strong>auctoritate</strong></span> <span class='ocrx_word' id='word_1_237' title='bbox 2982 1620 3392 1693; x_wconf 87' lang='lat' dir='ltr'><strong>Scripturarum</strong></span> <span class='ocrx_word' id='word_1_238' title='bbox 3425 1628 3716 1681; x_wconf 87' lang='lat' dir='ltr'><strong>ostenditur</strong></span> <span class='ocrx_word' id='word_1_239' title='bbox 3738 1631 3851 1698; x_wconf 87' lang='lat' dir='ltr'><strong>quod</strong></span> 
     </span>
    </p>
   </div>
   <div class='ocr_carea' id='block_1_16' title="bbox 599 1703 3850 1789">
    <p class='ocr_par' dir='ltr' id='par_1_16' title="bbox 599 1703 3850 1789">
     <span class='ocr_line' id='line_1_16' title="bbox 599 1703 3850 1789; baseline 0.004 -31"><span class='ocrx_word' id='word_1_240' title='bbox 599 1704 706 1765; x_wconf 80' lang='lat' dir='ltr'><strong>lius</strong></span> <span class='ocrx_word' id='word_1_241' title='bbox 735 1705 934 1771; x_wconf 85' lang='lat' dir='ltr'><strong>Patris,</strong></span> <span class='ocrx_word' id='word_1_242' title='bbox 971 1715 1028 1760; x_wconf 86' lang='lat' dir='ltr'><strong>et</strong></span> <span class='ocrx_word' id='word_1_243' title='bbox 1067 1705 1304 1776; x_wconf 90' lang='lat' dir='ltr'><strong>Spiritus</strong></span> <span class='ocrx_word' id='word_1_244' title='bbox 1349 1707 1529 1764; x_wconf 87' lang='lat' dir='ltr'><strong>Patris</strong></span> <span class='ocrx_word' id='word_1_245' title='bbox 1564 1717 1620 1763; x_wconf 91' lang='lat' dir='ltr'><strong>et</strong></span> <span class='ocrx_word' id='word_1_246' title='bbox 1669 1708 1812 1763; x_wconf 90' lang='lat' dir='ltr'><strong>Filii.</strong></span> <span class='ocrx_word' id='word_1_247' title='bbox 1865 1729 1884 1760; x_wconf 73' lang='grc' dir='ltr'><strong>ι</strong></span> <span class='ocrx_word' id='word_1_248' title='bbox 1935 1707 2069 1762; x_wconf 90' lang='lat' dir='ltr'><strong>Cum</strong></span> <span class='ocrx_word' id='word_1_249' title='bbox 2115 1708 2198 1762; x_wconf 84' lang='lat' dir='ltr'><strong>di-</strong></span> <span class='ocrx_word' id='word_1_250' title='bbox 2304 1703 2540 1776; x_wconf 90' lang='lat' dir='ltr'><strong>Spiritus</strong></span> <span class='ocrx_word' id='word_1_251' title='bbox 2593 1719 2815 1766; x_wconf 89' lang='lat' dir='ltr'><strong>sanctus</strong></span> <span class='ocrx_word' id='word_1_252' title='bbox 2852 1721 2907 1766; x_wconf 92' lang='lat' dir='ltr'><strong>et</strong></span> <span class='ocrx_word' id='word_1_253' title='bbox 2949 1712 3130 1770; x_wconf 83' lang='lat' dir='ltr'><strong>Patris</strong></span> <span class='ocrx_word' id='word_1_254' title='bbox 3178 1717 3251 1770; x_wconf 89' lang='lat' dir='ltr'><strong>sit</strong></span> <span class='ocrx_word' id='word_1_255' title='bbox 3301 1727 3360 1771; x_wconf 89' lang='lat' dir='ltr'><strong>et</strong></span> <span class='ocrx_word' id='word_1_256' title='bbox 3387 1717 3531 1782; x_wconf 87' lang='lat' dir='ltr'><strong>Filii,</strong></span> <span class='ocrx_word' id='word_1_257' title='bbox 3562 1727 3614 1772; x_wconf 88' lang='lat' dir='ltr'><strong>et</strong></span> <span class='ocrx_word' id='word_1_258' title='bbox 3652 1719 3776 1789; x_wconf 91' lang='lat' dir='ltr'><strong>quod</strong></span> <span class='ocrx_word' id='word_1_259' title='bbox 3798 1722 3850 1773; x_wconf 77' lang='lat' dir='ltr'><strong>ali</strong></span> 
     </span>
    </p>
   </div>
   <div class='ocr_carea' id='block_1_17' title="bbox 599 1797 3852 1879">
    <p class='ocr_par' dir='ltr' id='par_1_17' title="bbox 599 1797 3852 1879">
     <span class='ocr_line' id='line_1_17' title="bbox 599 1797 3852 1879; baseline 0.004 -27"><span class='ocrx_word' id='word_1_260' title='bbox 599 1806 689 1852; x_wconf 85' lang='lat' dir='ltr'><strong>cat</strong></span> <span class='ocrx_word' id='word_1_261' title='bbox 735 1797 954 1852; x_wconf 79' lang='lat' dir='ltr'><strong>Patrem</strong></span> <span class='ocrx_word' id='word_1_262' title='bbox 1003 1797 1124 1853; x_wconf 85' lang='lat' dir='ltr'><strong>Filii</strong></span> <span class='ocrx_word' id='word_1_263' title='bbox 1169 1813 1290 1853; x_wconf 88' lang='lat' dir='ltr'><strong>esse</strong></span> <span class='ocrx_word' id='word_1_264' title='bbox 1318 1799 1535 1854; x_wconf 89' lang='lat' dir='ltr'><strong>Patrem</strong></span> <span class='ocrx_word' id='word_1_265' title='bbox 1589 1800 1984 1865; x_wconf 87' lang='lat' dir='ltr'><strong>tantummodo,</strong></span> <span class='ocrx_word' id='word_1_266' title='bbox 2023 1808 2078 1854; x_wconf 89' lang='lat' dir='ltr'><strong>et</strong></span> <span class='ocrx_word' id='word_1_267' title='bbox 2110 1798 2196 1853; x_wconf 84' lang='lat' dir='ltr'><strong>Fi-</strong></span> <span class='ocrx_word' id='word_1_268' title='bbox 2224 1797 2268 1858; x_wconf 89' lang='grc' dir='ltr'><strong>Β</strong></span> <span class='ocrx_word' id='word_1_269' title='bbox 2301 1805 2534 1867; x_wconf 85' lang='lat' dir='ltr'><strong>utroque</strong></span> <span class='ocrx_word' id='word_1_270' title='bbox 2586 1802 2881 1870; x_wconf 88' lang='lat' dir='ltr'><strong>procedat;</strong></span> <span class='ocrx_word' id='word_1_271' title='bbox 2935 1803 2980 1857; x_wconf 80' lang='lat' dir='ltr'><strong>si</strong></span> <span class='ocrx_word' id='word_1_272' title='bbox 3013 1806 3199 1875; x_wconf 88' lang='lat' dir='ltr'><strong>negari</strong></span> <span class='ocrx_word' id='word_1_273' title='bbox 3251 1808 3623 1872; x_wconf 89' lang='lat' dir='ltr'><strong>contenditur,</strong></span> <span class='ocrx_word' id='word_1_274' title='bbox 3663 1819 3852 1879; x_wconf 77' lang='lat' dir='ltr'><strong>negetur</strong></span> 
     </span>
    </p>
   </div>
   <div class='ocr_carea' id='block_1_18' title="bbox 599 1885 3852 1960">
    <p class='ocr_par' dir='ltr' id='par_1_18' title="bbox 599 1885 3852 1960">
     <span class='ocr_line' id='line_1_18' title="bbox 599 1885 3852 1960; baseline 0.003 -18"><span class='ocrx_word' id='word_1_275' title='bbox 599 1889 730 1943; x_wconf 90' lang='lat' dir='ltr'><strong>lium</strong></span> <span class='ocrx_word' id='word_1_276' title='bbox 784 1889 961 1944; x_wconf 87' lang='lat' dir='ltr'><strong>Patris</strong></span> <span class='ocrx_word' id='word_1_277' title='bbox 1011 1906 1134 1944; x_wconf 84' lang='lat' dir='ltr'><strong>esse</strong></span> <span class='ocrx_word' id='word_1_278' title='bbox 1179 1889 1375 1944; x_wconf 89' lang='lat' dir='ltr'><strong>Filium</strong></span> <span class='ocrx_word' id='word_1_279' title='bbox 1410 1906 1424 1954; x_wconf 89' lang='lat'><strong>;</strong></span> <span class='ocrx_word' id='word_1_280' title='bbox 1464 1889 1728 1960; x_wconf 87' lang='lat' dir='ltr'><strong>Spiritum</strong></span> <span class='ocrx_word' id='word_1_281' title='bbox 1777 1905 1906 1945; x_wconf 86' lang='lat' dir='ltr'><strong>vero</strong></span> <span class='ocrx_word' id='word_1_282' title='bbox 1947 1905 2053 1944; x_wconf 87' lang='lat' dir='ltr'><strong>non</strong></span> <span class='ocrx_word' id='word_1_283' title='bbox 2095 1889 2198 1945; x_wconf 69' lang='lat' dir='ltr'><strong>Pa-</strong></span> <span class='ocrx_word' id='word_1_284' title='bbox 2299 1885 2612 1956; x_wconf 80' lang='lat' dir='ltr'><strong>Apostolus,</strong></span> <span class='ocrx_word' id='word_1_285' title='bbox 2647 1902 2877 1960; x_wconf 84' lang='lat' dir='ltr'><strong>negetur</strong></span> <span class='ocrx_word' id='word_1_286' title='bbox 2921 1903 2978 1947; x_wconf 91' lang='lat' dir='ltr'><strong>et</strong></span> <span class='ocrx_word' id='word_1_287' title='bbox 3017 1893 3187 1950; x_wconf 90' lang='lat' dir='ltr'><strong>Filius</strong></span> <span class='ocrx_word' id='word_1_288' title='bbox 3233 1897 3340 1952; x_wconf 92' lang='lat' dir='ltr'><strong>hoc</strong></span> <span class='ocrx_word' id='word_1_289' title='bbox 3381 1898 3604 1953; x_wconf 81' lang='lat' dir='ltr'><strong>dixisse.</strong></span> <span class='ocrx_word' id='word_1_290' title='bbox 3639 1897 3852 1954; x_wconf 88' lang='lat' dir='ltr'><strong>Creditur</strong></span> 
     </span>
    </p>
   </div>
   <div class='ocr_carea' id='block_1_19' title="bbox 601 1973 3848 2056">
    <p class='ocr_par' dir='ltr' id='par_1_19' title="bbox 601 1973 3848 2056">
     <span class='ocr_line' id='line_1_19' title="bbox 601 1973 3848 2056; baseline 0.005 -22"><span class='ocrx_word' id='word_1_291' title='bbox 601 1982 700 2035; x_wconf 90' lang='lat' dir='ltr'><strong>tris</strong></span> <span class='ocrx_word' id='word_1_292' title='bbox 727 1980 900 2035; x_wconf 90' lang='lat' dir='ltr'><strong>solum</strong></span> <span class='ocrx_word' id='word_1_293' title='bbox 925 1981 1009 2036; x_wconf 85' lang='lat' dir='ltr'><strong>vel</strong></span> <span class='ocrx_word' id='word_1_294' title='bbox 1037 1982 1160 2036; x_wconf 84' lang='lat' dir='ltr'><strong>Filii</strong></span> <span class='ocrx_word' id='word_1_295' title='bbox 1185 1981 1469 2052; x_wconf 88' lang='lat' dir='ltr'><strong>Spiritum,</strong></span> <span class='ocrx_word' id='word_1_296' title='bbox 1502 1983 1595 2038; x_wconf 91' lang='lat' dir='ltr'><strong>sed</strong></span> <span class='ocrx_word' id='word_1_297' title='bbox 1623 1983 1928 2045; x_wconf 85' lang='lat' dir='ltr'><strong>amborum,</strong></span> <span class='ocrx_word' id='word_1_298' title='bbox 1954 1981 2196 2054; x_wconf 80' lang='lat' dir='ltr'><strong>profecto</strong></span> <span class='ocrx_word' id='word_1_299' title='bbox 2297 1973 2436 2032; x_wconf 77' lang='lat' dir='ltr'><strong>Filio</strong></span> <span class='ocrx_word' id='word_1_300' title='bbox 2471 1978 2695 2046; x_wconf 81' lang='lat' dir='ltr'><strong>dicenti,</strong></span> <span class='ocrx_word' id='word_1_301' title='bbox 2726 1983 2851 2050; x_wconf 89' lang='lat' dir='ltr'><strong>quia</strong></span> <span class='ocrx_word' id='word_1_302' title='bbox 2884 1984 3127 2053; x_wconf 86' lang='lat' dir='ltr'><strong>procedit</strong></span> <span class='ocrx_word' id='word_1_303' title='bbox 3157 1985 3226 2041; x_wconf 89' lang='lat' dir='ltr'><strong>de</strong></span> <span class='ocrx_word' id='word_1_304' title='bbox 3251 1986 3442 2048; x_wconf 81' lang='lat' dir='ltr'><strong>Patre:</strong></span> <span class='ocrx_word' id='word_1_305' title='bbox 3483 1991 3724 2042; x_wconf 75' lang='lat' dir='ltr'><strong>credatur</strong></span> <span class='ocrx_word' id='word_1_306' title='bbox 3742 2003 3848 2056; x_wconf 86' lang='lat' dir='ltr'><strong>quo-</strong></span> 
     </span>
    </p>
   </div>
   <div class='ocr_carea' id='block_1_20' title="bbox 598 2073 3851 2144">
    <p class='ocr_par' dir='ltr' id='par_1_20' title="bbox 598 2073 3851 2144">
     <span class='ocr_line' id='line_1_20' title="bbox 598 2073 3851 2144; baseline 0.001 -17"><span class='ocrx_word' id='word_1_307' title='bbox 598 2081 851 2139; x_wconf 89' lang='lat' dir='ltr'><strong>testatur,</strong></span> <span class='ocrx_word' id='word_1_308' title='bbox 897 2074 1039 2142; x_wconf 90' lang='lat' dir='ltr'><strong>quod</strong></span> <span class='ocrx_word' id='word_1_309' title='bbox 1095 2075 1164 2128; x_wconf 87' lang='lat' dir='ltr'><strong>ab</strong></span> <span class='ocrx_word' id='word_1_310' title='bbox 1221 2082 1452 2142; x_wconf 88' lang='lat' dir='ltr'><strong>utroque</strong></span> <span class='ocrx_word' id='word_1_311' title='bbox 1501 2074 1780 2143; x_wconf 88' lang='lat' dir='ltr'><strong>procedat.</strong></span> <span class='ocrx_word' id='word_1_312' title='bbox 1838 2074 1971 2127; x_wconf 70' lang='lat' dir='ltr'><strong>Nam</strong></span> <span class='ocrx_word' id='word_1_313' title='bbox 2030 2073 2195 2128; x_wconf 87' lang='lat' dir='ltr'><strong>Pater</strong></span> <span class='ocrx_word' id='word_1_314' title='bbox 2296 2084 2401 2139; x_wconf 90' lang='lat' dir='ltr'><strong>que</strong></span> <span class='ocrx_word' id='word_1_315' title='bbox 2431 2073 2576 2140; x_wconf 83' lang='lat' dir='ltr'><strong>quod</strong></span> <span class='ocrx_word' id='word_1_316' title='bbox 2625 2073 2838 2128; x_wconf 85' lang='lat' dir='ltr'><strong>miserit</strong></span> <span class='ocrx_word' id='word_1_317' title='bbox 2863 2090 2986 2130; x_wconf 92' lang='lat' dir='ltr'><strong>eum</strong></span> <span class='ocrx_word' id='word_1_318' title='bbox 3027 2076 3096 2132; x_wconf 89' lang='lat' dir='ltr'><strong>ab</strong></span> <span class='ocrx_word' id='word_1_319' title='bbox 3134 2093 3192 2132; x_wconf 86' lang='lat' dir='ltr'><strong>se</strong></span> <span class='ocrx_word' id='word_1_320' title='bbox 3234 2093 3362 2132; x_wconf 91' lang='lat' dir='ltr'><strong>cum</strong></span> <span class='ocrx_word' id='word_1_321' title='bbox 3407 2076 3705 2144; x_wconf 72' lang='lat' dir='ltr'><strong>insoniavit,</strong></span> <span class='ocrx_word' id='word_1_322' title='bbox 3725 2087 3771 2133; x_wconf 90' lang='lat' dir='ltr'><strong>et</strong></span> <span class='ocrx_word' id='word_1_323' title='bbox 3793 2080 3851 2133; x_wconf 85' lang='lat' dir='ltr'><strong>ait</strong></span> 
     </span>
    </p>
   </div>
   <div class='ocr_carea' id='block_1_21' title="bbox 597 2163 3849 2241">
    <p class='ocr_par' dir='ltr' id='par_1_21' title="bbox 597 2163 3849 2241">
     <span class='ocr_line' id='line_1_21' title="bbox 597 2163 3849 2241; baseline 0.002 -23"><span class='ocrx_word' id='word_1_324' title='bbox 597 2165 801 2219; x_wconf 90' lang='lat' dir='ltr'><strong>idcirco</strong></span> <span class='ocrx_word' id='word_1_325' title='bbox 841 2164 964 2219; x_wconf 88' lang='lat' dir='ltr'><strong>Filii</strong></span> <span class='ocrx_word' id='word_1_326' title='bbox 1009 2164 1172 2219; x_wconf 88' lang='lat' dir='ltr'><strong>Pater</strong></span> <span class='ocrx_word' id='word_1_327' title='bbox 1220 2175 1325 2226; x_wconf 90' lang='lat' dir='ltr'><strong>est,</strong></span> <span class='ocrx_word' id='word_1_328' title='bbox 1363 2164 1510 2234; x_wconf 90' lang='lat' dir='ltr'><strong>quod</strong></span> <span class='ocrx_word' id='word_1_329' title='bbox 1541 2180 1662 2219; x_wconf 91' lang='lat' dir='ltr'><strong>eum</strong></span> <span class='ocrx_word' id='word_1_330' title='bbox 1693 2165 1914 2233; x_wconf 81' lang='lat' dir='ltr'><strong>genuit;</strong></span> <span class='ocrx_word' id='word_1_331' title='bbox 1951 2173 2005 2219; x_wconf 90' lang='lat' dir='ltr'><strong>et</strong></span> <span class='ocrx_word' id='word_1_332' title='bbox 2029 2163 2196 2222; x_wconf 87' lang='lat' dir='ltr'><strong>Filius</strong></span> <span class='ocrx_word' id='word_1_333' title='bbox 2295 2165 2614 2238; x_wconf 92' lang='lat' dir='ltr'><strong>discipulis:</strong></span> <span class='ocrx_word' id='word_1_334' title='bbox 2645 2169 2874 2240; x_wconf 81' lang='lat' dir='ltr'><strong>Accipite</strong></span> <span class='ocrx_word' id='word_1_335' title='bbox 2925 2169 3178 2241; x_wconf 82' lang='lat' dir='ltr'><strong>Spiritum</strong></span> <span class='ocrx_word' id='word_1_336' title='bbox 3223 2182 3491 2228; x_wconf 81' lang='lat' dir='ltr'><strong>sanctum.</strong></span> <span class='ocrx_word' id='word_1_337' title='bbox 3531 2172 3849 2228; x_wconf 81' lang='lat' dir='ltr'><strong>Nihilominus</strong></span> 
     </span>
    </p>
   </div>
   <div class='ocr_carea' id='block_1_22' title="bbox 597 2256 3848 2335">
    <p class='ocr_par' dir='ltr' id='par_1_22' title="bbox 597 2256 3848 2335">
     <span class='ocr_line' id='line_1_22' title="bbox 597 2256 3848 2335; baseline 0.003 -25"><span class='ocrx_word' id='word_1_338' title='bbox 597 2258 799 2312; x_wconf 88' lang='lat' dir='ltr'><strong>idcirco</strong></span> <span class='ocrx_word' id='word_1_339' title='bbox 847 2257 1025 2311; x_wconf 84' lang='lat' dir='ltr'><strong>Patris</strong></span> <span class='ocrx_word' id='word_1_340' title='bbox 1069 2267 1154 2312; x_wconf 90' lang='lat' dir='ltr'><strong>est</strong></span> <span class='ocrx_word' id='word_1_341' title='bbox 1189 2257 1376 2321; x_wconf 89' lang='lat' dir='ltr'><strong>Filius,</strong></span> <span class='ocrx_word' id='word_1_342' title='bbox 1406 2257 1552 2325; x_wconf 90' lang='lat' dir='ltr'><strong>quod</strong></span> <span class='ocrx_word' id='word_1_343' title='bbox 1592 2257 1658 2310; x_wconf 92' lang='lat' dir='ltr'><strong>ab</strong></span> <span class='ocrx_word' id='word_1_344' title='bbox 1691 2256 1781 2311; x_wconf 92' lang='lat' dir='ltr'><strong>illo</strong></span> <span class='ocrx_word' id='word_1_345' title='bbox 1822 2257 1893 2310; x_wconf 89' lang='lat' dir='ltr'><strong>sit</strong></span> <span class='ocrx_word' id='word_1_346' title='bbox 1923 2257 2142 2326; x_wconf 90' lang='lat' dir='ltr'><strong>genitus</strong></span> <span class='ocrx_word' id='word_1_347' title='bbox 2177 2272 2193 2312; x_wconf 91' lang='lat'><strong>:</strong></span> <span class='ocrx_word' id='word_1_348' title='bbox 2297 2275 2514 2330; x_wconf 89' lang='lat' dir='ltr'><strong>quoque</strong></span> <span class='ocrx_word' id='word_1_349' title='bbox 2542 2263 2738 2328; x_wconf 86' lang='lat' dir='ltr'><strong>virtus,</strong></span> <span class='ocrx_word' id='word_1_350' title='bbox 2768 2280 2888 2335; x_wconf 60' lang='lat' dir='ltr'><strong>quae</strong></span> <span class='ocrx_word' id='word_1_351' title='bbox 2937 2267 3168 2322; x_wconf 89' lang='lat' dir='ltr'><strong>sanabat</strong></span> <span class='ocrx_word' id='word_1_352' title='bbox 3212 2283 3431 2334; x_wconf 92' lang='lat' dir='ltr'><strong>omnes,</strong></span> <span class='ocrx_word' id='word_1_353' title='bbox 3458 2268 3642 2322; x_wconf 77' lang='lat' dir='ltr'><strong>exiens</strong></span> <span class='ocrx_word' id='word_1_354' title='bbox 3661 2268 3721 2322; x_wconf 89' lang='lat' dir='ltr'><strong>de</strong></span> <span class='ocrx_word' id='word_1_355' title='bbox 3749 2265 3848 2321; x_wconf 79' lang='lat' dir='ltr'><strong>Jesu</strong></span> 
     </span>
    </p>
   </div>
   <div class='ocr_carea' id='block_1_23' title="bbox 597 2347 3844 2427">
    <p class='ocr_par' dir='ltr' id='par_1_23' title="bbox 597 2347 3844 2427">
     <span class='ocr_line' id='line_1_23' title="bbox 597 2347 3844 2427; baseline 0.002 -25"><span class='ocrx_word' id='word_1_356' title='bbox 597 2359 998 2420; x_wconf 87' lang='lat' dir='ltr'><strong>consequenter</strong></span> <span class='ocrx_word' id='word_1_357' title='bbox 1039 2348 1208 2419; x_wconf 80' lang='lat' dir='ltr'><strong>igitur</strong></span> <span class='ocrx_word' id='word_1_358' title='bbox 1240 2348 1479 2417; x_wconf 88' lang='lat' dir='ltr'><strong>Spiritus</strong></span> <span class='ocrx_word' id='word_1_359' title='bbox 1506 2347 1686 2402; x_wconf 87' lang='lat' dir='ltr'><strong>Patris</strong></span> <span class='ocrx_word' id='word_1_360' title='bbox 1720 2357 1776 2402; x_wconf 86' lang='lat' dir='ltr'><strong>et</strong></span> <span class='ocrx_word' id='word_1_361' title='bbox 1809 2348 1930 2402; x_wconf 87' lang='lat' dir='ltr'><strong>Filii</strong></span> <span class='ocrx_word' id='word_1_362' title='bbox 1960 2348 2197 2418; x_wconf 88' lang='lat' dir='ltr'><strong>Spiritus</strong></span> <span class='ocrx_word' id='word_1_363' title='bbox 2297 2347 2561 2421; x_wconf 89' lang='lat' dir='ltr'><strong>Spiritum</strong></span> <span class='ocrx_word' id='word_1_364' title='bbox 2615 2363 2862 2409; x_wconf 88' lang='lat' dir='ltr'><strong>sanetum</strong></span> <span class='ocrx_word' id='word_1_365' title='bbox 2909 2371 2938 2410; x_wconf 90' lang='lat' dir='ltr'><strong>a</strong></span> <span class='ocrx_word' id='word_1_366' title='bbox 2995 2356 3136 2412; x_wconf 84' lang='lat' dir='ltr'><strong>Filio</strong></span> <span class='ocrx_word' id='word_1_367' title='bbox 3191 2359 3494 2427; x_wconf 86' lang='lat' dir='ltr'><strong>procedere</strong></span> <span class='ocrx_word' id='word_1_368' title='bbox 3543 2357 3844 2414; x_wconf 77' lang='lat' dir='ltr'><strong>testiﬁcatur.</strong></span> 
     </span>
    </p>
   </div>
   <div class='ocr_carea' id='block_1_24' title="bbox 597 2437 3844 2518">
    <p class='ocr_par' dir='ltr' id='par_1_24' title="bbox 597 2437 3844 2518">
     <span class='ocr_line' id='line_1_24' title="bbox 597 2437 3844 2518; baseline 0.002 -25"><span class='ocrx_word' id='word_1_369' title='bbox 597 2439 819 2503; x_wconf 90' lang='lat' dir='ltr'><strong>dicitur,</strong></span> <span class='ocrx_word' id='word_1_370' title='bbox 861 2440 1006 2509; x_wconf 90' lang='lat' dir='ltr'><strong>quod</strong></span> <span class='ocrx_word' id='word_1_371' title='bbox 1057 2439 1318 2508; x_wconf 86' lang='lat' dir='ltr'><strong>procedat</strong></span> <span class='ocrx_word' id='word_1_372' title='bbox 1342 2447 1397 2494; x_wconf 88' lang='lat' dir='ltr'><strong>et</strong></span> <span class='ocrx_word' id='word_1_373' title='bbox 1439 2455 1470 2493; x_wconf 91' lang='lat' dir='ltr'><strong>a</strong></span> <span class='ocrx_word' id='word_1_374' title='bbox 1503 2438 1663 2493; x_wconf 86' lang='lat' dir='ltr'><strong>Patre</strong></span> <span class='ocrx_word' id='word_1_375' title='bbox 1687 2447 1742 2493; x_wconf 89' lang='lat' dir='ltr'><strong>et</strong></span> <span class='ocrx_word' id='word_1_376' title='bbox 1771 2437 1977 2492; x_wconf 88' lang='lat' dir='ltr'><strong>aFilio.</strong></span> <span class='ocrx_word' id='word_1_377' title='bbox 2006 2438 2062 2492; x_wconf 88' lang='lat' dir='ltr'><strong>In</strong></span> <span class='ocrx_word' id='word_1_378' title='bbox 2095 2439 2196 2492; x_wconf 89' lang='lat' dir='ltr'><strong>hac</strong></span> <span class='ocrx_word' id='word_1_379' title='bbox 2296 2441 2589 2498; x_wconf 86' lang='lat' dir='ltr'><strong>Evidenter</strong></span> <span class='ocrx_word' id='word_1_380' title='bbox 2621 2445 2786 2515; x_wconf 82' lang='lat' dir='ltr'><strong>igitur</strong></span> <span class='ocrx_word' id='word_1_381' title='bbox 2823 2448 3132 2502; x_wconf 88' lang='lat' dir='ltr'><strong>ostenditur</strong></span> <span class='ocrx_word' id='word_1_382' title='bbox 3174 2447 3416 2518; x_wconf 83' lang='lat' dir='ltr'><strong>Spiritus</strong></span> <span class='ocrx_word' id='word_1_383' title='bbox 3453 2457 3665 2504; x_wconf 79' lang='lat' dir='ltr'><strong>sanctus</strong></span> <span class='ocrx_word' id='word_1_384' title='bbox 3689 2463 3844 2518; x_wconf 76' lang='lat' dir='ltr'><strong>proce-</strong></span> 
     </span>
    </p>
   </div>
   <div class='ocr_carea' id='block_1_25' title="bbox 596 2529 3847 2612">
    <p class='ocr_par' dir='ltr' id='par_1_25' title="bbox 596 2529 3847 2612">
     <span class='ocr_line' id='line_1_25' title="bbox 596 2529 3847 2612; baseline 0.003 -28"><span class='ocrx_word' id='word_1_385' title='bbox 596 2541 777 2585; x_wconf 90' lang='lat' dir='ltr'><strong>autem</strong></span> <span class='ocrx_word' id='word_1_386' title='bbox 810 2530 1080 2586; x_wconf 87' lang='lat' dir='ltr'><strong>Trinitate</strong></span> <span class='ocrx_word' id='word_1_387' title='bbox 1134 2540 1340 2586; x_wconf 79' lang='lat' dir='ltr'><strong>laniant</strong></span> <span class='ocrx_word' id='word_1_388' title='bbox 1371 2532 1531 2587; x_wconf 87' lang='lat' dir='ltr'><strong>docet</strong></span> <span class='ocrx_word' id='word_1_389' title='bbox 1575 2529 2114 2600; x_wconf 86' lang='lat' dir='ltr'><strong>inseparabilitatem,</strong></span> <span class='ocrx_word' id='word_1_390' title='bbox 2139 2538 2197 2584; x_wconf 90' lang='lat' dir='ltr'><strong>ut</strong></span> <span class='ocrx_word' id='word_1_391' title='bbox 2297 2535 2424 2590; x_wconf 90' lang='lat' dir='ltr'><strong>dere</strong></span> <span class='ocrx_word' id='word_1_392' title='bbox 2465 2545 2572 2590; x_wconf 90' lang='lat' dir='ltr'><strong>tam</strong></span> <span class='ocrx_word' id='word_1_393' title='bbox 2615 2553 2646 2590; x_wconf 92' lang='lat' dir='ltr'><strong>a</strong></span> <span class='ocrx_word' id='word_1_394' title='bbox 2677 2537 2839 2593; x_wconf 91' lang='lat' dir='ltr'><strong>Patre</strong></span> <span class='ocrx_word' id='word_1_395' title='bbox 2877 2555 3040 2609; x_wconf 88' lang='lat' dir='ltr'><strong>quam</strong></span> <span class='ocrx_word' id='word_1_396' title='bbox 3070 2556 3100 2594; x_wconf 91' lang='lat' dir='ltr'><strong>a</strong></span> <span class='ocrx_word' id='word_1_397' title='bbox 3142 2537 3299 2606; x_wconf 90' lang='lat' dir='ltr'><strong>Filio,</strong></span> <span class='ocrx_word' id='word_1_398' title='bbox 3339 2557 3645 2612; x_wconf 84' lang='lat' dir='ltr'><strong>quanquam</strong></span> <span class='ocrx_word' id='word_1_399' title='bbox 3667 2549 3717 2594; x_wconf 84' lang='lat' dir='ltr'><strong>et</strong></span> <span class='ocrx_word' id='word_1_400' title='bbox 3746 2537 3847 2593; x_wconf 81' lang='lat' dir='ltr'><strong>illud</strong></span> 
     </span>
    </p>
   </div>
   <div class='ocr_carea' id='block_1_26' title="bbox 597 2627 3848 2702">
    <p class='ocr_par' dir='ltr' id='par_1_26' title="bbox 597 2627 3848 2702">
     <span class='ocr_line' id='line_1_26' title="bbox 597 2627 3848 2702; baseline 0.001 -22"><span class='ocrx_word' id='word_1_401' title='bbox 597 2642 720 2681; x_wconf 91' lang='lat' dir='ltr'><strong>cum</strong></span> <span class='ocrx_word' id='word_1_402' title='bbox 764 2627 981 2681; x_wconf 87' lang='lat' dir='ltr'><strong>trinitas</strong></span> <span class='ocrx_word' id='word_1_403' title='bbox 1027 2627 1305 2681; x_wconf 84' lang='lat' dir='ltr'><strong>hominum</strong></span> <span class='ocrx_word' id='word_1_404' title='bbox 1342 2643 1450 2682; x_wconf 90' lang='lat' dir='ltr'><strong>non</strong></span> <span class='ocrx_word' id='word_1_405' title='bbox 1497 2627 1670 2697; x_wconf 86' lang='lat' dir='ltr'><strong>possit</strong></span> <span class='ocrx_word' id='word_1_406' title='bbox 1717 2627 1823 2682; x_wconf 91' lang='lat' dir='ltr'><strong>dici</strong></span> <span class='ocrx_word' id='word_1_407' title='bbox 1859 2642 1996 2681; x_wconf 90' lang='lat' dir='ltr'><strong>unus</strong></span> <span class='ocrx_word' id='word_1_408' title='bbox 2034 2628 2196 2682; x_wconf 92' lang='lat' dir='ltr'><strong>homo</strong></span> <span class='ocrx_word' id='word_1_409' title='bbox 2295 2628 2766 2684; x_wconf 72' lang='lat' dir='ltr'><strong>evidentissimum</strong></span> <span class='ocrx_word' id='word_1_410' title='bbox 2822 2632 2893 2685; x_wconf 89' lang='lat' dir='ltr'><strong>sit</strong></span> <span class='ocrx_word' id='word_1_411' title='bbox 2947 2634 3312 2702; x_wconf 77' lang='lat' dir='ltr'><strong>processionis</strong></span> <span class='ocrx_word' id='word_1_412' title='bbox 3364 2634 3509 2688; x_wconf 88' lang='lat' dir='ltr'><strong>illius</strong></span> <span class='ocrx_word' id='word_1_413' title='bbox 3553 2635 3618 2688; x_wconf 87' lang='lat' dir='ltr'><strong>ah</strong></span> <span class='ocrx_word' id='word_1_414' title='bbox 3657 2642 3848 2700; x_wconf 78' lang='lat' dir='ltr'><strong>utroque</strong></span> 
     </span>
    </p>
   </div>
   <div class='ocr_carea' id='block_1_27' title="bbox 597 2710 3846 2794">
    <p class='ocr_par' dir='ltr' id='par_1_27' title="bbox 597 2710 3846 2794">
     <span class='ocr_line' id='line_1_27' title="bbox 597 2710 3846 2794; baseline 0 -22"><span class='ocrx_word' id='word_1_415' title='bbox 597 2718 837 2788; x_wconf 82' lang='lat' dir='ltr'><strong>(constat</strong></span> <span class='ocrx_word' id='word_1_416' title='bbox 869 2719 1014 2772; x_wconf 90' lang='lat' dir='ltr'><strong>enim</strong></span> <span class='ocrx_word' id='word_1_417' title='bbox 1059 2718 1113 2772; x_wconf 92' lang='lat' dir='ltr'><strong>in</strong></span> <span class='ocrx_word' id='word_1_418' title='bbox 1163 2719 1340 2773; x_wconf 91' lang='lat' dir='ltr'><strong>tribus</strong></span> <span class='ocrx_word' id='word_1_419' title='bbox 1371 2719 1704 2779; x_wconf 92' lang='lat' dir='ltr'><strong>hominibus,</strong></span> <span class='ocrx_word' id='word_1_420' title='bbox 1731 2719 2193 2788; x_wconf 87' lang='lat' dir='ltr'><strong>quemadmodum</strong></span> <span class='ocrx_word' id='word_1_421' title='bbox 2297 2719 2690 2782; x_wconf 88' lang='lat' dir='ltr'><strong>testimonium,</strong></span> <span class='ocrx_word' id='word_1_422' title='bbox 2723 2721 2867 2791; x_wconf 89' lang='lat' dir='ltr'><strong>quod</strong></span> <span class='ocrx_word' id='word_1_423' title='bbox 2897 2722 3096 2776; x_wconf 91' lang='lat' dir='ltr'><strong>dicitur</strong></span> <span class='ocrx_word' id='word_1_424' title='bbox 3129 2710 3250 2778; x_wconf 86' lang='lat' dir='ltr'><strong>esse</strong></span> <span class='ocrx_word' id='word_1_425' title='bbox 3289 2723 3528 2794; x_wconf 90' lang='lat' dir='ltr'><strong>Spiritus</strong></span> <span class='ocrx_word' id='word_1_426' title='bbox 3553 2731 3608 2778; x_wconf 89' lang='lat' dir='ltr'><strong>et</strong></span> <span class='ocrx_word' id='word_1_427' title='bbox 3626 2721 3784 2776; x_wconf 85' lang='lat' dir='ltr'><strong>Patris</strong></span> <span class='ocrx_word' id='word_1_428' title='bbox 3803 2730 3846 2773; x_wconf 87' lang='lat' dir='ltr'><strong>et</strong></span> 
     </span>
    </p>
   </div>
   <div class='ocr_carea' id='block_1_28' title="bbox 595 2809 3842 2886">
    <p class='ocr_par' dir='ltr' id='par_1_28' title="bbox 595 2809 3842 2886">
     <span class='ocr_line' id='line_1_28' title="bbox 595 2809 3842 2886; baseline 0.001 -22"><span class='ocrx_word' id='word_1_429' title='bbox 595 2809 837 2865; x_wconf 84' lang='lat' dir='ltr'><strong>Trinitas</strong></span> <span class='ocrx_word' id='word_1_430' title='bbox 873 2826 1162 2880; x_wconf 84' lang='lat' dir='ltr'><strong>corporum</strong></span> <span class='ocrx_word' id='word_1_431' title='bbox 1193 2810 1245 2864; x_wconf 93' lang='lat' dir='ltr'><strong>in</strong></span> <span class='ocrx_word' id='word_1_432' title='bbox 1283 2810 1458 2865; x_wconf 88' lang='lat' dir='ltr'><strong>tribus</strong></span> <span class='ocrx_word' id='word_1_433' title='bbox 1493 2809 1832 2878; x_wconf 84' lang='lat' dir='ltr'><strong>corporibus,</strong></span> <span class='ocrx_word' id='word_1_434' title='bbox 1866 2825 1930 2864; x_wconf 93' lang='lat' dir='ltr'><strong>ac</strong></span> <span class='ocrx_word' id='word_1_435' title='bbox 1964 2824 2063 2880; x_wconf 90' lang='lat' dir='ltr'><strong>per</strong></span> <span class='ocrx_word' id='word_1_436' title='bbox 2091 2809 2196 2864; x_wconf 87' lang='lat' dir='ltr'><strong>hoc</strong></span> <span class='ocrx_word' id='word_1_437' title='bbox 2295 2810 2452 2875; x_wconf 91' lang='lat' dir='ltr'><strong>Filii;</strong></span> <span class='ocrx_word' id='word_1_438' title='bbox 2489 2821 2572 2868; x_wconf 88' lang='lat' dir='ltr'><strong>est</strong></span> <span class='ocrx_word' id='word_1_439' title='bbox 2618 2814 2763 2868; x_wconf 92' lang='lat' dir='ltr'><strong>enim</strong></span> <span class='ocrx_word' id='word_1_440' title='bbox 2797 2813 3033 2882; x_wconf 90' lang='lat' dir='ltr'><strong>Spiritus</strong></span> <span class='ocrx_word' id='word_1_441' title='bbox 3064 2818 3349 2872; x_wconf 84' lang='lat' dir='ltr'><strong>amborum</strong></span> <span class='ocrx_word' id='word_1_442' title='bbox 3382 2837 3394 2870; x_wconf 87' lang='lat'>:</span> <span class='ocrx_word' id='word_1_443' title='bbox 3440 2833 3542 2872; x_wconf 88' lang='lat' dir='ltr'><strong>non</strong></span> <span class='ocrx_word' id='word_1_444' title='bbox 3580 2816 3697 2886; x_wconf 83' lang='lat' dir='ltr'><strong>quia</strong></span> <span class='ocrx_word' id='word_1_445' title='bbox 3722 2827 3842 2868; x_wconf 85' lang='lat' dir='ltr'><strong>crea-</strong></span> 
     </span>
    </p>
   </div>
   <div class='ocr_carea' id='block_1_29' title="bbox 596 2899 3844 2978">
    <p class='ocr_par' dir='ltr' id='par_1_29' title="bbox 596 2899 3844 2978">
     <span class='ocr_line' id='line_1_29' title="bbox 596 2899 3844 2978; baseline 0.001 -24"><span class='ocrx_word' id='word_1_446' title='bbox 596 2916 742 2955; x_wconf 90' lang='lat' dir='ltr'><strong>unus</strong></span> <span class='ocrx_word' id='word_1_447' title='bbox 769 2901 930 2955; x_wconf 91' lang='lat' dir='ltr'><strong>homo</strong></span> <span class='ocrx_word' id='word_1_448' title='bbox 960 2901 1201 2956; x_wconf 88' lang='lat' dir='ltr'><strong>Trinitas</strong></span> <span class='ocrx_word' id='word_1_449' title='bbox 1251 2917 1358 2955; x_wconf 89' lang='lat' dir='ltr'><strong>non</strong></span> <span class='ocrx_word' id='word_1_450' title='bbox 1407 2909 1588 2971; x_wconf 86' lang='lat' dir='ltr'><strong>potest</strong></span> <span class='ocrx_word' id='word_1_451' title='bbox 1609 2899 1712 2955; x_wconf 91' lang='lat' dir='ltr'><strong>dici</strong></span> <span class='ocrx_word' id='word_1_452' title='bbox 1748 2905 1873 2954; x_wconf 69' lang='lat' dir='ltr'><strong>:‘bst</strong></span> <span class='ocrx_word' id='word_1_453' title='bbox 1903 2902 2046 2955; x_wconf 91' lang='lat' dir='ltr'><strong>enim</strong></span> <span class='ocrx_word' id='word_1_454' title='bbox 2075 2902 2193 2956; x_wconf 86' lang='lat' dir='ltr'><strong>sin-</strong></span> <span class='ocrx_word' id='word_1_455' title='bbox 2296 2910 2386 2957; x_wconf 92' lang='lat' dir='ltr'><strong>tus</strong></span> <span class='ocrx_word' id='word_1_456' title='bbox 2410 2918 2508 2972; x_wconf 90' lang='lat' dir='ltr'><strong>per</strong></span> <span class='ocrx_word' id='word_1_457' title='bbox 2549 2903 2744 2958; x_wconf 91' lang='lat' dir='ltr'><strong>Filium</strong></span> <span class='ocrx_word' id='word_1_458' title='bbox 2776 2919 2806 2959; x_wconf 92' lang='lat' dir='ltr'><strong>a</strong></span> <span class='ocrx_word' id='word_1_459' title='bbox 2839 2903 3021 2970; x_wconf 87' lang='lat' dir='ltr'><strong>Patre,</strong></span> <span class='ocrx_word' id='word_1_460' title='bbox 3053 2908 3196 2978; x_wconf 90' lang='lat' dir='ltr'><strong>quod</strong></span> <span class='ocrx_word' id='word_1_461' title='bbox 3217 2917 3305 2962; x_wconf 86' lang='lat' dir='ltr'><strong>est</strong></span> <span class='ocrx_word' id='word_1_462' title='bbox 3352 2908 3599 2978; x_wconf 88' lang='lat' dir='ltr'><strong>impium,</strong></span> <span class='ocrx_word' id='word_1_463' title='bbox 3621 2904 3707 2961; x_wconf 87' lang='lat' dir='ltr'><strong>sed</strong></span> <span class='ocrx_word' id='word_1_464' title='bbox 3732 2901 3844 2973; x_wconf 89' lang='lat' dir='ltr'><strong>quod</strong></span> 
     </span>
    </p>
   </div>
   <div class='ocr_carea' id='block_1_30' title="bbox 597 2992 3847 3070">
    <p class='ocr_par' dir='ltr' id='par_1_30' title="bbox 597 2992 3847 3070">
     <span class='ocr_line' id='line_1_30' title="bbox 597 2992 3847 3070; baseline 0 -26"><span class='ocrx_word' id='word_1_465' title='bbox 597 2993 783 3062; x_wconf 82' lang='lat' dir='ltr'><strong>gulare</strong></span> <span class='ocrx_word' id='word_1_466' title='bbox 837 2993 1126 3048; x_wconf 85' lang='lat' dir='ltr'><strong>insecabile</strong></span> <span class='ocrx_word' id='word_1_467' title='bbox 1169 2994 1329 3048; x_wconf 90' lang='lat' dir='ltr'><strong>unius</strong></span> <span class='ocrx_word' id='word_1_468' title='bbox 1359 2992 1616 3064; x_wconf 89' lang='lat' dir='ltr'><strong>numeri).</strong></span> <span class='ocrx_word' id='word_1_469' title='bbox 1661 2992 1730 3046; x_wconf 80' lang='lat' dir='ltr'><strong>At</strong></span> <span class='ocrx_word' id='word_1_470' title='bbox 1784 2993 1837 3046; x_wconf 93' lang='lat' dir='ltr'><strong>in</strong></span> <span class='ocrx_word' id='word_1_471' title='bbox 1867 2993 1955 3046; x_wconf 87' lang='lat' dir='ltr'><strong>illa</strong></span> <span class='ocrx_word' id='word_1_472' title='bbox 1979 3009 2194 3048; x_wconf 87' lang='lat' dir='ltr'><strong>summa</strong></span> <span class='ocrx_word' id='word_1_473' title='bbox 2296 2993 2728 3050; x_wconf 87' lang='lat' dir='ltr'><strong>substantialiter</strong></span> <span class='ocrx_word' id='word_1_474' title='bbox 2781 2997 3044 3066; x_wconf 86' lang='lat' dir='ltr'><strong>procedat</strong></span> <span class='ocrx_word' id='word_1_475' title='bbox 3095 2998 3164 3053; x_wconf 93' lang='lat' dir='ltr'><strong>ab</strong></span> <span class='ocrx_word' id='word_1_476' title='bbox 3204 3008 3461 3070; x_wconf 88' lang='lat' dir='ltr'><strong>utroque.</strong></span> <span class='ocrx_word' id='word_1_477' title='bbox 3519 2997 3626 3052; x_wconf 86' lang='lat' dir='ltr'><strong>Nec</strong></span> <span class='ocrx_word' id='word_1_478' title='bbox 3669 2993 3847 3066; x_wconf 83' lang='lat' dir='ltr'><strong>quando</strong></span> 
     </span>
    </p>
   </div>
   <div class='ocr_carea' id='block_1_31' title="bbox 599 3085 3845 3159">
    <p class='ocr_par' dir='ltr' id='par_1_31' title="bbox 599 3085 3845 3159">
     <span class='ocr_line' id='line_1_31' title="bbox 599 3085 3845 3159; baseline 0 -21"><span class='ocrx_word' id='word_1_479' title='bbox 599 3085 868 3142; x_wconf 89' lang='lat' dir='ltr'><strong>Trinitate</strong></span> <span class='ocrx_word' id='word_1_480' title='bbox 893 3095 948 3140; x_wconf 86' lang='lat' dir='ltr'><strong>et</strong></span> <span class='ocrx_word' id='word_1_481' title='bbox 977 3087 1216 3141; x_wconf 86' lang='lat' dir='ltr'><strong>Trinitas</strong></span> <span class='ocrx_word' id='word_1_482' title='bbox 1246 3087 1445 3141; x_wconf 88' lang='lat' dir='ltr'><strong>dicitur</strong></span> <span class='ocrx_word' id='word_1_483' title='bbox 1474 3088 1614 3141; x_wconf 87' lang='lat' dir='ltr'><strong>Deus</strong></span> <span class='ocrx_word' id='word_1_484' title='bbox 1648 3095 1705 3141; x_wconf 87' lang='lat' dir='ltr'><strong>et</strong></span> <span class='ocrx_word' id='word_1_485' title='bbox 1744 3103 1883 3142; x_wconf 90' lang='lat' dir='ltr'><strong>unus</strong></span> <span class='ocrx_word' id='word_1_486' title='bbox 1905 3088 2066 3151; x_wconf 90' lang='lat' dir='ltr'><strong>Deus,</strong></span> <span class='ocrx_word' id='word_1_487' title='bbox 2095 3101 2197 3142; x_wconf 90' lang='lat' dir='ltr'><strong>nec</strong></span> <span class='ocrx_word' id='word_1_488' title='bbox 2295 3085 2628 3154; x_wconf 90' lang='lat' dir='ltr'><strong>processerit</strong></span> <span class='ocrx_word' id='word_1_489' title='bbox 2652 3085 2736 3138; x_wconf 86' lang='lat' dir='ltr'><strong>vel</strong></span> <span class='ocrx_word' id='word_1_490' title='bbox 2763 3087 2827 3142; x_wconf 87' lang='lat' dir='ltr'><strong>de</strong></span> <span class='ocrx_word' id='word_1_491' title='bbox 2849 3085 3011 3143; x_wconf 86' lang='lat' dir='ltr'><strong>Patre</strong></span> <span class='ocrx_word' id='word_1_492' title='bbox 3035 3089 3121 3143; x_wconf 90' lang='lat' dir='ltr'><strong>vel</strong></span> <span class='ocrx_word' id='word_1_493' title='bbox 3143 3090 3208 3143; x_wconf 92' lang='lat' dir='ltr'><strong>de</strong></span> <span class='ocrx_word' id='word_1_494' title='bbox 3232 3089 3508 3157; x_wconf 84' lang='lat' dir='ltr'><strong>Filio,&#39;vel</strong></span> <span class='ocrx_word' id='word_1_495' title='bbox 3534 3089 3576 3144; x_wconf 92' lang='lat' dir='ltr'><strong>si</strong></span> <span class='ocrx_word' id='word_1_496' title='bbox 3607 3095 3845 3159; x_wconf 88' lang='lat' dir='ltr'><strong>postquam</strong></span> 
     </span>
    </p>
   </div>
   <div class='ocr_carea' id='block_1_32' title="bbox 599 3167 3845 3254">
    <p class='ocr_par' dir='ltr' id='par_1_32' title="bbox 599 3167 3845 3254">
     <span class='ocr_line' id='line_1_32' title="bbox 599 3167 3845 3254; baseline 0 -23"><span class='ocrx_word' id='word_1_497' title='bbox 599 3189 783 3233; x_wconf 89' lang='lat' dir='ltr'><strong>tamen</strong></span> <span class='ocrx_word' id='word_1_498' title='bbox 831 3186 890 3232; x_wconf 92' lang='lat' dir='ltr'><strong>nt</strong></span> <span class='ocrx_word' id='word_1_499' title='bbox 933 3179 988 3232; x_wconf 90' lang='lat' dir='ltr'><strong>in</strong></span> <span class='ocrx_word' id='word_1_500' title='bbox 1021 3194 1127 3232; x_wconf 92' lang='lat' dir='ltr'><strong>uno</strong></span> <span class='ocrx_word' id='word_1_501' title='bbox 1156 3179 1264 3233; x_wconf 87' lang='lat' dir='ltr'><strong>Deo</strong></span> <span class='ocrx_word' id='word_1_502' title='bbox 1303 3179 1375 3233; x_wconf 91' lang='lat' dir='ltr'><strong>sit</strong></span> <span class='ocrx_word' id='word_1_503' title='bbox 1430 3178 1518 3232; x_wconf 90' lang='lat' dir='ltr'><strong>illa</strong></span> <span class='ocrx_word' id='word_1_504' title='bbox 1560 3178 1821 3242; x_wconf 86' lang='lat' dir='ltr'><strong>Trinitas,</strong></span> <span class='ocrx_word' id='word_1_505' title='bbox 1853 3179 2108 3234; x_wconf 82' lang='lat' dir='ltr'><strong>videlicet</strong></span> <span class='ocrx_word' id='word_1_506' title='bbox 2132 3187 2192 3236; x_wconf 91' lang='lat' dir='ltr'><strong>ut</strong></span> <span class='ocrx_word' id='word_1_507' title='bbox 2217 3167 2263 3229; x_wconf 91' lang='lat' dir='ltr'><strong>C</strong></span> <span class='ocrx_word' id='word_1_508' title='bbox 2294 3176 2510 3247; x_wconf 85' lang='lat' dir='ltr'><strong>genitus</strong></span> <span class='ocrx_word' id='word_1_509' title='bbox 2539 3185 2625 3232; x_wconf 91' lang='lat' dir='ltr'><strong>est</strong></span> <span class='ocrx_word' id='word_1_510' title='bbox 2675 3177 2871 3245; x_wconf 87' lang='lat' dir='ltr'><strong>Filius,</strong></span> <span class='ocrx_word' id='word_1_511' title='bbox 2901 3182 3234 3250; x_wconf 81' lang='lat' dir='ltr'><strong>processerit</strong></span> <span class='ocrx_word' id='word_1_512' title='bbox 3279 3183 3354 3237; x_wconf 87' lang='lat' dir='ltr'><strong>ab</strong></span> <span class='ocrx_word' id='word_1_513' title='bbox 3398 3193 3624 3254; x_wconf 86' lang='lat' dir='ltr'><strong>utroque</strong></span> <span class='ocrx_word' id='word_1_514' title='bbox 3653 3178 3845 3250; x_wconf 83' lang='lat' dir='ltr'><strong>Spiritus</strong></span> 
     </span>
    </p>
   </div>
   <div class='ocr_carea' id='block_1_33' title="bbox 603 3265 3842 3341">
    <p class='ocr_par' dir='ltr' id='par_1_33' title="bbox 603 3265 3842 3341">
     <span class='ocr_line' id='line_1_33' title="bbox 603 3265 3842 3341; baseline 0.002 -23"><span class='ocrx_word' id='word_1_515' title='bbox 603 3282 940 3338; x_wconf 71' lang='lat' dir='ltr'><strong>nnaqnmque</strong></span> <span class='ocrx_word' id='word_1_516' title='bbox 978 3281 1209 3336; x_wconf 86' lang='lat' dir='ltr'><strong>persona</strong></span> <span class='ocrx_word' id='word_1_517' title='bbox 1255 3267 1605 3338; x_wconf 75' lang='lat' dir='ltr'><strong>singulariter</strong></span> <span class='ocrx_word' id='word_1_518' title='bbox 1643 3268 1715 3322; x_wconf 93' lang='lat' dir='ltr'><strong>sit</strong></span> <span class='ocrx_word' id='word_1_519' title='bbox 1738 3267 1998 3333; x_wconf 87' lang='lat' dir='ltr'><strong>Trinitas,</strong></span> <span class='ocrx_word' id='word_1_520' title='bbox 2030 3269 2082 3323; x_wconf 91' lang='lat' dir='ltr'><strong>id</strong></span> <span class='ocrx_word' id='word_1_521' title='bbox 2107 3276 2192 3324; x_wconf 90' lang='lat' dir='ltr'><strong>est</strong></span> <span class='ocrx_word' id='word_1_522' title='bbox 2290 3273 2536 3332; x_wconf 81' lang='lat' dir='ltr'><strong>sanctus,</strong></span> <span class='ocrx_word' id='word_1_523' title='bbox 2559 3265 2666 3320; x_wconf 91' lang='lat' dir='ltr'><strong>ulla</strong></span> <span class='ocrx_word' id='word_1_524' title='bbox 2683 3269 2974 3323; x_wconf 89' lang='lat' dir='ltr'><strong>monstrari</strong></span> <span class='ocrx_word' id='word_1_525' title='bbox 2993 3281 3222 3338; x_wconf 90' lang='lat' dir='ltr'><strong>possunt</strong></span> <span class='ocrx_word' id='word_1_526' title='bbox 3247 3271 3842 3341; x_wconf 80' lang='lat' dir='ltr'><strong>intervallatemporum:</strong></span> 
     </span>
    </p>
   </div>
   <div class='ocr_carea' id='block_1_34' title="bbox 595 3356 3843 3432">
    <p class='ocr_par' dir='ltr' id='par_1_34' title="bbox 595 3356 3843 3432">
     <span class='ocr_line' id='line_1_34' title="bbox 595 3356 3843 3432; baseline -0.002 -20"><span class='ocrx_word' id='word_1_527' title='bbox 595 3373 698 3412; x_wconf 84' lang='lat' dir='ltr'><strong>nec</strong></span> <span class='ocrx_word' id='word_1_528' title='bbox 727 3356 891 3412; x_wconf 83' lang='lat' dir='ltr'><strong>Pater</strong></span> <span class='ocrx_word' id='word_1_529' title='bbox 919 3357 1066 3413; x_wconf 87' lang='lat' dir='ltr'><strong>solus</strong></span> <span class='ocrx_word' id='word_1_530' title='bbox 1094 3358 1352 3419; x_wconf 89' lang='lat' dir='ltr'><strong>Trinitas,</strong></span> <span class='ocrx_word' id='word_1_531' title='bbox 1407 3375 1506 3413; x_wconf 90' lang='lat' dir='ltr'><strong>nec</strong></span> <span class='ocrx_word' id='word_1_532' title='bbox 1535 3359 1704 3413; x_wconf 88' lang='lat' dir='ltr'><strong>Filius</strong></span> <span class='ocrx_word' id='word_1_533' title='bbox 1750 3359 1917 3426; x_wconf 88' lang='lat' dir='ltr'><strong>solus,</strong></span> <span class='ocrx_word' id='word_1_534' title='bbox 1947 3375 2046 3415; x_wconf 91' lang='lat' dir='ltr'><strong>nec</strong></span> <span class='ocrx_word' id='word_1_535' title='bbox 2075 3359 2193 3430; x_wconf 86' lang='lat' dir='ltr'><strong>Spi-</strong></span> <span class='ocrx_word' id='word_1_536' title='bbox 2289 3356 2434 3426; x_wconf 89' lang='lat' dir='ltr'><strong>quod</strong></span> <span class='ocrx_word' id='word_1_537' title='bbox 2469 3357 2613 3411; x_wconf 92' lang='lat' dir='ltr'><strong>enim</strong></span> <span class='ocrx_word' id='word_1_538' title='bbox 2651 3359 2926 3414; x_wconf 85' lang='lat' dir='ltr'><strong>antecedit</strong></span> <span class='ocrx_word' id='word_1_539' title='bbox 2949 3375 3111 3414; x_wconf 86' lang='lat' dir='ltr'><strong>omne</strong></span> <span class='ocrx_word' id='word_1_540' title='bbox 3137 3371 3372 3432; x_wconf 85' lang='lat' dir='ltr'><strong>tempus,</strong></span> <span class='ocrx_word' id='word_1_541' title='bbox 3406 3363 3601 3416; x_wconf 91' lang='lat' dir='ltr'><strong>nullius</strong></span> <span class='ocrx_word' id='word_1_542' title='bbox 3635 3372 3843 3414; x_wconf 75' lang='lat' dir='ltr'><strong>mensura</strong></span> 
     </span>
    </p>
   </div>
   <div class='ocr_carea' id='block_1_35' title="bbox 597 3443 3841 3523">
    <p class='ocr_par' dir='ltr' id='par_1_35' title="bbox 597 3443 3841 3523">
     <span class='ocr_line' id='line_1_35' title="bbox 597 3443 3841 3523; baseline 0 -21"><span class='ocrx_word' id='word_1_543' title='bbox 597 3449 737 3503; x_wconf 87' lang='lat' dir='ltr'><strong>ritus</strong></span> <span class='ocrx_word' id='word_1_544' title='bbox 761 3459 984 3506; x_wconf 87' lang='lat' dir='ltr'><strong>sanctus</strong></span> <span class='ocrx_word' id='word_1_545' title='bbox 1006 3451 1186 3517; x_wconf 89' lang='lat' dir='ltr'><strong>solus;</strong></span> <span class='ocrx_word' id='word_1_546' title='bbox 1219 3453 1313 3507; x_wconf 93' lang='lat' dir='ltr'><strong>sed</strong></span> <span class='ocrx_word' id='word_1_547' title='bbox 1340 3467 1464 3507; x_wconf 91' lang='lat' dir='ltr'><strong>cum</strong></span> <span class='ocrx_word' id='word_1_548' title='bbox 1503 3451 1669 3507; x_wconf 85' lang='lat' dir='ltr'><strong>Pater</strong></span> <span class='ocrx_word' id='word_1_549' title='bbox 1694 3461 1748 3506; x_wconf 88' lang='lat' dir='ltr'><strong>ct</strong></span> <span class='ocrx_word' id='word_1_550' title='bbox 1774 3452 1942 3508; x_wconf 86' lang='lat' dir='ltr'><strong>Filius</strong></span> <span class='ocrx_word' id='word_1_551' title='bbox 1979 3463 2034 3508; x_wconf 92' lang='lat' dir='ltr'><strong>et</strong></span> <span class='ocrx_word' id='word_1_552' title='bbox 2075 3454 2192 3523; x_wconf 83' lang='lat' dir='ltr'><strong>Spi-</strong></span> <span class='ocrx_word' id='word_1_553' title='bbox 2291 3446 2552 3516; x_wconf 79' lang='lat' dir='ltr'><strong>temporis</strong></span> <span class='ocrx_word' id='word_1_554' title='bbox 2571 3447 2900 3502; x_wconf 86' lang='lat' dir='ltr'><strong>continetur.</strong></span> <span class='ocrx_word' id='word_1_555' title='bbox 2932 3447 3049 3503; x_wconf 87' lang='lat' dir='ltr'><strong>Non</strong></span> <span class='ocrx_word' id='word_1_556' title='bbox 3065 3459 3150 3504; x_wconf 90' lang='lat' dir='ltr'><strong>est</strong></span> <span class='ocrx_word' id='word_1_557' title='bbox 3177 3451 3349 3522; x_wconf 85' lang='lat' dir='ltr'><strong>igitur</strong></span> <span class='ocrx_word' id='word_1_558' title='bbox 3369 3451 3502 3506; x_wconf 87' lang='lat' dir='ltr'><strong>ordo</strong></span> <span class='ocrx_word' id='word_1_559' title='bbox 3523 3443 3841 3521; x_wconf 79' lang='lat' dir='ltr'><strong>processionis</strong></span> 
     </span>
    </p>
   </div>
   <div class='ocr_carea' id='block_1_36' title="bbox 596 3531 3846 3620">
    <p class='ocr_par' dir='ltr' id='par_1_36' title="bbox 596 3531 3846 3620">
     <span class='ocr_line' id='line_1_36' title="bbox 596 3531 3846 3620; baseline 0.002 -25"><span class='ocrx_word' id='word_1_560' title='bbox 596 3541 735 3596; x_wconf 90' lang='lat' dir='ltr'><strong>ritus</strong></span> <span class='ocrx_word' id='word_1_561' title='bbox 755 3544 1072 3611; x_wconf 86' lang='lat' dir='ltr'><strong>sanctus_sit</strong></span> <span class='ocrx_word' id='word_1_562' title='bbox 1100 3559 1241 3598; x_wconf 91' lang='lat' dir='ltr'><strong>unus</strong></span> <span class='ocrx_word' id='word_1_563' title='bbox 1289 3543 1453 3606; x_wconf 90' lang='lat' dir='ltr'><strong>Dens,</strong></span> <span class='ocrx_word' id='word_1_564' title='bbox 1478 3551 1562 3598; x_wconf 90' lang='lat' dir='ltr'><strong>est</strong></span> <span class='ocrx_word' id='word_1_565' title='bbox 1592 3542 1833 3598; x_wconf 85' lang='lat' dir='ltr'><strong>Trinitas</strong></span> <span class='ocrx_word' id='word_1_566' title='bbox 1861 3559 2001 3620; x_wconf 85' lang='lat' dir='ltr'><strong>unus</strong></span> <span class='ocrx_word' id='word_1_567' title='bbox 2023 3544 2188 3600; x_wconf 88' lang='lat' dir='ltr'><strong>Deus.</strong></span> <span class='ocrx_word' id='word_1_568' title='bbox 2291 3535 2614 3606; x_wconf 71' lang='lat' dir='ltr'><strong>quaerendus</strong></span> <span class='ocrx_word' id='word_1_569' title='bbox 2643 3537 2696 3590; x_wconf 80' lang='lat' dir='ltr'><strong>in</strong></span> <span class='ocrx_word' id='word_1_570' title='bbox 2734 3545 2998 3607; x_wconf 80' lang='lat' dir='ltr'><strong>tempore.</strong></span> <span class='ocrx_word' id='word_1_571' title='bbox 3029 3539 3170 3607; x_wconf 79' lang='lat' dir='ltr'><strong>quod</strong></span> <span class='ocrx_word' id='word_1_572' title='bbox 3204 3542 3587 3608; x_wconf 77' lang='lat' dir='ltr'><strong>paternitatem</strong></span> <span class='ocrx_word' id='word_1_573' title='bbox 3617 3531 3846 3591; x_wconf 65' lang='grc' dir='ltr'><strong>εοῐιθιυίίἱι</strong></span> 
     </span>
    </p>
   </div>
   <div class='ocr_carea' id='block_1_37' title="bbox 596 3623 3843 3706">
    <p class='ocr_par' dir='ltr' id='par_1_37' title="bbox 596 3623 3843 3706">
     <span class='ocr_line' id='line_1_37' title="bbox 596 3623 3843 3706; baseline -0.001 -18"><span class='ocrx_word' id='word_1_574' title='bbox 596 3632 707 3689; x_wconf 82' lang='lat' dir='ltr'><strong>Nec</strong></span> <span class='ocrx_word' id='word_1_575' title='bbox 729 3635 876 3689; x_wconf 89' lang='lat' dir='ltr'><strong>enim</strong></span> <span class='ocrx_word' id='word_1_576' title='bbox 901 3636 1360 3704; x_wconf 89' lang='lat' dir='ltr'><strong>quemadmodum</strong></span> <span class='ocrx_word' id='word_1_577' title='bbox 1387 3636 1564 3706; x_wconf 89' lang='lat' dir='ltr'><strong>imago</strong></span> <span class='ocrx_word' id='word_1_578' title='bbox 1589 3635 1874 3690; x_wconf 87' lang='lat' dir='ltr'><strong>Trinitatis</strong></span> <span class='ocrx_word' id='word_1_579' title='bbox 1904 3636 2064 3706; x_wconf 87' lang='lat' dir='ltr'><strong>hujus</strong></span> <span class='ocrx_word' id='word_1_580' title='bbox 2094 3637 2192 3690; x_wconf 86' lang='lat' dir='ltr'><strong>ha-</strong></span> <span class='ocrx_word' id='word_1_581' title='bbox 2290 3642 2452 3682; x_wconf 77' lang='lat' dir='ltr'><strong>omne</strong></span> <span class='ocrx_word' id='word_1_582' title='bbox 2471 3637 2702 3696; x_wconf 73' lang='lat' dir='ltr'><strong>tempus.</strong></span> <span class='ocrx_word' id='word_1_583' title='bbox 2721 3627 3006 3698; x_wconf 81' lang='lat' dir='ltr'><strong>Nunquam</strong></span> <span class='ocrx_word' id='word_1_584' title='bbox 3031 3631 3192 3686; x_wconf 83' lang='lat' dir='ltr'><strong>Pater</strong></span> <span class='ocrx_word' id='word_1_585' title='bbox 3207 3632 3323 3686; x_wconf 90' lang='lat' dir='ltr'><strong>sine</strong></span> <span class='ocrx_word' id='word_1_586' title='bbox 3341 3633 3498 3695; x_wconf 86' lang='lat' dir='ltr'><strong>Filio,</strong></span> <span class='ocrx_word' id='word_1_587' title='bbox 3521 3623 3843 3698; x_wconf 77' lang='lat' dir='ltr'><strong>nunquamFi-</strong></span> 
     </span>
    </p>
   </div>
   <div class='ocr_carea' id='block_1_38' title="bbox 595 3717 3844 3799">
    <p class='ocr_par' dir='ltr' id='par_1_38' title="bbox 595 3717 3844 3799">
     <span class='ocr_line' id='line_1_38' title="bbox 595 3717 3844 3799; baseline -0.002 -23"><span class='ocrx_word' id='word_1_588' title='bbox 595 3724 689 3780; x_wconf 81' lang='lat' dir='ltr'><strong>bet</strong></span> <span class='ocrx_word' id='word_1_589' title='bbox 716 3725 804 3780; x_wconf 83' lang='lat' dir='ltr'><strong>illa</strong></span> <span class='ocrx_word' id='word_1_590' title='bbox 838 3727 962 3790; x_wconf 79' lang='lat' dir='ltr'><strong>tria,</strong></span> <span class='ocrx_word' id='word_1_591' title='bbox 997 3728 1048 3782; x_wconf 76' lang='lat' dir='ltr'><strong>id</strong></span> <span class='ocrx_word' id='word_1_592' title='bbox 1094 3737 1179 3784; x_wconf 75' lang='lat' dir='ltr'><strong>est</strong></span> <span class='ocrx_word' id='word_1_593' title='bbox 1209 3728 1556 3793; x_wconf 73' lang='lat' dir='ltr'><strong>memoriam,</strong></span> <span class='ocrx_word' id='word_1_594' title='bbox 1579 3727 2017 3799; x_wconf 66' lang='lat' dir='ltr'><strong>intelligentiam,</strong></span> <span class='ocrx_word' id='word_1_595' title='bbox 2050 3729 2188 3784; x_wconf 72' lang='lat' dir='ltr'><strong>dite.</strong></span> <span class='ocrx_word' id='word_1_596' title='bbox 2292 3717 2397 3774; x_wconf 89' lang='lat' dir='ltr'><strong>lius</strong></span> <span class='ocrx_word' id='word_1_597' title='bbox 2417 3721 2535 3776; x_wconf 91' lang='lat' dir='ltr'><strong>sine</strong></span> <span class='ocrx_word' id='word_1_598' title='bbox 2557 3721 2738 3786; x_wconf 87' lang='lat' dir='ltr'><strong>Patre,</strong></span> <span class='ocrx_word' id='word_1_599' title='bbox 2775 3739 3047 3792; x_wconf 90' lang='lat' dir='ltr'><strong>nunquam</strong></span> <span class='ocrx_word' id='word_1_600' title='bbox 3075 3723 3308 3794; x_wconf 89' lang='lat' dir='ltr'><strong>Spiritus</strong></span> <span class='ocrx_word' id='word_1_601' title='bbox 3338 3733 3558 3779; x_wconf 91' lang='lat' dir='ltr'><strong>sanctus</strong></span> <span class='ocrx_word' id='word_1_602' title='bbox 3589 3722 3694 3776; x_wconf 88' lang='lat' dir='ltr'><strong>sine</strong></span> <span class='ocrx_word' id='word_1_603' title='bbox 3714 3718 3844 3772; x_wconf 83' lang='lat' dir='ltr'><strong>Patre</strong></span> 
     </span>
    </p>
   </div>
   <div class='ocr_carea' id='block_1_39' title="bbox 596 3812 3840 3890">
    <p class='ocr_par' dir='ltr' id='par_1_39' title="bbox 596 3812 3840 3890">
     <span class='ocr_line' id='line_1_39' title="bbox 596 3812 3840 3890; baseline -0.004 -15"><span class='ocrx_word' id='word_1_604' title='bbox 596 3817 850 3882; x_wconf 84' lang='lat' dir='ltr'><strong>ctionetn,</strong></span> <span class='ocrx_word' id='word_1_605' title='bbox 899 3829 954 3874; x_wconf 91' lang='lat' dir='ltr'><strong>et</strong></span> <span class='ocrx_word' id='word_1_606' title='bbox 979 3830 1262 3890; x_wconf 88' lang='lat' dir='ltr'><strong>propterea</strong></span> <span class='ocrx_word' id='word_1_607' title='bbox 1304 3820 1358 3874; x_wconf 90' lang='lat' dir='ltr'><strong>in</strong></span> <span class='ocrx_word' id='word_1_608' title='bbox 1403 3836 1507 3874; x_wconf 88' lang='lat' dir='ltr'><strong>una</strong></span> <span class='ocrx_word' id='word_1_609' title='bbox 1551 3835 1785 3889; x_wconf 88' lang='lat' dir='ltr'><strong>persona</strong></span> <span class='ocrx_word' id='word_1_610' title='bbox 1817 3819 2057 3876; x_wconf 85' lang='lat' dir='ltr'><strong>Trinitas</strong></span> <span class='ocrx_word' id='word_1_611' title='bbox 2085 3829 2188 3886; x_wconf 84' lang='lat' dir='ltr'><strong>est,</strong></span> <span class='ocrx_word' id='word_1_612' title='bbox 2291 3812 2566 3884; x_wconf 88' lang='lat' dir='ltr'><strong>Filioque,</strong></span> <span class='ocrx_word' id='word_1_613' title='bbox 2585 3831 2856 3886; x_wconf 89' lang='lat' dir='ltr'><strong>nunquam</strong></span> <span class='ocrx_word' id='word_1_614' title='bbox 2879 3817 3294 3874; x_wconf 64' lang='lat' dir='ltr'><strong>Pa‘tcretFilins</strong></span> <span class='ocrx_word' id='word_1_615' title='bbox 3310 3821 3432 3876; x_wconf 90' lang='lat' dir='ltr'><strong>sine</strong></span> <span class='ocrx_word' id='word_1_616' title='bbox 3453 3819 3648 3889; x_wconf 89' lang='lat' dir='ltr'><strong>Spiritu</strong></span> <span class='ocrx_word' id='word_1_617' title='bbox 3669 3819 3840 3869; x_wconf 89' lang='lat' dir='ltr'><strong>sancto.</strong></span> 
     </span>
    </p>
   </div>
   <div class='ocr_carea' id='block_1_40' title="bbox 598 3905 3841 3982">
    <p class='ocr_par' dir='ltr' id='par_1_40' title="bbox 598 3905 3841 3982">
     <span class='ocr_line' id='line_1_40' title="bbox 598 3905 3841 3982; baseline -0.002 -20"><span class='ocrx_word' id='word_1_618' title='bbox 598 3923 708 3962; x_wconf 91' lang='lat' dir='ltr'><strong>non</strong></span> <span class='ocrx_word' id='word_1_619' title='bbox 748 3910 896 3978; x_wconf 90' lang='lat' dir='ltr'><strong>quod</strong></span> <span class='ocrx_word' id='word_1_620' title='bbox 930 3925 1071 3965; x_wconf 89' lang='lat' dir='ltr'><strong>unus</strong></span> <span class='ocrx_word' id='word_1_621' title='bbox 1115 3911 1277 3964; x_wconf 92' lang='lat' dir='ltr'><strong>homo</strong></span> <span class='ocrx_word' id='word_1_622' title='bbox 1307 3910 1380 3966; x_wconf 89' lang='lat' dir='ltr'><strong>sit</strong></span> <span class='ocrx_word' id='word_1_623' title='bbox 1410 3911 1648 3976; x_wconf 86' lang='lat' dir='ltr'><strong>trinitas,</strong></span> <span class='ocrx_word' id='word_1_624' title='bbox 1683 3911 1776 3966; x_wconf 90' lang='lat' dir='ltr'><strong>sed</strong></span> <span class='ocrx_word' id='word_1_625' title='bbox 1815 3911 1958 3980; x_wconf 90' lang='lat' dir='ltr'><strong>quod</strong></span> <span class='ocrx_word' id='word_1_626' title='bbox 1999 3911 2052 3964; x_wconf 92' lang='lat' dir='ltr'><strong>in</strong></span> <span class='ocrx_word' id='word_1_627' title='bbox 2083 3925 2192 3966; x_wconf 89' lang='lat' dir='ltr'><strong>uno</strong></span> <span class='ocrx_word' id='word_1_628' title='bbox 2362 3905 2493 3982; x_wconf 75' lang='lat' dir='ltr'><strong>item</strong></span> <span class='ocrx_word' id='word_1_629' title='bbox 2545 3906 2727 3962; x_wconf 74' lang='lat' dir='ltr'><strong>intra:</strong></span> <span class='ocrx_word' id='word_1_630' title='bbox 2764 3929 2780 3958; x_wconf 78' lang='grc' dir='ltr'><strong>ι</strong></span> <span class='ocrx_word' id='word_1_631' title='bbox 2812 3907 3065 3980; x_wconf 86' lang='lat' dir='ltr'><strong>Nunquid</strong></span> <span class='ocrx_word' id='word_1_632' title='bbox 3122 3927 3253 3982; x_wconf 81' lang='lat' dir='ltr'><strong>ergo</strong></span> <span class='ocrx_word' id='word_1_633' title='bbox 3305 3926 3594 3982; x_wconf 90' lang='lat' dir='ltr'><strong>possumus</strong></span> <span class='ocrx_word' id='word_1_634' title='bbox 3636 3917 3841 3976; x_wconf 65' lang='lat' dir='ltr'><strong>quaerere</strong></span> 
     </span>
    </p>
   </div>
   <div class='ocr_carea' id='block_1_41' title="bbox 598 3977 3843 4074">
    <p class='ocr_par' dir='ltr' id='par_1_41' title="bbox 598 3977 3843 4074">
     <span class='ocr_line' id='line_1_41' title="bbox 598 3977 3843 4074; baseline 0 -20"><span class='ocrx_word' id='word_1_635' title='bbox 598 3977 820 4055; x_wconf 86' lang='lat' dir='ltr'><strong>homine</strong></span> <span class='ocrx_word' id='word_1_636' title='bbox 843 4010 952 4055; x_wconf 81' lang='lat' dir='ltr'><strong>sint</strong></span> <span class='ocrx_word' id='word_1_637' title='bbox 973 4001 1063 4055; x_wconf 86' lang='lat' dir='ltr'><strong>illa</strong></span> <span class='ocrx_word' id='word_1_638' title='bbox 1093 4003 1228 4066; x_wconf 89' lang='lat' dir='ltr'><strong>tria;</strong></span> <span class='ocrx_word' id='word_1_639' title='bbox 1257 4001 1331 4056; x_wconf 89' lang='lat' dir='ltr'><strong>ita</strong></span> <span class='ocrx_word' id='word_1_640' title='bbox 1354 4010 1440 4057; x_wconf 86' lang='lat' dir='ltr'><strong>est</strong></span> <span class='ocrx_word' id='word_1_641' title='bbox 1465 4002 1519 4056; x_wconf 92' lang='lat' dir='ltr'><strong>in</strong></span> <span class='ocrx_word' id='word_1_642' title='bbox 1548 4002 1636 4056; x_wconf 88' lang='lat' dir='ltr'><strong>illa</strong></span> <span class='ocrx_word' id='word_1_643' title='bbox 1659 3977 1869 4057; x_wconf 75' lang='lat' dir='ltr'><strong>summa</strong></span> <span class='ocrx_word' id='word_1_644' title='bbox 1893 4000 2188 4058; x_wconf 88' lang='lat' dir='ltr'><strong>Trinitate:</strong></span> <span class='ocrx_word' id='word_1_645' title='bbox 2292 3977 2474 4050; x_wconf 74' lang='grc' dir='ltr'>ιιῑῖΊιηι</span> <span class='ocrx_word' id='word_1_646' title='bbox 2515 3996 2626 4067; x_wconf 76' lang='lat' dir='ltr'><strong>iam</strong></span> <span class='ocrx_word' id='word_1_647' title='bbox 2674 3977 3020 4066; x_wconf 70' lang='lat' dir='ltr'><strong>processerat</strong></span> <span class='ocrx_word' id='word_1_648' title='bbox 3065 4001 3132 4057; x_wconf 89' lang='lat' dir='ltr'><strong>de</strong></span> <span class='ocrx_word' id='word_1_649' title='bbox 3184 3977 3346 4058; x_wconf 73' lang='lat' dir='ltr'><strong>Patre</strong></span> <span class='ocrx_word' id='word_1_650' title='bbox 3395 4003 3625 4074; x_wconf 88' lang='lat' dir='ltr'><strong>Spiritus</strong></span> <span class='ocrx_word' id='word_1_651' title='bbox 3662 4002 3843 4052; x_wconf 58' lang='lat' dir='ltr'><strong>suum&quot;!l</strong></span> 
     </span>
    </p>
   </div>
   <div class='ocr_carea' id='block_1_42' title="bbox 601 4088 3839 4164">
    <p class='ocr_par' dir='ltr' id='par_1_42' title="bbox 601 4088 3839 4164">
     <span class='ocr_line' id='line_1_42' title="bbox 601 4088 3839 4164; baseline 0 -20"><span class='ocrx_word' id='word_1_652' title='bbox 601 4088 696 4144; x_wconf 84' lang='lat' dir='ltr'><strong>sed</strong></span> <span class='ocrx_word' id='word_1_653' title='bbox 723 4096 834 4144; x_wconf 87' lang='lat' dir='ltr'><strong>tres</strong></span> <span class='ocrx_word' id='word_1_654' title='bbox 881 4105 1126 4159; x_wconf 83' lang='lat' dir='ltr'><strong>personae</strong></span> <span class='ocrx_word' id='word_1_655' title='bbox 1166 4100 1294 4145; x_wconf 89' lang='lat' dir='ltr'><strong>sunt</strong></span> <span class='ocrx_word' id='word_1_656' title='bbox 1341 4091 1504 4146; x_wconf 88' lang='lat' dir='ltr'><strong>Pater</strong></span> <span class='ocrx_word' id='word_1_657' title='bbox 1547 4100 1602 4146; x_wconf 91' lang='lat' dir='ltr'><strong>et</strong></span> <span class='ocrx_word' id='word_1_658' title='bbox 1648 4091 1815 4148; x_wconf 86' lang='lat' dir='ltr'><strong>Filius</strong></span> <span class='ocrx_word' id='word_1_659' title='bbox 1857 4101 1911 4147; x_wconf 88' lang='lat' dir='ltr'><strong>et</strong></span> <span class='ocrx_word' id='word_1_660' title='bbox 1957 4091 2192 4163; x_wconf 91' lang='lat' dir='ltr'><strong>Spiritus</strong></span> <span class='ocrx_word' id='word_1_661' title='bbox 2291 4088 2508 4158; x_wconf 79' lang='lat' dir='ltr'><strong>quando</strong></span> <span class='ocrx_word' id='word_1_662' title='bbox 2543 4097 2705 4145; x_wconf 83' lang='lat' dir='ltr'><strong>natus</strong></span> <span class='ocrx_word' id='word_1_663' title='bbox 2743 4101 2830 4146; x_wconf 78' lang='lat' dir='ltr'><strong>est</strong></span> <span class='ocrx_word' id='word_1_664' title='bbox 2873 4090 3069 4164; x_wconf 82' lang='lat' dir='ltr'><strong>Filius,</strong></span> <span class='ocrx_word' id='word_1_665' title='bbox 3118 4109 3187 4149; x_wconf 91' lang='lat' dir='ltr'><strong>an</strong></span> <span class='ocrx_word' id='word_1_666' title='bbox 3236 4097 3478 4149; x_wconf 89' lang='lat' dir='ltr'><strong>nondum</strong></span> <span class='ocrx_word' id='word_1_667' title='bbox 3510 4091 3839 4163; x_wconf 77' lang='lat' dir='ltr'><strong>processerat;</strong></span> 
     </span>
    </p>
   </div>
   <div class='ocr_carea' id='block_1_43' title="bbox 602 4179 3836 4256">
    <p class='ocr_par' dir='ltr' id='par_1_43' title="bbox 602 4179 3836 4256">
     <span class='ocr_line' id='line_1_43' title="bbox 602 4179 3836 4256; baseline -0.002 -21"><span class='ocrx_word' id='word_1_668' title='bbox 602 4189 843 4245; x_wconf 86' lang='lat' dir='ltr'><strong>sanctus,</strong></span> <span class='ocrx_word' id='word_1_669' title='bbox 869 4183 963 4237; x_wconf 90' lang='lat' dir='ltr'><strong>sed</strong></span> <span class='ocrx_word' id='word_1_670' title='bbox 993 4183 1108 4238; x_wconf 62' lang='lat' dir='ltr'><strong>haec</strong></span> <span class='ocrx_word' id='word_1_671' title='bbox 1140 4183 1245 4238; x_wconf 88' lang='lat' dir='ltr'><strong>tria</strong></span> <span class='ocrx_word' id='word_1_672' title='bbox 1279 4199 1420 4239; x_wconf 88' lang='lat' dir='ltr'><strong>unus</strong></span> <span class='ocrx_word' id='word_1_673' title='bbox 1466 4183 1641 4248; x_wconf 89' lang='lat' dir='ltr'><strong>Deus,</strong></span> <span class='ocrx_word' id='word_1_674' title='bbox 1673 4192 1730 4239; x_wconf 91' lang='lat' dir='ltr'><strong>et</strong></span> <span class='ocrx_word' id='word_1_675' title='bbox 1758 4194 2042 4254; x_wconf 88' lang='lat' dir='ltr'><strong>propterea</strong></span> <span class='ocrx_word' id='word_1_676' title='bbox 2070 4184 2191 4238; x_wconf 89' lang='lat' dir='ltr'><strong>Tri-</strong></span> <span class='ocrx_word' id='word_1_677' title='bbox 2291 4189 2348 4236; x_wconf 90' lang='lat' dir='ltr'><strong>et</strong></span> <span class='ocrx_word' id='word_1_678' title='bbox 2377 4180 2466 4235; x_wconf 93' lang='lat' dir='ltr'><strong>illo</strong></span> <span class='ocrx_word' id='word_1_679' title='bbox 2509 4190 2657 4246; x_wconf 92' lang='lat' dir='ltr'><strong>nato,</strong></span> <span class='ocrx_word' id='word_1_680' title='bbox 2702 4182 2770 4238; x_wconf 92' lang='lat' dir='ltr'><strong>de</strong></span> <span class='ocrx_word' id='word_1_681' title='bbox 2810 4192 3042 4255; x_wconf 89' lang='lat' dir='ltr'><strong>utroque</strong></span> <span class='ocrx_word' id='word_1_682' title='bbox 3077 4187 3369 4256; x_wconf 88' lang='lat' dir='ltr'><strong>processit,</strong></span> <span class='ocrx_word' id='word_1_683' title='bbox 3423 4185 3512 4240; x_wconf 92' lang='lat' dir='ltr'><strong>ubi</strong></span> <span class='ocrx_word' id='word_1_684' title='bbox 3561 4180 3692 4238; x_wconf 90' lang='lat' dir='ltr'><strong>nulla</strong></span> <span class='ocrx_word' id='word_1_685' title='bbox 3734 4179 3836 4231; x_wconf 89' lang='lat' dir='ltr'><strong>sunt</strong></span> 
     </span>
    </p>
   </div>
   <div class='ocr_carea' id='block_1_44' title="bbox 601 4265 3839 4346">
    <p class='ocr_par' dir='ltr' id='par_1_44' title="bbox 601 4265 3839 4346">
     <span class='ocr_line' id='line_1_44' title="bbox 601 4265 3839 4346; baseline -0.003 -21"><span class='ocrx_word' id='word_1_686' title='bbox 601 4271 747 4326; x_wconf 86' lang='lat' dir='ltr'><strong>nitas</strong></span> <span class='ocrx_word' id='word_1_687' title='bbox 779 4288 918 4327; x_wconf 86' lang='lat' dir='ltr'><strong>unus</strong></span> <span class='ocrx_word' id='word_1_688' title='bbox 966 4273 1127 4327; x_wconf 91' lang='lat' dir='ltr'><strong>Deus.</strong></span> <span class='ocrx_word' id='word_1_689' title='bbox 1161 4273 1334 4327; x_wconf 84' lang='lat' dir='ltr'><strong>Tanta</strong></span> <span class='ocrx_word' id='word_1_690' title='bbox 1366 4275 1597 4330; x_wconf 84' lang='lat' dir='ltr'><strong>societas</strong></span> <span class='ocrx_word' id='word_1_691' title='bbox 1626 4283 1711 4330; x_wconf 88' lang='lat' dir='ltr'><strong>est</strong></span> <span class='ocrx_word' id='word_1_692' title='bbox 1736 4274 1899 4329; x_wconf 90' lang='lat' dir='ltr'><strong>trium</strong></span> <span class='ocrx_word' id='word_1_693' title='bbox 1926 4289 2187 4345; x_wconf 85' lang='lat' dir='ltr'><strong>persona-</strong></span> <span class='ocrx_word' id='word_1_694' title='bbox 2295 4277 2539 4341; x_wconf 90' lang='lat' dir='ltr'><strong>tempora</strong></span> <span class='ocrx_word' id='word_1_695' title='bbox 2579 4286 2593 4324; x_wconf 90' lang='lat'><strong>:</strong></span> <span class='ocrx_word' id='word_1_696' title='bbox 2633 4271 2774 4326; x_wconf 89' lang='lat' dir='ltr'><strong>sicut</strong></span> <span class='ocrx_word' id='word_1_697' title='bbox 2818 4274 3090 4342; x_wconf 89' lang='lat' dir='ltr'><strong>potuimus</strong></span> <span class='ocrx_word' id='word_1_698' title='bbox 3136 4290 3384 4346; x_wconf 78' lang='lat' dir='ltr'><strong>quaerere</strong></span> <span class='ocrx_word' id='word_1_699' title='bbox 3433 4274 3522 4329; x_wconf 82' lang='lat' dir='ltr'><strong>ubi</strong></span> <span class='ocrx_word' id='word_1_700' title='bbox 3576 4265 3839 4327; x_wconf 76' lang='lat' dir='ltr'><strong>invenimus</strong></span> 
     </span>
    </p>
   </div>
   <div class='ocr_carea' id='block_1_45' title="bbox 600 4364 3840 4434">
    <p class='ocr_par' dir='ltr' id='par_1_45' title="bbox 600 4364 3840 4434">
     <span class='ocr_line' id='line_1_45' title="bbox 600 4364 3840 4434; baseline 0.002 -14"><span class='ocrx_word' id='word_1_701' title='bbox 600 4380 742 4430; x_wconf 83' lang='lat' dir='ltr'><strong>rum,</strong></span> <span class='ocrx_word' id='word_1_702' title='bbox 779 4375 926 4420; x_wconf 90' lang='lat' dir='ltr'><strong>tanta</strong></span> <span class='ocrx_word' id='word_1_703' title='bbox 966 4367 1528 4432; x_wconf 76' lang='lat' dir='ltr'><strong>consulistantialitas,</strong></span> <span class='ocrx_word' id='word_1_704' title='bbox 1562 4375 1621 4422; x_wconf 92' lang='lat' dir='ltr'><strong>ut</strong></span> <span class='ocrx_word' id='word_1_705' title='bbox 1642 4376 1756 4423; x_wconf 88' lang='lat' dir='ltr'><strong>tres</strong></span> <span class='ocrx_word' id='word_1_706' title='bbox 1783 4383 1952 4422; x_wconf 88' lang='lat' dir='ltr'><strong>unum</strong></span> <span class='ocrx_word' id='word_1_707' title='bbox 1972 4368 2104 4431; x_wconf 91' lang='lat' dir='ltr'><strong>sint,</strong></span> <span class='ocrx_word' id='word_1_708' title='bbox 2135 4375 2192 4423; x_wconf 84' lang='lat' dir='ltr'><strong>et</strong></span> <span class='ocrx_word' id='word_1_709' title='bbox 2295 4373 2559 4432; x_wconf 87' lang='lat' dir='ltr'><strong>tempora,</strong></span> <span class='ocrx_word' id='word_1_710' title='bbox 2600 4364 2936 4418; x_wconf 76' lang='lat' dir='ltr'><strong>voluntatem</strong></span> <span class='ocrx_word' id='word_1_711' title='bbox 2977 4367 3130 4434; x_wconf 91' lang='lat' dir='ltr'><strong>prius</strong></span> <span class='ocrx_word' id='word_1_712' title='bbox 3170 4368 3235 4422; x_wconf 93' lang='lat' dir='ltr'><strong>de</strong></span> <span class='ocrx_word' id='word_1_713' title='bbox 3277 4368 3513 4422; x_wconf 83' lang='lat' dir='ltr'><strong>humana</strong></span> <span class='ocrx_word' id='word_1_714' title='bbox 3551 4367 3716 4418; x_wconf 68' lang='grc' dir='ltr'><strong>ηὶθηίθ</strong></span> <span class='ocrx_word' id='word_1_715' title='bbox 3739 4367 3840 4425; x_wconf 69' lang='grc' dir='ltr'><strong>ΡΓ⁰⁴</strong></span> 
     </span>
    </p>
   </div>
   <div class='ocr_carea' id='block_1_46' title="bbox 601 4453 3837 4530">
    <p class='ocr_par' dir='ltr' id='par_1_46' title="bbox 601 4453 3837 4530">
     <span class='ocr_line' id='line_1_46' title="bbox 601 4453 3837 4530; baseline -0.004 -19"><span class='ocrx_word' id='word_1_716' title='bbox 601 4474 745 4513; x_wconf 89' lang='lat' dir='ltr'><strong>unus</strong></span> <span class='ocrx_word' id='word_1_717' title='bbox 775 4459 917 4514; x_wconf 90' lang='lat' dir='ltr'><strong>Deus</strong></span> <span class='ocrx_word' id='word_1_718' title='bbox 939 4459 1007 4514; x_wconf 92' lang='lat' dir='ltr'><strong>de</strong></span> <span class='ocrx_word' id='word_1_719' title='bbox 1037 4460 1209 4514; x_wconf 85' lang='lat' dir='ltr'><strong>tribus</strong></span> <span class='ocrx_word' id='word_1_720' title='bbox 1251 4461 1617 4530; x_wconf 63' lang='lat' dir='ltr'><strong>praedicetur:</strong></span> <span class='ocrx_word' id='word_1_721' title='bbox 1653 4468 1976 4530; x_wconf 86' lang='lat' dir='ltr'><strong>separantur</strong></span> <span class='ocrx_word' id='word_1_722' title='bbox 2003 4468 2188 4514; x_wconf 90' lang='lat' dir='ltr'><strong>autem</strong></span> <span class='ocrx_word' id='word_1_723' title='bbox 2292 4453 2507 4518; x_wconf 78' lang='lat' dir='ltr'><strong>cedere,</strong></span> <span class='ocrx_word' id='word_1_724' title='bbox 2546 4463 2606 4508; x_wconf 92' lang='lat' dir='ltr'><strong>nt</strong></span> <span class='ocrx_word' id='word_1_725' title='bbox 2648 4465 2926 4524; x_wconf 71' lang='lat' dir='ltr'><strong>qureratnr</strong></span> <span class='ocrx_word' id='word_1_726' title='bbox 2951 4457 3400 4524; x_wconf 85' lang='lat' dir='ltr'><strong>quod-inventum</strong></span> <span class='ocrx_word' id='word_1_727' title='bbox 3435 4455 3609 4527; x_wconf 86' lang='lat' dir='ltr'><strong>proles</strong></span> <span class='ocrx_word' id='word_1_728' title='bbox 3631 4454 3837 4503; x_wconf 82' lang='lat' dir='ltr'><strong>vocetur.</strong></span> 
     </span>
    </p>
   </div>
   <div class='ocr_carea' id='block_1_47' title="bbox 602 4530 3839 4634">
    <p class='ocr_par' dir='ltr' id='par_1_47' title="bbox 602 4530 3839 4634">
     <span class='ocr_line' id='line_1_47' title="bbox 602 4530 3839 4634; baseline -0.005 -28"><span class='ocrx_word' id='word_1_729' title='bbox 602 4551 865 4606; x_wconf 89' lang='lat' dir='ltr'><strong>relatione</strong></span> <span class='ocrx_word' id='word_1_730' title='bbox 914 4560 1124 4606; x_wconf 89' lang='lat' dir='ltr'><strong>tantum</strong></span> <span class='ocrx_word' id='word_1_731' title='bbox 1143 4591 1160 4616; x_wconf 92' lang='lat'><strong>,</strong></span> <span class='ocrx_word' id='word_1_732' title='bbox 1204 4552 1502 4606; x_wconf 87' lang='lat' dir='ltr'><strong>substantia</strong></span> <span class='ocrx_word' id='word_1_733' title='bbox 1529 4567 1660 4607; x_wconf 85' lang='lat' dir='ltr'><strong>vero</strong></span> <span class='ocrx_word' id='word_1_734' title='bbox 1681 4551 2021 4622; x_wconf 87' lang='lat' dir='ltr'><strong>copulantur.</strong></span> <span class='ocrx_word' id='word_1_735' title='bbox 2052 4551 2188 4604; x_wconf 85' lang='lat' dir='ltr'><strong>Nam</strong></span> <span class='ocrx_word' id='word_1_736' title='bbox 2219 4530 2266 4590; x_wconf 73' lang='grc' dir='ltr'>ι)</span> <span class='ocrx_word' id='word_1_737' title='bbox 2291 4558 2396 4612; x_wconf 87' lang='lat' dir='ltr'><strong>qua</strong></span> <span class='ocrx_word' id='word_1_738' title='bbox 2418 4543 2531 4610; x_wconf 82' lang='lat' dir='ltr'><strong>jam</strong></span> <span class='ocrx_word' id='word_1_739' title='bbox 2559 4554 2714 4614; x_wconf 91' lang='lat' dir='ltr'><strong>parta</strong></span> <span class='ocrx_word' id='word_1_740' title='bbox 2748 4562 2842 4601; x_wconf 90' lang='lat' dir='ltr'><strong>seu</strong></span> <span class='ocrx_word' id='word_1_741' title='bbox 2875 4547 3054 4617; x_wconf 88' lang='lat' dir='ltr'><strong>genita</strong></span> <span class='ocrx_word' id='word_1_742' title='bbox 3090 4547 3338 4602; x_wconf 78' lang='lat' dir='ltr'><strong>voluntas</strong></span> <span class='ocrx_word' id='word_1_743' title='bbox 3368 4549 3455 4601; x_wconf 90' lang='lat' dir='ltr'><strong>illa</strong></span> <span class='ocrx_word' id='word_1_744' title='bbox 3487 4540 3764 4616; x_wconf 86' lang='lat' dir='ltr'><strong>perﬁcitur,</strong></span> <span class='ocrx_word' id='word_1_745' title='bbox 3786 4545 3839 4634; x_wconf 69' lang='lat' dir='ltr'><strong>e0</strong></span> 
     </span>
    </p>
   </div>
   <div class='ocr_carea' id='block_1_48' title="bbox 602 4634 3837 4710">
    <p class='ocr_par' dir='ltr' id='par_1_48' title="bbox 602 4634 3837 4710">
     <span class='ocr_line' id='line_1_48' title="bbox 602 4634 3837 4710; baseline 0.002 -13"><span class='ocrx_word' id='word_1_746' title='bbox 602 4644 766 4698; x_wconf 87' lang='lat' dir='ltr'><strong>Pater</strong></span> <span class='ocrx_word' id='word_1_747' title='bbox 788 4643 1074 4698; x_wconf 85' lang='lat' dir='ltr'><strong>relativum</strong></span> <span class='ocrx_word' id='word_1_748' title='bbox 1095 4652 1181 4698; x_wconf 90' lang='lat' dir='ltr'><strong>est</strong></span> <span class='ocrx_word' id='word_1_749' title='bbox 1206 4641 1350 4707; x_wconf 83' lang='lat' dir='ltr'><strong>Filii,</strong></span> <span class='ocrx_word' id='word_1_750' title='bbox 1375 4639 1543 4698; x_wconf 84' lang='lat' dir='ltr'><strong>Filius</strong></span> <span class='ocrx_word' id='word_1_751' title='bbox 1565 4642 1851 4698; x_wconf 84' lang='lat' dir='ltr'><strong>relativum</strong></span> <span class='ocrx_word' id='word_1_752' title='bbox 1874 4653 1958 4698; x_wconf 90' lang='lat' dir='ltr'><strong>est</strong></span> <span class='ocrx_word' id='word_1_753' title='bbox 1983 4643 2186 4708; x_wconf 88' lang='lat' dir='ltr'><strong>Patris,</strong></span> <span class='ocrx_word' id='word_1_754' title='bbox 2293 4636 2399 4690; x_wconf 82' lang='lat' dir='ltr'><strong>line</strong></span> <span class='ocrx_word' id='word_1_755' title='bbox 2435 4638 2806 4706; x_wconf 82' lang='lat' dir='ltr'><strong>requiescens.</strong></span> <span class='ocrx_word' id='word_1_756' title='bbox 2839 4647 2898 4691; x_wconf 90' lang='lat' dir='ltr'><strong>ut</strong></span> <span class='ocrx_word' id='word_1_757' title='bbox 2928 4639 3022 4710; x_wconf 87' lang='lat' dir='ltr'><strong>qui</strong></span> <span class='ocrx_word' id='word_1_758' title='bbox 3059 4639 3238 4694; x_wconf 82' lang='lat' dir='ltr'><strong>fuerat</strong></span> <span class='ocrx_word' id='word_1_759' title='bbox 3267 4641 3536 4710; x_wconf 80' lang='lat' dir='ltr'><strong>appetitus</strong></span> <span class='ocrx_word' id='word_1_760' title='bbox 3566 4634 3837 4706; x_wconf 63' lang='grc' dir='ltr'><strong>(ιυωτεηυδν</strong></span> 
     </span>
    </p>
   </div>
   <div class='ocr_carea' id='block_1_49' title="bbox 603 4713 3839 4804">
    <p class='ocr_par' dir='ltr' id='par_1_49' title="bbox 603 4713 3839 4804">
     <span class='ocr_line' id='line_1_49' title="bbox 603 4713 3839 4804; baseline -0.006 -16"><span class='ocrx_word' id='word_1_761' title='bbox 603 4733 842 4804; x_wconf 86' lang='lat' dir='ltr'><strong>Spiritus</strong></span> <span class='ocrx_word' id='word_1_762' title='bbox 870 4742 1051 4787; x_wconf 90' lang='lat' dir='ltr'><strong>autem</strong></span> <span class='ocrx_word' id='word_1_763' title='bbox 1103 4741 1325 4788; x_wconf 88' lang='lat' dir='ltr'><strong>sanctus</strong></span> <span class='ocrx_word' id='word_1_764' title='bbox 1362 4732 1580 4788; x_wconf 83' lang='lat' dir='ltr'><strong>Patrem</strong></span> <span class='ocrx_word' id='word_1_765' title='bbox 1611 4740 1666 4788; x_wconf 91' lang='lat' dir='ltr'><strong>et</strong></span> <span class='ocrx_word' id='word_1_766' title='bbox 1692 4731 1884 4788; x_wconf 89' lang='lat' dir='ltr'><strong>Filium</strong></span> <span class='ocrx_word' id='word_1_767' title='bbox 1916 4733 2080 4789; x_wconf 89' lang='lat' dir='ltr'><strong>habet</strong></span> <span class='ocrx_word' id='word_1_768' title='bbox 2107 4748 2192 4788; x_wconf 86' lang='lat' dir='ltr'><strong>re-</strong></span> <span class='ocrx_word' id='word_1_769' title='bbox 2293 4729 2364 4785; x_wconf 92' lang='lat' dir='ltr'><strong>sit</strong></span> <span class='ocrx_word' id='word_1_770' title='bbox 2410 4745 2564 4784; x_wconf 91' lang='lat' dir='ltr'><strong>amor</strong></span> <span class='ocrx_word' id='word_1_771' title='bbox 2613 4730 2874 4795; x_wconf 79' lang='lat' dir='ltr'><strong>l&#39;ruentis,</strong></span> <span class='ocrx_word' id='word_1_772' title='bbox 2924 4731 3015 4800; x_wconf 89' lang='lat' dir='ltr'><strong>qui</strong></span> <span class='ocrx_word' id='word_1_773' title='bbox 3061 4730 3175 4802; x_wconf 89' lang='lat' dir='ltr'><strong>jam</strong></span> <span class='ocrx_word' id='word_1_774' title='bbox 3217 4731 3284 4786; x_wconf 90' lang='lat' dir='ltr'><strong>de</strong></span> <span class='ocrx_word' id='word_1_775' title='bbox 3323 4741 3574 4799; x_wconf 90' lang='lat' dir='ltr'><strong>utroque,</strong></span> <span class='ocrx_word' id='word_1_776' title='bbox 3613 4723 3662 4780; x_wconf 91' lang='lat' dir='ltr'><strong>id</strong></span> <span class='ocrx_word' id='word_1_777' title='bbox 3685 4724 3758 4774; x_wconf 90' lang='lat' dir='ltr'><strong>est</strong></span> <span class='ocrx_word' id='word_1_778' title='bbox 3787 4713 3839 4766; x_wconf 82' lang='lat' dir='ltr'><strong>dc</strong></span> 
     </span>
    </p>
   </div>
   <div class='ocr_carea' id='block_1_50' title="bbox 603 4805 3839 4894">
    <p class='ocr_par' dir='ltr' id='par_1_50' title="bbox 603 4805 3839 4894">
     <span class='ocr_line' id='line_1_50' title="bbox 603 4805 3839 4894; baseline 0.002 -17"><span class='ocrx_word' id='word_1_779' title='bbox 603 4824 887 4888; x_wconf 88' lang='lat' dir='ltr'><strong>lationem,</strong></span> <span class='ocrx_word' id='word_1_780' title='bbox 937 4824 1080 4878; x_wconf 87' lang='lat' dir='ltr'><strong>unde</strong></span> <span class='ocrx_word' id='word_1_781' title='bbox 1109 4824 1451 4880; x_wconf 82' lang='lat' dir='ltr'><strong>convincitur</strong></span> <span class='ocrx_word' id='word_1_782' title='bbox 1488 4824 1558 4877; x_wconf 89' lang='lat' dir='ltr'><strong>ab</strong></span> <span class='ocrx_word' id='word_1_783' title='bbox 1601 4833 1836 4892; x_wconf 88' lang='lat' dir='ltr'><strong>utroque</strong></span> <span class='ocrx_word' id='word_1_784' title='bbox 1872 4825 2187 4894; x_wconf 87' lang='lat' dir='ltr'><strong>procedere.</strong></span> <span class='ocrx_word' id='word_1_785' title='bbox 2292 4821 2548 4892; x_wconf 87' lang='lat' dir='ltr'><strong>gignente</strong></span> <span class='ocrx_word' id='word_1_786' title='bbox 2590 4832 2792 4886; x_wconf 89' lang='lat' dir='ltr'><strong>mente,</strong></span> <span class='ocrx_word' id='word_1_787' title='bbox 2842 4831 2892 4876; x_wconf 90' lang='lat' dir='ltr'><strong>et</strong></span> <span class='ocrx_word' id='word_1_788' title='bbox 2949 4823 3016 4877; x_wconf 89' lang='lat' dir='ltr'><strong>de</strong></span> <span class='ocrx_word' id='word_1_789' title='bbox 3061 4823 3244 4893; x_wconf 87' lang='lat' dir='ltr'><strong>genita</strong></span> <span class='ocrx_word' id='word_1_790' title='bbox 3275 4823 3496 4878; x_wconf 88' lang='lat' dir='ltr'><strong>notione</strong></span> <span class='ocrx_word' id='word_1_791' title='bbox 3528 4823 3762 4884; x_wconf 75' lang='lat' dir='ltr'><strong>tanti&quot;am</strong></span> <span class='ocrx_word' id='word_1_792' title='bbox 3787 4805 3839 4857; x_wconf 60' lang='lat' dir='ltr'><strong>de</strong></span> 
     </span>
    </p>
   </div>
   <div class='ocr_carea' id='block_1_51' title="bbox 605 4908 3838 4985">
    <p class='ocr_par' dir='ltr' id='par_1_51' title="bbox 605 4908 3838 4985">
     <span class='ocr_line' id='line_1_51' title="bbox 605 4908 3838 4985; baseline -0.005 -19"><span class='ocrx_word' id='word_1_793' title='bbox 605 4915 737 4967; x_wconf 87' lang='lat' dir='ltr'><strong>Item</strong></span> <span class='ocrx_word' id='word_1_794' title='bbox 765 4914 904 4968; x_wconf 85' lang='lat' dir='ltr'><strong>inl‘ra</strong></span> <span class='ocrx_word' id='word_1_795' title='bbox 961 4915 1099 4983; x_wconf 86' lang='lat' dir='ltr'><strong>(cap.</strong></span> <span class='ocrx_word' id='word_1_796' title='bbox 1143 4914 1237 4985; x_wconf 71' lang='lat'><strong>26)</strong></span> <span class='ocrx_word' id='word_1_797' title='bbox 1279 4932 1292 4968; x_wconf 89' lang='lat'><strong>:</strong></span> <span class='ocrx_word' id='word_1_798' title='bbox 1337 4932 1358 4966; x_wconf 85' lang='grc'><strong><em>‹</em></strong></span> <span class='ocrx_word' id='word_1_799' title='bbox 1395 4914 1595 4969; x_wconf 90' lang='lat' dir='ltr'><strong>Deinde</strong></span> <span class='ocrx_word' id='word_1_800' title='bbox 1623 4914 1678 4969; x_wconf 92' lang='lat' dir='ltr'><strong>in</strong></span> <span class='ocrx_word' id='word_1_801' title='bbox 1715 4914 1804 4969; x_wconf 91' lang='lat' dir='ltr'><strong>illa</strong></span> <span class='ocrx_word' id='word_1_802' title='bbox 1832 4930 2041 4969; x_wconf 87' lang='lat' dir='ltr'><strong>summa</strong></span> <span class='ocrx_word' id='word_1_803' title='bbox 2065 4915 2190 4970; x_wconf 89' lang='lat' dir='ltr'><strong>Tri-</strong></span> <span class='ocrx_word' id='word_1_804' title='bbox 2295 4919 2518 4980; x_wconf 88' lang='lat' dir='ltr'><strong>parente</strong></span> <span class='ocrx_word' id='word_1_805' title='bbox 2565 4927 2628 4966; x_wconf 91' lang='lat' dir='ltr'><strong>ac</strong></span> <span class='ocrx_word' id='word_1_806' title='bbox 2675 4912 2824 4982; x_wconf 90' lang='lat' dir='ltr'><strong>prole</strong></span> <span class='ocrx_word' id='word_1_807' title='bbox 2876 4913 3168 4982; x_wconf 88' lang='lat' dir='ltr'><strong>procedat?</strong></span> <span class='ocrx_word' id='word_1_808' title='bbox 3229 4913 3344 4966; x_wconf 82' lang='lat' dir='ltr'><strong>Non</strong></span> <span class='ocrx_word' id='word_1_809' title='bbox 3391 4916 3610 4982; x_wconf 89' lang='lat' dir='ltr'><strong>possunt</strong></span> <span class='ocrx_word' id='word_1_810' title='bbox 3649 4908 3838 4974; x_wconf 75' lang='lat' dir='ltr'><strong>prorsus</strong></span> 
     </span>
    </p>
   </div>
   <div class='ocr_carea' id='block_1_52' title="bbox 605 4989 3836 5082">
    <p class='ocr_par' dir='ltr' id='par_1_52' title="bbox 605 4989 3836 5082">
     <span class='ocr_line' id='line_1_52' title="bbox 605 4989 3836 5082; baseline -0.003 -28"><span class='ocrx_word' id='word_1_811' title='bbox 605 5003 797 5066; x_wconf 88' lang='lat' dir='ltr'><strong>nitate,</strong></span> <span class='ocrx_word' id='word_1_812' title='bbox 843 5019 964 5072; x_wconf 63' lang='lat' dir='ltr'><strong>quae.</strong></span> <span class='ocrx_word' id='word_1_813' title='bbox 1013 5005 1154 5058; x_wconf 89' lang='lat' dir='ltr'><strong>Deus</strong></span> <span class='ocrx_word' id='word_1_814' title='bbox 1201 5012 1307 5069; x_wconf 90' lang='lat' dir='ltr'><strong>est,</strong></span> <span class='ocrx_word' id='word_1_815' title='bbox 1359 5003 1644 5059; x_wconf 86' lang='lat' dir='ltr'><strong>intervalla</strong></span> <span class='ocrx_word' id='word_1_816' title='bbox 1691 5013 1994 5073; x_wconf 86' lang='lat' dir='ltr'><strong>temporum</strong></span> <span class='ocrx_word' id='word_1_817' title='bbox 2045 5006 2188 5060; x_wconf 87' lang='lat' dir='ltr'><strong>nulla</strong></span> <span class='ocrx_word' id='word_1_818' title='bbox 2295 5002 2396 5058; x_wconf 89' lang='lat' dir='ltr'><strong>ista</strong></span> <span class='ocrx_word' id='word_1_819' title='bbox 2431 5003 2504 5058; x_wconf 88' lang='lat' dir='ltr'><strong>ibi</strong></span> <span class='ocrx_word' id='word_1_820' title='bbox 2542 5004 2731 5072; x_wconf 70' lang='lat' dir='ltr'><strong>quaeri,</strong></span> <span class='ocrx_word' id='word_1_821' title='bbox 2766 5004 2856 5058; x_wconf 90' lang='lat' dir='ltr'><strong>ubi</strong></span> <span class='ocrx_word' id='word_1_822' title='bbox 2889 5003 3024 5058; x_wconf 90' lang='lat' dir='ltr'><strong>nihil</strong></span> <span class='ocrx_word' id='word_1_823' title='bbox 3067 5021 3132 5059; x_wconf 80' lang='lat' dir='ltr'><strong>ex</strong></span> <span class='ocrx_word' id='word_1_824' title='bbox 3177 5014 3419 5073; x_wconf 86' lang='lat' dir='ltr'><strong>tempore</strong></span> <span class='ocrx_word' id='word_1_825' title='bbox 3465 5000 3753 5056; x_wconf 88' lang='lat' dir='ltr'><strong>inchoatur,</strong></span> <span class='ocrx_word' id='word_1_826' title='bbox 3794 4989 3836 5082; x_wconf 66' lang='grc' dir='ltr'>ιιξ</span> 
     </span>
    </p>
   </div>
   <div class='ocr_carea' id='block_1_53' title="bbox 606 5089 3836 5176">
    <p class='ocr_par' dir='ltr' id='par_1_53' title="bbox 606 5089 3836 5176">
     <span class='ocr_line' id='line_1_53' title="bbox 606 5089 3836 5176; baseline 0.001 -30"><span class='ocrx_word' id='word_1_827' title='bbox 606 5100 756 5155; x_wconf 86' lang='lat' dir='ltr'><strong>sunt,</strong></span> <span class='ocrx_word' id='word_1_828' title='bbox 802 5105 902 5160; x_wconf 90' lang='lat' dir='ltr'><strong>per</strong></span> <span class='ocrx_word' id='word_1_829' title='bbox 955 5109 1074 5161; x_wconf 68' lang='lat' dir='ltr'><strong>quae</strong></span> <span class='ocrx_word' id='word_1_830' title='bbox 1122 5095 1294 5162; x_wconf 90' lang='lat' dir='ltr'><strong>possit</strong></span> <span class='ocrx_word' id='word_1_831' title='bbox 1339 5094 1577 5159; x_wconf 88' lang='lat' dir='ltr'><strong>ostendi,</strong></span> <span class='ocrx_word' id='word_1_832' title='bbox 1609 5103 1704 5149; x_wconf 89' lang='lat' dir='ltr'><strong>aut</strong></span> <span class='ocrx_word' id='word_1_833' title='bbox 1746 5093 1940 5149; x_wconf 85' lang='lat' dir='ltr'><strong>saltem</strong></span> <span class='ocrx_word' id='word_1_834' title='bbox 1964 5095 2188 5165; x_wconf 88' lang='lat' dir='ltr'><strong>requiri,</strong></span> <span class='ocrx_word' id='word_1_835' title='bbox 2297 5095 2649 5164; x_wconf 89' lang='lat' dir='ltr'><strong>consequenti</strong></span> <span class='ocrx_word' id='word_1_836' title='bbox 2686 5095 3002 5166; x_wconf 80' lang='lat' dir='ltr'><strong>perﬁciatur</strong></span> <span class='ocrx_word' id='word_1_837' title='bbox 3034 5097 3086 5151; x_wconf 93' lang='lat' dir='ltr'><strong>in</strong></span> <span class='ocrx_word' id='word_1_838' title='bbox 3121 5107 3383 5166; x_wconf 87' lang='lat' dir='ltr'><strong>tempore.</strong></span> <span class='ocrx_word' id='word_1_839' title='bbox 3425 5089 3836 5176; x_wconf 43' lang='lat' dir='ltr'><strong>Quapropter}!!!</strong></span> 
     </span>
    </p>
   </div>
   <div class='ocr_carea' id='block_1_54' title="bbox 607 5166 3834 5266">
    <p class='ocr_par' dir='ltr' id='par_1_54' title="bbox 607 5166 3834 5266">
     <span class='ocr_line' id='line_1_54' title="bbox 607 5166 3834 5266; baseline -0.001 -30"><span class='ocrx_word' id='word_1_840' title='bbox 607 5192 789 5237; x_wconf 89' lang='lat' dir='ltr'><strong>utrum</strong></span> <span class='ocrx_word' id='word_1_841' title='bbox 819 5185 972 5252; x_wconf 88' lang='lat' dir='ltr'><strong>prius</strong></span> <span class='ocrx_word' id='word_1_842' title='bbox 1000 5186 1068 5239; x_wconf 92' lang='lat' dir='ltr'><strong>de</strong></span> <span class='ocrx_word' id='word_1_843' title='bbox 1113 5185 1273 5242; x_wconf 88' lang='lat' dir='ltr'><strong>Patre</strong></span> <span class='ocrx_word' id='word_1_844' title='bbox 1300 5194 1460 5241; x_wconf 89' lang='lat' dir='ltr'><strong>natus</strong></span> <span class='ocrx_word' id='word_1_845' title='bbox 1503 5186 1573 5240; x_wconf 88' lang='lat' dir='ltr'><strong>sit</strong></span> <span class='ocrx_word' id='word_1_846' title='bbox 1601 5185 1792 5250; x_wconf 89' lang='lat' dir='ltr'><strong>Filius,</strong></span> <span class='ocrx_word' id='word_1_847' title='bbox 1822 5195 1876 5241; x_wconf 90' lang='lat' dir='ltr'><strong>et</strong></span> <span class='ocrx_word' id='word_1_848' title='bbox 1907 5195 2094 5258; x_wconf 87' lang='lat' dir='ltr'><strong>postea</strong></span> <span class='ocrx_word' id='word_1_849' title='bbox 2127 5187 2194 5242; x_wconf 89' lang='lat' dir='ltr'><strong>de</strong></span> <span class='ocrx_word' id='word_1_850' title='bbox 2297 5195 2479 5254; x_wconf 87' lang='lat' dir='ltr'><strong>potest</strong></span> <span class='ocrx_word' id='word_1_851' title='bbox 2528 5185 2830 5256; x_wconf 85' lang='lat' dir='ltr'><strong>intelligere</strong></span> <span class='ocrx_word' id='word_1_852' title='bbox 2871 5187 2990 5244; x_wconf 91' lang='lat' dir='ltr'><strong>sine</strong></span> <span class='ocrx_word' id='word_1_853' title='bbox 3029 5197 3270 5258; x_wconf 89' lang='lat' dir='ltr'><strong>tempore</strong></span> <span class='ocrx_word' id='word_1_854' title='bbox 3310 5185 3697 5259; x_wconf 85' lang='lat' dir='ltr'><strong>generationem</strong></span> <span class='ocrx_word' id='word_1_855' title='bbox 3738 5166 3834 5266; x_wconf 40' lang='lat' dir='ltr'><strong>fil.“</strong></span> 
     </span>
    </p>
   </div>
   <div class='ocr_carea' id='block_1_55' title="bbox 608 5258 3836 5355">
    <p class='ocr_par' dir='ltr' id='par_1_55' title="bbox 608 5258 3836 5355">
     <span class='ocr_line' id='line_1_55' title="bbox 608 5258 3836 5355; baseline 0 -29"><span class='ocrx_word' id='word_1_856' title='bbox 608 5273 872 5328; x_wconf 84' lang='lat' dir='ltr'><strong>ambobus</strong></span> <span class='ocrx_word' id='word_1_857' title='bbox 918 5276 1248 5344; x_wconf 82' lang='lat' dir='ltr'><strong>processerit</strong></span> <span class='ocrx_word' id='word_1_858' title='bbox 1306 5276 1544 5346; x_wconf 90' lang='lat' dir='ltr'><strong>Spiritus</strong></span> <span class='ocrx_word' id='word_1_859' title='bbox 1592 5285 1815 5332; x_wconf 88' lang='lat' dir='ltr'><strong>sanctus</strong></span> <span class='ocrx_word' id='word_1_860' title='bbox 1867 5295 1880 5331; x_wconf 91' lang='lat'>:</span> <span class='ocrx_word' id='word_1_861' title='bbox 1937 5277 2193 5346; x_wconf 89' lang='lat' dir='ltr'><strong>quoniam</strong></span> <span class='ocrx_word' id='word_1_862' title='bbox 2299 5277 2364 5331; x_wconf 90' lang='lat' dir='ltr'><strong>de</strong></span> <span class='ocrx_word' id='word_1_863' title='bbox 2392 5276 2575 5340; x_wconf 87' lang='lat' dir='ltr'><strong>Patre,</strong></span> <span class='ocrx_word' id='word_1_864' title='bbox 2612 5277 2876 5348; x_wconf 79' lang='lat' dir='ltr'><strong>intelligat</strong></span> <span class='ocrx_word' id='word_1_865' title='bbox 2910 5280 3026 5334; x_wconf 90' lang='lat' dir='ltr'><strong>sine</strong></span> <span class='ocrx_word' id='word_1_866' title='bbox 3060 5288 3302 5349; x_wconf 89' lang='lat' dir='ltr'><strong>tempore</strong></span> <span class='ocrx_word' id='word_1_867' title='bbox 3325 5258 3712 5350; x_wconf 87' lang='lat' dir='ltr'><strong>processioncm</strong></span> <span class='ocrx_word' id='word_1_868' title='bbox 3739 5258 3836 5355; x_wconf 56' lang='lat' dir='ltr'><strong>SPl‘</strong></span> 
     </span>
    </p>
   </div>
   <div class='ocr_carea' id='block_1_56' title="bbox 611 5356 3836 5440">
    <p class='ocr_par' dir='ltr' id='par_1_56' title="bbox 611 5356 3836 5440">
     <span class='ocr_line' id='line_1_56' title="bbox 611 5356 3836 5440; baseline -0.006 -21"><span class='ocrx_word' id='word_1_869' title='bbox 611 5366 892 5436; x_wconf 86' lang='lat' dir='ltr'><strong>Scriptura</strong></span> <span class='ocrx_word' id='word_1_870' title='bbox 936 5376 1121 5422; x_wconf 88' lang='lat' dir='ltr'><strong>sancta</strong></span> <span class='ocrx_word' id='word_1_871' title='bbox 1169 5366 1432 5437; x_wconf 90' lang='lat' dir='ltr'><strong>Spiritum</strong></span> <span class='ocrx_word' id='word_1_872' title='bbox 1473 5382 1596 5422; x_wconf 88' lang='lat' dir='ltr'><strong>eum</strong></span> <span class='ocrx_word' id='word_1_873' title='bbox 1646 5367 1780 5424; x_wconf 90' lang='lat' dir='ltr'><strong>dicit</strong></span> <span class='ocrx_word' id='word_1_874' title='bbox 1829 5369 2132 5424; x_wconf 79' lang='lat' dir='ltr'><strong>amborum.</strong></span> <span class='ocrx_word' id='word_1_875' title='bbox 2170 5387 2190 5418; x_wconf 75' lang='grc' dir='ltr'><strong>ι</strong></span> <span class='ocrx_word' id='word_1_876' title='bbox 2301 5366 2438 5422; x_wconf 89' lang='lat' dir='ltr'><strong>ritus</strong></span> <span class='ocrx_word' id='word_1_877' title='bbox 2468 5368 2640 5423; x_wconf 87' lang='lat' dir='ltr'><strong>sancti</strong></span> <span class='ocrx_word' id='word_1_878' title='bbox 2675 5368 2740 5424; x_wconf 85' lang='lat' dir='ltr'><strong>de</strong></span> <span class='ocrx_word' id='word_1_879' title='bbox 2765 5380 3014 5440; x_wconf 87' lang='lat' dir='ltr'><strong>utroque.</strong></span> <span class='ocrx_word' id='word_1_880' title='bbox 3052 5391 3069 5422; x_wconf 72' lang='grc' dir='ltr'><strong>ι</strong></span> <span class='ocrx_word' id='word_1_881' title='bbox 3113 5370 3367 5426; x_wconf 87' lang='lat' dir='ltr'><strong>Testatur</strong></span> <span class='ocrx_word' id='word_1_882' title='bbox 3406 5372 3589 5425; x_wconf 85' lang='lat' dir='ltr'><strong>beatus</strong></span> <span class='ocrx_word' id='word_1_883' title='bbox 3615 5356 3836 5425; x_wconf 76' lang='lat' dir='ltr'><strong>Augusti-</strong></span> 
     </span>
    </p>
   </div>
   <div class='ocr_carea' id='block_1_57' title="bbox 599 5444 3834 5532">
    <p class='ocr_par' dir='ltr' id='par_1_57' title="bbox 599 5444 3834 5532">
     <span class='ocr_line' id='line_1_57' title="bbox 599 5444 3834 5532; baseline -0 -17"><span class='ocrx_word' id='word_1_884' title='bbox 599 5461 727 5530; x_wconf 69' lang='lat' dir='ltr'><strong>ipse</strong></span> <span class='ocrx_word' id='word_1_885' title='bbox 751 5469 835 5514; x_wconf 91' lang='lat' dir='ltr'><strong>est</strong></span> <span class='ocrx_word' id='word_1_886' title='bbox 861 5459 1004 5513; x_wconf 86' lang='lat' dir='ltr'><strong>enim</strong></span> <span class='ocrx_word' id='word_1_887' title='bbox 1051 5460 1117 5514; x_wconf 85' lang='lat' dir='ltr'><strong>de</strong></span> <span class='ocrx_word' id='word_1_888' title='bbox 1156 5476 1266 5530; x_wconf 92' lang='lat' dir='ltr'><strong>quo</strong></span> <span class='ocrx_word' id='word_1_889' title='bbox 1295 5460 1425 5515; x_wconf 89' lang='lat' dir='ltr'><strong>dicit</strong></span> <span class='ocrx_word' id='word_1_890' title='bbox 1461 5459 2198 5530; x_wconf 78' lang='lat' dir='ltr'><strong>Apostolusthtom&#39;umatt-</strong></span> <span class='ocrx_word' id='word_1_891' title='bbox 2301 5475 2404 5514; x_wconf 92' lang='lat' dir='ltr'><strong>nns</strong></span> <span class='ocrx_word' id='word_1_892' title='bbox 2453 5461 2852 5529; x_wconf 77' lang='lat' dir='ltr'><strong>processionem</strong></span> <span class='ocrx_word' id='word_1_893' title='bbox 2919 5460 3156 5532; x_wconf 80' lang='lat' dir='ltr'><strong>Spiritus</strong></span> <span class='ocrx_word' id='word_1_894' title='bbox 3212 5463 3386 5518; x_wconf 89' lang='lat' dir='ltr'><strong>sancti</strong></span> <span class='ocrx_word' id='word_1_895' title='bbox 3445 5470 3550 5516; x_wconf 89' lang='lat' dir='ltr'><strong>tam</strong></span> <span class='ocrx_word' id='word_1_896' title='bbox 3597 5454 3658 5507; x_wconf 79' lang='lat' dir='ltr'><strong>de</strong></span> <span class='ocrx_word' id='word_1_897' title='bbox 3704 5444 3834 5500; x_wconf 56' lang='lat' dir='ltr'><strong>Pam</strong></span> 
     </span>
    </p>
   </div>
   <div class='ocr_carea' id='block_1_58' title="bbox 609 5534 3835 5622">
    <p class='ocr_par' dir='ltr' id='par_1_58' title="bbox 609 5534 3835 5622">
     <span class='ocr_line' id='line_1_58' title="bbox 609 5534 3835 5622; baseline -0.002 -19"><span class='ocrx_word' id='word_1_898' title='bbox 609 5563 712 5604; x_wconf 78' lang='lat' dir='ltr'><strong>tem</strong></span> <span class='ocrx_word' id='word_1_899' title='bbox 731 5552 854 5604; x_wconf 71' lang='lat' dir='ltr'><strong>estis</strong></span> <span class='ocrx_word' id='word_1_900' title='bbox 880 5548 1034 5613; x_wconf 82' lang='lat' dir='ltr'><strong>Filii,</strong></span> <span class='ocrx_word' id='word_1_901' title='bbox 1067 5553 1207 5604; x_wconf 78' lang='lat' dir='ltr'><strong>mis&#39;t</strong></span> <span class='ocrx_word' id='word_1_902' title='bbox 1231 5549 1371 5604; x_wconf 71' lang='lat' dir='ltr'><strong>Deus</strong></span> <span class='ocrx_word' id='word_1_903' title='bbox 1403 5550 1662 5620; x_wconf 84' lang='lat' dir='ltr'><strong>Spiritum</strong></span> <span class='ocrx_word' id='word_1_904' title='bbox 1691 5549 1819 5606; x_wconf 82' lang='lat' dir='ltr'><strong>Filii</strong></span> <span class='ocrx_word' id='word_1_905' title='bbox 1844 5553 1926 5605; x_wconf 75' lang='lat' dir='ltr'><strong>sui</strong></span> <span class='ocrx_word' id='word_1_906' title='bbox 1948 5553 2000 5605; x_wconf 82' lang='lat' dir='ltr'><strong>in</strong></span> <span class='ocrx_word' id='word_1_907' title='bbox 2035 5551 2196 5606; x_wconf 82' lang='lat' dir='ltr'><strong>corda</strong></span> <span class='ocrx_word' id='word_1_908' title='bbox 2301 5564 2465 5619; x_wconf 87' lang='lat' dir='ltr'><strong>quam</strong></span> <span class='ocrx_word' id='word_1_909' title='bbox 2504 5547 2570 5603; x_wconf 89' lang='lat' dir='ltr'><strong>de</strong></span> <span class='ocrx_word' id='word_1_910' title='bbox 2607 5548 2742 5603; x_wconf 90' lang='lat' dir='ltr'><strong>Filio</strong></span> <span class='ocrx_word' id='word_1_911' title='bbox 2783 5550 2917 5604; x_wconf 86' lang='lat' dir='ltr'><strong>tieri.</strong></span> <span class='ocrx_word' id='word_1_912' title='bbox 2959 5550 3065 5606; x_wconf 86' lang='lat' dir='ltr'><strong>Sed</strong></span> <span class='ocrx_word' id='word_1_913' title='bbox 3098 5560 3277 5607; x_wconf 88' lang='lat' dir='ltr'><strong>movet</strong></span> <span class='ocrx_word' id='word_1_914' title='bbox 3304 5549 3642 5622; x_wconf 57' lang='lat' dir='ltr'><strong>quaestionem</strong></span> <span class='ocrx_word' id='word_1_915' title='bbox 3669 5534 3729 5590; x_wconf 77' lang='lat' dir='ltr'><strong>de</strong></span> <span class='ocrx_word' id='word_1_916' title='bbox 3751 5536 3835 5596; x_wconf 68' lang='grc'><strong>(1⁸³³⁸</strong></span> 
     </span>
    </p>
   </div>
   <div class='ocr_carea' id='block_1_59' title="bbox 609 5629 3836 5715">
    <p class='ocr_par' dir='ltr' id='par_1_59' title="bbox 609 5629 3836 5715">
     <span class='ocr_line' id='line_1_59' title="bbox 609 5629 3836 5715; baseline -0.005 -21"><span class='ocrx_word' id='word_1_917' title='bbox 609 5653 784 5697; x_wconf 76' lang='lat' dir='ltr'><strong>nostra</strong></span> <span class='ocrx_word' id='word_1_918' title='bbox 815 5643 960 5713; x_wconf 75' lang='lat' dir='ltr'><strong>(Gul.</strong></span> <span class='ocrx_word' id='word_1_919' title='bbox 994 5661 1066 5706; x_wconf 76' lang='lat' dir='ltr'><strong>iv,</strong></span> <span class='ocrx_word' id='word_1_920' title='bbox 1101 5644 1176 5705; x_wconf 79' lang='lat'><strong>6).</strong></span> <span class='ocrx_word' id='word_1_921' title='bbox 1215 5643 1282 5698; x_wconf 85' lang='lat' dir='ltr'><strong>Et</strong></span> <span class='ocrx_word' id='word_1_922' title='bbox 1313 5643 1429 5712; x_wconf 89' lang='lat' dir='ltr'><strong>ipse</strong></span> <span class='ocrx_word' id='word_1_923' title='bbox 1447 5651 1532 5695; x_wconf 87' lang='lat' dir='ltr'><strong>est</strong></span> <span class='ocrx_word' id='word_1_924' title='bbox 1557 5642 1625 5695; x_wconf 88' lang='lat' dir='ltr'><strong>de</strong></span> <span class='ocrx_word' id='word_1_925' title='bbox 1650 5658 1758 5711; x_wconf 84' lang='lat' dir='ltr'><strong>quo</strong></span> <span class='ocrx_word' id='word_1_926' title='bbox 1787 5642 1917 5698; x_wconf 89' lang='lat' dir='ltr'><strong>dicit</strong></span> <span class='ocrx_word' id='word_1_927' title='bbox 1947 5643 2088 5698; x_wconf 89' lang='lat' dir='ltr'><strong>idem</strong></span> <span class='ocrx_word' id='word_1_928' title='bbox 2112 5641 2200 5696; x_wconf 70' lang='lat' dir='ltr'><strong>Fi«</strong></span> <span class='ocrx_word' id='word_1_929' title='bbox 2293 5639 2408 5709; x_wconf 88' lang='lat' dir='ltr'><strong>jam</strong></span> <span class='ocrx_word' id='word_1_930' title='bbox 2459 5641 2707 5709; x_wconf 85' lang='lat' dir='ltr'><strong>superius</strong></span> <span class='ocrx_word' id='word_1_931' title='bbox 2754 5641 2955 5696; x_wconf 83' lang='lat' dir='ltr'><strong>dictum</strong></span> <span class='ocrx_word' id='word_1_932' title='bbox 3005 5653 3110 5710; x_wconf 88' lang='lat' dir='ltr'><strong>est,</strong></span> <span class='ocrx_word' id='word_1_933' title='bbox 3156 5656 3336 5699; x_wconf 91' lang='lat' dir='ltr'><strong>utrum</strong></span> <span class='ocrx_word' id='word_1_934' title='bbox 3389 5640 3609 5715; x_wconf 85' lang='lat' dir='ltr'><strong>Spiritus</strong></span> <span class='ocrx_word' id='word_1_935' title='bbox 3652 5629 3836 5683; x_wconf 78' lang='lat' dir='ltr'><strong>sanctus</strong></span> 
     </span>
    </p>
   </div>
   <div class='ocr_carea' id='block_1_60' title="bbox 610 5716 3834 5805">
    <p class='ocr_par' dir='ltr' id='par_1_60' title="bbox 610 5716 3834 5805">
     <span class='ocr_line' id='line_1_60' title="bbox 610 5716 3834 5805; baseline -0.001 -20"><span class='ocrx_word' id='word_1_936' title='bbox 610 5732 716 5788; x_wconf 80' lang='lat' dir='ltr'><strong>lius</strong></span> <span class='ocrx_word' id='word_1_937' title='bbox 751 5752 761 5786; x_wconf 93' lang='lat'>:</span> <span class='ocrx_word' id='word_1_938' title='bbox 799 5731 918 5787; x_wconf 78' lang='lat' dir='ltr'><strong>Non</strong></span> <span class='ocrx_word' id='word_1_939' title='bbox 943 5736 1079 5788; x_wconf 81' lang='lat' dir='ltr'><strong>enim</strong></span> <span class='ocrx_word' id='word_1_940' title='bbox 1111 5753 1197 5788; x_wconf 81' lang='lat' dir='ltr'><strong>eos</strong></span> <span class='ocrx_word' id='word_1_941' title='bbox 1228 5735 1352 5789; x_wconf 70' lang='lat' dir='ltr'><strong>estis</strong></span> <span class='ocrx_word' id='word_1_942' title='bbox 1381 5733 1470 5803; x_wconf 83' lang='lat' dir='ltr'><strong>qui</strong></span> <span class='ocrx_word' id='word_1_943' title='bbox 1520 5731 1818 5801; x_wconf 82' lang='lat' dir='ltr'><strong>loquimini,</strong></span> <span class='ocrx_word' id='word_1_944' title='bbox 1851 5734 1942 5788; x_wconf 75' lang='lat' dir='ltr'><strong>sed</strong></span> <span class='ocrx_word' id='word_1_945' title='bbox 1969 5733 2198 5803; x_wconf 78' lang='lat' dir='ltr'><strong>Spiritus</strong></span> <span class='ocrx_word' id='word_1_946' title='bbox 2302 5743 2427 5788; x_wconf 85' lang='lat' dir='ltr'><strong>ante</strong></span> <span class='ocrx_word' id='word_1_947' title='bbox 2456 5733 2583 5789; x_wconf 78' lang='lat' dir='ltr'><strong>Filii</strong></span> <span class='ocrx_word' id='word_1_948' title='bbox 2617 5733 2952 5788; x_wconf 68' lang='lat' dir='ltr'><strong>nativitatem</strong></span> <span class='ocrx_word' id='word_1_949' title='bbox 2990 5738 3316 5805; x_wconf 81' lang='lat' dir='ltr'><strong>processerit</strong></span> <span class='ocrx_word' id='word_1_950' title='bbox 3351 5739 3416 5792; x_wconf 90' lang='lat' dir='ltr'><strong>de</strong></span> <span class='ocrx_word' id='word_1_951' title='bbox 3455 5735 3622 5790; x_wconf 82' lang='lat' dir='ltr'><strong>Patre,</strong></span> <span class='ocrx_word' id='word_1_952' title='bbox 3663 5727 3708 5775; x_wconf 77' lang='grc' dir='ltr'>ει</span> <span class='ocrx_word' id='word_1_953' title='bbox 3737 5716 3834 5782; x_wconf 60' lang='lat' dir='ltr'><strong>llo“</strong></span> 
     </span>
    </p>
   </div>
   <div class='ocr_carea' id='block_1_61' title="bbox 611 5808 3832 5899">
    <p class='ocr_par' dir='ltr' id='par_1_61' title="bbox 611 5808 3832 5899">
     <span class='ocr_line' id='line_1_61' title="bbox 611 5808 3832 5899; baseline -0.006 -14"><span class='ocrx_word' id='word_1_954' title='bbox 611 5823 789 5884; x_wconf 69' lang='lat' dir='ltr'><strong>Patris</strong></span> <span class='ocrx_word' id='word_1_955' title='bbox 823 5829 971 5883; x_wconf 70' lang='lat' dir='ltr'><strong>vestri</strong></span> <span class='ocrx_word' id='word_1_956' title='bbox 1013 5829 1101 5898; x_wconf 81' lang='lat' dir='ltr'><strong>qui</strong></span> <span class='ocrx_word' id='word_1_957' title='bbox 1151 5827 1382 5899; x_wconf 85' lang='lat' dir='ltr'><strong>loquitur</strong></span> <span class='ocrx_word' id='word_1_958' title='bbox 1410 5825 1462 5879; x_wconf 87' lang='lat' dir='ltr'><strong>in</strong></span> <span class='ocrx_word' id='word_1_959' title='bbox 1494 5823 1635 5879; x_wconf 74' lang='lat' dir='ltr'><strong>vobis</strong></span> <span class='ocrx_word' id='word_1_960' title='bbox 1668 5826 1882 5899; x_wconf 75' lang='lat' dir='ltr'><strong>(Matth.</strong></span> <span class='ocrx_word' id='word_1_961' title='bbox 1911 5845 1962 5895; x_wconf 77' lang='grc' dir='ltr'><strong>χ,</strong></span> <span class='ocrx_word' id='word_1_962' title='bbox 1990 5827 2102 5898; x_wconf 71' lang='lat'><strong>9.0).</strong></span> <span class='ocrx_word' id='word_1_963' title='bbox 2132 5827 2198 5882; x_wconf 77' lang='lat' dir='ltr'><strong>Et</strong></span> <span class='ocrx_word' id='word_1_964' title='bbox 2304 5834 2430 5881; x_wconf 81' lang='lat' dir='ltr'><strong>nato</strong></span> <span class='ocrx_word' id='word_1_965' title='bbox 2478 5825 2613 5882; x_wconf 86' lang='lat' dir='ltr'><strong>Filio</strong></span> <span class='ocrx_word' id='word_1_966' title='bbox 2661 5827 2984 5896; x_wconf 78' lang='lat' dir='ltr'><strong>processerit</strong></span> <span class='ocrx_word' id='word_1_967' title='bbox 3029 5827 3192 5883; x_wconf 75' lang='lat' dir='ltr'><strong>etiam</strong></span> <span class='ocrx_word' id='word_1_968' title='bbox 3245 5828 3310 5883; x_wconf 89' lang='lat' dir='ltr'><strong>ab</strong></span> <span class='ocrx_word' id='word_1_969' title='bbox 3363 5828 3448 5882; x_wconf 79' lang='lat' dir='ltr'><strong>illo</strong></span> <span class='ocrx_word' id='word_1_970' title='bbox 3479 5843 3489 5878; x_wconf 88' lang='lat'>:</span> <span class='ocrx_word' id='word_1_971' title='bbox 3519 5818 3603 5875; x_wconf 79' lang='lat' dir='ltr'><strong>sed</strong></span> <span class='ocrx_word' id='word_1_972' title='bbox 3637 5815 3684 5868; x_wconf 91' lang='lat' dir='ltr'><strong>in</strong></span> <span class='ocrx_word' id='word_1_973' title='bbox 3723 5808 3832 5858; x_wconf 65' lang='grc' dir='ltr'>ίιπτιε</span> 
     </span>
    </p>
   </div>
  </div>
