4026 6346
215 357 348 416 285

1134 357 1413 416 CONTRA
1451 357 1865 416 GBECORUM
1901 355 2261 417 OPPOSITA.
2300 391 2369 403 -—
2398 361 2525 418 LIB.
2566 362 2657 420 lli.

3416 362 3524 425 est;

216 472 590 545 questiomm
640 471 731 528 illa
779 470 1055 543 compellit
1096 466 1417 538 similitudo,
1462 486 1568 542 qua
1623 471 1824 528 dieitur
1848 477 1898 538 Α
1926 472 2429 545 procedatSpiritus
2453 488 2691 533 sanctus.
2712 476 2817 535 Sed
2839 477 2981 534 nulla
3010 478 3082 535 ibi
3101 488 3340 551 tempora
3368 486 3522 554 cogi-

216 570 301 628 dc
332 571 571 627 humana
608 578 790 625 mente
823 569 1115 641 procedere
1143 567 1475 624 voluntatem
1503 568 1822 639 priusquam

216 661 462 716 verbum
497 658 766 715 formetur
793 674 861 715 ex
885 668 1086 723 mente,
1109 666 1167 712 ut
1190 657 1287 712 liat
1310 656 1578 728 appetitus
1604 657 1824 727 quidam

219 751 535 809 voluntatis
565 751 633 806 ad
667 751 1038 820 quaerendum,
1070 748 1214 820 quod
1240 764 1362 803 cum
1402 749 1678 803 inventum
1708 746 1827 803 fue-

219 843 331 908 rit,
381 850 611 898 vocetur
655 852 910 911 tanquam
958 839 1139 911 proles
1175 840 1409 904 mentis,
1432 855 1536 909 qua
1569 847 1823 909 generata

219 929 524 1003 perficitur
550 930 803 987 voluntas
835 930 921 985 illa
952 946 1054 1001 qua
1084 931 1350 1000 processit
1393 930 1659 1002 appetitus
1705 930 1831 1001 qui-

218 1025 367 1081 dem
401 1026 469 1081 ad
513 1024 894 1096 quaerendum;
937 1024 1031 1079 sed
1059 1025 1174 1079 bare
1201 1023 1450 1078 voluntas
1477 1030 1532 1076 et
1558 1020 1734 1092 primo
1758 1022 1827 1076 de

219 1126 424 1172 mente
461 1125 590 1171 nata
619 1124 706 1171 est
743 1126 1035 1184 antequam
1064 1125 1402 1185 quaereretur
1427 1112 1570 1183 quod
1596 1112 1824 1167 inveniri

222 1206 668 1271 desiderabatur,
696 1220 805 1275 quo
841 1206 1061 1260 invento
1094 1205 1250 1275 plena
1273 1204 1571 1276 perﬁcitur,
1603 1206 1731 1260 dum
1754 1217 1824 1259 ex

223 1300 358 1370 ipso
398 1301 622 1354 invento
666 1298 1086 1369 multiplicatur;
1126 1299 1325 1372 gaudet
1364 1300 1508 1354 enim
1555 1299 1827 1354 invenisse

221 1392 384 1463 quod
422 1391 673 1463 qutesivit
701 1408 715 1444 :
749 1391 893 1446 unde
929 1405 997 1445 ex
1035 1400 1266 1461 utroque
1291 1399 1415 1445 nata
1442 1390 1709 1455 voluntas,
1740 1389 1827 1444 vi-

222 1481 442 1538 delicet
490 1491 597 1537 tam
627 1482 696 1538 de
724 1490 908 1537 mente
937 1497 1099 1552 quam
1127 1483 1194 1538 de
1218 1483 1461 1548 invento,
1485 1483 1732 1555 procedit
1758 1481 1827 1537 ab

222 1579 507 1642 utroque;
553 1572 650 1627 sed
696 1570 848 1642 prius
889 1586 920 1626 a
968 1581 1179 1638 mente,
1222 1581 1279 1628 et
1310 1555 1433 1644 post
1458 1574 1526 1629 ab
1571 1573 1824 1640 invento;

221 1661 366 1718 inde
408 1662 660 1718 videlicet
705 1663 771 1719 ad
816 1664 1166 1734 quzerendmn
1199 1682 1213 1719 :
1242 1664 1371 1721 hinc
1412 1674 1594 1721 autem
1635 1675 1693 1721 ut
1733 1665 1828 1721 de-

221 1753 469 1809 lectetur
502 1762 739 1825 reperto.
780 1752 893 1811 Nec
938 1763 1119 1810 tamen
1153 1755 1257 1810 ista
1295 1755 1493 1826 duplex
1528 1765 1613 1811 est
1640 1755 1827 1811 volun-

1927 571 2132 628 tentur,
2163 580 2283 634 qua:
2302 564 2674 637 habentprius
2707 560 2763 624 et
2792 569 3065 639 posterius
3084 610 3100 636 ,
3136 570 3263 641 quia
3296 573 3525 630 omnino

1925 655 2070 711 nulla
2097 656 2168 711 ibi
2192 656 2370 712 sunt.)
2396 658 2696 715 Procedere
2716 659 2978 731 Spiritum
3000 671 3248 719 sanctum
3262 664 3329 719 de
3350 662 3517 729 Filio,

1925 749 2064 804 sicut
2083 751 2325 819 procedit
2346 750 2417 805 de
2431 751 2616 818 Patre,
2640 754 2996 821 testiﬁcatur;
3022 757 3165 828 quod
3186 766 3367 813 tamen
3388 773 3524 828 pro-

1928 842 2069 897 cedit
2104 857 2136 897 a
2180 842 2320 897 Filio
2357 844 2569 899 dedisse
2604 843 2824 901 Patrem
2863 848 3035 915 Filio,
3072 865 3178 905 non
3217 851 3368 921 prius
3406 851 3524 908 exin

1926 934 2120 997 sleuti,
2170 934 2265 989 sed
2318 934 2622 1007 gignendo;
2668 939 2922 1007 quoniam
2979 956 3314 1011 quaacunque
3369 942 3520 996 dedit

1926 1025 2088 1080 Pater
2112 1023 2273 1091 Filio,
2294 1041 2399 1080 non
2430 1036 2687 1098 tanquam
2710 1029 2929 1095 minori,
2956 1030 3040 1086 vel
3074 1032 3224 1100 prius
3243 1032 3518 1093 existenti,

1927 1116 2093 1182 dedit,
2121 1114 2213 1171 sed
2243 1116 2510 1187 gignendo
2536 1116 2702 1174 dedit.
2732 1118 2800 1173 Et
2828 1120 2921 1173 dat
2962 1120 3368 1175 similitudinem
3411 1137 3519 1190 qua

1927 1206 2127 1263 clarius
2160 1208 2254 1262 liat
2300 1209 2442 1277 quod
2488 1208 2752 1279 approbat
2798 1226 2811 1263 :
2850 1228 2869 1260 ι
2912 1209 3012 1277 Qui
3062 1220 3272 1282 potest,
3309 1211 3520 1281 inquit,

1928 1297 2227 1368 intelligere
2252 1298 2392 1368 quod
2423 1298 2498 1353 ait
2524 1298 2693 1354 Filius
2725 1317 2737 1353 :
2771 1298 2924 1355 Sicut
2953 1301 3118 1355 habet
3159 1302 3320 1357 Pater
3351 1302 3517 1356 vitam

1927 1389 1984 1444 in
2022 1388 2332 1458 semetipso,
2358 1388 2438 1444 sic
2475 1388 2621 1444 dedit
2646 1389 2784 1445 Filio
2808 1390 2975 1446 vitam
3006 1391 3207 1446 habere
3239 1392 3292 1447 in
3324 1401 3521 1448 semet-

1929 1481 2068 1551 ipso.
2098 1478 2214 1535 Non
2262 1481 2379 1535 sine
2404 1480 2513 1535 vita
2540 1481 2792 1537 existenti
2811 1480 2922 1549 jam
2946 1478 3087 1538 Filio
3113 1483 3276 1537 vitam
3306 1481 3520 1537 Patrem

1928 1569 2162 1627 dedisse.
2198 1591 2218 1624 ι
2250 1571 2522 1627 Existeret
2545 1569 2717 1628 Filius
2744 1573 2861 1628 sine
2903 1573 3010 1627 vita
3031 1613 3046 1638 ,
3075 1572 3120 1629 si
3150 1573 3300 1644 prius
3342 1571 3524 1642 aliquo

1930 1664 2093 1719 modo
2119 1663 2308 1719 luisset
2335 1679 2496 1734 quam
2526 1665 2753 1731 viveret,
2781 1674 2841 1721 ut
2878 1667 3133 1721 existenti
3172 1665 3285 1736 jam
3334 1674 3523 1737 postea

1930 1755 2095 1812 fuerit
2138 1756 2230 1813 illa
2261 1758 2371 1813 vita
2407 1759 2734 1814 contributa.
2786 1760 3246 1828 Quemadmodum
3297 1760 3526 1816 Genesis

222 1852 349 1911 tas,
392 1845 560 1901 veluti
604 1846 752 1917 prior
788 1847 1009 1912 mentis,
1037 1847 1311 1917 posterior
1336 1848 1563 1914 inventi,
1594 1850 1689 1905 sed
1719 1865 1825 1904 uua
1856 1832 1903 1892 Β
1931 1850 1997 1906 de
2024 1851 2200 1920 primo
2252 1850 2422 1905 Adam
2467 1850 2741 1920 loquitur,
2773 1853 2960 1908 dicens
2992 1871 3004 1907 :
3045 1850 3317 1908 Formavit
3361 1853 3526 1923 igitur

222 1937 402 1994 unius
453 1937 669 2008 quidem
709 1939 821 2006 rei,
863 1938 1121 1997 videlicet
1160 1942 1367 1998 inventi
1415 1942 1824 2000 inchoationem

225 2026 450 2086 habens
487 2044 557 2084 ex
598 2037 778 2085 mente
806 2029 874 2084 ad
903 2031 1278 2101 quaerendum,
1315 2031 1704 2103 perfectionem
1731 2048 1827 2087 au-

223 2128 353 2176 tem
384 2119 506 2190 ejus
542 2119 685 2190 quod
722 2120 1001 2191 quaerebat
1024 2120 1229 2177 inventi
1255 2138 1268 2175 :
1296 2130 1356 2176 ut
1385 2123 1477 2192 qui
1503 2122 1678 2193 primo
1709 2121 1827 2177 fue-

226 2210 309 2266 rit
354 2212 632 2283 appetitus
665 2211 885 2281 quidam
927 2215 1224 2284 quaerendi,
1253 2223 1377 2285 post
1397 2229 1527 2271 vero
1555 2213 1737 2271 factus
1756 2215 1828 2271 sit

227 2318 399 2362 amor
430 2303 653 2360 invento
683 2302 917 2360 fruendi.
954 2303 1063 2361 Sed
1093 2305 1197 2361 ista
1233 2298 1370 2361 limit
1396 2307 1453 2363 in
1481 2307 1648 2363 rebus
1676 2322 1829 2363 crea-

226 2382 306 2448 tis
338 2408 462 2463 qua:
495 2401 737 2464 tempore
781 2393 1160 2461 continentur;
1193 2403 1250 2450 at
1274 2396 1329 2451 in
1354 2394 1662 2461 divinitate,
1692 2405 1830 2451 tem-

228 2501 342 2556 pus
363 2485 455 2541 ubi
480 2485 685 2541 nullum
727 2495 929 2552 exstat,
961 2488 1070 2543 tale
1097 2488 1231 2554 nihil
1259 2487 1402 2545 valet
1426 2489 1671 2561 reperiri.
1708 2487 1828 2545 Non

227 2576 389 2631 enim
422 2576 624 2630 dicitur
652 2577 727 2632 ibi
758 2577 844 2632 vel
879 2584 1007 2633 ante
1043 2576 1211 2633 fuisse
1249 2576 1428 2643 Pater,
1465 2580 1551 2634 vel
1583 2589 1707 2649 post
1739 2594 1831 2651 ge-

229 2668 392 2723 nitus
411 2682 533 2724 esse
552 2666 742 2735 Filius,
768 2670 862 2725 sed
888 2684 1103 2741 semper
1123 2670 1285 2727 Pater
1314 2671 1368 2726 in
1391 2669 1553 2738 Filio,
1580 2680 1635 2727 et
1659 2670 1830 2728 Filius

230 2760 291 2814 in
327 2758 493 2815 Patre
536 2759 764 2827 mansit;
811 2775 913 2817 nec
959 2760 1195 2832 Spiritus
1238 2770 1460 2819 sanctus
1488 2763 1830 2833 procedendo

234 2851 423 2923 potuit
469 2852 769 2921 pravenire
816 2852 1154 2908 nativitatem
1206 2852 1330 2909 Filii
1367 2872 1381 2908 :
1430 2855 1686 2924 quoniam
1738 2854 1829 2911 ubi

238 2939 455 2995 nullum
481 2948 660 2997 exstat
694 2950 929 3013 tempus,
962 2956 1065 2998 nec
1096 2951 1224 2998 ante
1250 2942 1336 2997 vel
1365 2951 1488 3012 post
1511 2942 1656 2998 valet
1683 2943 1823 2999 iuve-

234 3034 375 3088 ιιι-ἱ.
415 3031 531 3089 Non
558 3034 704 3090 enim
746 3043 926 3105 potest
959 3036 1312 3107 consequenti
1349 3036 1537 3107 perlici
1569 3045 1828 3108 tempore,

238 3125 396 3194 quod
445 3125 728 3181 exordium
785 3125 995 3182 nullum
1053 3127 1216 3183 habet
1272 3142 1340 3183 ex
1395 3135 1658 3199 tempore.
1714 3126 1829 3195 Qua

1927 1938 2067 1995 Deus
2094 1940 2354 1995 hominem
2378 1941 2585 1996 delimo
2612 1952 2765 1999 terra:
2808 1942 2958 2015 (Gen.
2992 1961 3054 2009 ιι,
3085 1943 3160 2014 '7).
3202 1945 3267 1999 Et
3288 1954 3410 2014 post
3435 1944 3524 1998 in-

1925 2033 2102 2088 fertur
2133 2052 2145 2088 :
2183 2031 2249 2089 Et
2278 2032 2558 2107 insufﬂauit
2594 2035 2648 2089 in
2670 2035 2859 2107 faciem
2888 2037 3003 2106 ejus
3031 2036 3355 2108 spiraculum
3384 2036 3521 2091 vim.

1925 2121 2085 2178 Prius
2120 2138 2355 2193 namque
2384 2139 2508 2179 eum
2546 2125 2679 2179 dicit
2713 2123 2878 2181 fuisse
2913 2125 3222 2191 formatum,
3254 2135 3309 2183 et
3335 2137 3522 2195 postea

1919 2213 2033 2285 jam
2066 2214 2316 2280 formato,
2348 2214 2598 2271 videlicet
2631 2231 2726 2287 per
2756 2218 2987 2288 propria:
3015 2216 3358 2273 l’ormaliouis
3384 2234 3524 2287 qua-

1927 2304 2132 2360 litatem
2172 2306 2446 2371 existenti,
2504 2308 2894 2377 spiramentum
2946 2309 3071 2365 vitae
3127 2309 3523 2365 (-ontribututn.

1928 2395 2035 2452 Sed
2065 2411 2172 2452 non
2196 2396 2277 2454 sic
2306 2396 2442 2453 Filio
2470 2395 2631 2453 Pater
2683 2398 2846 2453 vitam
2897 2399 3044 2455 dedit
3087 2409 3342 2470 tanquam
3372 2401 3529 2471 prius

1927 2487 2203 2558 gigneret,
2232 2488 2319 2542 cui
2355 2496 2538 2558 postea
2566 2490 2750 2559 genito
2791 2490 2958 2544 vitam
3009 2491 3236 2545 donaret
3266 2508 3280 2544 :
3314 2490 3409 2544 sed
3441 2490 3521 2561 gi-

1928 2580 2140 2650 gnendo
2162 2578 2328 2633 vitam
2344 2576 2507 2644 dedit,
2524 2578 2778 2649 quoniam
2794 2578 3223 2635 substantialiter
3235 2580 3341 2632 vita
3358 2578 3530 2641 Filius

1929 2678 2029 2732 est,
2059 2669 2146 2724 cui
2196 2668 2463 2741 gignendo
2501 2668 2664 2723 vitam
2698 2669 2865 2724 dedit.
2894 2667 3068 2723 Homo
3097 2669 3328 2739 denique
3378 2668 3528 2739 prius

1930 2760 2194 2817 formatus
2204 2761 2433 2826 exstitit,
2449 2769 2504 2816 et
2524 2761 2819 2831 postvitam
2843 2761 3075 2832 accepit,
3091 2763 3344 2832 quoniam
3363 2762 3530 2832 parti-

1930 2852 2161 2922 cipando
2192 2867 2297 2906 non
2323 2852 2596 2907 nascendo
2616 2853 2780 2907 vitam
2812 2853 3022 2923 accepit
3048 2870 3063 2906 :
3095 2867 3203 2907 non
3227 2852 3372 2907 enim
3398 2853 3528 2905 sul:—

1935 2942 2263 2997 stantialiter
2286 2943 2396 2997 vita
2424 2941 2547 3007 fuit,
2571 2943 2664 2998 sed
2684 2943 3099 3015 participatione
3119 2943 3245 2998 vitae
3266 2943 3420 2998 vixit.
3454 2942 3525 2996 At

1932 3047 2061 3087 vero
2074 3031 2246 3088 Filius
2269 3032 2448 3089 Patris
2474 3033 2784 3105 unigenitus
2803 3049 2906 3088 non
2920 3035 3334 3106 participatione
3355 3035 3522 3105 vitam

1943 3125 2172 3196 accepit,
2202 3124 2295 3179 sed
2319 3125 2748 3180 substantialiter
2772 3125 2839 3180 de
2862 3124 3026 3180 Patre
3039 3127 3253 3197 genitus
3281 3128 3365 3180 cst
3384 3125 3526 3183 vita:

235 3189 313 3272 de
372 3231 432 3271 re
487 3217 580 3288 qui
643 3226 826 3288 potest
891 3218 1299 3290 generationem
1362 3189 1526 3275 Filii-
1553 3219 1620 3276 de
1672 3189 1834 3276 piae
1864 3189 1908 3252 δ
1940 3228 2046 3267 non
2075 3189 2222 3267 enim
2260 3214 2509 3268 existenti
2537 3224 2795 3284 tanquam
2842 3216 2958 3271 sine
2988 3189 3098 3269 vita
3126 3214 3364 3270 manenti
3402 3216 3531 3269 data

242 3306 489 3376 cogitare
517 3306 635 3362 sine
667 3314 934 3378 tempore,
966 3309 1165 3379 cogitet
1190 3302 1404 3380 quoque
1430 3309 1833 3380 processionem

239 3396 484 3468 Spiritus
529 3398 703 3453 sancti
752 3406 860 3453 tam
901 3415 968 3455 ex
1015 3399 1177 3455 Patre
1221 3416 1384 3471 quam
1433 3416 1501 3455 ex
1538 3399 1676 3455 Filio
1714 3400 1834 3456 sine

240 3498 510 3560 tempore.
564 3488 719 3546 Sicut
747 3489 909 3559 igitur
949 3506 1056 3546 non
1100 3501 1185 3547 est
1231 3492 1580 3562 quaerendum
1615 3490 1834 3562 quando

240 3581 319 3635 sit
341 3588 505 3636 natus
530 3580 704 3639 Filius
727 3582 796 3638 de
823 3581 1009 3646 Patre,
1037 3583 1117 3638 sic
1138 3583 1285 3639 nullo
1304 3583 1462 3639 modo
1483 3582 1832 3654 quaerendum

239 3672 465 3742 quando
487 3675 813 3743 processerit
844 3673 1080 3745 Spiritus
1104 3683 1327 3731 sanctus
1350 3675 1418 3730 ab
1446 3684 1675 3745 utroque
1700 3692 1714 3742 ;
1746 3673 1833 3729 vel

240 3763 293 3818 si
328 3762 675 3819 nativitatem
697 3762 818 3819 Filii
845 3765 1170 3836 prmvenerit
1193 3764 1259 3819 de
1281 3763 1443 3820 Patre
1466 3764 1828 3835 procedendo.

241 3852 354 3910 libi
405 3868 641 3924 namque
697 3856 1102 3926 sempiternitas
1159 3856 1325 3922 inest,
1385 3856 1645 3927 temporis
1698 3857 1833 3912 ordo

240 3944 419 3999 deest.
461 3942 573 4000 Nec
614 3959 684 4000 ex
722 3946 973 4001 humana!
999 3946 1311 4002 conditione
1341 3954 1607 4002 creatum
1633 3945 1722 4001 lex
1750 3953 1834 4001 est

237 4034 355 4089 ulla
416 4034 716 4091 divinitatis
777 4036 1136 4103 zestimanda;
1203 4037 1457 4108 quoniam
1519 4036 1621 4091 ista
1688 4034 1830 4091 facta

238 4126 350 4183 sub
396 4136 639 4197 tempore
687 4129 947 4199 temporis
991 4130 1238 4185 ordinem
1288 4137 1471 4185 servat
1507 4146 1520 4183 :
1564 4127 1652 4183 illa
1701 4143 1831 4183 vero

237 4217 515 4274 conditrix
560 4220 821 4290 temporis
860 4218 1007 4274 nullo
1043 4219 1451 4290 temporisjure
1485 4218 1791 4289 disponitur
1814 4235 1833 4273 ι

238 4310 510 4379 pzaevenit
534 4311 679 4365 enim
707 4311 891 4365 omnia
923 4325 1043 4382 quae
1074 4321 1312 4381 tempore
1335 4309 1706 4365 continentur.

317 4401 607 4474 Subiungit
641 4404 805 4460 etiam
845 4403 989 4457 aliud
1021 4403 1161 4459 unde
1189 4403 1505 4474 comprobet
1535 4402 1833 4472 procedere

238 4492 507 4564 Spiritum
538 4503 784 4549 sanctum
828 4493 859 4547 ἐι
899 4492 1061 4549 Patre
1102 4502 1157 4549 et
1185 4494 1216 4547 ἐι
1256 4492 1391 4548 Filio
1419 4493 1537 4547 sine
1566 4502 1827 4562 tempore,

238 4589 387 4642 sicut
412 4595 628 4641 constat
654 4587 893 4657 genitura
923 4600 1042 4641 esse
1058 4584 1254 4641 Filium
1277 4585 1343 4641 de
1372 4586 1530 4640 Patre
1558 4585 1675 4640 sine
1698 4594 1833 4640 tem-

238 4693 376 4748 pore
400 4695 421 4732 τ
442 4677 579 4733 dicit
609 4686 829 4733 autem:
862 4697 880 4730 ι
910 4678 975 4732 Ει
1013 4678 1105 4748 qui
1136 4686 1313 4748 potest
1354 4677 1650 4747 intelligere
1687 4678 1739 4731 in
1772 4691 1837 4732 eo

240 4770 390 4841 quod
431 4769 509 4824 ait
565 4769 770 4825 Filius:
820 4768 969 4824 Sicut
1009 4770 1158 4824 habet
1202 4767 1365 4823 Pater
1400 4770 1555 4823 vitam
1580 4769 1633 4822 in
1655 4777 1840 4822 remet-

240 4865 381 4934 ipso,
396 4864 474 4919 sic
495 4862 641 4917 dedit
660 4861 800 4917 Filio
815 4864 971 4917 vitam
994 4861 1181 4917 habere
1201 4863 1255 4916 in
1277 4863 1549 4930 semetipso
1576 4860 1755 4932 (Janu.
1783 4874 1841 4925 v,'

238 4950 359 5026 26).
389 4952 512 5009 Non
545 4954 663 5008 sine
684 4954 793 5008 vita
837 4952 1089 5007 existenti
1122 4953 1235 5023 jam
1267 4948 1405 5006 Filio
1438 4951 1601 5005 vitam
1625 4949 1842 5005 Patrem

242 5045 462 5102 dedisse
480 5087 495 5111 ,
524 5046 619 5101 sed
651 5046 722 5099 ita
755 5061 877 5100 eum
913 5046 1028 5099 sine
1050 5038 1293 5113 tempore
1320 5043 1571 5115 genuisse
1591 5085 1605 5108 ,
1632 5051 1691 5097 ut
1710 5041 1847 5119 vita,

240 5153 407 5208 quam
422 5135 584 5193 Pater
605 5134 743 5199 Eilio
762 5134 1208 5208 gignendodedit,
1235 5142 1501 5189 coaeterna
1518 5132 1590 5188 sit
1615 5132 1737 5187 vitm
1751 5131 1848 5186 Pa-

242 5231 347 5285 tris
367 5228 462 5301 qui
481 5228 629 5285 dedit
646 5245 660 5282 :
678 5227 942 5299 intelligat
955 5225 1272 5283 sicuthabet
1285 5224 1448 5281 Pater
1464 5226 1516 5280 in
1532 5224 1843 5294 semetipso,

242 5328 305 5372 ut
323 5321 393 5374 de
413 5318 506 5375 illo
526 5316 1033 5391 procedatSpiritus
1055 5327 1303 5384 sanctus,
1325 5318 1406 5373 sic
1437 5316 1660 5372 dedisse
1680 5314 1842 5380 Filio,

245 5419 306 5463 ut
334 5411 400 5464 de
417 5411 508 5464 illo
528 5414 788 5483 procedat
802 5412 942 5467 idem
962 5410 1199 5481 Spiritus
1215 5419 1455 5475 sanctus,
1482 5416 1538 5465 et
1552 5417 1842 5478 utrumque

245 5498 364 5553 sine
383 5508 625 5569 tempore
649 5516 663 5567 ;
689 5511 852 5572 atque
875 5500 949 5556 ita
988 5501 1193 5557 dictmn
1222 5499 1482 5571 Spiritqu
1514 5508 1761 5555 sanctum
1777 5499 1843 5555 de

246 5586 409 5645 Patre
432 5593 755 5659 procedere,
782 5604 845 5647 ut
862 5591 1217 5663 intelligatur,
1240 5593 1384 5663 quod
1409 5592 1572 5645 etiam
1594 5590 1846 5660 procedit

247 5679 317 5733 de
328 5677 487 5745 Filio,
504 5682 572 5735 de
590 5681 751 5737 Patre
773 5698 893 5738 esse
919 5693 974 5738 et
995 5682 1162 5746 Filio;
1180 5683 1221 5737 si
1240 5682 1384 5737 enim
1399 5672 1661 5751 quidquid
1680 5681 1841 5735 habet

248 5768 317 5821 de
336 5768 494 5826 Patre
532 5772 732 5840 Filius,
763 5772 829 5829 de
862 5775 1018 5829 Patre
1048 5773 1238 5841 habet,
1272 5773 1453 5843 utique
1486 5782 1544 5827 ut
1565 5782 1617 5827 et
1651 5773 1715 5829 de
1752 5771 1840 5828 ille

1936 3301 2282 3366 CSlVlla,Sell
2307 3303 2521 3374 genitus
2548 3297 2633 3358 est
2654 3312 2801 3359 totus
2836 3304 2959 3359 vitae
2997 3298 3286 3375 coaequans
3315 3316 3370 3359 et
3398 3319 3531 3360 con-

1934 3391 2305 3446 substantialis
2329 3393 2452 3446 vita:
2476 3391 2675 3458 Patris,
2692 3395 2782 3465 qui
2805 3393 3072 3466 gignendo
3092 3395 3239 3450 dedit
3256 3395 3305 3450 ei
3336 3394 3526 3448 vitam.

2006 3482 2305 3550 Sequitur:
2345 3503 2361 3533 ι
2399 3483 2507 3539 Sed
2534 3486 2605 3538 ita
2654 3501 2776 3540 eum
2824 3488 2940 3541 sine
2989 3494 3229 3557 tempore
3255 3488 3534 3557 genuisse,

1933 3579 1994 3625 ut
2024 3572 2130 3627 vita
2158 3587 2319 3640 quam
2345 3572 2509 3628 Pater
2536 3573 2676 3630 Filio
2719 3576 2988 3646 gignendo
3035 3576 3217 3640 dedit,
3262 3587 3533 3631 comteruu

1936 3666 2009 3720 sit
2038 3666 2164 3721 vitae
2190 3665 2367 3722 Patris
2394 3668 2484 3738 qui
2525 3668 2691 3725 dedit.
2736 3690 2755 3722 ι
2808 3670 2921 3726 Hoc
2951 3672 3138 3728 dicens
3172 3673 3411 3728 ostendit
3453 3675 3534 3727 vi-

1935 3766 2045 3812 tam
2083 3772 2207 3812 esse
2255 3758 2492 3824 Patrem,
2524 3767 2580 3813 et
2625 3759 2791 3814 vitam
2839 3776 2959 3816 esse
3010 3761 3238 3826 Filium;
3279 3763 3371 3817 sed
3421 3762 3533 3817 vita

1933 3845 2103 3901 Filius
2125 3847 2337 3917 accepit
2363 3861 2392 3900 a
2420 3847 2613 3915 Patre,
2647 3857 2706 3904 ut
2734 3858 2879 3906 esset
2906 3849 3046 3917 vita;
3082 3867 3187 3907 non
3231 3852 3383 3923 prius
3416 3852 3530 3907 exi-

1931 3947 2082 3994 stens
2100 3939 2218 3995 sine
2252 3940 2384 4006 vita,
2413 3942 2505 3995 sed
2534 3942 2750 4013 genitus
2770 3944 2905 4009 vita,
2929 3960 3048 4014 qute
3079 3955 3349 4000 coaeterna
3378 3946 3450 4001 sit
3477 3955 3535 4001 et

1935 4032 2419 4088 eonsubstantialis
2460 4034 2587 4089 vitm
2625 4034 2824 4100 Patris,
2870 4036 2961 4106 qui
2990 4037 3136 4092 dedit
3183 4037 3324 4093 Filio
3365 4038 3537 4093 vitam

1932 4124 2263 4196 generando.
2296 4123 2554 4195 Quisquis
2586 4125 2688 4181 hoc
2717 4126 3018 4195 intelligere
3048 4122 3318 4197 quomodo
3344 4129 3416 4182 sit
3442 4144 3535 4181 va-

1931 4217 2030 4283 let,
2055 4216 2322 4289 intelligat
2362 4232 2582 4289 quoque
2604 4217 2745 4274 sicut
2774 4219 2940 4275 habet
2965 4218 3128 4274 Pater
3155 4220 3209 4274 in
3243 4221 3539 4289 semetipso

1932 4315 1995 4363 ut
2021 4308 2090 4364 de
2118 4307 2211 4364 illo
2231 4309 2492 4380 procedat
2519 4307 2754 4380 Spiritus
2780 4320 3022 4375 sanctus,
3040 4310 3130 4365 sic
3157 4310 3373 4365 dedisse
3399 4308 3540 4364 Filio

1934 4409 1996 4456 ut
2020 4401 2094 4456 de
2118 4401 2211 4457 illo
2241 4401 2502 4472 procedat
2535 4401 2680 4457 idem
2709 4402 2945 4473 Spiritus
2971 4411 3215 4458 sanctus.
3238 4401 3366 4456 Vult
3392 4402 3535 4456 enim

1934 4493 2237 4564 approbare
2261 4495 2538 4565 accepisse
2591 4492 2789 4551 Filium
2832 4511 2862 4549 a
2904 4495 3070 4550 Patre
3097 4495 3239 4549 sicut
3265 4494 3568 4565 gignendo.

1935 4583 2229 4650 vitam,sic
2258 4584 2423 4640 etiam
2450 4586 2721 4659 gignendo
2750 4596 2809 4641 ut
2844 4587 2909 4642 de
2948 4586 3038 4641 illo
3072 4584 3325 4656 procedat
3360 4583 3535 4653 Spiri-

1935 4681 2024 4728 tus
2046 4684 2288 4742 sauctus,
2320 4692 2425 4731 non
2458 4677 2620 4744 alter,
2639 4676 2877 4734 sedidem
2908 4678 3000 4747 qui
3027 4676 3272 4747 procedit
3296 4691 3325 4729 a
3351 4672 3535 4729 Patre.

1935 4762 2005 4816 Et
2029 4779 2155 4818 cum
2179 4778 2379 4836 negare
2408 4782 2568 4823 nemo
2590 4764 2735 4823 sanae
2757 4768 2957 4824 mentis
2982 4767 3161 4822 valeat
3188 4768 3354 4822 vitam
3379 4781 3529 4823 sum-

1936 4855 2109 4922 psisse
2136 4854 2332 4910 Filium
2350 4856 2418 4911 de
2444 4856 2606 4913 Patre
2634 4866 2696 4912 ut
2732 4857 2805 4914 sit
2825 4858 2936 4913 vita
2962 4844 3104 4914 sicut
3129 4866 3211 4912 est
3236 4857 3420 4924 Pater,
3453 4858 3539 4914 sic

1940 4945 2101 5003 Patre
2146 4956 2208 5003 ut
2248 4948 2316 5004 de
2350 4948 2443 5004 illo
2472 4950 2730 5019 procedat
2759 4950 2933 5020 possit
2967 4951 3244 5020 accepisse
3278 4950 3474 5006 Filium
3507 4967 3541 5007 ιι

1954 5047 2355 5108 consequenter
2379 5056 2581 5112 negare
2620 5057 2726 5098 non
2759 5042 2996 5114 Spiritus
3037 5051 3257 5100 sanctus
3287 5064 3299 5097 :
3334 5054 3389 5100 et
3434 5047 3540 5102 hoc

1952 5137 2253 5200 utrumque
2266 5130 2385 5186 sine
2409 5143 2682 5203 tempore;
2712 5133 2972 5205 quoniam
2996 5135 3137 5191 sicut
3158 5136 3274 5191 sine
3301 5144 3543 5207 tempore

1953 5223 2205 5292 procedit
2230 5239 2263 5277 a
2295 5223 2488 5289 Patre,
2511 5224 2592 5281 sic
2620 5240 2834 5297 quoque
2868 5227 2987 5282 sine
3026 5235 3268 5298 tempore
3297 5226 3544 5297 procedit

1953 5322 1983 5365 a
2011 5311 2187 5379 Filio;
2212 5315 2468 5385 quoniam
2500 5315 2601 5370 ista
2642 5317 2921 5386 processio
2960 5327 3045 5372 est
3079 5318 3300 5373 minime
3333 5326 3540 5384 tempo-

1951 5401 2102 5466 ralis,
2137 5404 2230 5458 sed
2259 5413 2481 5459 artemo.
2536 5405 2691 5461 Sicut
2725 5408 2869 5462 enim
2904 5407 3159 5463 uativitas
3188 5406 3308 5461 Filii
3339 5407 3403 5460 de
3437 5402 3542 5458 Pa‘

1947 5500 2029 5548 tre
2052 5506 2292 5551 removet
2314 5513 2473 5551 omne
2505 5506 2734 5569 tempus,
2754 5499 2835 5554 sic
2864 5479 3138 5570 processio
3165 5492 3401 5569 Spiritus
3426 5512 3523 5552 san

1946 5585 2016 5640 cli
2045 5601 2165 5656 qua:
2193 5588 2251 5641 lit
2281 5590 2348 5643 ah
2378 5605 2606 5661 oroque,
2630 5590 2834 5645 mdlum
2866 5601 3078 5663 tempus
3104 5591 3340 5662 agnovit.

1958 5690 1963 5693 ·
2013 5675 2303 5747 Adjungit:
2344 5701 2360 5730 ι
2395 5681 2567 5752 Atque
2608 5682 2679 5736 ita
2732 5682 2933 5737 dictqu
2987 5681 3246 5752 Spiritum
3282 5686 3537 5734 sanctum

1945 5766 2011 5821 de
2037 5765 2196 5822 Patre
2225 5773 2549 5841 procedere,
2574 5783 2633 5829 ut
2667 5773 2995 5844 intelligatur
3030 5773 3174 5846 quod
3211 5770 3373 5827 etiam
3412 5779 3551 5838 pro-
