4026 6346
545 301 649 356 287

1574 289 1937 379 RATRAMNI
1973 289 2425 351 CORBEIENSIS
2448 289 2755 349 MONACill

3724 294 3815 354 ἰεῦ

544 416 689 474 cedit
714 415 781 473 de
806 415 981 480 Filio,
1009 414 1074 470 de
1116 411 1279 468 Patre
1301 374 1499 467 esseet
1523 374 1682 464 Filio.
1721 430 1742 463 ι
1774 409 1903 465 Vult
1945 416 2006 464 ut
2044 409 2126 463 in-
2154 413 2200 472 Α
2230 408 2451 476 Filium,
2488 408 2534 464 si
2586 407 2656 463 ab
2705 415 2936 476 utroque
2977 404 3230 476 procedit
3280 402 3528 474 Spiritus
3570 417 3814 468 nactus:

544 509 818 581 telligatur
840 523 961 564 cum
986 504 1179 577 legitur
1204 503 1288 559 vel
1304 503 1513 558 dicitur
1544 501 1781 574 Spiritus
1807 511 2032 557 sanctus
2063 503 2140 572 de,

544 598 711 655 Patre
728 586 1037 670 procedere,
1069 595 1274 666 pariter
1304 590 1542 666 quoque”
1569 595 1636 650 de
1666 593 1804 649 Filio
1833 593 2131 663 signiﬁcari

545 690 869 762 procedere;
893 696 949 743 et
974 687 1173 742 idcirco
1203 686 1257 741 in
1282 684 1460 740 Patris
1486 686 2005 742 commemoratione
2035 683 2144 761 Fi-.

546 780 677 837 lium
721 768 1159 851 intelligendum;
1219 778 1475 848 quoniam
1505 778 1577 833 sit
1605 777 1743 833 Filio
1780 776 1849 832 de
1886 776 2047 833 Patre
2074 785 2136 833 ut

545 873 805 946 procedat
830 873 897 925 ab
925 886 989 926 eo
1013 870 1249 941 Spiritus
1278 878 1517 925 sanctus.
1551 869 1617 924 Et
1638 869 1762 939 quia
1793 869 2029 925 refertur
2065 871 2134 926 ad

544 970 823 1018 auctorem
848 960 1063 1015 Patrem
1103 976 1134 1014 a
1164 975 1272 1031 quo
1301 960 1509 1030 accepit
1529 958 1699 1016 Filius
1724 968 1783 1015 ut
1812 976 1842 1015 a
1866 976 1926 1016 se
1945 976 2138 1032 proce-

545 1058 640 1108 dat
666 1052 927 1123 Spiritum
954 1062 1224 1118 sanctum,
1251 1061 1535 1122 propterea
1559 1067 1683 1107 cum
1710 1052 1910 1108 dicitur
1938 1053 2004 1108 de
2032 1050 2137 1106 Pa-

545 1151 631 1198 tre
662 1144 992 1214 procederc,
1029 1143 1365 1199 sentiendum
1409 1144 1615 1214 pariter
1654 1144 1799 1216 quod
1841 1152 1897 1201 et
1927 1159 1958 1199 a
1996 1144 2135 1200 Filio

544 1224 821 1303 procedat.
851 1232 991 1288 Hinc
1007 1233 1171 1289 etiam
1202 1234 1479 1305 subiungit
1506 1252 1520 1289 :
1558 1253 1576 1287 ι
1613 1233 1670 1290 Si
1699 1234 1845 1290 enim
1874 1233 2139 1306 quidquid

544 1322 733 1389 habet,
762 1322 829 1379 de
848 1322 1013 1378 Patre
1043 1323 1205 1379 habet
1239 1324 1441 1392 Filius;
1467 1324 1535 1381 de
1561 1324 1725 1381 Patre
1757 1326 1921 1381 habet
1949 1325 2136 1396 utique

547 1423 607 1470 ut
630 1423 688 1470 ct
724 1414 791 1470 de
841 1413 934 1469 illo
959 1417 1217 1484 procedat
1259 1415 1494 1486 Spiritus
1543 1425 1784 1473 sanctus.
1821 1437 1840 1470 ι
1876 1417 2137 1473 Novimus

545 1513 728 1559 autem
760 1502 975 1560 dicente
1005 1504 1171 1571 Filio,
1199 1506 1342 1576 quod
1385 1506 1568 1561 omnia
1615 1522 1735 1578 qua
1777 1507 1955 1563 Patris
1984 1516 2141 1574 sunt,

546 1595 657 1650 sint
685 1603 741 1651 et
773 1594 895 1650 Filii
928 1614 943 1649 :
985 1596 1078 1651 sed
1101 1597 1216 1652 haec
1235 1612 1358 1654 cum
1387 1596 1488 1651 sibi
1517 1596 1719 1652 fuerint
1744 1613 1775 1652 a
1796 1598 1958 1654 Patre
1986 1600 2139 1665 data,

546 1685 743 1741 merito
768 1683 1077 1740 referentur
1097 1686 1165 1741 ad
1191 1701 1313 1742 eum
1341 1702 1370 1740 a
1401 1701 1508 1757 quo
1531 1687 1818 1742 suntdata.
1843 1687 1910 1742 Et
1931 1688 2139 1744 idcirco

2230 514 2417 555 verum
2448 499 2599 570 prius
2626 498 2693 553 dc
2721 497 2940 553 nomine
2984 503 3206 561 tractat,
3238 494 3297 550 id
3338 503 3428 550 est
3455 495 3588 565 quid
3627 499 3817 558 dicatur

2231 589 2466 662 Spiritus
2515 600 2760 656 sanctus,
2809 589 3026 662 genitus
3074 602 3144 644 an
3194 588 3514 658 ingenitus,
3566 597 3623 645 et
3675 604 3819 667 negat

2228 691 2423 739 neutro
2468 681 2730 739 vocabulo
2776 681 3153 752 appellandum
3200 697 3217 735 :
3273 689 3336 736 et
3376 695 3602 737 causam
3649 683 3821 755 infert,

2230 792 2336 847 qua
2364 776 2681 847 comprobet
2720 775 2866 846 quod
2908 773 3159 839 alllrmat,
3187 789 3256 829 ea
3284 772 3587 828 videlicet:
3613 776 3732 845 quia
3765 779 3806 835 si

2231 868 2448 924 dicatur
2487 867 2722 938 genitus,
2762 858 2866 921 erit
2895 866 3123 921 duorum
3171 864 3390 948 Filius,
3444 865 3500 921 id
3541 874 3627 922 est
3659 865 3816 926 Patris

2230 966 2288 1015 et
2319 958 2468 1024 Filii,
2510 957 2655 1029 quod
2704 958 2836 1013 dicit
2881 956 3187 1013 execrabile
3229 955 3565 1013 christiana:
3607 957 3812 1029 pietati;

2231 1048 2329 1106 sed
2355 1065 2458 1106 nec
2483 1049 2781 1120 ingenitum
2804 1062 2966 1119 posse
2985 1046 3251 1114 vocitari;
3283 1047 3399 1103 hoc
3434 1047 3582 1104 enim
3619 1051 3815 1121 proprie

2231 1140 2377 1197 Patri
2404 1142 2715 1212 deputatur,
2744 1140 2998 1212 quoniam
3026 1140 3094 1196 de
3118 1140 3271 1196 nullo
3300 1148 3391 1197 est
3414 1140 3556 1208 alio;
3584 1143 3664 1198 sui
3684 1158 3816 1199 nam-

2232 1245 2340 1301 que
2378 1231 2704 1302 principium
2747 1239 2833 1287 est
2870 1245 2940 1288 ex
2979 1246 3101 1287 sese
3133 1230 3476 1297 consistens,
3509 1233 3813 1305 neealiqaid

2232 1323 2396 1379 habet
2446 1323 2807 1395 praecedens;
2862 1332 2948 1380 est
2999 1322 3144 1379 enim
3195 1323 3588 1380 universitatis
3635 1326 3813 1394 princi-

2233 1415 2452 1486 cipium,
2498 1414 2620 1471 fons
2647 1423 2706 1471 et
2730 1415 2906 1485 origo.
2937 1414 3073 1480 Cum
3098 1415 3272 1486 igitur
3310 1429 3421 1471 nec
3458 1414 3691 1486 genitus,
3728 1431 3812 1474 nec

2233 1507 2509 1579 ingenitus
2547 1505 2661 1563 dici
2703 1505 2937 1562 fideliter
2962 1506 3137 1576 possit
3162 1505 3415 1577 Spiritus
3444 1515 3681 1571 sanctus,
3707 1523 3813 1578 pro-

2233 1598 2434 1653 cedens
2461 1597 2680 1668 proprie
2700 1597 2994 1660 voeitatur,
3027 1598 3122 1652 sed
3152 1611 3264 1652 non
3289 1612 3325 1650 a
3342 1596 3465 1652 solo
3491 1597 3657 1662 solus,
3686 1599 3813 1657 vide-

2233 1689 2360 1746 licet
2383 1705 2415 1745 a
2444 1690 2606 1746 Patre
2643 1689 2760 1747 solo
2795 1690 2944 1747 solus
2977 1688 3218 1760 Spiritus
3245 1697 3486 1761 sanctus
3513 1692 3809 1761 procedens,

547 1790 671 1830 cum
693 1776 894 1831 dicitur
933 1775 1166 1847 Spiritus
1213 1787 1433 1834 sanctus
1461 1794 1491 1833 a
1519 1778 1657 1834 Filio
1709 1781 2018 1849 procedere,
2047 1796 2131 1837 re-
2162 1762 2207 1823 Β
2233 1770 2688 1854 quemadmodum
2716 1783 2887 1840 Filius
2915 1783 3063 1839 solus
3097 1797 3129 1838 a
3162 1782 3285 1839 solo
3312 1781 3483 1837 Patre
3511 1782 3705 1838 dicitur
3723 1796 3808 1837 na-

545 1867 722 1925 fertur
745 1869 811 1923 ad
844 1869 1056 1925 Patrem
1083 1885 1112 1924 a
1140 1884 1248 1940 quo
1268 1870 1369 1925 sibi
1391 1870 1577 1926 datum
1605 1880 1689 1927 est
1714 1882 1773 1928 ut
1799 1871 1868 1927 ab
1896 1872 1985 1928 illo
2008 1888 2136 1943 pro-
2235 1883 2362 1931 tus:
2396 1876 2641 1947 procedit
2684 1885 2865 1931 autem
2910 1876 2979 1931 ab
3026 1875 3300 1945 utroque',
3353 1874 3536 1931 idest
3579 1883 3635 1930 et
3662 1889 3691 1928 a
3722 1872 3809 1928 Pa.

544 1959 787 2015 cederet.
822 1958 977 2016 Unde
1011 1976 1131 2015 cum
1156 1961 1287 2017 dicit
1314 1960 1483 2018 Filius
1511 1963 1564 2018 in
1596 1963 1882 2035 Evangelio
1912 1983 1927 2020 :
1961 1964 2134 2036 Spiri-
2235 1975 2320 2023 tre
2348 1975 2404 2021 et
2426 1981 2457 2022 a
2485 1964 2624 2022 Filio
2648 1965 3096 2037 intemporaliter,
3144 1964 3417 2036 quoniam
3462 1964 3815 2030 teternaliter',

545 2061 632 2107 tu:
652 2054 741 2124 qui
765 2070 798 2107 a
826 2050 988 2108 Patre
1008 2055 1238 2125 procedit
1265 2054 1449 2128 (Joan.
1480 2073 1572 2123 xv,
1608 2057 1736 2128 66),
1761 2058 1875 2114 vult
1910 2059 2135 2132 intelligi
2235 2072 2338 2114 nec
2363 2066 2545 2112 tamen
2579 2057 2838 2113 dicuntur
2862 2071 2985 2111 eum
3008 2056 3299 2129 genuisse,
3323 2056 3587 2128 quoniam
3614 2054 3808 2111 necFi—

546 2145 741 2216 quoda
769 2160 828 2200 se
866 2161 1080 2216 quoque
1119 2147 1317 2203 dixerit
1357 2164 1481 2204 eum
1522 2149 1841 2219 procedere,
1885 2151 1978 2206 sed
2018 2152 2136 2207 sine
2236 2146 2342 2202 lius
2390 2145 2569 2203 Patris
2610 2154 2718 2212 est,
2768 2161 2869 2201 nec
2915 2145 3084 2201 Filius
3130 2145 3283 2212 Filii,
3331 2145 3432 2201 sed
3479 2145 3551 2200 ab
3600 2153 3806 2214 utroque

546 2234 656 2290 ulla
689 2237 946 2306 temporis
974 2236 1306 2302 admotione,
1328 2239 1583 2308 quoniam
1606 2255 1713 2295 non
1737 2240 1809 2294 sit
1832 2241 2139 2312 disquiren-

547 2326 675 2382 dum
692 2334 871 2382 utrum
896 2328 1045 2398 prius
1065 2329 1639 2400 processeritSpiritus
1664 2340 1905 2400 sanctus,
1918 2342 1973 2389 et
1993 2344 2139 2405 post-

545 2433 609 2472 ea
651 2428 811 2475 natus
855 2420 928 2476 sit
968 2420 1165 2488 Filius;
1196 2420 1281 2477 vel
1320 2432 1446 2478 nato
1489 2423 1648 2491 Filio,
1695 2433 1880 2495 postea
1918 2441 2138 2498 proces-

547 2510 684 2565 serit
707 2507 946 2580 Spiritus
967 2520 1187 2567 sanctus
1209 2513 1276 2567 ab
1304 2522 1538 2583 utroque
1566 2531 1580 2569 :
1612 2529 1722 2570 non
1762 2522 1849 2571 est
1873 2518 2017 2571 enim
2047 2518 2138 2574 hic

546 2597 894 2670 cogitandum
922 2599 1074 2670 prius
1093 2600 1177 2657 vel
1201 2603 1490 2671 posterius,
1512 2603 1769 2674 quoniam
1804 2603 2013 2659 nullum
2048 2605 2139 2661 hic

548 2696 763 2760 tempus
785 2692 1185 2749 aestimandum.
1212 2695 1276 2750 Et
1307 2696 1360 2750 in
1387 2696 1886 2767 consequentibus:
1929 2715 1948 2749 ι
1992 2696 2137 2765 Quo.

549 2783 711 2837 modo
738 2797 869 2854 ergo
894 2799 1000 2838 non
1028 2784 1419 2842 absurdissime
1445 2785 1616 2843 Filius
1649 2788 1922 2844 diceretur
1944 2789 2138 2845 ambo-

549 2889 694 2940 rum,
724 2888 845 2931 cum
882 2876 1024 2932 sicut
1049 2876 1186 2934 Filio
1224 2888 1448 2949 pnestat
1490 2880 1786 2936 essentiam
1825 2882 1945 2937 sine
1982 2881 2141 2937 initio

551 2966 845 3034 temporis,
871 2969 990 3025 sine
1029 2968 1137 3024 ulla
1185 2969 1547 3028 mutabilitate
1584 2980 1804 3028 naturze-
1836 2973 2136 3044 generatio,

552 3055 626 3110 ita
653 3055 876 3125 Spiritui
899 3067 1087 3113 sancto
1116 3068 1337 3130 praestet
1361 3060 1654 3116 essentiam
1684 3061 1803 3117 sine
1824 3061 1935 3117 ullo
1981 3060 2137 3116 initio

552 3151 829 3220 temporis,
854 3150 971 3205 sine
996 3150 1101 3206 ulla
1132 3152 1488 3208 mutabilitate
1535 3161 1751 3208 naturae
1784 3154 1852 3209 de
1906 3163 2137 3225 utroque

552 3242 847 3317 processio.
895 3262 913 3295 ι
949 3242 1213 3299 Monstrat
1262 3245 1665 3315 processionem
1703 3245 1921 3314 quidem
1965 3243 2140 3316 Spiri-

552 3341 640 3388 tus
668 3337 840 3390 sancti
874 3344 986 3390 tam
1022 3334 1089 3392 de
1114 3334 1274 3392 Patre
1304 3336 1418 3393 fore
1445 3352 1611 3408 quam
1631 3338 1698 3393 de
1718 3336 1993 3404 Filio,sed
2028 3352 2145 3394 non.

550 3426 899 3493 quaerendum
945 3426 991 3482 si
1041 3426 1191 3497 prius
1245 3426 1314 3483 de
1353 3426 1543 3494 Patre;
1568 3427 1659 3484 vel
1693 3436 1815 3499 post
1861 3429 1931 3484 de
1957 3428 2137 3497 Filio;

551 3529 744 3571 verum
767 3517 1114 3585 cogitandum
1138 3519 1264 3589 quia
1286 3520 1430 3576 sicut
1454 3519 1733 3591 generatio
1774 3519 1914 3576 Filio
1947 3520 2141 3577 tribuit

551 3606 911 3664 substantiam
947 3608 1341 3681 interveniente
1361 3611 1511 3666 nullo.
1529 3620 1795 3683 tempore,
1830 3628 1935 3670 nec
1956 3614 2137 3684 aliqua

552 3699 917 3757 intercedente
945 3702 1326 3767 mutabilitate,
1352 3704 1432 3759 sic
1460 3702 1687 3774 Spiritui
1706 3697 2143 3777 sanctoproces-

552 3790 637 3847 sio
664 3790 811 3847 dedit
830 3791 1188 3847 substantiam
1208 3800 1403 3864 praeter
1424 3794 1640 3865 aliquod
1666 3804 1899 3865 tempus,
1920 3804 1976 3851 et
2001 3811 2139 3868 prae-

555 3889 640 3934 ter
686 3880 924 3952 aliquam
952 3881 1367 3937 mutabilitatem
1396 3896 1538 3938 :.ncc
1586 3884 1962 3955 disputandum
2009 3886 2141 3956 quid

554 3979 681 4027 ante
703 3972 791 4027 vel
813 3981 965 4041 post,
984 3972 1079 4028 sed
1109 3972 1506 4043 intelligendam
1533 3975 1600 4031 de
1617 3975 1779 4031 Patre
1805 3976 1923 4032 Filii
1951 3977 2142 4033 nativi-

555 4070 744 4128 tatem,
775 4072 832 4119 et
860 4064 929 4119 ab
957 4072 1188 4133 utroque
1225 4062 1465 4134 Spiritus
1509 4066 1680 4122 sancti
1714 4068 2138 4138 processionem.

625 4150 885 4222 Sequitur
917 4170 937 4207 :
971 4171 990 4204 ι
1022 4151 1152 4208 ideo
1171 4152 1316 4207 enim
1346 4167 1469 4209 cunt
1492 4152 1751 4224 Spiritum
1773 4164 2020 4212 sanctum
2047 4170 2143 4230 ge-

555 4246 727 4303 nitum
749 4262 853 4302 non
880 4246 1156 4314 dicamus,
1176 4248 1356 4304 dicere
1378 4257 1556 4305 tamen
1598 4266 1705 4306 non
1750 4252 2012 4309 audemus
2056 4254 2141 4309 in-

2234 2238 2556 2309 procedens.
2608 2236 2706 2291 Est
2747 2235 2893 2291 enim
2946 2235 3227 2292 amborum
3278 2235 3546 2307 Spiritus.
3588 2232 3674 2289 Sic
3705 2232 3804 2288 eri-

2235 2332 2382 2388 denti
2414 2332 2626 2387 ratione
2653 2340 2992 2387 monstratur
3018 2333 3088 2387 ab
3119 2340 3361 2402 utroque
3388 2331 3682 2402 procedere
3709 2328 3806 2399 Spi-

2237 2422 2374 2478 ritus
2398 2423 2797 2485 sanctus,‘dum
2816 2422 3104 2479 manifeste
3125 2424 3359 2480 docetur
3378 2438 3488 2478 non
3511 2437 3631 2477 eum
3651 2421 3801 2477 solum

2237 2530 2267 2569 a
2290 2514 2405 2571 solo
2432 2514 2598 2570 Patre
2618 2516 2932 2584 procedere,
2960 2531 3026 2569 ne
3046 2514 3217 2569 Filius
3240 2530 3366 2572 esse
3385 2514 3569 2570 Patris
3586 2513 3800 2569 dicatur:

2237 2606 2332 2663 sed
2363 2621 2464 2662 nec
2490 2621 2520 2660 a
2542 2604 2659 2661 solo
2683 2604 2847 2669 Filio,
2868 2620 2945 2659 ne
2959 2605 3128 2660 Filius
3152 2605 3322 2662 Pater
3348 2619 3476 2661 esse
3494 2603 3803 2675 blaspheme.

2242 2709 2350 2764 tur,
2391 2700 2485 2756 sed
2510 2699 2712 2755 dicitur
2740 2697 2986 2769 Spiritus
3001 2708 3223 2755 sanctus
3250 2706 3309 2755 et
3326 2696 3657 2773 procedens,
3682 2690 3805 2750 etde

2237 2801 2477 2862 utroque
2492 2790 2812 2861 procedens.

2848 2879 3079 2937 CAPUT
3117 2879 3208 2937 IV.

2881 2970 2969 3025 Ea:
2995 2971 3199 3026 eodem.

2312 3063 2490 3120 Movet
2532 3073 2713 3121 autem
2759 3063 2959 3119 multos
2986 3046 3116 3133 quid
3146 3062 3218 3119 sit
3244 3061 3398 3118 inter
3426 3057 3807 3132 generationem

2242 3164 2296 3211 et
2324 3155 2747 3222 processionem.
2777 3153 2884 3209 Ista
2907 3168 3036 3209 vero
3059 3153 3288 3223 quaestio
3322 3152 3576 3222 quoniam
3606 3145 3802 3217 inexpli:

2241 3246 2431 3315 cabilis
2468 3261 2590 3303 esse
2628 3247 2844 3302 videtur
2883 3246 2936 3300 in
2984 3245 3073 3299 illa
3127 3244 3456 3315 incorporea
3493 3252 3547 3299 et
3576 3235 3801 3296 invisibili

2242 3310 2529 3400 frinitale,
2555 3336 2842 3392 dicendum
2869 3335 2997 3405 quid
3024 3310 3487 3406 praeclarissimas
3509 3338 3689 3388 auctor
3707 3327 3801 3382 Au-

2242 3425 2490 3497 gustinus
2532 3427 2783 3482 senserit.
2835 3425 3125 3499 Subjungit
3165 3426 3357 3497 itaque
3384 3425 3499 3497 (lib.
3527 3423 3676 3480 xvde
3698 3418 3799 3474 Trio

2243 3517 2367 3580 nit.,
2410 3533 2459 3571 c.
2496 3514 2591 3588 27)
2633 3517 2714 3573 sic
2756 3517 3028 3588 loquens:
3065 3536 3082 3570 ι
3105 3516 3309 3574 Verum
3341 3518 3470 3589 quia
3516 3517 3568 3572 in
3610 3513 3689 3569 illa
3720 3525 3796 3566 oo-

2241 3615 2466 3673 :eterna,
2512 3615 2569 3662 et
2614 3608 2877 3679 coaequali
2910 3618 2967 3663 et
2994 3608 3348 3679 incorporali,
3391 3618 3449 3664 et
3486 3602 3798 3663 ineﬁabiliter

2242 3698 2599 3765 immutabili,
2647 3708 2811 3770 atque
2857 3699 3203 3770 inseparabili
3252 3699 3527 3756 Trinitate
3574 3691 3795 3753 difficilli-

2242 3805 2390 3844 mum
2436 3797 2522 3844 est
2564 3790 2966 3859 generationem
3008 3805 3040 3844 a
3075 3789 3427 3860 processionc
3474 3786 3797 3856 distingueret

2243 3879 2479 3936 sumciat
2505 3880 2723 3935 interim
2750 3880 2832 3935 eis
2859 3880 2952 3950 qui
2982 3881 3198 3936 extendi
3229 3896 3340 3936 non
3370 3879 3548 3935 valent
3570 3872 3801 3939 amplius,

2243 3972 2297 4028 id
2323 3972 2465 4043 quod
2487 3971 2553 4028 de
2576 3972 2680 4028 hac
2709 3988 2768 4027 re
2794 3972 2849 4027 in
2877 3987 3129 4029 sermone
3150 3973 3388 4042 quodam
3412 3959 3797 4051 proferendoad

2242 4076 2405 4117 aures
2452 4060 2636 4139 populi
2679 4060 2970 4117 Christiani
3019 4061 3288 4128 diximus,
3333 4063 3640 4129 dictumque
3677 4067 3793 4109 con-

2242 4153 2579 4224 scripsimus.
2623 4153 2774 4211 lnter
2811 4162 3009 4211 caetera
3044 4155 3191 4211 enim
3230 4170 3357 4210 cum
3385 4169 3481 4224 per
3510 4149 3790 4219 Scriptura»

2243 4260 2365 4300 rum
2409 4254 2720 4302 sanctarum
2764 4246 3072 4303 testimonia
3111 4246 3440 4309 docuissem,
3482 4245 3549 4300 de
3590 4247 3792 4305 utroque

555 4338 820 4408 genitum,
844 4353 912 4393 nc
941 4338 994 4393 in
1032 4338 1415 4396 bocvocabulo
1452 4340 1535 4394 vel
1563 4340 1936 4420 duosIPatres
1962 4343 2018 4397 in
2046 4343 2150 4399 illa.
2243 4337 2535 4408 procedere
2581 4336 2843 4407 Spiritum
2892 4346 3162 4394 sanctum.
3201 4337 3260 4393 Si
3293 4353 3447 4409 ergo,
3490 4334 3713 4403 inquam.
3745 4330 3791 4379 ⁸⁸

526 4427 862 4495 ,Τι-ἰηίιιιιθ,
906 4430 997 4486 vel
1020 4431 1159 4486 duos
1180 4430 1272 4501 qui
1302 4446 1408 4486 non
1452 4440 1580 4488 sunt
1603 4430 1671 4488 de
1717 4432 1826 4489 alio
1869 4435 2147 4506 quispiam

551 4521 880 4591 suspicetur.
931 4519 1101 4576 Pater
1118 4522 1264 4578 enim
1295 4521 1443 4578 solus
1480 4537 1591 4579 non
1627 4531 1716 4579 est
1740 4523 1807 4579 de
1841 4524 1966 4591 alio,
2012 4526 2145 4584 ideo.

554 4614 703 4670 solus
725 4608 1022 4685 appellatur
1046 4615 1336 4688 ingenitus,
1355 4630 1460 4670 non
1492 4616 1709 4687 quidem
1735 4618 1789 4673 in
1817 4616 2134 4689 Scripturis,

555 4708 651 4764 sed
689 4709 742 4763 in
789 4708 1177 4785 consuetudine
1227 4708 1731 4780 disputantium,et
1774 4710 1843 4766 de
1891 4727 1949 4767 re
1991 4720 2141 4768 tanta

555 4814 858 4858 sermonem
890 4799 1103 4870 qualem
1129 4799 1401 4856 valuerint
1421 4799 1829 4870 proferentium.
1855 4802 2141 4869 Filiusau-

559 4898 667 4946 tem
692 4889 759 4944 de
784 4890 944 4945 Patre
969 4902 1128 4948 natus
1155 4899 1273 4957 est;
1298 4900 1352 4947 et
1377 4890 1612 4962 Spiritus
1632 4903 1850 4950 sanctus
1877 4878 1959 4950 (Β
1977 4895 2145 4952 Patre

557 4979 957 5051 principaliter,
993 4990 1050 5046 et
1085 4982 1199 5052 ipso
1235 4982 1353 5038 sine
1403 4982 1512 5038 ullo
1556 4981 1839 5040 intervallo
1883 4985 2144 5056 temporis

560 5072 745 5135 dante,
796 5072 1154 5139 communiter
1182 5074 1249 5129 de
1281 5082 1511 5143 utroque
1549 5073 1815 5144 procedit.
1861 5074 2143 5132 Diceretur

558 5171 738 5218 autem
760 5161 931 5217 Filius
957 5163 1132 5219 Patris
1154 5173 1208 5220 et
1236 5164 1379 5230 Filii,
1395 5165 1464 5231 si,
1488 5165 1631 5236 quod
1652 5164 1910 5222 abhorret
1931 5166 2000 5223 ab
2025 5182 2143 5222 om-

559 5253 710 5307 nium
738 5267 995 5309 sanorum
1023 5254 1289 5321 sensibus,
1312 5271 1434 5310 eum
1463 5254 1626 5311 ambo
1654 5255 1983 5328 genuissent.
2021 5253 2140 5310 Non

559 5342 725 5414 igitur
753 5341 821 5397 ab
851 5351 1077 5412 utroque
1101 5354 1185 5400 est
1208 5347 1440 5416 genitus,
1468 5346 1563 5403 sed
1612 5347 1854 5419 procedit
1881 5346 1950 5402 ab
1991 5355 2143 5402 utro-

558 5450 665 5511 que
687 5435 968 5491 amborunt
996 5436 1249 5508 Spiritus.
1286 5457 1304 5490 ›
1335 5435 1655 5494 Perseverat
1685 5436 1985 5508 approbare
2019 5436 2142 5507 Spi-

558 5528 723 5585 ritum
753 5535 998 5584 sanctum
1026 5536 1136 5584 tam
1167 5529 1233 5584 de
1262 5527 1425 5584 Patre
1457 5544 1618 5600 quam
1658 5529 1725 5585 de
1770 5528 1908 5584 Filio
1949 5542 2142 5600 proce-

558 5619 689 5674 dere
739 5636 753 5673 :
804 5619 991 5674 obviat
1046 5627 1224 5673 autem
1270 5618 1325 5673 iu
1372 5619 1475 5675 hac
1527 5619 1896 5690 propositione
1921 5628 2140 5675 contra-

557 5709 848 5768 dicentium
910 5710 1283 5783 disputationi,
1334 5710 1427 5783 qui
1466 5712 1652 5769 dicunt
1694 5713 1974 5783 utriusque
2021 5726 2143 5768 esse

2244 4427 2311 4482 de
2341 4426 2505 4483 Patre
2536 4428 2681 4484 etde
2704 4426 2842 4484 Filio
2879 4427 3126 4499 procedit
3164 4426 3405 4498 Spiritus
3444 4426 3675 4484 sanctus,
3707 4428 3790 4471 cur

2244 4518 2415 4576 Filius
2436 4520 2602 4575 dixit:
2623 4519 2701 4575 De
2720 4518 2883 4575 Patre
2900 4521 3131 4592 procedit
3147 4521 3173 4574 .9
3193 4520 3305 4576 Cur
3322 4532 3500 4592 putas,
3521 4516 3616 4572 nisi
3634 4522 3789 4584 quem'

2246 4614 2535 4671 admodum
2576 4613 2714 4671 solet
2751 4615 2817 4671 ad
2859 4629 2983 4670 eum
3020 4615 3246 4681 referre,
3275 4623 3333 4671 et
3355 4613 3497 4686 quod
3522 4608 3680 4682 ipsius
3699 4609 3786 4662 est.

2242 4703 2312 4759 de
2337 4719 2446 4774 quo
2467 4712 2523 4758 et
2554 4704 2668 4774 ipse
2686 4704 2808 4759 est?
2829 4703 2981 4760 Unde
3000 4703 3128 4758 illud
3152 4713 3272 4759 est:
3302 4702 3424 4758 Mea
3453 4698 3682 4756 doctrina
3701 4705 3795 4746 non

2242 4806 2318 4851 est
2339 4812 2480 4862 mea,
2502 4795 2593 4850 sed
2617 4795 2735 4865 ejus
2752 4795 2845 4866 qui
2866 4810 2945 4850 me
2971 4795 3110 4849 misit
3137 4794 3321 4866 (Joan.
3353 4811 3455 4858 vn,
3484 4791 3589 4861 16).
3626 4785 3677 4842 Si
3699 4781 3784 4852 igi-

2245 4893 2337 4941 tur
2374 4886 2464 4941 hic
2496 4883 2815 4955 intelligitur
2841 4883 2959 4953 ejus
2988 4886 3257 4953 doctrina,
3283 4900 3447 4957 quam
3478 4870 3788 4937 tamendixil

2244 4991 2349 5031 "0"
2398 4991 2583 5042 suam;
2619 4974 2713 5030 sed
2761 4973 2975 5042 Patris,
3018 4984 3222 5047 quanto
3264 4979 3439 5046 magis
3478 4971 3582 5027 illic
3612 4959 3793 5021 intem--

2243 5068 2450 5139 gendus
2491 5074 2576 5122 est
2612 5074 2669 5121 et
2712 5066 2779 5122 de
2819 5066 2944 5136 ipso
2969 5068 3265 5138 procedere
3310 5066 3543 5138 Spiritus
3572 5062 3793 5115 sanctusr

2241 5158 2343 5213 ubi
2367 5156 2447 5213 sic
2484 5157 2562 5212 ait
2593 5174 2606 5211 :
2641 5154 2720 5211 De
2764 5155 2925 5211 Patre
2968 5156 3242 5228 procedit:
3267 5165 3328 5212 ut
3353 5144 3458 5212 non
3486 5152 3695 5210 diceret,
3726 5141 3791 5193 tie.

2244 5264 2331 5305 me
2380 5265 2485 5305 non
2527 5249 2807 5320 procedit?
2840 5249 2893 5304 Α
2923 5265 3031 5320 quo
3063 5259 3244 5307 autem
3273 5250 3439 5307 habet
3460 5244 3621 5304 Filius
3643 5246 3695 5295 ut
3724 5232 3790 5287 sit

2243 5342 2389 5398 Deus
2429 5342 2534 5415 (est
2560 5342 2706 5398 enim
2757 5342 2823 5397 de
2849 5341 2964 5398 Deo
2989 5341 3155 5415 Deus)
3194 5344 3262 5400 ab
3302 5343 3393 5399 illo
3431 5341 3587 5398 habet
3624 5330 3779 5397 Illique

2245 5443 2305 5490 ut
2330 5434 2495 5490 etiam
2524 5434 2592 5490 de
2620 5433 2712 5490 illo
2746 5433 3006 5504 procedat
3053 5433 3291 5506 Spiritus
3332 5440 3577 5490 sanctus:
3605 5437 3662 5479 ac
3699 5427 3782 5488 pc!

2241 5525 2347 5582 hoc
2389 5524 2625 5596 Spiritus
2667 5534 2917 5596 sanctus,
2962 5534 3023 5582 ut
3062 5525 3229 5582 etiam
3270 5524 3503 5603 de'Filio
3540 5510 3779 5606 praemitti.

2244 5619 2387 5675 sicut
2427 5617 2673 5690 procedit
2710 5618 2776 5673 de
2816 5617 3001 5685 Patre,
3032 5619 3103 5673 ab
3144 5619 3259 5689 ipso
3302 5599 3461 5675 habet
3500 5599 3778 5669 Patre..iiic

2244 5718 2518 5780 utcunque
2548 5708 2710 5765 etiam
2745 5708 2873 5765 illud
2912 5707 3249 5782 intelligitur,
3280 5715 3531 5789 quantum
3559 5715 3584 5755 a
3615 5690 3781 5750 talibus
