4026 6346
220 371 330 431 289

1113 357 1397 425 CONTRA
1427 356 1841 422 GMCORUM
1879 354 2237 416 OPPOSI'l‘A.
2277 385 2349 397 -
2383 349 2513 443 LIB.
2554 353 2640 412 Ill.

3395 355 3502 413 290

223 488 420 561 quales
461 501 567 542 nos
609 496 798 541 sumus
844 478 1068 550 intelligi
1093 478 1293 552 potest,
1336 464 1568 536 curnon
1597 468 1812 559 dicatur
1838 477 1884 538 Α
1913 486 2026 538 ses,
2048 471 2129 527 sic
2157 471 2224 526 de
2253 468 2460 541 Spiritu
2489 478 2682 527 sancto
2702 444 3007 525 sermonem
3041 466 3356 536 terminans,
3390 473 3499 528 ait‘:

223 554 390 637 natus
430 592 574 644 esse,
619 576 714 633 sed
751 572 930 646 potius
958 572 1255 643 procedere
1291 570 1529 641 Spiritus
1557 554 1809 635 sanctus;

1919 584 1940 617 ι
1969 563 2109 632 Quid
2136 562 2281 618 aliud
2305 562 2480 618 dicam
2513 561 2768 632 fatigatus
2799 559 3071 631 fatigatis?
3104 559 3206 627 Qui
3236 561 3501 632 Spiritum

222 670 485 742 quoniam
507 670 553 725 si
573 678 632 724 et
650 681 766 737 Ipse
793 665 964 720 Filius
987 664 1288 730 diceretur,
1317 664 1602 718 amborum
1627 661 1813 730 utique
1908 663 2164 711 sanctum
2187 669 2219 708 a
2241 652 2402 708 Patre
2425 661 2482 707 et
2508 652 2669 717 Filio,
2699 654 3025 717 aeternitate,
3056 649 3384 735 substantia,
3414 649 3502 706 vel

221 759 401 816 Filius
419 759 716 822 diceretur;
731 756 874 825 quod
897 752 1343 808 absurdissimqu
1364 765 1465 808 est.
1482 751 1654 807 Filius
1664 750 1816 820 quip-

220 867 294 921 pe
324 850 508 906 nullus
526 858 615 904 est
638 848 889 910 duorum,
910 845 1014 899 nisi
1017 844 1201 916 patris
1225 852 1279 899 et
1312 842 1523 897 matris.
1540 842 1698 898 Absit
1718 855 1816 895 au-

223 952 343 997 tem
366 949 432 998 ut
454 941 601 995 inter
625 939 795 993 Deum
826 935 1039 991 Patrem
1072 945 1130 990 et
1160 936 1327 990 Deum
1367 932 1561 989 Filium
1589 932 1696 988 tale
1723 931 1818 987 ali-

222 1035 361 1105 quid
387 1032 758 1103 suspicemur;
793 1028 920 1099 quia
942 1041 1046 1082 nec
1066 1025 1240 1081 Filius
1266 1025 1545 1082 hominum
1566 1023 1729 1080 simul
1748 1038 1817 1078 ex

219 1103 387 1199 patre
407 1132 464 1180 et
481 1130 658 1179 matre
679 1120 959 1192 procedit;
987 1119 1084 1175 sed
1101 1120 1224 1174 cum
1247 1118 1302 1173 in
1324 1126 1553 1173 matrem
1574 1115 1821 1188 procedit

220 1231 296 1272 ex
319 1224 500 1287 patre,
521 1228 629 1269 non
651 1222 783 1268 tunc
800 1210 1049 1282 procedit
1069 1224 1136 1264 ex
1155 1218 1329 1265 matre
1347 1224 1362 1263 :
1379 1219 1437 1264 et
1453 1224 1576 1287 cum
1598 1207 1652 1263 in
1674 1207 1818 1263 hanc

219 1285 408 1363 lucem
450 1303 701 1376 procedit
734 1317 808 1358 ex
844 1308 1021 1356 matre
1041 1304 1071 1361 .'
1096 1315 1203 1355 non
1260 1308 1391 1355 tunc
1444 1285 1691 1370 procedit
1749 1312 1819 1354 ex

220 1395 418 1452 Patre.
465 1393 701 1465 Spiritus
743 1398 923 1446 autem
971 1399 1191 1445 sanctus
1237 1405 1344 1445 non
1392 1391 1459 1447 de
1500 1389 1661 1443 Patre
1704 1403 1822 1459 pro-

222 1488 380 1545 cedit
425 1487 484 1543 in
528 1485 756 1551 Filium,
813 1492 871 1539 et
906 1484 974 1539 de
1007 1481 1148 1538 Filio
1189 1483 1435 1554 procedit
1479 1483 1546 1538 ad
1585 1480 1824 1537 sanctiﬁ-

220 1578 465 1634 candam
511 1583 857 1639 creaturam,
904 1573 1002 1628 sed
1046 1562 1210 1628 simul
1232 1567 1323 1628 ’de
1364 1581 1594 1643 utroque
1628 1585 1825 1643 proce-

224 1673 316 1729 dit
346 1690 360 1727 :
389 1669 644 1742 quamvis
685 1667 790 1724 hoc
828 1665 993 1721 Pater
1034 1663 1176 1721 Filio
1214 1664 1443 1728 dederit,
1475 1673 1537 1720 ut
1563 1664 1824 1735 quemad-

224 1759 460 1818 modum
490 1757 567 1814 de
608 1769 689 1824 se,
736 1756 811 1813 ita
855 1755 923 1811 de
954 1753 1050 1809 illo
1076 1767 1291 1824 quoque
1314 1755 1596 1824 procedat.
1636 1752 1822 1823 Neque

1919 746 2298 802 communione
2324 753 2581 817 separat,
2623 759 2858 815 eumque
2898 754 3062 816 negat
3093 730 3352 817 Spiritum
3381 746 3505 800 eSse

1916 840 2097 897 Patris
2125 848 2180 895 et
2207 839 2354 905 Filii,
2383 838 2575 909 plenus
2600 845 2688 892 est
2722 838 2913 908 spiritu
2943 839 3253 903 immundo,
3295 853 3505 894 vacuus

1921 930 2128 1002 Spiritu
2165 930 2373 986 sancto.
2405 948 2424 981 ι
2460 927 2696 983 Audiant
2732 928 2844 982 lucc
2881 914 3283 1000 impugnatures
3314 929 3509 983 verita-

1916 1023 2026 1087 tis,
2061 1029 2321 1091 negantes
2368 1017 2627 1087 Spiritum
2669 1027 2914 1073 sanctum
2960 1020 3028 1074 de
3069 1018 3229 1075 Patre
3262 1018 3507 1090 Filioque

1917 1112 2232 1182 procedere.
2274 1110 2429 1177 Quod
2457 1124 2580 1164 cum
2610 1117 2837 1179 negant,
2873 1118 3071 1181 negant
3097 1123 3219 1164 eum
3250 1100 3377 1166 esse
3399 1109 3505 1165 Pa-

1921 1203 2022 1259 tris
2063 1201 2292 1270 Filiique
2338 1199 2641 1270 Spiritum:
2676 1208 2734 1255 et
2772 1202 3159 1269 pertimescant
3210 1215 3269 1256 se
3314 1201 3505 1272 spiritu

1918 1294 2106 1365 plenos
2147 1306 2269 1347 esse
2316 1290 2625 1354 immundo,
2667 1304 2975 1360 vacuosque
3024 1288 3229 1360 Spiritu
3277 1299 3505 1345 sancto:

1921 1398 2022 1439 ncc
2042 1396 2199 1453 posse
2225 1381 2435 1434 veniam
2462 1379 2742 1448 consequi,
2774 1387 2937 1434 tanta:
2958 1381 3001 1434 si
3025 1395 3131 1434 non
3158 1379 3511 1450 blasphemia:

1922 1470 2373 1527 renuntiaverint.
2412 1468 2565 1535 Quod
2596 1468 2640 1524 si
2673 1455 2860 1523 nolunt
2902 1468 3090 1524 audire
3130 1468 3383 1539 maligni,
3415 1484 3513 1523 au-

1922 1562 2075 1617 diant
2098 1560 2318 1632 pietatis
2346 1560 2527 1624 amici,
2558 1568 2615 1614 et
2635 1559 3023 1615 exhorrescant
3057 1559 3349 1630 impietatis
3372 1561 3515 1615 blas-

1920 1652 2216 1724 phemiam,
2249 1659 2308 1706 ut
2333 1649 2644 1721 repleantur
2664 1649 2868 1720 Spiritu
2895 1641 3107 1707 sancto'.

1995 1743 2129 1799 Item
2163 1743 2216 1798 in
2264 1742 2403 1797 libro
2456 1751 2646 1797 contra
2695 1740 3047 1797 Maximinum
3085 1741 3346 1798 Arianum
3395 1740 3513 1813 (lib.

218 1850 383 1908 enim
423 1861 716 1920 possumus
761 1846 944 1901 dicere
987 1844 1132 1914 quod
1175 1858 1282 1898 non
1327 1843 1400 1899 sit
1444 1843 1556 1898 vita
1585 1843 1823 1914 Spiritus
1852 1831 1901 1893 B
1925 1851 2012 1903 tu,
2039 1852 2156 1907 cap.
2181 1834 2272 1907 5):
2309 1852 2329 1886 ι
2360 1834 2502 1890 Dicis
2523 1848 2621 1891 vos
2652 1833 2914 1905 Spiritum
2943 1844 3191 1891 sanctum
3222 1837 3513 1899 honorare,

203 1938 481 2005 sanctus,
508 1953 634 1993 cum
663 1936 773 1990 vita
801 1934 985 1999 Pater,
1014 1934 1123 1988 vita
1153 1932 1225 1988 sit
1249 1932 1417 1988 Filius
1436 1950 1455 1987 ξ
1496 1947 1561 1988 ac
1596 1948 1695 2004 per
1724 1930 1826 1989 hoc

225 2032 381 2087 sicut
406 2030 570 2084 Pater
594 2041 716 2082 cum
743 2024 942 2081 haheat
961 2025 1126 2078 vitam
1161 2024 1215 2078 in
1252 2024 1563 2094 semetipso,
1599 2025 1745 2079 dedit
1770 2033 1828 2079 et

225 2121 377 2176 Filio
402 2119 605 2176 habere
632 2116 796 2171 vitam
825 2115 879 2169 in
910 2115 1229 2184 semetipso;
1261 2114 1343 2169 sic
1365 2115 1414 2168 ei
1436 2115 1586 2170 dedit
1609 2126 1636 2156 ι
1662 2115 1826 2169 vitam

226 2210 507 2281 Spiritum
529 2215 778 2263 sanctum
798 2205 1096 2276 procedere
1123 2203 1191 2259 de
1220 2202 1312 2260 illo
1338 2204 1480 2260 sicut
1502 2204 1744 2276 procedit
1772 2213 1830 2261 et

225 2304 302 2359 de
334 2304 471 2374 ipso.
504 2321 531 2355 ι
746 2363 756 2381 ι
890 2358 895 2361 _
1814 2304 1817 2307 λ

306 2395 440 2451 Haec
459 2397 650 2451 beatus
677 2391 1011 2466 Augustinus
1046 2390 1114 2447 de
1146 2405 1398 2448 sermone
1423 2405 1583 2461 quem
1610 2405 1670 2448 se
1694 2390 1829 2447 dixit

226 2485 440 2542 fecisse
464 2499 652 2540 coram
677 2483 876 2554 populo
895 2521 911 2546 ,
941 2480 1220 2536 transtulit
1250 2480 1305 2536 in
1330 2481 1527 2536 librum
1560 2481 1827 2538 decimum

226 2576 492 2648 quintum
533 2575 601 2632 de
643 2582 834 2631 sancta
864 2572 1149 2628 Triuitate.
1209 2570 1287 2627 De
1311 2586 1420 2643 quo
1454 2585 1706 2629 sermone
1732 2584 1827 2628 su-

225 2682 340 2740 pra
362 2664 476 2735 jam
506 2665 812 2721 testimonia
839 2663 1118 2734 posuimus
1141 2702 1157 2727 ,
1201 2671 1257 2717 et
1299 2663 1430 2732 quid
1465 2663 1621 2717 nobis
1655 2663 1828 2718 visum

226 2757 442 2812 exinde
465 2754 633 2811 fuerit
670 2755 909 2810 breviter
941 2754 1210 2818 diximus,
1240 2768 1362 2823 quae
1391 2753 1658 2824 replicare
1684 2768 1831 2810 nunc

227 2849 517 2906 credimus
547 2862 651 2903 non
678 2862 800 2903 esse
822 2846 1209 2901 necessarium.
1251 2842 1364 2899 Hoc
1383 2844 1720 2899 solummodo
1748 2845 1831 2899 di-

231 2941 475 2997 centium
508 2939 653 3009 quod
695 2938 840 2993 inter
877 2936 1285 3007 generationem
1325 2951 1391 2991 ac
1428 2936 1829 3005 processiouem

230 3033 389 3088 hanc
411 3031 544 3087 dicit
562 3044 683 3086 esse
708 3027 1091 3093 diﬁ‘erentiam,
1118 3028 1262 3096 quod
1287 3026 1568 3095 generatio
1587 3026 1658 3081 sit
1681 3025 1826 3093 Filii,

233 3122 503 3193 quoniam
533 3122 647 3192 ipse
668 3129 827 3176 natus
851 3118 1207 3175 esse‘dicatur
1226 3120 1294 3173 de
1323 3116 1516 3183 Patre;
1552 3118 1829 3189 processio

1920 1936 1992 1985 ut
2014 1930 2291 1984 doctorem
2317 1967 2333 1995 ,
2361 1936 2420 1983 ut
2446 1929 2758 1984 ducatorem
2789 1967 2806 1993 ,
2836 1936 2907 1993 ,ut
2952 1927 3370 1983 illuminatorem
3395 1969 3408 1989 ,
3456 1935 3517 1982 ut

1923 2021 2383 2078 sanctiﬁcatorem
2410 2038 2424 2075 :
2454 2020 2731 2077 Christum
2757 2021 2936 2076 colere
2956 2029 3015 2075 ut
3043 2031 3342 2076 creatorem
3372 2040 3384 2073 :
3413 2019 3517 2074 Pa-

1929 2124 2069 2170 trem
2110 2129 2233 2169 cum
2283 2114 2493 2169 sincera
2545 2114 2829 2169 devotione
2858 2114 3086 2169 adorare
3127 2123 3186 2168 ut
3214 2123 3512 2168 auctorem.

1922 2203 1988 2260 Si
2033 2214 2312 2259 auctorem
2352 2211 2635 2274 propterea
2656 2202 2793 2259 dicis
2836 2202 3086 2269 Patrem,
3128 2204 3253 2274 quia
3292 2204 3358 2258 dc
3402 2203 3518 2274 ipso

1926 2294 2014 2353 est
2054 2294 2266 2362 Filius,
2326 2309 2435 2351 non
2476 2302 2560 2350 est
2607 2303 2782 2350 autem
2824 2294 2938 2365 ipse
2974 2295 3041 2349 de
3084 2293 3262 2350 Filio:
3306 2304 3362 2350 et
3390 2295 3516 2366 quia

1928 2394 1996 2450 de
2046 2391 2138 2448 illo
2192 2389 2407 2448 etFilio
2455 2389 2535 2445 sic
2582 2388 2823 2461 procedit
2868 2388 3103 2460 Spiritus
3150 2396 3409 2455 sanctus,
3458 2397 3520 2445 ut

1929 2485 2044 2556 ipse
2086 2484 2194 2540 hoc
2239 2483 2450 2539 dederit
2490 2478 2671 2546 Filio,
2732 2481 3002 2554 gignendo
3058 2496 3182 2536 eum
3239 2481 3400 2536 talem
3458 2488 3520 2537 ut

1928 2575 2094 2632 etiam
2132 2575 2200 2630 de
2251 2575 2370 2645 ipso
2407 2571 2671 2644 procedat
2711 2571 2946 2643 Spiritus
2985 2583 3225 2628 sanctus.
3284 2571 3341 2627 Si
3371 2585 3520 2627 crea-

1931 2679 2104 2725 torem
2144 2668 2223 2724 sic
2270 2666 2406 2722 dicis
2451 2665 2667 2729 Filium,
2697 2671 2756 2718 ut
2781 2671 3080 2719 creatorem
3105 2655 3211 2718 non
3236 2679 3399 2734 neges
3419 2661 3517 2717 Pa-

1930 2769 2101 2823 trem,
2147 2772 2250 2813 nec
2289 2755 2551 2833 Spiritum
2584 2763 2851 2809 sanctum.
2911 2753 2968 2808 Si
2996 2754 3229 2824 denique
3253 2752 3516 2824 Spiritum

1931 2859 2178 2906 sanctum
2225 2848 2361 2904 dicis
2402 2847 2483 2904 sic
2512 2848 2790 2902 doctorem
2812 2887 2828 2912 ,
2874 2840 3211 2911 duca'torem,
3242 2844 3516 2900 illumina-

1932 2952 2102 2998 torem
2121 2982 2136 3007 ,
2176 2938 2659 3005 sanctiﬁcatorem,
2688 2945 2747 2993 ut
2774 2937 2887 2992 haec
2911 2953 3073 3008 opera
3104 2952 3205 2992 nec
3234 2935 3381 2991 Patri
3412 2951 3513 2999 au,-

1929 3036 2060 3091 deas
2089 3030 2340 3099 auferre,
2372 3045 2473 3086 nec
2505 3028 2675 3094 Filio,
2723 3030 2823 3085 ista
2857 3039 2945 3083 tua
2974 3028 3141 3085 etiam
3175 3037 3361 3084 nostra
3392 3035 3521 3085 sunt

1929 3126 2116 3181 verba.
2149 3144 2168 3177 ι
2205 3120 2333 3179 Haec
2361 3130 2584 3178 sanctus
2616 3120 2950 3192 Augustinus
2979 3121 3240 3176 adversus
3265 3120 3515 3175 Arianos.

232 3189 381 3271 vero
406 3189 674 3286 pertineat
695 3212 765 3268 ad
795 3211 1055 3281 Spiritum
1084 3217 1362 3275 8300mm;
1399 3222 1499 3265 nec
1525 3224 1649 3264 eum
1671 3222 1829 3279 Posse
1855 3189 1902 3254 (ἶ
1933 3218 2163 3275 Videant
2203 3217 2290 3273 isti
2318 3214 2473 3284 cujus
2500 3214 2669 3271 velint
2702 3189 2825 3271 esse
2861 3213 2985 3270 ﬁdei
3015 3213 3099 3270 vel
3145 3215 3518 3284 imperatores,

238 3305 361 3361 dici
383 3314 723 3375 generatum;
772 3303 914 3373 quod
948 3302 995 3358 si
1040 3301 1254 3357 dicatur
1279 3310 1469 3365 natus,
1511 3308 1623 3355 tam
1654 3299 1830 3356 Patris

236 3409 414 3466 quam
438 3392 559 3448 Filii
580 3408 703 3449 esse
721 3393 961 3448 dicetur:
986 3391 1131 3466 quod
1153 3406 1378 3446 summa
1399 3389 1530 3445 dicit
1552 3404 1674 3445 esse
1700 3389 1832 3444 stul-

235 3464 413 3552 titia,
439 3501 614 3556 neque
650 3483 847 3540 divina;
888 3464 1220 3554 generationi
1260 3480 1570 3535 convenire.
1607 3480 1832 3546 Quando

236 3594 486 3649 namque
508 3580 735 3649 quisque
757 3576 925 3632 Filius
950 3577 1020 3631 de
1051 3575 1242 3640 Patre,
1277 3573 1519 3645 Filioque
1555 3583 1715 3628 natus
1735 3586 1835 3628 ex-

237 3672 431 3727 stitit?
458 3671 600 3743 Ergo
624 3669 881 3740 quoniam
908 3668 1012 3723 ista
1043 3676 1170 3723 sunt
1189 3666 1598 3731 absurdissima,
1624 3666 1835 3721 dicatur

237 3764 422 3822 Filius
459 3774 621 3819 natus
648 3764 714 3819 de
740 3763 932 3826 Patre,
964 3759 1202 3831 Spiritus
1238 3774 1369 3814 vero
1403 3769 1620 3814 sanctus
1646 3773 1837 3829 proco.

238 3857 386 3911 deus
415 3856 485 3910 ab
523 3862 773 3924 utroque.
813 3851 926 3907 Nec
965 3852 1068 3907 hoc
1110 3849 1573 3905 inconvenienter.
1622 3848 1833 3904 Dictum

237 3960 489 4016 nanque
513 3953 599 4000 est
620 3984 638 4011 ,
686 3943 903 3998 Patrem
925 3941 1097 3998 solum
1122 3955 1189 3996 ex
1210 3939 1395 3995 nullo:
1420 3955 1487 3995 ex
1514 3937 1677 3993 Patre
1708 3952 1837 3994 vero

237 4035 450 4093 Filium
476 4043 535 4090 et
557 4034 819 4105 Spiritum
848 4041 1117 4091 sanctum.
1154 4031 1223 4087 Et
1256 4031 1470 4085 Patrem
1494 4044 1615 4085 esse
1643 4028 1835 4095 vitam,

239 4126 452 4183 Filium
478 4126 645 4182 etiam
671 4125 872 4191 vitam,
917 4121 1179 4194 Spiritum
1223 4137 1437 4194 quoque
1469 4129 1715 4177 sanctum
1752 4120 1837 4176 vi-

240 4227 387 4273 tam.
429 4215 538 4272 Sed
561 4215 730 4270 vitam
756 4214 826 4269 de
850 4213 994 4268 nulla
1016 4213 1125 4268 vita
1146 4211 1358 4268 Patrem
1397 4212 1570 4267 solum
1595 4228 1611 4278 ;
1645 4210 1837 4266 Filium

236 4322 387 4364 vero
432 4307 601 4361 vitam
646 4306 715 4362 de
753 4304 920 4361 Patre
959 4302 1094 4369 solo,
1139 4304 1235 4359 sed
1269 4303 1537 4373 genitam;
1576 4301 1838 4371 Spiritum

239 4416 469 4474 quoque
492 4409 745 4456 sanctum
784 4400 952 4454 vitam
991 4412 1097 4452 non
1129 4397 1197 4453 de
1234 4395 1350 4451 solo
1388 4396 1581 4461 Patre,
1625 4409 1727 4450 nec
1773 4394 1841 4449 dc

1929 3311 2015 3367 vel
2059 3310 2430 3368 Ariomanitae.
2489 3305 2550 3365 Si
2597 3317 2797 3382 negant
2845 3298 3107 3379 Spiritum
3156 3317 3401 3365 sanctum
3452 3307 3522 3364 de

1931 3402 2094 3459 Patre
2122 3399 2368 3475 Filioque
2392 3402 2711 3473 procedere,
2729 3400 3013 3457 catholicae
3034 3399 3160 3456 ﬁdei
3186 3408 3518 3470 repugnant:

1930 3501 1988 3547 et
2022 3490 2214 3547 Ariani
2257 3488 2530 3562 dogmatis
2572 3501 2874 3546 assertores
2914 3490 3236 3545 clliciuntur.
3282 3488 3432 3558 Quod
3475 3488 3522 3545 si

1932 3581 2188 3638 catholici
2237 3590 2394 3647 sunt,
2440 3591 2497 3636 et
2538 3581 2771 3636 oderunt
2806 3580 2960 3650 pravi
3000 3581 3269 3652 dogmatis
3310 3580 3523 3638 falsita-

1934 3681 2065 3737 tem,
2100 3687 2207 3727 non
2236 3666 2470 3743 arguunt
2498 3668 2745 3735 Latinos,
2772 3669 2882 3724 imo
2909 3670 3233 3725 catholicam
3262 3662 3527 3725 Conﬁten-

1935 3762 2042 3818 tem
2065 3760 2328 3833 Spiritum
2355 3766 2601 3816 sanctum
2630 3744 2695 3814 de
2722 3757 2883 3814 Patre
2910 3758 3154 3828 Filioque
3205 3759 3523 3829 procedere;

1935 3852 2039 3907 ista
2089 3850 2345 3922 quoniam
2376 3864 2577 3922 negare
2599 3889 2618 3918 ,
2646 3849 2862 3906 Arianae
2897 3849 3140 3921 perﬁdiae
3178 3849 3525 3906 manifestum

1935 3947 2022 4001 est
2049 3943 2382 4000 consentire.

2005 4035 2140 4091 item
2181 4034 2237 4090 in
2276 4032 2471 4105 eodem
2507 4031 2650 4090 libro
2686 4032 2826 4105 (cap.
2857 4031 2947 4105 ll)
2978 4050 2992 4088 :
3028 4051 3047 4085 ι
3075 4030 3285 4100 Quaeris
3320 4046 3351 4088 a
3383 4046 3472 4087 me
3511 4046 3528 4087 :

1937 4129 2217 4201 (nimirum
2246 4126 2540 4183 Maximum
2565 4125 2825 4182 Arianum
2850 4126 3222 4198 interpellans,
3247 4126 3331 4180 cui
3348 4126 3534 4195 loque-

1936 4222 2118 4290 batur)
2142 4220 2188 4278 si
2218 4222 2285 4277 de
2319 4220 2620 4278 substantia
2649 4219 2828 4277 Patris
2857 4229 2944 4277 est
2967 4220 3159 4286 Filius,
3191 4220 3256 4275 de
3281 4220 3536 4276 substan-

1940 4312 2012 4368 tia
2047 4311 2227 4367 Patris
2264 4321 2350 4369 est
2386 4310 2624 4383 Spiritus
2653 4320 2908 4377 sanctus,
2949 4326 3046 4366 cur
3071 4328 3211 4367 unus
3240 4310 3410 4366 Filius
3438 4312 3533 4375 sit,

1938 4410 1995 4457 et
2022 4401 2161 4459 alius
2188 4416 2292 4456 non
2322 4403 2395 4457 sit
2418 4399 2632 4456 Filius?
2657 4399 2799 4456 Ecce
2826 4401 3127 4471 respondeo
3144 4441 3160 4467 ,
3187 4400 3303 4456 sive
3328 4400 3539 4471 capias.

241 4491 373 4549 solo
403 4490 574 4557 Filio,
600 4491 697 4547 Sed
724 4491 793 4545 ab
815 4499 1082 4560 utroque;
1113 4489 1209 4544 θεά
1238 4502 1346 4544 ηοη
1370 4489 1449 4543 δίο
1477 4488 1545 4542 (ιθ
1572 4486 1753 4553 Ρειιΐθν
1779 4495 1840 4541 ιιι
1871 4546 1915 4565 η
1942 4494 2057 4550 sive
2088 4509 2197 4549 non
2242 4493 2426 4565 capias
2451 4511 2465 4548 :
2498 4493 2576 4549 De
2608 4491 2770 4548 Patre
2808 4501 2893 4550 est
2928 4491 3129 4561 Filius,
3165 4493 3236 4548 de
3256 4492 3420 4548 Patre
3459 4502 3543 4548 est

241 4583 382 4640 inde
412 4582 670 4652 procedat
692 4581 749 4652 in
774 4579 1004 4647 Filium,
1034 4588 1092 4634 et
1116 4594 1304 4635 rursus
1333 4581 1400 4635 de
1420 4578 1556 4634 Filio
1582 4577 1841 4650 procedat
1869 4546 1916 4606 υ
1948 4584 2187 4657 Spiritus
2229 4546 2478 4652 sanctus;
2529 4586 2623 4641 sed
2670 4585 2760 4641 ille
2802 4585 3046 4658 genitus,
3089 4546 3191 4640 iste
3217 4585 3539 4654 procedens.

243 4675 328 4731 ad
348 4682 614 4730 creaturae
647 4671 1170 4728 sanctiﬁcationem:
1201 4685 1312 4725 non
1354 4670 1497 4724 enim
1542 4669 1703 4724 isthic
1731 4666 1839 4722 ulla

242 4772 532 4822 momenta
564 4764 857 4833 temporis,
898 4761 984 4817 vel
1021 4761 1156 4816 ordo
1175 4760 1513 4832 cogitandus.
1552 4757 1725 4814 Simul
1750 4758 1843 4813 de-
1874 4809 1879 4815 .

248 4857 425 4927 niqne
450 4853 699 4926 procedit
730 4854 802 4909 ab
832 4850 1123 4918 ambobus,
1156 4852 1208 4908 id
1238 4860 1353 4916 est,
1385 4864 1513 4907 cum
1541 4848 1787 4922 procedit
1810 4863 1843 4903 a

246 4949 460 5014 Patre,
489 4946 734 5018 procedit
777 4961 809 5001 a
851 4945 1018 5013 Filio;
1068 4954 1127 5001 et
1160 4954 1283 5001 cum
1322 4946 1567 5016 procedit
1607 4958 1638 4999 a
1682 4942 1841 5009 Filio,

247 5038 507 5111 procedit
530 5053 563 5092 a
591 5036 755 5093 Patre
775 5077 791 5103 ,
818 5035 966 5092 nullo
990 5035 1075 5091 vel
1105 5045 1348 5106 tempore
1390 5034 1477 5090 vel
1520 5034 1711 5091 ordine
1738 5048 1847 5089 me-

250 5133 482 5187 diante:
516 5132 620 5189 hoc
648 5139 830 5186 tamen
868 5130 1133 5185 interesse
1165 5137 1223 5183 ut
1264 5128 1428 5184 Pater
1454 5143 1485 5183 a
1516 5127 1663 5183 nullo
1691 5142 1848 5184 acce—

252 5226 430 5295 perit,
461 5236 524 5280 ut
551 5225 621 5280 de
650 5224 744 5280 illo
764 5222 1084 5295 procederet
1097 5219 1336 5291 Spiritus
1362 5230 1618 5276 sanctus:
1644 5228 1701 5275 at
1724 5234 1851 5275 vero

252 5318 436 5372 Filius
476 5333 507 5372 a
548 5316 710 5373 Patre
741 5318 1023 5388 percepit,
1070 5324 1131 5370 ut
1151 5315 1220 5371 ab
1245 5328 1311 5370 eo
1347 5314 1667 5384 procederet
1705 5311 1850 5367 idem

252 5408 504 5479 Spiritus
525 5418 767 5466 sanctus.
1124 5404 1129 5413 ’

266 5536 275 5542 -
335 5502 469 5560 Item
501 5505 554 5559 in
582 5504 722 5562 libro
750 5502 1132 5576 disputationis
1170 5510 1360 5559 contra
1400 5500 1637 5573 quinque
1665 5499 1853 5577 Haere-

340 5649 367 5678 ι
409 5635 583 5693 Vitam
612 5635 868 5710 Spiritum
902 5647 1184 5710 sanctum._
1204 5638 1331 5710 Duae
1372 5635 1585 5710 ultima;
1606 5649 1769 5693 voces
1798 5634 1852 5690 in

258 5707 568 5781 Augustino
595 5705 700 5764 non
723 5709 1009 5781 leguntur;
1041 5719 1096 5763 et
1122 5706 1332 5781 additas
1352 5721 1474 5781 esse
1504 5705 1854 5781 aRatramno

262 5775 502 5836 vel‘inde
522 5788 741 5836 constat
766 5775 803 5845 ,⁷
825 5779 966 5851 quod
998 5778 1247 5849 superius
1290 5777 1471 5849 capite
1498 5775 1556 5843 2,
1586 5776 1673 5832 ubi
1705 5792 1856 5832 eum-

1946 4679 2073 4735 ldeo
2100 4679 2190 4734 ille
2217 4678 2390 4734 Filius
2424 4687 2510 4734 est
2536 4678 2749 4745 Patris,
2776 4678 2844 4733 de
2879 4694 2987 4749 quo
3027 4688 3113 4733 est
3149 4677 3399 4748 genitus;
3441 4675 3545 4731 iste

1949 4779 2131 4827 autem
2167 4770 2405 4841 Spiritus
2432 4770 2739 4840 utriusque,
2773 4771 3028 4841 quoniam
3058 4770 3127 4825 de
3154 4777 3386 4839 utroque
3413 4783 3545 4839 pro-

1949 4856 2155 4917 cedit.»
2197 4860 2440 4934 Negabat
2484 4860 2806 4917 Maximinus
2844 4859 3121 4936 Arianus,~
3145 4867 3333 4916 contra
3381 4875 3543 4931 quem

1951 4953 2064 5024 agit
2092 4950 2284 5008 beatus
2315 4944 2687 5023 Augustinus,
2716 4940 3256 5026 Spiritumsanctum
3286 4949 3354 5005 de
3384 4948 3546 5005 Patre

1953 5045 2272 5116 procedere.
2304 5045 2527 5100 Dicebat
2572 5043 2717 5100 enim
2757 5058 2882 5098 eum
2911 5030 3178 5097 minorem
3224 5040 3398 5109 Filio,
3447 5055 3547 5097 nec

1957 5133 2471 5192 consubstantialem
2512 5132 2659 5190 Patri
2686 5176 2701 5202 ,
2729 5135 2917 5190 volens
2942 5148 3205 5197 evacuare
3229 5133 3373 5205 quod
3412 5132 3547 5190 ﬁdes

1961 5228 2225 5285 catholica
2256 5236 2432 5295 tenet,
2464 5224 2724 5300 Spiritum
2755 5236 3000 5305 sanctum
3027 5227 3545 5284 consubstantialem

1961 5317 2110 5376 Patri
2140 5320 2404 5392 Filioque.
2449 5319 2517 5376 Et
2562 5321 2684 5377 ideo
2729 5319 2941 5377 dicebat
2968 5334 3001 5375 .:
3050 5319 3106 5375 Si
3137 5319 3213 5375 de,
3242 5318 3547 5391 substantia

1961 5410 2140 5468 Patris
2187 5413 2324 5469 foret
2371 5412 2608 5485 Spiritus
2654 5422 2910 5480 sanctus,
2948 5400 3103 5469 Isicut
3134 5413 3201 5468 de
3245 5412 3547 5471 substantia

1954 5502 2136 5560 Patris
2165 5512 2251 5560 est
2279 5501 2480 5571 Filius,
2505 5519 2625 5562 esse
2645 5502 2759 5576 jam
2800 5512 3196 5577 consequenter
3224 5504 3359 5560 duos
3388 5501 3546 5557 ﬁlios.

1958 5643 2082 5701 dem
2103 5641 2390 5714 Augustini
2415 5641 2595 5714 locum,
2618 5642 2869 5709 attexuit,
2895 5643 2998 5701 hoc
3021 5649 3228 5699 tantum
3245 5636 3545 5712 legebatur,

1958 5715 2117 5797 ritum
2146 5713 2422 5786 procedere
2450 5714 2516 5771 de
2537 5713 2652 5783 illo,
2681 5723 2789 5771 etc.
