4026 6346
534 345 641 403 291

1566 324 1930 384 RATBAMNI
1970 321 2424 382 CORBEIENSIS
2461 321 2770 383 MONACHI
3683 334 3768 391 Μ

539 459 642 516 Cui
682 453 1014 528 respondens
1035 452 1236 507 ‘beatus
1260 443 1592 518 Augustinus
1614 484 1629 508 ,
1660 442 1794 498 dicit
1821 457 1946 496 eum
1974 449 2030 496 et
2064 441 2130 497 de
2156 445 2204 505 Α
2230 441 2516 512 putatione
2555 442 2894 499 demonstrat
2954 456 3075 498 esse
3131 441 3350 512 quidem
3400 440 3465 500 de
3511 443 3768 510 substantia

546 551 708 606 Patre
740 547 1068 619 procedere,
1104 541 1359 614 quoniam
1405 537 1647 606 ejusdem
1682 544 1768 590 est
1806 550 1928 590 cum
1970 533 2132 590 Patre

547 640 891 703 substantias;
925 650 1024 691 nec
1067 643 1246 688 tamen
1283 645 1402 685 esse
1441 627 1637 682 Filium
1660 667 1674 689 ,
1724 625 1982 695 quoniam
2023 639 2131 679 non

543 740 632 788 est
679 739 868 794 natus,
913 725 1006 782 sed
1051 722 1396 794 procedens:
1429 719 1599 774 Filius
1632 731 1863 786 namque
1908 715 1998 785 qui
2049 723 2134 770 est

545 833 727 889 tratus,
771 829 857 876 est
901 819 966 873 de
1008 813 1308 871 substantia
1357 811 1567 875 Patris,
1598 817 1654 865 et
1698 810 1900 864 idcirco
1940 806 2132 873 Filius,

549 917 674 984 quia
703 919 881 966 natus.
927 908 997 962 At
1023 921 1150 961 vero
1189 903 1424 974 Spiritus
1454 909 1694 965 sanctus,
1724 914 2032 969 Quanquam
2065 897 2137 952 sit

549 1008 615 1058 de
644 1000 944 1059 substantia
973 997 1173 1059 Patris,
1203 1010 1308 1050 non
1339 1003 1422 1049 est
1447 1002 1622 1047 tamen
1656 991 1841 1058 Filius,
1871 991 1997 1060 quia
2028 1005 2135 1046 non

547 1103 632 1147 est
655 1093 886 1163 genitus.
924 1086 1177 1143 Procedit
1204 1093 1386 1138 autem
1414 1085 1481 1138 de
1507 1081 1808 1136 substantia
1839 1081 1979 1143 Filii,
2005 1095 2135 1149 quo-

550 1184 692 1236 niam
725 1189 808 1234 est
833 1179 1115 1247 utriusque
1141 1173 1406 1241 Spiritus,
1435 1180 1490 1227 et
1517 1171 1998 1227 consubstantialis
2023 1185 2137 1224 am-

549 1275 759 1327 borum.
790 1269 902 1324 Hoc
923 1268 1013 1338 qui
1044 1274 1223 1337 negat,
1245 1263 1461 1318 Arianis
1483 1261 1752 1318 consentit
1777 1270 1832 1316 et
1858 1259 2140 1315 catholica

551 1365 673 1420 ﬁdei
703 1360 1043 1418 contradicit.

623 1453 882 1524 Sequitur
923 1469 936 1504 :
977 1467 996 1501 ι
1027 1447 1131 1503 Sed
1164 1447 1284 1501 ideo
1323 1460 1445 1498 cum
1485 1443 1549 1498 de
1577 1443 1666 1497 illo
1694 1442 1864 1496 Filius
1893 1442 2141 1511 loquere-

552 1555 658 1607 tur,
693 1543 770 1596 ait
797 1559 812 1594 :
841 1540 916 1594 De
947 1535 1359 1614 Patrelprocedit
1391 1533 1573 1602 (Joan.
1605 1549 1693 1598 xv,
1726 1533 1816 1602 26)
1844 1550 1856 1585 :
1885 1532 2138 1602 quoniam

552 1637 714 1691 Pater
738 1629 1103 1704 processionis
1129 1627 1244 1697 ejus
1274 1636 1355 1679 est
1381 1633 1592 1688 auctor,
1619 1625 1712 1694 qui
1749 1624 1907 1678 talem
1944 1623 2138 1677 Filium

555 1724 759 1796 genuit,
783 1733 838 1776 et
865 1719 1134 1790 gignendo
1166 1717 1215 1772 ei
1247 1716 1393 1770 dedit
1421 1725 1478 1769 ut
1517 1715 1680 1769 etiam
1705 1715 1771 1769 de
1799 1715 1912 1784 ipso
1948 1729 2140 1784 proce-

2229 532 2410 589 Patris
2474 533 2774 604 Spiritum,
2837 548 2939 588 nec
2993 545 3172 589 tamen
3232 549 3357 590 esse
3408 535 3621 605 Filium;
3664 553 3770 612 quo.

2231 625 2379 682 niam
2430 641 2540 682 non
2592 633 2678 682 est
2733 625 2878 682 idem
2930 625 3244 695 procedere,
3300 627 3444 696 quod
3503 639 3582 684 est
3631 637 3768 690 nasci.

2304 717 2441 772 Hinc
2479 725 2875 788 consequenter
2922 717 3101 772 intulit
3145 733 3159 770 :
3207 736 3228 768 ί
3257 718 3397 785 Quid
3445 730 3614 776 autem
3659 724 3775 781 inter

2233 809 2382 867 nasci
2427 817 2484 864 et
2525 809 2819 879 procedere
2849 807 3100 872 intersit,
3131 807 3199 861 de
3231 808 3320 863 illa
3365 811 3776 870 excellentissima

2233 912 2430 960 natura
2477 902 2735 973 loquens,
2776 900 3051 970 explicare
3086 901 3208 969 quis
3251 903 3473 971 potest?
3507 902 3616 958 Non
3649 922 3778 962 omne

2236 995 2381 1064 quod
2435 994 2686 1064 procedit
2734 993 3014 1058 nascitur,
3066 994 3313 1061 quamvis
3360 1007 3520 1048 omne
3564 999 3781 1064 procedat

2235 1088 2380 1158 quod
2405 1086 2675 1149 nascitur;
2701 1085 2846 1139 sicut
2865 1099 2971 1137 non
2993 1099 3156 1138 omne
3175 1085 3324 1152 quod
3347 1084 3501 1154 bipes
3526 1095 3622 1150 est.
3650 1088 3782 1145 homo

2235 1187 2340 1244 est;
2365 1177 2613 1248 quamvis
2639 1177 2791 1246 bipes
2811 1177 2883 1231 sit
2903 1175 3080 1230 omnis
3102 1175 3194 1244 qui
3220 1176 3384 1230 homo
3403 1185 3507 1230 est.
3532 1177 3638 1232 Hoc
3657 1179 3781 1233 scio:

2237 1269 2569 1339 distinguere
2598 1276 2778 1322 autem
2809 1267 2950 1322 inter
2990 1265 3134 1320 illam
3163 1267 3567 1335 generationem
3591 1275 3644 1320 et
3673 1268 3785 1324 haue

2236 1359 2637 1428 processionem
2662 1396 2680 1422 ,
2723 1357 2938 1420 nescio,
2991 1372 3095 1409 non
3145 1353 3300 1410 valeo
3325 1395 3342 1420 ,
3387 1371 3496 1410 non
3547 1355 3782 1411 sufﬁcio.»

2239 1450 2494 1504 Testatur
2514 1449 2702 1503 doctor
2719 1447 2973 1509 eximius,
3003 1455 3054 1500 et
3087 1446 3468 1500 lnereticorum
3492 1456 3790 1516 expugnator

2240 1538 2768 1604 vehementissimus,
2812 1535 3071 1606 Spiritum
3126 1543 3376 1592 sanetum
3415 1551 3520 1590 non
3564 1549 3676 1591 esse
3720 1535 3792 1591 Fi-

2240 1633 2393 1698 lium,
2423 1633 2514 1704 qui
2566 1648 2674 1688 non
2721 1639 2808 1687 est
2849 1640 3024 1694 natus,
3056 1630 3148 1684 sed
3173 1629 3441 1699 procedit,
3465 1644 3570 1686 non
3594 1645 3622 1682 a
3647 1628 3794 1685 Patris

2243 1732 2451 1778 tantum
2482 1721 2807 1786 substantia,
2838 1721 2934 1776 sed
2962 1721 3126 1774 etiam
3157 1734 3187 1772 a
3221 1718 3364 1774 Filii.
3396 1718 3530 1774 Cum
3560 1726 3722 1773 autem
3737 1720 3795 1773 sit

555 1817 706 1868 deret
733 1812 968 1883 Spiritus
994 1817 1228 1863 sanctus.
1263 1805 1399 1860 Nam
1428 1807 1470 1860 Si
1506 1820 1609 1859 non
1642 1804 1958 1875 praeederet
1990 1811 2045 1858 et
2074 1803 2140 1858 de
2171 1806 2216 1866 Β
2247 1814 2527 1882 utriusque
2555 1812 2870 1868 substantia
2900 1825 3126 1865 consors
3145 1849 3160 1872 ,
3206 1817 3266 1862 ul,
3310 1817 3438 1878 pote
3478 1809 3796 1863 consubstan.

557 1908 691 1977 ipso,
727 1920 832 1959 non
865 1903 1072 1958 diceret
1108 1899 1386 1968 discipulis
1424 1914 1439 1952 :
1477 1898 1704 1968 Accipite
1735 1896 1990 1967 Spiritum
2019 1913 2144 1950 san-

556 2008 696 2050 ctum
733 1994 914 2065 (Joan.
947 2009 1040 2054 xx,
1071 1991 1194 2062 9.9.);
1235 2003 1466 2058 eumque
1513 1987 1831 2042 insumando
1869 1988 2045 2052 daret,
2083 1995 2144 2040 ut

559 2104 588 2140 a
617 2102 675 2142 se
703 2100 914 2155 quoque
944 2083 1237 2153 procedere
1266 2080 1628 2150 signiﬁcaret,
1659 2087 1846 2148 aperte
1887 2076 2140 2134 ostende-

560 2189 643 2233 ret
671 2177 865 2241 nando,
896 2176 1036 2245 quod
1066 2174 1382 2244 inspirando
1409 2173 1572 2226 dabat
1595 2172 1826 2227 occulte.
1853 2171 1989 2240 Quia
2015 2184 2145 2242 ergo

558 2269 603 2322 si
647 2273 983 2330 nasceretur,
1018 2279 1121 2318 nec
1159 2272 1366 2316 tantum
1393 2262 1458 2316 de
1491 2260 1674 2327 Patre,
1703 2277 1802 2316 nec
1833 2271 2042 2316 tantum
2079 2263 2146 2317 de

563 2358 727 2419 Filio,
751 2355 842 2411 sed
868 2356 932 2410 de
960 2354 1224 2408 ambobus
1253 2353 1438 2422 utique
1471 2362 1814 2407 nasceretur:
1841 2354 1958 2408 sine
1984 2352 2147 2408 dubio

559 2450 728 2504 Filius
771 2449 1042 2502 diceretur
1068 2446 1375 2500 amborum.
1419 2445 1498 2500 Ac
1546 2461 1644 2516 per
1685 2446 1786 2501 hoc
1823 2447 1950 2516 quia
1979 2443 2147 2501 Filius

561 2543 842 2598 amborum
874 2539 1021 2595 nullo
1053 2539 1212 2594 modo
1260 2547 1343 2592 est
1367 2578 1383 2601 ,
1425 2554 1530 2592 non
1559 2539 1800 2608 oportuit
1827 2553 1950 2593 eum
1996 2536 2146 2593 nasci

562 2633 628 2687 de
659 2631 936 2684 ambobus.
964 2630 1258 2684 Amborum
1296 2637 1379 2683 est
1406 2644 1536 2698 ergo
1565 2627 1822 2698 Spiritus,
1854 2629 2150 2699 proceden-

563 2720 633 2775 do
662 2721 727 2774 de
767 2719 1049 2774 ainbobus.
1079 2738 1097 2770 ο
1131 2718 1406 2789 Approbat
1433 2719 1576 2788 quod
1607 2718 1673 2773 de
1711 2718 1851 2773 Filio
1891 2718 2153 2789 procedat

564 2810 798 2879 Spiritus
828 2817 1068 2872 sanctus,
1110 2816 1167 2862 et
1199 2809 1303 2862 hoc
1324 2807 1558 2864 voluisse
1597 2808 1900 2879 signiﬁcem
1930 2807 2148 2874 Filium,

561 2916 688 2955 cum
712 2901 776 2953 de
808 2899 896 2953 illo
924 2899 1236 2966 loqueretur
1259 2898 1313 2952 in
1347 2897 1658 2970 Evangelio,
1682 2899 1867 2954 dicens
1897 2917 1910 2953 :
1938 2899 2017 2954 De
2049 2898 2153 2953 Pa-

562 3003 644 3046 tre
672 2993 921 3062 procedit.
954 2991 1069 3045 Non
1094 2991 1235 3046 enim
1263 3007 1328 3045 eo
1360 2992 1518 3046 modo
1550 2991 1687 3046 dixit
1719 2993 1823 3047 hoc
1855 3001 1914 3046 ut
1962 3008 2086 3047 eum
2119 3007 2150 3046 a

563 3099 627 3142 se
655 3093 873 3154 negaret
903 3084 1214 3154 procedere,
1250 3083 1342 3138 sed
1373 3083 1752 3137 auctoritatem
1793 3083 2154 3152 procossionis

2245 1904 2410 1968 tialis,
2435 1912 2490 1958 et
2519 1903 2734 1958 dicatur
2757 1903 2823 1957 de
2859 1901 3018 1956 Patre
3050 1900 3349 1969 procedere
3398 1901 3465 1954 de
3512 1912 3615 1969 quo
3649 1909 3701 1954 et
3723 1915 3797 1954 na.

2244 1996 2414 2050 scitur
2438 1993 2630 2056 Filius,
2659 2009 2767 2048 non
2811 2007 2977 2062 parva
3023 1993 3254 2046 vertitur
3279 1991 3542 2061 quaestio,
3586 1990 3703 2058 quid
3742 1989 3798 2044 sit

2246 2087 2390 2142 inter
2422 2085 2764 2140 nativitatem
2798 2092 2854 2138 et
2896 2084 3320 2153 processionem.
3352 2081 3424 2136 Et
3456 2079 3798 2135 conﬁteturde

2245 2180 2337 2236 illa
2379 2177 2833 2236 excellentissima
2863 2185 3056 2232 natura
3090 2190 3195 2230 non
3240 2174 3417 2229 solum
3463 2173 3604 2237 sibi,
3639 2185 3799 2226 verum

2247 2271 2378 2326 nulli
2407 2269 2718 2326 mortalium
2745 2266 3002 2338 possibile
3030 2264 3147 2321 l'ore
3191 2265 3532 2336 distinguere
3551 2304 3566 2328 ,
3608 2263 3722 2332 quid
3744 2262 3800 2316 sit

2246 2365 2391 2422 inter
2416 2364 2565 2419 nasci
2596 2371 2652 2418 et
2686 2361 3013 2433 procedere;
3061 2358 3313 2428 quamvis
3350 2354 3801 2426 comprehendatur

2246 2455 2390 2526 quod
2423 2469 2526 2509 non
2556 2468 2718 2508 omne
2745 2450 2890 2522 quod
2933 2449 3216 2520 procedit,
3259 2456 3558 2511 nascatur;
3599 2453 3801 2500 attamen

2246 2562 2408 2604 omne
2435 2548 2734 2616 procedens
2762 2551 2847 2599 est
2869 2542 3014 2613 quod
3041 2539 3287 2597 nascitur
3311 2557 3327 2593 :
3362 2555 3468 2594 non
3495 2539 3633 2593 enim
3655 2544 3804 2606 potest

2249 2639 2457 2708 aliquid
2485 2637 2660 2702 nasci,
2687 2636 2734 2690 si
2762 2650 2870 2690 non
2899 2632 3244 2705 procedere:
3272 2646 3342 2686 eo
3361 2631 3427 2686 de
3450 2644 3556 2699 quo
3581 2627 3800 2690 nascitur.

2249 2737 2312 2782 ut
2361 2727 2501 2782 ﬁlius
2549 2741 2618 2780 ex
2661 2734 2906 2796 parente.
2955 2720 3092 2779 Cum
3139 2721 3286 2776 enim
3333 2736 3401 2775 ex
3449 2719 3667 2774 secretis
3691 2717 3804 2771 uteri

2251 2821 2483 2876 materni
2509 2818 2756 2890 procedit
2781 2817 2834 2872 in
2863 2816 3056 2878 lucem,
3084 2814 3282 2870 dicitur
3301 2814 3477 2876 nasci,
3510 2813 3601 2867 sed
3627 2825 3721 2864 non
3747 2812 3804 2862 ita

2251 2927 2375 2968 cum
2404 2911 2646 2982 procedit
2674 2924 2740 2964 ex
2778 2908 3004 2964 secretis
3037 2905 3210 2976 patris
3234 2905 3291 2960 in
3317 2914 3571 2961 matrem.
3612 2902 3806 2955 Proces-

2253 3004 2459 3060 sionem
2483 3002 2681 3072 quippe
2701 3015 2899 3072 negare
2924 3014 3034 3054 non
3054 2999 3316 3064 valemus,
3345 3014 3470 3054 cum
3498 2999 3587 3050 ﬁat
3607 2993 3808 3050 deﬂuxio

2255 3095 2477 3150 seminis
2522 3094 2576 3148 in
2613 3101 2824 3148 uterum
2853 3090 3064 3154 matris,
3088 3093 3155 3146 de
3179 3105 3289 3160 quo
3315 3101 3509 3160 postea
3551 3089 3684 3142 ﬁlius
3707 3099 3810 3155 pro-

565 3177 752 3236 retulit
792 3178 857 3232 ad
899 3175 1147 3239 Patrem,
1177 3176 1267 3245 qui
1314 3174 1472 3228 talem
1517 3175 1700 3244 genuit
1733 3173 1951 3238 Filium,
1983 3183 2038 3229 et
2077 3173 2150 3228 illi

2255 3187 2452 3241 cedens
2481 3194 2636 3239 natus
2655 3199 2777 3240 esse
2799 3182 3013 3238 dicitur.
3039 3180 3158 3238 Non
3184 3181 3289 3237 ista
3314 3181 3549 3237 dicimus
3567 3179 3703 3234 velut
3723 3175 3811 3230 alio

564 3268 832 3358 gignendo
870 3265 1126 3329 contulit,
1165 3274 1224 3319 ut
1264 3280 1370 3319 non
1416 3264 1594 3328 solum
1640 3264 1706 3318 de
1729 3263 1910 3330 Patre,
1965 3279 2154 3318 verum

566 3356 735 3416 etiam
764 3359 829 3414 de
859 3357 995 3414 Filio
1032 3357 1352 3428 procederet
1397 3357 1632 3426 Spiritus
1677 3367 1919 3410 sanctus.
1953 3356 2019 3410 Et
2054 3357 2156 3411 hoc

569 3455 800 3513 aﬂirmat
824 3471 889 3511 ex
919 3455 1023 3509 alio
1051 3453 1379 3515 testimonio,
1406 3467 1511 3520 quo
1537 3461 1656 3522 post
1704 3451 2155 3506 resurrectionem

569 3564 836 3619 apparens
879 3545 1155 3616 discipulis
1193 3543 1441 3598 Salvator
1469 3543 1545 3597 ait
1583 3561 1596 3597 :
1628 3543 1854 3614 Accipite
1900 3541 2157 3612 Spiritum

568 3648 829 3694 sanctum.
862 3637 926 3690 Et
955 3649 1022 3690 ne
1047 3635 1224 3690 verbis
1257 3643 1487 3699 tantum,
1516 3649 1700 3688 verum
1732 3634 1895 3689 etiam
1923 3632 2159 3688 insulﬁa-

569 3728 716 3783 tione
742 3728 893 3780 daret
917 3725 1058 3795 quod
1088 3739 1182 3778 eos
1209 3723 1458 3793 accipere
1479 3723 1723 3791 iubebat,
1754 3723 1885 3778 dicit
1906 3724 2047 3793 quod
2075 3726 2159 3777 in-

572 3819 834 3877 sulﬂando
865 3819 1076 3873 locutus
1123 3819 1198 3872 sit
1245 3817 1524 3886 discipulis
1553 3826 1612 3870 ut
1650 3818 1958 3887 acciperent
1987 3815 2160 3886 Spiri-

571 3921 686 3968 tum
717 3919 996 3972 sanctum;
1033 3923 1264 3976 eumque
1308 3906 1627 3961 insuﬁlando
1659 3908 1866 3962 dederit
1895 3949 1910 3972 ,
1952 3906 2158 3978 signiﬁ-

571 4016 704 4057 cans
752 4008 937 4068 apcrte
979 3996 1156 4052 ﬁando
1196 4013 1224 4049 a
1254 4012 1316 4051 se
1345 3998 1636 4067 procedere
1660 4038 1674 4062 ,
1722 3999 1862 4074 quod
1908 3998 2163 4068 spirando

573 4089 740 4146 dabat
767 4087 998 4143 occulte.
1048 4086 1258 4141 Pariter
1287 4102 1501 4156 quoque
1544 4087 1757 4143 solvens
1788 4089 2161 4158 quaestionem,

573 4196 644 4238 ne
671 4180 841 4236 Filius
874 4180 946 4234 sit
986 4180 1288 4243 amborum,
1321 4179 1574 4250 quoniam
1605 4181 1848 4250 procedit
1891 4180 1959 4234 ab
1981 4180 2165 4234 ambo-

573 4274 710 4339 bus,
743 4273 884 4328 sicut
926 4270 1176 4340 impietas
1212 4269 1411 4326 Ariana
1461 4271 1928 4335 calumniabatur,
1957 4271 2164 4336 dicens,

581 4385 599 4415 ι
633 4363 767 4431 Quia
800 4364 842 4417 si
890 4371 1206 4418 nasceretur
1238 4363 1474 4433 Spiritus
1519 4372 1771 4427 sanctus,
1807 4379 1913 4436 non
1959 4372 2165 4419 tantum

579 4466 892 4510 nasceretur
920 4454 985 4509 de
1011 4453 1202 4519 Patre,
1243 4469 1344 4509 nec
1386 4463 1594 4510 tantum
1632 4465 1944 4510 nasceretur
1983 4456 2050 4511 de
2081 4455 2170 4510 Fi-

2260 3285 2502 3347 tempore
2543 3276 2608 3331 de
2651 3274 2812 3330 Patre
2839 3274 3168 3345 processerit
3215 3271 3489 3344 Spiritus,
3537 3280 3590 3335 et
3630 3270 3726 3324 alio
3759 3266 3813 3320 de

2259 3365 2435 3430 Filio;
2475 3380 2662 3420 verum
2699 3364 2987 3420 ostendere
3038 3363 3281 3418 volentes
3331 3378 3444 3417 non
3473 3375 3677 3416 omnem
3712 3370 3815 3426 pro-

2259 3456 2559 3511 cessionem
2585 3471 2710 3510 esse
2751 3455 3154 3525 generationem
3180 3471 3195 3520 ;
3227 3469 3450 3509 omnem
3478 3462 3651 3507 autem
3679 3463 3815 3519 geneo

2262 3546 2526 3600 rationem
2573 3560 2693 3600 esse
2736 3545 3138 3613 processionem
3168 3557 3182 3597 :
3211 3545 3354 3599 sicut
3385 3561 3491 3598 non
3522 3556 3674 3597 omne
3696 3536 3816 3609 quod

2260 3636 2412 3706 bipes
2435 3644 2518 3691 est
2539 3677 2553 3701 ,
2585 3636 2748 3692 homo
2777 3644 2901 3699 est;
2948 3634 3196 3704 quamvis
3232 3634 3388 3704 bipes
3430 3635 3500 3688 sit
3543 3631 3709 3687 omnis
3740 3625 3817 3697 qui

2262 3727 2423 3782 homo
2451 3735 2553 3780 est.
2581 3725 2694 3782 lloc
2719 3725 2862 3794 quod
2885 3725 3037 3794 ponit
3056 3724 3386 3795 exemplum,
3422 3733 3638 3794 propter
3656 3719 3820 3775 distin~

2263 3817 2495 3873 ctionem
2522 3817 2673 3887 ponit
2699 3815 2996 3871 nativitatis
3022 3823 3077 3870 et
3101 3815 3500 3886 processionis;
3534 3828 3636 3868 non
3666 3821 3819 3863 tamen

2263 3913 2478 3984 proprie
2507 3909 2820 3982 signiﬁcans
2844 3910 2976 3980 quid
3012 3909 3086 3964 sit
3111 3909 3260 3965 nasci
3289 3909 3375 3964 vel
3414 3907 3718 3979 procedere,
3741 3899 3821 3956 sed

2265 4004 2428 4059 veluti
2461 4019 2584 4057 cum
2612 4001 2814 4057 dicitur
2839 4018 2852 4054 :
2883 4000 3011 4070 quid
3042 3999 3111 4055 sit
3141 3999 3368 4069 species,
3394 4001 3522 4069 quid
3565 3997 3632 4052 sit
3656 4005 3820 4066 genus.

2265 4095 2422 4165 Bipes
2446 4094 2593 4148 enim
2620 4107 2792 4163 genus
2822 4101 2907 4146 est
2932 4091 3048 4161 ejus
3078 4090 3276 4159 speciei
3317 4106 3440 4159 quae
3469 4099 3551 4146 est
3580 4089 3754 4147 homo;
3779 4089 3823 4136 et

2265 4186 2429 4242 homo
2467 4184 2676 4254 species
2714 4193 2799 4238 est
2839 4181 2956 4251 ejus
3001 4181 3217 4252 generis
3265 4183 3410 4251 quod
3462 4191 3546 4237 est
3587 4181 3753 4249 bipes;
3785 4173 3824 4228 si

2267 4290 2436 4345 genus
2458 4273 2794 4337 consideres,
2815 4281 2870 4328 et
2911 4272 3092 4336 homo,
3119 4280 3175 4326 et
3201 4272 3422 4327 volatile
3449 4271 3661 4342 bipedes
3686 4274 3823 4327 sunt;

2268 4367 2312 4421 si
2360 4367 2633 4436 speciem,
2685 4365 2847 4420 homo
2892 4363 3046 4434 bipes
3087 4372 3190 4418 est.
3240 4363 3446 4418 Idcirco
3487 4363 3622 4418 dixit
3665 4377 3681 4414 :
3726 4357 3826 4412 Non

2269 4474 2431 4514 omne
2479 4459 2629 4527 lnpes
2682 4457 2879 4520 homo;
2946 4455 3200 4524 quoniam
3248 4456 3349 4510 hoc
3407 4453 3640 4526 generali
3688 4462 3828 4503 voca-

580 4545 990 4615 liouqunniam
1012 4545 1343 4616 proceditab
1365 4546 1901 4615 utroque.Procedit.
1921 4546 2164 4616 inquam,
2192 4538 2245 4599 D
2272 4549 2396 4604 bulo
2443 4549 2606 4603 etiam
2658 4561 2788 4602 aves
2832 4544 3383 4614 comprehenduntur.
3434 4545 3506 4598 At
3550 4558 3675 4598 vero
3723 4550 3829 4593 Cum

579 4652 689 4692 non
719 4636 960 4691 nascitur
997 4651 1012 4689 :
1045 4637 1137 4691 sed
1179 4635 1246 4692 de
1288 4638 1549 4692 ambobus
1597 4639 1781 4706 utique
1826 4649 2162 4704 nasceretur,

579 4728 835 4796 quoniam
863 4727 1105 4796 procedit
1134 4728 1202 4779 ab
1229 4727 1518 4789 ambobus;
1547 4736 1601 4781 et
1625 4729 1896 4781 diceretur
1925 4728 2041 4782 sine
2063 4729 2164 4782 du-

581 4817 672 4872 bio
704 4815 869 4870 Filius
915 4817 1218 4870 amborum.
1256 4815 1402 4870 Nunc
1439 4826 1617 4871 autem
1657 4827 1962 4872 removetur
1999 4834 2164 4889 gene-

583 4907 724 4962 ratio
755 4905 1011 4977 Spiritus,
1041 4908 1297 4978 quoniam
1342 4922 1450 4962 non
1479 4915 1562 4962 est
1600 4906 1772 4962 Filius
1819 4923 1919 4965 nec
1964 4907 2165 4977 Patris,

585 5013 688 5054 nec
723 4997 1043 5064 amborum;
1089 5014 1153 5053 ac
1193 5006 1478 5069 propterea
1508 5015 1616 5055 non
1643 5001 1884 5072 oportuit
1911 5002 2062 5056 nasci
2101 5001 2169 5056 de

588 5088 881 5153 ambobus;
915 5089 1172 5157 quoniam
1199 5089 1289 5159 qui
1321 5090 1658 5147 nativitatem
1689 5107 1796 5147 non
1832 5092 2010 5155 habet,
2037 5090 2172 5147 ﬁlie—

585 5190 760 5235 tatem
810 5178 1041 5246 refutat,
1076 5188 1132 5236 et
1175 5182 1264 5252 qui
1311 5181 1454 5242 Illius
1493 5198 1603 5238 non
1651 5191 1768 5251 est,
1830 5183 1980 5239 nasci
2025 5183 2172 5240 nullo

590 5273 753 5328 modo
777 5271 980 5328 debuit.
1010 5273 1104 5329 Est
1145 5283 1325 5330 autem
1373 5275 1656 5330 amborum
1702 5275 1937 5348 Spiritus
1976 5293 2172 5348 proce-

591 5363 768 5420 dendo
800 5364 866 5419 de
913 5367 1189 5423 ambobus.
1237 5366 1518 5424 Subvertit
1567 5369 1730 5442 igitur
1778 5370 2036 5426 Arianam
2084 5387 2176 5427 ca—

591 5452 880 5520 lumniam,
912 5456 1161 5512 falsitatis
1191 5457 1392 5512 invidia
1423 5457 1708 5515 conﬂatam
1733 5500 1750 5527 ,
1780 5469 1836 5516 et
1876 5461 2174 5532 impietatis

593 5546 926 5618 malignitate
969 5550 1347 5620 progenitam,
1407 5564 1654 5607 asserere
1702 5553 2013 5623 cupientem
2069 5569 2176 5610 non

590 5656 715 5697 esse
744 5640 1002 5712 Spiritum
1038 5644 1105 5698 de
1149 5643 1448 5698 substantia
1497 5645 1709 5712 Patris,
1755 5647 1882 5717 quia
1927 5648 1972 5704 si
2017 5646 2177 5714 foret,

595 5741 742 5788 esset
779 5733 963 5790 Filius.
1013 5735 1120 5791 Sed
1157 5736 1256 5792 iste
1290 5737 1372 5791 vir
1404 5737 1699 5794 catholicus
1745 5740 2009 5797 catholica
2064 5741 2180 5799 dis-

2271 4639 2474 4696 dixeris
2533 4637 2846 4703 hominem,
2910 4635 3324 4705 comprehcndis
3374 4651 3589 4689 omnem
3637 4629 3828 4703 quidem

2269 4728 2542 4784 hominem
2591 4726 2790 4788 simul,
2839 4725 2931 4778 sed
2980 4741 3086 4779 non
3131 4740 3290 4780 omne
3333 4726 3478 4794 quod
3527 4732 3608 4780 est
3653 4723 3830 4790 bipes:

2271 4820 2505 4891 amplius
2566 4819 2715 4873 enim
2780 4817 3050 4886 signiﬁcat
3105 4832 3270 4887 quam
3332 4818 3539 4882 homo;
3615 4822 3669 4870 et
3729 4810 3833 4866 ideo

2270 4913 2389 4968 hate
2451 4910 2694 4966 deﬁnitio
2752 4923 2854 4965 nec
2916 4908 3192 4966 hominem
3256 4909 3477 4980 proprie
3541 4902 3832 4979 signiﬁcat.

2271 5019 2373 5060 nec
2421 5003 2669 5074 bipedem
2716 5001 2936 5073 proprie
2985 5019 2999 5057 :
3053 5001 3134 5058 sic
3184 5009 3243 5058 et
3293 5000 3569 5072 processio
3616 5007 3671 5053 et
3714 4993 3835 5051 natio

2270 5094 2432 5150 vitas.
2483 5092 2542 5147 ln
2587 5093 2935 5162 processione
2984 5107 3219 5162 namque
3276 5100 3612 5148 monstratur
3662 5081 3836 5142 nativi-

2275 5195 2395 5251 tas,
2437 5185 2532 5240 sed
2572 5199 2678 5240 non
2716 5199 2930 5255 semper
2961 5197 2978 5239 :
3017 5184 3182 5240 veluti
3224 5200 3346 5241 cum
3391 5185 3624 5240 dicitur:
3660 5179 3732 5234 De
3759 5189 3834 5228 ore

2274 5275 2521 5347 sapientis
2545 5276 2771 5346 procedit
2794 5275 2912 5330 mel.
2967 5275 3034 5331 Et
3057 5274 3347 5338 Psalmista
3373 5278 3440 5333 de
3467 5275 3580 5331 sole
3610 5291 3623 5327 :
3658 5271 3722 5325 Et
3742 5269 3836 5337 ipso

2278 5381 2529 5442 tanquam
2561 5387 2781 5440 sponsus
2821 5371 3105 5441 procedens
3140 5371 3204 5425 de
3244 5369 3474 5426 thalamo
3525 5383 3619 5423 suo
3664 5356 3833 5436 (Ρωισ

2279 5480 2436 5531 xvm,
2463 5463 2541 5534 6).
2580 5462 2902 5518 Thalamum
2940 5477 3174 5532 namque
3217 5461 3346 5519 solis
3379 5469 3642 5518 secretum
3685 5448 3837 5524 quod-

2282 5557 2430 5622 dam,
2461 5565 2518 5611 et
2543 5555 2611 5610 ab
2637 5556 2914 5610 hominum
2945 5565 3234 5628 conspectu
3273 5565 3538 5612 remotum
3574 5547 3834 5622 signiﬁcat.

2282 5647 2424 5703 unde
2469 5647 2640 5703 lucem
2677 5647 3008 5719 praebiturus
3056 5646 3373 5702 mortalibus
3419 5643 3637 5714 singulis
3670 5638 3838 5692 diebus

2283 5738 2544 5810 procedit.
2605 5739 2673 5792 At
2723 5753 2852 5795 vero
2895 5739 3152 5797 nativitas
3207 5741 3600 5809 processionem
3651 5737 3840 5797 scalper
