4026 6346
197 402 300 456 293

196 513 466 578 ostendit,
513 509 640 580 quia
672 518 946 576 nunquam
981 508 1160 573 potest
1189 497 1303 553 ﬁeri
1335 495 1452 551 sine
1478 486 1783 563 processio-
1809 485 1859 544 Α
1886 493 2018 548 quor
2049 474 2191 580 pobis

199 623 304 664 ne:
335 603 598 677 quidquid
639 601 784 657 enim
833 596 1116 659 nascitur,
1164 591 1331 647 etiam
1376 583 1672 677 procedit;
1719 593 1785 677 ac

197 670 502 769 propterea
529 691 662 747 dicit
701 689 917 760 quidem
946 685 1140 741 beatus
1189 678 1519 751 Augustinus
1545 671 1691 769 quid
1715 670 1789 726 sit

197 765 483 860 generatio
505 793 560 839 et
577 781 875 854 processio,
907 778 1002 834 sed
1028 776 1171 832 sicut
1192 774 1248 828 in
1278 784 1477 843 genere
1498 809 1513 833 ,
1533 767 1620 860 vel
1649 765 1792 860 sicut

199 857 254 932 in
290 877 494 946 specie,
525 890 633 929 non
653 887 784 928 vero
810 871 950 927 sicut
978 869 1030 922 in
1064 863 1286 937 proprio
1310 880 1324 929 ;
1350 861 1483 916 dicit
1502 858 1646 914 enim
1672 857 1790 911 haec

200 981 259 1021 se
294 966 530 1029 nescire,
559 978 662 1018 nec
689 960 922 1033 propriis
962 956 1160 1013 ﬁnibus
1191 954 1280 1009 illa
1313 965 1474 1023 posse
1495 947 1790 1017 distingue-

199 1071 286 1116 re.
323 1057 390 1111 Et
418 1070 517 1110 cur
560 1055 698 1109 hoc?
742 1051 958 1120 subiicit
983 1061 1202 1104 causam
1227 1085 1241 1110 ,
1277 1042 1569 1112 inquiens:
1607 1057 1627 1091 ι
1655 1036 1790 1103 Quia

200 1154 255 1199 et
289 1145 383 1200 illa
410 1153 468 1199 et
494 1143 600 1198 ista
623 1150 708 1197 est
735 1138 1044 1203 ineﬁ‘abilis,
1073 1137 1126 1191 id
1149 1143 1236 1190 est
1259 1131 1539 1204 generatio
1567 1128 1710 1190 Filii,
1735 1134 1793 1180 et

201 1239 486 1310 processio
509 1235 747 1306 Spiritus
781 1232 975 1288 sancti.
1008 1249 1028 1282 ι
1076 1228 1234 1284 Sicut
1257 1225 1520 1296 propheta
1550 1223 1616 1275 de
1655 1219 1794 1274 Filio

203 1329 460 1399 loquens,
490 1329 601 1381 ait:
628 1324 1029 1380 Generationem
1068 1321 1184 1391 ejus
1220 1319 1336 1388 quis
1364 1314 1628 1370 enarrabit
1653 1311 1787 1381 (lsa.

201 1435 328 1484 un,
357 1420 452 1489 8)?
475 1420 547 1472 ita
563 1418 628 1472 de
649 1416 856 1487 Spiritu
878 1421 1068 1467 sancto
1096 1408 1381 1464 verissime
1394 1405 1590 1460 dicitur
1613 1417 1628 1456 :
1657 1401 1794 1456 Pro.

201 1513 510 1568 cessionem
541 1508 664 1579 eius
693 1508 816 1577 quis
837 1503 1152 1561 enarrabit?

275 1602 489 1670 Quibus
516 1599 696 1656 verbis
722 1597 958 1653 ostendit
983 1605 1040 1651 et
1068 1593 1406 1650 nativitatem
1445 1587 1566 1644 Filii
1593 1627 1608 1653 ,
1659 1585 1800 1641 sicut

200 1693 614 1764 processionem
663 1690 900 1760 Spiritus
931 1687 1131 1752 sancti,
1175 1700 1283 1740 non
1327 1679 1568 1738 enarrari
1618 1690 1795 1749 posse,

201 1786 339 1855 quia
363 1783 473 1840 sint
502 1781 846 1837 ineﬂ‘ahiles:
881 1794 946 1834 ac
977 1787 1263 1849 propterea
1291 1789 1395 1830 non
1428 1771 1612 1827 deberi
1645 1782 1798 1823 scru-

202 1876 316 1931 tari
349 1875 492 1944 quod
515 1889 622 1928 non
653 1871 825 1943 possit
850 1870 1133 1934 enarrari;
1167 1868 1291 1938 quia
1316 1864 1465 1919 nullo
1492 1862 1650 1916 modo
1675 1874 1799 1929 pos-

203 1968 281 2022 sit
315 1964 726 2036 comprehendi.
779 1961 988 2018 Debere
1019 1975 1152 2016 vero
1194 1957 1440 2013 sullicere
1465 1953 1608 2024 quod
1637 1965 1799 2020 super

208 2059 298 2114 bis
322 2057 602 2126 Scriptura
622 2063 812 2109 sancta
831 2062 1076 2116 testatur,
1097 2059 1282 2105 natum
1306 2047 1500 2102 Filium
1525 2045 1591 2098 de
1614 2042 1796 2106 Patre,

207 2148 476 2219 Spiritum
503 2161 634 2201 vero
668 2152 914 2199 sanctum
946 2131 1242 2212 procedere
1262 2178 1276 2201 ,
1327 2151 1432 2190 non
1461 2150 1490 2187 a
1525 2132 1685 2186 Patre
1711 2147 1801 2186 so-

205 2239 343 2303 lum,
369 2252 558 2293 verum
587 2244 644 2291 et
683 2250 712 2288 a
741 2233 911 2296 Filio;
939 2233 1078 2286 sicut
1102 2233 1504 2296 consequenter
1536 2223 1794 2286 insinuat,

206 2332 438 2384 dicens:
477 2346 495 2378 ‹
526 2327 670 2382 Satis
693 2327 764 2379 sit
795 2339 925 2394 ergo
952 2321 1127 2383 nobis,
1168 2319 1292 2389 quia
1322 2333 1428 2372 non
1459 2323 1544 2370 est
1571 2331 1599 2367 a
1622 2313 1799 2382 seipso

208 2417 246 2470 F
253 2418 408 2481 ilius,
440 2417 535 2471 sed
558 2415 625 2468 ab
657 2413 745 2468 illo
775 2413 842 2468 de
865 2426 972 2480 quo
1002 2418 1162 2464 natus
1191 2416 1294 2471 est,
1322 2421 1428 2460 non
1457 2412 1542 2459 est
1561 2420 1591 2457 a
1621 2404 1799 2472 seipso

208 2510 454 2581 Spiritus
500 2514 720 2563 sanctus
745 2545 762 2570 ,
813 2505 907 2560 sed
949 2504 1020 2557 ab
1062 2501 1152 2556 illo
1194 2501 1260 2554 de
1296 2513 1404 2568 quo
1433 2496 1694 2568 procedit.
1732 2494 1800 2550 Et

209 2602 344 2670 quia
391 2599 460 2655 de
500 2607 728 2666 utroque
769 2595 1052 2666 procedit,
1106 2592 1245 2647 sicut
1277 2589 1389 2658 jam
1442 2587 1796 2649 ostendimus,

210 2690 360 2744 unde
402 2697 458 2744 et
507 2687 742 2756 Spiritus
784 2683 962 2739 Patris
996 2683 1173 2737 dictus
1198 2689 1318 2744 est,
1348 2679 1439 2732 ubi
1466 2678 1660 2748 legitur
1694 2693 1708 2729 :
1741 2675 1799 2730 Si

210 2789 402 2834 autem
439 2777 677 2847 Spiritus
715 2774 832 2844 ejus
857 2775 946 2846 qui
973 2773 1254 2828 suscitavit
1284 2769 1561 2826 Christum
1585 2785 1614 2823 a
1653 2784 1800 2824 mor-

213 2872 352 2937 tuis,
381 2870 591 2924 babitat
619 2869 671 2921 in
700 2867 869 2922 vobis.
913 2866 981 2922 Et
1009 2864 1243 2934 Spiritus
1275 2862 1416 2924 Filii,
1447 2863 1537 2916 ubi
1561 2861 1759 2930 legitur
1784 2875 1800 2914 :

216 2963 525 3029 Quintilem
570 2960 827 3030 Spiritum
867 2958 1060 3012 Christi
1105 2972 1208 3010 non
1251 2955 1436 3020 habet,
1480 2955 1566 3007 hic
1594 2969 1696 3007 non
1726 2962 1802 3008 est

213 3056 337 3124 ejus
356 3053 534 3124 (Rom.
557 3069 676 3115 vm,
702 3053 779 3122 9).
812 3069 832 3104 ι
868 3050 966 3104 llic
991 3050 1252 3104 adversus
1277 3047 1627 3102 Maximinum
1651 3046 1806 3100 Aria-

167 3164 184 3172 ’
218 3160 356 3201 num
399 3144 588 3198 doctor
636 3140 969 3211 Augustinus
1009 3154 1174 3210 agens
1201 3179 1215 3204 ,
1260 3138 1496 3193 ostendit
1539 3135 1800 3206 Spiritum

1083 379 1361 442 CONTRA
1400 365 1812 434 GRECORUM
1849 356 2207 419 OPPOSITA.
2248 387 2318 398 -—
2359 356 2484 412 LIB.
2526 354 2616 411 Ill.

3369 347 3475 403 £94

2242 473 2423 543 (Joan.
2455 487 2574 535 vnl,
2599 468 2680 539 2).
2731 466 2892 522 Pater
2931 472 3112 520 autent
3151 465 3476 535 principium

1887 582 1995 622 non
2033 566 2100 620 de
2139 562 2435 635 principio;
2466 560 2637 615 Filius
2685 556 3010 630 principium
3055 557 3121 611 de
3161 555 3424 625 principio
3458 572 3472 608 :

1888 659 1984 714 sed
2009 668 2299 726 utrumque
2323 654 2503 720 simul,
2528 668 2636 708 non
2665 651 2796 717 duo,
2820 650 2916 706 sed
2935 665 3102 704 unum
3122 649 3474 719 principium.

1891 749 2044 805 Sicut
2069 748 2232 804 Pater
2266 747 2410 802 Deus
2433 787 2448 812 ,
2481 755 2536 801 et
2576 745 2746 800 Filius
2778 745 2922 798 Deus
2945 782 2961 808 ,
3011 743 3171 797 ambo
3193 751 3372 796 autem
3403 741 3480 795 si-

1889 845 2000 900 mul
2028 884 2044 911 ,
2093 859 2198 900 non
2228 844 2334 899 duo
2363 841 2462 907 dii,
2516 841 2611 896 sed
2654 855 2796 895 unus
2842 838 3004 894 Deus.
3060 835 3170 892 Nec
3217 834 3475 906 Spiritum

1891 945 2140 993 sanctum
2169 937 2234 992 de
2264 944 2497 1005 utroque
2521 933 2904 1003 procedentem
2936 930 3144 1000 negabo
3170 942 3290 983 esse
3324 929 3477 997 prin-

1891 1028 2089 1097 cipium
2114 1067 2128 1089 ,
2177 1026 2271 1081 sed
2296 1025 2411 1080 hmc
2439 1024 2540 1078 tria
2569 1063 2584 1086 ,
2628 1021 2788 1077 simul
2814 1021 2956 1076 sicut
2977 1035 3140 1073 unum
3169 1018 3362 1081 Deum,
3403 1018 3480 1072 ita

1891 1132 2058 1172 unum
2090 1116 2211 1170 dico
2231 1130 2350 1170 esse
2373 1113 2718 1184 principium.
2750 1131 2768 1162 ι
2817 1111 2991 1180 Negat
3017 1125 3138 1165 esse
3167 1118 3478 1164 creaturam

1895 1206 2158 1276 Spiritum
2189 1214 2456 1268 sanctum,
2478 1204 2666 1259 dicens
2690 1218 2812 1257 eum
2836 1218 2958 1257 esse
2987 1201 3314 1271 principium
3341 1201 3485 1255 sicut

1893 1295 2056 1351 Pater
2086 1305 2168 1350 est
2197 1295 2519 1364 principium
2541 1334 2554 1357 ,
2585 1301 2639 1348 et
2665 1292 2834 1347 Filius
2862 1291 3187 1362 principium
3212 1308 3227 1347 :
3259 1292 3353 1346 sed
3376 1291 3481 1344 Pa-

1896 1396 1981 1442 ter
2007 1386 2330 1456 principium
2353 1386 2422 1440 de
2453 1385 2600 1439 nullo
2622 1384 2907 1455 principio,
2934 1383 3106 1438 Fiiius
3136 1391 3313 1437 autem
3338 1383 3486 1452 prin-

1895 1483 2132 1551 cipium,
2177 1480 2274 1536 sed
2321 1480 2388 1534 de
2435 1478 2599 1533 Patre
2643 1477 2953 1548 principio:
2991 1474 3225 1545 Spiritus
3271 1491 3487 1546 quoque

1897 1583 2120 1629 sanctus
2165 1571 2491 1642 principium
2538 1585 2645 1624 non
2688 1570 2757 1624 de
2800 1567 2946 1623 nullo
2973 1567 3256 1636 principio,
3285 1581 3385 1621 nec
3421 1568 3487 1620 de

1896 1663 2059 1720 Patre
2087 1663 2258 1719 solum
2288 1661 2574 1732 principio,
2609 1661 2705 1716 sed
2726 1661 2793 1715 de
2817 1670 3050 1728 utroque
3069 1698 3084 1721 ,
3124 1658 3176 1711 id
3211 1666 3295 1711 est
3329 1657 3488 1712 Patre

1897 1755 2167 1825 principio
2213 1753 2493 1821 Filioque:
2523 1766 2625 1826 nec
2670 1760 2852 1806 tamen
2898 1749 3000 1804 tria
3049 1749 3347 1818 principia,
3392 1749 3488 1803 sed

1828 1850 1875 1910 B
1904 1863 2069 1901 unum
2111 1845 2430 1915 principium
2460 1862 2475 1910 ;
2503 1844 2956 1915 quemadmodum
3005 1859 3111 1898 non
3143 1851 3252 1897 tres
3283 1842 3354 1897 dii
3385 1842 3488 1896 Pa-

1903 1945 1988 1993 ter
2011 1937 2264 1992 et’Filius
2290 1945 2344 1991 et
2387 1935 2624 2006 Spiritus
2663 1943 2916 1998 sanctus,
2969 1935 3219 2004 quamvis
3248 1933 3491 2004 singulus

1899 2042 2086 2084 eorum
2120 2029 2332 2082 dicatur
2359 2027 2500 2081 Deus
2527 2046 2540 2080 :
2579 2029 2676 2082 sed
2701 2028 2754 2082 hi
2780 2037 2890 2082 tres
2916 2043 3054 2081 unus
3085 2025 3248 2081 Deus.

1917 2161 1920 2164 .
1966 2120 2097 2174 Item
2126 2120 2177 2172 in
2207 2118 2598 2189 posterioribus
2633 2120 2772 2188 (cap.
2799 2117 2932 2188 2|):
2991 2136 3010 2168 ι
3057 2117 3168 2171 Lux
3219 2117 3286 2171 de
3339 2115 3487 2179 luce,

1897 2209 2069 2266 Filius
2093 2209 2160 2264 de
2200 2207 2382 2271 Patre,
2414 2215 2468 2261 et
2504 2207 2664 2261 simul
2689 2208 2849 2261 ambo
2879 2207 2970 2261 lux
2995 2221 3100 2260 una
3133 2224 3146 2258 :
3173 2205 3314 2261 sicut
3343 2205 3489 2260 Deus

1899 2304 1965 2359 de
2001 2303 2130 2364 Deo,
2163 2309 2219 2357 et
2246 2300 2403 2356 simul
2428 2301 2588 2356 ambo
2626 2300 2814 2370 utique
2859 2299 3001 2355 Deus
3047 2313 3214 2364 unus;
3277 2309 3330 2353 et
3387 2299 3492 2353 hoc

1901 2403 2073 2448 totum
2119 2407 2224 2446 non
2272 2393 2392 2447 sine
2445 2390 2648 2461 Spiritu
2697 2391 2999 2444 amborum.
3037 2409 3056 2442 ι
3102 2390 3254 2456 Quod
3303 2391 3492 2446 dicens

1901 2492 2136 2538 testatur
2163 2497 2287 2537 eum
2312 2483 2380 2536 ab
2411 2491 2643 2551 utroque
2668 2482 2984 2551 procedere.
3019 2480 3152 2535 Nam
3178 2481 3223 2535 si
3253 2481 3492 2550 Spiritus

1901 2585 1983 2631 est
2031 2575 2232 2639 Patris,
2278 2574 2406 2644 quia
2457 2574 2705 2643 procedit
2760 2588 2791 2627 a
2849 2572 3040 2637 Patre;
3094 2581 3494 2641 consequenter

1903 2681 2119 2736 quoque
2145 2665 2379 2737 Spiritus
2403 2673 2487 2720 est
2515 2664 2670 2730 Filii,
2697 2664 2953 2734 quoniam
2988 2664 3234 2732 procedit
3257 2665 3326 2718 ab
3357 2662 3446 2717 illo
3475 2677 3490 2716 :

1904 2774 2011 2813 non
2041 2758 2184 2812 enim
2214 2757 2427 2811 diversa
2465 2770 2630 2810 causa
2662 2756 2860 2809 dicitur
2890 2753 3124 2823 Spiritus
3148 2769 3268 2807 esse
3290 2754 3492 2818 Patris,

1905 2857 1960 2902 et
1988 2847 2225 2917 Spiritus
2243 2845 2388 2910 Filii,
2416 2846 2512 2899 sed
2541 2860 2647 2899 una
2697 2845 3024 2914 eademque;
3084 2843 3172 2897 illa
3220 2845 3492 2905 videlicet.

1907 2939 2032 3009 quia
2063 2938 2308 3008 procedit
2342 2938 2410 2990 ab
2438 2945 2702 3006 utroque,
2728 2937 2868 2990 sicut
2899 2935 3135 3006 Spiritus
3167 2945 3252 2990 est
3296 2938 3498 2992 utrius-

1909 3045 2032 3100 que.
2064 3029 2197 3082 Nam
2230 3028 2274 3082 si
2299 3029 2446 3083 dicas
2471 3043 2594 3084 eum
2621 3028 2881 3098 Spiritum
2915 3028 3113 3094 Patris,
3147 3030 3272 3100 quia
3306 3045 3494 3099 prore-

1909 3123 1986 3177 dit
2013 3108 2079 3177 de
2102 3121 2282 3185 Patre,
2310 3137 2559 3192 quanam
2588 3137 2750 3178 causa
2777 3131 2949 3177 restat
2977 3131 3032 3178 ut
3060 3123 3276 3176 dicatur
3315 3122 3495 3192 Spiri-

219 3242 472 3288 ηηεωω
519 3241 624 3286 tam
670 3201 751 3285 δέ
780 3229 941 3284 patre
980 3201 1143 3298 ηυξηη
1184 3201 1251 3282 de
1285 3227 1424 3283 ιῖυίιίο
1467 3201 1800 3297 ρι-οέθάοτθς
1833 3201 1879 3264 C
1914 3222 1998 3267 lus
2035 3212 2179 3275 Filii.
2209 3213 2312 3267 nisi
2348 3213 2473 3282 quia
2510 3214 2768 3284 procedat
2798 3222 2854 3267 et
2881 3213 3094 3269 abillo?
3144 3214 3269 3268 ilzcc
3306 3216 3498 3269 beatus

223 3324 377 3393 quod
419 3322 506 3392 qui
554 3336 755 3391 negare
791 3323 1160 3383 contendunt,
1207 3319 1573 3374 Ariomanitas
1595 3333 1652 3373 se
1688 3319 1805 3374 fore

223 3413 572 3474 conﬁtentur,
602 3427 702 3467 nec
720 3412 1235 3467 consubstantialem
1267 3411 1526 3481 Spiritum
1555 3419 1804 3466 sanctum

222 3497 368 3558 Filio
393 3502 664 3557 fatentur:
700 3502 955 3570 quoniam
983 3502 1026 3555 si
1053 3517 1158 3556 non
1185 3501 1426 3572 procedit
1456 3503 1523 3556 ab
1547 3501 1670 3567 illo,
1700 3516 1807 3555 non

222 3605 314 3650 est
337 3593 580 3663 ejusdem
612 3593 932 3648 substantiae
954 3593 1108 3663 cujus
1133 3603 1216 3648 cst
1259 3593 1429 3648 Filius
1455 3610 1467 3645 :
1498 3608 1562 3648 ac
1584 3609 1682 3664 per
1707 3595 1810 3648 hoc

217 3686 336 3756 jam
361 3693 458 3739 aut
485 3693 794 3739 creaturam
821 3682 1083 3754 Spiritum
1109 3693 1356 3739 sanctum
1392 3684 1809 3754 hlasphemabit,

225 3787 323 3832 aut
343 3777 537 3832 Filium
569 3792 674 3831 non
700 3777 880 3830 omnia
905 3791 1024 3845 qua:
1060 3775 1240 3830 Patris
1263 3785 1390 3830 sunt
1417 3776 1617 3831 habere
1643 3777 1810 3831 dene-
1835 3785 1839 3790 '

225 3868 398 3938 gabit.
433 3865 640 3936 Negare
661 3880 790 3920 vero
813 3881 918 3919 non
936 3875 1114 3936 potest
1138 3865 1398 3936 Spiritum
1424 3875 1671 3919 sanctum
1692 3863 1814 3935 Spi-

226 3961 395 4015 ritum
441 3975 562 4016 esse
610 3958 764 4022 Filii,
818 3959 951 4013 dicit
996 3959 1140 4013 euim
1185 3958 1515 4028 Apostolus:
1551 3956 1814 4023 Quoniam

225 4050 352 4104 estis
373 4047 496 4117 ﬁlii,
526 4048 668 4100 misit
687 4033 827 4102 Deus
862 4046 1119 4117 Spiritum
1157 4045 1287 4100 Filii
1327 4047 1410 4101 sui
1441 4047 1495 4101 in
1524 4047 1686 4101 corda
1717 4064 1814 4102 no-

225 4150 364 4205 stra,
389 4139 706 4193 clamantem
731 4155 746 4190 :
775 4138 918 4192 Abba
941 4178 956 4203 ,
987 4136 1149 4191 Pater
1171 4137 1314 4208 (Gal.
1351 4154 1427 4203 Iv,
1454 4138 1531 4210 6).
1586 4138 1741 4206 Quod
1769 4137 1817 4193 si

228 4241 316 4288 est
340 4231 578 4302 Spiritus
606 4230 750 4296 Filii,
782 4233 922 4286 sicut
947 4231 1237 4302 Apostolus
1265 4232 1572 4296 conﬁtetur,
1604 4233 1820 4287 auterit

230 4322 540 4393 subjectus,
584 4321 727 4390 quod
759 4321 869 4374 vult
895 4321 1142 4382 Arianus,
1182 4321 1274 4390 qui
1314 4329 1670 4375 connumerat
1694 4335 1820 4377 eum

231 4412 537 4477 creaturis;
583 4420 676 4464 aut
720 4411 1018 4480 procedens
1040 4426 1106 4465 ex
1135 4410 1292 4475 Filio,
1322 4413 1468 4481 quod
1497 4412 1823 4468 conﬁtentur

231 4501 508 4557 catholici.
534 4483 747 4570 Eligant
775 4515 906 4572 ergo
927 4500 1069 4570 quod
1094 4501 1279 4556 volunt
1301 4502 1655 4572 imperatores
1674 4503 1825 4559 Grie-

1910 3305 2245 3386 Augustinus
2293 3306 2552 3361 adversus
2598 3305 2949 3360 Maximinum
2995 3323 3160 3377 agens
3209 3308 3498 3370 Arianmn,

1910 3396 1978 3450 de
2005 3397 2180 3451 sancti
2206 3395 2442 3466 Spiritus
2469 3397 2820 3466 processione
2854 3412 2918 3450 ex
2950 3397 3088 3451 Filio
3113 3399 3303 3462 sensit,
3339 3398 3498 3460 dixit,

1911 3489 2150 3560 scripsit,
2211 3488 2468 3543 Arianam
2528 3487 2808 3558 perﬁdiam
2865 3489 3161 3553 damnans,
3218 3491 3502 3545 catholica:

1911 3595 2042 3635 vero
2067 3580 2187 3634 ﬁdei
2220 3580 2478 3650 pietatem
2511 3578 2815 3644 aliirrnans;
2853 3580 2938 3633 cui
2969 3581 3343 3636 contradicere
3373 3583 3505 3651 quis

1913 3673 2134 3728 molitus
2190 3671 2392 3736 fuerit,
2448 3672 2624 3727 hostis
2678 3672 2971 3727 catholica:
3013 3673 3137 3727 ﬁdei
3199 3679 3494 3743 reperitur.

1987 3767 2085 3822 Hic
2112 3766 2276 3822 etiam
2302 3765 2355 3819 in
2380 3750 2668 3820 collatione
2698 3765 2893 3836 dialogi
2928 3774 3116 3820 contra
3155 3766 3502 3823 Pascentium

1913 3859 2173 3914 Arianum
2207 3858 2485 3926 disputans
2523 3856 2828 3923 (Alterca'tio
2859 3857 3124 3911 Pascentii
3176 3875 3293 3912 cum
3337 3860 3458 3931 Aug
3491 3900 3507 3926 ,

1915 3950 2063 4020 epist.
2094 3949 2217 4014 178,
2242 3946 2408 4015 med.)
2453 3947 2528 4001 ait
2560 3965 2572 4000 :
2613 3967 2630 3998 ι
2671 3945 2728 4002 Si
2756 3947 2904 4002 enim
2929 3949 2980 4002 in
3008 3947 3226 4003 homine
3256 3950 3510 4006 credente

1919 4043 2033 4111 ipse
2059 4049 2202 4097 totus
2233 4041 2374 4096 Deus
2423 4040 2724 4095 credendus
2771 4047 2856 4094 est
2914 4039 3182 4106 habitare,
3236 4043 3510 4112 quomodo

1918 4134 2112 4189 Filium
2143 4142 2314 4187 totum
2343 4132 2398 4186 in
2436 4147 2494 4187 se
2519 4131 2702 4197 Pater,
2733 4141 2826 4186 aut
2855 4131 3025 4188 Filius
3068 4133 3286 4188 Patrem
3337 4145 3508 4190 totum

1922 4240 2028 4279 non
2057 4224 2312 4278 credatur
2334 4223 2618 4292 excipere?
2658 4222 2736 4278 Ac
2772 4238 2869 4293 per
2903 4223 3007 4279 hoc
3055 4223 3169 4294 ipse.
3219 4225 3272 4279 in
3328 4225 3512 4290 Patre,

1922 4321 1978 4369 et
2023 4311 2186 4368 Pater
2240 4312 2293 4366 in
2325 4327 2392 4367 eo
2423 4321 2624 4375 manet,
2659 4320 2710 4366 et
2756 4327 2821 4368 ex
2856 4311 3018 4367 Patre
3043 4321 3098 4367 et
3119 4312 3255 4367 Filio
3293 4325 3516 4371 sanctus

1924 4404 2229 4459 credendus
2261 4411 2345 4458 est
2376 4402 2613 4474 Spiritus
2654 4417 2761 4457 non
2804 4402 2977 4459 solum
3014 4405 3372 4474 processisse,
3422 4408 3516 4460 sed

1927 4510 2143 4565 semper
2183 4494 2250 4549 ad
2294 4494 2499 4564 agenda
2541 4508 2707 4563 opera
2759 4492 3044 4548 Trinitatis
3071 4495 3294 4549 omnino
3323 4511 3519 4565 procc-

231 4608 455 4648 corum:
483 4607 681 4663 negare
728 4607 835 4646 non
875 4601 1100 4662 possunt
1134 4592 1398 4662 Spiritum
1428 4603 1676 4648 sanctum
1707 4572 1824 4664 Spi-é
1853 4556 1902 4615 υ
1931 4593 2079 4646 dere.
2113 4609 2131 4641 ι
2165 4590 2338 4646 Unum
2366 4604 2486 4644 esse
2515 4590 2644 4645 dicit
2672 4599 2918 4644 sanctum
2953 4589 3216 4660 Spiritum
3238 4606 3303 4645 ex
3328 4602 3518 4646 sancta

237 4685 401 4737 ritum
421 4698 543 4739 esse
585 4682 734 4747 Filii;
771 4683 957 4738 dicant
991 4699 1120 4755 ergo
1147 4685 1415 4753 quomodo
1443 4685 1596 4748 Filii,
1634 4686 1679 4740 si
1715 4701 1822 4740 non

235 4777 483 4846 procedit
512 4779 582 4832 ab
611 4777 748 4847 ipso.
791 4776 925 4831 Nam
954 4777 1000 4832 si
1026 4778 1427 4848 processiouem
1449 4788 1662 4849 negant,
1686 4795 1824 4849 pne-

236 4870 420 4924 dicant
471 4871 844 4932 creationem,
893 4869 1038 4938 quod
1088 4869 1382 4940 impietatis
1439 4883 1562 4924 esse
1611 4877 1828 4926 constat

240 4959 454 5016 Arianae
476 5001 493 5024 ,
539 4960 664 5028 quia
711 4974 816 5014 non
844 4966 1024 5030 potest
1051 4975 1172 5014 esse
1206 4959 1327 5014 Filii
1354 4958 1620 5030 Spiritus,
1648 4959 1695 5015 si
1717 4975 1823 5016 non
1864 4953 1868 4958 ’

239 5051 327 5106 vel
351 5061 573 5106 creatus
597 5052 687 5115 sit,
721 5050 804 5105 vel
834 5053 1134 5120 procedens
1163 5052 1232 5106 ab
1257 5051 1369 5106 illo.

313 5142 447 5199 item
493 5143 546 5198 in
587 5143 1048 5215 consequentibus
1071 5149 1212 5214 (cap.
1247 5145 1336 5214 l7)
1363 5161 1376 5198 :
1408 5162 1426 5196 t
1450 5144 1587 5212 Quid
1617 5154 1700 5200 est
1730 5161 1828 5199 au-

244 5245 396 5290 tem:
440 5235 510 5290 In
532 5234 786 5306 principio
829 5243 942 5288 erat
986 5232 1208 5288 Verbum
1249 5233 1431 5303 (Joan.
1457 5252 1496 5301 ι,
1526 5236 1611 5308 l);
1653 5237 1753 5291 nisi
1778 5237 1830 5290 in

246 5329 407 5386 Patre
434 5343 556 5385 erat
597 5327 802 5384 Filius?
839 5326 1050 5398 Et'ipse
1081 5327 1251 5382 Filius
1294 5327 1660 5398 interrogatus
1685 5343 1716 5381 a
1739 5326 1833 5380 Ju-

247 5421 376 5478 dais
399 5462 416 5488 ,
465 5423 588 5492 quis
627 5431 810 5486 esset,
843 5420 1157 5490 respondit:
1191 5421 1517 5492 Principium
1539 5422 1628 5493 qui
1671 5433 1718 5477 et
1748 5422 1830 5475 lo-

320 5586 348 5613 ι
374 5572 678 5628 Gennadius
704 5570 1332 5642 Constantinopolitanus.
1364 5572 1465 5640 Qui
1509 5574 1651 5630 hunc
1693 5573 1838 5630 Gen-

253 5644 396 5698 nadii
420 5643 615 5697 librum
652 5643 892 5707 edidere,
921 5658 1043 5715 cum
1069 5643 1271 5698 nultum
1297 5646 1414 5715 ejus
1440 5647 1674 5700 nominis
1702 5647 1836 5700 scri-

255 5724 463 5786 ptorem
495 5723 950 5786 nossentprmter
997 5713 1389 5769 Massiliensem
1431 5715 1836 5786 presbyterum,

233 5827 236 5830 .
256 5785 487 5839 alienum
506 5785 671 5838 fetum
686 5785 736 5838 ei
761 5795 1180 5854 supposuerunt.
1199 5785 1443 5851 Quorum
1469 5787 1834 5856 ignorantiam

1931 4682 2197 4736 Trinitate
2246 4691 2676 4750 cooperatorem,
2708 4681 2798 4749 qui
2829 4697 2935 4735 non
2977 4681 3147 4736 solum
3189 4682 3516 4741 substantia.

1929 4790 2118 4829 verum
2149 4773 2463 4842 operatione
2485 4773 2631 4826 Patri
2655 4772 2900 4842 Filioque
2936 4773 3218 4842 copuletur
3256 4783 3517 4843 tanquam

1933 4869 2002 4921 ab
2035 4878 2265 4935 utroque
2293 4865 2612 4936 procedens,
2643 4874 2847 4920 etcum
2882 4873 3112 4934 utroque
3156 4880 3459 4936 cooperans
3507 4885 3520 4920 :

1933 4958 2075 5028 quod
2127 4973 2234 5012 non
2281 4964 2465 5027 posset
2507 4956 2704 5021 facere,
2753 4957 2799 5012 si
2835 4971 2942 5012 nou
2975 4956 3043 5010 ab
3073 4967 3304 5028 utroque
3334 4972 3524 5028 procc-

1937 5049 2114 5107 dendo
2142 5049 2504 5104 substantiam
2539 5059 2594 5104 et
2621 5049 2921 5119 accepisset
2946 5056 2999 5102 et
3022 5049 3274 5120 accipiat.

2569 5143 2796 5200 CAPUT
2839 5144 2903 5199 V.

2330 5230 2416 5286 Ex
2437 5228 2707 5286 Gennadio
2738 5243 2787 5286 et
2824 5231 3127 5303 Fulgentio.

2005 5323 2339 5390 Gennadius,
2363 5337 2389 5366 ι
2425 5323 3050 5395 Constantinopolitanus
3095 5324 3380 5396 episcopus
3400 5367 3414 5390 ,
3445 5327 3530 5382 vir

1943 5420 2114 5475 multa
2163 5418 2394 5474 lectione
2436 5418 2781 5488 antiquorum
2831 5419 3057 5490 peritus,
3109 5418 3163 5473 in
3227 5418 3366 5474 libro
3428 5419 3530 5476 Ec-

1942 5570 2408 5642 Ratramnushoc
2435 5568 2871 5642 locoredarguit.
2915 5568 3168 5642 Anatolio
3217 5568 3530 5642 Gennadius

1944 5644 2034 5698 hic
2059 5641 2320 5697 successit
2351 5656 2492 5695 anno
2520 5641 2622 5697 458
2652 5657 2714 5696 ac
2737 5641 2879 5697 Sedit
2899 5657 3069 5710 usque
3089 5641 3157 5694 ad
3181 5655 3380 5710 animm
3399 5641 3527 5706 471,

1944 5725 1999 5768 et
2029 5727 2396 5768 successorem
2429 5712 2615 5767 habuit
2641 5713 2918 5767 Acacium.
2943 5709 3187 5766 Graecum
3216 5709 3330 5778 eius
3351 5713 3532 5782 operis

1945 5782 2223 5852 exemplar
2249 5782 2475 5839 interiit.
