4026 6346
515 323 624 380 295

1545 283 1916 370 miramur
1944 310 2394 369 consarsusrs
2425 310 2746 396 ‘MONACHI

3686 311 3800 368 296

518 434 945 494 clesiasticorum
998 431 1319 502 Dogmatum
1343 429 1409 484 de
1467 427 1705 499 Spiritus
1752 427 1930 483 sancti
1977 441 2102 497 pro-
2129 435 2178 492 Α
2204 428 2330 497 quia
2376 442 2517 483 unus
2564 426 2884 482 naturaliter
2927 423 3162 496 Spiritus
3199 432 3286 482 est
3322 423 3502 480 Patris
3552 432 3608 480 et
3644 424 3797 484 Filii.

520 527 766 584 cessione
821 525 900 580 sic
939 523 1177 590 loquitur
1221 535 1236 575 :
1290 539 1310 572 ι
1375 518 1664 575 Credimus
1717 533 1885 572 unum
1932 516 2102 572 Deum

519 633 643 674 esse
668 617 884 672 Patrem
913 622 968 669 et
1009 612 1205 667 Filium
1256 619 1312 667 et
1361 610 1622 681 Spiritum
1675 618 1946 664 sanctum.
2003 607 2104 661 Pa-

521 717 660 764 trem
705 722 770 761 eo
821 706 962 775 quod
995 704 1191 758 haheat
1227 702 1454 767 Filium;
1495 700 1691 754 Filium
1729 715 1795 754 eo
1831 699 1975 768 quod
2009 699 2104 753 ha-

517 797 656 868 beat,
701 797 953 860 Patrem;
1011 793 1273 864 Spiritum
1307 801 1573 854 sanctum,
1611 806 1675 846 eo
1719 790 1864 861 quod
1914 791 1986 844 sit
2036 805 2103 844 ex

517 887 682 942 Patre
707 896 762 940 ct
790 883 946 938 Filio.
1003 883 1167 938 Pater
1217 897 1347 953 ergo
1395 881 1720 952 principium
1772 880 2101 945 divinitatis,

517 976 814 1048 principale
861 991 1104 1030 nomen:
1137 976 1263 1045 quia
1318 975 1460 1030 sicut
1512 988 1786 1043 nunquam
1837 973 1939 1027 fuit
1994 988 2102 1028 non

517 1069 683 1132 Deus,
715 1068 790 1121 ita
820 1083 1098 1135 nunquam
1144 1065 1246 1120 fuit
1287 1082 1394 1120 non
1447 1065 1631 1130 Pater,
1691 1079 1722 1118 a
1778 1080 1886 1134 quo
1937 1063 2106 1120 Filius

516 1167 700 1221 natus,
731 1173 761 1210 a
798 1172 903 1226 quo
933 1157 1173 1226 Spiritus
1204 1165 1425 1212 sanctus
1450 1171 1557 1210 non
1589 1165 1780 1220 natus;
1827 1155 1955 1225 quia
1997 1169 2103 1210 non

517 1259 603 1306 est
635 1249 827 1313 Filius,
857 1264 1031 1318 neque
1062 1249 1355 1318 ingenitus,
1373 1250 1500 1319 quia
1528 1263 1635 1303 non
1672 1257 1757 1302 est
1784 1247 1977 1314 Pater;
2007 1262 2107 1302 nec

517 1339 695 1394 factus
725 1339 958 1408 Spiritus
985 1348 1223 1403 sanctus,
1241 1339 1366 1408 quia
1389 1355 1497 1394 non
1524 1347 1606 1393 est
1625 1354 1692 1392 ex
1717 1337 1905 1403 nihilo,
1923 1339 2017 1392 sed
2037 1353 2105 1392 ex

518 1431 634 1486 Deo
662 1430 856 1494 Patre,
892 1439 944 1484 et
983 1430 1093 1485 Deo
1121 1429 1259 1484 Filio
1288 1430 1426 1484 Deus
1453 1429 1771 1499 procedens.
1813 1447 1832 1479 ι
1866 1427 2108 1484 Dilucide

518 1523 656 1578 satis
681 1538 800 1578 esse
828 1522 1115 1592 proﬁtetur
1144 1521 1403 1591 Spiritum
1437 1530 1686 1577 sanctum
1737 1536 1807 1576 ex
1853 1520 2018 1576 Patre
2053 1530 2109 1576 et

520 1613 679 1678 Filio,
711 1613 852 1683 quod
883 1621 966 1668 est
997 1612 1063 1667 de
1092 1611 1391 1667 substantia
1416 1611 1594 1666 Patris
1643 1611 1873 1682 Filiique
1917 1625 2108 1681 proce-

520 1704 667 1759 dere.
694 1702 809 1756 Non
833 1704 978 1756 enim
1002 1702 1162 1758 aliter
1180 1717 1247 1756 ex
1277 1711 1509 1774 utroque
1533 1711 1900 1772 poteratesse,
1923 1702 1969 1757 si
2000 1718 2107 1758 non

2206 517 2437 573 Proinde
2469 526 2616 574 totus
2655 519 2724 573 de
2762 518 2924 573 Patre
2960 518 3204 587 procedit
3246 525 3302 574 et
3341 518 3511 583 Filio,
3542 526 3690 574 totus
3736 520 3800 574 in

2203 604 2367 661 Patre
2394 615 2577 661 manet
2615 622 2680 662 ac
2715 606 2882 673 Filio;
2931 607 3056 676 quia
3084 607 3164 664 sic
3200 614 3382 663 manet
3407 616 3468 662 ut
3501 607 3798 677 procedat,

2204 697 2286 751 sic
2307 698 2552 766 procedit
2578 706 2636 751 ut
2659 707 2894 753 maneat.
2934 697 3090 754 Unde
3112 698 3433 753 naturaliter
3460 699 3603 754 hanc
3630 701 3804 756 habet

2203 803 2328 843 cum
2374 788 2536 846 Patre
2563 805 2626 845 ac
2656 790 2793 847 Filio
2823 793 3046 848 unitatis
3077 792 3494 863 plenitudinem,
3539 803 3596 849 et
3625 795 3805 864 pleni-

2207 881 2410 936 tudinis
2447 882 2836 950 unitatem,‘ut
2863 893 3006 940 totus
3043 900 3074 937 a
3102 884 3297 950 Patre,
3344 893 3510 941 totus-
3531 887 3806 942 habeatur

2205 990 2236 1029 a
2265 974 2420 1030 Filio.
2437 975 2554 1031 Non
2580 991 2711 1046 ergo
2733 979 2944 1048 accepit
2973 976 3234 1049 Spiritum
3266 987 3511 1034 sanctum
3539 977 3805 1034 divinitas

2206 1065 2358 1131 Filii,
2391 1081 2514 1122 cum
2541 1082 2648 1137 qua
2673 1068 2833 1123 unius
2857 1077 2941 1124 est
2963 1061 3170 1124 natura:
3195 1068 3432 1138 Spiritus
3459 1078 3682 1126 sanctus
3700 1111 3715 1135 ,
3743 1080 3804 1126 et

2206 1175 2272 1214 ex
2303 1175 2409 1229 qua
2457 1159 2618 1215 habet
2669 1160 2928 1231 quidquid
2970 1159 3161 1225 habet,
3189 1160 3300 1215 imo
3336 1160 3405 1215 de
3441 1175 3549 1231 qua
3584 1171 3668 1216 est
3696 1163 3808 1219 hoc
3861 1201 3866 1206 ο

2205 1251 2348 1320 quod
2377 1258 2497 1317 est;
2525 1251 2650 1320 quia
2694 1253 2837 1321 quod
2880 1251 3203 1306 naturaliter
3251 1252 3447 1316 habet,
3488 1251 3595 1308 hoc
3631 1263 3733 1308 est.
3775 1272 3798 1305 ι

2205 1340 2381 1396 Locus
2408 1341 2509 1396 iste
2539 1335 2803 1396 tractatur
2830 1342 2897 1396 de
2932 1341 3270 1412 plenitudine
3305 1341 3606 1397 divinitatis
3635 1342 3801 1398 Chri-

2205 1431 2310 1491 sti,
2351 1439 2408 1484 et
2436 1430 2502 1484 de
2531 1430 2700 1499 ipsius
2735 1431 3073 1486 humanitate
3101 1449 3114 1485 :
3147 1431 3538 1486 humanitatem
3575 1432 3798 1501 quidem

2207 1521 2338 1576 dicit
2379 1523 2652 1591 accepisse
2693 1521 2952 1594 Spiritum
2995 1532 3278 1582 sanctum,
3329 1539 3435 1578 non
3466 1523 3688 1592 quidem
3733 1523 3804 1578 ad

2207 1626 2550 1678 mensuram,
2607 1612 2734 1684 quia
2787 1612 3086 1668 divinitatis
3136 1611 3413 1681 plenitudo
3454 1613 3706 1668 consistit
3746 1611 3805 1666 in

2209 1701 2328 1769 illa,
2367 1704 2507 1758 sicut
2533 1703 2879 1774 Evangelium
2913 1711 3162 1767 testatur,
3194 1702 3382 1756 dicens
3427 1702 3495 1757 de
3533 1703 3801 1757 Christo:

518 1790 947 1846 substantialitcr
979 1792 1297 1861 procederet
1335 1792 1405 1846 ab
1429 1801 1681 1864 utroque.
1711 1793 1941 1864 Pr0pter
1962 1794 2105 1864 quod
2135 1799 2182 1858 Β
2209 1791 2280 1846 Et
2314 1794 2534 1848 vidimus
2581 1793 2806 1864 gloriam
2837 1794 2986 1864 ejus,
3026 1793 3254 1864 gloriam
3289 1792 3442 1863 quasi
3474 1793 3732 1863 unigeniti
3771 1810 3805 1846 α

521 1883 656 1938 dicit
685 1884 738 1936 in
787 1883 1270 1952 consequentibus,
1318 1885 1465 1954 quod
1507 1900 1574 1941 ex
1602 1885 1711 1940 Deo
1734 1885 1897 1942 Patre
1924 1896 1978 1941 et
2007 1887 2118 1942 Deo

518 1970 656 2026 Filio
684 1972 824 2026 Deus
851 1973 919 2026 sit
948 1972 1261 2040 procedens.
1290 1973 1500 2029 Etcum
1522 1989 1644 2029 eum
1670 1974 2117 2044 dicatproceden-

518 2071 649 2125 tcni,
683 2069 842 2130 negat
890 2069 1066 2114 tamen
1096 2075 1219 2115 eum
1251 2061 1354 2116 dici
1397 2062 1596 2117 debere
1625 2062 1711 2117 vel
1740 2072 1924 2118 natum
1943 2104 1957 2129 ,
1988 2065 2114 2134 quia

517 2170 624 2208 non
664 2163 747 2208 est
787 2153 974 2218 Filius,
1019 2153 1101 2208 vel
1135 2154 1454 2224 ingenitum,
1496 2155 1623 2224 quia
1669 2165 1894 2211 nonest
1928 2155 2111 2211 Pater.

587 2247 906 2317 Fulgentius
934 2249 1240 2318 episcopus,
1265 2248 1566 2302 litterarum
1599 2247 1790 2302 studiis
1819 2249 2110 2302 admodum

515 2339 782 2402 eruditus,
815 2348 871 2393 et
917 2339 1040 2393 vita:
1097 2338 1387 2393 sanctitate
1423 2338 1764 2407 perspicuus,
1791 2338 1862 2393 ab
1889 2338 2114 2394 Arianis

515 2446 735 2501 quoque
795 2445 896 2498 pro
959 2428 1228 2483 catholica
1289 2427 1393 2483 (ide
1450 2427 1620 2482 multa
1677 2442 1992 2497 perpessus,
2056 2427 2110 2482 in

515 2521 653 2577 lihro
683 2520 1048 2587 Quaestionum
1079 2519 1144 2573 de
1171 2519 1406 2589 Spiritus
1435 2518 1613 2575 sancti
1653 2519 2003 2588 processioue
2031 2518 2111 2573 sic

513 2615 631 2668 ait;
667 2633 682 2664 ι
717 2613 809 2669 Sic
854 2622 1024 2668 totum
1067 2611 1210 2682 quod
1259 2619 1342 2665 est
1370 2611 1486 2680 ipsa
1543 2618 1736 2664 natura
1767 2650 1783 2675 ,
1817 2624 2107 2664 commune

515 2705 690 2759 tribus
738 2704 1010 2758 invenitur
1060 2716 1182 2756 esse
1229 2701 1513 2770 personis,
1562 2709 1623 2753 ut
1674 2698 1879 2768 aliquid
1926 2707 2106 2754 tamen

515 2794 844 2857 inveniatur,
910 2808 1017 2862 quo
1077 2790 1294 2861 proprie
1346 2804 1684 2859 unaquaque
1729 2803 1960 2858 persona
2011 2803 2109 2843 no-

514 2893 738 2941 scatur:
781 2884 920 2953 quod
950 2893 1126 2935 tamen
1166 2895 1268 2935 nec
1302 2879 1606 2935 inveniatur
1639 2877 1975 2948 separabile,
2009 2891 2109 2932 nec

513 2978 687 3049 possit
732 2991 852 3032 esse
887 2987 1193 3030 commune.
1234 2972 1370 3028 Nam
1416 2973 1696 3042 proprium
1743 2970 1923 3025 Patris
1969 2970 2107 3024 dici-

515 3086 640 3125 mus
691 3082 846 3133 esse,
892 3067 1035 3136 quod
1079 3066 1268 3138 genuit
1310 3083 1322 3118 :
1364 3064 1644 3134 proprium
1701 3062 1933 3117 dicimus
1981 3060 2105 3116 Filii

2220 1880 2403 1950 Patre,
2435 1883 2643 1954 plenum
2670 1886 2854 1956 gratim
2881 1896 2930 1940 et
2971 1887 3206 1940 veritatis
3255 1885 3436 1955 (Joan.
3471 1902 3527 1950 ι,
3557 1886 3673 1956 14).
3702 1887 3807 1939 Ve-

2219 1973 2350 2026 ritas
2388 1971 2454 2026 ad
2481 1972 2818 2027 divinitatem
2838 2013 2854 2038 ,
2902 1973 3075 2043 gratia
3113 1971 3348 2028 refertur
3377 1974 3444 2027 ad
3473 1974 3699 2028 donum.
3734 1972 3807 2030 Ut

2216 2063 2360 2118 enim
2389 2063 2552 2118 homo
2586 2064 2653 2119 de
2683 2062 2905 2134 Virgine
2942 2074 3102 2119 natus
3135 2063 3408 2134 perfectus
3448 2073 3596 2120 esset
3624 2066 3798 2129 Deus,

2214 2155 2356 2210 sicut
2399 2153 2671 2225 perfectus
2715 2163 2802 2210 est
2842 2155 3024 2221 homo,
3075 2171 3182 2211 non
3228 2156 3455 2221 merito,
3490 2157 3586 2212 sed
3614 2157 3802 2228 gratiae

2213 2245 2408 2300 divina:
2435 2246 2580 2300 dono
2616 2245 2879 2315 percepit.
2917 2245 2988 2300 At
3033 2260 3162 2300 vero
3187 2245 3445 2300 divinitas
3475 2245 3799 2300 naturaliter

2212 2338 2402 2402 habet,
2432 2345 2494 2392 ut
2531 2337 2607 2392 sit
2644 2337 2800 2408 plena
2831 2348 2995 2408 atque
3028 2337 3269 2408 perfecta
3289 2377 3304 2402 ,
3335 2337 3536 2392 nullius
3577 2337 3754 2405 indiga
3779 2377 3794 2398 .

2211 2443 2311 2483 nec
2342 2428 2758 2485 minorationem
2787 2431 2979 2484 valens
3002 2430 3282 2498 accipere,
3320 2444 3420 2484 nec
3449 2437 3798 2499 augmentum

2211 2520 2496 2575 sustinere.
2543 2519 2850 2576 Secundum
2891 2521 3032 2576 hanc
3061 2520 3361 2575 divinitatis
3404 2519 3795 2590 plenitudinem

2209 2607 2380 2664 Filius
2427 2609 2521 2663 Dei
2567 2608 2816 2664 Christus
2855 2625 2962 2664 non
3012 2609 3186 2680 potuit
3233 2608 3495 2679 Spiritum
3547 2616 3793 2662 sanctum

2208 2703 2488 2772 accipere,
2535 2703 2969 2772 quandoquidem
3018 2703 3133 2773 ipse
3177 2702 3413 2773 Spiritus
3455 2710 3679 2756 sanctus
3718 2701 3794 2756 sic

2206 2793 2465 2861 procedat
2490 2792 2558 2845 ah
2588 2791 2704 2861 ipso
2723 2831 2738 2856 ,
2765 2792 2906 2846 sicut
2927 2801 2984 2847 et
3008 2807 3039 2846 a
3061 2791 3224 2847 Patre
3251 2791 3525 2861 procedit,
3555 2798 3614 2846 et
3637 2792 3794 2846 detur

2207 2885 2275 2939 ab
2313 2884 2406 2939 illo
2442 2884 3311 2954 nihilominus,-quemadmodum
3355 2884 3514 2939 datur
3541 2898 3571 2937 a
3605 2883 3789 2939 Patre.

2207 2972 2321 3041 Qua
2363 2975 2430 3029 de
2465 2989 2523 3029 re
2565 2974 2819 3030 divinitas
2866 2975 3042 3041 Filii,
3067 2975 3136 3031 de
3172 2989 3279 3045 qua
3324 2975 3492 3030 sumit
3533 2972 3798 3045 originem

2209 3064 2442 3135 Spiritus
2469 3075 2721 3132 sanctus,
2751 3082 2856 3122 non
2884 3067 3028 3123 valet
3053 3068 3302 3138 accipere
3325 3066 3636 3137 largitatem
3655 3064 3790 3136 ejus.

514 3175 636 3216 esse
655 3200 670 3224 .
701 3159 844 3229 quod
873 3157 1019 3212 solus
1045 3158 1110 3212 de
1149 3156 1263 3212 solo
1298 3155 1460 3210 Patre
1490 3164 1652 3208 natus
1678 3162 1795 3217 est.
1825 3153 2101 3223 proprium
2129 3154 2175 3218 C
2207 3157 2290 3211 cui
2323 3157 2394 3212 sit
2424 3172 2587 3212 causa
2611 3158 2876 3213 existendi
2909 3175 2923 3212 :
2958 3167 3043 3216 est
3075 3159 3221 3214 enim
3255 3158 3346 3212 ille
3377 3156 3616 3226 Spiritus
3651 3164 3794 3210 totus

498 3253 753 3323 'Spiritus
780 3252 952 3308 sancti
981 3251 1124 3320 quod
1164 3250 1230 3305 de
1264 3247 1427 3304 Patre
1471 3247 1716 3316 Filioque
1745 3245 2011 3315 procedit.
2041 3244 2101 3298 In

515 3345 602 3400 his
641 3359 771 3400 vero
812 3343 1044 3415 propriis
1087 3341 1230 3396 nulla
1279 3348 1364 3396 est
1407 3349 1615 3394 natura:
1659 3337 1962 3408 separatio,
2011 3335 2106 3391 sed

516 3437 761 3507 quaadam
798 3434 1097 3507 personalis
1127 3433 1352 3503 agnitio.
1393 3451 1416 3484 ι
1447 3430 1594 3485 Dicit
1628 3429 1718 3484 hic
1755 3435 1948 3483 auctor
1973 3425 2106 3496 quid

517 3542 835 3592 commune,
878 3525 1008 3605 quid
1050 3523 1267 3594 proprie
1316 3534 1652 3592 unaquaeque
1689 3527 1892 3575 sanctae
1926 3515 2109 3572 Trini-

517 3622 643 3676 tatis
689 3632 919 3689 persona
973 3626 1226 3672 uoscatur
1274 3616 1510 3679 habere;
1558 3627 1845 3668 commune
1887 3610 2106 3680 quidem

515 3710 659 3765 inest
673 3707 844 3763 tribus
865 3709 1112 3778 personis
1131 3705 1291 3760 unius
1317 3713 1526 3758 natura:
1541 3698 2103 3764 consubstantialitas;

515 3800 792 3874 proprium
837 3812 967 3852 vero
1011 3797 1264 3868 singulis,
1312 3795 1456 3866 quod
1502 3792 1663 3847 Pater
1702 3791 1850 3846 solus
1875 3790 2103 3860 genuit,

515 3890 688 3945 Filius
715 3888 864 3943 solus
900 3897 1060 3940 natus
1099 3885 1166 3939 de
1210 3883 1372 3954 Patre
1418 3883 1533 3938 solo
1559 3922 1574 3947 ,
1605 3880 1842 3950 Spiritus
1885 3887 2105 3933 sanctus

515 3980 660 4050 quod
690 3979 755 4033 de
789 3977 950 4031 Patre
980 3975 1225 4045 Filioque
1259 3974 1518 4045 procedit.
1552 3971 1668 4039 Qua
1707 3971 1774 4025 de
1805 3985 1863 4024 re
1892 3970 1984 4038 qui
2015 3984 2102 4023 re-

516 4069 725 4140 cipiunt
749 4067 928 4121 Patris
964 4067 1140 4120 inesse
1169 4064 1443 4134 proprium
1465 4101 1480 4127 ,
1515 4062 1658 4130 quod
1682 4059 1753 4114 sit
1781 4058 2010 4128 genitor,
2051 4065 2106 4111 et

515 4159 639 4215 Filii
671 4156 979 4226 proprium,
1007 4155 1150 4224 quod
1187 4156 1261 4209 sit
1296 4155 1538 4224 genitus,
1589 4150 1853 4220 recipiant
1891 4164 2106 4218 quoque

517 4263 745 4306 necesse
775 4256 860 4301 est
884 4261 1006 4301 esse
1029 4244 1263 4314 Spiritus
1303 4243 1473 4298 sancti
1517 4241 1789 4313 proprium
1807 4280 1821 4304 ,
1866 4239 2007 4308 quod
2037 4237 2106 4294 de

517 4341 680 4396 Patre
726 4337 968 4406 Filioque
1021 4335 1285 4406 procedit.
1335 4333 1486 4402 Quod
1535 4333 1580 4387 si
1637 4346 1837 4402 negare
1877 4339 2100 4386 conten-

519 4433 688 4496 dunt,
721 4429 902 4484 dicant
930 4427 1059 4498 quid
1091 4427 1161 4480 sit
1181 4426 1228 4480 ei
1259 4427 1551 4496 proprium.
1577 4423 1712 4478 Nam
1741 4422 2016 4492 processio
2038 4423 2104 4477 de

517 4511 694 4578 Patre'
729 4520 1032 4577 communis
1067 4528 1154 4573 est
1199 4519 1364 4573 etiam
1415 4517 1582 4582 Filio;
1641 4515 1897 4585 quoniam
1945 4529 2105 4570 omne

518 4616 664 4686 quod
708 4615 951 4671 nascitur
987 4610 1232 4684 procedit
1269 4611 1464 4675 etiam,
1509 4624 1638 4681 ergo
1679 4607 1975 4664 secundum
2014 4608 2106 4661 do-

521 4711 690 4765 ctoris
713 4707 873 4777 hujus
900 4705 1228 4763 sententiam
1249 4744 1264 4769 ,
1299 4701 1578 4774 pr0prium
1605 4709 1689 4755 est
1723 4699 1957 4769 Spiritus
1985 4713 2107 4753 san-

520 4801 594 4855 cti
625 4815 730 4869 quo
759 4800 828 4854 de
851 4798 1012 4852 Patre
1050 4794 1296 4865 Filioque
1326 4791 1603 4863 procedit,
1647 4791 1790 4860 quod
1820 4804 1922 4844 nec
1957 4787 2107 4842 Patri

520 4907 624 4947 nec
667 4891 803 4946 Filio
839 4890 1082 4946 cernitur
1110 4902 1230 4942 esse
1271 4898 1558 4940 commune
1590 4900 1604 4936 :
1639 4880 1906 4950 siquidem
1944 4879 2107 4935 Pater

522 4986 589 5040 de
625 4984 802 5048 nullo,
844 4982 1011 5036 Filius
1047 4996 1175 5035 vero
1203 4979 1269 5034 de
1299 4976 1414 5033 solo
1438 4974 1632 5040 Patre,
1663 4974 1898 5045 Spiritus
1925 4984 2106 5027 autem

522 5085 743 5133 sanctus
772 5076 838 5129 de
865 5082 1112 5143 utroque.

592 5167 722 5222 ltem
766 5166 842 5234 in,
865 5164 1321 5234 consequentibus
1349 5177 1366 5217 :
1399 5181 1418 5212 ι
1454 5160 1569 5217 Non
1610 5176 1740 5231 ergo
1777 5159 1951 5230 potuit
1987 5159 2109 5226 Spi-

522 5260 684 5314 ritum
727 5264 977 5312 sauctum
1020 5254 1272 5309 divinitas
1321 5252 1444 5306 Filii
1489 5252 1770 5320 accipere,
1819 5266 1942 5304 cum
1993 5249 2105 5318 ipse

523 5349 759 5420 Spiritus
794 5355 1013 5403 sanctus
1050 5345 1128 5400 sic
1153 5345 1412 5416 procedat
1442 5360 1473 5397 a
1513 5341 1680 5407 Filio,
1733 5342 1876 5396 sicut
1918 5355 2107 5410 proce-

521 5443 600 5496 dit
634 5457 665 5495 a
700 5439 887 5503 Patre;
921 5447 978 5494 et
1005 5439 1084 5494 sic
1112 5438 1270 5493 detur
1306 5453 1337 5492 a
1378 5435 1515 5490 Filio
1535 5475 1550 5501 ,
1594 5435 1735 5489 sicut
1764 5434 1923 5488 datur
1949 5448 1978 5485 a
2003 5431 2106 5487 Pa-

520 5543 624 5588 tre.
669 5533 780 5589 Nec
826 5532 916 5588 illa
959 5539 1151 5587 natura
1175 5573 1188 5597 ,
1227 5528 1368 5584 unde
1417 5527 1654 5597 Spiritus
1691 5535 1909 5581 sanctus
1945 5525 2106 5579 habet

516 5625 780 5695 originem
800 5665 815 5690 ,
843 5624 1018 5694 potuit
1045 5622 1129 5678 vel
1163 5627 1480 5691 exspectare
1510 5617 1593 5671 vel
1619 5617 1864 5685 accipere
1889 5613 2106 5683 largita-

521 5722 649 5771 tem.
695 5715 930 5787 Spiritus
977 5716 1066 5773 ille
1094 5723 1237 5772 totus
1275 5720 1356 5769 cst
1402 5709 1614 5778 Patris,
1667 5716 1810 5764 totus
1837 5716 1920 5764 est
1948 5705 2099 5775 Filii;

2207 3247 2414 3313 Patris,
2444 3256 2500 3301 et
2527 3257 2670 3304 totus
2700 3249 2851 3316 Filii;
2879 3258 3080 3308 etcum
3111 3251 3183 3306 sit
3201 3251 3484 3305 amborum
3513 3255 3679 3313 totus,
3712 3247 3794 3302 vel

2206 3327 2521 3394 alterutrius
2552 3348 2717 3405 totus,
2757 3356 2864 3398 non
2891 3340 3348 3397 eonvertibilitate
3385 3340 3482 3406 ﬁt,
3529 3349 3590 3395 ut
3633 3339 3796 3395 Pater

2205 3439 2262 3484 et
2297 3430 2464 3486 Filius
2489 3432 2740 3492 dicantur
2763 3448 2885 3489 esse
2923 3433 3158 3505 Spiritus
3186 3442 3410 3491 sanctus
3441 3433 3591 3490 velut
3611 3433 3684 3488 ah
3706 3432 3796 3489 illo

2207 3522 2562 3592 suscipientes
2591 3525 2804 3583 essendi
2834 3541 3088 3592 causam;
3119 3541 3220 3582 nec
3248 3525 3399 3581 solus
3426 3525 3594 3580 Filius
3622 3524 3794 3594 Spiri-

2207 3623 2295 3671 tus
2338 3616 2508 3674 sancti
2554 3615 2752 3680 Filius,
2779 3617 2927 3672 velut
2970 3618 3040 3672 ab
3078 3615 3169 3673 illo
3209 3617 3514 3686 percipiens
3553 3617 3794 3671 existen-

2208 3707 2376 3772 tiam.
2425 3707 2680 3778 quoniam
2722 3708 3046 3763 naturaliter
3095 3724 3234 3764 unus
3281 3706 3519 3778 Spiritus
3560 3715 3646 3762 est
3682 3715 3795 3762 tam

2205 3797 2421 3864 Patris,
2464 3815 2626 3869 quam
2673 3799 2830 3866 Filii,
2872 3801 3177 3871 percipiens
3215 3801 3285 3856 ab
3330 3801 3439 3856 illis
3475 3801 3793 3856 essentiam.

2205 3890 2439 3944 Proinde
2483 3891 2624 3945 sicut
2666 3892 2855 3947 beatus
2897 3891 3212 3962 Fulgentius
3260 3900 3512 3956 testatur,
3553 3902 3700 3949 totus
3731 3894 3796 3948 de

2205 3979 2366 4035 Patre
2415 3980 2690 4050 procedit,
2733 3991 2787 4035 et
2819 3991 2963 4037 totus
3001 3982 3067 4036 de
3098 3982 3235 4036 Filio
3269 4001 3282 4036 :
3327 3999 3437 4038 non
3481 3983 3628 4037 enim
3675 3997 3796 4053 pars

2207 4068 2349 4124 illius
2389 4086 2420 4124 a
2464 4069 2655 4135 Patre,
2681 4086 2809 4141 pars
2844 4087 3057 4142 quoque
3083 4073 3332 4143 procedit
3354 4090 3383 4127 a
3417 4072 3586 4138 Filio;
3622 4087 3796 4141 neque

2206 4177 2333 4231 pars
2364 4169 2544 4216 manet
2568 4161 2686 4230 ejus
2715 4163 2768 4216 in
2799 4163 2959 4218 Patre
2981 4203 2995 4228 ,
3024 4177 3154 4232 pars
3180 4179 3368 4219 rursus
3413 4165 3465 4218 in
3509 4164 3668 4218 Filio.
3704 4163 3796 4216 Est

2206 4254 2349 4308 enim
2385 4254 2723 4319 insecabilis,
2754 4265 2809 4309 et
2833 4255 3214 4325 impartihilis,
3248 4271 3424 4325 neque
3461 4271 3528 4310 ex
3567 4252 3796 4310 diversis

2207 4346 2539 4415 compositus
2567 4363 2580 4398 :
2609 4355 2666 4400 et
2701 4347 2780 4400 sic
2807 4361 3030 4400 manens
3067 4355 3126 4400 ut
3155 4347 3448 4419 procedat,
3492 4347 3572 4404 sic
3597 4362 3792 4418 proce-

2209 4439 2340 4491 dens
2370 4447 2428 4491 ut
2457 4445 2695 4492 maneat.
2723 4436 3054 4492 Naturaliter
3081 4439 3227 4492 enim
3267 4437 3430 4492 habet
3468 4453 3590 4492 cum
3639 4439 3797 4494 Patre

2209 4543 2274 4583 ac
2305 4527 2440 4584 Filio
2464 4527 2851 4598 plenitudinem
2889 4529 3115 4582 unitatis
3136 4568 3152 4592 ,
3187 4537 3244 4582 et
3274 4528 3532 4582 unitatem
3562 4528 3794 4598 plenitu-

2209 4619 2385 4686 dinis,
2427 4628 2484 4675 et
2528 4629 2674 4675 totus
2719 4619 2949 4674 habetur
2973 4635 3002 4672 a
3025 4617 3207 4683 Patre,
3237 4627 3292 4673 et
3318 4626 3463 4672 totus
3501 4619 3740 4674 habetur
3767 4635 3796 4672 a

2209 4710 2366 4767 Filio.
2419 4710 2536 4766 Non
2579 4726 2711 4782 ergo
2754 4711 3010 4766 divinitas
3060 4710 3178 4764 Filii
3234 4710 3498 4780 Spiritum
3549 4721 3797 4766 sanctum

2210 4801 2454 4869 accepit,
2495 4816 2655 4871 quem
2687 4801 2839 4870 prius
2876 4817 2982 4856 non
3029 4801 3255 4866 habuit,
3299 4815 3422 4855 cum
3459 4800 3532 4856 sit
3561 4800 3799 4870 Spiritus

2209 4899 2427 4944 sanctus
2460 4891 2701 4960 ejusdem
2745 4901 2953 4946 naturae
2989 4890 3144 4960 cujus
3179 4900 3264 4947 est
3289 4891 3493 4955 Filius,
3518 4902 3712 4961 utpote
3737 4892 3799 4946 de

2209 4996 2315 5049 quo
2359 4980 2568 5049 accepit
2601 4980 2861 5050 quidquid
2909 4982 3094 5045 habet,
3145 4981 3255 5036 imo
3301 4980 3370 5036 de
3420 4996 3529 5051 quo
3571 4991 3660 5037 est
3699 4983 3800 5036 hoc

2208 5070 2354 5140 quod
2387 5079 2500 5134 est;
2531 5069 2787 5138 quoniam
2818 5071 3246 5149 substantialiter
3276 5071 3342 5126 de
3365 5071 3647 5126 divinitate
3677 5071 3798 5126 Filii

2208 5171 2310 5216 est.
2343 5161 2839 5228 Quibusomnibus
2881 5163 3165 5218 evidenter
3205 5163 3512 5218 ostenditur
3558 5162 3795 5233 Spiritus

2207 5253 2383 5307 sanc.i
2431 5253 2705 5320 processio
2746 5269 2856 5309 non
2893 5254 3073 5309 minus
3115 5269 3237 5309 esse
3275 5254 3340 5310 de
3366 5254 3506 5310 Filio
3533 5271 3698 5325 quam
3728 5255 3795 5309 de

2207 5343 2366 5398 Patre
2411 5358 2426 5397 :
2470 5345 2614 5413 qtiod
2660 5344 2906 5414 quisquis
2952 5360 3153 5416 negare
3199 5345 3523 5410 intenderit,
3580 5343 3796 5416 negabit

2207 5436 2412 5505 pariter
2444 5435 2678 5506 Spiritus
2709 5435 2882 5490 sancti
2921 5437 3330 5492 subsistentiam
3357 5455 3371 5491 :
3399 5436 3658 5505 quoniam
3689 5450 3790 5490 non

2207 5535 2387 5597 potest
2416 5527 2742 5591 subsistere,
2783 5526 2884 5580 nisi
2914 5527 3210 5581 essentiam
3251 5526 3484 5597 accipiat
3517 5525 3586 5579 ab
3611 5525 3701 5580 illo
3727 5525 3790 5578 de

2207 5635 2314 5688 quo
2343 5617 2680 5687 procedendo
2728 5601 2994 5672 subsistit.
3045 5615 3159 5670 Hoc
3206 5625 3430 5670 sanctus
3477 5613 3787 5684 Fulgentius

2207 5706 2465 5763 adversus
2506 5705 2762 5760 Arianam
2808 5705 3089 5776 perﬁdiam
3132 5706 3412 5774 disputans
3452 5703 3521 5762 de
3556 5703 3786 5775 Spiritus
