4026 6346
166 314 339 379 297’

1074 312 1354 370 CONTRA
1391 309 1807 368 GRIECORUM
1846 305 2209 368 OPPOSITA.
2253 337 2319 349 ——-
2358 306 2489 363 LIB.
2533 305 2619 361 lll.

3346 301 3453 360 298

170 434 351 495 sancti
378 433 727 505 processione
752 431 967 488 locutus
993 438 1078 484 est
1098 468 1112 493 ,
1149 427 1455 497 approbans
1484 422 1769 479 verissime
1798 428 1848 488 Α
1875 422 2073 476 deitate
2092 420 2274 475 Patris
2305 428 2359 474 et
2389 417 2508 474 Filii
2544 432 2559 472 :
2590 415 2734 488 quod
2781 416 2991 479 dicens,
3053 414 3256 486 liquido
3296 430 3458 471 mon-

172 528 285 585 dici
316 534 426 581 lam
459 542 490 580 a
519 524 680 579 Patre
711 537 873 593 quam
914 536 944 575 a
991 520 1130 576 Filio
1174 517 1467 591 procedere
1504 514 1769 584 Spiritum

172 625 423 675 sanctum
441 656 457 681 ,
488 614 746 685 quoniam
772 612 843 668 sit
864 613 1149 682 utriusque
1172 608 1442 679 Spiritus,
1474 606 1771 661 essentiam

169 708 451 780 accipiens
479 706 549 762 ab
575 714 840 775 utroque;
882 704 1026 774 quod
1068 703 1162 775 qui
1206 710 1395 774 negat,
1436 706 1774 756 monstratur

158 799 394 856 Arianae
418 797 661 871 perﬁdiae
685 797 959 854 obnoxius
983 811 1123 853 esse.

769 912 1032 992 'CAPUT
1071 932 1157 989 vr.

771 1044 858 1100 Ea;
886 1042 1193 1099 Athanasio.

249 1156 365 1213 Sed
412 1156 482 1212 ad
524 1155 918 1222 Athanasium,
967 1153 1397 1211 Alexandrinum
1441 1151 1777 1233 episcopum,

128 1252 129 1257 “
169 1260 551 1315 trevertamur,
579 1263 741 1321 quem
778 1248 833 1303 in
874 1246 1101 1304 exordio
1129 1244 1523 1302 catholicorum
1558 1242 1778 1298 testium

166 1340 421 1411 primum
453 1338 766 1411 posuimus,
794 1347 853 1392 ut
892 1337 940 1392 is
982 1337 1054 1392 sit
1103 1334 1344 1391 clausula
1383 1331 1782 1389 testiiicationis

170 1433 249 1487 ade
265 1432 640 1503 mrocessione
670 1431 843 1487 sancti
877 1429 1112 1503 Spiritus
1145 1445 1176 1485 a
1206 1429 1376 1494 Filio,
1417 1429 1509 1500 qui
1538 1428 1642 1482 fuit
1673 1426 1778 1481 ini-

172 1526 345 1581 tium.
380 1524 442 1580 1n
485 1523 625 1580 libro
670 1539 908 1594 namque
942 1523 1181 1579 secundo
1220 1523 1288 1579 de
1320 1521 1558 1593 propriis
1587 1519 1781 1576 Perso-

171 1619 304 1683 aiis,
333 1626 394 1672 et
420 1618 492 1675 de
518 1618 672 1673 unito
693 1617 916 1672 nomine
937 1616 1239 1672 divinitatis
1258 1613 1520 1671 adversus
1545 1612 1782 1668 Arianos

168 1710 265 1765 sic
295 1709 416 1763 ait:
452 1727 472 1760 ι
507 1707 568 1764 lu
612 1708 717 1764 hoc
762 1720 895 1764 sane
922 1705 1062 1762 alius
1094 1713 1182 1762 est
1224 1705 1388 1761 Pater
1416 1705 1473 1759 in
1508 1717 1779 1775 persona,

1882 522 2019 570 strat
2041 512 2181 584 quod
2204 512 2462 583 procedat
2484 512 2551 565 ab
2574 519 2804 579 utroque
2831 523 2844 562 :
2874 522 2995 563 cum
3026 508 3171 562 enim
3195 507 3265 587 sit
3285 507 3457 564 deitas

1880 605 2057 661 Patris
2104 614 2157 659 et
2192 604 2310 659 Filii
2352 604 2431 657 sic
2473 602 2645 666 unita,
2673 609 2730 654 ut
2756 598 2955 654 nullam
2987 597 3346 655 differentiam
3373 615 3463 654 re-

1882 698 2063 769 cipere
2086 696 2277 767 possit,
2294 710 2397 748 non
2416 702 2595 763 potest
2613 691 2905 762 procedere
2924 689 3159 760 Spiritus
3173 689 3240 745 de
3262 689 3468 745 deitate

1882 789 2083 853 Patris,
2107 789 2210 843 nisi
2241 786 2502 860 procedat
2539 792 2596 839 et
2629 783 2694 838 de
2717 781 3343 850 Filii.Quemadmodum
3366 796 3469 837 nec

1886 883 1952 938 de
1974 880 2098 937 Filii
2126 880 2349 945 deitate,
2378 877 2482 933 nisi
2509 878 2766 947 procedat
2789 876 2955 930 etiam
2993 876 3058 930 de
3082 873 3263 930 Patris
3288 891 3303 941 ;
3336 874 3468 929 alio.

1885 973 2016 1043 quin
2042 971 2190 1027 unita
2215 970 2388 1027 deitas
2410 969 2590 1026 Patris
2615 979 2672 1025 et
2694 968 2819 1025 Filii
2845 985 2953 1025 non
2980 969 3085 1024 erit
3105 967 3222 1038 jam
3253 966 3469 1024 indiﬁ‘e-

1887 1078 2038 1129 rens,
2069 1063 2114 1118 si
2161 1060 2422 1134 procedat
2448 1059 2685 1131 Spiritus
2713 1059 2781 1115 de
2815 1059 3017 1115 deitate
3048 1059 3250 1125 Patris,
3282 1067 3338 1113 et
3362 1073 3469 1113 non

1887 1156 2095 1228 pariter
2128 1154 2384 1226 procedat
2412 1153 2478 1209 de
2510 1152 2713 1207 deitate
2757 1150 2923 1206 Filii:
2959 1165 3024 1205 ac
3066 1166 3164 1223 per
3213 1150 3316 1205 hoc
3355 1139 3479 1221 jam'

1888 1262 1998 1304 non
2025 1246 2131 1303 erit
2157 1245 2307 1301 unita
2338 1259 2351 1300 :
2394 1243 2536 1315 quod
2560 1252 2645 1298 est
2668 1242 2892 1311 impium
2916 1249 2971 1298 et
2995 1240 3278 1297 Arianum.
3315 1239 3475 1295 Dica-

1878 1331 1981 1397 tur
2005 1356 2171 1413 ergo,“
2198 1339 2497 1396 secundum
2532 1337 2691 1392 [idem
2723 1335 3068 1400 catholicam,
3093 1334 3235 1406 quod
3286 1334 3476 1389 beatus

1880 1425 2221 1486 'Athauasius
2247 1428 2540 1485 conﬁtetur
2560 1468 2573 1493 ,
2600 1426 2862 1498 Spiritum
2914 1433 3162 1480 sanctum
3214 1424 3282 1481 de
3322 1424 3473 1479 unita

1880 1510 2092 1582 deitate
2116 1524 2297 1580 Patris
2320 1533 2376 1579 et
2401 1522 2525 1578 Filii
2553 1536 2694 1577 esse.
2718 1521 2853 1576 Item
2890 1527 3119 1575 testatur
3142 1516 3285 1588 quad
3308 1531 3475 1571 unum

1882 1600 2153 1690 Spiritum
2201 1617 2591 1689 potaverimus.
2638 1615 2791 1683 Quod
2845 1614 3052 1679 dicens,
3076 1612 3339 1682 approbat
3370 1627 3477 1667 non

1892 1714 2058 1770 alium
2105 1727 2230 1770 esse
2274 1711 2450 1768 Patris
2495 1710 2781 1781 Spiritum,
2812 1716 2866 1763 et
2893 1708 3060 1763 alium
3087 1706 3231 1774 Filii,
3260 1707 3355 1763 sed
3382 1705 3477 1777 qui

168 1800 313 1870 quia
340 1814 470 1855 vere
500 1799 714 1873 genuit;
752 1806 807 1855 et
837 1798 893 1854 in
923 1798 1027 1854 hoc
1065 1807 1150 1854 est
1185 1797 1331 1852 aliud
1355 1795 1525 1852 Filius
1564 1811 1596 1850 a
1621 1794 1785 1850 Patre

1897 1810 1959 1866 sit
2001 1807 2159 1874 Filii,
2185 1808 2257 1864 sit
2282 1808 2450 1864 etiam
2475 1806 2677 1871 Patris,
2701 1806 2925 1877 ipseque
2953 1812 3041 1860 est
3065 1804 3131 1859 de
3158 1802 3310 1858 unita
3342 1817 3472 1858 vera

170 1892 235 1947 iis
282 1907 553 1964 persona,
597 1892 723 1963 quia
770 1905 901 1948 vere
947 1892 1015 1947 ab
1054 1906 1122 1947 eo
1164 1891 1380 1962 genitus
1427 1899 1531 1946 est.
1574 1889 1683 1946 Sed
1730 1890 1785 1945 in

170 1988 291 2043 hoc
346 1988 490 2044 alius
534 1995 623 2043 est
668 1988 724 2043 in
770 2001 1004 2058 persona
1050 1984 1287 2057 Spiritus
1337 1985 1427 2041 hic
1471 1983 1786 2056 principalis

169 2080 482 2152 paraclitus
512 2096 544 2135 a
589 2080 751 2136 Patre
800 2089 857 2136 et
904 2078 1077 2146 Filio,
1126 2081 1217 2151 qui
1268 2081 1323 2135 in
1367 2078 1690 2135 Pentecoste
1728 2071 1784 2134 in

170 2171 459 2242 apostolos
484 2170 687 2227 eﬂ'usus
729 2179 847 2236 est,
885 2170 1015 2242 quia
1050 2185 1182 2226 vere
1211 2171 1277 2225 de
1304 2169 1455 2224 unita
1500 2169 1785 2226 divinitate

172 2261 365 2319 Patris
412 2270 470 2318 et
521 2262 644 2319 Filii
686 2262 954 2334 procedit.
1001 2282 1020 2315 ι
1063 2262 1163 2319 Hic
1212 2273 1405 2318 auctor
1448 2262 1785 2334 singularum

172 2354 991 2426 .proprietatempersonarum
1041 2356 1421 2425 distinguens,
1470 2364 1527 2411 et
1578 2356 1785 2412 unitate

170 2444 495 2501 divinitatis
542 2443 911 2518 coniungens,
967 2448 1204 2503 ostendit
1254 2448 1385 2518 quid
1436 2446 1664 2518 singulis
1715 2448 1786 2503 sit

172 2537 469 2607 proprium
492 2577 510 2605 ,
550 2537 683 2610 quid
736 2553 1042 2595 commune.
1094 2538 1382 2609 Proprium
1438 2538 1617 2595 Patris
1666 2554 1787 2595 esse

172 2625 410 2693 dicens,
437 2628 583 2698 quod
619 2629 835 2701 genuit;
864 2629 923 2685 in
946 2644 1059 2701 quo
1088 2644 1190 2685 nec
1230 2629 1367 2686 Filio
1412 2644 1515 2687 nec
1556 2628 1786 2701 Spiritui

176 2724 379 2772 sancto
407 2717 791 2788 participatur,
816 2718 1058 2791 alioquin
1097 2735 1208 2777 non
1245 2721 1296 2777 ei
1330 2729 1478 2777 esset
1504 2720 1786 2792 proprium

179 2806 367 2864 Patris
408 2808 733 2867 vocabulum
767 2827 784 2867 :
828 2820 885 2867 et
926 2811 1097 2869 Filius
1145 2813 1201 2869 in
1247 2813 1351 2869 hoc
1396 2815 1723 2872 discernitur
1754 2831 1786 2872 a

179 2899 351 2958 Patre
377 2902 526 2972 quod
556 2903 773 2976 genitus
805 2904 909 2972 sit,
950 2904 1040 2961 ille
1061 2907 1338 2977 genuerit;
1365 2908 1462 2963 sed
1483 2921 1586 2963 nec
1609 2907 1663 2963 iu
1695 2922 1788 2979 ge-

176 2992 493 3049 nerationis
520 2994 857 3067 proprietate
878 2993 1116 3067 Spiritus
1140 2996 1316 3052 sancti
1347 2998 1785 3054 communionem

1888 1902 2105 1961 deitatis
2125 1910 2340 1966 natura,
2372 1901 2426 1955 id
2467 1909 2569 1966 est,
2614 1898 2793 1953 Patris
2841 1897 3071 1967 Filiique
3122 1890 3464 1967 substantia,

1887 2011 2008 2067 quae
2058 2002 2212 2049 tanta
2269 1992 2478 2047 unitate
2531 1989 2815 2055 consistit,
2846 1996 2905 2043 ut
2950 1987 3096 2043 nulla
3142 1986 3482 2067 separatione

1887 2087 2195 2153 dividatur;
2237 2083 2393 2154 cujus
2434 2083 2751 2139 substantiae
2799 2083 2925 2137 dum
2981 2074 3219 2151 Spiritus
3260 2088 3484 2135 sanctus

1885 2178 1959 2235 sit
1994 2190 2210 2247 quoque
2254 2189 2416 2240 unus,
2448 2174 2781 2244 approbatur
2808 2171 3089 2228 evidenter
3132 2186 3162 2224 a
3202 2166 3364 2224 Patre
3393 2167 3484 2223 Fi-

1886 2270 2069 2342 lioque
2112 2267 2430 2340 procedere,
2459 2265 2655 2337 quibus
2713 2265 2768 2319 in
2820 2265 2972 2319 unita
3016 2271 3211 2318 natura
3265 2261 3483 2317 deitatis

1887 2361 2253 2432 coniungitur.
2766 2360 2776 2370 '

1888 2435 1894 2439 ⁴
1961 2448 2246 2505 lteminfra
2278 2467 2291 2502 :
2333 2467 2352 2500 ‹
2388 2446 2756 2520 aHypocritas,
2774 2443 3227 2516 quemadmodum
3248 2442 3481 2512 suscipi-
3546 2467 3559 2479 -

1891 2543 1962 2598 tis
1993 2561 2005 2595 :
2041 2541 2170 2596 Ha’c
2195 2542 2371 2595 omnia
2407 2549 2654 2612 operatur
2683 2549 2838 2609 atque
2882 2537 3020 2590 idem
3063 2534 3318 2606 Spiritus,
3346 2534 3482 2588 diri-

1889 2632 2017 2687 dens
2045 2618 2326 2703 unicuique
2347 2632 2482 2687 sicut
2507 2629 2613 2685 vult
2644 2629 2696 2703 (I
2725 2628 2846 2684 Cor.
2876 2644 2972 2693 xu,
3006 2626 3121 2697 ii)‘,
3156 2626 3200 2683 si
3241 2640 3367 2682 eum
3416 2627 3483 2681 de

1890 2727 2043 2782 unita
2077 2725 2293 2781 deitatis
2342 2724 2663 2795 operatione
2715 2721 3041 2779 secernitis?
3098 2720 3261 2778 Unita
3308 2721 3485 2776 deitas

1890 2816 2061 2872 totius
2082 2823 2166 2870 est
2203 2821 2403 2870 sanctae
2442 2813 2747 2880 Trinitatis,
2776 2813 2831 2869 in
2865 2829 2971 2884 qua
3000 2812 3205 2885 pariter
3230 2812 3486 2869 consistit

1890 2914 1948 2964 et
1997 2921 2229 2978 persona
2279 2904 2514 2977 Spiritus
2564 2905 2761 2971 sancti,
2792 2903 2913 2960 sine
2961 2919 3067 2975 qua
3112 2919 3212 2959 nec
3243 2903 3485 2959 Trinitas

1890 2999 2015 3054 erit.
2057 3017 2076 3050 ι
2112 2997 2255 3068 Ergo
2275 2997 2462 3053 dicens
2488 2997 2750 3053 deitatem
2797 2996 2948 3051 unita
2991 2995 3312 3067 operatione
3358 3010 3488 3050 con-

182 3083 389 3155 recipit
426 3084 633 3152 ullam,
681 3087 938 3158 quoniam
985 3102 1109 3142 cum
1155 3087 1245 3143 liic
1287 3088 1361 3144 sit
1400 3088 1648 3161 genitus,
1692 3088 1786 3145 illo
1886 3091 2074 3164 jungi,
2109 3098 2340 3146 testatur
2391 3089 2619 3161 Spiritui
2667 3097 2857 3147 sancto
2903 3090 3121 3148 Patrem
3177 3090 3487 3160 Filiumque

181 3188 302 3230 non
333 3186 455 3228 esse
501 3173 717 3246 genitus
760 3175 1110 3246 approbetur.
1160 3173 1398 3246 Spiritus
1437 3186 1618 3233 autem
1660 3194 1786 3235 san-
1811 3169 1861 3235 C
1889 3183 2212 3255 cooperari;
2265 3198 2366 3238 nec
2414 3197 2574 3254 posse
2621 3190 2814 3238 natura
2868 3184 3078 3240 secerni
3121 3199 3258 3254 quos
3296 3185 3486 3239 eadem

182 3273 319 3320 ctus
346 3264 451 3320 hoc
488 3279 681 3321 rursus
722 3266 886 3322 habet
922 3268 1234 3339 proprium,
1264 3275 1326 3324 ut
1358 3284 1460 3326 nec
1497 3272 1785 3342 genuerit,

184 3370 302 3412 nec
318 3355 535 3428 genitus
558 3357 649 3424 sit,
670 3358 767 3414 sed
796 3359 865 3416 de
887 3359 1038 3415 unita
1067 3359 1248 3417 Patris
1272 3370 1329 3418 et
1350 3352 1477 3417 Filii
1504 3362 1789 3421 divinitate

183 3450 488 3521 procedat;
518 3452 577 3507 in
605 3466 716 3524 quo
748 3468 852 3510 nec
888 3453 1035 3510 Patri
1080 3469 1183 3512 nec
1224 3454 1363 3513 Filio
1401 3460 1786 3515 communicat.

188 3538 360 3598 Pater
391 3541 540 3599 enim
575 3544 643 3600 de
679 3544 860 3613 nullo,
889 3544 1058 3603 Filius
1094 3548 1163 3604 de
1198 3548 1313 3604 solo
1340 3547 1523 3616 Patre,
1557 3548 1793 3622 Spiritus

188 3642 378 3690 autem
406 3643 631 3692 sanctus
666 3635 737 3693 de
761 3634 1217 3711 PatreFilioque.
1261 3638 1417 3708 Quod
1458 3642 1549 3712 qui
1596 3656 1794 3715 negare

189 3726 502 3793 contendit,
520 3728 775 3784 ostendat
801 3730 941 3786 unde
963 3729 1198 3802 Spiritus
1218 3731 1392 3787 sancti
1419 3747 1652 3803 persona
1679 3733 1794 3789 dis-

192 3816 483 3888 tinguatur
539 3834 572 3873 a
602 3817 782 3876 Patris
810 3820 1041 3891 Filiique
1083 3823 1436 3893 proprietate.
1466 3823 1535 3879 Et
1574 3825 1659 3879 ha:
1687 3832 1796 3881 tres

190 3922 449 3979 persona:
493 3918 698 3967 sanctae
745 3911 1028 3969 Trinitatis
1068 3914 1183 3970 suis
1223 3915 1644 3985 proprietatibus
1672 3931 1797 3970 cum

192 3998 610 4072 distinguantur
636 4018 669 4058 a
694 4003 956 4077 singulis,
988 4005 1286 4061 divinitatis
1324 4003 1535 4062 unitate
1579 4007 1798 4063 socian-

197 4100 314 4158 tur,
344 4100 408 4147 ut
436 4094 639 4151 nullam
666 4097 986 4153 contineant
1009 4098 1064 4153 in
1089 4098 1388 4156 divinitatis
1416 4101 1801 4157 communione

194 4183 593 4254 differentiam,
623 4190 718 4245 sed
747 4190 817 4246 sit
846 4191 902 4245 in
930 4191 1178 4262 personis
1199 4192 1502 4264 proprietas
1524 4235 1539 4259 ,
1568 4194 1624 4249 in
1658 4193 1800 4250 divi-

200 4276 381 4333 nitate
416 4276 735 4336 indiﬂerens
765 4281 968 4337 unitas.
1454 4347 1456 4349 ,

273 4368 410 4425 Item
448 4370 508 4426 in
556 4369 697 4427 libro
740 4372 1013 4443 septimo:
1052 4392 1072 4425 ι
1109 4372 1222 4430 Cur
1245 4375 1339 4445 qui
1362 4391 1446 4430 me
1474 4374 1633 4441 videt,
1664 4375 1806 4432 uidet

1892 3274 2137 3345 operatio
2165 3271 2463 3345 conjungit.
2484 3273 2895 3346 Consequenter
2923 3289 3053 3347 ergo
3083 3274 3149 3331 de
3171 3274 3326 3330 unita
3354 3289 3486 3331 con-

1893 3372 2004 3421 stat
2027 3371 2220 3420 natura
2255 3362 2434 3420 Patris
2462 3362 2694 3435 Filiique
2727 3362 2988 3436 Spiritus,
3013 3363 3209 3433 quibus
3253 3372 3308 3419 et
3353 3364 3481 3419 sub-

1896 3456 2096 3513 stantia
2120 3456 2365 3528 jungitur
2408 3464 2463 3510 et
2505 3456 2839 3527 operatione.
2876 3456 3010 3513 Item
3046 3474 3058 3510 :
3104 3474 3123 3507 ‹
3158 3454 3488 3527 Hypocritae,

1896 3547 2167 3619 quomodo
2227 3546 2472 3617 accipitis
2520 3546 2727 3602 dictum
2763 3544 2932 3601 fuisse
2978 3543 3175 3600 :Idem
3234 3542 3488 3615 Spiritus,

1897 3640 2038 3695 idem
2084 3648 2132 3693 et
2189 3637 2470 3705 Dominus,
2501 3637 2640 3693 idem
2670 3644 2720 3692 et
2776 3635 2919 3692 Deus
2963 3635 3157 3708 (Ibid.,
3195 3635 3251 3702 4,
3302 3635 3390 3707 6);
3444 3636 3492 3691 si

1897 3742 2023 3787 eum
2070 3744 2170 3784 vos
2216 3742 2408 3784 verum
2446 3729 2618 3784 Deum
2649 3727 2715 3785 de
2736 3742 2865 3785 vera
2893 3734 3107 3794 natura,
3138 3726 3193 3782 in
3240 3727 3495 3785 omnibus

1900 3820 2173 3879 mirabilia
2211 3828 2530 3892 operantem
2585 3835 2692 3876 non
2738 3820 3050 3892 suscipitis?
3092 3838 3112 3872 ι
3150 3817 3413 3892 Spiritum
3441 3828 3499 3877 et

1902 3910 2191 3969 Dominum
2221 3911 2353 3967 dicit
2379 3920 2434 3968 et
2471 3912 2639 3968 Deum
2671 3929 2684 3965 :
2715 3918 2771 3966 et
2817 3925 3005 3967 verum
3052 3912 3270 3982 quidem
3326 3911 3495 3966 Deum

1902 4003 1971 4062 de
1998 4019 2126 4060 vera
2156 4012 2372 4061 natura.
2396 4005 2534 4060 Dum
2562 4004 2694 4060 dicit
2719 4004 2785 4060 de
2810 4019 2940 4060 vera
2963 4013 3173 4070 natura,
3207 4004 3498 4061 conﬁtetur

1903 4112 2014 4154 non
2044 4111 2076 4152 a
2099 4113 2159 4154 se
2186 4097 2304 4154 fore
2331 4097 2593 4169 Spiritum
2621 4107 2892 4164 sanctum,
2924 4099 3019 4154 sed
3057 4099 3124 4154 de
3146 4113 3274 4154 vera
3303 4107 3499 4155 natura

1903 4188 2085 4246 Patris
2105 4189 2356 4260 Filiique.
2385 4189 2538 4246 Sicut
2565 4191 2711 4245 enim
2755 4197 2964 4246 natura:
3004 4191 3233 4246 veritate
3264 4189 3423 4246 Pater
3445 4198 3503 4246 et

1906 4281 2079 4339 Filius
2133 4296 2242 4338 non
2312 4290 2677 4353 separantur,
2729 4283 2809 4339 sic
2859 4280 3098 4353 Spiritus
3160 4291 3382 4339 sanctus
3433 4283 3502 4339 de

1907 4375 2194 4446 utriusque
2225 4372 2473 4429 subsistit
2494 4389 2623 4429 vera
2646 4382 2843 4430 natura
2871 4391 2886 4430 :
2910 4379 3167 4445 quoniam
3188 4390 3295 4431 non
3323 4382 3507 4444 potest

193 4471 253 4518 α
280 4462 502 4519 Patrem
522 4480 697 4520 meum
730 4464 914 4537 (Joan.
941 4482 1055 4533 xiv,
1071 4466 1149 4538 9),
1179 4468 1403 4533 indicat,
1428 4468 1476 4523 si
1502 4484 1610 4524 non
1640 4478 1722 4525 est
1748 4469 1804 4524 in
1830 4530 1875 4538 _
1910 4465 2206 4538 procedere
2258 4465 2325 4520 de
2373 4473 2569 4520 natura
2611 4465 2813 4535 Patris,
2837 4467 2883 4523 si
2912 4482 3019 4523 non
3050 4467 3215 4522 etiam
3245 4467 3508 4538 procedat

198 4554 295 4610 bis
317 4569 429 4610 una
455 4530 751 4613 invisibilis
770 4556 951 4628 imago
981 4530 1190 4613 natura:
1217 4530 1506 4615 veritatis?
1533 4559 1644 4615 Cur
1669 4560 1805 4634 legi-
1829 4530 1886 4592 Β
1911 4530 1979 4615 de
2007 4564 2203 4612 natura
2249 4555 2372 4611 Filii
2405 4575 2418 4610 :
2449 4557 2705 4629 quoniam
2763 4530 2883 4628 quae
2927 4567 3120 4614 natura
3169 4530 3349 4614 Patris
3396 4567 3503 4624 est,

199 4645 297 4713 tis,
325 4647 533 4702 servari
551 4647 822 4703 ueritatem
844 4646 1077 4718 Spiritus
1094 4648 1151 4703 in
1180 4648 1390 4704 uinculo
1418 4650 1562 4720 pacis
1584 4649 1805 4722 (Ephes.

1913 4651 2102 4706 eadem
2127 4658 2291 4706 estet
2347 4648 2489 4704 Filii.
2541 4650 2604 4704 Et
2652 4650 2882 4705 dicendo
2934 4651 3126 4706 beatus
3173 4650 3507 4707 Athanasius

201 4753 287 4805 sv,
315 4738 399 4810 3),
427 4738 474 4794 si
496 4753 622 4795 eum
646 4738 716 4796 de
740 4738 859 4811 ipsa
885 4740 1036 4794 unita
1061 4740 1347 4796 divinitate
1375 4740 1577 4808 Patris,
1604 4749 1659 4797 et
1686 4741 1812 4797 Filii
1917 4741 2178 4813 Spiritum
2203 4750 2451 4813 sa_nctum
2477 4757 2664 4796 verum
2701 4742 2871 4797 Deum
2906 4743 2974 4798 de
3000 4756 3125 4797 vera
3154 4750 3370 4809 natura,
3403 4758 3506 4800 nec

202 4844 331 4899 esse
357 4845 469 4886 non
496 4830 779 4901 accipitis?
799 4829 911 4886 Cur
932 4831 1111 4899 legitis
1132 4846 1232 4887 vas
1255 4831 1545 4903 electionis
1562 4833 1769 4889 dixisse
1795 4851 1809 4889 :

204 4922 407 4979 Omnes
445 4939 610 4979 unum
652 4923 915 4997 Spiritum
936 4926 1234 4996 potavimus
1265 4925 1315 4995 (1
1347 4925 1469 4982 Cor.
1499 4943 1597 4992 xit,
1626 4928 1734 4994 18),
1759 4929 1810 4984 si

202 5028 333 5071 eum
359 5030 461 5071 vos
492 5014 561 5071 de
583 5016 733 5070 unita
764 5030 893 5072 vera
924 5016 1148 5072 deitatis
1177 5023 1373 5072 natura
1404 5017 1755 5075 discernitis?
1775 5038 1795 5072 ι

205 5103 472 5162 Testatur
526 5104 728 5162 Filium
767 5105 1014 5177 ejusdem
1086 5112 1298 5162 naturai
1365 5120 1491 5163 esse
1533 5108 1689 5180 cujus
1735 5110 1808 5165 sit

204 5195 396 5263 Pater,
423 5197 570 5267 quod
590 5198 869 5270 negabant
898 5197 1113 5265 Ariani,
1144 5198 1403 5269 quoniam
1437 5200 1514 5256 sit
1541 5200 1595 5255 in
1644 5201 1807 5258 Patre

206 5288 468 5361 Filioque
511 5305 650 5350 una,
689 5290 980 5347 invisibilis
1030 5290 1212 5363 imago
1272 5297 1481 5346 natura:
1536 5293 1802 5349 veritatis.

210 5380 471 5439 Testatur
498 5391 556 5438 et
600 5381 865 5456 Spiritum
903 5392 1156 5440 sanctum
1196 5383 1441 5456 ejusdem
1487 5385 1808 5442 substantia:

208 5479 334 5536 fore
361 5478 521 5550 cujus
547 5478 620 5535 sit
657 5487 714 5535 et
744 5478 939 5543 Filius,
984 5479 1242 5549 quoniam
1298 5477 1498 5533 existat
1544 5479 1610 5535 de
1662 5481 1813 5535 unita

301 5607 325 5636 ι
352 5593 681 5666 Hypocritae,
708 5603 816 5651 etc.
852 5594 980 5651 Haec
1002 5603 1055 5651 et
1081 5610 1201 5666 quae
1226 5605 1530 5666 sequuntur
1562 5598 1616 5653 in
1652 5598 1819 5654 Atha-

212 5666 362 5739 nasii
408 5664 673 5739 librisgde
715 5667 950 5736 propriis
989 5664 1246 5739 Personis
1273 5664 1382 5724 non
1407 5676 1657 5736 exstant;
1688 5671 1818 5739 quin

1917 4805 2163 4890 addendo
2208 4805 2391 4890 P‘a'iris
2434 4833 2520 4889 vet
2549 4832 2695 4903 run,
2730 4833 2976 4905 profecto
3025 4834 3117 4889 dat
3167 4805 3394 4909 intelligi
3439 4836 3508 4894 de

1917 4926 2201 4997 utriusque
2231 4941 2359 4989 vera
2386 4935 2580 4982 natura
2616 4941 2808 4982 verum
2850 4926 3021 4983 Deum
3069 4926 3332 4999 Spiritum
3379 4944 3511 4986 sau-

1913 5026 2061 5074 ctum
2082 5033 2222 5086 esse,
2256 5018 2314 5074 in
2348 5010 2602 5076 ornnibus
2624 5019 2897 5076 mirabilia
2924 5029 3262 5097 operantem.

1983 5111 2118 5167 item
2176 5132 2188 5167 :
2251 5131 2270 5165 ι
2330 5112 2654 5186 Hypocritae,
2709 5129 2808 5185 per
2862 5128 3023 5186 quem
3050 5106 3515 5173 subministratur

1910 5220 2090 5262 sermo
2117 5205 2414 5279 sapientiae,
2448 5207 2562 5263 sive
2612 5209 2839 5264 verbum
2891 5208 3154 5276 scientiae,
3186 5209 3302 5266 sive
3354 5209 3515 5268 ﬁdes,

1913 5300 2027 5357 sive
2072 5301 2247 5373 gratia
2304 5302 2573 5369 sanitatis,
2621 5304 2735 5358 sive
2787 5303 3035 5375 operatio
3080 5304 3364 5370 virtutum,
3400 5305 3517 5361 sive

1914 5393 2226 5463 prophetia,
2281 5392 2396 5449 sive
2450 5395 2722 5464 separatio
2750 5393 3073 5465 Spirituum,
3121 5394 3228 5450 nisi
3258 5394 3516 5464 quoniam

1920 5485 1986 5540 de
2012 5485 2162 5540 unita
2194 5486 2528 5554 plenitudine
2553 5487 2676 5542 est?
2706 5507 2723 5538 ι
2765 5486 2890 5542 Hmc
2919 5488 3102 5542 omnia
3132 5501 3252 5558 quae
3270 5474 3514 5544 comme-

1923 5602 2344 5656 amanuensibus
2369 5600 2510 5656 finde
2538 5615 2660 5654 esse
2706 5609 3003 5667 tractatos,
3048 5598 3210 5656 facile
3239 5598 3518 5656 credimus

1926 5686 1989 5728 ea
2014 5688 2136 5742 qua:
2165 5671 2363 5726 frustra
2392 5672 2613 5742 quaesita
2644 5681 2768 5725 sunt
2794 5671 2860 5727 iis
2883 5672 3017 5727 locis
3042 5686 3164 5742 quae
3190 5680 3402 5742 veteres
3428 5671 3515 5742 ing

220 5736 405 5793 tamen
446 5736 516 5790 ab
565 5737 863 5812 Athanasio
908 5738 1111 5812 scripta
1154 5737 1294 5812 sint,
1345 5739 1599 5812 dubitare
1636 5736 1824 5812 religio
1929 5736 2349 5808 dicarunthsub
2379 5736 2500 5796 aliis
2531 5742 2701 5796 titulis
2729 5742 2950 5800 latentia
2984 5736 3148 5812 posse
3177 5741 3442 5811 reperiri,
3470 5741 3520 5797 si
3566 5788 3575 5797 .

218 5815 343 5874 est;
394 5822 517 5864 cum
560 5807 706 5862 enim
755 5808 973 5865 aliunde
1024 5807 1339 5866 noverimus
1383 5808 1499 5879 ejus
1548 5811 1715 5869 libros
1739 5807 1826 5871 'ab
1932 5815 2055 5889 quis
2077 5815 2131 5870 id
2156 5807 2357 5869 laboris
2394 5813 2498 5869 sibi
2528 5822 2792 5869 assumat.

469 5901 743 5965 Ps‘rnon.
789 5901 1019 5969 CXXI.

3004 5904 3079 5964 10
