4026 6346
606 293 713 353 299

1636 290 2001 347 RATRAMNI
2039 287 2489 348 CORBEIENSIS
2527 289 2835 349 MONACHI

3735 296 3825 363 ωο

602 377 807 481 morat,
840 405 984 462 dona
1008 403 1180 461 sancti
1204 401 1438 473 Spiritus
1472 414 1592 455 esse
1630 416 1789 454 nemo
1814 399 2050 455 ﬁdelium
2073 416 2190 454 am-
2222 408 2270 467 Α
2298 409 2502 461 sancto,
2558 416 2756 461 verum
2814 401 2881 457 de
2935 401 3096 457 rebus
3149 401 3518 460 materialibus
3567 407 3823 483 sumpsisse

605 497 767 569 bigit.
794 496 1036 552 lnl'erens
1081 502 1257 548 autem
1297 492 1348 545 in
1391 490 1740 545 conclusione
1784 491 1899 545 hare
1927 490 2189 560 Spiritum

607 573 858 645 sanctum
902 601 1079 658 posse,
1124 584 1376 653 quoniam
1407 582 1471 636 de
1510 582 1659 635 unita
1710 580 2042 651 plenitudine
2085 590 2187 648 est,

606 672 855 757 profecto
881 678 1170 735 conlitetur
1194 676 1337 746 quod
1373 676 1439 731 de
1469 674 1629 730 Patre
1658 674 1901 744 Filioque
1924 675 2185 744 procedit.

596 773 771 841 ‘Unita
811 784 1043 839 namque
1090 767 1366 836 plenitudo
1421 765 1720 841 divinitatis
1770 765 1948 819 Patris
1999 775 2081 820 est
2136 773 2191 819 et

603 863 767 919 Filii:
802 876 925 916 nam
954 836 1076 931 cum
1128 858 1200 914 sit
1226 845 1380 928 plena
1422 856 1675 912 divinitas
1696 836 1917 923 ‘Patris,
1950 866 2006 912 et
2034 856 2190 927 plena

605 950 862 1013 divinitas
889 953 1029 1019 Filii,
1060 953 1186 1022 quia
1236 949 1495 1022 perfecta,
1543 949 1669 1019 quia
1720 965 1826 1003 non
1883 947 2065 1004 valens
2095 964 2192 1004 au-

602 1048 717 1123 geri
744 1066 759 1115 ;
791 1048 864 1102 ita
893 1055 1074 1100 tamen
1106 1045 1277 1109 unita,
1302 1052 1489 1097 utnon
1528 1042 1645 1097 duae
1684 1040 2066 1111 plenitudines,
2097 1041 2193 1097 sed

584 1155 712 1196 una
761 1134 1090 1210 plenitudo;
1145 1135 1286 1189 sicut
1333 1148 1431 1187 nec
1486 1132 1603 1185 duae
1641 1130 1892 1197 deitates,
1941 1130 2035 1185 sed
2085 1145 2189 1183 una

603 1232 778 1287 deitas
807 1238 861 1284 et
891 1226 1123 1291 dicatur,
1155 1234 1209 1279 et
1236 1224 1470 1289 existat;
1517 1231 1571 1275 et
1601 1222 1666 1277 de
1688 1221 1790 1276 hac
1844 1220 1990 1275 unita
2018 1218 2190 1290 pleni—

601 1322 790 1377 tudine
822 1319 997 1376 Patris
1019 1324 1074 1371 ct
1110 1314 1230 1371 Filii
1268 1313 1535 1384 procedit,
1561 1311 1750 1383 plenus
1779 1320 1833 1365 et
1869 1311 1982 1381 ipse
2006 1309 2189 1365 consi-

599 1402 749 1469 stens
779 1412 938 1476 Deus,
977 1409 1102 1480 quia
1127 1423 1231 1463 non
1253 1406 1437 1460 valens
1463 1403 1733 1476 augmenti
1760 1402 2001 1473 recipere
2022 1418 2190 1472 quan-

601 1502 837 1561 titatem.
896 1498 955 1554 Si
999 1498 1143 1553 enim
1185 1496 1340 1566 juxta
1386 1510 1579 1551 novam
1620 1492 1867 1549 haeresim
1915 1491 1980 1546 de
2028 1490 2189 1547 Patre

602 1606 813 1653 tantum
836 1593 1081 1667 procedit
1110 1591 1365 1664 Spiritus,
1404 1606 1511 1645 non
1544 1589 1611 1643 de
1660 1587 1808 1643 unita
1856 1585 2189 1657 plenitudine

600 1684 866 1757 procedit,
913 1688 1169 1760 quoniam
1210 1701 1317 1741 non
1369 1693 1453 1740 est
1502 1682 1612 1738 illic
1640 1680 2001 1737 communitas
2036 1678 2185 1746 Filii,

2293 495 2699 552 similitudinem
2755 493 2872 565 ejus
2923 497 3023 562 rei,
3082 510 3201 567 quae
3252 512 3362 553 non
3421 504 3504 553 est
3545 499 3823 577 materialis,

2292 585 2374 641 vel
2398 586 2514 641 loco
2542 587 2861 653 divisibilis;
2908 596 3095 643 etnon
3123 604 3188 643 ex
3234 597 3369 657 toto,
3410 590 3503 647 sed
3548 607 3638 662 pro
3659 602 3822 662 parte;

2293 691 2400 731 non
2449 676 2592 751 enim
2626 687 2876 732 creatura
2913 687 3092 749 potest
3141 694 3208 734 ex
3236 680 3385 735 omni
3422 690 3571 752 parte
3617 681 3826 755 Creatori

2294 771 2598 826 consimilis
2659 772 2911 837 inveniri,
2964 789 3069 844 qua
3121 774 3187 829 de
3236 789 3296 830 re
3351 788 3566 835 sensum
3607 774 3827 847 debeant;

2291 861 2470 929 potius
2526 861 2890 933 intelligentiae
2942 863 3295 935 perpendere.
3354 864 3494 919 Dicit
3537 866 3690 933 enim,
3738 884 3824 925 non

2291 952 2415 1023 quia
2467 952 2702 1023 Spiritus
2747 964 2966 1011 sanctus
3024 956 3091 1012 de
3135 954 3296 1013 Patre
3344 956 3583 1028 Filioque
3625 960 3824 1029 procedit

2293 1050 2548 1113 tanquam
2589 1046 2654 1101 de
2692 1047 2901 1103 duobus
2922 1047 3080 1120 lignis
3108 1064 3247 1105 unus
3270 1046 3414 1122 ignis
3452 1058 3507 1105 et
3540 1050 3826 1122 inseparabi-

2290 1137 2383 1211 lis,
2417 1138 2680 1210 Spiritum
2730 1150 2974 1199 sanctum
3020 1143 3225 1205 idcirco
3275 1144 3623 1214 separabilem
3653 1146 3824 1215 videri;

2291 1232 2375 1299 vel
2411 1239 2665 1303 tauquam
2709 1236 2843 1292 duos
2875 1236 3118 1305 spiritus,
3141 1252 3308 1293 unum
3346 1236 3523 1293 Patris
3549 1247 3603 1293 et
3635 1238 3826 1296 alterum

2288 1323 2434 1391 Filii,
2458 1325 2552 1381 sed
2571 1343 2738 1383 unum
2760 1329 3117 1400 eumdemque
3135 1327 3406 1399 Spiritum
3429 1340 3826 1395 sanctummuam

2292 1416 2649 1487 eamdemque
2674 1418 2890 1474 deitatis
2904 1420 3159 1474 virtutem
3187 1420 3501 1485 habentem,
3531 1437 3682 1491 quam
3703 1423 3829 1477 habet

2288 1505 2452 1567 Pater
2468 1517 2527 1575 et
2552 1507 2742 1576 Filius,
2775 1525 2805 1564 a
2835 1511 3032 1580 quibus
3060 1511 3327 1580 procedit.
3375 1510 3485 1568 Nec
3511 1513 3609 1570 hoc
3644 1513 3716 1569 vel
3750 1516 3828 1570 int-

2287 1600 2568 1673 possibile,
2612 1602 2695 1658 vel
2730 1603 3043 1681 inpredibile
3067 1605 3263 1671 videri,
3314 1606 3567 1675 quoniam
3613 1607 3662 1662 in
3702 1609 3831 1663 rebtu

2292 1691 2664 1764 materialibus
2716 1693 3026 1749 inveniatur
3078 1694 3283 1764 aliquid
3339 1695 3408 1752 de
3463 1696 3663 1753 duobus
3712 1697 3830 1753 nasci

601 1756 950 1854 singularitas
981 1779 1072 1835 ubi
1121 1787 1203 1833 cst
1236 1776 1435 1833 Patris.
1484 1775 1581 1829 Est
1607 1781 1786 1829 autem
1838 1772 1940 1827 hoc
1995 1772 2187 1827 falsum
2218 1773 2267 1836 Β
2295 1756 2438 1851 ξμωά
2464 1781 2813 1853 singulariter
2843 1782 3124 1848 subsistat,
3158 1756 3258 1841 ἧος
3291 1785 3601 1851 (iugularem
3628 1787 3861 1856 Μίνω,-

602 1884 768 1947 atque
818 1872 1088 1928 haereticze
1122 1869 1412 1942 pravitatis
1462 1866 1700 1938 plenum.
1756 1856 1979 1920 Dicatur
2028 1865 2189 1935 igitur

594 1970 750 2044 juxta
791 1965 937 2021 beati
966 1961 1247 2017 Athanasii
1292 1957 1640 2038 sententiam,
1671 1955 1737 2010 de
1768 1956 1917 2010 unita
1952 1954 2186 2045 plenituf

598 2060 725 2115 dine
749 2057 1044 2129 procedere
1072 2052 1307 2124 Spiritus
1357 2055 1598 2114 sanctus,
1645 2046 1900 2118 quoniam
1942 2046 2191 2102 consistit

599 2153 666 2209 de
692 2167 819 2207 vera
848 2149 1049 2206 deitate
1079 2154 1189 2201 tam
1224 2143 1405 2199 Patris
1436 2158 1596 2213 quam
1621 2139 1746 2196 Filii
1767 2155 1927 2195 verus
1950 2138 2114 2194 Deus.

669 2243 801 2300 Item
853 2240 1032 2296 infra:
1085 2257 1104 2290 ι
1156 2236 1297 2309 Ergo
1328 2231 1703 2306 quiadixit‘:
1759 2231 1928 2288 Verbo
1976 2231 2190 2286 Domini

598 2338 710 2391 coeli
764 2334 961 2405 ﬁrmati
996 2340 1140 2396 sunt,
1191 2339 1239 2383 et
1288 2326 1491 2399 Spiritu
1533 2326 1640 2380 oris
1684 2324 1798 2394 ejus
1829 2323 1997 2377 omnis
2028 2322 2189 2376 virtus

597 2444 777 2482 eorum
818 2424 989 2498 (Psal.
1035 2437 1208 2486 χχχιι,
1232 2419 1308 2491 6),
1356 2431 1620 2491 cognosce
1667 2417 1768 2471 hoc
1805 2412 2039 2469 Verbum
2064 2413 2193 2467 sub-

516 2528 523 2534 '
598 2518 892 2577 stantivum
922 2532 1029 2573 non
1053 2511 1269 2569 aliunde
1291 2526 1455 2582 quam
1479 2512 1544 2565 de
1578 2506 1740 2563 Patre
1769 2506 2042 2578 proprium
2086 2520 2188 2559 na-

598 2626 712 2670 tum
742 2613 908 2667 fuisse
934 2628 948 2675 ;
974 2609 1071 2667 sed
1093 2608 1159 2663 et'
1188 2605 1453 2675 Spiritum
1478 2604 1590 2658 oris
1613 2604 1730 2673 ejus
1761 2617 1883 2656 eum
1927 2599 2190 2671 Spiritum

596 2705 756 2770 dixit,
779 2704 868 2773 qui
902 2701 971 2756 de
1000 2701 1115 2770 ipsa
1142 2698 1291 2752 unita
1315 2695 1618 2751 substantia
1641 2693 1924 2766 processit.
1958 2711 1976 2743 ι
2003 2690 2190 2745 Ariani

597 2796 866 2865 negabant
891 2802 997 2847 tam
1028 2790 1222 2844 Filium
1254 2803 1417 2859 quant
1444 2784 1708 2857 Spiritum
1732 2795 1981 2838 sanctum
2011 2782 2190 2837 Patris

596 2903 717 2944 esse
736 2882 1248 2945 consubstantiales,
1274 2888 1328 2934 et
1354 2879 1475 2933 ideo
1500 2892 1597 2948 per
1622 2876 1787 2931 totius
1810 2874 2191 2947 disputationis

599 2987 806 3035 textum
837 2981 1160 3046 praesentem
1187 2978 1296 3024 tam
1344 2967 1465 3022 Filii
1518 2982 1681 3036 quam
1728 2965 1902 3046 sancti
1947 2962 2191 3034 Spiritus

597 3040 1107 3125 corisubsmntialent
1165 3063 1419 3117 deitatem
1473 3059 1624 3115 Patri
1678 3040 1956 3113 contendit
2002 3070 2193 3125 appro—

2289 1872 2421 1929 Item
2465 1875 2517 1928 in
2548 1874 2737 1931 eodem
2770 1876 2910 1931 libro
2939 1895 2953 1931 :
2986 1897 3004 1928 ι
3037 1877 3198 1935 Pater
3238 1879 3295 1937 in
3339 1878 3497 1945 Filio,
3528 1889 3581 1935 et
3604 1879 3753 1937 Filius
3789 1881 3829 1935 in

2288 1967 2493 2039 Patre;
2550 1968 2786 2040 Spiritus
2818 1979 3001 2027 autem
3059 1980 3281 2037 sanctus
3342 1969 3642 2040 conjunctio
3675 1973 3834 2029 divinat

2288 2061 2528 2127 virtutis,
2556 2071 2611 2119 et
2649 2064 2829 2120 unitas
2862 2062 3162 2121 Trinitatis.
3197 2084 3215 2118 ι
3248 2049 3386 2129 Ηώς
3433 2066 3615 2125 dicens
3643 2066 3834 2123 ostendit

2293 2153 2558 2227 Spiritum
2586 2165 2832 2212 sanctum
2871 2158 3193 2233 cbaritatem
3240 2172 3365 2221 esse
3398 2158 3575 2219 Patris
3622 2168 3674 2215 et
3717 2158 3832 2225 Filii,

2291 2262 2468 2318 neque
2495 2248 2640 2304 enim
2666 2248 2810 2305 aliud
2840 2259 2925 2306 est
2944 2266 3052 2321 quo
3089 2251 3369 2321 potentius
3399 2260 3455 2307 et
3480 2250 3833 2308 convenientiae

2290 2342 2473 2397 unitas
2513 2350 2713 2398 sancta:
2740 2342 3021 2399 Trinitatis
3049 2342 3388 2414 perﬁciatur.
3432 2345 3553 2403 Non
3591 2356 3750 2401 tamen
3770 2345 3834 2400 sic

2291 2431 2669 2503 accipiendum
2701 2432 2790 2488 hic
2817 2432 3158 2498 cbaritatem,
3196 2448 3320 2504 qua
3348 2441 3439 2495 est
3480 2433 3700 2506 Spiritus
3731 2448 3832 2488 san-

2292 2533 2434 2589 ctus,
2470 2533 2531 2578 ut
2553 2525 2625 2579 sit
2648 2525 2908 2595 qualitas,
2930 2534 2987 2580 et
3013 2541 3120 2582 non
3159 2526 3494 2593 substantia,
3520 2542 3637 2583 cum
3662 2541 3750 2581 una
3776 2525 3835 2580 sit

2291 2629 2523 2689 persona
2571 2624 2776 2688 sancta:
2829 2617 3134 2679 Trinitatis.
3184 2615 3637 2687 ilo-iunctionem
3689 2625 3832 2671 autem

2293 2707 2528 2779 appellat
2570 2706 2834 2778 Spiritum
2874 2714 3143 2783 sanctum,
3174 2705 3259 2769 uel
3302 2707 3570 2771 unitatem
3616 2706 3834 2763 Patr-iret

2294 2799 2437 2863 Filii,
2471 2799 2727 2871 quoniam
2760 2800 2828 2855 de
2856 2799 3416 2871 utroqueprocedeus
3438 2809 3709 2871 utrumque
3730 2813 3834 2855 eon-

2288 2890 2487 2961 jungtt,
2520 2906 2748 2947 manens
2772 2891 2887 2962 ipse
2927 2908 3036 2949 non
3079 2892 3309 2958 divisus,
3336 2907 3447 2951 non
3483 2901 3757 2964 separatus.
3792 2898 3836 2946 et

2294 2981 2801 3049 consubstantialis,
2851 2983 3107 3052 quoniam
3156 2991 3372 3045 sanetae
3418 2984 3682 3058 Trinitatis
3727 2996 3836 3039 unus

2293 3071 2500 3127 existit.

599 3165 731 3219 bare
761 3180 773 3214 :
805 3155 1257 3229 quemadmodum
1308 3155 1428 3209 loco
1459 3154 1732 3224 praesenti,
1762 3152 1939 3207 Verbo
1974 3148 2186 3204 Domini
2216 3131 2262 3195 Ο
2363 3161 2498 3217 nem
2546 3163 2600 3218 in
2644 3164 2827 3220 libello
2874 3164 3026 3223 Fidei
3057 3164 3172 3236 (lib.
3210 3181 3251 3222 tt
3281 3168 3352 3223 de
3394 3169 3522 3238 ﬁdei
3570 3169 3749 3223 unitate
3782 3176 3834 3217 at

600 3253 767 3308 caelos
818 3250 1063 3305 ﬁrmatos
1102 3248 1308 3313 dicens,
1363 3244 1487 3300 Filii
1547 3243 1924 3310 divinitatem;
1984 3240 2190 3311 Spiritu

599 3360 729 3400 vero
757 3343 869 3398 oris
897 3341 1013 3412 ejus
1030 3354 1244 3394 omnem
1270 3337 1524 3393 virtutem
1561 3350 1776 3401 eorum,
1808 3332 2045 3405 Spiritus
2073 3349 2193 3388 san—

599 3440 673 3495 cti
700 3422 1321 3494 consubstantialitatem
1345 3429 1629 3502 signiﬁcat.
1666 3428 1741 3484 De
1766 3444 1875 3499 quo
1916 3426 2195 3498 subjungit

598 3535 787 3595 etiam,
832 3530 976 3602 quod
1004 3528 1070 3583 de
1098 3526 1211 3597 ipsa
1240 3526 1386 3580 unita
1416 3522 1719 3578 substantia
1765 3521 2047 3593 processit.
2105 3519 2191 3574 In-

600 3626 822 3682 sinnans
874 3618 1115 3691 profecto
1148 3616 1291 3688 quod
1317 3616 1383 3671 de
1426 3614 1588 3670 Patre
1616 3613 1859 3685 Filioque
1910 3612 2190 3683 procedat,

598 3729 828 3786 quorum
857 3720 942 3766 est
970 3709 1120 3763 unita
1149 3705 1472 3763 substantia.
1494 3692 1641 3760 Hinc
1663 3712 2056 3773 consequenter
2080 3702 2188 3759 ait:

604 3828 621 3861 ι
653 3807 743 3862 Sic
766 3814 944 3861 autem
995 3801 1301 3856 invenimus
1329 3814 1437 3853 non
1468 3813 1537 3852 ex
1564 3797 1667 3852 alia
1717 3808 1909 3851 natura
1938 3811 2100 3866 quam
2126 3795 2193 3850 de

599 3903 736 3972 ipsa.
771 3920 788 3951 ›
830 3886 1162 3953 Subauditur
1186 3907 1307 3949 esse
1336 3890 1597 3962 Spiritum
1633 3900 1901 3945 sanctum.
1927 3886 2191 3958 BlaSphe-

600 3994 825 4051 mabant
852 3988 1037 4045 Ariani
1068 3986 1331 4058 Spiritum
1356 3992 1605 4039 sanctum
1628 3998 1694 4037 ex
1723 3982 1825 4035 alia
1858 3990 2050 4036 natura
2077 3980 2195 4036 fore

600 4103 763 4159 quam
790 4086 860 4140 sit
891 4083 1093 4138 Pater:
1120 4095 1244 4134 nam
1272 4077 1677 4134 contendebant
1719 4091 1842 4130 eum
1877 4090 1998 4131 esse
2039 4092 2194 4131 crea-

602 4189 797 4234 turam.
828 4174 975 4242 Quos
996 4166 1289 4242 explodens
1315 4171 1507 4224 beatus
1524 4168 1874 4233 Athanasius,
1912 4166 2042 4222 dicit
2072 4182 2193 4245 eum

601 4287 707 4327 non
758 4286 825 4325 ex
876 4267 980 4322 alia
1026 4274 1215 4319 natura
1259 4276 1380 4318 esse
1426 4276 1591 4332 quam
1622 4259 1815 4325 Pater,
1850 4260 1999 4315 etde
2042 4260 2194 4335 unita

602 4364 907 4423 substantia
957 4342 1145 4416 Patris
1180 4356 1414 4427 Filiique
1454 4353 1809 4426 processisse.
1862 4353 1939 4409 Ac
1967 4367 2065 4423 per
2091 4353 2194 4409 hoc

604 4444 833 4516 testatur
861 4455 1069 4509 unitam
1093 4442 1226 4506 esse~
1251 4450 1428 4509 Patris
1454 4458 1511 4523 et
1558 4447 1677 4502 Filii
1711 4457 1766 4502 et
1800 4445 2034 4516 Spiritus
2068 4462 2192 4503 san-

534 4576 547 4590 ~
602 4554 675 4608 cti
707 4547 1091 4610 substantiam,
1116 4558 1279 4614 quam
1300 4541 1474 4597 Graeci
1502 4541 1689 4596 dicunt
1709 4543 1883 4613 οὐσίᾳν
1903 4547 1958 4595 et
1986 4540 2192 4595 unitam

602 4643 956 4713 ejusdemque
979 4650 1103 4692 esse
1131 4633 1415 4689 Trinitatis
1444 4630 1837 4703 Operatiouem.
2188 4692 2189 4701 χ

678 4745 701 4772 ι
727 4732 781 4787 1η
812 4730 950 4784 libro
971 4736 1165 4781 octavo
1191 4742 1204 4778 :
1244 4742 1263 4775 ‹
1295 4722 1579 4791 Quomodo
1598 4736 1728 4794 ergo
1752 4722 1858 4776 duo
1902 4721 2042 4791 ligna
2067 4737 2197 4778 con-

600 4826 788 4898 juncta
811 4808 1057 4878 missa-in
1084 4816 1359 4873 fornacem
1410 4815 1572 4887 ignis,
1611 4825 1666 4870 et
1712 4816 1777 4870 de
1803 4816 2011 4871 duobus
2034 4816 2196 4887 lignis

605 4915 849 4988 procedit
874 4911 1089 4968 ﬂamma
1138 4908 1537 4980 inseparabilis,
1574 4908 1651 4964 sic
1678 4908 1745 4963 de
1784 4909 1946 4965 Patre
1974 4919 2028 4964 et
2076 4909 2200 4965 Filii

607 5010 808 5063 virtute
855 5003 1100 5076 procedit
1129 5000 1364 5074 Spiritus
1418 5011 1658 5075 sanctus,
1713 5002 1883 5073 ipsam
1937 5004 2192 5060 virtutem

608 5100 828 5155 deitatis
883 5096 1107 5152 habens.
1138 5115 1157 5148 ι
1214 5092 1381 5150 Nemo
1440 5102 1591 5164 putet
1646 5095 1814 5150 Deum
1850 5094 2084 5167 Patrem
2138 5104 2195 5151 et

609 5186 777 5247 Deum
801 5170 999 5265 Filium
1025 5195 1280 5256 tanquam
1328 5186 1435 5241 duo
1462 5184 1604 5256 ligna
1656 5186 1814 5242 unius
1839 5184 2066 5241 ﬂamma:
2096 5202 2193 5241 vo-

610 5278 776 5334 luisse
800 5276 981 5331 dicere
1009 5274 1231 5329 beatum
1259 5272 1614 5330 Athanasium
1656 5275 1927 5348 subjectos
1968 5274 2196 5348 Spiritui,

608 5462 613 5469 ,
681 5424 709 5453 ι
734 5408 961 5467 Intibro
984 5416 1188 5467 octavo.
1244 5404 1302 5461 Si
1342 5405 1484 5462 edita
1509 5406 1782 5472 consulas,
1840 5407 1958 5463 haec
1999 5422 2104 5463 non
2137 5408 2194 5463 in

608 5482 749 5551 libro
776 5488 983 5551 octavo.
1002 5483 1273 5551 tractatus
1300 5481 1366 5547 de
1414 5477 1649 5551 propriis
1674 5477 1951 5551 Personis,
1998 5479 2092 5534 sed
2136 5479 2195 5551 in

522 5615 526 5619 η
608 5544 913 5610 δθὸίῐηοὶιε
943 5544 1066 5603 ﬁdei
1098 5544 1316 5602 Unitate
1337 5544 1595 5617 reperies.
1624 5549 1704 5602 An
1729 5547 1893 5619 igitur
1910 5550 2192 5606 Athanasii

611 5625 841 5681 locuma
858 5619 1156 5689 Ratraluno
1182 5619 1322 5674 male
1348 5620 1641 5674 indicatum
1671 5619 1962 5674 dicemus?
1988 5619 2195 5689 Nequa-

610 5707 956 5767 quam;_nam
989 5698 1043 5745 ct
1066 5688 1634 5767 @neas,Parisiensis
1654 5688 2098 5767 episcopus,_cap.
2128 5691 2194 5767 l5_

610 5760 740 5822 libri
769 5764 1029 5833 adversus
1057 5763 1274 5817 Graecos
1308 5760 1467 5825 infra,
1506 5777 1532 5813 c
1564 5760 1704 5814 libro
1735 5769 1925 5816 octavo
1952 5762 2017 5816 de
2070 5763 2193 5819 litlei

2298 3253 2663 3327 Theophilum)
2706 3256 2786 3312 sic
2835 3258 2957 3312 ait:
3006 3276 3026 3310 ι
3059 3257 3221 3314 Pater
3259 3273 3428 3315 verus
3475 3259 3647 3330 genuit
3678 3255 3832 3312 Filium

2293 3360 2506 3415 verum,
2538 3347 2706 3402 Deum
2738 3349 2812 3403 de
2857 3348 2987 3414 Deo,
3040 3349 3219 3407 lumen
3246 3350 3329 3406 de
3356 3350 3580 3416 lumine,
3605 3350 3750 3404 vitam
3783 3358 3833 3400 et

2296 3436 2429 3502 vita,
2459 3436 2759 3507 perfectum
2790 3437 2859 3493 de
2890 3438 3156 3509 perfecto,
3180 3448 3359 3497 totum
3388 3458 3424 3496 a
3454 3450 3582 3513 toto,
3608 3440 3834 3512 plenum:

2294 3529 2491 3603 pleno;
2528 3546 2637 3585 non
2684 3539 2953 3598 creatum,
2979 3532 3077 3588 sed
3121 3532 3395 3605 genium,
3434 3550 3538 3591 non
3578 3549 3640 3589 ex
3682 3530 3831 3594 nihilo,

2295 3623 2392 3685 sed
2416 3638 2447 3678 a
2479 3622 2659 3691 Patre,
2688 3626 2848 3680 unius
2877 3627 3197 3684 substantiae
3226 3644 3357 3686 cum
3396 3630 3555 3687 Patre
3582 3637 3675 3684 :‘et
3698 3626 3833 3697 Spiri-

2298 3726 2412 3772 tum
2442 3728 2689 3774 sanctum
2734 3736 2921 3776 verum
2964 3721 3151 3787 Deum,
3196 3738 3304 3778 non
3353 3702 3658 3796 ingenitum,
3698 3731 3836 3789 neque

2297 3810 2565 3880 genitum,
2610 3827 2715 3867 non
2764 3820 3029 3877 creatum,
3079 3828 3179 3869 nec
3227 3814 3588 3881 factumﬁsed
3624 3813 3835 3869 Patriset

2298 3902 2441 3967 Filii,
2474 3918 2689 3973 semper
2719 3905 2771 3959 in
2808 3904 2971 3960 Patre
3017 3913 3074 3961 et
3123 3905 3281 3961 Filio.
3319 3925 3341 3959 ι
3388 3907 3455 3963 Et
3488 3908 3575 3963 hic
3621 3905 3835 3975 Spiritum

2298 4002 2546 4047 sanctum
2577 4008 2677 4049 nec
2715 3996 2957 4066 genitum
2983 3996 3115 4052 dicit
3142 4010 3281 4064 esse,
3325 4013 3427 4055 nec
3468 3998 3755 4071 ingenitum,
3785 4004 3835 4046 e0

2297 4084 2440 4153 quod
2472 4083 2643 4140 Filius
2685 4086 2757 4140 sit
2784 4087 3020 4157 genitus,
3060 4087 3204 4145 sicut
3247 4090 3499 4160 superius
3521 4089 3667 4153 dixit,
3708 4084 3836 4139 Pater

2300 4186 2481 4243 autem
2515 4177 2806 4249 ingenitus,
2838 4195 2940 4236 nec
2967 4189 3150 4239 tamen
3186 4192 3481 4253 propterea
3508 4182 3588 4238 vel
3612 4187 3832 4238 creatum.

2299 4271 2383 4326 vel
2421 4272 2645 4337 factum,
2672 4288 2792 4329 cum
2824 4275 2897 4330 sit
2937 4275 3116 4331 Patris
3140 4284 3197 4331 et
3221 4275 3347 4334 Filii
3382 4276 3628 4349 Spiritus,
3661 4281 3836 4340 semper

2300 4363 2353 4418 in
2382 4363 2546 4420 Patre
2571 4377 2628 4422 et
2668 4365 2807 4424 Filio
2850 4380 3196 4439 permanens.
3239 4368 3440 4426 Dicens
3486 4378 3654 4424 autem
3696 4359 3835 4418 Patris

2301 4457 2531 4529 Filiique
2559 4475 2680 4515 esse
2711 4459 2994 4542 Spiritum,
3044 4477 3152 4517 non
3202 4473 3382 4519 tamen
3423 4473 3673 4524 creatum,
3697 4464 3836 4523 ηοαυθ

2298 4547 2528 4617 factum,
2557 4552 2795 4607 ostendit
2831 4553 2899 4608 ab
2930 4562 3160 4623 utroque
3204 4555 3605 4624 procedentem,
3632 4550 3714 4621 qui
3742 4554 3837 4601 tau-

2303 4656 2463 4710 quam
2487 4642 2966 4698 consubstautialis
2989 4653 3045 4699 et
3067 4653 3372 4701 coaeternus
3394 4646 3447 4700 in
3471 4645 3625 4700 Pure
3646 4642 3837 4696 sitsem-

2300 4750 2399 4805 per
2423 4745 2479 4790 et
2516 4735 2569 4790 in
2594 4734 2748 4801 Filio,
2776 4751 2884 4806 quo
2904 4746 3105 4794 sancta:
3125 4738 3409 4799 Trinitatis
3434 4740 3609 4794 unitas
3635 4749 3726 4791 nec
3742 4729 3835 4785 loco

2304 4843 2404 4883 nec
2430 4836 2669 4898 tempore
2697 4830 3016 4900 separabilis
3040 4840 3238 4887 exstat.
3268 4832 3400 4888 Item
3428 4833 3485 4889 in
3502 4832 3649 4888 libro
3663 4826 3835 4884 decimo

2302 4936 2510 4992 ponens
2548 4922 2914 4980 testimonium
2943 4925 3184 4996 Apostoli
3213 4926 3445 4983 dicentis
3472 4919 3546 4981 z'v
3582 4923 3702 4990 Qui:
3725 4917 3832 4973 enim

2300 5016 2536 5085 cognovit
2557 5028 2767 5070 sentum
2788 5016 3003 5072 Domini
3022 4998 3115 5089 qui
3133 5019 3360 5079 instruat
3382 5018 3542 5073 eum?
3571 5014 3675 5071 Nos
3692 5017 3833 5064 autem

2300 5119 2509 5160 sensum
2533 5105 2729 5162 Christi
2759 5108 3011 5163 [tabem
3043 5108 3093 5180 (I
3123 5108 3245 5164 Cor.
3277 5124 3340 5176 ll,
3367 5109 3475 5181 1'6).
3503 5128 3525 5162 ι
3562 5106 3671 5174 Quo
3689 5098 3833 5173 posito

2301 5193 2619 5267 subiungit:
2668 5214 2690 5248 ‹
2729 5197 2961 5255 Sensum
2998 5207 3178 5255 autem
3219 5198 3347 5256 Iesu
3392 5196 3601 5257 'Gbristi
3646 5194 3694 5249 iu
3730 5185 3832 5242 sub-

2298 5289 2498 5344 stantia
2550 5290 2767 5362 propria
2815 5290 3104 5363 Apostolus
3140 5292 3410 5364 Spiritum
3462 5298 3695 5347 sanctum
3736 5291 3832 5336 esse

2299 5417 2517 5500 gnitate
2562 5423 2747 5500 eadem
2778 5425 3009 5480 attexuit
3053 5425 3248 5500 ﬁsdem
3287 5423 3485 5500 verbis.
3504 5417 3831 5500 Quamobrttl}

2297 5489 2549 5568 librarios
2591 5494 2891 5568 Batraan
2936 5504 2991 5549 et
3031 5494 3202 5552 IEnea
3255 5489 3579 5568 posteriores
3623 5489 3830 5568 ordinent

2297 5560 2557 5618 librorum
2614 5565 2928 5631 Athanasii,
2960 5560 3270 5625 invertisse
3310 5569 3487 5625 dicere
3547 5562 3825 5635 malumtlgj

2298 5640 2459 5709 atque
2507 5635 2630 5709 inde
2681 5620 2798 5690 ﬁeri
2832 5620 2893 5692 ut
2916 5620 3501 5709 iqttze‘ahﬁa'ntiquise
3543 5620 3721 5703 magno
3756 5620 3830 5679 in“

2300 5704 2414 5759 viro
2441 5706 2709 5776 exscripta
2737 5717 2880 5774 sunt,
2915 5704 3019 5765 non
3044 5710 3116 5765 ita
3151 5710 3306 5766 facile
3332 5704 3679 5766 inveniantur.
