4026 6346
180 330 289 393 801

1083 318 1363 383 CONTRA
1403 312 1815 379 GRIECORUM
1853 309 2213 370 OPPOSITA.
2255 340 2325 351 ——
2364 309 2496 366 LIB.
2535 308 2624 365 lll.

3363 303 3471 381 δοῦ

179 398 469 521 protenus
495 444 600 494 est.
631 455 650 489 ο
698 433 1072 492 Substantiam
1119 432 1396 504 propriam
1422 430 1621 489 Christi
1648 429 1775 483 bea-
1803 431 1848 503 ᾼ
1880 423 2125 521 tenderet
2149 422 2400 521 hoc.esse
2424 437 2454 477 a
2580 421 2850 521 accipere,
2896 420 3042 521 quod
3085 429 3167 477 est
3205 420 3371 478 etiam
3399 423 3467 479 de

180 498 276 588 ius
296 529 628 586 Athanasius
655 527 890 599 appellat
915 498 1250 581 divinitatem
1294 525 1432 595 ejus,
1461 521 1613 592 cujus
1650 522 1779 578 suh-
1818 498 1823 503 ³

178 624 399 681 stantia:
428 638 648 678 sensum
693 620 954 693 Spiritum
1010 626 1259 674 sanctum
1294 633 1413 673 esse
1460 615 1779 688 proﬁtetur:

180 732 408 778 sensum
440 722 620 771 autem
668 713 724 768 in
775 713 879 768 hoc
926 710 1046 768 loco
1074 725 1181 767 non
1218 710 1514 767 secundum
1559 707 1781 765 humani

180 807 437 880 corporis
484 805 570 861 vel
625 804 888 871 auditum,
932 802 1017 858 vel
1045 804 1223 858 visum
1274 802 1636 867 sentiendum,
1687 794 1783 857 sed

181 899 489 956 secundum
538 896 682 966 quod
729 894 1062 968 appellamus
1099 909 1318 950 sensum
1354 893 1537 956 animi,
1570 891 1781 948 intelle-

178 994 335 1047 'ctum
366 990 487 1061 ejus
517 987 825 1061 signiﬁcare
861 986 1125 1043 volentes.
1157 987 1299 1042 Dicit
1341 994 1520 1041 autem
1570 984 1782 1040 intelleo

178 1088 335 1136 ctum
376 1079 505 1136 Jesu
528 1077 730 1135 Christi
757 1078 1019 1150 Spiritum
1042 1086 1310 1144 sanctum,
1356 1093 1461 1133 non
1494 1078 1635 1148 quod
1677 1092 1784 1132 non

178 1172 457 1245 intelligat
487 1188 517 1228 a
545 1187 626 1235 se.
658 1180 719 1227 ut
760 1171 1067 1227 intellectus
1099 1170 1217 1242 ejus
1255 1170 1324 1227 sit
1372 1170 1608 1240 Spiritus
1660 1184 1786 1224 san-

178 1273 351 1331 ctus;
397 1274 482 1320 est
520 1264 664 1319 enim
708 1263 971 1334 sapientia
1005 1262 1186 1317 Patris
1229 1282 1241 1316 :
1280 1263 1549 1333 Attingens
1604 1278 1635 1314 a
1679 1254 1784 1330 ﬁne

180 1374 356 1429 usque
390 1358 462 1412 ad
502 1357 659 1428 finem
689 1356 915 1428 fortiter,
947 1367 993 1410 et
1041 1357 1319 1428 disponens
1349 1354 1525 1409 omnia
1554 1354 1786 1407 suaviter

178 1448 341 1521 (Sap.
372 1466 493 1516 vm,
525 1450 611 1521 1);
651 1449 743 1504 sed
795 1449 916 1505 ideo
950 1449 1067 1503 vult
1113 1448 1317 1505 Christi
1351 1463 1570 1503 sensum
1612 1446 1783 1517 accipi

174 1536 453 1612 Spiritum
498 1552 770 1608 sanctum,
802 1551 871 1596 ut-
906 1558 1006 1596 nos
1048 1541 1281 1596 instruat
1312 1540 1376 1596 de
1407 1538 1610 1595 Christi
1659 1538 1786 1593 sub-

177 1634 384 1689 stantia
417 1633 684 1705 Spiritum
714 1649 834 1689 esse
871 1640 1116 1688 sanctum
1163 1652 1176 1686 ;
1232 1632 1369 1686 sicut
1403 1632 1548 1686 enim
1590 1643 1782 1685 sensus

1880 512 2045 570 Patre
2068 512 2382 584 sumpsisse,
2440 512 2518 566 ait
2563 530 2575 565 :
2620 509 2748 565 Ideo
2786 510 2921 576 dixi,
2960 510 3037 566 De
3063 527 3179 566 meo
3225 513 3468 583 accipiet,

1881 606 2005 678 quia
2029 603 2203 660 omnia
2244 620 2361 675 qua:
2395 603 2548 657 habet
2582 602 2767 668 Pater,
2804 619 2918 657 mea
2959 613 3080 658 sunt
3126 601 3314 675 (Ibid.,
3350 602 3464 675 15).

1881 696 2049 753 Vides
2100 709 2232 767 ergo
2279 692 2543 764 Spiritum
2610 703 2854 749 sanctum
2892 709 2945 748 ea
3008 693 3168 749 Patre
3232 704 3287 749 et
3326 692 3468 753 Filio

1884 805 1990 845 non
2016 803 2137 845 esse
2172 786 2489 852 discretum,
2517 784 2643 840 dum
2683 801 2742 840 ea
2782 783 3019 855 loquitur
3045 801 3165 855 quae
3205 783 3381 841 Patris
3412 794 3469 842 ct

1876 881 2004 937 Filii
2031 878 2251 953 propria
2278 891 2398 933 esse
2428 886 2741 933 noscuntur.
2774 897 2791 928 ι
2827 877 2969 933 Luce
3002 878 3203 933 clarius
3232 879 3470 936 ostendit

1880 966 2147 1040 Spiritum
2180 976 2426 1023 sanctum
2475 966 2541 1021 dc
2588 964 2750 1023 Patre
2797 966 3040 1038 Filioque
3094 970 3384 1038 procedere
3414 978 3471 1026 et

1886 1060 2149 1116 ambobus
2197 1074 2318 1115 esse
2367 1059 2905 1116 consubstantialem.
2946 1058 3036 1114 Ait
3079 1062 3223 1115 enim
3267 1077 3390 1117 eum
3436 1054 3468 1119 a

1882 1150 2064 1207 Patris
2088 1160 2144 1206 et
2163 1149 2288 1206 Filii
2319 1151 2620 1207 substantia
2643 1165 2748 1206 non
2777 1164 2897 1206 esse
2928 1150 3183 1218 alienum,
3211 1154 3467 1223 quoniam

1882 1258 1991 1299 non
2016 1243 2088 1298 sit
2120 1258 2149 1297 a
2190 1242 2504 1313 semetipso,
2528 1242 2622 1297 sed
2656 1242 2723 1296 ab
2759 1242 2839 1297 eis
2878 1257 2907 1297 a
2949 1242 3144 1312 quibus
3180 1245 3465 1315 procedit:

1886 1342 1940 1388 et
1963 1335 2215 1406 quoniam
2249 1334 2318 1389 sit
2356 1333 2596 1404 ejusdem
2633 1340 2844 1388 natura:
2871 1334 3289 1406 substantiaque
3316 1334 3469 1404 cujus

1885 1436 1970 1483 est
1996 1427 2158 1482 Pater
2192 1434 2247 1481 et
2275 1425 2467 1491 Filius,
2506 1441 2611 1481 non
2641 1426 2880 1497 loquitur
2922 1429 3163 1498 propria,
3209 1430 3301 1484 sed
3350 1443 3473 1500 qua:

1883 1518 2065 1574 Patris
2088 1528 2145 1574 et
2166 1517 2286 1572 Filii
2310 1527 2436 1573 sunt
2456 1519 2785 1573 communia.
2804 1516 2919 1573 Non
2938 1519 3081 1574 enim
3106 1528 3189 1576 est
3215 1535 3244 1574 a
3269 1521 3470 1591 seipso,

1886 1618 1940 1666 et
1966 1610 2168 1666 idcirco
2194 1625 2313 1681 qua:
2333 1608 2593 1682 loquitur,
2622 1626 2808 1666 eorum
2837 1626 2958 1667 esse
2988 1622 3200 1669 constat
3219 1629 3245 1665 a
3275 1614 3472 1684 quibus

174 1727 351 1782 animi
393 1743 500 1783 non
554 1734 732 1797 potest
775 1726 843 1780 ab
894 1725 1075 1779 animo
1129 1724 1395 1795 separari,
1437 1738 1536 1778 nec
1568 1721 1784 1776 aliunde

1890 1702 2117 1772 accepit,
2147 1710 2209 1756 ut
2240 1710 2295 1757 et
2327 1701 2509 1781 sit,.et
2540 1711 2683 1774 agat,
2715 1711 2770 1757 et
2798 1702 3065 1774 loquatur.
3092 1703 3247 1759 Sicut
3272 1719 3372 1760 nec
3399 1707 3468 1761 de

176 1835 348 1891 quam
387 1819 456 1874 ab
487 1817 668 1873 animo
698 1817 962 1880 nascitur,
996 1816 1067 1870 ita
1098 1813 1336 1885 Spiritus
1383 1815 1603 1868 sanctus
1658 1826 1782 1867 cum

1890 1794 2122 1864 propriis
2146 1793 2407 1864 loquitur,
2430 1796 2524 1850 sed
2553 1811 2582 1848 a
2617 1794 2778 1850 Patre
2807 1797 2948 1865 quod
2976 1796 3215 1867 loquitur
3240 1800 3469 1869 accepit.

175 1911 402 1966 dicatur
464 1908 762 1979 secundum
828 1905 1143 1977 Apostolum
1218 1907 1410 1959 sensus
1475 1918 1596 1958 esse
1655 1900 1782 1957 Jesu

1890 1884 2073 1940 Omnis
2109 1887 2199 1958 qui
2246 1886 2479 1957 loquitur
2508 1887 2837 1941 mendacium
2886 1888 2949 1941 de
2989 1890 3213 1959 propriis
3242 1892 3474 1963 loquitur

174 2001 413 2067 Christi,
442 2016 549 2056 non
581 2016 611 2054 a
651 1998 958 2054 substantia
995 1996 1297 2052 divinitatis
1325 1995 1527 2052 Christi
1558 2010 1781 2066 separa-

178 2102 292 2157 tur,
328 2108 430 2148 nec
474 2092 694 2146 aliunde
746 2106 911 2162 quam
969 2105 1033 2145 ex
1079 2104 1141 2144 ea
1189 2089 1466 2160 procedit;
1511 2098 1595 2143 est
1638 2088 1785 2144 enim

177 2185 667 2244 consubstantialis
706 2184 850 2252 Filii,
887 2185 1292 2257 processionem
1354 2183 1560 2239 habens
1620 2183 1787 2253 ipsius

180 2279 245 2335 de
286 2278 475 2335 divina
508 2277 829 2333 substantia.
896 2256 903 2257 ί
1762 2256 1765 2267 ’

178 2362 187 2367 ’
248 2369 327 2425 Et
354 2360 623 2439 posterius
659 2388 672 2421 :
712 2387 731 2421 ι
759 2368 1056 2423 Audientes
1084 2382 1214 2437 ergo
1238 2375 1292 2421 et
1331 2365 1668 2421 Salvatorem
1705 2366 1786 2421 di-

180 2473 402 2520 centem
433 2481 447 2517 :
476 2460 593 2533 Ego
618 2479 734 2517 sum
768 2462 874 2516 vita
916 2460 1100 2532 (Joan.
1150 2475 1262 2525 xn',
1309 2458 1396 2531 ii);
1452 2468 1507 2514 et
1555 2458 1784 2513 Paulum

179 2556 519 2612 scribentem
553 2572 565 2607 :
594 2552 703 2608 Lex
741 2554 881 2608 enim
910 2549 1139 2623 Spiritus
1178 2552 1296 2606 vitta
1326 2549 1497 2623 (Rom.
1534 2566 1652 2615 vni,
1684 2549 1739 2621 2)
1765 2566 1780 2615 ;

179 2658 236 2705 et
268 2663 493 2705 mnsam
526 2665 541 2701 :
570 2646 720 2702 Misit
758 2645 908 2703 Deus
938 2643 1196 2714 Spiritum
1234 2642 1367 2699 Filii
1403 2643 1486 2698 sui
1536 2642 1588 2697 in
1625 2641 1786 2697 corda

182 2751 374 2796 nostra
421 2737 569 2810 (Gal.
601 2752 677 2803 tv,
707 2736 795 2808 6);
839 2735 1084 2790 videntes
1138 2733 1302 2790 etiam
1346 2732 1693 2802 Unigenitum
1727 2731 1785 2785 in

184 2832 394 2889 faciem
444 2829 814 2902 apostolorum
845 2826 1222 2898 inspirantem,
1264 2834 1321 2881 et
1345 2824 1610 2887 dicentem
1642 2841 1655 2876 :
1688 2822 1787 2878 Ac-

183 2926 349 2996 cipite
379 2923 638 2994 Spiritum
677 2930 917 2977 sanctum
948 2918 1132 2991 (Joan.
1183 2934 1277 2982 xx,
1308 2917 1432 2987 22);
1474 2915 1784 2984 inspiratio-

184 3034 319 3076 nem
359 3017 484 3073 Filii
536 3017 589 3072 in
626 3016 844 3088 propria
890 3014 1000 3069 vita
1044 3020 1101 3068 et
1138 3011 1438 3067 substantia
1492 3009 1784 3075 manentis,

176 3104 458 3182 Spiritum
493 3122 612 3164 esse
651 3108 929 3163 docemur.
977 3105 1046 3160 Et
1095 3118 1271 3174 neque
1317 3102 1580 3173 genitum,
1610 3112 1787 3172 neque

186 3212 440 3258 creatum
486 3214 609 3257 esse
643 3214 675 3255 a
716 3197 854 3254 Filio
883 3197 1179 3270 sapiamus.
1208 3213 1229 3247 ι
1281 3193 1487 3263 Quibus
1533 3192 1785 3249 omnibus

184 3292 521 3350 instruimur
557 3291 819 3362 Spiritum
846 3296 1092 3345 sanctum
1123 3287 1190 3342 de
1226 3284 1364 3341 Filio
1387 3284 1704 3355 procedere,
1729 3289 1786 3338 et

191 3387 252 3441 in
282 3384 504 3456 propria
535 3384 648 3439 vita
680 3381 1091 3452 substantiaque
1136 3394 1374 3434 manere.
1415 3377 1481 3432 Et
1535 3376 1662 3432 licet
1708 3376 1787 3431 in-

188 3479 439 3550 spiretur
482 3492 512 3531 a
558 3468 716 3542 Filio,
753 3474 898 3546 quod
934 3482 1017 3529 est
1047 3487 1172 3528 eum
1204 3471 1270 3527 de
1300 3469 1440 3525 Filio
1467 3468 1784 3540 procedere,

193 3583 304 3624 non
334 3580 461 3623 esse
490 3573 669 3621 tamen
708 3579 887 3635 neque
935 3571 1200 3628 creatum,
1234 3575 1409 3632 neque
1443 3560 1684 3632 genitura
1717 3559 1787 3615 ab

186 3657 308 3714 illo.
354 3655 476 3711 Non
533 3664 618 3711 est
652 3655 797 3711 enim
842 3667 1018 3723 neque
1062 3650 1254 3716 Filius,
1312 3663 1488 3720 neque
1534 3656 1785 3704 creatura

192 3750 437 3822 Spiritus
468 3757 711 3805 sanctus.
743 3747 953 3816 Quibus
978 3746 1259 3802 evidenter
1282 3744 1503 3800 instruit
1546 3742 1787 3813 ejusdem

184 3844 467 3917 Spiritum
499 3850 749 3916 sanctum
779 3857 901 3897 esse
943 3840 1259 3895 substantiae
1298 3837 1450 3908 cujus
1477 3845 1561 3892 est
1606 3845 1661 3891 et
1698 3835 1789 3892 Fir-

190 3937 326 4005 lius,
349 3945 541 4009 utpote
571 3936 868 4008 procedens
905 3935 974 3989 ab
1003 3931 1123 4000 illo;
1157 3946 1256 3987 nec
1284 3930 1375 4001 qui
1420 3930 1492 3985 sit
1539 3944 1680 3985 unus
1723 3929 1791 3984 de

195 4032 493 4095 creaturis,
524 4030 619 4086 sed
655 4036 1027 4085 creaturarum
1054 4023 1447 4081 sanctiﬁcator.
1479 4021 1635 4080 Unde
1666 4036 1790 4078 cum

195 4125 333 4181 dicit
357 4139 482 4179 eum
522 4123 819 4179 secundum
856 4118 1172 4190 Apostolum
1202 4116 1461 4188 Spiritum
1490 4114 1637 4181 Filii,
1682 4130 1789 4171 non

186 4215 317 4271 vult
342 4230 469 4271 eum
501 4213 727 4284 intelligi
765 4210 1089 4281 subjectum,
1132 4211 1256 4282 quia
1285 4226 1393 4265 non
1432 4218 1515 4265 est
1534 4217 1787 4273 creatus;

194 4312 296 4364 sed
317 4305 436 4362 vult
459 4316 520 4361 ut
548 4306 884 4377 intelligatur
908 4305 1226 4374 procedens,
1276 4319 1382 4357 non
1430 4310 1614 4358 tamen
1643 4301 1793 4373 geni-

197 4407 312 4465 tus,
339 4398 466 4470 quia
492 4413 599 4454 non
623 4407 708 4453 est
726 4396 916 4452 Filius.
942 4394 1167 4467 Accepit
1193 4402 1373 4450 tamen
1396 4395 1461 4449 de
1488 4394 1792 4450 substantia

182 4489 325 4547 Filii
360 4490 638 4562 propriam
670 4487 1038 4554 existentiam,
1066 4488 1321 4558 quoniam
1349 4495 1433 4543 est
1449 4494 1557 4542 una
1588 4495 1792 4543 sanctae
1820 4516 1875 4578 Β

186 4580 498 4638 Trinitatis
530 4594 786 4653 persona.

272 4670 415 4730 Item
438 4672 497 4728 in
514 4671 657 4728 libro
683 4669 1077 4742 Disputationis
1099 4668 1362 4725 adversus
1386 4669 1578 4724 Arium
1606 4686 1619 4723 :
1654 4686 1674 4720 ι
1695 4668 1800 4740 Ap-

199 4770 365 4839 paret
399 4762 662 4835 Spiritum
708 4770 956 4819 sanctum
990 4777 1022 4817 a
1047 4760 1228 4818 Patris
1256 4769 1311 4817 et
1336 4759 1461 4816 Filii
1495 4761 1797 4817 substantia

203 4873 317 4915 non
343 4870 470 4912 esse
496 4854 755 4921 alienum,
780 4853 909 4909 dum
947 4869 1052 4909 non
1089 4868 1120 4908 a
1150 4855 1330 4924 seipso
1371 4860 1627 4923 tanquam
1670 4850 1801 4907 alie-

204 4962 313 5006 nus
342 4955 404 5004 et
445 4956 760 5012 extraneus,
791 4946 886 5001 sed
922 4954 1109 5018 utpote
1143 4944 1303 4999 unius
1328 4934 1680 5015 ejusdemque
1708 4956 1802 4997 na-

188 5048 348 5096 ”turm
368 5038 578 5105 socius,
602 5052 725 5108 quae
747 5034 927 5092 Patris
954 5044 1011 5091 et
1035 5032 1157 5090 Filii
1188 5035 1498 5090 communia
1526 5043 1656 5090 sunt
1692 5032 1805 5107 agit

205 5139 267 5186 et
293 5127 569 5200 loquitur;
599 5141 724 5182 nam
752 5127 799 5182 si
827 5125 896 5182 de
921 5125 1156 5197 propriis
1193 5124 1525 5194 loqueretur,
1570 5139 1680 5181 non
1713 5130 1803 5179 so:

208 5221 325 5277 lum
352 5235 385 5274 a
416 5218 580 5275 Patre
608 5218 840 5284 alienus,
866 5218 959 5274 sed
990 5226 1045 5272 et
1074 5215 1238 5271 fallax
1259 5225 1315 5272 et
1338 5218 1593 5288 deceptor
1616 5213 1806 5288 procul

208 5310 725 5368 dubiohaberetur.
756 5309 1046 5378 Quoniam,
1072 5317 1131 5364 ut
1152 5308 1229 5363 ait
1253 5307 1428 5363 Filius
1459 5325 1473 5361 :
1504 5306 1691 5363 Omnis
1715 5307 1806 5377 qui

196 5402 456 5476 loquitur
480 5402 835 5468 mendacium,
862 5401 928 5456 de
953 5400 1179 5473 propriis
1209 5399 1441 5471 loquitur
1464 5398 1646 5468 (Joan.
1682 5411 1804 5465 mi,

198 5494 337 5567 '4‘),
368 5501 429 5549 et
474 5492 927 5549 ideohic-verum
957 5491 1214 5562 loquitur,
1255 5490 1382 5561 quia
1432 5502 1536 5543 non
1578 5488 1645 5543 de
1684 5482 1808 5557 pro-

212 5584 574 5658 prio,‘id-'est,
603 5598 714 5640 non
737 5600 767 5639 a
796 5584 1109 5654 semetipso,
1135 5582 1229 5639 sed
1258 5582 1430 5637 Patris
1460 5589 1515 5636 et
1534 5578 1656 5634 Filii
1674 5586 1808 5649 qua:

1886 1976 2066 2049 (Joan.
2093 1992 2212 2041 vni,
2242 1975 2370 2049 44);
2409 1986 2464 2032 et
2497 1977 2701 2033 idcirco
2725 1978 2914 2033 beatus
2940 1978 3270 2034 Athanasius
3298 1979 3473 2052 Spiri-

1882 2078 2001 2124 tum
2031 2078 2278 2125 sanctum
2320 2070 2454 2126 dicit
2492 2086 2677 2125 verum
2706 2070 2875 2142 loqui,
2910 2072 3034 2142 quia
3082 2087 3187 2127 non
3234 2073 3473 2144 loquitur

1864 2160 1953 2219 .de
1979 2163 2216 2231 proprio,
2250 2178 2355 2218 non
2386 2163 2531 2218 enim
2569 2172 2653 2219 est
2684 2179 2713 2218 a
2735 2165 2945 2235 seipso,
2988 2164 3081 2219 scd
3125 2181 3187 2221 ea
3235 2167 3473 2238 loquitur

1887 2269 2007 2327 qua:
2033 2263 2158 2309 sunt
2187 2253 2371 2310 Patris
2391 2265 2446 2310 et
2474 2255 2632 2321 Filii;
2654 2256 2907 2326 quoniam
2939 2256 3078 2312 sicut
3114 2246 3469 2314 consubstan—

1887 2346 2032 2401 tialis
2058 2354 2148 2428 est
2168 2344 2295 2410 illis,
2322 2347 2396 2401 ita
2421 2347 2664 2418 percepit
2694 2347 2762 2401 ab
2790 2347 2897 2403 illis
2919 2364 3039 2418 quae
3072 2347 3329 2419 loquitur,
3362 2365 3469 2404 non

1880 2438 2037 2508 prius
2080 2437 2382 2501 existendo,
2432 2447 2487 2493 et
2538 2446 2724 2509 postea
2776 2440 3109 2508 accipiendo,
3143 2441 3235 2495 scd
3282 2456 3472 2511 proce-

1882 2530 2062 2587 dendo
2100 2531 2391 2601 accipiens.
2444 2531 2508 2585 Et
2542 2531 2751 2586 inducit
2792 2530 2990 2585 Filium
3037 2530 3303 2585 dicentem
3336 2550 3348 2585 :
3394 2531 3471 2587 De

1888 2641 2021 2690 meo,
2055 2624 2248 2695 inquit,
2278 2612 2497 2697 accipiei
2530 2634 2577 2678 et
2617 2624 2945 2677 annuntinbit
2982 2624 3118 2678 vobis
3155 2624 3468 2695 (Joan.xv_t,

1889 2719 2001 2790 M).
2018 2719 2191 2774 Etcur
2206 2720 2307 2774 hoc
2318 2719 2537 2785 dixerit,
2552 2721 2905 2790 exponitcum
2921 2719 3192 2790 subjungit
3211 2738 3222 2773 :
3242 2720 3352 2775 Hoc
3365 2733 3468 2787 est,

1887 2812 2164 2882 inquiens,
2192 2813 2425 2869 de‘Filio
2446 2813 2716 2884 accipere,
2749 2813 2890 2883 quod
2923 2824 3004 2869 cst
3025 2814 3188 2869 etiam
3218 2817 3281 2869 dc
3307 2815 3499 2879 Patre,

1890 2906 2188 2975 sumpsisse
2214 2924 2226 2960 :
2257 2892 2512 2976 quoniam
2538 2905 2697 2961 Pater
2723 2916 2778 2961 et
2808 2906 2976 2961 Filius
3000 2907 3137 2962 sicut
3171 2908 3473 2964 substantia
3556 2918 3559 2919 '

1891 3010 1997 3050 non
2026 3004 2368 3064 separantur,
2422 2996 2495 3048 ita
2536 2995 2586 3049 in
2627 2994 2975 3066 processione
3018 2996 3188 3050 sancti
3237 2995 3471 3067 Spiritus

1891 3087 2037 3141 nullo
2066 3087 2227 3142 modo
2258 3086 2590 3142 dividuntur.
2624 3085 2831 3140 idcirco
2869 3084 3141 3156 subjungit
3176 3085 3370 3140 Filium
3400 3087 3477 3141 di-

1888 3177 2034 3237 xisse
2064 3196 2077 3230 :
2110 3176 2419 3247 Propterea,
2447 3176 2639 3246 inquit,
2665 3175 2779 3230 dixi
2805 3191 2823 3230 :
2846 3174 2921 3229 De
2943 3192 3054 3229 meo
3084 3175 3319 3245 accipiet,
3349 3177 3471 3247 quiq

1888 3270 2065 3323 omnia
2118 3284 2235 3339 quae
2305 3267 2456 3322 habet
2512 3266 2697 3332 Pater,
2750 3283 2865 3321 mea
2913 3277 3033 3320 sunt
3094 3265 3112 3337 (
3140 3265 3302 3331 lbid.,
3352 3266 3475 3336 15).

1888 3359 2192 3415 Ostendcns
2219 3358 2477 3429 Spiritum
2508 3367 2756 3413 sanctum
2784 3373 2905 3412 cum
2931 3372 3094 3426 proce
3117 3357 3175 3411 iit
3204 3354 3245 3411 7a
3284 3356 3467 3421 Patre,

1889 3450 2148 3520 procedat
2171 3458 2227 3505 et
2246 3466 2276 3504 a
2298 3448 2470 3514 Filio;
2494 3459 2551 3505 et
2575 3464 2696 3504 cum
2726 3448 2970 3519 procedit
2990 3464 3018 3502 a
3042 3446 3203 3513 Filio,
3218 3447 3478 3517 procedat

1890 3546 2059 3601 etiam
2072 3554 2127 3598 et
2139 3560 2168 3598 a
2182 3544 2363 3598 Patre.
2384 3542 2539 3599 Unde
2560 3544 2613 3598 in
2637 3542 2743 3596 line
2754 3541 3083 3597 concludens
3101 3542 3197 3607 ait,
3214 3541 3477 3611 Spiritum

1892 3646 2141 3695 sanctum
2167 3652 2197 3690 a
2226 3634 2391 3691 Patre
2412 3634 2655 3705 Filioque
2678 3648 2787 3687 non
2808 3647 2927 3687 esse
2949 3632 3263 3698 discretum,
3282 3632 3480 3700 quibus

1889 3738 1948 3785 et
1992 3736 2183 3781 natura
2213 3724 2458 3797 jungitur
2486 3733 2545 3780 et
2581 3723 2914 3795 operatione.
2950 3720 3080 3776 Nam
3127 3736 3191 3777 ea
3241 3721 3481 3792 loquitur

1886 3829 1948 3876 et
1980 3818 2056 3873 ait
2090 3833 2212 3888 qum
2230 3816 2407 3873 Patris
2430 3824 2485 3871 et
2518 3814 2636 3870 Filii
2668 3815 2884 3886 propria
2911 3829 3031 3870 esse
3068 3823 3384 3880 noscuntur,
3407 3815 3477 3870 ab

1890 3923 2123 3983 utroque
2145 3912 2464 3982 procedens,
2510 3910 2578 3965 ab
2605 3917 2832 3980 utroque
2880 3908 3184 3979 percipiens
3228 3908 3370 3965 sicut
3398 3923 3486 3967 es.—

1888 4006 2146 4072 sentiam,
2173 4005 2253 4060 sic
2294 4001 2686 4073 operationem,
2733 4001 2997 4056 indivisus
3025 3991 3097 4054 ah
3144 4001 3225 4056 eis
3251 4008 3360 4055 tam
3390 4016 3485 4056 vo-

1894 4099 2102 4153 luntate
2129 4110 2291 4166 quam
2312 4094 2530 4158 virtute,
2555 4100 2743 4162 utpote
2767 4106 2906 4146 unus
2932 4091 3099 4162 ipsius
3135 4091 3488 4163 ejusdemque

1894 4199 2098 4246 sanctae
2127 4187 2411 4243 Trinitatis
2451 4185 2711 4240 existens.
2755 4180 2882 4238 Iliae
2924 4181 3114 4238 beatus
3156 4175 3503 4239 Athanasius

1895 4283 1963 4337 de
1983 4279 2329 4351 processione
2353 4276 2527 4333 sancti
2546 4274 2782 4346 Spiritus
2807 4274 3198 4346 dogmatizans,
3223 4275 3490 4344 approbat.

1894 4389 2020 4430 eum
2071 4372 2368 4445 procedere
2415 4377 2525 4424 tam
2572 4368 2641 4425 de
2664 4364 2843 4449 Patre.
2877 4368 3041 4438 quam
3072 4367 3139 4421 de
3192 4366 3347 4422 Filio.
3384 4366 3485 4422 Cui

1898 4465 2211 4524 Graecorum
2261 4463 2620 4533 imperatores
2652 4459 2698 4516 si
2748 4459 2915 4515 velint
2963 4461 3360 4528 contradicere,
3408 4460 3490 4517 vl-

1900 4558 2064 4613 deant
2089 4555 2142 4611 in
2162 4551 2505 4625 professione
2548 4559 2749 4607 sanctae
2784 4548 3069 4607 Trinitatis
3094 4565 3232 4620 quos
3257 4564 3490 4620 sequan-

1896 4638 1990 4705 tur
2017 4657 2288 4704 auctores.
2312 4645 2446 4701 Nsm
2470 4644 2627 4701 istius
2644 4642 2949 4698 beatissimi
2975 4632 3489 4713 catholicissimiqub

1894 4743 2004 4798 viri
2034 4740 2411 4798 auctoritatem
2461 4737 2640 4791 omnis
2668 4734 2941 4790 catholica
2972 4732 3173 4790 Christi
3210 4722 3492 4805 amplecti-

1894 4844 1991 4890 tur
2019 4832 2281 4897 Ecclesia,
2300 4831 2693 4884 veneratur’et
2704 4823 2962 4880 defendit.

1973 4921 2251 4980 Sutﬁcian‘t
2273 4922 2378 4977 ista
2400 4932 2500 4975 nos
2521 4908 2723 4974 dixisse
2747 4917 2813 4972 de
2830 4914 3042 4987 Spiritu
3063 4924 3276 4981 sancto,
3304 4925 3494 4974 aucto-

1903 5017 2120 5072 ritatem
2167 5010 2433 5083 majorum
2462 5004 2771 5081 sequentes,
2801 5015 3218 5079 sanctarumque
3234 5006 3491 5080 Scriptu-

1905 5123 2089 5163 rarum
2146 5104 2518 5177 magisterium
2552 5101 2844 5164 imitantes,
2898 5114 2999 5157 nos
3046 5101 3261 5170 quidem
3292 5116 3491 5173 appro-

1904 5203 2036 5257 bare
2059 5200 2301 5257 volentes
2338 5193 2484 5269 quod
2502 5198 2658 5253 rDeus
2679 5194 2823 5257 sitcet
2846 5193 3321 5250 consubstantialis
3339 5192 3490 5251 Patri

1898 5294 2152 5364 Filioque
2174 5291 2498 5354 coaeternus,
2518 5295 2581 5344 et
2749 5285 2929 5341 omnia
2970 5282 3167 5340 similis
3210 5284 3490 5355 potentia;

1896 5387 2103 5444 similis
2144 5383 2388 5448 virtutis,
2426 5382 2589 5438 unius
2634 5382 2983 5452 ejusdemque
3016 5377 3335 5449 majestatis.
3358 5365 3497 5437 Μ

1911 5483 2145 5549 namque
2192 5474 2420 5547 quaestio
2481 5479 2792 5530 sanctorum
2848 5472 3213 5542 disputatione
3268 5470 3495 5526 Patron

1902 5571 2168 5626 ventilata
2206 5576 2371 5638 atque
2398 5561 3347 5635 deterniinasa-est,zespugnantium
3364 5556 3496 5631 μὲι

198 5652 491 5749 'loquenda
516 5663 646 5733 sunt
664 5676 905 5748 loquitur
931 5691 947 5731 :
982 5652 1058 5729 De
1076 5682 1219 5741 meo,
1252 5672 1428 5744 inquit
1458 5671 1646 5736 Filius,
1672 5670 1811 5724 acci-
1900 5666 2097 5722 -tldiam
2130 5664 2532 5724 haereticorum,
2564 5659 2738 5731 quide
2763 5658 2967 5728 Spiritu
2987 5652 3495 5749 sanetormalesens

220 5746 350 5843 piat,
378 5779 425 5826 et
462 5746 794 5826 annuntiabit
828 5768 968 5824 vobis
999 5767 1181 5840 (Joan.
1231 5782 1339 5832 xvi,
1369 5764 1483 5837 il).
1543 5765 1609 5819 Et
1638 5771 1697 5819 ut
1722 5774 1811 5819 os-
1914 5760 2110 5815 tientes
2139 5757 2407 5828 negabant
2435 5767 2706 5809 eum-esse
2745 5750 2911 5806 Deum
2941 5764 3167 5805 verum:
3220 5746 3379 5804 nobis
3402 5758 3499 5839 su-
