4026 6346
135 352 243 413 305

1027 351 1303 410 CONTRA
1341 348 1750 409 GRAECOle
1794 346 2153 405 OPPOSITA.
2194 379 2262 389 —
2298 349 2424 405 LIB.
2462 350 2549 406 IV.

3311 349 3417 407 306

137 468 386 524 fecerunt
432 466 524 539 qui
565 473 759 523 cuncta
806 482 902 522 sua
949 467 1242 523 vendentes
1287 467 1614 538 pauperibus
1661 481 1724 520 ea
1758 470 1801 527 Α
1832 464 2126 519 sideratunt
2178 480 2340 534 quam
2395 463 2758 521 necessarium
2813 462 3034 535 corpori
3104 461 3419 535 indulgeant

136 558 555 624 distribuebant,
595 566 650 613 et
679 572 967 629 pauperem
1009 557 1284 614 Christum
1319 558 1417 628 ipsi
1463 571 1728 627 pauperes

137 650 313 709 effecti
371 659 498 706 sunt
541 650 713 705 secuti
746 649 932 705 :aliud
977 658 1159 706 autem
1206 651 1299 721 qui
1327 650 1414 704 vix
1460 658 1727 721 praecepta

135 758 308 814 pauca
338 741 761 812 complectentes
792 742 937 797 inter
982 743 1134 796 initia
1165 742 1442 814 religionis
1483 742 1729 797 contine-

140 838 359 902 bantur,
388 850 488 890 nec
513 839 691 890 tamen
721 836 792 891 ob
823 836 925 891 hoc
954 835 1113 891 alieni
1142 835 1266 890 facti
1300 844 1426 891 sunt
1448 836 1515 890 ab
1538 835 1617 890 eis
1638 835 1730 905 qui

141 942 356 984 summa
414 926 691 990 tenebant,
742 926 831 983 isti
873 928 965 997 qui
1023 928 1266 994 minima,
1315 927 1477 982 veluti
1530 928 1725 991 dicam,

140 1026 408 1092 pracepta
436 1018 804 1073 sectabantur.
834 1016 1048 1072 Etenim
1071 1017 1200 1073 licet
1225 1017 1585 1072 observantize
1615 1016 1731 1071 fue-

142 1113 252 1167 rint
280 1109 549 1181 qualitate
572 1108 842 1180 dispares,
892 1107 1016 1165 fidei
1076 1120 1253 1164 tamen
1305 1103 1513 1163 unitate
1562 1106 1736 1162 socia-

144 1201 366 1256 bantur.

210 1313 483 1370 Eusebius
515 1311 867 1369 Ctesariensis
902 1312 1188 1383 episcopus
1217 1312 1269 1366 in
1303 1310 1539 1367 llistoria
1566 1309 1737 1366 eccle-

145 1409 365 1465 siastica
396 1407 512 1479 (lib.
556 1423 618 1473 ιι,
651 1424 769 1478 cap.
800 1407 889 1477 16)
941 1408 1134 1462 scribit
1162 1407 1228 1462 de
1259 1405 1611 1461 credentibus
1638 1404 1733 1474 qui

146 1500 502 1554 morabantur
566 1498 939 1563 Alexandriae,
992 1498 1135 1568 quod
1199 1497 1473 1568 religionis
1525 1496 1741 1552 fervore

148 1591 552 1658 detinebantur,
597 1606 762 1660 quam
792 1589 1078 1646 excellenti
1105 1589 1533 1646 conversationis
1566 1588 1742 1659 philo-

147 1683 336 1754 sophia
381 1696 505 1739 sese
543 1683 825 1754 gerebant.
858 1682 951 1737 Ait
978 1698 1146 1754 ergo:
1176 1700 1195 1732 ι
1226 1681 1411 1737 Primo
1442 1683 1683 1736 omnium
1715 1693 1741 1721 α

147 1776 463 1831 renuntiant
507 1777 721 1833 cunctis
743 1776 1089 1833 facultatibus
1106 1777 1241 1843 suis,
1268 1776 1360 1847 qui
1388 1793 1447 1832 se
1470 1778 1536 1831 ad
1562 1775 1747 1845 hujus-

150 1871 291 1924 modi
343 1869 744 1941 philosophiam
793 1871 1065 1937 dederint,
1112 1881 1166 1926 et
1209 1871 1365 1927 bonis
1403 1870 1516 1926 suis
1543 1871 1739 1941 quibus

151 1961 448 2027 intersunt,
496 1962 716 2018 cedunt.
766 1961 904 2017 Tum
935 1962 1129 2018 deinde
1183 1962 1326 2033 quod
1355 1977 1546 2017 omnes
1574 1961 1738 2016 etiam

152 2053 269 2107 vitae
299 2052 699 2109 sollicitudines
728 2053 915 2124 procul
944 2053 1222 2121 abjiciant,
1249 2062 1305 2109 et
1349 2063 1506 2109 extra
1552 2054 1742 2108 urbem

155 2146 356 2218 egressi
400 2145 455 2201 in
496 2145 749 2211 hortulis,
793 2146 879 2201 vel
913 2146 1122 2221 exiguis
1150 2146 1455 2217 quibusque
1500 2145 1745 2218 agellulis

156 2242 376 2313 degant,
418 2240 750 2314 refugientes
796 2242 1020 2312 imparis
1066 2241 1327 2313 propositi
1367 2241 1662 2306 consortia,
1691 2251 1746 2296 et

157 2342 274 2397 vitae
326 2327 614 2397 dissimilis
655 2340 1011 2398 contubernia
1046 2354 1061 2393 :
1092 2340 1326 2397 scientes
1356 2339 1746 2413 impedimento

157 2451 271 2492 esse
294 2436 421 2491 haec
454 2437 681 2491 arduum
716 2435 1019 2491 volentibus
1044 2435 1148 2489 iter
1176 2435 1391 2490 virtutis
1423 2435 1692 2490 incedere.
1723 2454 1742 2487 ι

160 2528 221 2585 Et
247 2536 375 2600 post
401 2528 504 2582 alia
534 2546 547 2581 :
597 2547 617 2580 ‹
671 2527 767 2582 Est
796 2536 998 2593 autem,
1028 2527 1220 2597 inquit,
1257 2527 1309 2581 in
1341 2526 1568 2598 singulis
1614 2526 1749 2582 locis

158 2628 475 2676 consecrata
497 2620 759 2675 orationis
777 2619 989 2685 domus,
1012 2634 1132 2690 qua:
1151 2618 1450 2690 appellatur
1470 2618 1711 2673 semnion
1734 2658 1748 2684 ,
1841 2664 1849 2671 .

159 2710 237 2765 vel
265 2710 682 2766 monasterium.
732 2709 989 2764 Semnion
1017 2719 1196 2764 autem
1242 2708 1548 2779 significare
1580 2716 1754 2779 potest

162 2800 517 2856 honestorum
546 2799 998 2863 conventiculum,
1032 2800 1086 2855 in
1125 2800 1268 2870 quod
1307 2801 1622 2857 secedentes
1659 2802 1757 2856 ho-

164 2900 309 2947 nesta
343 2901 404 2948 et
453 2902 601 2947 casta
648 2892 774 2946 vita:
811 2891 1068 2964 mysteria
1097 2890 1388 2947 celebrant.
1441 2891 1583 2946 Nihil
1633 2891 1758 2947 illuc

165 3002 390 3056 prorsus
409 2986 552 3057 quod
581 2985 648 3041 ad
672 2985 850 3041 cibum
872 2993 1165 3056 potumque
1188 2985 1425 3056 pertinet
1446 2984 1756 3051 inferentes,

170 3077 250 3133 vel
275 3077 491 3147 reliqua
511 3076 731 3132 humani
756 3078 1002 3148 corporis
1026 3078 1341 3144 ministeria,
1369 3077 1463 3133 sed
1485 3079 1617 3149 legis
1641 3087 1760 3134 tan-

170 3178 277 3223 tum
305 3168 503 3233 libros,
531 3176 590 3223 et
610 3167 881 3223 volumina
926 3169 1335 3239 prophetarum,
1369 3170 1600 3240 hymnos
1627 3184 1762 3239 quo—

169 3276 272 3330 que
318 3262 378 3315 in
428 3262 618 3332 Deum,
669 3270 969 3332 czeteraque
1017 3262 1370 3318 histsitnilia.
1425 3262 1482 3317 ln
1530 3277 1758 3334 quorum

172 3351 466 3421 disciplinis
496 3363 551 3407 et
575 3353 855 3409 exercitiis
884 3353 1143 3420 instituti,
1174 3354 1241 3408 ad
1287 3354 1583 3424 perfectam
1628 3356 1760 3412 bea-

174 3449 391 3514 tamque
434 3445 603 3499 vitam
648 3444 842 3500 studiis
882 3444 1102 3517 jugibus
1135 3445 1461 3502 coalescant.
1510 3446 1595 3502 Ab
1636 3457 1761 3503 ortu

176 3544 347 3591 autem
397 3536 505 3591 diei
532 3537 818 3605 usquead
865 3552 1146 3607 vesperam
1191 3552 1351 3593 omne
1395 3538 1476 3593 eis
1528 3540 1762 3608 spatium

179 3628 472 3683 studiorum
520 3628 797 3685 exercitiis
846 3629 1061 3684 ducitur
1110 3647 1122 3683 :
1170 3630 1367 3699 quibus
1408 3631 1475 3685 ad
1524 3630 1762 3687 divinam

179 3720 566 3791 philosophiam
596 3735 694 3790 per
714 3721 904 3777 sacras
925 3721 1136 3778 litteras
1162 3722 1510 3787 imbuuntur;
1536 3722 1762 3777 Patrum

179 3812 317 3886 leges
344 3815 401 3869 in
431 3813 779 3884 allegoricam
814 3815 1227 3887 intelligentiam
1251 3816 1609 3882 deducentes;
1637 3834 1768 3887 quo-

180 3908 315 3963 niam
340 3908 550 3963 formas
576 3923 698 3964 esse
730 3918 786 3965 et
808 3910 1072 3981 imagines
1100 3925 1161 3965 ea
1192 3925 1311 3980 qua:
1342 3911 1394 3965 in
1426 3910 1559 3981 legis
1587 3910 1767 3966 littera

180 3999 378 4069 scripta
404 4008 551 4063 sunt,
582 3998 888 4068 opinantur,
918 4000 1136 4055 latentis
1163 4000 1489 4055 intrinsecus
1516 4000 1767 4071 profundi

181 4089 455 4159 cujusdam
489 4089 762 4159 divinique
788 4091 1053 4161 mysterii.
1077 4110 1095 4143 ›
1117 4090 1183 4145 Ει
1206 4091 1765 4162 inconsequentibus:

186 4200 206 4233 ι
246 4182 653 4238 Coutinentiam
703 4197 829 4238 vero
861 4183 1003 4237 velut
1034 4184 1303 4253 quoddam
1357 4185 1769 4241 fundamentum

183 4274 351 4344 primo
392 4274 447 4328 in
490 4273 670 4329 anima
699 4273 1003 4339 collocant;
1046 4282 1101 4329 et
1146 4274 1221 4328 ita
1270 4274 1485 4329 demum
1534 4275 1770 4347 reliquas

183 4379 338 4434 super
360 4366 506 4420 hanc
527 4373 758 4435 pergunt
776 4364 1048 4420 aediﬁcare
1068 4365 1314 4421 virtutes.
1344 4365 1535 4421 Cibum
1559 4376 1772 4438 potum-

183 4471 281 4527 que
306 4457 492 4513 nullus
515 4472 705 4513 eorum
734 4458 879 4529 capit
903 4467 1029 4513 ante
1057 4456 1188 4513 solis
1207 4472 1495 4525 occasum;
1523 4459 1774 4515 videlicet

1828 556 2027 611 cibum.
2064 577 2081 608 ι

1902 647 2028 703 Haec
2067 649 2312 704 scribens
2348 649 2414 704 de
2452 651 2863 713 conversatione
2911 630 3275 717 credentium,
3308 634 3419 710 non

1830 738 2172 795 Alexandria:
2228 748 2457 805 tantum,
2499 756 2683 795 verum
2733 757 2830 812 per
2874 739 3167 814 Egyptum
3216 744 3424 812 passim

1834 830 2272 895 inhabitantium,
2313 831 2472 886 docet
2518 840 2775 900 quantum
2825 833 3049 887 istorum
3078 832 3426 888 conversatio

1824 919 2071 1003 distabat
2088 935 2119 973 a
2149 921 2360 975 eteteris
2386 936 2482 991 per
2506 922 2667 976 totius
2695 922 2845 978 orbis
2867 922 3275 995 amplitudinem
3300 921 3424 980 cr'e-

1836 1014 2107 1070 dentibus.
2132 1012 2410 1084 Siquidem
2439 1015 2491 1070 Iti
2520 1016 2788 1071 desiderio
2816 1017 3005 1086 patria:
3028 1016 3266 1073 caelestis
3287 1018 3429 1073 adeo

1836 1103 2199 1169 incaluerant,
2226 1112 2286 1159 ut
2314 1104 2400 1159 his
2435 1106 2628 1160 merito
2672 1106 2983 1161 diceretur:
3014 1103 3200 1161 Vestra
3245 1117 3422 1161 autem

1837 1195 2161 1249 conversatio
2192 1194 2243 1249 in
2289 1194 2429 1249 caelis
2478 1206 2551 1250 est
2593 1193 2848 1267 (Philipp.
2894 1212 2978 1263 tu,
3021 1197 3138 1268 20).
3172 1197 3229 1252 In
3260 1212 3430 1253 carne

1840 1284 2104 1355 siquidem
2151 1296 2570 1351 commorantes,
2603 1287 2927 1357 angelicam,
2961 1297 3023 1342 ut
3049 1289 3121 1343 ita
3170 1289 3424 1354 dixerim,

1830 1376 1897 1453 in
1945 1377 2103 1432 terris
2151 1377 2315 1431 vitam
2363 1379 2611 1448 agebant.
2644 1378 2841 1432 Fertur
2876 1380 3021 1433 enim
3066 1394 3165 1450 per
3208 1381 3427 1435 beatum

1834 1466 2082 1541 Marcum
2126 1468 2533 1538 evangelistam,
2568 1485 2727 1538 quem
2777 1470 3000 1524 miserat
3030 1471 3301 1542 apostolus
3327 1470 3433 1525 Pe-

1844 1566 1963 1613 trus
1987 1575 2016 1612 a
2051 1558 2221 1613 Roma
2254 1559 2636 1616 Alexandriam
2667 1571 2725 1617 ut
2750 1563 3096 1636 Evangelium
3126 1565 3326 1621 Christi
3359 1566 3435 1620 illi

1832 1640 2050 1723 regioni
2095 1654 2433 1722 praedicaret,
2461 1656 2628 1711 tuisse
2658 1656 2737 1711 sic
2783 1658 3080 1714 institutos.
3126 1659 3264 1715 Num
3310 1676 3440 1718 vero

1845 1754 2131 1815 propterea
2186 1754 2411 1801 caeteras
2467 1747 2520 1801 in
2568 1749 2700 1803 orbe
2747 1757 2862 1805 toto
2912 1749 3115 1806 Christi
3165 1750 3440 1807 Ecclesias

1771 1832 2004 1912 Blonge
2039 1840 2195 1895 aliter
2243 1843 2522 1913 degentes,
2566 1859 2662 1898 sua
2714 1845 3090 1899 communione
3138 1846 3438 1916 privarant,

1845 1932 1932 1987 vel
1961 1932 2014 1986 in
2045 1947 2171 1987 suos
2207 1932 2344 1988 ritus
2383 1948 2644 2003 suamque
2688 1936 3135 1992 consuetudinem
3168 1945 3441 1991 transmu-

1848 2035 1966 2081 tare
1992 2026 2341 2098 gestiebant?
2371 2028 2645 2084 Noverant
2692 2032 2836 2085 enim
2887 2031 3180 2103 unicuique
3209 2048 3315 2088 non
3347 2048 3440 2089 so-

1849 2115 1958 2171 lum
2004 2117 2306 2183 hominum,
2351 2133 2539 2174 verum
2584 2120 2745 2175 etiam
2800 2120 3057 2177 Ecclesiae
3106 2124 3285 2178 datam
3323 2139 3445 2179 esse

1851 2208 2079 2279 gratiam
2107 2210 2399 2265 secundum
2433 2226 2741 2267 mensuram
2770 2213 3077 2269 donationis
3098 2214 3439 2280 Christi;uec

1852 2307 2031 2353 tamen
2078 2300 2189 2365 isti,
2233 2302 2360 2371 quia
2401 2303 2791 2360 continentiam
2840 2304 2982 2359 velut
3030 2305 3441 2361 fundamentum

1852 2393 2123 2463 quoddam
2168 2394 2345 2464 primo
2385 2398 2815 2453 consecrandam
2865 2401 3297 2469 constituerant,
3344 2419 3446 2457 nu-

1852 2486 1994 2555 ptias
2024 2486 2455 2544 condemnabant
2487 2489 2629 2545 :nisi
2674 2489 2813 2545 forte
2840 2492 3134 2559 putandum
3166 2493 3306 2564 apud
3352 2508 3449 2549 eos

1855 2575 2136 2645 episcopos
2181 2584 2341 2647 atque
2386 2579 2733 2649 presbyteros
2781 2596 2975 2635 uxores
3023 2582 3263 2647 duxisse,
3302 2583 3446 2652 apud

1859 2682 1995 2737 quos
2035 2677 2249 2724 constat
2292 2670 2438 2740 ipsos
2477 2671 2643 2726 etiam
2674 2671 2839 2727 laicos
2869 2674 3069 2744 nuptiis
3096 2674 3443 2729 abstinuisse.

1861 2759 1969 2817 Sed
2016 2774 2191 2832 neque
2233 2762 2570 2833 prandebant
2605 2765 2750 2819 onmi
2782 2764 3039 2832 Sabbato,
3068 2781 3205 2836 quos
3236 2774 3452 2822 constat

1862 2868 2032 2924 usque
2080 2855 2150 2909 ad
2198 2869 2480 2924 vesperam
2526 2856 2837 2911 continuata
2866 2858 3185 2928 perduxisse
3206 2858 3448 2929 jejunia:

1861 2944 2233 3015 plurimosque
2280 2945 2495 3000 illorum
2527 2946 2581 3001 in
2629 2948 2785 3003 tertia
2813 2948 2895 3005 vel
2927 2958 3082 3005 sexta
3129 2950 3215 3006 die
3264 2951 3446 3006 cibum

1862 3035 2075 3105 cci-pori
2111 3035 2201 3088 vix
2230 3036 2543 3105 praebuisse.

1938 3127 2169 3183 Videant
2190 3126 2352 3199 igitur
2370 3127 2681 3185 Graecorum
2706 3132 3000 3203 sapientes,
3023 3133 3107 3189 vel
3136 3142 3283 3190 certe
3306 3135 3457 3205 prin-

1788 3211 1834 3273 C
1866 3219 2035 3291 cipes,
2063 3235 2223 3290 quam
2241 3219 2387 3291 juste
2408 3224 2808 3299 reprehendant
2837 3225 3109 3283 Romanos
3138 3229 3191 3281 in
3216 3228 3454 3285 Sabbato

1857 3312 2186 3386 jejunantes.
2219 3313 2363 3387 Ergo
2397 3316 2794 3385 reprehendant
2824 3330 2879 3373 et
2909 3319 3041 3375 istos
3069 3322 3216 3377 omni
3250 3322 3336 3377 die
3368 3321 3455 3391 je-

1857 3405 2147 3475 junantes;
2192 3407 2587 3477 reprehendant
2633 3410 2791 3464 etiam
2840 3419 3006 3466 totam
3062 3413 3457 3469 hebdomadam

1858 3499 2065 3570 jejunio
2090 3502 2482 3557 continuantes.
2515 3502 2667 3569 Quod
2695 3505 2818 3573 quia
2877 3505 3097 3560 stultum
3129 3522 3249 3562 esse
3278 3509 3457 3563 cerni-

1868 3600 1973 3656 tur,
2010 3606 2077 3646 ex
2102 3591 2205 3647 hoc
2228 3593 2418 3647 saltem
2448 3592 2608 3646 velim
2638 3593 2722 3647 vel
2772 3594 3167 3663 imprudentiae,
3204 3576 3290 3651 vel
3321 3596 3456 3651 levi-

1868 3685 1994 3739 tatis
2024 3701 2135 3739 suae
2187 3683 2520 3755 perspiciam
2565 3700 2831 3751 errarent,
2875 3697 2929 3741 et
2978 3690 3233 3744 studeant
3278 3690 3459 3760 potius

1867 3775 2085 3832 virtutis
2116 3775 2417 3829 imitatores
2444 3775 2695 3840 existere,
2724 3776 3271 3847 quamjejunantibus
3301 3782 3458 3836 dero-

1869 3889 2018 3946 gare.
2059 3870 2181 3926 Non
2221 3870 2382 3935 enim,
2414 3870 2490 3924 ait
2514 3870 2823 3941 Apostolus,
2853 3889 3069 3944 regnum
3094 3873 3193 3928 Dei
3220 3884 3294 3928 est
3336 3891 3456 3930 esca

1861 3956 1916 4019 et
1945 3974 2120 4036 potus,
2157 3962 2247 4017 sed
2265 3961 2478 4032 justitia
2503 3973 2552 4018 et
2575 3965 2741 4033 pietas
2770 3963 2942 4033 (Rom.
2972 3980 3087 4030 xlv,
3116 3964 3223 4034 17).
3257 3965 3324 4020 Ει
3347 3964 3461 4021 Sal-

1870 4065 2026 4111 vator
2054 4055 2327 4112 diabolum
2364 4072 2473 4113 non
2503 4055 2837 4128 prandendo,
2885 4056 2978 4112 sed
3002 4054 3296 4126 jejunando
3332 4059 3462 4114 vicit

1874 4150 2091 4230 (Matth.
2126 4152 2222 4220 tv).
2248 4151 2359 4207 Nec
2379 4167 2489 4208 sua:
2502 4150 2949 4207 consuetudinem
2976 4151 3250 4223 religionis
3268 4167 3461 4207 omnes

1872 4242 2075 4299 Christi
2123 4244 2290 4299 velint
2334 4243 2606 4300 Ecclesias
2658 4253 2873 4309 tenere;
2910 4259 3032 4298 cum
3080 4245 3298 4300 videant
3349 4255 3461 4300 tam

1864 4314 2237 4404 apostolorum
2269 4335 2622 4403 temporibus,
2651 4349 2809 4404 quam
2841 4333 3226 4404 discipulorum
3248 4349 3462 4404 eorum,

1874 4412 2118 4481 diversas
2143 4426 2583 4481 Observationum
2611 4424 2979 4480 institutiones
3003 4424 3201 4492 fuisse;
3236 4442 3337 4482 nec
3375 4435 3460 4480 ta-

188 4516 399 4622 tempus
433 4551 573 4608 lucis
607 4567 731 4608 cum
781 4516 1136 4622 philosophiae
1163 4552 1378 4617 studiis,
1411 4566 1596 4607 curam
1639 4567 1770 4609 vero
1801 4579 1851 4641 υ
1878 4517 2134 4664 ῗὲῖξῖιξίάθ
2160 4518 2428 4586 diversos‘
2461 4516 2590 4575 licet
2634 4516 2977 4572 Observamia
3014 4517 3259 4588 dispares
3286 4527 3459 4575 us“-

186 4644 425 4716 corporis
446 4659 571 4701 cum
601 4652 760 4700 nocte
784 4645 1072 4700 sociantes.
1100 4643 1351 4700 Nonnulli
1396 4653 1574 4701 autem
1604 4646 1769 4701 etiam

186 4745 303 4806 post
347 4737 590 4792 triduum
636 4736 693 4791 in
740 4737 1178 4793 communionem
1206 4737 1430 4792 veniunt
1473 4737 1598 4802 cibi,
1634 4754 1771 4808 quos

189 4827 393 4884 scilicet
412 4828 632 4884 edacior
659 4828 957 4884 studiorum
990 4827 1160 4884 fames
1187 4838 1460 4900 perurget.
1496 4829 1613 4886 Jam
1643 4846 1773 4887 vero

189 4920 239 4975 hi
266 4922 359 4993 qui
395 4922 449 4976 in
494 4921 889 4977 eruditionibus
917 4923 1215 4993 sapientia),
1245 4930 1301 4977 et
1331 4924 1382 4977 in
1420 4923 1773 4992 profundiore

191 5012 546 5086 intelligentia
566 5029 846 5070 sacrorum
875 5014 1201 5069 voluminum
1226 5026 1636 5083 conversantur,
1661 5027 1776 5073 tan-

190 5122 348 5177 quam
389 5106 624 5177 copiosis
668 5108 896 5178 dapibus
923 5106 1210 5171 inhiantes,
1245 5108 1445 5178 expleri
1474 5119 1775 5180 nequeunt,

191 5209 243 5255 et
268 5200 583 5258 contuendo
608 5200 790 5256 acrius
813 5199 1235 5265 inﬂammantur,
1268 5199 1341 5254 ita
1371 5208 1430 5255 ut
1463 5215 1562 5257 nec
1585 5212 1780 5272 quarto

187 5290 315 5361 jam,
343 5307 451 5349 nec
472 5292 680 5364 quinto,
710 5292 804 5349 sed
835 5300 991 5349 sexto
1014 5292 1104 5348 die
1141 5291 1384 5359 demum,
1412 5308 1519 5349 non
1552 5305 1658 5349 tam
1687 5297 1782 5351 de-

258 5479 285 5509 ι
319 5466 507 5523 Primo
547 5470 801 5524 omnium.
836 5469 935 5525 Hic
965 5471 1329 5527 necessarium
1374 5470 1625 5527 duximus
1655 5489 1772 5529 mo-

193 5553 339 5615 nere,
373 5538 727 5615 Ratramnum
764 5541 981 5615 Eusebii
1015 5541 1172 5596 fidem
1213 5549 1494 5615 secutum,
1516 5542 1607 5615 (ita
1654 5560 1776 5615 quae

193 5608 279 5683 ille
304 5612 689 5683 exscripserat
715 5627 745 5665 e
774 5612 999 5666 Philone
1044 5613 1350 5683 accepisse,
1388 5630 1452 5667 ac
1483 5614 1525 5667 si
1570 5608 1772 5672 nemini

194 5679 410 5753 dubium
434 5679 558 5736 esse
582 5692 761 5752 posset
786 5683 915 5752 quin
943 5683 1041 5736 viri
1068 5684 1139 5737 illi
1164 5679 1392 5753 quorum
1421 5699 1596 5737 mores
1622 5687 1773 5742 Philo

194 5749 453 5827 depinxit,
495 5749 639 5827 inter
665 5749 1001 5809 Christianos
1041 5749 1407 5810 censerentur.
1458 5758 1606 5822 Quod
1650 5776 1776 5827 pro-

195 5816 335 5879 lecto
362 5838 468 5879 non
509 5824 585 5878 ita
610 5840 730 5880 esse
769 5836 968 5881 norunt
1004 5841 1194 5881 omnes
1219 5865 1234 5892 ,
1264 5827 1353 5895 qui
1386 5816 1774 5883 reiwlitteras'tze

2508 4721 2736 4779 CAPUT
2770 4722 2831 4779 ll.

1880 4830 2016 4887 Item
2056 4834 2121 4887 de
2141 4834 2373 4906 diversis
2392 4832 2641 4906 Ecclesia;
2686 4832 3169 4906 consuetudinibus.
3192 4832 3470 4906 Jejunitmt

1949 4903 2403 4976 quadragesimale
2448 4904 2794 4976 diverst'mode
2849 4902 2973 4976 olitn
3003 4902 3339 4976 celebratum,
3369 4925 3465 4963 va-

1954 4973 2171 5029 riorum
2201 4974 2435 5029 ciborum
2483 4990 2628 5029 usus.
2686 4975 2836 5029 Ritus
2884 4973 3091 5030 diversi.
3152 4974 3290 5043 Quot
3339 4978 3466 5034 olim

1953 5047 2092 5117 apud
2118 5044 2336 5101 Iudaeos
2356 5056 2525 5101 sector.

1956 5178 2161 5235 Scribit
2186 5178 2476 5250 Apostolus
2523 5178 3094 5238 Thessalonicensibus
3127 5199 3142 5237 :
3176 5179 3281 5239 Vos
3305 5185 3466 5249 enim,

1885 5271 2078 5343 inquit,
2102 5246 2391 5326 imitatores
2412 5270 2540 5341 [acti
2568 5271 2711 5335 estis,
2739 5269 2949 5340 fratres,
2976 5271 3337 5329 Ecclesiarum
3368 5246 3469 5330 Dei
3518 5246 3527 5261 ι
3578 5266 3583 5275 ’

1883 5475 2280 5543 ορρινιιιηᾲίιεηιιΪ
2313 5467 2649 5543 Quanquam
2677 5468 2820 5543 enim
2856 5469 3086 5526 Eusebio
3113 5471 3309 5526 deinde
3334 5472 3473 5527 asti-

1882 5539 2053 5614 palati
2084 5541 2192 5595 sint
2232 5541 2330 5593 viri
2364 5549 2417 5593 et
2473 5539 2767 5614 superioris
2802 5550 3121 5614 et_nostr:e
3147 5544 3326 5614 aetatis
3375 5544 3471 5599 do—

1884 5612 2256 5675 ctissimi,non
2286 5626 2485 5680 paucos
2500 5612 2656 5664 video
2678 5612 2768 5680 qui
2799 5613 2849 5665 in
2874 5612 3029 5668 lectis
3055 5612 3158 5667 illis
3190 5613 3469 5669 nihildum

1883 5687 2096 5747 vident,
2128 5682 2269 5753 quoi
2305 5681 2643 5737 Christianos
2678 5683 2855 5751 potius
2893 5700 3055 5751 quam
3085 5682 3299 5739 Judzeos
3330 5685 3471 5738 indi-

1884 5768 2001 5819 cet,
2033 5767 2086 5809 et
2129 5757 2278 5809 litem
2328 5754 2503 5809 adhuc
2533 5768 2654 5809 csse
2702 5755 2802 5808 sub
2841 5754 3025 5823 judice
3054 5770 3162 5811 non
3202 5756 3475 5811 immerito

1882 5829 2103 5883 dixeris.
3077 5840 3104 5864 ο
