4026 6346
613 336 718 419 3οῆ

1644 357 2003 415 anesum
2040 357 2489 417 CORBEIENSIS
2525 334 2834 416 nomen:

3782 355 3875 414 308

613 492 732 546 quin
762 486 885 532 sunt
922 478 978 532 in
1001 472 1193 532 ludam
1218 477 1275 530 in
1310 471 1519 528 Christo
1556 470 1686 527 Iesu
1718 462 1781 544 (Ρ
1805 471 1956 527 Thes.
1990 487 2050 537 ιι,
2091 472 2197 545 14).
2228 480 2279 537 Α
2308 472 2667 528 Sabbatorum
2692 487 2790 543 per
2817 470 3057 543 singulas
3094 470 3463 528 hebdomadas
3508 464 3771 529 sacriﬁcia
3799 491 3877 533 ce-

611 570 720 626 lsta
764 572 950 629 dicens
977 571 1213 627 ostendit
1252 570 1417 624 etiam
1458 566 1727 622 Ecclesias
1764 566 2101 621 credentium
2130 567 2197 621 de

613 660 863 738 gentibus
904 680 1009 720 non
1054 663 1296 735 ejusdem
1344 677 1463 718 esse
1491 661 1729 725 virtutis,
1761 676 1945 715 verum
1994 659 2195 749 diversi

613 756 873 820 muneris,
901 770 966 810 ac
995 768 1090 825 per
1119 755 1221 808 hoc
1250 751 1479 807 diversa:
1526 765 1740 822 quoque
1766 750 2190 805 consuetudinis.

614 845 768 915 Quod
795 847 958 902 etiam
995 846 1189 901 beatus
1217 843 1578 915 Hieronymus
1607 843 1659 897 in
1684 841 1910 911 Prologo
1934 839 2192 910 epistola-

612 955 731 994 rum
762 937 912 993 Pauli
945 945 1198 1002 testatur,
1255 936 1441 991 dicens
1484 953 1496 988 :
1540 932 1656 988 Non
1700 946 1792 987 eas
1836 931 2080 985 ordinem
2135 938 2197 987 ut

608 1029 825 1100 scripta:
857 1037 1004 1095 sunt,
1042 1028 1138 1084 sed
1162 1027 1448 1098 quemdam
1488 1025 1749 1097 graduum
1781 1033 1964 1077 tenere
1999 1036 2193 1091 prove-

606 1133 784 1189 ctum;
821 1132 881 1178 ut
920 1122 1153 1194 primum
1202 1121 1374 1176 locum
1422 1119 1660 1189 epistolae
1709 1120 2042 1182 contineant,
2072 1126 2193 1187 qut?

606 1215 787 1269 missm
823 1212 1037 1269 fuerant
1066 1215 1132 1269 ad
1155 1212 1446 1275 Ecclesias,
1473 1212 1667 1281 quibus
1695 1210 1872 1262 minor
1899 1209 2164 1262 observan

607 1306 694 1361 tiae
722 1306 967 1362 doctrina
992 1305 1076 1360 vel
1105 1306 1278 1360 virtus
1311 1305 1506 1358 iuerat.
1535 1301 1766 1355 Medium
1800 1315 1928 1355 vero
1953 1305 2186 1366 teneant,

602 1398 725 1468 the
764 1398 943 1453 missa:
986 1384 1313 1452 fuerant’his
1351 1411 1469 1465 quae
1499 1394 1612 1463 jam
1655 1394 1721 1447 ab
1750 1393 1919 1448 initiis
1948 1402 2191 1455 recesse-

601 1498 745 1552 rant,
800 1490 1027 1545 necdum
1065 1499 1241 1544 tamen
1288 1486 1632 1558 perfectionis
1680 1486 1890 1539 culmen
1935 1484 2188 1539 obtinue-

602 1593 742 1638 rant.
776 1583 1036 1640 Ultimum
1059 1599 1207 1647 vero,
1238 1599 1357 1653 quae
1385 1583 1562 1637 missa:
1595 1580 1807 1635 fuerant
1836 1578 2188 1651 perfectionis

600 1674 823 1745 gradum
847 1675 1238 1740 obtinentibus,
1254 1690 1372 1744 qua:
1395 1684 1503 1728 tam
1519 1672 1761 1728 scientia:
1783 1687 1944 1741 quam
1969 1671 2188 1727 virtutis

596 1765 889 1820 eminentia
910 1767 1317 1837 praepollebant,
1349 1774 1408 1820 ut
1432 1764 1572 1820 infra
1596 1781 1654 1820 se
1682 1763 1904 1829 multos,
1935 1779 2097 1833 supra
2127 1779 2186 1819 se

2298 564 2593 629 lebrentur,
2621 565 2723 620 hoc
2746 564 2800 619 in
2828 564 3149 620 Alexandria
3170 575 3226 620 et
3251 564 3421 620 Roma
3444 567 3681 638 quadam
3709 570 3873 637 prisca

2299 656 2587 712 traditione
2639 674 2746 712 non
2794 657 3015 713 faciunt.
3062 657 3303 730 Egyptii
3364 675 3496 717 vero
3548 654 3877 720 Alexandriae

2296 750 2494 816 vicini,
2542 759 2598 805 et
2646 751 2935 806 Thebaidis
2979 750 3346 818 habitatores,
3387 751 3632 809 Sabbato
3674 756 3881 825 quidem

2296 843 2549 899 collectas
2581 852 2764 913 agunt,
2803 844 2895 899 sed
2925 859 3029 898 non
3062 847 3201 923 sicut
3226 845 3396 901 moris
3424 854 3509 901 est
3542 857 3881 905 sacramenta

2295 936 2642 1007 percipiunt:
2677 952 2800 989 nam
2830 944 3115 1006 postquam
3145 934 3348 992 fuerint
3390 936 3628 1008 epulati,
3663 945 3722 992 et
3759 938 3882 995 cibit

2296 1027 2549 1082 omnibus
2597 1026 2907 1096 adimpleti,
2934 1028 3079 1083 circa
3121 1042 3405 1099 vesperam
3445 1029 3727 1085 oblatione
3753 1028 3882 1087 facta

2294 1118 2718 1173 communicant.
2758 1117 2967 1173 Rursus
2997 1128 3177 1173 autem
3224 1120 3276 1173 in
3323 1119 3659 1176 Alexandria
3701 1132 3880 1193 quarta

2294 1215 2347 1262 et
2379 1216 2531 1263 sexta
2564 1206 2696 1261 feria
2739 1205 3033 1277 Scriptura:
3077 1208 3346 1279 leguntur,
3386 1224 3592 1281 easque
3639 1212 3880 1269 doctores
3936 1272 3937 1275 η

2296 1298 2757 1369 interpretantur;
2803 1307 2859 1354 et
2914 1300 3095 1354 omnia
3143 1301 3279 1355 fiunt
3326 1311 3529 1372 praeter
3588 1304 3879 1360 solemnem

2292 1391 2559 1446 orationis
2586 1406 2812 1447 morem.
2848 1412 2865 1443 ι
2901 1391 3033 1448 Item
3065 1391 3206 1447 infra
3236 1411 3248 1447 :
3285 1412 3305 1447 ι
3351 1394 3409 1449 In
3436 1396 3630 1450 eadem
3662 1397 3880 1453 Alexan-

2293 1484 2412 1540 dria
2443 1486 2696 1553 lectores,
2716 1494 2773 1543 et
2803 1487 2999 1559 psalmi
3026 1490 3486 1559 pronuntiatores,
3515 1492 3879 1550 indiﬂ'erenter

2292 1575 2459 1643 ﬁunt,
2489 1579 2603 1634 sive
2630 1580 3039 1646 catechumeni,
3086 1582 3202 1637 sive
3237 1580 3353 1650 jam
3383 1582 3717 1651 Christiani,
3764 1588 3876 1643 dum

2292 1683 2484 1725 omnes
2514 1670 2768 1727 Ecclesiae
2790 1673 2904 1743 jam
2943 1671 3128 1728 ﬁdeles
3160 1674 3211 1727 in
3250 1673 3335 1729 his
3361 1675 3646 1731 ordinibus
3688 1676 3880 1733 habere

2292 1762 2596 1818 videantur.
2629 1764 2741 1836 Ego
2766 1780 2983 1836 quoque
3015 1767 3242 1837 cognovi
3291 1767 3345 1821 in
3394 1767 3679 1824 Thessalia
3726 1770 3877 1826 aliam

597 1874 728 1913 vero
758 1831 932 1915 nullos
970 1831 1250 1914 haberent.
1282 1859 1420 1926 Quid
1449 1858 1593 1913 enim
1624 1857 1676 1911 in
1704 1856 1789 1912 his
1832 1831 2185 1922 monstratur,
2215 1831 2265 1892 Β
2291 1831 2733 1911 consuetudinem
2761 1831 2930 1912 z-dum
2959 1831 3181 1928 quidam
3225 1857 3458 1915 clericus
3498 1867 3627 1915 ante
3662 1860 3879 1916 clerica-

596 1949 702 2005 nisi
751 1964 979 2018 quarum
1028 1959 1148 2005 erat
1198 1948 1496 2004 differentia
1546 1948 1598 2001 in
1649 1947 1878 2002 scientia
1909 1954 1963 2000 et
1990 1947 2188 2003 virtute

594 2039 982 2107 EccleSiarum,
1008 2057 1193 2096 earum
1213 2056 1427 2112 quoque
1451 2055 1557 2094 non
1579 2040 1766 2095 eadem
1796 2046 1942 2093 esset
1961 2053 2188 2095 consue-

599 2129 728 2185 tudo
755 2130 1050 2202 religionis.
1096 2130 1375 2200 Siquidem
1423 2128 1581 2199 longe
1625 2128 1786 2183 aliter
1830 2142 1889 2184 se
1930 2127 2189 2199 gerebant

595 2223 684 2292 qui
721 2219 1107 2295 Hierosolymis
1135 2222 1352 2279 fuerant
1377 2222 1739 2277 communiter
1759 2212 2025 2287 viventes,
2056 2220 2186 2275 etin

593 2314 622 2370 f
647 2317 857 2372 actione
886 2319 1041 2388 panis
1061 2319 1547 2383 communicantes,
1584 2326 1638 2371 et
1663 2317 1910 2371 oratione
1936 2329 2185 2385 perseve—

595 2419 797 2473 rantes,
834 2410 965 2464 nihil
998 2410 1272 2480 proprimn
1305 2409 1679 2480 possidentes:
1710 2418 1869 2478 atque
1898 2400 2054 2477 longe
2090 2406 2187 2461 ali-

594 2510 696 2566 ter,
729 2502 818 2570 qni
861 2518 953 2556 sua
985 2519 1105 2572 quas
1148 2502 1498 2573 possederant
1542 2501 1857 2566 retinentes,
1888 2499 2184 2555 secundum

592 2593 817 2661 gratiam
841 2594 941 2648 sibi
966 2592 1224 2648 divinitus
1244 2594 1571 2664 impertitum
1586 2591 1935 2664 Evangelium
1957 2591 2180 2660 Christi,

595 2683 724 2746 vita,
759 2683 1020 2751 moribus,
1068 2693 1125 2739 et
1167 2683 1269 2739 fide
1321 2685 1795 2740 commendabant.
1853 2683 1997 2739 Inter
2046 2699 2182 2755 quos

592 2775 879 2844 plurimum
912 2776 1121 2832 extollit
1159 2778 1446 2847 Apostolus
1491 2778 2026 2841 Thessalonicenses,
2059 2778 2180 2849 qui-

596 2866 697 2921 bus
718 2866 973 2921 donatum
995 2878 1077 2923 est
1100 2877 1156 2922 ut
1179 2857 1365 2923 eadem
1391 2877 1703 2940 paterentur
1728 2884 1757 2922 a
1787 2869 2181 2924 contribulibus

595 2958 727 3022 suis,
771 2974 890 3028 quae
921 2960 1063 3030 passi
1097 2971 1224 3016 sunt
1265 2971 1321 3017 et
1344 2962 1401 3016 hi
1429 2963 1522 3033 qui
1557 2960 1945 3033 Hierosolymis
1993 2977 2178 3017 mora-

592 3054 789 3107 bantur
812 3071 839 3108 a
868 3054 1086 3111 Judmis.

663 3145 738 3201 De
786 3148 935 3202 varia
973 3163 1190 3218 quoque
1240 3148 1605 3216 Ecclesiarum
1647 3148 2041 3207 consuetudine.
2072 3146 2177 3203 So-
2204 3188 2250 3251 ρ

590 3253 767 3297 crates
801 3243 852 3297 in
893 3242 1125 3298 Historia
1155 3243 1520 3299 ecclesiastica
1554 3242 1667 3314 (lib.
1722 3256 1773 3307 v,
1803 3258 1918 3311 cap.
1960 3239 2051 3311 21)
2097 3239 2177 3295 sic

494 3346 499 3349 '
593 3336 867 3407 loquitur:
907 3356 926 3389 ι
963 3337 1099 3405 Quid
1126 3353 1255 3394 vero
1293 3353 1359 3393 ex
1394 3335 1783 3392 consuetudine
1807 3334 2041 3405 quadam
2079 3348 2178 3403 per

589 3429 897 3499 provincias
948 3429 1271 3491 celebratur,
1299 3428 1548 3494 Pascha,
1600 3427 1727 3483 hinc
1771 3426 1980 3481 aestimo
2031 3424 2174 3495 quod

590 3518 732 3573 nulla
760 3520 948 3593 religio
979 3522 1196 3578 easdem
1237 3522 1482 3577 videatur
1516 3504 1735 3577 servare
1782 3518 2170 3574 solemnitates.

588 3611 720 3665 Nam
747 3627 867 3668 cum
902 3612 1063 3669 unius
1096 3616 1203 3669 sint
1226 3613 1349 3670 fidei
1371 3655 1385 3679 ,
1420 3611 1647 3684 plurima
1672 3619 1849 3666 tamen
1878 3610 2173 3681 disponunt

586 3704 730 3758 circa
776 3704 983 3761 Pascha
1020 3704 1291 3777 legitima;
1338 3704 1478 3760 unde
1528 3718 1699 3777 pauca
1751 3703 1978 3759 dicenda
2020 3707 2168 3757 sunt.

585 3797 717 3852 Nam
752 3799 801 3852 in
832 3799 962 3868 ipsis
981 3799 1201 3869 jejuniis
1227 3799 1383 3854 aliter
1411 3799 1552 3870 apud
1574 3797 1709 3853 alios
1739 3797 1948 3852 invenis
1975 3796 2167 3851 obser-

579 3891 694 3945 vari
729 3890 997 3946 :Romani
1041 3892 1185 3946 enim
1233 3907 1325 3947 sex
1376 3900 1503 3945 ante
1546 3889 1747 3947 Pascha
1792 3889 2169 3960 septimanas,

580 3988 775 4048 praeter
801 3980 1159 4053 Dominicam,
1192 3981 1292 4037 sub
1320 3981 1722 4036 continuatione
1743 3978 2011 4049 jejunant.
2038 3978 2162 4050 Illy-

581 4069 678 4124 rici
709 4084 836 4123 vero
858 4077 913 4124 et
934 4077 1045 4125 tota
1083 4068 1292 4133 Helias,
1323 4069 1650 4125 Alexandria
1674 4087 1888 4141 quoque
1911 4079 2042 4126 ante
2068 4086 2162 4126 sex

580 4161 911 4231 septimanas
934 4160 1215 4233 jejunant;
1246 4176 1417 4232 eaque
1440 4160 1646 4233 jejunis
1678 4161 2162 4233 Quadragesimam

576 4259 790 4307 vocant.
838 4252 940 4308 Alii
990 4267 1121 4309 vero
1165 4261 1289 4308 ante
1332 4262 1538 4324 septem
1569 4251 1790 4308 Paschal.
1832 4255 2161 4323 septimanas

569 4341 898 4413 ieiuniorum
930 4343 1111 4400 facere
1137 4352 1432 4400 nascuntur
1459 4345 1630 4400 initia.
1666 4364 1683 4399 ι
1705 4344 1773 4400 Ει
1795 4354 1916 4417 post
1944 4358 2116 4415 pauca
2142 4361 2157 4397 :

580 4455 601 4489 ί
637 4435 744 4492 Sed
772 4428 936 4492 etiam
966 4436 1209 4492 ciborum
1240 4420 1621 4492 abstinentiam
1658 4450 1764 4491 non
1793 4434 2022 4491 similem
2055 4435 2157 4490 ba-

2294 1954 2405 2001 tum
2435 1945 2671 2017 legitime
2706 1948 2945 2003 duxisset
2984 1963 3208 2004 uxorem
3235 1990 3248 2013 ,
3282 1950 3406 2019 quia
3441 1965 3565 2005 cum
3596 1966 3661 2005 ea
3694 1953 3878 2009 misul:

2292 2036 2457 2091 fuerit
2484 2047 2608 2108 post
2632 2038 2965 2101 clericatum,
2989 2038 3273 2097 abdicatus
3296 2050 3379 2097 est
3398 2058 3413 2106 ;
3432 2042 3560 2096 dum
3585 2043 3638 2097 in
3661 2042 3878 2100 Oriente

2290 2130 2468 2186 cuncti
2495 2140 2789 2201 spontanea
2809 2131 3101 2199 voluntate,
3118 2141 3174 2189 et
3195 2149 3301 2189 non
3328 2133 3506 2204 aliqua
3531 2135 3874 2201 necessitate,

2287 2223 2449 2278 etiam
2475 2222 2709 2293 episeOpi
2741 2225 3063 2295 semetipsos
3110 2224 3438 2282 abstineant.
3472 2226 3699 2283 Plurimi
3737 2229 3877 2284 enim

2286 2328 2472 2368 eorum
2506 2314 2669 2368 etiam
2697 2315 3041 2386 episcopatus
3075 2325 3317 2388 tempore
3343 2332 3410 2373 ex
3440 2317 3682 2390 legitima
3711 2332 3878 2374 uxore

2284 2406 2447 2461 etiam
2474 2405 2614 2462 ﬁlios
2639 2406 2964 2463 habuerunt.
2996 2407 3110 2464 Hoc
3133 2423 3350 2481 quoque
3372 2413 3428 2465 in
3452 2409 3736 2467 Thessalia
3766 2426 3878 2467 ser-

2285 2497 2401 2552 vari
2426 2498 2683 2567 cognovi,
2728 2499 2984 2570 quoniam
3019 2501 3160 2571 apud
3186 2515 3284 2557 eos
3321 2501 3378 2556 in
3422 2502 3613 2557 diebus
3651 2501 3876 2559 Pascha

2286 2589 2656 2645 tantummodo
2708 2589 3047 2662 baptizatur;
3092 2600 3425 2663 quapropter
3476 2593 3700 2663 plurimi
3757 2595 3876 2650 sine

2284 2679 2608 2750 baptismate
2639 2682 2965 2738 moriuntur.
3007 2683 3065 2738 In
3093 2684 3380 2741 Antiochia
3410 2700 3543 2741 vero
3587 2683 3763 2756 Syriae
3800 2684 3875 2741 al-

2285 2780 2402 2827 tare
2439 2788 2545 2827 non
2576 2772 2645 2828 ad
2673 2772 2948 2830 Orientem
2993 2774 3270 2841 Ecclesia,
3301 2776 3395 2832 sed
3422 2776 3598 2848 magis
3619 2777 3689 2831 ad
3717 2776 3874 2833 Occi-

2283 2865 2499 2921 dentem
2546 2865 2765 2921 habent.
2796 2865 2856 2921 ln
2886 2865 3129 2936 Hellada,
3181 2866 3589 2940 Hierosolymis,
3619 2877 3676 2925 et
3705 2869 3873 2925 Thes-

2283 2956 2415 3011 salia
2446 2956 2512 3012 ad
2540 2966 2751 3027 tempus
2774 2958 3138 3027 vespertinum
3169 2958 3444 3015 orationes
3465 2959 3672 3015 similes
3698 2958 3873 3015 Nova-

2284 3047 2442 3103 tianis
2469 3047 2990 3119 Constantinopolim
3018 3047 3337 3121 degentibus
3364 3050 3585 3107 habent.
3609 3051 3667 3107 ln
3692 3051 3873 3108 Cresa-

2283 3153 2374 3195 rea
2403 3139 2787 3210 Cappadociae,
2814 3148 2871 3196 et
2895 3138 3094 3213 Cypro,
3124 3142 3211 3197 die
3247 3140 3471 3198 Sabbati
3505 3152 3560 3200 et
3586 3142 3872 3199 Dominico

2283 3232 2427 3287 circa
2455 3247 2744 3303 vesperam
2775 3249 2899 3291 cum
2933 3234 3259 3292 lucernariis
3282 3236 3523 3307 episcopi
3552 3246 3719 3308 atque
3744 3253 3871 3309 pre-

2278 3324 2481 3395 sbyteri
2512 3324 2824 3401 Scripturas
2848 3326 3294 3398 interpretantur.
3312 3326 3371 3383 in
3392 3328 3726 3386 Alexandria
3748 3344 3873 3401 pre-

2279 3415 2463 3485 sbyter
2511 3430 2615 3471 non
2672 3398 2806 3472 facit
2851 3432 3190 3485 sermonem;
3241 3426 3299 3474 et
3342 3419 3460 3475 base
3509 3434 3599 3475 res
3649 3398 3870 3476 initium

2277 3499 2575 3578 accepit'ex
2617 3524 2727 3580 quo
2762 3509 2926 3566 Arius
2959 3510 3257 3568 Ecclesiam
3289 3513 3649 3569 conturbavit.
3682 3512 3872 3570 Rom:

2276 3595 2512 3654 Sabbata
2547 3600 2800 3656 universa
2834 3599 3103 3670 jejunant.
3130 3600 3189 3657 lu
3225 3600 3472 3661 Caesarea
3513 3602 3872 3675 Cappadoci:

2272 3704 2366 3745 eos
2413 3690 2503 3761 qui
2536 3700 2659 3762 post
2697 3693 2969 3763 baptisma
3022 3693 3363 3766 delinquunt,
3411 3710 3444 3750 a
3482 3696 3871 3753 communione

2272 3785 2626 3855 suspendunt.
2652 3785 2937 3843 Novatiani
2977 3788 3125 3845 circa
3154 3789 3448 3862 Phrygiam
3488 3789 3728 3846 binubos
3759 3804 3869 3847 non

2271 3877 2558 3948 recipiunt.
2587 3878 3109 3952 Constantinopolim
3134 3896 3288 3949 vero,
3314 3897 3493 3954 neque
3516 3890 3710 3953 aperte
3734 3884 3870 3941 reci»
3958 3901 3963 3904 ’

2266 3967 2425 4036 piunt
2445 4008 2462 4034 ,
2492 3984 2672 4041 neque
2708 3972 2886 4041 palam
2933 3987 3214 4029 removere
3254 3985 3596 4031 noscuntur:
3627 3976 3683 4030 in
3716 3977 3869 4033 occi-

2266 4057 2569 4115 dentalibus
2590 4073 2722 4115 vero
2749 4061 2993 4131 partibus
3014 4070 3203 4134 aperte
3228 4064 3517 4135 recipiunt.
3550 4085 3573 4118 ι

2338 4146 2578 4219 Longum
2613 4149 2707 4206 ﬂet
2733 4151 2780 4208 si
2810 4159 3003 4209 cuncta
3043 4152 3375 4211 voluerimus
3399 4155 3694 4228 colligere,
3742 4173 3864 4229 mia

2265 4253 2364 4310 per
2390 4239 2662 4298 Ecclesias
2697 4252 2811 4299 toto
2856 4245 2990 4301 orbe
3026 4246 3318 4317 dispositas
3356 4248 3636 4321 multiple:
3675 4252 3859 4307 varie-

2264 4338 2349 4386 tas
2371 4331 2661 4389 observare
2691 4335 3058 4404 dignoscitur,
3091 4338 3175 4393 vel
3203 4339 3499 4409 antiquitus
3534 4341 3862 4399 observasse

2260 4422 2703 4494 deprehenditur.
2757 4426 2862 4483 Sed
2906 4427 3139 4485 sufﬁciat
3181 4429 3285 4486 ista
3329 4430 3569 4487 breviter
3600 4445 3671 4487 ex
3700 4434 3860 4495 unius

570 4529 701 4584 bent
729 4546 742 4584 :
778 4544 901 4584 nam
929 4528 1017 4584 alii
1056 4529 1276 4584 omnino
1306 4528 1374 4583 ab
1414 4528 1670 4584 animatis
1706 4526 2027 4584 observant:
2065 4524 2154 4581 alii
2181 4561 2236 4623 Β
2260 4516 2546 4618 scriptoris
2575 4517 2799 4623 historia
2829 4519 3142 4623 collegisse;
3175 4530 3232 4577 et
3272 4522 3377 4578 hoc
3418 4521 3594 4580 (irasci
3626 4542 3644 4623 ξ
3664 4534 3860 4623 quate-

571 4623 924 4678 animantium
959 4622 1137 4693 pisces
1190 4621 1527 4676 solummodo
1570 4620 1899 4687 comedunt;
1933 4619 2151 4689 quidam

570 4730 691 4769 cum
729 4715 966 4786 piscibus
995 4722 1286 4769 vescuntur
1312 4722 1369 4767 et
1395 4708 1736 4779 volatilibus,
1772 4713 2011 4768 dicentes
2034 4711 2151 4768 haec

568 4807 862 4862 secundum
896 4804 1114 4877 Moysen
1141 4822 1207 4861 ex
1239 4821 1376 4876 aqua
1403 4807 1607 4862 habere
1636 4805 2030 4869 substantiam;
2061 4803 2149 4859 alii

568 4910 698 4949 vero
737 4895 902 4952 etiam
947 4897 1191 4965 caulibus
1234 4886 1449 4953 et-ovis
1490 4898 1765 4953 abstinere
1811 4903 2147 4953 noscuntur:

567 4987 785 5056 quidam
830 4990 975 5045 sicco
1021 4998 1229 5045 tantum
1260 5000 1413 5059 pane
1463 4997 1783 5055 vescuntur;
1837 4987 1926 5043 alii
1976 5003 2150 5057 neque

569 5078 714 5133 hoc:
749 5078 839 5133 alii
884 5094 1053 5150 usque
1098 5081 1163 5135 ad
1199 5097 1396 5136 nonam
1435 5079 1744 5150 jejunantes
1792 5080 2005 5163 horam,
2034 5078 2153 5133 sine

565 5168 895 5223 discretione
936 5170 1178 5225 ciborum
1228 5169 1562 5225 reficiuntur.
1616 5169 1682 5224 Et
1727 5168 2152 5226 innumerabiles

562 5258 984 5315 consuetudines
1026 5262 1165 5330 apud
1206 5262 1451 5317 diversos
1498 5262 1865 5318 inveniuntur.
1914 5260 1981 5315 Et
2021 5256 2148 5331 quia

563 5350 705 5405 nulla
738 5350 896 5406 lectio
925 5366 990 5405 ex
1020 5352 1121 5408 hoc
1150 5353 1425 5408 invenitur
1463 5354 1682 5423 antiqua
1705 5393 1721 5420 ,
1768 5361 1898 5423 puto
1929 5363 2147 5424 aposto-

560 5441 643 5495 los
672 5441 1008 5512 singulorum
1060 5443 1161 5498 hoc
1204 5444 1487 5515 reliquisse
1533 5445 1834 5508 sententiae,
1884 5454 1945 5499 ut
1974 5462 2142 5503 unus-

559 5533 791 5603 quisque
815 5542 1070 5604 operetur
1095 5551 1202 5590 non
1236 5537 1430 5591 timore
1449 5577 1463 5603 ,
1495 5553 1598 5591 non
1633 5537 1973 5601 necessitate,
1998 5539 2143 5609 quod

559 5620 759 5678 bonum
788 5632 889 5681 est.
926 5624 1032 5682 Sed
1076 5627 1237 5683 etiam
1281 5629 1426 5683 circa
1469 5628 1838 5683 celebritatem
1883 5629 2143 5685 collecta-

556 5733 677 5775 rum
719 5720 964 5791 quaedam
1013 5722 1300 5778 diversitas
1345 5721 1634 5777 invenitur.
1693 5719 1827 5776 Nam
1874 5722 2000 5777 dum
2048 5739 2145 5793 per

555 5806 827 5869 Ecclesiae
857 5812 911 5870 in
926 5814 1193 5873 universo
1217 5824 1485 5871 terrarum
1516 5814 1647 5872 orbe
1677 5815 2019 5886 constitutas,
2053 5817 2141 5875 die

2262 4620 2365 4661 nus
2391 4606 2744 4676 imperatores
2770 4608 3071 4682 intelligant
3102 4610 3415 4669 (irascorqu
3439 4628 3607 4683 quam
3629 4615 3853 4686 iniusta

2261 4718 2423 4772 quam
2475 4703 2721 4774 imperite
2773 4702 3046 4762 Romanos
3101 4708 3430 4778 redarguam
3458 4746 3478 4772 ,
3523 4709 3673 4778 quod
3725 4723 3855 4777 suae

2260 4794 2679 4848 consuetudines
2723 4809 2821 4864 per
2862 4796 3046 4851 omnia
3104 4811 3212 4853 non
3270 4798 3582 4854 observent.
3643 4799 3855 4871 Cogad

2259 4897 2385 4956 ergo
2437 4885 2746 4943 universum
2807 4886 3169 4945 Ecclesiarum
3223 4886 3425 4946 Christi
3484 4902 3688 4963 corpus
3742 4896 3855 4950 toi

2258 4977 2391 5032 orbe
2430 4976 2685 5034 diﬂ‘usum
2739 4979 2793 5034 in
2837 4995 3059 5037 suarum
3090 4980 3235 5054 leges
3276 4984 3759 5052 consuetudinum,
3797 4992 3854 5042 et

2260 5077 2372 5124 tum
2401 5071 2446 5126 si
2479 5070 2661 5125 valent
2692 5070 2966 5129 Romanos
2993 5072 3292 5142 dijudicent
3316 5086 3481 5147 super
3520 5092 3637 5135 sua
3673 5079 3855 5149 varias

2256 5172 2367 5218 tate
2405 5164 2703 5236 religionis,
2747 5167 2890 5236 quod
2937 5182 2970 5223 a
3012 5166 3605 5239 Constantinopolim
3645 5171 3850 5229 diversi

2252 5254 2535 5310 videantur
2572 5256 2758 5313 haberi
2795 5259 3203 5317 consuetudine.
3256 5260 3339 5317 An
3382 5269 3532 5337 certe
3572 5263 3850 5332 doctin

2250 5357 2376 5404 sunt
2399 5350 2677 5420 apostolis,
2710 5359 2804 5405 aut
2844 5366 2908 5405 ex
2948 5352 3297 5423 antiquorum
3342 5352 3572 5409 lectione
3614 5366 3848 5424 possunt

2246 5443 2534 5498 ostendere
2560 5457 2711 5497 suam
2733 5444 3020 5512 potiorem
3056 5444 3175 5500 fore
3213 5445 3457 5501 Romana
3497 5448 3847 5503 conSuetudi-

2247 5538 2415 5594 nem?
2477 5538 2954 5610 Historiographus
2992 5540 3259 5610 siquidem
3311 5539 3527 5596 illorum
3574 5532 3843 5619 testatur,

2245 5631 2579 5703 singulorum
2610 5632 2712 5688 hoc
2741 5632 3025 5702 reliquisse
3046 5634 3326 5690 sententiae
3360 5643 3581 5691 sanctos
3615 5628 3841 5706 aposto-

2245 5724 2348 5789 los,
2386 5735 2445 5777 ut
2493 5716 2861 5794 unusquisque
2913 5740 3017 5779 non
3074 5726 3287 5791 timore,
3342 5741 3449 5781 non
3498 5728 3832 5793 necesitate,

2245 5815 2387 5887 quod
2419 5816 2618 5871 bonum
2641 5825 2725 5871 est
2752 5824 3046 5889 operetur;
3074 5818 3168 5873 sed
3194 5817 3364 5890 magis
3388 5818 3624 5891 propriae
3643 5816 3842 5879 volturi
