4026 6346
215 421 335 480 ωο

1120 410 1396 474 CONTRA
1434 410 1851 473 CRECORUM
1888 410 2247 472 OPPOSITA.
2289 446 2358 457 -
2402 412 2531 473 LIB.
2570 410 2655 473 IV.

3396 418 3508 477 3l0

218 534 353 592 tatis
370 530 598 605 judicio.
629 528 908 602 Siquidem
939 545 1065 585 cum
1094 530 1205 585 sint
1257 530 1420 585 unius
1446 544 1636 585 omnes
1667 528 1811 593 ﬁdei,
1838 529 1892 591 Α
1920 527 2123 583 tiantur
2170 529 2524 600 imperatores
2553 528 2885 593 Graecorum,
2940 530 3082 600 quod
3112 529 3167 585 in
3199 537 3314 589 toto
3339 537 3505 592 susti-

218 625 437 682 diversa
462 633 644 680 tamen
669 624 959 694 disponunt
992 632 1100 677 tam
1130 624 1273 677 circa
1298 622 1502 678 Pascha
1532 622 1767 693 legitima
1792 662 1806 686 ,

216 733 388 789 quam
414 718 562 773 circa
583 714 911 786 jejuniorum
958 717 1387 780 observationes,
1432 714 1558 771 aliis
1606 716 1811 786 plures,

217 809 345 865 aliis
368 806 1014 881 pauciores'jejuniorum
1066 810 1181 865 dies
1223 809 1641 864 celebrantibus.
1702 808 1812 864 Nec

218 903 340 973 ipsa
365 899 572 970 jejuuia
620 916 716 955 sua
745 900 829 956 vel
854 915 1122 967 escarum,
1152 900 1235 956 vel
1265 901 1524 972 temporis
1552 902 1811 957 similitu-

217 995 367 1059 dine,
394 993 481 1049 vel
508 992 815 1065 aequalitate
840 992 1332 1063 frequentantibus,
1353 1009 1540 1049 verum
1573 994 1813 1065 singulos

216 1086 305 1142 vel
349 1086 646 1156 provinciae
686 1100 818 1151 smn,
856 1085 939 1139 vel
978 1083 1242 1154 majorum
1288 1087 1695 1152 consuetudine,
1731 1088 1813 1144 vel

215 1191 513 1246 corporum
536 1176 759 1241 viribus,
791 1175 906 1232 fore
931 1185 1230 1233 contentos.
1286 1177 1550 1234 Collectas
1578 1194 1810 1250 quoque,

216 1266 272 1321 id
296 1275 386 1322 est
404 1275 705 1323 conventus
751 1266 967 1338 populi,
1020 1282 1120 1324 nec
1164 1269 1352 1324 eodem
1400 1277 1661 1340 tempore,
1712 1287 1814 1328 nec

216 1376 331 1417 uno
366 1376 525 1418 more
565 1376 755 1418 omnes
803 1370 991 1419 tenent
1028 1361 1282 1418 Ecclesia:
1317 1381 1330 1417 :
1361 1363 1626 1435 siquidem
1658 1364 1816 1421 aliter

213 1449 575 1508 Alexandrini
616 1461 671 1510 et
710 1453 978 1521 Romani;
1024 1453 1183 1511 aliter
1215 1454 1454 1527 Egyptii
1485 1467 1645 1527 atque
1673 1457 1815 1515 The-

214 1541 344 1598 bani
380 1558 479 1599 eas
506 1543 782 1600 celebrant
814 1560 830 1598 :
866 1558 991 1601 nam
1019 1560 1119 1602 nec
1146 1545 1377 1602 Romani
1428 1564 1529 1605 nec
1577 1550 1812 1606 Alexan-

214 1632 358 1690 drini
402 1636 492 1692 die
540 1635 779 1694 Sabhato
813 1647 1111 1695 conventus
1158 1638 1379 1706 faciunt,
1436 1644 1576 1713 quod
1632 1643 1813 1702 facere

213 1727 646 1800 comprobantur
684 1731 737 1786 in
782 1732 1035 1787 universo
1061 1730 1280 1789 Oriente
1300 1733 1500 1790 Christi
1533 1735 1811 1803 Ecclesiae,

210 1832 268 1877 et
323 1821 571 1894 Egyptii
620 1824 836 1896 quidem
882 1826 997 1881 sive
1049 1824 1336 1883 Thebaidae
1388 1836 1837 1898 commorantes,’

211 1890 530 1986 quanquam
576 1890 892 1983 conventus,
945 1919 998 1974 id
1036 1929 1118 1974 est
1158 1920 1433 1993 collectas,
1474 1922 1678 1980 faciant
1726 1926 1813 1983 die
1838 1890 1890 1952 Β

212 2005 494 2077 Sahhato,
522 2025 628 2066 non
658 2017 836 2066 tamen
864 2023 1203 2069 sacramenta
1237 2016 1480 2085 corporis
1509 2026 1564 2073 et
1594 2019 1810 2091 sangui-

210 2101 296 2157 nis
335 2102 544 2159 Christi
596 2104 867 2175 accipiunt
901 2103 1115 2176 jejuni,
1156 2106 1250 2163 sed
1279 2107 1346 2163 ad
1376 2124 1654 2181 vesperam
1687 2120 1813 2183 post

209 2193 461 2249 ciborum
492 2195 844 2267 repletionem
872 2206 1059 2254 contra
1087 2200 1252 2255 totius
1292 2201 1441 2258 orbis
1466 2205 1812 2261 consuetudi-

208 2302 361 2343 nem.
405 2289 625 2345 Addunt
668 2290 832 2346 etiam
877 2305 989 2348 suae
1038 2295 1411 2351 consuetudini
1458 2294 1811 2356 Alexandrini

209 2389 467 2449 quartam
495 2392 551 2437 et
570 2389 778 2438 sextam
807 2381 1020 2451 feriam,
1044 2386 1241 2456 quibus
1270 2386 1486 2458 quidem
1510 2400 1811 2449 conventus

207 2470 426 2527 faciunt
458 2471 771 2546 Scripturas
820 2491 1006 2533 sacras
1051 2476 1311 2549 legentes,
1362 2480 1673 2539 doctoribus
1713 2501 1809 2544 eas

208 2566 703 2637 interpretantibus
733 2611 748 2635 ,
798 2586 906 2627 non
952 2579 1131 2628 tamen
1179 2573 1471 2631 solemnem
1513 2576 1807 2635 oblationis

207 2672 426 2714 morem
448 2661 502 2715 in
530 2660 617 2716 his
642 2661 832 2719 diebus
857 2672 1053 2735 agunt;
1086 2681 1186 2722 nec
1211 2673 1390 2722 tamen
1439 2678 1662 2739 propter
1705 2672 1809 2728 ista

209 2766 241 2805 a
268 2752 491 2809 caeteris
518 2753 875 2812 orientalibus
902 2757 1156 2815 Ecclesiis
1181 2762 1745 2832 excommunicautur,
1776 2782 1807 2821 a

210 2842 416 2913 quibus
438 2858 563 2900 esse
582 2845 779 2902 diversi
809 2847 1078 2904 videntur.
1131 2849 1408 2907 Thessalia
1436 2870 1650 2926 quoque
1684 2871 1809 2911 cum

214 2934 453 2991 diversa:
495 2937 568 2991 sit
611 2939 1023 2997 consuetudinis
1065 2957 1097 2997 a
1144 2944 1357 3000 caeteris
1403 2945 1758 3003 orientalibus
1792 2966 1805 3002 :

214 3043 347 3083 nam
396 3038 523 3099 post
566 3030 853 3089 clericatus
900 3035 1320 3107 susceptionem,
1368 3052 1477 3093 non
1531 3040 1812 3110 patiuntur

210 3120 476 3191 aliquem,
520 3123 664 3179 sicut
706 3123 1172 3197 historiographus
1211 3126 1301 3184 ille
1348 3136 1595 3196 testatur,
1640 3132 1805 3187 etiam

211 3213 495 3284 propriam
536 3230 697 3286 quam
730 3225 858 3273 ante
901 3217 1216 3274 clericatum
1264 3220 1501 3293 legitime
1555 3226 1804 3293 duxerat,

217 3314 551 3377 cognoscere
578 3323 822 3375 uxorem,
852 3311 994 3380 quod
1022 3310 1067 3365 si
1094 3310 1315 3379 fecerit,
1348 3314 1650 3372 ministerio
1696 3318 1807 3388 pri-

215 3403 408 3465 vatur;
434 3413 558 3454 cum
579 3414 680 3470 per
699 3409 922 3456 caeteras
947 3399 1183 3458 Orientis
1206 3403 1479 3462 Ecclesias
1507 3406 1686 3463 nullus
1708 3410 1810 3464 hac

212 3490 337 3561 lege
366 3490 771 3563 constringatur
792 3533 808 3558 ,
834 3507 1021 3549 verum
1046 3494 1265 3564 proprio
1294 3496 1631 3567 relinquatur
1665 3497 1814 3567 judi-

215 3583 301 3641 cio
322 3598 548 3653 suaeque
573 3583 866 3640 voluntatis
897 3585 1144 3652 arbitrio,
1177 3596 1236 3642 ut
1276 3603 1382 3644 non
1413 3589 1584 3645 solum
1616 3593 1811 3664 reliqui

213 3674 422 3746 gradus
468 3673 851 3742 ecclesiastici,
896 3690 1083 3731 verum
1124 3678 1425 3751 presbyteri
1471 3680 1807 3761 et‘episcopi

214 3765 471 3836 proprias
494 3779 633 3837 quas
660 3772 787 3822 ante
821 3766 1216 3824 ordinationem
1264 3769 1532 3840 legitimas
1572 3772 1819 3830 habuere

217 3873 443 3924 uxores,
471 3859 518 3914 si
544 3858 737 3926 velint,
773 3860 1077 3927 retineant;
1115 3878 1222 3917 non
1265 3870 1443 3919 tamen
1494 3866 1658 3923 liceat
1702 3884 1809 3925 non

214 3952 550 4008 habentibus
590 3952 807 4021 ducere,
839 3968 941 4011 nec
963 3955 1235 4025 prioribus
1262 3957 1530 4016 defunctis
1571 3961 1809 4018 secunda

214 4046 408 4103 sortiri
460 4046 829 4104 matrimonia.
887 4046 997 4104 Nec
1049 4057 1228 4106 tamen
1257 4051 1398 4114 Juec
1450 4052 1737 4109 diversitas
1777 4071 1810 4110 a

211 4136 599 4193 communione
631 4153 956 4210 quemquam
987 4152 1257 4213 segregat,
1305 4158 1429 4199 cum
1472 4147 1807 4204 consuetudo

212 4232 518 4287 discernat.
562 4230 619 4286 ln
642 4231 981 4304 baptismatis
1006 4249 1220 4305 quoque
1251 4243 1491 4307 tempore
1524 4239 1811 4296 diversita-

214 4332 326 4380 tem
398 4322 898 4381 Thessalonicensis
959 4326 1198 4383 Ecclesia
1268 4329 1407 4399 gerit
1460 4345 1490 4384 a
1544 4330 1808 4401 caeteris;

212 4415 658 4487 quandoquidem
717 4417 774 4472 iu
830 4416 1039 4473 Pascha
1100 4420 1474 4476 tantummodo
1525 4421 1808 4494 baptizat,

213 4524 343 4566 cum
378 4510 486 4564 duo
524 4509 635 4564 sint
672 4504 918 4580 tempore
965 4510 1230 4581 majorum
1277 4513 1598 4570 auctoritate
1628 4516 1806 4588 baptio

213 4600 380 4657 solati
414 4599 653 4663 decreta,
696 4594 920 4656 Pascha:
954 4596 1203 4656 videlicet
1236 4610 1292 4658 et
1324 4601 1691 4662 Pentecostes.

282 4691 430 4759 Quid
476 4690 778 4748 Antiochiae
824 4692 999 4764 Syriae
1047 4707 1373 4759 memorem,
1420 4697 1506 4751 cui
1556 4713 1673 4753 mos
1720 4708 1807 4755 est

212 4786 392 4841 altare
431 4801 537 4841 non
575 4786 643 4840 ad
670 4786 936 4842 orientem
962 4786 1234 4852 Ecclesize,
1276 4789 1370 4843 sed
1405 4790 1577 4861 magis
1612 4791 1678 4845 ad
1709 4803 1805 4845 oc-

215 4879 491 4935 cidentem
533 4877 781 4933 habere?
814 4877 1441 4948 Constantiuopolitanos
1465 4881 1607 4935 idem
1637 4880 1808 4935 histo-

219 4971 545 5044 riographus
600 4970 788 5037 refert,
845 4971 897 5025 in
944 4970 1254 5040 recipiendo
1282 4971 1367 5026 vel
1396 4970 1693 5042 rejicicndo
1727 4972 1808 5028 bi-

220 5064 398 5121 nribus
441 5077 547 5118 non
596 5062 737 5118 idem
783 5061 1007 5127 sentire,
1049 5062 1143 5117 sed
1182 5076 1304 5118 esse
1334 5064 1553 5128 divisos,
1584 5063 1808 5135 quibus-

218 5153 346 5209 dam
378 5152 739 5211 sentientibus
778 5166 967 5209 eorum
1027 5153 1389 5222 receptionem
1412 5193 1429 5219 ,
1482 5156 1807 5225 quibusdam

1829 4654 1885 4717 D

1918 620 2013 677 net
2032 623 2167 678 orbe
2187 624 2511 679 universalis
2532 624 2797 691 Ecclesia,
2824 633 2879 679 et
2904 623 3072 680 velint
3101 642 3130 680 a
3154 643 3250 681 sua
3270 640 3523 692 consue-‘

1917 713 2101 769 tudine
2139 726 2240 770 nec
2279 714 2556 770 Romanos
2581 757 2595 781 ,
2642 731 2742 772 nec
2781 717 3146 774 occidentales
3173 719 3505 792 discrepare,

1916 805 2349 875 quandoquidem
2380 805 2685 863 Orientales
2716 808 3030 864 multimoda
3074 818 3394 880 separentur
3418 812 3525 868 va-‘

1915 896 2126 953 rietate.
2336 901 2450 969 ipsa
2494 899 2991 973 Constantinopolis
3022 905 3181 961 unius
3216 916 3503 964 consuetu-

1916 990 2056 1045 dinis
2081 1002 2165 1047 est
2194 1006 2342 1049 mere
2370 994 2667 1050 contenta?

1986 1081 2184 1136 Parum
2228 1092 2312 1138 est
2349 1084 2417 1138 de
2463 1085 2855 1142 consuetudine
2891 1087 3226 1145 credentium
3262 1090 3315 1144 iu
3346 1088 3505 1145 Chri-

1916 1180 2058 1229 stum
2088 1174 2307 1229 diversa-
2345 1174 2548 1231 dixisse
2570 1217 2585 1242 ,
2630 1176 2674 1230 si
2700 1192 2807 1233 non
2836 1174 2999 1233 etiam
3028 1177 3333 1236 Judaeorum
3362 1179 3507 1251 quod

1917 1282 2024 1322 non
2066 1266 2229 1323 fuerit
2264 1267 2554 1325 uniformis
2595 1271 2874 1341 religionis
2926 1274 3236 1332 observatio
3285 1277 3507 1333 demon-

1917 1368 2170 1415 strcmus.
2209 1361 2467 1429 Quamvis
2495 1364 2638 1419 enim
2676 1366 2767 1420 uni
2814 1364 2925 1422 Deo
2968 1367 3232 1423 culturam
3271 1369 3507 1424 debitam

1918 1452 2240 1509 exhiberem
2267 1497 2281 1521 ,
2313 1464 2368 1510 et
2400 1455 2647 1513 Mosaica:
2686 1457 2820 1527 legis
2847 1462 3135 1531 praeceptis
3162 1463 3508 1517 contineren-

1918 1555 2028 1612 tur,
2058 1547 2200 1603 circa
2227 1556 2406 1604 tamen
2432 1551 2645 1606 vivendi
2668 1552 3139 1619 consuetudinem,
3161 1567 3504 1626 morumque,

1920 1638 2134 1710 regulas
2184 1655 2288 1696 non
2326 1638 2673 1699 nuiformiter
2709 1645 3027 1715 agebantur,
3078 1643 3504 1716 sicutJosephus

1917 1730 2386 1803 historiographus
2434 1734 2649 1790 illorum
2706 1736 2789 1791 his
2867 1737 3045 1792 verbis
3108 1726 3505 1794 commemorat

1918 1820 2029 1892 (lib.
2071 1837 2227 1887 xvtu,
2255 1840 2370 1894 cap.
2399 1824 2455 1891 2,
2487 1826 2629 1896 init.)
2661 1843 2673 1880 :
2726 1845 2745 1879 α
2770 1824 2987 1892 Iudaeis,
3033 1828 3241 1898 inquit,
3269 1828 3506 1897 philoso-

1914 1911 2057 1983 phiae
2088 1921 2198 1969 tres
2222 1922 2378 1969 erant
2404 1915 2472 1970 ab
2498 1914 2653 1970 initio
2680 1916 2945 1973 institutis
2972 1917 3166 1988 patriis
3186 1918 3458 1973 derelictae
3485 1936 3499 1974 :

1915 2004 2245 2063 Esseuorum
2271 2050 2286 2075 ,
2338 2008 2761 2067 Sadducmorum
2784 2054 2799 2077 ,
2849 2022 2903 2067 et
2953 2011 3111 2067 tertia
3138 2028 3244 2083 qua
3269 2013 3502 2085 philoso-

1911 2098 2219 2169 phabantur
2242 2102 2336 2173 qui
2393 2102 2714 2159 dicebantur
2741 2101 3021 2159 Pharisaei.
3067 2103 3328 2160 Pharis-.ei
3358 2106 3501 2160 enim

1914 2191 2286 2260 quotidianam
2341 2195 2813 2251 conversationem
2858 2196 3108 2268 exiguam
3161 2195 3396 2262 habent,
3451 2204 3508 2252 ct

1913 2297 2138 2354 prorsus
2186 2286 2486 2357 abjectam;
2534 2287 2666 2343 nihil
2703 2287 3199 2345 mollitudiniaaut
3247 2289 3507 2345 delicatu-

1912 2374 2025 2430 dini
2047 2377 2265 2447 penitus
2292 2378 2630 2450 indulgentes
2651 2420 2667 2447 ,
2694 2379 2790 2435 sed
2819 2395 3154 2450 quaecunque
3174 2378 3381 2450 judicio
3413 2397 3503 2434 ra-

1915 2468 2079 2523 tionis
2099 2478 2352 2541 oportere
2382 2480 2660 2542 comperta
2689 2482 2837 2538 sunt,
2861 2471 2951 2526 illa
2983 2479 3301 2541 sequuntur.
3359 2471 3507 2526 ιιι-ξε-

1911 2561 2106 2633 positis
2133 2562 2282 2618 nullo
2322 2564 2485 2619 modo
2530 2564 2901 2630 reluctantur;
2934 2563 3166 2634 majores
3193 2571 3320 2619 natu
3358 2580 3506 2620 com-

1912 2655 2120 2725 petenti
2163 2656 2367 2711 houore
2407 2666 2755 2722 venerantur,
2808 2657 2884 2711 ita
2925 2666 2984 2711 ut
3036 2672 3137 2712 nec
3167 2657 3505 2713 contrarium

1914 2748 2173 2817 quiddam
2222 2748 2512 2820 aliquando
2560 2750 2940 2821 respondeant.
2996 2750 3131 2808 Fato
3172 2751 3285 2823 geri
3323 2750 3523 2831 omnia

1914 2840 2171 2908 credunt;
2197 2843 2292 2898 sed
2316 2858 2490 2913 neque
2519 2842 2747 2899 liberum
2778 2845 3059 2901 arbitriqu
3090 2845 3324 2900 hominis
3355 2844 3507 2900 aufe-

1916 2930 2058 2985 runt.
2097 2930 2365 2989 Iudicium
2396 2935 2491 2990 Dei
2519 2935 2759 2991 futurum
2789 2951 2911 2992 esse
2942 2937 3213 3003 sentiunt;
3245 2936 3353 2992 illic
3379 2952 3510 2992 cun-

1915 3029 2031 3077 ctos
2056 3023 2304 3079 homines
2332 3026 2547 3097 pr0pria
2571 3026 2762 3081 merita
2796 3036 3131 3098 recepturos,
3162 3035 3269 3081 tam
3292 3042 3386 3083 eos
3413 3027 3508 3098 qui

1914 3117 2211 3171 secundum
2246 3118 2500 3175 virtutem
2529 3120 2780 3187 vixerint,
2814 3136 2973 3192 quam
3002 3120 3120 3177 illos
3141 3122 3231 3193 qui
3264 3121 3508 3193 nequitia
3564 3172 3574 3195 ,θ

1916 3208 2194 3279 depravati
2241 3221 2385 3265 sunt.
2444 3211 2666 3269 Animas
2697 3221 2877 3269 autem
2919 3215 3255 3272 immortales
3278 3216 3502 3283 dicunt;
3558 3198 3575 3231 ς

1918 3303 2010 3357 sed
2038 3304 2201 3358 etiam
2252 3305 2304 3359 in
2343 3306 2556 3362 inferno
2589 3323 2827 3380 congrua
2868 3309 3159 3383 unicuique
3200 3309 3507 3366 habitacula

1915 3410 2014 3465 pro
2040 3397 2234 3452 merito
2263 3397 2347 3451 vel
2376 3399 2591 3455 virtutis
2634 3398 2719 3455 vel
2746 3401 3044 3471 iniquitatis
3075 3402 3334 3468 attribui,
3366 3402 3508 3457 sicut
3557 3466 3569 3481 .

1916 3489 2207 3559 unicuique
2253 3492 2456 3547 viventi
2504 3494 2793 3563 gerebatur
2840 3496 3117 3551 studium:
3148 3507 3196 3553 et
3231 3496 3363 3554 alias
3383 3499 3507 3568 qui-
3550 3492 3571 3567 ἐξ

1917 3581 2035 3635 dem
2069 3582 2278 3639 animas
2300 3587 2516 3641 aeternis
2546 3588 2750 3643 retrudi
2776 3589 3123 3656 carceribus;
3155 3589 3289 3645 alias
3322 3600 3503 3645 autem
3544 3584 3569 3665 ᾗ

1917 3669 2229 3727 facilitatem
2276 3676 2630 3731 reviviscendi
2670 3678 2970 3749 percipere.
3022 3678 3087 3733 Et
3115 3681 3185 3734 ob
3227 3680 3342 3735 lucc
3384 3681 3507 3751 qui-

1915 3762 2035 3815 dem
2062 3763 2273 3833 populis
2311 3767 2706 3836 acceptabiles,
2753 3768 3147 3840 credibilcsque
3179 3771 3501 3828 consistunt.

1915 3853 2402 3928 Quantumcunque
2449 3857 2576 3914 item
2616 3859 2684 3915 ad
2720 3859 3018 3917 divinitatis
3042 3862 3307 3917 culturam
3337 3864 3507 3934 perti-

1914 3955 2067 4014 nent,
2094 3949 2397 4006 orationum
2424 3951 2821 4008 celebrationes
2840 3994 2855 4020 ,
2892 3953 3216 4027 templorum
3242 3955 3505 4011 constitu-

1917 4038 2089 4094 tiones
2134 4041 2563 4111 expositionibus
2598 4043 2711 4099 suis
2738 4041 2984 4100 facienda
3025 4061 3147 4102 esse
3184 4047 3502 4117 praedicant.

1914 4129 2050 4187 Nam
2082 4142 2290 4189 tantum
2311 4135 2475 4190 studii
2496 4152 2681 4192 eorum
2701 4136 2982 4209 praelatum
3004 4147 3088 4195 est
3111 4139 3501 4208 testimonium,

1914 4233 1975 4281 ut
1996 4225 2064 4280 ad
2088 4239 2187 4282 eos
2212 4227 2457 4297 plurimas
2493 4228 2776 4295 civitates,
2824 4237 2879 4285 et
2927 4229 3161 4285 maxima
3194 4230 3503 4296 multitudo,

1915 4333 2036 4374 cum
2086 4319 2263 4375 studio
2291 4321 2483 4392 grandi
2516 4322 2789 4379 conﬂuant
2811 4365 2826 4391 ,
2872 4324 3126 4395 opinione
3151 4326 3366 4381 adducti
3396 4342 3506 4397 qua

1914 4409 2167 4465 meliores
2212 4413 2424 4467 caeteris
2461 4413 2819 4469 aestimantur.
2863 4412 3143 4471 Sadducmi
3177 4425 3353 4471 autem
3381 4417 3503 4473 aui—

1915 4514 2032 4557 mas
2062 4503 2317 4559 mortales
2348 4505 2695 4572 existimant,
2739 4506 3010 4577 simulque
3033 4522 3155 4562 cum
3181 4508 3503 4580 corporibus

1916 4596 2172 4662 interire;
2208 4595 2383 4653 nullas
2412 4613 2539 4655 vero
2579 4599 2713 4656 alias
2753 4601 3161 4658 observationes
3190 4612 3391 4674 praeter
3419 4601 3502 4660 le-

1910 4699 2035 4755 gem
2066 4687 2378 4743 custodiunt
2406 4706 2419 4743 :
2445 4688 2705 4745 adversus
2750 4690 3002 4747 doctores
3044 4701 3224 4747 autem
3264 4693 3503 4763 philoso-

1910 4779 2051 4849 phia:
2095 4794 2207 4834 suae
2245 4789 2457 4835 certare
2500 4789 2555 4836 et
2590 4782 2746 4836 reniti
2784 4783 3073 4854 gloriosum
3100 4792 3497 4853 annumerant;

1912 4871 2007 4925 sed
2033 4871 2098 4925 ad
2128 4885 2331 4940 paucos
2361 4872 2649 4927 admodum
2692 4873 2940 4929 doctrina
2971 4875 3243 4945 pervenit,
3271 4874 3355 4929 vel
3379 4891 3498 4931 mo-

1912 4960 2013 5016 dus
2038 4961 2464 5017 exercitationis.
2512 4963 2778 5020 Primates
2807 4974 2984 5020 autem
3027 4963 3167 5037 apud
3200 4981 3295 5024 eos
3326 4967 3503 5039 digni-

1914 5055 2115 5110 tatibus
2144 5056 2550 5129 honoribusque
2573 5058 2937 5115 celebrantur.
2998 5058 3189 5116 Esseni
3219 5070 3399 5118 autem
3430 5060 3501 5120 ad

1912 5146 2082 5203 Deum
2109 5157 2302 5203 cuncta
2328 5150 2596 5222 redigunt.
2621 5149 2987 5206 Immortalem
3016 5152 3252 5207 animam
3276 5153 3498 5209 dicunt:

220 5246 669 5302 dissentientibus
698 5254 874 5301 ratum
902 5260 1026 5302 esse
1059 5263 1072 5300 :
1102 5261 1225 5301 cum
1246 5247 1594 5303 occidentalis
1632 5250 1810 5305 omnis

1916 5235 2173 5305 iustitiam
2214 5246 2394 5293 autem
2436 5255 2551 5295 rem
2592 5239 2929 5311 pretiosam,
2968 5256 3068 5312 pro
3095 5258 3203 5312 qua
3235 5259 3406 5314 usque
3431 5241 3503 5299 ad

220 5338 465 5395 Ecclesia
494 5338 612 5395 sine
635 5338 1063 5395 contradictione
1084 5337 1264 5409 palam
1311 5339 1567 5409 recipiat;
1599 5355 1699 5397 nec
1729 5350 1813 5396 ta-

221 5444 350 5485 men
395 5428 479 5484 sic
524 5429 746 5485 interse
774 5429 1167 5487 consuetudine
1191 5428 1375 5496 divisi,
1406 5428 1835 5487 communionis

222 5527 435 5583 unitate
481 5535 823 5598 separantur.
884 5527 1072 5600 Rogo,
1113 5542 1233 5597 qua:
1276 5526 1348 5582 sit
1375 5526 1478 5593 ista
1522 5526 1807 5595 sapientia,

221 5619 311 5676 vel
330 5634 503 5679 sacra
530 5620 683 5680 zelus
706 5619 1001 5693 religionis,
1026 5627 1087 5677 ut
1111 5619 1256 5677 circa
1280 5618 1556 5679 Romanos
1582 5633 1688 5674 non
1715 5632 1811 5688 pa-

264 5814 326 5848 ιι
367 5800 522 5860 Nihil
570 5802 910 5857 mollitudini.
984 5800 1075 5857 Sic
1123 5800 1429 5856 emendavit
1466 5797 1808 5864 Cotelerius,

230 5892 390 5956 quem
444 5874 726 5934 consulere
779 5882 933 5948 potes
997 5880 1144 5930 tumo
1192 5870 1210 5926 Ι
1272 5870 1600 5927 Monument.
1660 5869 1807 5925 Eccl.

1912 5339 2141 5405 mortem
2172 5331 2515 5402 pugnandum
2543 5346 2664 5387 esse
2702 5332 3016 5405 praedicant.
3071 5332 3129 5389 ln
3176 5335 3373 5405 templo
3398 5351 3499 5391 au-

1916 5430 2023 5475 tem
2068 5421 2411 5476 anathemata
2455 5422 2762 5492 prohibent.
2832 5421 3118 5481 Sacriﬁcia
3165 5424 3251 5480 vel
3297 5424 3503 5481 hostias

1916 5528 2039 5568 cum
2065 5514 2259 5585 populo
2283 5530 2389 5569 non
2416 5516 2723 5583 celebrant,
2751 5519 2894 5588 quod
2927 5533 2988 5574 se
3007 5518 3297 5591 plurimum
3326 5519 3395 5574 ab
3422 5517 3506 5596 eis

1918 5614 2109 5676 putant
2137 5607 2398 5663 munditia
2423 5607 2506 5664 vel
2540 5612 2831 5667 sanctitate
2854 5609 3071 5669 differre
3103 5619 3160 5666 et
3176 5610 3375 5669 merito
3398 5625 3413 5664 :
3442 5621 3503 5669 se

1917 5788 2156 5915 emtas,
2219 5805 2339 5862 pag.
2392 5788 2519 5847 762.
2570 5790 2745 5849 Antea
2796 5772 3080 5866 legebatur
3119 5787 3445 5847 malum»;
3478 5801 3504 5845 .-

1919 5876 2042 5915 llleD
2068 5878 2118 5915 e.

1919 5876 2118 5931 mepte.
