4026 6346
452 326 551 387 3H

1486 320 1845 378 RATRAMNI
1884 314 2332 376 CORBEIENSIS
2371 316 2680 376 MONACHI
2757 333 2763 337 '
2828 331 2835 337 '

3184 264 3210 283 τε

3636 328 3748 385 512

453 462 485 501 a
510 443 785 500 communi
814 438 1228 512 congregatione
1249 432 1588 501 discernunt,
1614 437 1669 491 in
1695 434 1919 490 remotis
1941 449 2029 489 sa-
2060 431 2409 522 pjejunent;
2457 434 2898 507 quandoquidem
2947 435 3050 510 ipsi
3099 433 3185 497 vei
3234 435 3549 500 Orientales
3593 450 3752 503 omni:

455 535 661 595 criticia
703 531 997 595 facientes;
1047 527 1196 583 cultu
1230 541 1360 581 vero
1385 541 1598 581 morum
1624 534 1787 596 atque
1814 537 2063 581 converr

452 629 664 683 satione
689 623 916 695 optimi,
964 622 1029 675 ad
1058 617 1338 676 colendam
1368 626 1566 673 terram
1599 625 1655 673 et
1681 615 2038 673 exercendam

454 712 819 776 omni‘studio
863 714 1077 771 intenti.
1129 711 1263 769 Illud
1301 712 1462 767 etiam
1506 710 1705 767 habent
1736 710 1955 781 dignum
1984 716 2043 763 et

453 810 611 867 valde
636 807 881 864 mirabile
904 848 919 873 ,
945 806 1091 877 quod
1115 805 1168 860 in
1205 805 1327 860 aliis
1356 820 1463 860 non
1499 803 1741 859 invenias
1766 802 2038 873 gentibus,

452 912 564 960 tam
612 901 926 958 Graecorum
958 914 1120 968 quam
1151 898 1314 954 etiam
1339 898 1729 962 barbarorum,
1759 886 1903 966 quod
1923 910 2042 950 om-

454 1008 554 1050 nes
585 992 692 1047 illis
730 991 785 1046 in
825 990 1006 1045 medio
1049 1005 1181 1061 opes
1221 1001 1382 1055 sunt,
1409 989 1553 1043 etab
1582 987 1662 1042 eis
1682 984 1864 1042 omnia
1894 1000 2042 1041 com-

455 1083 641 1141 munia
690 1080 1240 1153 possidenturmihil
1277 1078 1510 1150 amplius
1556 1078 1701 1133 inter
1746 1092 1841 1133 eos
1879 1075 2042 1131 ditior

451 1173 675 1240 fruitur,
719 1173 854 1229 nihil
897 1172 1231 1243 pauperibus
1281 1170 1653 1235 defraudatur,
1706 1184 1771 1225 ac
1821 1169 1866 1223 si
1907 1167 2041 1222 nihil

451 1268 676 1324 omnino
694 1266 1055 1339 possideatur.
1080 1264 1219 1322 Sunt
1247 1274 1425 1320 autem
1452 1270 1857 1334 superquatuor
1878 1262 2042 1317 millia

452 1357 736 1413 hominum
759 1371 1005 1412 numero.
1071 1355 1279 1412 Uxores
1315 1370 1422 1410 non
1453 1354 1687 1420 ducunt;
1720 1368 1895 1422 neque
1928 1367 2042 1407 ser-

456 1463 558 1505 vos
578 1448 782 1504 habere
821 1446 1109 1513 festinant;
1153 1447 1296 1502 aliud
1318 1446 1515 1517 quippe
1545 1444 1865 1515 iniquitatis,
1898 1443 2067 1511 aliud

458 1540 743 1597 seditionis
780 1540 1239 1611 opportunitatem
1289 1539 1579 1595 aestimant.
1635 1536 1726 1593 Isti
1783 1552 1915 1608 ergo
1959 1550 2047 1591 se-

457 1635 649 1689 motim
700 1633 843 1704 apud
868 1634 1188 1705 semetipsos
1229 1633 1506 1702 adjuvant,
1542 1642 1729 1687 mutua
1753 1632 1855 1687 sibi
1888 1631 2045 1687 vicis-

455 1723 693 1780 situdine
731 1723 1121 1778 ministrantes.
1174 1722 1529 1793 Susceptores
1565 1733 1746 1778 autem
1772 1720 2044 1777 redituum

2147 522 2384 580 Sabbato
2405 528 2743 597 prandeant,
2776 529 3085 586 nescientes
3105 568 3121 597 ,
3158 542 3219 586 ut
3255 533 3566 599 credimus,
3598 538 3750 606 quod'

2145 631 2251 671 non
2281 631 2471 673 omnes
2496 615 2876 676 Occidentales
2914 620 3174 678 Ecclesiae
3208 623 3314 680 hac
3353 627 3755 683 consuetudine:

2146 715 2451 775 teneantur,
2488 708 2584 765 sed
2618 709 2896 777 Romana,
2928 712 3016 767 vel
3045 714 3164 770 aliae
3194 717 3445 786 quaedam
3479 716 3755 775 Occiden-s

2146 800 2282 856 tales
2302 800 2589 868 Ecclesiae;
2623 803 2886 873 siquidem
2917 804 3090 873 major
3135 823 3396 865 numerus
3421 809 3753 868 Occidenta-A

2144 892 2275 948 lium
2309 895 2362 949 in
2396 891 2640 950 Sabbato
2678 911 2785 952 non
2823 895 3036 967 jejunat
3063 917 3076 952 :
3108 913 3211 955 nec
3242 908 3425 958 tamen
3465 901 3754 960 Romanos:

2143 994 2433 1055 propterea
2458 984 2765 1055 jejunantes
2807 989 3208 1058 reprehendunt
3240 1032 3256 1059 ,
3306 993 3390 1049 vel
3418 1009 3451 1049 a
3483 994 3752 1053 Romanis

2139 1074 2512 1146 jejtmantibus
2561 1078 2662 1148 ipsi
2704 1081 3196 1150 reprehenduntur.
3266 1081 3548 1140 Noverunt
3595 1087 3749 1141 enim;

2148 1168 2218 1224 ab
2245 1168 2502 1238 Apostolo
2547 1170 2751 1225 dictum
2790 1189 2804 1223 :
2858 1171 2963 1237 Qui
3011 1174 3335 1241 manducet,
3374 1193 3479 1231 non
3510 1178 3747 1231 manduo

2147 1270 2351 1315 cantem
2400 1259 2579 1335 [non]
2625 1274 2837 1333 spernat
2864 1281 2882 1326 ;
2921 1273 2967 1318 et
2994 1266 3082 1335 qui
3108 1266 3425 1331 manducet,
3459 1285 3565 1323 non
3591 1286 3756 1323 man-

2147 1349 2429 1406 durantem
2482 1369 2587 1407 non
2612 1353 2817 1423 judice!
2867 1353 3039 1425 (Rom.
3081 1372 3212 1422 xw,
3251 1356 3330 1427 3).
3394 1356 3508 1415 Nec
3562 1368 3754 1415 tamen:

2147 1458 2337 1499 omnes
2378 1444 2683 1502 Orientales
2728 1446 2984 1502 Ecclesia:
3008 1447 3246 1504 Sabbato
3273 1447 3452 1523 [non]
3487 1449 3757 1520 jejunare:

2146 1533 2647 1605 deprehenduntur.
2734 1537 3102 1593 Alexandrina
3165 1555 3400 1610 namque
3455 1556 3581 1596 cum
3635 1539 3757 1598 Ro—

2147 1643 2307 1683 mana
2361 1628 2539 1699 prisca
2576 1626 2693 1697 jam
2743 1629 3033 1686 traditione
3079 1645 3241 1701 super
3272 1631 3481 1702 jejunio
3521 1631 3755 1690 Sabhatii

2150 1720 2437 1775 consentit.
2479 1719 2693 1775 Etenim
2728 1720 2968 1777 collectae
3000 1736 3107 1776 non
3132 1721 3269 1777 ﬁunt
3291 1736 3358 1778 eo
3387 1722 3477 1779 die
3503 1719 3756 1780 Aleian-

453 1822 817 1885 promovent,
857 1823 1247 1884 curatoresque
1288 1814 1654 1879 constituunt,
1697 1813 1795 1883 qui
1843 1819 2036 1867 cuncta
2063 1805 2115 1867 B
2141 1810 2294 1875 driae,
2328 1810 2487 1865 sicuti
2516 1825 2618 1866 nec
2644 1811 2845 1867 Romae.
2908 1810 3060 1868 Unde
3108 1820 3443 1868 monstratur
3487 1813 3745 1870 Alexan-

458 1920 581 1975 quae
610 1913 760 1961 terra
788 1903 996 1976 profert
1022 1906 1076 1960 in
1112 1922 1244 1961 usus
1270 1906 1606 1961 necessarios
1639 1904 2040 1960 administrent.
2066 1964 2071 1971 Α

459 1997 782 2053 Sacerdotes
823 1996 1003 2052 autem
1046 1998 1279 2067 optimos
1309 1998 1453 2059 viros
1479 1997 1719 2067 eligunt:
1750 1996 1905 2051 cibus
1939 1995 2046 2050 illis
2072 2034 2075 2039 -

458 2088 687 2159 simplex
715 2097 817 2153 est,
852 2088 1070 2144 habitus
1101 2088 1506 2157 insumptuosus
1528 2096 1583 2142 et
1609 2087 1860 2142 mundus.
1893 2106 1911 2139 ι
1944 2086 2047 2142 De-

456 2180 647 2236 scribit
677 2180 853 2236 adhuc
883 2178 1149 2249 Josephus
1190 2180 1290 2235 iste
1326 2179 1514 2251 (Ibid.,
1541 2181 1596 2233 in
1622 2179 1770 2249 ﬁne),
1794 2187 2047 2247 quartam

455 2270 688 2339 speciem
725 2268 1076 2339 philosophite
1098 2310 1112 2333 ,
1159 2284 1279 2338 quae
1316 2284 1485 2338 penes
1524 2266 1739 2323 Judaeos
1766 2268 2044 2339 agebatur,

457 2360 613 2429 cujus
656 2360 956 2430 principem
1000 2360 1131 2414 dicit
1177 2358 1369 2414 Judam
1421 2358 1731 2423 exstitisse,
1763 2373 1923 2427 quam
1964 2359 2047 2413 vel

454 2461 676 2523 propter
699 2453 1017 2509 brevitatem
1054 2453 1373 2516 omisimus,
1414 2451 1500 2506 vel
1540 2452 1687 2521 quia,
1726 2450 1935 2507 noviter
1962 2465 2049 2506 re-

456 2554 632 2616 perta,
662 2545 875 2600 cmteris
906 2542 1131 2599 inferior
1158 2542 1473 2599 habebatur.

539 2636 825 2693 Posuimus
853 2635 956 2692 ista
980 2628 1286 2690 Iudaeorum
1312 2635 1556 2690 volentes
1593 2633 1881 2691 ostendere
1907 2634 2050 2689 circa

462 2728 774 2784 Divinitatis
817 2728 1031 2798 quidem
1077 2727 1378 2793 culturam,
1425 2733 1481 2781 et
1522 2725 1769 2782 Mosaicae
1794 2725 1930 2797 legis
1950 2726 2048 2781 ob-

462 2821 822 2885 servantiam,
857 2834 964 2874 non
997 2818 1315 2887 dissimilem
1341 2834 1496 2876 usum
1528 2818 1803 2884 habuisse,
1827 2819 2053 2889 parique

462 2910 643 2964 studio
666 2909 963 2974 ferbuisse;
989 2917 1046 2964 at
1067 2924 1194 2964 vero
1219 2908 1542 2964 moralitatis
1562 2909 2049 2973 conversationem,

462 3010 517 3056 et
546 3001 822 3072 religionis
844 3001 1086 3056 habitum
1112 3000 1271 3071 longe
1297 3001 1615 3058 dissimilem
1649 3002 1904 3058 tenuisse.
1934 3001 2053 3057 Non

463 3093 609 3161 quod
632 3092 845 3148 illorum
872 3093 1078 3149 nostris
1098 3093 1434 3163 temporibus
1460 3094 1820 3164 approbemus
1844 3093 2056 3164 religio-

2151 1904 2333 1959 drinos
2365 1902 2600 1959 Sabbato
2639 1919 2743 1959 non
2788 1904 3079 1975 prandere,
3121 1904 3262 1961 sicut
3304 1919 3408 1961 nec
3438 1906 3749 1964 Romanos-

2148 1994 2206 2051 lu
2235 1995 2424 2051 diebus
2451 1995 2597 2051 enim
2629 1995 2975 2052 collectarum
3012 2004 3066 2051 et
3091 2007 3433 2053 sacramenta
3458 2000 3631 2056 moris
3656 2009 3751 2056 est:

2151 2087 2418 2143 coniicere
2445 2097 2606 2158 atque
2632 2089 2945 2159 percipere,
2977 2088 3254 2159 etjejunia
3297 2089 3539 2154 solvere;
3569 2106 3753 2161 penes

2154 2187 2332 2236 tamen
2363 2180 2666 2236 Thebaidos
2697 2189 2753 2236 et
2790 2180 3074 2253 Egyptios
3103 2183 3437 2238 consuetudo
3485 2192 3571 2238 est
3606 2182 3761 2254 jeju~

2152 2272 2301 2326 nium
2329 2272 2545 2342 quidem
2583 2270 2819 2327 Sabbato
2839 2273 3071 2340 solvere,
3103 2285 3448 2331 sacramenta
3473 2290 3608 2331 vero
3639 2274 3747 2332 Do-

2152 2365 2338 2419 minici
2375 2366 2617 2436 corporis
2654 2375 2708 2420 et
2735 2366 3161 2438 sanguinis'non
3204 2367 3309 2422 nisi
3348 2368 3417 2423 ad
3456 2382 3758 2438 vesperam-

2149 2456 2430 2527 percipere
2465 2464 2585 2527 post
2622 2457 2867 2511 ciborum
2912 2456 3306 2527 expletionem;
3338 2473 3439 2514 nec
3468 2466 3650 2515 tamen
3675 2475 3747 2516 ex

2150 2549 2255 2604 hoc
2278 2550 2346 2603 ab
2376 2548 2496 2603 aliis
2521 2547 2776 2604 Ecclesiis
2801 2550 3049 2619 redargui
3072 2550 3441 2617 inveniuntur,
3467 2549 3597 2606 licet
3623 2550 3761 2606 nul--

2152 2641 2257 2697 lam
2289 2657 2451 2713 super
2479 2642 2581 2697 hac
2611 2657 2672 2697 re
2697 2642 2976 2697 inveniant
3004 2642 3303 2699 Ecclesiam
3326 2642 3485 2713 cujus
3510 2659 3767 2715 sequan»

2156 2741 2245 2789 tur
2268 2733 2748 2799 consuetudinem;
2788 2741 2971 2788 utrum
3001 2740 3185 2789 tamen
3223 2741 3280 2788 et
3303 2734 3373 2789 ab
3408 2733 3528 2791 istis
3556 2749 3764 2806 repr

2154 2826 2475 2882 hensoribus
2506 2824 2731 2881 novellis
2753 2825 3162 2896 redarguantur,
3196 2825 3470 2885 nescimus
3499 2844 3513 2881 :
3541 2827 3766 2883 scimus

2154 2929 2333 2977 tamen
2362 2918 2634 2975 Romanos
2676 2916 2746 2973 ab
2788 2916 3029 2989 apostolo
3058 2915 3222 2973 Petro
3273 2918 3576 2984 institutos,
3607 2918 3771 2975 sicut:

2156 3014 2497 3083 antiquorum
2545 3009 2651 3066 fert
2694 3009 2934 3076 traditio,
2984 3016 3043 3064 ut
3085 3009 3140 3064 in
3191 3007 3430 3065 Sabbato
3475 3008 3762 3079 jejunentw

2157 3105 2426 3161 Scribitur
2449 3103 2594 3158 enim
2621 3101 2842 3157 Petrum
2889 3109 2943 3156 et
2977 3099 3203 3156 Paulum
3238 3100 3510 3172 apostolos
3552 3110 3759 3158 contra.

463 3197 622 3247 nem;
657 3195 844 3238 verum
871 3191 1177 3239 monstrare
1201 3181 1445 3239 volentes
1474 3184 1617 3253 quod
1646 3184 1698 3238 in
1721 3183 1883 3239 unius
1903 3183 2051 3239 cultu
2079 3171 2127 3235 C
2158 3198 2433 3253 Simonem
2456 3195 2668 3267 Magum
2691 3195 3041 3251 dimicaturos
3061 3195 3148 3251 die
3169 3193 3405 3251 sabbato
3426 3192 3706 3264 jejunasse
3730 3215 3761 3252 ε

466 3274 779 3330 Divinitatis
802 3288 927 3330 cum
952 3273 1160 3331 similes
1182 3275 1538 3341 exstitissent,
1563 3274 1752 3331 habitu
1772 3290 1903 3332 vero
1923 3290 2053 3331 con-

464 3368 790 3424 versationis
818 3366 1143 3434 dissimiles,
1192 3383 1300 3424 non
1347 3377 1537 3449 tamen
1574 3376 1858 3440 propterea
1898 3383 1957 3425 se
1984 3368 2052 3425 ab

464 3463 728 3519 alterutra
770 3463 1153 3520 communione
1199 3464 1578 3530 secernebant,
1621 3464 1717 3520 sed
1747 3464 1800 3519 in
1831 3464 2054 3520 unitatis

465 3558 779 3617 societatem
808 3565 1093 3614 manentes
1113 3598 1129 3624 ,
1170 3558 1568 3629 patientissime
1599 3557 1897 3613 tolerabant
1936 3573 2052 3614 mo-

467 3671 585 3710 rum
627 3652 1071 3712 consuetudinem
1111 3666 1217 3707 non
1257 3653 1499 3707 omnium
1526 3650 1643 3708 fore
1675 3652 2049 3719 consimilem;

467 3749 703 3804 scientes
729 3749 865 3806 nihil
892 3747 1017 3805 ﬁdei
1046 3760 1158 3805 sua:
1186 3759 1488 3819 repugnare
1531 3745 1853 3802 moralitatis
1881 3745 2056 3801 diver—

468 3840 683 3894 sitatem
712 3859 724 3894 :
755 3841 1191 3910 quandoquidem
1231 3840 1299 3895 de
1328 3841 1439 3897 Deo
1460 3882 1475 3905 ,
1502 3841 1676 3910 deque
1706 3838 1837 3911 legis
1863 3838 2054 3896 obser-

468 3931 655 3983 vantia
703 3941 1094 4001 praeceptorum
1135 3932 1383 3985 eumdem
1437 3930 1697 3986 haberent
1752 3946 2052 3987 assensum.

470 4018 539 4072 Et
574 4033 703 4073 ecce
727 4017 1038 4073 Graecorum
1075 4018 1430 4089 imperatores
1468 4021 1705 4092 graviter
1734 4020 1915 4075 ferunt
1944 4020 2056 4076 Ro-

471 4122 665 4163 manos
695 4125 798 4163 non
847 4108 1038 4166 eodem
1081 4124 1190 4179 quo
1215 4109 1291 4165 illi
1328 4126 1479 4167 more
1514 4112 1852 4177 conversari,
1885 4127 2059 4181 neque

472 4204 771 4259 secundum
800 4220 952 4259 suam
982 4205 1428 4261 consuetudinem
1454 4246 1467 4269 ,
1520 4205 1573 4259 id
1603 4214 1686 4261 est
1723 4204 2055 4271 Graecorum,
2086 4271 2090 4275 g

475 4293 719 4363 ingredi;
750 4308 874 4348 cum
902 4294 1004 4349 ista
1035 4310 1134 4349 nec
1159 4293 1300 4363 apud
1330 4293 1599 4351 Ecclesias
1632 4295 1834 4350 Christi
1854 4296 2064 4367 possint

476 4384 700 4456 reperiri
727 4425 741 4450 ,
776 4399 875 4439 nec
913 4384 1053 4455 apud
1079 4382 1312 4451 Iudaeos,
1360 4399 1526 4460 penes
1552 4401 1687 4455 quos
1716 4394 1841 4441 ante
1871 4385 2064 4456 praedi-

477 4477 750 4532 cationem
792 4475 1066 4547 Evangelii
1113 4475 1420 4532 Divinitatis
1473 4477 1648 4535 Cultus
1690 4478 1918 4552 insignis
1961 4480 2061 4535 ha-

479 4567 625 4622 bitus
647 4576 763 4633 est,
797 4565 998 4622 fuerint
1035 4566 1340 4623 observata.
1397 4565 1511 4634 Qua
1546 4568 1612 4623 de
1635 4585 1693 4624 re
1718 4571 2061 4627 convincitur

480 4677 586 4714 non
624 4662 842 4731 pietatis
873 4661 1052 4717 studio
1098 4661 1403 4732 hujusmodi
1445 4663 1917 4734 reprehensionem
1965 4678 2060 4736 ge—

480 4757 664 4809 nuisse
688 4796 703 4821 ,
754 4757 849 4812 sed
887 4755 1075 4811 livoris
1119 4754 1354 4819 malitia,
1408 4757 1740 4827 tumorisque
1772 4756 2056 4827 jactantia.

481 4844 814 4902 Veniendum
837 4847 950 4917 jam
984 4849 1051 4904 ad
1076 4846 1284 4919 singula
1313 4864 1433 4918 qua:
1456 4848 1704 4903 videntur
1725 4851 2057 4920 apposuisse,

478 4939 675 5007 quibus
703 4940 830 4994 dum
870 4941 1123 4995 videntur
1140 4938 1353 5010 jactare
1387 4939 1471 4993 vel
1507 4940 1824 5009 sapientiam
1856 4942 1936 4997 vel
1972 4955 2059 4995 re-

482 5028 755 5099 ligionem,
795 5045 947 5085 suam
986 5031 1220 5100 produnt
1256 5030 1622 5101 insipientiam
1656 5040 1711 5086 et
1746 5032 2059 5104 irreligiosi-

482 5128 666 5175 tatem.

1092 5192 1319 5251 CAPUT
1355 5193 1440 5250 lll.

482 5280 655 5358 Gra'ri
679 5282 942 5358 Romanos
959 5285 1171 5358 culpant
1192 5286 1331 5358 quod
1346 5287 1579 5343 Sabbato
1595 5288 1858 5358 jejunenl.
1888 5287 2066 5354 Quare

554 5353 777 5438 Romani
798 5353 1066 5438 jejunum.
1118 5353 1367 5438 Adlquid.
1405 5353 1944 5438 jejuniutaSabbato
1982 5361 2069 5413 ob-

551 5424 811 5481 servatur.
855 5424 1158 5481 Grazcorum
1181 5424 1418 5498 objectio;
1451 5424 1754 5498 Responsio.

552 5546 785 5618 Culpant
826 5547 1100 5605 Romanos
1135 5557 1189 5604 et
1228 5546 1600 5604 Occidentales
1640 5547 1786 5619 quod
1829 5547 2066 5604 Sabbato

2155 3292 2259 3348 hac
2290 3290 2359 3345 de
2384 3304 2547 3346 causa
2580 3287 2840 3343 Romanis
2887 3287 3331 3344 consuetudinem
3377 3286 3580 3343 factam
3622 3302 3763 3344 esse

2156 3381 2211 3438 in
2253 3380 2401 3437 omni
2440 3377 2679 3435 Sabbato
2706 3376 3005 3449 jejunandi.

2232 3513 2251 3548 ι
2282 3494 2455 3566 Super
2474 3507 2578 3563 qua
2605 3506 2682 3555 re,
2713 3490 2852 3547 sicut
2877 3490 3065 3547 scribit
3091 3490 3357 3547 Eusebius
3383 3490 3765 3565 histor-iopas.

2155 3591 2296 3662 phus
2326 3588 2379 3642 in
2408 3584 2591 3641 libello
2619 3581 2760 3638 Vita:
2789 3581 3034 3638 Silvestri
3064 3582 3294 3637 Romani
3326 3583 3607 3653 pontiﬁcis
3636 3585 3764 3654 στᾶθι,

2160 3698 2199 3750 ι,
2221 3697 2267 3735 c.
2292 3680 2367 3749 8),
2397 3676 2570 3735 Graeci
2595 3682 2967 3732 convenerunt
2989 3674 3204 3729 beatum
3228 3672 3587 3741 Silvestrum,
3601 3689 3766 3745 qua-

2160 3772 2392 3829 stionem
2421 3775 2642 3836 agentes
2672 3764 2931 3819 adversus
2956 3762 3231 3819 Romanos
3258 3764 3324 3820 de
3352 3762 3577 3833 jejunio.
3607 3764 3762 3823 Sab-

2158 3863 2302 3932 bati;
2336 3859 2530 3934 quibus
2558 3857 2673 3915 haec
2703 3855 3017 3929 respondit:
3044 3853 3303 3913 Sulﬁccre
3331 3856 3537 3914 debere.
3552 3856 3657 3914 hoc
3680 3858 3767 3914 ad:

2160 3956 2537 4013 auctoritatem
2563 3952 2734 4007 nostri
2772 3949 3056 4021 propositi,
3081 3952 3225 4022 quod
3253 3950 3327 4005 ita
3359 3951 3777 4023 tenuisseapo.»

2161 4047 2328 4103 stolos
2365 4045 2575 4117 priores
2608 4040 2990 4113 cognovimus;
3021 4048 3198 4097 tamen
3214 4040 3356 4111 'quia
3382 4041 3523 4096 ratio
3544 4039 3780 4112 ﬂagita»

2164 4150 2253 4196 tur
2296 4155 2326 4193 a
2366 4145 2549 4193 vestra
2576 4134 2861 4200 charitate,
2891 4134 3163 4189 reddenda
3198 4142 3302 4188 est.
3353 4132 3411 4189 Si
3440 4134 3619 4190 omnis
3648 4135 3760 4189 Do-

2161 4229 2394 4284 minicus
2441 4227 2558 4283 dies
2595 4240 2758 4281 causa
2793 4225 3207 4281 resurrectionis
3250 4224 3467 4281 Domini
3515 4234 3782 4293 tenetur,.

2086 4368 2087 4373 η
2156 4318 2367 4391 justum
2398 4324 2481 4373 est
2520 4324 2577 4371 ut
2604 4315 2782 4370 omnis
2811 4313 3175 4370 Sabbatorum
3202 4314 3320 4370 dies
3363 4327 3531 4370 causa
3575 4314 3784 4386 sepul—-

2165 4419 2302 4466 tura:
2319 4406 2510 4479 jejunii
2534 4406 2859 4477 suscipiatur
2878 4405 3157 4471 instantia,
3180 4413 3241 4460 ut
3256 4402 3450 4462 ﬂentes
3468 4420 3595 4462 cum
3618 4420 3781 4476 apo—-

2166 4502 2320 4559 stolis
2346 4500 2414 4556 de
2450 4507 2626 4555 morte
2661 4496 2873 4555 Domini
2914 4494 3042 4575 Jesu
3078 4495 3304 4564 Christi,
3346 4497 3582 4570 gaudere
3630 4514 3785 4554 cum:

2167 4597 2246 4653 eis
2272 4596 2337 4652 de
2361 4591 2761 4651 resurrectione
2794 4589 3037 4660 ejusdem
3080 4597 3409 4645 mereantur.
3462 4587 3570 4646 Sed
3610 4589 3785 4646 dice-~

2164 4692 2299 4747 bant
2321 4687 2493 4745 Graeci
2517 4701 2682 4741 unum
2711 4699 2829 4740 esse
2864 4681 3159 4738 Sabbatum
3191 4681 3500 4753 sepulturae,
3548 4683 3601 4737 in
3646 4697 3786 4753 quo—

2166 4779 2334 4837 semel
2363 4781 2416 4834 in
2446 4792 2588 4833 anno
2610 4775 2876 4846 jejunium
2906 4782 2990 4829 est
3029 4773 3333 4829 colendum.
3378 4772 3587 4842 Quibus
3613 4789 3762 4845 papa
3774 4813 3791 4849 ς.

2167 4873 2428 4929 Silvester
2454 4870 2668 4926 dicebat
2696 4888 2709 4923 :
2741 4866 2798 4923 Si
2825 4867 3002 4924 omnis
3024 4867 3140 4923 dies
3172 4865 3485 4921 Dominicus
3505 4880 3785 4921 resurre-~

2168 4966 2365 5024 ctionis
2395 4979 2517 5021 esse
2566 4963 2810 5019 creditur
2849 4960 3021 5031 gloria
3074 4960 3382 5025 decoratus,
3432 4959 3611 5015 omnis
3660 4959 3781 5029 qui.

2173 5076 2296 5117 eum
2326 5056 2597 5114 antecedit
2621 5055 2735 5111 dies
2758 5054 3068 5125 sepulturae,
3099 5061 3183 5108 est
3203 5050 3413 5121 jejunio
3440 5051 3779 5121 mancipam-

2174 5154 2275 5208 dus
2321 5163 2371 5217 ι,
2416 5158 2475 5205 ut
2503 5148 2698 5204 merito
2726 5145 2957 5219 gaudeat
3000 5145 3067 5201 de
3103 5144 3520 5209 resurrectione,
3554 5143 3645 5212 qui
3689 5143 3780 5199 de:

2171 5251 2348 5301 morte
2392 5240 2705 5314 ploraverit.
2756 5237 2979 5294 Plorare
3011 5246 3193 5292 autem
3227 5237 3465 5308 compati
3499 5237 3775 5301 dixerim,.

2170 5339 2319 5396 salvo
2338 5353 2403 5394 eo
2427 5336 2567 5407 quod
2589 5334 2769 5406 passio
2791 5332 3004 5389 Domini
3031 5332 3213 5404 gaudii
3237 5332 3406 5388 nostri
3428 5332 3500 5388 sit
3520 5344 3771 5387 summa..

2177 5433 2404 5501 Accepta
2434 5429 2596 5499 igitur
2623 5424 2797 5483 Graeci
2830 5424 3056 5488 ratione,
3091 5424 3435 5494 quieverunt.
3465 5442 3484 5475 ι

2242 5544 2369 5600 Haec
2395 5543 2673 5614 posuimus
2699 5550 2762 5597 ut
2787 5539 3198 5598 ostenderemus
3238 5555 3348 5596 non
3392 5553 3593 5597 novum
3634 5551 3774 5595 esse-

553 5722 581 5750 ει
621 5708 717 5765 Eu
738 5710 947 5781 jejunio
966 5708 1391 5781 mancipandas.
1408 5707 1518 5759 Vox
1542 5706 1750 5776 jejunio
1789 5706 1969 5763 addita
2002 5713 2144 5761 este
2180 5703 2366 5760 codice
2413 5701 2750 5758 bibliothecae
2807 5699 2990 5756 Sancti
3041 5696 3301 5754 Germani
3364 5711 3394 5751 a
3452 5695 3667 5766 Pratis,
3699 5695 3763 5758 in

486 5798 594 5852 quo
616 5777 931 5838 exstat'haec
964 5778 1080 5834 Vita
1113 5777 1285 5835 sancti
1317 5777 1585 5832 Silvestri.
