4026 6346
225 382 326 437 515

1121 383 1396 440 CONTRA
1435 385 1848 444 GRIECORUM
1887 382 2241 443 OPPOSITA.
2283 418 2350 429 —
2388 384 2516 442 LIB.
2555 385 2639 446 IV.

3389 393 3496 451 δη

224 497 364 568 quod
393 495 622 551 Romani
655 494 891 553 Sabbato
931 496 1196 566 jejunant.
1235 515 1333 554 nec
1363 500 1478 554 leve
1509 500 1650 570 quod
1679 515 1800 570 apo~
1831 504 1878 562 Λ
1907 501 2250 555 cunctatione
2299 515 2420 555 eam
2464 502 2752 558 liberarem
2802 503 3130 574 interrogavi
3183 505 3284 562 hoc
3329 521 3494 578 supra

221 591 413 647 stolica
441 591 687 647 firmatur
714 586 1052 658 auctoritate,
1081 602 1135 648 et
1169 610 1404 664 congrua
1434 595 1565 649 satis
1598 596 1806 650 ratione

219 688 530 744 roboratur.
585 686 737 742 Unde
784 687 1086 742 mirandum
1125 703 1243 757 (μηδ
1283 687 1354 742 sit
1395 688 1494 742 ista
1535 688 1688 743 novis
1717 703 1804 742 sa-

217 777 494 850 pientibus
521 778 826 848 prudentia,
861 793 963 833 non
1000 779 1366 848 acquiescere,
1399 779 1541 849 quod
1570 780 1652 834 sui
1683 795 1806 849 pro—

217 873 419 928 bantur
454 871 689 942 majores
720 860 1073 941 acquievisse.
1117 872 1194 927 Ex
1236 888 1344 943 quo
1393 889 1625 941 namque
1657 875 1806 944 prin-

217 979 344 1035 ceps
373 962 743 1032 apostolorum
766 962 955 1017 Petrus
976 973 1027 1018 et
1052 962 1249 1018 Paulus
1274 963 1458 1019 Romae
1481 963 1801 1030 docuerunt,

215 1067 270 1108 et
319 1054 582 1110 doctrina:
621 1069 733 1110 suae
771 1055 1053 1110 veritatem
1096 1056 1296 1126 proprii
1349 1057 1627 1128 sanguinis
1672 1057 1804 1112 effu-

214 1145 369 1198 sione
405 1146 922 1201 commendaverunt
949 1187 965 1212 ,
999 1148 1338 1203 consuetudo
1376 1147 1477 1202 fuit
1524 1148 1802 1214 Romanis,

211 1245 266 1290 et
293 1235 621 1306 quibusdam
643 1235 1078 1299 Occidentalibus
1100 1241 1246 1294 omni
1271 1239 1800 1312 Sabbatojejunare;

210 1343 316 1383 nec
347 1339 533 1384 tamen
560 1338 844 1400 prepterea
872 1339 1079 1386 cunctae
1105 1346 1199 1402 per
1218 1330 1489 1388 Orientem
1524 1333 1798 1401 Ecclesite,

208 1435 332 1490 quae
359 1438 468 1478 non
493 1423 594 1478 ista
626 1425 1014 1480 consuetudine
1040 1426 1370 1492 detinentur,
1404 1427 1674 1484 Romanos
1702 1445 1796 1484 sua

206 1515 594 1569 communione
614 1515 925 1585 judicarunt
965 1517 1187 1582 alienos,
1235 1534 1483 1588 quamvrs
1528 1521 1628 1590 ipsi
1673 1536 1802 1575 con-

205 1606 554 1661 suetudinem
586 1607 822 1664 habeant
857 1609 1005 1664 omni
1046 1608 1284 1666 Sabbato
1325 1611 1484 1666 sicuti
1521 1611 1798 1669 Dominica

202 1711 313 1751 non
344 1695 614 1768 jejunare.

275 1787 484 1843 Scribit
519 1803 585 1844 ex
615 1789 719 1845 hoc
749 1791 940 1847 doctor
982 1793 1313 1864 Augustinus
1355 1794 1422 1850 ad
1468 1795 1793 1853 Casulanum

1910 593 2108 646 dictum
2150 593 2421 647 hominem
2462 593 2576 649 Dei.
2610 595 2678 648 At
2702 595 2828 650 ille:
2862 594 3003 662 Quid
3028 613 3269 668 possum,
3299 599 3492 668 inquit,

1910 685 2035 739 hinc
2081 685 2274 740 docere
2311 686 2542 756 amplius
2582 703 2743 757 quam
2776 688 2891 758 ipse
2925 689 3099 744 facio?
3138 689 3239 746 Ubi
3266 705 3367 760 ego
3395 706 3494 761 pu-

1911 787 2149 832 taveram
2179 779 2310 832 nihil
2343 794 2465 834 eum
2504 781 2604 835 ista
2649 782 2997 851 responsione
3022 783 3360 854 praecepisse,
3387 785 3493 841 nisi

1909 879 1967 923 ut
2005 869 2243 924 Sabbato
2270 871 2697 940 pranderemus;
2741 874 2843 928 hoc
2871 875 3070 946 quippe
3109 876 3282 946 ipsum
3314 877 3493 932 facere

1907 962 2143 1017 sciebam
2173 980 2185 1016 :
2215 963 2307 1018 sed
2332 962 2418 1017 ille
2447 973 2663 1020 secutus
2697 965 2898 1035 adjecit
2924 984 2936 1020 :
2968 965 3197 1035 Quando
3226 967 3314 1023 hic
3349 984 3488 1034 sum,

1907 1071 2012 1111 non
2057 1055 2241 1126 jejuno
2285 1055 2556 1121 Sabbato,
2612 1057 2828 1126 quando
2878 1057 3064 1114 Romae
3103 1075 3254 1124 sum,
3304 1060 3490 1130 jejuno

1906 1146 2142 1202 Sabbato
2177 1167 2189 1202 :
2227 1156 2283 1202 et
2323 1148 2392 1203 ad
2437 1163 2819 1220 quamcunque
2867 1149 3160 1206 Eeclesiam
3208 1154 3486 1218 veneritis,

1906 1240 2097 1308 inquit,
2137 1239 2252 1308 ejus
2295 1255 2501 1295 morem
2546 1251 2778 1308 servate,
2819 1242 2862 1296 si
2899 1242 3008 1312 pati
3037 1244 3351 1300 scandalum
3384 1262 3490 1302 non

1905 1334 2064 1388 vultis
2093 1341 2186 1387 aut
2216 1332 2414 1389 facere.
2450 1333 2563 1390 Hoc
2589 1351 2906 1405 responsum
2941 1337 3100 1392 retuli
3131 1341 3196 1392 ad
3227 1348 3479 1404 matrem,

1903 1427 2060 1496 eique
2092 1425 2323 1490 suffecit,
2366 1442 2467 1482 nec
2505 1426 2773 1482 dubitavit
2801 1443 2920 1482 esse
2950 1428 3348 1495 obediendum;
3387 1432 3489 1486 hoc

1900 1518 2066 1572 etiam
2115 1532 2214 1572 nos
2268 1518 2439 1572 secuti
2489 1534 2695 1574 sumus.
2753 1517 2859 1574 Sed
2916 1520 3172 1589 quoniam
3225 1523 3490 1592 contingit

1901 1609 2134 1662 maxime
2168 1608 2219 1662 in
2250 1607 2454 1673 Africa,
2486 1619 2540 1664 et
2573 1624 2677 1664 una
2708 1609 2974 1675 Ecclesia,
3019 1610 3102 1664 vel
3130 1612 3288 1666 unius
3315 1612 3490 1682 regio-

1899 1699 1985 1753 nis
2034 1698 2318 1764 Ecclesiae,
2367 1699 2503 1755 alios
2551 1699 2787 1756 habeant
2834 1699 3074 1758 Sabbato
3121 1703 3486 1772 prandentes,

1898 1790 2034 1845 alios
2052 1789 2384 1862 jejunautes,
2412 1806 2530 1848 mos
2551 1806 2740 1847 eorum
2764 1793 2895 1847 mihi
2919 1795 3228 1863 sequendus
3254 1795 3484 1862 videtur,

198 1879 583 1950 presbyterum
613 1881 790 1956 (epist.
814 1881 904 1948 86,
931 1892 979 1937 et
1009 1884 1078 1936 ad
1098 1883 1419 1939 Ianuarium
1448 1887 1598 1956 epist.
1645 1888 1793 1960 “8),
1823 1867 1872 1930 Β
1898 1883 2095 1952 quibus
2133 1882 2449 1938 eorurndcm
2495 1882 2816 1954 populorum
2857 1884 3206 1956 congregatio
3249 1887 3486 1958 regenda

199 1971 570 2042 inquirentem
594 1989 754 2046 super
774 1976 962 2030 eadem
991 1979 1308 2046 quaestione,
1335 1982 1666 2050 reSpondens
1687 1982 1791 2037 ita:

204 2079 224 2112 ι
255 2059 520 2131 Sequitur
549 2062 865 2126 Sabbatum,
893 2082 1001 2136 quo
1025 2068 1112 2123 die
1139 2084 1267 2124 caro
1287 2067 1486 2124 Christi
1519 2071 1572 2125 in
1600 2087 1792 2128 monu-

197 2164 387 2211 mento
428 2156 712 2226 requievit,
735 2161 875 2215 sicut
913 2160 964 2215 in
995 2162 1186 2232 primis
1211 2164 1464 2232 operibus
1495 2166 1680 2220 mundi
1716 2182 1796 2223 re-

197 2246 410 2314 quievit
441 2246 582 2302 Deus
606 2248 696 2304 illo
720 2249 805 2303 die
841 2250 908 2304 ab
942 2251 1194 2306 omnibus
1218 2253 1472 2323 operibus
1497 2255 1627 2309 suis.
1659 2256 1795 2313 Hinc

195 2347 392 2392 exorta
421 2348 505 2393 est
540 2339 644 2394 ista
675 2341 727 2394 in
755 2341 997 2398 Ecclesia
1033 2345 1283 2399 vescendi
1308 2345 1561 2414 varietas,
1593 2357 1651 2402 ut
1676 2348 1791 2414 alii,

194 2431 341 2486 sicut
363 2433 599 2488 maxime
622 2435 801 2505 populi
821 2435 1060 2498 Orientis
1085 2446 1305 2508 propter
1326 2439 1567 2509 requiem
1593 2442 1794 2512 signifi-

194 2525 432 2580 candum
469 2528 691 2583 mallent
723 2529 968 2585 relaxare
993 2531 1294 2601 jejunium;
1324 2532 1412 2587 alii
1450 2542 1668 2603 propter
1695 2536 1792 2588 litt-

194 2617 488 2673 militatem
519 2621 708 2674 mortis
741 2622 952 2677 Domini
973 2622 1243 2692 jejunare,
1280 2625 1415 2680 sicut
1447 2626 1711 2692 Romana,
1737 2637 1791 2684 et

191 2708 472 2764 nonnullae
499 2709 807 2767 Occidentis
836 2713 1103 2769 Ecclesiae.
1134 2716 1284 2783 Quod
1311 2716 1528 2785 quidem
1553 2733 1658 2772 uno
1680 2717 1787 2784 die,

193 2817 305 2872 quo
369 2801 578 2858 Pascha
633 2803 966 2870 celebratur,
1016 2816 1238 2877 propter
1291 2810 1654 2864 renovandam
1712 2811 1788 2866 rei

193 2902 364 2962 gestae
390 2896 732 2962 memoriam,
773 2914 877 2968 qua
921 2899 1165 2970 discipuli
1206 2901 1520 2957 humanitus
1555 2910 1790 2959 mortem

191 2985 414 3042 Domini
438 2987 741 3051 doluerunt,
768 2990 848 3045 sic
873 2991 940 3044 ab
961 2993 1212 3048 omnibus
1249 2992 1523 3064 jejunatur
1542 3004 1600 3049 ut
1624 2996 1788 3050 etiam

192 3077 269 3132 illi
301 3078 542 3134 Sabbato
566 3078 833 3150 jejunium
861 3082 1206 3138 devotissime
1237 3085 1531 3152 celebrent,
1563 3087 1653 3157 qui
1686 3102 1789 3142 caa-

194 3169 328 3224 teris
355 3185 456 3239 per
487 3180 658 3226 totum
706 3188 906 3226 annum
952 3173 1204 3230 Sabbatis
1235 3177 1534 3246 prandent;
1582 3188 1787 3234 utrum-

188 3277 300 3331 que
341 3261 593 3318 videlicet
631 3264 1017 3336 significantes,
1057 3276 1112 3322 et
1156 3283 1262 3323 uno
1298 3270 1670 3326 anniversario
1699 3273 1785 3328 die

189 3354 401 3408 luctum
455 3355 862 3427 discipulorum,
919 3367 973 3414 et
1023 3360 1234 3415 caeteris
1288 3361 1538 3418 Sabbatis
1588 3364 1785 3434 quietis

187 3446 417 3502 bonum.
468 3447 584 3503 Duo
628 3450 825 3520 quippe
878 3459 1003 3505 sunt
1031 3467 1150 3520 qua:
1187 3451 1458 3520 justorum
1487 3455 1783 3510 beatitudi-

189 3553 338 3604 nem,
369 3546 424 3593 et
453 3539 630 3594 omnis
671 3541 905 3596 miseriae
940 3541 1098 3598 finem
1130 3545 1334 3614 sperari
1367 3544 1604 3610 faciunt;
1639 3561 1785 3602 mors

187 3640 242 3684 et
278 3632 613 3685 resurrectio
653 3642 1010 3688 mortuorum.
1044 3633 1098 3688 In
1125 3646 1298 3690 morte
1318 3638 1532 3705 requies
1568 3646 1685 3702 est;
1719 3639 1785 3692 de

189 3739 297 3794 qua
328 3723 530 3777 dicitur
553 3739 649 3792 per
676 3725 994 3795 prophetam
1025 3744 1040 3779 :
1071 3723 1226 3780 Plebs
1271 3744 1404 3792 mea,
1446 3729 1584 3782 intra
1628 3729 1785 3784 cella-

191 3819 272 3869 ria
305 3826 423 3882 tua,
449 3816 766 3870 abscondere
793 3817 1062 3886 pusillum,
1105 3818 1270 3872 donec
1306 3829 1535 3873 transeat
1570 3821 1650 3874 ira
1681 3820 1785 3876 Do-

189 3909 322 3963 mini
365 3908 500 3979 (Isa.
553 3925 701 3972 xxvi,
747 3909 862 3979 20).
914 3910 971 3964 ln
1017 3912 1415 3968 resurrectione
1465 3913 1516 3967 in
1569 3914 1786 3970 homine

185 4012 329 4067 toto,
371 4003 424 4056 id
469 4011 553 4058 est
602 4003 655 4056 in
686 4018 854 4058 carne
893 4014 947 4058 et
985 4004 1196 4073 spiritu,
1251 4003 1490 4074 perfecta
1531 4003 1780 4061 felicitas.

151 4086 331 4150 ‘Hiuc
367 4095 573 4152 factum
614 4103 697 4151 est
737 4104 795 4150 ut
839 4097 1032 4151 horum
1073 4098 1298 4151 duorum
1347 4106 1632 4168 utrumque
1675 4114 1781 4154 non

187 4189 609 4258 significandum
663 4199 945 4260 putaretur
988 4190 1171 4246 labore
1203 4191 1427 4262 jejunii,
1474 4193 1566 4248 sed
1604 4194 1783 4264 potius

191 4278 511 4335 refectionis
557 4280 867 4345 hilaritate;
921 4293 1148 4353 excepto
1198 4301 1304 4339 uno
1356 4286 1596 4355 paschali
1648 4286 1782 4342 Sab-

184 4371 340 4436 bato,
365 4386 473 4442 quo
495 4371 905 4442 discipulorum,
930 4374 1072 4429 sicut
1091 4375 1540 4442 diximus,luctus
1561 4390 1781 4450 propter

184 4465 268 4520 rei
293 4471 465 4534 gesta
492 4465 808 4519 memoriam
835 4465 1012 4522 fuerat
1032 4466 1233 4538 jejunio
1256 4468 1548 4540 prolixiore
1568 4471 1781 4541 signan-

1901 1973 2191 2029 commissa
2215 1981 2316 2028 est.
2353 1992 2370 2024 ι

1970 2065 2095 2120 Haec
2135 2067 2200 2120 de
2233 2065 2443 2136 jejunio
2471 2065 2691 2122 Sahbati
2720 2068 2910 2123 beatus
2937 2067 3271 2139 Augustinus
3301 2068 3488 2124 catho-

1896 2157 2033 2213 licus
2058 2158 2246 2212 doctor
2277 2157 2448 2213 sensit
2475 2166 2530 2212 et
2559 2158 2797 2227 scripsit,
2823 2159 3099 2214 aestimans
3127 2159 3327 2214 nullam
3353 2175 3481 2231 gra-

1895 2251 2100 2306 viorem
2139 2251 2264 2306 hinc
2308 2251 2752 2321 disceptationem
2797 2251 2911 2306 fore
2953 2253 3263 2317 tenendam,
3294 2269 3482 2308 verum

1895 2346 2222 2415 sequendam
2271 2342 2693 2414 uniuscujusque
2736 2344 2990 2399 Ecclesia:
3033 2342 3483 2399 consuetudinem

1893 2443 1959 2497 de
1981 2440 2186 2512 jejunio
2217 2439 2460 2506 Sabbati,
2492 2436 2574 2495 vel
2597 2440 2909 2510 pransione,
2960 2439 3394 2509 quandoquidem
3431 2447 3486 2493 et

1893 2534 1983 2604 qui
2032 2534 2297 2603 prandent
2340 2533 2392 2586 in
2443 2530 2705 2596 Sabbato,
2750 2529 2966 2601 pietatis
3000 2529 3202 2585 habere
3231 2529 3484 2583 videntur

1893 2639 2144 2686 causam,
2193 2638 2300 2692 qua
2345 2623 2472 2677 illud
2523 2621 2762 2676 faciant:
2793 2619 3102 2691 significant
3155 2619 3299 2674 enim
3347 2632 3483 2686 quo-

1891 2718 2036 2772 niam
2070 2718 2121 2770 in
2149 2715 2238 2769 illo
2267 2715 2353 2769 die
2379 2713 2521 2768 Deus
2552 2712 2819 2781 requievit
2845 2712 2914 2765 ab
2943 2709 3194 2766 omnibus
3224 2709 3481 2779 operibus

1890 2809 2043 2872 suis;
2079 2805 2161 2860 vel
2189 2805 2527 2860 credentium
2562 2803 2825 2873 requiem,
2867 2817 2972 2872 qua
3013 2802 3310 2878 requietum
3351 2809 3480 2856 sunt

1889 2898 2061 2954 sancti
2098 2897 2150 2950 in
2177 2896 2591 2960 resurrectione,
2636 2894 2867 2964 receptis
2905 2891 3231 2963 corporibus
3269 2899 3480 2947 aeterna

1889 3008 2012 3048 cum
2052 2989 2282 3045 Domino
2320 2990 2501 3058 quiete
2527 2988 2764 3042 fruituri.
2808 2987 3068 3042 Similiter
3093 2996 3148 3043 et
3177 2987 3251 3042 illi
3279 2989 3370 3058 qui
3397 2987 3480 3058 je-

1883 3088 2097 3158 junant,
2143 3083 2360 3155 pietatis
2409 3084 2610 3138 habent
2656 3097 2898 3148 causam,
2941 3097 3103 3152 quam
3141 3091 3476 3152 sequantur;

1889 3181 2144 3253 quoniam
2191 3179 2279 3234 illa
2331 3179 2417 3234 die
2461 3186 2684 3249 propter
2726 3184 2956 3233 mortem
2991 3175 3192 3232 Christi
3231 3175 3479 3246 discipuli

1889 3273 2241 3344 corporaliter
2288 3272 2596 3327 contristati
2639 3280 2794 3335 sunt,
2846 3285 3142 3340 eorumque
3198 3268 3477 3324 tristitiam

1888 3365 2088 3421 imitari
2113 3363 2371 3427 volentes,
2398 3361 2642 3431 jejunant
2665 3361 2884 3430 quidam
2915 3361 2966 3414 in
2997 3359 3238 3414 Sabbato
3270 3358 3475 3414 fideles.

1885 3456 1993 3512 Alii
2039 3470 2168 3510 vero
2215 3470 2322 3509 non
2362 3451 2634 3522 jejunant,
2673 3462 2732 3505 ut
2765 3437 3020 3521 gaudium
3055 3448 3479 3504 resurrectionis

1887 3548 2179 3604 Dominica:
2207 3546 2551 3616 prandentes,
2576 3545 2719 3614 quod
2749 3544 3057 3599 habuerunt
3095 3542 3321 3612 apostoli
3365 3541 3477 3596 visa

1888 3641 2099 3695 Domini
2150 3639 2579 3702 resurrectione,
2634 3638 3026 3690 demonstrent.
3082 3633 3360 3702 Siquidem
3405 3634 3474 3686 ob

1887 3731 2243 3788 imitationem
2286 3729 2522 3784 tristitia:
2565 3726 2953 3796 discipulormn
2997 3733 3210 3780 cuncta:
3246 3739 3344 3793 per
3380 3739 3471 3777 or-

1886 3823 2008 3879 bem
2049 3822 2302 3877 Ecclesia:
2342 3835 2450 3875 uno
2476 3835 2573 3889 per
2602 3835 2800 3874 annum
2840 3817 3098 3883 Sabbato,
3147 3817 3290 3888 quod
3342 3832 3471 3871 san-

1887 3923 2032 3971 ctum
2070 3913 2330 3982 przecedit
2355 3911 2587 3974 Pascha,
2613 3911 2879 3981 jejuuant,
2912 3910 3037 3965 licet
3067 3908 3189 3964 aliis
3221 3908 3473 3964 Sabbatis

1883 4007 2202 4077 prandeant.
2265 4005 2379 4058 sive
2420 4019 2527 4058 non
2575 4003 2895 4073 prandeant.
2937 4002 3004 4056 At
3034 4016 3163 4056 vero
3213 3999 3474 4054 Romanis

1880 4096 2085 4169 placuit
2115 4095 2166 4148 id
2193 4094 2340 4149 omni
2367 4092 2610 4149 Sabbato
2629 4091 2924 4163 jejunando
2947 4092 3257 4157 memorari,
3283 4106 3472 4160 quein-

1883 4188 2170 4244 admodum
2193 4187 2340 4242 omni
2374 4185 2647 4240 Dominica
2676 4184 3094 4240 resurrectionis
3125 4183 3334 4236 Domini
3365 4197 3473 4236 me—

1883 4282 2054 4336 moria
2081 4282 2291 4336 cunctis
2317 4281 2385 4334 ab
2409 4279 2667 4335 Ecclesiis
2693 4278 3085 4348 frequentatur.

1951 4373 2084 4428 Cum
2122 4371 2286 4442 igitur
2307 4371 2522 4440 pietatis
2553 4385 2775 4426 causam
2812 4371 3048 4424 habeant
3082 4375 3137 4423 et
3164 4367 3471 4438 jejunautes

1881 4462 1935 4517 in
1976 4461 2236 4525 Sabbato,
2282 4471 2335 4515 et
2382 4460 2731 4531 prandentes,
2758 4474 2855 4514 cur
2894 4458 2947 4513 id
2990 4456 3215 4523 faciant,
3244 4467 3298 4512 et
3324 4458 3469 4512 nulla

185 4557 310 4612 dus.
363 4553 471 4610 Sed
516 4555 773 4624 quoniam
827 4573 934 4612 non
985 4559 1304 4626 invenimus,
1361 4570 1420 4614 ut
1456 4559 1569 4630 jam
1615 4553 2222 4658 supraDreperiantur
2263 4560 2532 4622 praecepta
2580 4549 2712 4605 Novi
2759 4548 3127 4614 Testamenti,
3173 4548 3367 4619 quibus
3416 4549 3469 4603 id

185 4647 637 4713 commemoravi,
676 4648 732 4702 in
767 4650 1093 4720 evangelicis
1125 4660 1179 4707 et
1214 4653 1526 4723 apostolicis
1561 4653 1776 4721 litteris,

184 4757 310 4810 qure
335 4743 404 4796 ad
430 4739 564 4795 Novi
595 4739 924 4797 Tcstamenti
957 4739 1336 4800 revelationrm
1369 4747 1582 4816 proprie
1609 4748 1779 4817 perti-

184 4844 342 4901 nent,
386 4836 551 4890 certis
603 4835 793 4891 diebus
834 4837 1102 4906 aliquibus
1144 4839 1423 4894 evidenter
1449 4849 1778 4909 przeceptum

184 4926 536 4982 observanda
579 4942 698 4982 esse
733 4925 972 4998 jejunia;
1023 4937 1076 4982 et
1129 4929 1248 4984 ideo
1297 4945 1383 4984 res
1426 4945 1639 5000 quoque
1677 4929 1778 4984 ista

182 5021 332 5074 sicut
361 5018 480 5074 alia:
509 5018 773 5089 plurimae,
797 5034 934 5089 quas
962 5034 1284 5073 enumerare
1320 5019 1535 5074 dillicile
1561 5031 1664 5084 est,
1700 5019 1781 5073 in-

183 5111 338 5166 venit
367 5111 420 5165 in
452 5119 600 5165 veste
641 5109 784 5164 illius
827 5109 948 5164 filiae
993 5109 1176 5179 Regis,
1228 5111 1329 5164 hoc
1373 5119 1455 5165 est
1500 5111 1776 5174 Ecclesize,

180 5201 473 5256 varietatis
505 5200 712 5265 locum;
761 5200 1011 5255 indicabo
1042 5200 1132 5254 tibi
1158 5200 1285 5269 quid
1310 5200 1438 5254 mihi
1465 5199 1531 5254 de
1558 5201 1659 5255 hoc
1688 5216 1773 5255 re-

181 5295 427 5365 quirenti
475 5293 816 5364 responderit
861 5293 1202 5348 venerandus
1240 5291 1582 5358 Ambrosius,
1610 5309 1638 5346 a
1668 5308 1774 5362 qtto

1884 4647 1968 4702 vel
2009 4647 2370 4717 praecipiatur,
2411 4645 2490 4698 vel
2534 4644 2906 4714 prohibeatur,
2951 4657 3056 4697 non
3098 4640 3258 4696 debet
3287 4643 3338 4696 in
3369 4642 3468 4696 Ec-

1881 4737 2063 4792 clesiis
2103 4737 2303 4792 Christi
2351 4737 2568 4805 gravior
2613 4735 2738 4789 hinc
2787 4733 3116 4802 discrepatio
3162 4732 3266 4785 ulla
3312 4734 3464 4797 ﬁeri,

1881 4829 1974 4883 sed
2021 4827 2072 4880 in
2117 4826 2340 4880 arbitrio
2385 4825 2803 4895 uniuscujusque
2849 4823 3076 4892 relinqui
3118 4823 3246 4892 quid
3286 4825 3465 4893 potius

1880 4923 2110 4993 eligant,
2156 4921 2418 4992 majorum
2464 4930 2644 4976 tamen
2689 4921 3068 4978 auctoritatem
3113 4933 3332 4974 suorum
3381 4935 3466 4974 se-

1881 5025 2127 5087 quentes,
2167 5024 2222 5070 et
2261 5030 2372 5070 suae
2413 5014 2857 5070 consuetudinem
2901 5011 3177 5068 Ecclesiae.
3227 5011 3378 5080 Quod
3417 5012 3461 5066 si

1883 5108 2314 5164 considerassent
2347 5105 2658 5161 Graecorum
2699 5104 3074 5174 imperatores,
3105 5103 3304 5168 nullam
3335 5103 3461 5158 hinc

1881 5201 2178 5256 movissent
2210 5197 2676 5268 disceptationem,
2719 5196 2812 5250 sed
2850 5195 3148 5250 tenuissent
3173 5195 3282 5249 hoc
3317 5195 3460 5264 quod

1879 5292 1962 5348 sui
2006 5301 2229 5345 tenuere
2267 5289 2520 5355 majores.
2575 5285 2715 5341 Num
2752 5286 2946 5342 merito
2979 5286 3266 5356 quisquam
3302 5286 3461 5340 debet

139 5443 156 5460 ο
181 5385 495 5454 baptizatus
533 5400 674 5447 sum,
705 5383 1114 5438 Mediolanensis
1148 5383 1449 5453 episcopus.
1484 5381 1616 5436 Nam
1649 5398 1771 5436 cum
1869 5380 2124 5450 iudicari,
2158 5380 2300 5450 quod
2336 5379 2552 5449 pietatis
2578 5393 2740 5433 causa
2768 5376 3018 5448 jejunare
3039 5378 3294 5433 videtur?
3333 5385 3460 5432 sunt

183 5475 243 5528 in
267 5476 456 5529 eadem
485 5475 704 5529 civitate
736 5484 907 5528 mater
943 5489 1061 5527 mea
1103 5490 1310 5529 mecum
1342 5482 1506 5537 esset,
1534 5481 1588 5527 et
1619 5473 1773 5528 nobis

181 5569 366 5623 adhuc
410 5567 837 5632 catechumenis,
884 5582 1074 5636 parum
1124 5568 1225 5622 ista
1280 5567 1627 5631 curantibus,
1684 5566 1770 5620 illa

182 5658 606 5713 sollicitudinem
630 5666 865 5727 gereret,
899 5667 1078 5710 utrum
1109 5659 1402 5712 secundum
1438 5672 1640 5711 morem
1677 5674 1770 5712 no—

182 5761 313 5805 stra:
366 5749 603 5804 civitatis
651 5749 752 5802 sibi
801 5757 945 5802 esset
992 5748 1228 5803 Sabbato
1270 5748 1653 5816 jejunaudum,
1698 5766 1765 5802 an

180 5845 440 5901 Ecclesia:
489 5842 898 5899 Mediolanensis
945 5859 1094 5898 more
1135 5843 1526 5914 prandendum,
1571 5853 1627 5896 ut
1667 5844 1766 5897 hac

1878 5477 2022 5531 enim
2059 5485 2114 5530 et
2150 5475 2240 5529 alii
2279 5476 2392 5530 dies
2419 5475 2614 5544 quibus
2641 5473 2914 5528 nonnullis
2938 5471 3197 5528 Ecclesiis
3223 5487 3318 5542 per
3343 5472 3455 5526 sin-

1877 5568 2030 5638 gulas
2069 5567 2431 5623 hebdomadas
2473 5567 2806 5621 consuetudo
2849 5575 2933 5621 est
2967 5564 3272 5634 jejunandi,
3317 5565 3460 5618 sicut

1876 5670 2069 5728 quarta
2111 5668 2166 5712 et
2205 5669 2354 5713 sexta
2403 5657 2570 5723 feria;
2618 5667 2670 5712 et
2714 5657 2957 5712 redditur
3001 5671 3164 5711 causa
3210 5671 3308 5710 cur
3352 5656 3456 5710 hoc

1876 5749 2000 5814 fiat,
2049 5750 2188 5803 sicut
2230 5751 2304 5801 ait
2345 5750 2530 5802 beatus
2571 5749 2933 5819 Augustinus,
2979 5762 3045 5802 eo
3079 5745 3221 5817 quod
3259 5756 3451 5816 quarta

1873 5839 2008 5894 feria
2049 5841 2358 5911 congregati
2404 5850 2527 5894 sunt
2564 5841 2832 5911 principes
2875 5838 3203 5903 Iudaeorum,
3237 5848 3292 5892 et
3321 5852 3447 5893 con-
