4026 6346
539 366 659 431 ω

1582 354 1943 416 RATRAMNI
1986 349 2436 411 CORBEIENSIS
2477 339 2781 403 MONACHI

3723 332 3825 399 5l6

545 491 728 550 silium
769 482 1008 543 inierunt
1050 491 1112 538 ut
1145 480 1328 537 Iesum
1369 476 1493 533 dolo
1535 482 1786 531 tenerent
1825 480 1881 527 et
1918 470 2132 526 occide-
2161 472 2211 531 Α
2238 467 2648 538 religiosorum,
2700 460 2849 550 omni
2903 467 3145 527 tempore
3201 462 3401 550 praeter
3442 449 3825 550 Dominicam3

546 590 689 640 rent.
726 579 907 636 Sexta
941 590 1073 631 vero
1107 573 1244 629 feria
1279 586 1402 626 eum
1440 567 1804 625 cruciﬁxere:
1840 566 1906 620 de
1938 563 2135 634 quibus

549 675 631 744 sic
655 673 893 744 loquitur
913 670 1085 741 (epist.
1110 665 1237 735 86):
1271 683 1290 715 ι
1325 660 1437 718 Cur
1458 669 1639 715 autem
1679 664 1875 728 quarta
1904 663 1959 711 et
1984 662 2137 709 sexta

546 742 686 823 lcria
726 742 964 820 maxime
999 760 1212 831 jejunet
1248 754 1516 820 Ecclesia,
1558 752 1648 807 illa
1688 751 1832 807 ratio
1873 747 2024 802 reddi
2052 746 2137 800 vi-

554 861 743 926 detur;
787 857 931 927 quod
953 852 1300 910 considerato
1323 848 1619 921 Evangelia
1646 847 1760 918 ipsa
1785 851 1979 916 quarta
2006 841 2143 897 Sab-

552 953 701 1018 bati,
744 965 907 1023 quam
947 948 1109 1019 vulgo
1149 953 1402 1018 quartam
1449 943 1645 999 feriam
1685 949 1917 1004 vocant,
1959 937 2145 993 conci-

551 1044 682 1100 lium
721 1043 1071 1114 reperiuntur
1112 1039 1180 1095 ad
1222 1039 1577 1095 occidendum
1618 1034 1908 1091 Dominum
1949 1030 2144 1087 fecisse

552 1136 748 1195 Judaei.
807 1135 1127 1192 lntermisso
1168 1141 1349 1191 autem
1394 1145 1505 1186 uno
1545 1130 1635 1187 die
1659 1168 1675 1194 ,
1724 1126 1881 1197 cujus
1918 1138 2143 1195 vespera

555 1228 820 1284 Dominus
863 1226 1077 1282 Pascha
1119 1238 1247 1283 cum
1288 1222 1570 1293 discipulis
1613 1218 2001 1282 manducavit,
2053 1214 2146 1284 qui

557 1318 683 1375 ﬁnis
708 1318 811 1374 fuit
832 1316 950 1388 ejus
970 1318 1108 1384 diei,
1137 1331 1300 1388 quem
1322 1328 1582 1371 vocamus
1601 1312 1849 1384 quintam
1877 1309 2104 1364 Sabbati
2128 1322 2144 1361 :

561 1409 756 1466 deinde
797 1406 1159 1465 traditus'est
1199 1424 1263 1464 ea
1306 1412 1468 1463 nocte
1508 1408 1628 1475 qua:
1668 1403 1784 1473 jam
1825 1401 1891 1457 ad
1937 1409 2147 1456 sextam

561 1499 823 1566 Sabbati,
883 1501 974 1571 qui
1024 1501 1141 1556 dies
1187 1498 1462 1571 passionis
1503 1497 1623 1569 ejus
1667 1493 1987 1550 manifestus
2023 1498 2148 1557 est,

559 1592 886 1663 pertinebat.
932 1592 1031 1647 Hic
1067 1592 1183 1647 dies
1221 1591 1431 1663 primus
1470 1602 1784 1661 azymorum
1824 1584 1945 1649 fuit,
1981 1600 2012 1639 a
2039 1597 2153 1639 ves-

560 1696 693 1752 pera
734 1680 1017 1752 incipiens.
1068 1680 1174 1736 Sed
1213 1681 1497 1736 Mattheus
1535 1676 1869 1748 evangelista
1906 1674 2152 1746 quintam

2241 558 2517 627 festosque
2565 555 2703 617 dies,
2735 549 3003 623 jejunare,
3031 563 3131 603 nec
3173 546 3274 601 nisi
3318 545 3401 597 Vel
3429 544 3496 599 ad
3518 559 3721 598 nonam
3746 542 3830 599 vel

2242 651 2308 707 ad
2353 662 2635 719 vesperam
2675 642 2890 715 corpori
2932 641 3113 696 cibum
3160 636 3477 708 indulgere:
3520 634 3589 689 ad
3631 651 3827 690 nonam

2242 743 2461 815 quidem
2499 739 2724 803 aestivis,
2766 736 2833 791 ad
2874 747 3157 803 vesperam
3200 745 3330 785 vero
3373 725 3566 784 diebus
3604 727 3833 798 hyema-

2241 834 2400 894 libus.
2451 832 2669 901 Hacque
2710 826 3102 885 consuetudine
3145 839 3267 879 cum
3308 820 3453 876 nulla
3496 820 3836 876 destinentur

2244 924 2488 980 Ecclesia
2510 922 2590 978 vel
2616 916 3010 982 Occidentalis,~
3040 915 3121 971 vel
3149 912 3468 979 Orientalis,
3502 926 3614 966 non
3656 921 3837 965 tamen

2245 1013 2331 1069 vel
2366 1010 2906 1068 excommunicautur
2928 1007 3013 1062 vel
3051 1002 3526 1077 reprehenduntur
3553 1002 3742 1057 taliter
3757 1002 3839 1072 je-

2239 1104 2499 1179 junantes
2521 1104 2591 1157 ab
2615 1102 2695 1158 eis
2720 1101 2812 1172 qui
2838 1100 3060 1155 minimc
3090 1098 3168 1154 sic
3187 1095 3459 1169 jejuuant.

2321 1196 2533 1251 Dictum
2576 1203 2661 1250 est
2691 1191 2804 1262 jam
2847 1191 3098 1262 superius
3136 1199 3373 1261 quantus
3410 1187 3605 1260 jejunii
3659 1186 3841 1243 fervor

2249 1288 2504 1344 habuerit
2564 1287 2847 1344 credentes
2906 1285 2958 1339 in
3016 1283 3345 1339 Alexandria
3407 1299 3529 1338 cum
3594 1282 3832 1353 primum

2249 1379 2479 1448 coeperit
2523 1377 2629 1433 illic
2671 1375 2984 1433 Christiana
3027 1373 3236 1444 religio.
3295 1370 3484 1427 Nullus
3530 1372 3682 1427 enim
3736 1370 3838 1426 sibi

2252 1471 2499 1526 sumebat
2538 1477 2666 1523 ante
2704 1467 2835 1523 solis
2873 1481 3129 1522 occasum
3167 1464 3382 1531 cibum;
3429 1462 3615 1534 plures
3659 1470 3837 1517 autem

2252 1571 2481 1635 quarta,
2531 1559 2771 1616 nonnulli
2814 1567 2966 1616 sexta
3009 1555 3235 1613 Sabbati
3278 1555 3458 1612 cibum
3509 1555 3839 1626 capiebant,

2251 1672 2359 1713 non
2397 1664 2506 1710 tam
2540 1651 2953 1709 desiderabilem
2977 1650 3211 1721 corpori,
3237 1664 3402 1719 quam
3430 1645 3800 1703 necessarium
3825 1664 3838 1699 :

563 1736 786 1830 Sabbati
828 1736 961 1830 dicit
1002 1772 1168 1830 fuisse
1204 1774 1445 1844 primum
1486 1772 1630 1828 diem
1676 1736 2016 1842 azymorum,
2043 1780 2151 1837 qua
2180 1828 2227 1844 ﬁ
2254 1760 2324 1844 et
2362 1755 2541 1801 tamen
2593 1750 2789 1813 praeter
2838 1740 3183 1844 reliquere":
3233 1752 3442 1844 marem
3497 1736 3845 1844 fred‘emium

561 1865 681 1936 ejus
716 1879 942 1936 vespera
983 1874 1383 1936 consequente,
1430 1864 1612 1925 futura
1651 1871 1771 1918 erat
1815 1876 1972 1918 cinna
2016 1858 2152 1915 Pas-

564 1957 773 2015 chalis:
821 1973 925 2028 qua
967 1971 1124 2013 cmna
1167 1973 1418 2029 azymum
1460 1955 1757 2026 incipiebat
1792 1962 1848 2009 et
1889 1952 2008 2007 ovis
2045 1950 2151 2006 imo

565 2051 787 2107 molatio
826 2043 1140 2106 manducari
1169 2069 1182 2105 :
1220 2066 1289 2106 ex
1312 2065 1420 2121 quo
1444 2049 1717 2122 colligitur
1741 2055 1993 2119 quartam
2018 2043 2154 2100 Sab-

562 2143 677 2199 bati
716 2143 884 2199 fuisse
922 2143 1141 2214 quando
1178 2143 1255 2197 ait
1298 2141 1564 2199 Dominus
1590 2138 1812 2212 (Matth.
1848 2152 1999 2203 xxvi,
2036 2134 2073 2189 2
2105 2142 2155 2190 et

563 2235 734 2307 seq.):
777 2234 937 2291 Scitis
969 2235 1094 2307 quia
1128 2242 1242 2305 post
1276 2234 1495 2289 biduum
1534 2232 1739 2287 Pascha
1766 2229 1879 2300 ﬁet,
1903 2237 1951 2283 et
1980 2225 2155 2282 Filius

565 2330 791 2385 hominis
831 2329 1071 2384 tradetur
1115 2339 1185 2383 ut
1212 2328 1575 2400 cruci/igatur.
1619 2325 1705 2381 Ac‘
1739 2338 1835 2395 per
1876 2324 1998 2387 hoc,
2018 2319 2158 2392 jeju-

567 2427 658 2481 nio
691 2426 806 2481 dies
844 2425 958 2496 ipse
997 2425 1287 2494 deputatus
1319 2430 1440 2479 est:
1487 2420 1614 2491 quia
1646 2420 1790 2477 sicut
1824 2414 2159 2489 evangelista

567 2521 815 2591 sequitur
858 2528 915 2576 et
955 2520 1125 2576 dicit:
1172 2519 1317 2573 Tunc
1367 2515 1670 2587 congregati
1721 2521 1845 2569 sunt
1897 2510 2159 2581 principes

569 2615 900 2669 sacerdotum
949 2622 999 2667 et
1051 2613 1279 2668 seniores
1324 2608 1505 2682 populi
1554 2609 1613 2662 in
1662 2606 1860 2661 atrium
1906 2601 2158 2674 principis

567 2703 925 2770 sacerdotum,
945 2703 1034 2775 qui
1055 2701 1329 2757 dicebatur
1350 2697 1581 2771 Caiphas
1598 2738 1613 2765 ,
1645 2706 1693 2752 et
1721 2693 2004 2750 concilium
2026 2691 2163 2763 fece-

512 2800 537 2807 ’
570 2803 692 2850 runt
736 2803 795 2849 ut
835 2792 1020 2850 Iesum
1065 2792 1187 2849 dolo
1234 2799 1467 2847 tenerent
1510 2799 1560 2845 et
1602 2788 1918 2844 occiderent.
1982 2783 2159 2840 Inter-

571 2889 738 2944 misso
788 2896 969 2944 autem
1030 2901 1139 2943 uno
1180 2886 1269 2943 die
1313 2886 1379 2940 de
1426 2896 1534 2954 quo
1579 2882 1715 2938 dicit
1758 2877 2159 2949 Evangelium:

571 2975 760 3032 Prima
793 2986 969 3032 autem
1007 2991 1313 3047 azymorum
1353 2982 1684 3029 accesserunt
1707 2968 1953 3041 discipuli
1978 2968 2049 3021 ad
2073 2965 2165 3022 Je-

571 3085 690 3123 sum
712 3068 982 3123 dicentes:
1008 3065 1111 3123 Ubi
1144 3068 1221 3123 vis
1255 3083 1499 3136 paremus
1531 3065 1628 3120 tibi
1660 3057 2165 3118 eontedere‘Pascha

572 3159 761 3230 (Ibid.,
811 3159 922 3233 l7).
971 3156 1085 3215 Hoc
1125 3173 1257 3230 ergo
1310 3158 1400 3212 die
1441 3154 1787 3219 intermisso,
1847 3166 2040 3223 passus
2080 3156 2165 3206 est

574 3252 854 3321 Dominus,
899 3252 1045 3324 quod
1088 3252 1283 3307 nullus
1318 3249 1546 3321 ambigit
1589 3247 1963 3308 Christianus,
2009 3249 2163 3299 sexta

573 3345 792 3401 Sabbati
819 3363 833 3400 :
879 3352 1211 3417 quapropter
1242 3350 1299 3398 et
1324 3342 1439 3413 ipsa
1467 3347 1621 3397 sexta
1658 3345 1808 3394 recte
1838 3335 2048 3405 jejunio
2075 3334 2167 3391 de-

570 3446 810 3508 putatur.
871 3435 1085 3507 Jejunia
1129 3436 1329 3507 quippe
1385 3435 1750 3491 humilitatem
1806 3428 2160 3502 signiﬁcant;

574 3530 717 3585 unde
739 3530 943 3586 dictum
963 3530 1087 3585 est:
1126 3528 1195 3582 Et
1230 3524 1573 3583 humiliabam
1610 3528 1667 3581 in
1696 3524 1903 3596 jejunio
1928 3524 2166 3580 animum
2212 3574 2217 3581 .

573 3636 742 3676 meam
770 3618 944 3694 (Psal.
972 3634 1160 3685 xxxiv,
1189 3619 1303 3688 i8).
1340 3638 1360 3671 ι
1454 3666 1457 3667 ν

647 3712 773 3768 Haec
810 3714 1003 3768 beatas
1036 3712 1372 3784 Augustinus
1406 3708 1472 3767 de
1501 3708 1709 3781 jejunio
1738 3716 1949 3779 quartae
1974 3714 2169 3764 sextae-

504 3816 509 3825 ·
573 3818 685 3875 que
720 3802 868 3860 feriae
892 3803 1083 3860 scribit
1108 3803 1181 3860 ad
1202 3802 1530 3860 Casulanum
1561 3803 1962 3874 presbyterum,
1985 3808 2169 3855 osten-

575 3897 711 3952 dens
753 3912 854 3951 cur
889 3895 1053 3952 fuerit
1093 3897 1444 3953 institutum:
1495 3911 1598 3952 nec
1645 3904 1826 3951 tamen
1878 3893 1983 3950 hoc
2023 3890 2168 3962 jeju-

577 3989 750 4055 nium,
793 3989 936 4060 quod
977 3998 1170 4059 quarta
1212 3989 1327 4046 sive
1371 3997 1525 4045 sexta
1567 3987 1792 4044 Sabbati
1834 3986 2169 4052 celebratur,

577 4082 647 4136 ab
681 4081 933 4137 omnibus
969 4081 1229 4137 Ecclesiis
1265 4082 1352 4137 vel
1380 4070 1756 4139 Orientalibus
1785 4078 1872 4135 vel
1905 4079 2173 4137 Occiden-

578 4172 778 4230 talibus
800 4174 1110 4246 peragitur;
1150 4174 1244 4231 sed
1267 4189 1298 4230 a
1321 4175 1645 4247 quibusdam
1670 4174 1869 4245 quibus
1891 4173 1946 4228 id
1966 4172 2171 4243 placuit

576 4268 907 4323 observare:
944 4281 1064 4322 nec
1100 4274 1293 4325 tamen
1335 4276 1623 4339 propterea
1662 4265 1754 4334 qui
1793 4262 2046 4335 jejunant
2086 4264 2171 4319 his

577 4360 771 4418 diebus
821 4356 1294 4432 reprehenduntur
1336 4363 1404 4418 ab
1446 4361 1527 4417 eis
1570 4360 1663 4431 qui
1714 4358 2025 4430 prandent,
2076 4356 2172 4413 sed

581 4460 734 4509 tenet
773 4466 1111 4524 unaquaeque
1148 4452 1387 4508 Ecclesia
1434 4467 1639 4507 morem
1677 4465 1839 4520 quem
1879 4463 1910 4503 a
1947 4445 2173 4518 majori-

580 4544 830 4637 bus_suis
860 4545 1119 4637 suscepit.
1156 4544 1273 4614 Qua
1311 4544 1377 4600 de
1412 4557 1473 4598 re
1506 4542 1815 4637 mirandum
1840 4557 1943 4637 cur
1964 4555 1996 4637 a
2020 4539 2170 4596 Grc.
2195 4573 2251 4637 υ

580 4635 661 4689 cis
686 4634 916 4690 Romani
939 4633 1338 4706 redarguantur
1358 4647 1523 4705 super
1538 4631 1747 4703 jejunio
1771 4628 2019 4696 Sabbati,
2044 4643 2168 4684 cum

582 4743 690 4782 non
718 4728 1115 4801 redargnantur
1139 4728 1208 4782 ab
1229 4724 1309 4781 eis
1330 4724 1415 4781 vel
1440 4722 1791 4779 Alexandrini
1828 4728 2024 4791 quarta
2053 4733 2173 4775 sex-

583 4826 747 4888 taque
767 4814 903 4873 feria
921 4817 1251 4889 jejunantes,
1271 4816 1357 4872 vel
1381 4815 1574 4885 reliqui
1600 4829 1695 4884 per
1715 4812 1994 4869 Orientem
2014 4809 2173 4865 Chri-

583 4910 777 4967 stiani:
803 4926 925 4965 cum
951 4916 1162 4965 constet
1182 4905 1814 4978 Constantinopolitanos
1836 4912 2031 4973 quarta
2056 4901 2173 4956 sive

585 5008 740 5056 sexta
764 4998 988 5056 Sabbati
1013 5007 1074 5055 ut
1092 4998 1341 5071 jejunent
1361 4997 1509 5053 nulla
1536 4998 1655 5069 lege
1671 4995 1755 5052 vel
1779 4992 2172 5057 consuetudine

474 5150 477 5155 ,
583 5091 907 5161 constringi.

656 5182 715 5237 ln
754 5180 931 5237 insula
968 5180 1283 5237 Britannica
1322 5181 1469 5236 omni
1509 5189 1664 5236 sexta
1701 5179 1927 5235 Sabbati
1960 5175 2172 5248 jejuna-

584 5284 695 5340 tur,
740 5288 843 5329 nec
878 5281 1058 5329 tamen
1098 5270 1640 5328 excommunicantur
1678 5270 1747 5325 ab
1787 5269 1888 5334 eis,
1941 5267 2031 5338 qui
2074 5280 2173 5336 per

584 5367 935 5425 Occidentem
993 5365 1086 5422 illo
1147 5365 1237 5422 die
1293 5381 1402 5422 non
1464 5364 1667 5419 habent
1726 5358 2172 5417 consuetudinem

580 5457 886 5530 jejunandi.
934 5446 1221 5514 Scotorum
1248 5458 1415 5522 natio,
1446 5455 1777 5529 llyberniam
1818 5450 2045 5507 insulam
2090 5449 2172 5504 in-

589 5551 863 5617 habitans,
886 5550 1333 5607 consuetudinem
1374 5550 1540 5604 habet
1552 5561 1673 5618 ,per
1697 5541 2024 5600 monasteria
2056 5553 2173 5597 mo-

588 5646 925 5712 nachorum,
979 5660 1077 5702 seu
1122 5644 1547 5707 canonicorum,
1596 5639 1680 5696 vel
1726 5649 2172 5710 quorumcunque

594 5832 599 5839 ,
661 5787 687 5816 ι
715 5773 963 5831 Natalem
990 5773 1190 5831 colicis.
1233 5771 1293 5842 ln
1323 5733 1859 5828 codice'San-Germ.
1890 5770 2047 5842 longe
2073 5768 2173 5825 ali-

593 5848 709 5905 ter:
743 5844 853 5902 Cur
874 5846 1057 5925 quinta
1083 5844 1219 5919 {cria
1239 5840 1663 5900 Christianorum
1690 5852 1902 5915 putetur
1922 5840 2057 5917 festa
2081 5857 2172 5897 ea:-

2180 1828 2228 1890 B
2252 1839 2563 1911 jejunantes
2603 1850 2711 1890 non
2755 1831 3387 1894 excommunica‘bantur,
3426 1828 3514 1883 vel
3552 1827 3847 1899 redargue-

2257 1933 2457 1989 bantur
2497 1929 2566 1984 ab
2605 1929 2717 1992 eis,
2780 1927 2976 1998 quibus
3015 1923 3296 1997 jejunandi
3354 1922 3692 1979 consuetudo
3738 1933 3849 1977 non

2258 2022 2363 2079 ista
2404 2020 2674 2077 manebat.
2722 2017 2791 2073 Et
2829 2032 2955 2074 ecce
3000 2016 3399 2087 redarguuntur
3435 2012 3670 2069 Romani
3701 2010 3847 2084 jeju-

2260 2122 2453 2171 nantes
2492 2114 2546 2168 in
2590 2110 2829 2169 Sabbato
2877 2109 2963 2165 vel
3012 2116 3236 2181 propter
3287 2107 3609 2164 memoriam
3668 2105 3851 2177 sepul-

2260 2214 2396 2262 turae
2455 2204 2787 2269 Dominicac,
2849 2200 2937 2257 vel
2987 2202 3059 2258 ob
3111 2200 3497 2274 discipulorum
3552 2201 3620 2257 de
3679 2194 3854 2256 morte

2262 2296 2475 2353 Domini
2514 2296 2815 2360 tristitiam,
2853 2294 2940 2349 vel
2984 2294 3126 2365 quod
3164 2293 3439 2366 principes
3482 2292 3854 2363 apostolorum

2263 2387 2355 2444 illo
2390 2388 2475 2443 die
2512 2386 2787 2458 jejunasse
2830 2387 3119 2442 traduntur
3158 2386 3419 2442 adversus
3446 2383 3691 2441 Simonis
3716 2398 3857 2455 pra:-

2265 2479 2423 2552 stigia
2466 2478 2844 2549 fallaciamque
2884 2477 3196 2551 pugnaturi,
3239 2484 3387 2532 certe
3429 2485 3623 2533 contra
3666 2474 3859 2531 diabo-

2262 2571 2375 2629 lum
2442 2569 2778 2641 Neronisque
2840 2568 3121 2625 vesaniam
3189 2568 3517 2625 dimicaturi.
3598 2566 3858 2636 Quintam

2265 2678 2481 2736 quoque
2521 2660 2745 2718 Sabbati
2792 2659 3068 2716 nonnullis
3111 2668 3197 2716 est
3238 2659 3573 2716 consuetudo
3607 2673 3858 2724 servare,

2265 2775 2335 2815 ne
2376 2758 2431 2812 in
2473 2755 2564 2812 illo
2602 2755 2688 2811 die
2720 2751 2988 2826 jejunent,
3027 2752 3486 2826 quemadmodum
3518 2767 3623 2808 nec
3656 2751 3713 2807 in
3750 2751 3861 2808 Do-

2266 2852 2488 2909 minica.

2335 2945 2611 3016 Approbat
2651 2943 2755 3000 hoc
2768 2942 3056 3008 Eusebius,
3080 2940 3432 3000 Caesariensis
3458 2940 3773 3012 episcopus,
3805 2936 3862 2999 in

2249 3036 2425 3107 libro,
2454 3050 2616 3106 quem
2643 3035 2709 3093 de
2741 3033 2923 3092 Gestis
2958 3032 3209 3091 Silvestri
3238 3049 3390 3106 papae
3431 3032 3757 3105 composuit,
3787 3031 3865 3087 ita

2271 3131 2494 3186 dicens:
2528 3147 2548 3182 ‹
2582 3130 2650 3185 Et
2692 3130 2769 3185 ait
2807 3144 2945 3200 papa
2987 3126 3291 3184 Silvester:
3338 3126 3586 3183 Natalem
3621 3125 3866 3182 calicis-

2192 3197 2238 3263 θ
2270 3223 2518 3280 similiter
2565 3232 2624 3279 ut
2684 3224 2826 3280 diem
2888 3223 3230 3280 Dominicum
3287 3221 3588 3277 solemnem
3651 3218 3865 3275 habere

2268 3314 2565 3378 debemus,
2628 3313 2682 3368 in
2739 3329 2848 3384 quo
2901 3312 3231 3370 sacriﬁcium
3282 3310 3556 3368 Dominici
3615 3310 3869 3382 corporis

2267 3413 2323 3461 et
2364 3404 2534 3460 divini
2588 3405 2870 3477 sanguinis
2923 3407 2992 3461 ab
3036 3405 3153 3476 ipso
3197 3403 3425 3459 Domino
3476 3400 3869 3458 celebrationis

2267 3493 2497 3564 sumpsit
2547 3494 2780 3549 initium.
2853 3494 2967 3550 Hac
3012 3494 3098 3550 die
3154 3494 3210 3548 in
3265 3500 3380 3549 toto
3431 3493 3565 3548 orbe
3612 3500 3870 3548 sanctum

2267 3587 2503 3644 chrisma
2562 3587 2900 3644 conﬁcitur:
2963 3588 3065 3644 hac
3115 3588 3281 3643 etiam
3330 3587 3417 3643 die
3471 3586 3870 3659 paenitentibus

2268 3694 2367 3750 per
2412 3678 2804 3752 indulgentiam
2855 3680 3208 3747 subvenitur;
3266 3679 3548 3737 discordes
3604 3678 3675 3734 ad
3731 3694 3868 3735 con-

2270 3771 2508 3827 cordiam
2554 3771 2659 3828 hac
2703 3772 2790 3828 die
2835 3774 3085 3839 redeunt,
3125 3770 3487 3843 paciﬁcantur
3526 3770 3689 3836 irati;
3738 3771 3873 3826 dant

2271 3862 2661 3934 indulgentiam
2698 3862 2972 3934 principes
3003 3863 3345 3928 criminosis;
3383 3861 3557 3917 servis
3594 3859 3758 3916 malis
3787 3859 3872 3914 in-

2271 3952 2491 4024 dulgent
2530 3953 2767 4019 domini;
2807 3953 3021 4024 iudices
3063 3954 3228 4008 etiam
3268 3951 3573 4009 latronibus
3607 3959 3870 4022 parcunt,

2271 4052 2559 4115 patescunt
2600 4059 2847 4099 carceres
2885 4043 2940 4099 in
2980 4052 3092 4101 toto
3129 4044 3280 4101 orbe.
3334 4042 3446 4099 Hac
3489 4044 3578 4100 die
3620 4044 3691 4101 ad
3733 4042 3872 4113 laeti-

2272 4137 2402 4192 tiam
2448 4137 2756 4193 festivitatis
2794 4147 2996 4193 exeunt
3029 4138 3121 4208 qui
3156 4152 3216 4194 se
3249 4137 3593 4204 clauserunt,
3633 4147 3864 4209 propter

2273 4228 2646 4283 austeritatem
2687 4228 2970 4301 culparum
3008 4228 3207 4297 flendo,
3253 4230 3396 4301 quod
3437 4229 3666 4285 ridendo
3706 4227 3871 4297 forte,

2275 4329 2370 4375 aut
2410 4320 2729 4387 irascendo,
2777 4330 2873 4376 aut
2916 4321 3038 4377 aliis
3079 4321 3415 4393 quibuslibet
3460 4321 3640 4378 modis
3679 4330 3870 4380 trans-

2275 4410 2570 4482 grediendo
2609 4411 2952 4468 commisere.
3025 4411 3149 4468 Haec
3201 4422 3257 4467 et
3310 4413 3396 4469 his
3442 4411 3641 4469 similia
3698 4411 3873 4469 multa

2276 4501 2490 4557 dicente
2532 4511 2720 4559 sancto
2767 4502 3033 4559 Silvestre
3076 4504 3388 4575 conquievit
3430 4504 3610 4560 omnis
3654 4514 3876 4560 contra-

2276 4591 2477 4659 dictio,
2535 4610 2697 4665 quam
2749 4595 2922 4653 Graeci
2964 4596 3419 4654 Christianissimi
3472 4605 3527 4653 et
3572 4597 3723 4654 docti
3769 4596 3874 4653 viri

2279 4684 2595 4754 opposuisse
2642 4690 2926 4743 memorati
2988 4698 3153 4754 sunt,
3216 4690 3500 4747 dicentes:
3545 4687 3690 4746 Vere
3739 4705 3875 4762 apo-

2280 4776 2470 4831 stolica
2506 4779 2662 4834 sedes
2697 4780 2800 4834 hoc
2832 4795 2862 4833 a
2898 4779 3059 4836 Petro
3091 4781 3303 4848 didicit,
3339 4781 3483 4853 quod
3520 4781 3670 4838 nulla
3696 4788 3875 4852 potest

2280 4866 2490 4921 ratione
2532 4869 2802 4926 convinci.
2849 4889 2868 4922 ι
2941 4869 2999 4927 Si
3046 4872 3113 4926 de
3155 4871 3243 4928 die
3285 4872 3511 4928 Sabbati
3552 4871 3874 4947 iudicantur

2281 4960 2510 5016 Romani
2549 4963 2691 5033 quod
2727 4962 2979 5036 jejunent
3023 4966 3077 5022 in
3117 4982 3214 5034 eo,
3263 4983 3363 5023 cur
3406 4982 3513 5023 non
3553 4967 3875 5040 judicantur

2279 5052 2371 5123 qui
2399 5050 2650 5123 jejuuant
2684 5057 2873 5128 quinta
2902 5057 3161 5126 Sabbati;
3200 5069 3292 5115 aut
3323 5075 3421 5115 cur
3457 5058 3706 5115 moderni
3730 5058 3874 5115 Grae-

2277 5161 2467 5203 corum
2503 5147 2615 5204 suis
2648 5150 2944 5221 majoribus
2969 5150 3242 5209 doctiores
3279 5155 3516 5211 existere
3556 5154 3793 5222 malunt,
3819 5161 3876 5207 ut

2278 5242 2420 5312 quod
2464 5243 2536 5298 illi
2582 5256 2926 5316 receperunt,
2951 5256 3006 5302 et
3041 5246 3219 5319 dignis
3259 5247 3509 5303 laudibus
3534 5233 3871 5319 extulerunt,

2279 5331 2383 5388 hoc
2416 5333 2502 5388 isti
2538 5336 2941 5405 reprehendere
2973 5347 3260 5407 quaerant:
3304 5356 3410 5395 non
3445 5339 3591 5397 enim
3629 5338 3715 5394 vel
3757 5333 3875 5394 reli-

2280 5425 2565 5498 giosiores,
2597 5426 2682 5483 vel
2717 5429 2990 5484 doctiores
3031 5430 3111 5485 eis
3148 5432 3605 5504 comprobantur;
3654 5429 3873 5487 videant

2279 5536 2348 5576 ne
2373 5519 2604 5577 fortasse
2638 5519 3019 5578 insolentiores
3054 5526 3543 5596 reprehendantur.
3588 5523 3701 5581 Cur
3725 5516 3872 5581 enim

2279 5631 2378 5689 per
2412 5623 2491 5671 tot
2521 5613 2717 5671 saecula
2754 5615 2899 5685 quod
2932 5630 3058 5671 cum
3096 5631 3231 5688 pace
3266 5616 3578 5673 Christiana
3613 5615 3873 5673 observa-

2282 5756 2458 5822 cludi,
2500 5756 2555 5809 in
2593 5770 2694 5824 quo
2730 5751 2967 5824 ascensio
2995 5748 3207 5824 Domini
3245 5761 3442 5824 constet
3470 5751 3728 5824 apostolis
3761 5764 3876 5809 esse

2282 5821 2507 5889 revelata
2527 5828 2553 5885 .’
2591 5821 2621 5884 Ι
2625 5844 2661 5882 tt
2683 5827 2783 5881 hac
2808 5823 2968 5878 etiam
2995 5821 3080 5878 die
3105 5823 3447 5895 sacriﬁcium.
3470 5821 3582 5883 etc.
