4026 6346
261 320 381 378 3!?

1180 322 1460 381 CONTRA
1493 324 1911 383 GRAECORUM
1947 326 2311 413 OPPOSITA.
2352 360 2421 371 --
2459 331 2588 390 LIB.
2635 332 2725 388 IV.

3449 334 3559 393 3|8

264 441 390 489 tum
423 440 528 499 est,
563 448 706 490 nunc
737 434 941 506 portari
980 450 1084 490 non
1126 446 1324 506 potest,
1361 454 1548 494 verum
1583 439 1857 494 moliendo
1882 442 1932 501 Α
1960 450 2087 497 ante
2129 441 2335 498 Pascha
2373 444 2784 514 jejunantibus;
2834 444 2955 501 aliis
2990 453 3117 501 ante
3157 460 3255 502 sex
3293 447 3555 517 septima-

261 528 733 584 contradictinnes
765 528 819 583 in
851 528 1133 585 discordiae
1165 529 1475 585 scandalum
1513 534 1853 603 congeritur:

260 634 341 673 an
386 619 522 674 adeo
564 618 941 690 imprudentia:
981 623 1221 677 tcnebris
1263 632 1390 678 sunt
1435 624 1701 690 involuti,
1751 639 1858 695 quo

258 720 463 784 putent
502 711 777 769 Ecclesias
812 713 1015 770 Christi
1052 715 1398 771 insolentium
1440 719 1858 788 reprehensione

259 800 408 856 velle
448 810 696 869 mutare,
750 805 895 875 quod
939 806 1260 862 inconcusse
1304 822 1403 877 per
1436 790 1612 862 multa
1660 807 1857 865 smcula

257 898 557 949 servavere
577 893 602 948 ?

338 982 694 1052 Melcbiades,
735 984 995 1045 Romana:
1051 988 1193 1046 sedis
1237 989 1566 1062 apostolicus
1616 1006 1646 1044 a
1695 989 1857 1048 Petro

256 1078 514 1149 apostolo
539 1080 853 1151 trigesimus
884 1084 1112 1148 tertius,
1143 1082 1210 1140 de
1237 1085 1423 1154 quinta
1476 1083 1701 1142 Sabbati
1728 1101 1857 1141 con-

251 1170 462 1237 stituit,
484 1181 545 1228 ut
590 1172 734 1228 nulla
784 1175 1015 1242 ratione,
1060 1175 1365 1243 Dominica,
1410 1186 1501 1247 aut
1545 1179 1731 1248 quinta
1779 1178 1858 1234 fe-

256 1260 345 1315 ria
375 1258 645 1330 jejunium
686 1263 806 1332 quis
837 1265 903 1320 de
938 1264 1186 1321 ﬁdelibus
1217 1274 1435 1338 ageret;
1467 1268 1722 1336 quoniam
1757 1283 1853 1324 eos

253 1355 381 1414 dies
434 1357 628 1429 pagani
680 1359 835 1429 quasi
891 1375 1047 1415 sacro
1099 1358 1307 1429 jejunio
1368 1360 1736 1416 celebrabant.
1786 1362 1855 1417 Et

255 1449 517 1520 quamvis
543 1449 724 1520 potior
750 1450 838 1504 illa
866 1452 1007 1505 ratio
1029 1451 1273 1507 videatur
1302 1468 1422 1507 esse
1449 1452 1515 1506 de
1545 1452 1650 1507 diei
1677 1451 1857 1507 Domi-

254 1543 370 1598 nici
402 1543 697 1614 pransione
730 1560 891 1614 quam
925 1544 1102 1599 omnis
1144 1553 1292 1600 tenet
1338 1545 1599 1611 Ecclesia,
1632 1545 1771 1614 quod
1797 1545 1851 1599 in

249 1650 320 1690 ea
353 1634 608 1690 videlicet
635 1633 883 1691 Christus
911 1652 940 1690 a
964 1637 1194 1692 mortuis
1220 1638 1601 1702 resurrexerit,
1629 1637 1854 1707 etquod

253 1724 430 1780 futuri
459 1725 641 1782 saeculi
666 1728 880 1797 requies
900 1742 998 1799 per
1019 1744 1138 1784 eam
1166 1728 1503 1800 signiﬁcatur
1531 1748 1545 1783 :
1573 1730 1639 1785 de
1662 1731 1849 1800 quinta

1964 549 2104 599 nas;
2167 532 2290 589 aliis
2325 544 2451 589 ante
2506 545 2711 607 septem
2766 535 2991 593 Paschte
3040 538 3377 608 septimanas
3416 535 3559 610 jeju-

1965 623 2113 677 nium
2164 623 2588 681 inchoantibus:
2621 627 2674 681 id
2720 635 2825 693 est,
2877 627 3095 698 quidam
3141 628 3411 699 jejunium
3446 627 3553 681 Pa-

1965 714 2146 770 schale
2178 715 2436 771 inchoant
2464 726 2615 770 sexta
2645 716 2982 773 hebdomada
3012 728 3138 775 ante
3166 718 3394 785 Pascha,
3421 734 3555 774 non-

1963 806 2091 862 nulli
2130 808 2380 877 septima,
2412 808 2597 879 plures
2617 817 2844 877 octava;
2877 811 3247 882 superaddunt
3267 811 3433 868 etiam
3459 810 3552 866 alii

1958 912 2180 974 nonam.
2757 968 2763 973 τ

2032 989 2281 1047 νίάθειηιν
2311 992 2475 1064 igitur
2521 995 2610 1049 isti
2660 996 3084 1066 reprehensores
3129 1012 3268 1067 quos
3311 997 3554 1069 habeant

1962 1085 2045 1141 vel
2087 1087 2315 1143 comites
2352 1088 2438 1142 vel
2479 1089 2801 1146 imitatores.
2842 1090 3087 1161 Denique
3124 1107 3247 1147 cum
3287 1091 3553 1149 Romanis

1962 1193 2068 1232 non
2118 1188 2452 1246 consonant,
2501 1180 2594 1251 qui
2644 1196 2740 1239 ser
2787 1182 3155 1240 hebdomadas
3208 1184 3553 1249 continenter

1960 1279 2086 1326 ante
2138 1270 2346 1328 Pascha
2397 1283 2598 1351 praeter
2648 1276 2985 1341 Dominicam
3034 1276 3320 1350 jejunant;
3374 1291 3552 1348 neque

1959 1376 2081 1416 cum
2112 1363 2192 1418 eis
2220 1364 2312 1433 qui
2343 1365 2571 1433 septima
2600 1366 2937 1423 hebdomada
2959 1367 3226 1439 jejunium
3251 1370 3548 1439 inchoaut;

1959 1453 2397 1523 quandoquidem
2452 1456 2540 1512 isti
2590 1456 2683 1512 illa
2734 1472 2795 1513 se
2850 1459 3039 1515 dicunt
3094 1461 3433 1523 hebdomada
3480 1460 3552 1529 ab

1958 1545 2077 1599 ovis
2141 1553 2195 1601 et
2256 1561 2418 1602 caseo
2467 1532 2788 1617 continere,
2843 1550 3139 1622 perfectam
3184 1567 3317 1607 vero
3360 1549 3551 1623 jejunii

1950 1636 2195 1697 nondum
2256 1639 2663 1697 observantiam
2725 1644 3071 1714 suscepisse,
3128 1644 3275 1716 quod
3333 1643 3544 1707 faciunt

1957 1728 2031 1783 illi
2071 1729 2163 1800 qui
2204 1738 2412 1802 septem
2450 1732 2816 1792 hebdomadas
2844 1735 3053 1806 jejunio
3089 1737 3345 1795 Paschali
3384 1736 3542 1793 dedi-r

252 1832 481 1889 quoque
508 1816 754 1884 Sabbati,
782 1834 941 1888 quam
983 1820 1174 1875 beatus
1208 1818 1471 1875 Silvester
1500 1835 1623 1875 cum
1644 1819 1849 1877 Graecis
1879 1818 1931 1879 B
1955 1832 2167 1874 cavere.

254 1909 551 1980 disputans
596 1909 845 1975 reddidit,
895 1927 1001 1967 non
1048 1921 1140 1993 est_
1163 1923 1344 1968 tamen
1396 1914 1848 1969 contemnendum

250 2002 404 2070 quod
454 2001 778 2058 Melchiades
825 2002 1102 2059 Romanus
1141 2004 1429 2076 episcopus
1469 2006 1705 2081 edocuit.
1746 2005 1850 2061 Pa-

250 2110 524 2167 ganorum
557 2095 759 2150 etenim
786 2094 991 2165 jejunia
1019 2098 1300 2154 destruere
1329 2100 1508 2169 potius
1534 2115 1696 2170 quam
1728 2100 1850 2155 imi-

251 2188 358 2242 tari
411 2188 575 2243 debet
623 2188 861 2244 Ecclesia
895 2189 1179 2257 catholica,
1210 2193 1665 2262 quemadmodum
1697 2191 1848 2249 festi-

250 2278 457 2334 vitates
493 2294 683 2335 eorum
723 2281 1027 2346 universas,
1064 2282 1117 2336 in
1144 2282 1339 2353 quibus
1365 2284 1545 2354 potius
1582 2285 1846 2339 daemoni-

248 2370 354 2425 bus
397 2386 558 2440 quam
590 2372 699 2428 Deo
727 2360 857 2427 vero
885 2373 1126 2429 noscitur
1155 2374 1438 2430 deserviri.
1469 2375 1536 2429 Et
1571 2376 1692 2431 ideo
1718 2392 1846 2433 con-

248 2463 545 2518 venienter
572 2463 852 2520 deﬁnitum
877 2475 960 2521 est
988 2465 1093 2520 illis
1114 2465 1304 2522 diebus
1331 2484 1358 2521 a
1390 2466 1715 2524 Christianis
1737 2485 1843 2543 non

249 2570 377 2611 esse
423 2553 796 2626 jejunandum,
850 2557 1045 2627 quibus
1087 2559 1280 2629 pagani
1319 2557 1568 2628 jejunare
1612 2576 1844 2617 noscun—

253 2655 381 2712 tur;
427 2661 495 2701 ne
538 2646 640 2716 pia:
680 2632 1099 2703 Isanctimoniam
1144 2649 1419 2719 religionis
1457 2650 1731 2705 maculare
1761 2651 1841 2705 vi-

251 2736 457 2791 deatur
484 2736 797 2807 superstitio
823 2737 1137 2793 dzemoniaci
1180 2739 1377 2794 cultus.
1419 2739 1674 2796 Attamen
1714 2757 1842 2798 cum

251 2834 433 2906 prima
468 2833 691 2890 Sabbati
716 2835 787 2890 sit
812 2836 1062 2891 omnibus
1087 2836 1412 2892 Christianis
1449 2818 1715 2907 generalis
1746 2838 1841 2893 ob-

250 2927 554 2992 servantia,
587 2943 694 2983 non
708 2925 1010 2997 jejunandi,
1038 2928 1285 3007 quintam
1324 2928 1546 2984 Sabbati
1589 2946 1694 2984 non
1725 2945 1841 2984 om-

254 3021 420 3075 nibus
463 3019 758 3077 observare
802 3036 920 3076 mos
961 3029 1064 3087 est,
1116 3021 1362 3093 pluribus
1398 3022 1451 3077 in
1489 3037 1553 3078 eo
1582 3021 1668 3078 die
1700 3019 1840 3091 jeju-

258 3111 520 3168 nantibus
545 3155 562 3180 ,
623 3113 857 3168 maxime
904 3112 1327 3186 Quadragesima
1358 3184 1361 3185 7
1390 3115 1669 3185 paschali;
1737 3130 1838 3172 nec

254 3212 440 3262 tamen
491 3205 560 3260 oh
601 3205 705 3261 hoc
752 3205 858 3261 ulla
886 3206 957 3281 lit
996 3206 1138 3262 inter
1174 3206 1449 3263 Ecclesias
1497 3206 1701 3263 Christi
1753 3208 1838 3263 di-

253 3298 544 3368 sceptatio,
583 3298 924 3354 servantibus
947 3298 1173 3371 singulis
1206 3315 1366 3370 quam
1407 3309 1769 3370 susceperunt
1806 3315 1839 3356 a

252 3385 554 3463 majoribus
596 3390 710 3444 suis
747 3387 1026 3463 jejunandi
1053 3389 1140 3445 vel
1164 3389 1460 3461 prandendi
1487 3391 1840 3446 consuetudi-

248 3496 401 3537 nem.
454 3480 570 3539 Hoc
616 3482 663 3538 si
700 3482 914 3540 vellent
968 3482 1280 3540 Graecorum
1335 3485 1608 3556 principes
1657 3493 1840 3542 atten-

249 3573 404 3640 dere,
442 3589 549 3630 non
591 3586 701 3631 tam
740 3575 933 3634 leviter
970 3578 1429 3648 reprehenderent
1470 3577 1693 3653 Latinos
1722 3580 1839 3639 sive

249 3664 530 3725 Romanos
555 3666 794 3739 Sabbato
815 3667 1150 3739 jejunantes,
1185 3671 1281 3727 sed
1315 3687 1410 3727 sua
1444 3672 1686 3727 contenti
1711 3687 1840 3728 con-

249 3760 563 3829 suetudine,
614 3762 949 3821 mirarentur
997 3761 1259 3835 Reginam
1309 3762 1565 3819 assistere
1617 3761 1837 3819 Christo

250 3852 310 3910 in
343 3855 547 3912 vestitu
581 3855 860 3924 deaurato,
900 3857 1364 3914 circumamictam
1402 3858 1687 3923 varietate,
1734 3872 1835 3914 nec

246 3945 422 4003 certis
464 3946 666 4021 regulis
715 3952 1045 4006 cenarentur
1095 3949 1311 4013 addici,
1362 3948 1428 4005 de
1478 3965 1584 4019 quo
1633 3947 1836 4006 nullam

245 4035 452 4093 habent
489 4048 601 4093 tam
641 4037 778 4097 Novi
815 4037 1151 4096 Testamenti
1188 4054 1353 4110 quam
1393 4039 1602 4096 Veteris
1647 4047 1836 4095 aucto-

247 4125 490 4182 ritatem.

867 4237 1096 4307 CAPUT
1135 4238 1226 4295 IV.
1313 4236 1317 4245 ί
1524 4314 1558 4343 ι

252 4366 507 4444 Romani,
533 4371 677 4443 quod
706 4364 1010 4427 Crti’corum
1038 4390 1182 4427 more
1215 4372 1695 4444 Quadragesimam
1732 4391 1836 4429 non

314 4436 1060 4517 observent,__redarguuntur.
1114 4436 1294 4517 Quam
1333 4436 1652 4517 abstrusam
1701 4463 1835 4517 qua-

313 4512 567 4585 draginta
593 4513 798 4568 dierum
816 4512 1081 4585 jejunium
1109 4525 1228 4568 ante
1256 4514 1483 4585 Pascha.
1526 4513 1684 4585 Varie
1709 4512 1832 4571 hebo

2026 1910 2221 1965 Dicunt
2258 1912 2423 1968 etiam
2454 1914 2566 1979 isti,
2601 1914 2745 1984 quod
2788 1924 2912 1972 octo
2944 1915 3379 1974 hebdomadibus
3419 1924 3547 1983 ante

1952 2002 2158 2057 Pascha
2198 2004 2456 2060 carnibus
2481 2005 2812 2074 abstineant,
2835 2007 3030 2079 jejunii
3059 2008 3145 2065 sui
3172 2023 3282 2063 non
3304 2006 3544 2077 plenam.

1950 2094 2045 2149 sed
2097 2093 2435 2150 dimidiatam
2474 2097 2865 2154 continentiam
2908 2107 3161 2170 agentes;
3206 2098 3347 2154 unde
3387 2096 3547 2169 longe

1952 2186 2085 2240 tinnt
2112 2187 2181 2242 ab
2205 2186 2283 2243 eis
2308 2188 2404 2261 qui
2441 2189 2522 2245 sic
2556 2198 2748 2246 octava
2787 2191 3123 2247 hebdomada
3153 2190 3420 2261 jejunium
3448 2191 3535 2246 inn

1950 2278 2176 2343 choant,
2223 2288 2282 2334 ut
2327 2281 2459 2335 nihil
2520 2282 2586 2338 de
2623 2282 2975 2340 continentiae
3022 2283 3283 2339 varietate
3326 2296 3545 2352 permu—

1949 2374 2084 2423 tent.
2115 2367 2233 2424 Jam
2261 2384 2392 2425 vero
2433 2386 2556 2427 cum
2595 2371 2701 2429 illis
2731 2374 2825 2446 qui
2869 2389 3066 2431 novem
3114 2372 3547 2431 hebdomadibus

1940 2456 2236 2528 jejunando
2297 2459 2560 2537 Paschale
2619 2471 2830 2534 tempus
2883 2464 3272 2535 przeveniunt,
3340 2462 3544 2518 nullam

1948 2551 2039 2606 isti
2069 2552 2324 2607 videntur
2349 2552 2552 2609 habere
2579 2554 3014 2610 communionem
3041 2571 3058 2621 ;
3095 2551 3535 2626 quandoquidem

1946 2644 2001 2700 in
2036 2659 2175 2698 nona
2217 2645 2553 2701 hebdomada
2589 2661 2690 2702 nec
2709 2648 2777 2702 ab
2801 2647 2939 2712 ovis,
2973 2663 3075 2704 nec
3097 2664 3128 2703 a
3151 2662 3332 2715 caseo,
3360 2659 3545 2716 neque

1946 2751 1977 2790 a
2006 2736 2262 2791 carnibus
2297 2751 2357 2792 se
2391 2737 2669 2805 continere
2693 2739 3067 2810 profiteantur.
3098 2738 3242 2811 Ergo
3286 2752 3411 2795 cum
3447 2736 3540 2794 ιιοο

1944 2828 2350 2898 prehendantur
2382 2830 2435 2885 in
2456 2830 2836 2886 observatione
2866 2829 3056 2901 jejunii
3100 2830 3383 2888 Paschalis
3427 2846 3538 2887 non

1946 2922 2121 2976 solum
2144 2922 2212 2975 ab
2243 2920 2706 2988 Occidentalibus,
2730 2937 2920 2978 verum
2944 2925 3013 2980 ab
3033 2922 3403 2980 Orientalibus
3431 2922 3543 2977 dis-

1946 3015 2171 3079 sentire,
2200 3014 2384 3069 dicant
2425 3029 2531 3086 qua
2573 3014 2783 3071 ratione
2810 3015 3216 3087 reprehendant
3241 3013 3540 3083 Romanos,

1946 3113 1999 3158 ct
2029 3119 2137 3159 non
2153 3104 2475 3174 reprehendi
2504 3114 2765 3161 verentur
2787 3105 2857 3160 ab
2886 3104 3009 3162 aliis
3032 3104 3311 3171 Ecclesiis,
3339 3104 3540 3175 quibus

1868 3197 1913 3260 C
1946 3204 2002 3260 in
2048 3202 2296 3259 Paschali
2337 3200 2544 3272 jejunio
2582 3217 2690 3258 non
2732 3202 3063 3259 concordare
3104 3201 3359 3271 videntur
3396 3216 3410 3254 :
3446 3208 3543 3254 aut

1942 3304 2092 3352 certe
2120 3294 2399 3366 proferant
2421 3293 2503 3349 vel
2531 3293 2742 3349 Veteris
2765 3293 2849 3349 vel
2879 3292 3014 3351 Novi
3038 3292 3373 3348 Testamenti
3399 3307 3540 3362 prte-

1943 3394 2116 3455 cepta,
2140 3380 2226 3441 vel
2242 3384 2647 3448 auctoritatem,
2676 3399 2783 3454 qua
2804 3381 3099 3438 defendant
3125 3396 3280 3437 suam
3301 3395 3533 3437 consuec

1944 3477 2206 3545 tudinem,
2237 3475 2318 3532 vel
2348 3475 2648 3532 Romanam
2683 3475 2879 3530 merito
2913 3472 3332 3544 reprehendant.
3379 3471 3534 3539 Quod

1940 3584 2068 3624 cum
2098 3566 2279 3623 facere
2305 3575 2603 3637 nequeunt,
2643 3565 2837 3620 doceat
2864 3580 2959 3639 eos
2983 3564 3175 3620 saltem
3201 3562 3540 3619 consuetudo

1942 3659 2309 3716 Ecclesiarum
2337 3659 2487 3713 varia
2510 3656 2791 3727 jejunandi
2810 3697 2826 3723 ,
2854 3657 2997 3729 quod
3034 3672 3142 3714 non
3181 3655 3286 3711 ista
3318 3654 3412 3710 liat
3442 3654 3538 3710 ob-

1942 3754 2216 3828 servantia
2258 3752 2323 3809 de
2362 3752 2728 3831 praeceptione
2762 3764 3097 3825 quacunque
3135 3748 3337 3812 divina,
3384 3745 3539 3816 cujus

1942 3845 2266 3903 necessitate
2298 3842 2611 3917 jejunantes
2651 3832 3011 3901 coerceantur
3049 3860 3064 3897 :
3095 3841 3189 3898 sed
3217 3846 3436 3896 maneat
3482 3839 3539 3907 in

1942 3934 2363 4007 uniuscujusque
2386 3935 2693 4008 proposito,
2728 3950 2826 3992 seu
2856 3934 3147 3991 voluntatis
3176 3932 3436 3998 arbitrio,
3472 3940 3535 3988 ut

1942 4045 2064 4086 cum
2095 4029 2290 4103 gaudio
2315 4029 2489 4085 sancti
2517 4027 2757 4098 Spiritus
2785 4026 2979 4083 otl'erat
3006 4024 3118 4082 Deo
3137 4024 3282 4095 quod
3310 4023 3415 4079 sibi
3450 4037 3533 4079 re-

1940 4130 2089 4177 ctum
2118 4120 2483 4192 possibileque
2510 4118 2755 4184 videtur,
2786 4126 2974 4175 etnon
3003 4115 3375 4175 necessarium
3395 4156 3411 4182 ,
3441 4114 3537 4187 sed

1942 4213 2036 4268 ﬁat
2061 4213 2427 4299 voluntarium
2448 4212 2652 4268 bonum
2678 4218 2924 4283 nostrum
2960 4228 2973 4265 :
3008 4224 3110 4265 nec
3132 4217 3314 4265 tamen
3342 4217 3411 4264 ut
3432 4207 3539 4263 hoc

1943 4307 1995 4362 in
2038 4307 2463 4379 uniuscujusque
2512 4306 2584 4362 sit
2624 4303 2975 4376 singulariter
3011 4300 3296 4373 electione,
3342 4314 3533 4355 verum

1941 4400 2204 4455 servanda
2250 4407 2337 4454 est
2361 4397 2586 4470 singulis
2608 4396 2867 4453 Ecclesiis
2898 4394 3165 4469 majorum
3213 4393 3535 4458 auctoritas.

1942 4499 1997 4544 et
2041 4489 2408 4554 consuetudo;
2465 4496 2734 4559 quatenus
2782 4485 2981 4558 singuli
3027 4484 3337 4543 custodiant
3384 4482 3531 4552 quod

311 4562 694 4652 ébiiéiiahlai'
711 4562 1286 4652 "aid'éaii’"§ér}&iit£
1306 4562 1546 4651 “Odere-
1572 4562 1832 4642 inhabili
1859 4562 1910 4622 Ῐ)
1938 4595 2273 4651 unaqmcque
2314 4578 2555 4635 Ecclesia
2583 4594 2614 4633 a
2639 4577 2754 4633 suis
2783 4576 2994 4647 accepit
3020 4572 3401 4630 fundatoribus
3425 4586 3527 4627 cu-.-

315 4648 738 4727 Occidentulium
778 4656 999 4725 triginta
1025 4648 1118 4710 sesi
1155 4656 1265 4727 dies
1289 4648 1556 4727 jejunum.
1585 4656 1833 4723 Quadra-

314 4723 546 4795 gm'mus
564 4724 767 4780 dierum
796 4723 1044 4781 numerus
1064 4723 1379 4797 explicat—ur.

244 4898 249 4901 -
317 4860 685 4919 Transeamus
724 4861 838 4932 jam
878 4863 946 4918 ad
986 4862 1112 4918 illud
1138 4863 1282 4933 quod
1312 4863 1377 4918 de
1405 4862 1828 4933 Quadragesima

242 4953 486 5027 paschali
536 4963 806 5011 conantur
850 4955 1201 5027 redarguere,
1246 4955 1507 5019 dicentes,
1549 4954 1835 5024 quodnon

237 5045 550 5117 jejunemus
577 5046 719 5103 sicut
748 5047 823 5102 illi
852 5055 974 5102 octo
999 5047 1368 5101 hebdomadas
1401 5055 1526 5101 ante
1562 5046 1773 5102 Pascha
1800 5062 1832 5105 a

244 5139 517 5205 carnium,
563 5147 620 5194 et
659 5146 866 5209 septem
917 5138 1343 5195 hebdomadibus
1369 5154 1398 5193 a
1425 5139 1567 5194 casei
1605 5148 1661 5194 ct
1696 5154 1833 5196 ovo-

248 5248 367 5287 rum
397 5247 497 5287 esu
535 5247 634 5287 suo
663 5246 816 5287 more
846 5247 955 5297 non
982 5245 1276 5287 cessamus.
1311 5228 1403 5285 Sic
1435 5229 1539 5285 ista
1564 5230 1831 5297 dicentes,

248 5333 510 5395 tanquam
538 5323 678 5379 hanc
706 5323 923 5378 illorum
950 5321 1396 5378 consuetudinem
1424 5336 1612 5376 omnes
1640 5319 1837 5376 Orien-

250 5414 385 5470 tales
433 5423 490 5469 et
540 5413 936 5480 Occidentales,
986 5422 1184 5486 praeter
1231 5412 1524 5480 Romanos,
1575 5413 1832 5469 Ecclesia:

247 5518 626 5566 conservent:
672 5509 1108 5580 quandoquidem
1179 5519 1285 5561 tam
1347 5506 1397 5561 in
1464 5505 1832 5562 Orientalibus

248 5613 409 5670 quam
455 5600 508 5654 in
549 5596 992 5655 Occidentalibus
1034 5597 1293 5654 Ecclesiis
1334 5596 1499 5652 multa
1545 5598 1832 5654 diversitas

249 5692 577 5759 inveniatur,
619 5694 759 5749 sicut
794 5692 907 5762 jam
961 5694 1210 5764 superius
1258 5702 1538 5747 ostensum
1568 5703 1671 5757 cst,
1709 5694 1831 5751 aliis

250 5798 346 5854 Ix
386 5785 842 5857 hebdomadibus,
912 5793 1112 5862 prteter
1160 5786 1531 5857 Dominicam,
1576 5788 1832 5869 Ecclesiis

1941 4673 2306 4728 stodiendum.
2336 4670 2451 4726 Nisi
2476 4669 2616 4726 forte
2635 4668 2935 4740 putandum
2967 4666 3111 4736 quod
3140 4664 3315 4739 Graeci
3346 4665 3454 4719 sint
3480 4663 3537 4719 in

1943 4763 2044 4817 hoc
2067 4761 2436 4832 prteponcndi,
2481 4760 2625 4831 quod
2669 4758 3005 4815 hebdomada
3042 4755 3272 4826 septima
3303 4768 3404 4809 nec
3432 4767 3535 4809 ova

1945 4870 2043 4909 nec
2071 4868 2289 4910 caseum
2318 4853 2640 4918 comedant;
2664 4848 3101 4921 quandoquidem
3133 4846 3289 4919 longe
3312 4844 3536 4918 praecel-

1944 4947 2128 5002 luntur
2153 4949 2221 5003 ab
2257 4946 2338 5003 eis
2362 4948 2455 5017 qui
2486 4954 2703 5002 coctum
2735 4943 2937 5013 aliquid
2964 4958 3063 5014 per
3096 4950 3266 4997 totam
3297 4939 3538 5010 Quadra-

1942 5043 2201 5113 gesimam
2226 5057 2333 5097 non
2356 5040 2682 5104 comedunt;
2707 5051 2917 5092 necnon
2940 5036 3009 5091 ab
3035 5036 3117 5091 eis
3142 5034 3234 5106 qui
3258 5032 3373 5091 solo
3394 5048 3537 5107 pane

1940 5144 2254 5191 vescuntur.
2289 5136 2603 5205 Appareant
2627 5129 2795 5186 etiam
2829 5127 3061 5183 multum
3089 5124 3377 5184 inferiores
3403 5126 3533 5197 illis,

1941 5229 2032 5299 qui
2081 5245 2179 5283 nec
2209 5229 2334 5293 hoc,
2380 5224 2474 5281 sed
2511 5223 2805 5280 herbarum
2842 5220 3220 5277 tantummodo
3262 5234 3358 5276 esu
3413 5219 3537 5291 reti-

1938 5325 2173 5381 ciuntur.
2205 5320 2315 5378 Nec
2339 5334 2555 5392 quoque
2591 5318 2811 5391 penitus
2838 5318 2921 5374 eis
2945 5316 3283 5385 conferendi,
3309 5315 3411 5387 qui
3440 5329 3539 5389 per

1940 5424 2108 5471 totam
2139 5411 2617 5485 Quadragesimam
2657 5411 2751 5467 vix
2789 5409 2959 5466 semel
2987 5417 3084 5465 aut
3112 5408 3198 5465 bis
3237 5407 3293 5467 in
3334 5394 3539 5481 hebdo-

1937 5507 2094 5562 mada
2141 5504 2322 5560 cibum
2349 5503 2567 5573 corpori
2614 5502 2938 5575 largiuntur.
2990 5499 3217 5556 Cessent
3266 5496 3437 5571 igitur
3458 5513 3539 5575 lose

1934 5597 2381 5670 superextollere,
2418 5611 2485 5652 ae
2509 5603 2800 5662 corruant;
2837 5594 2932 5650 sed
2954 5591 3530 5667 potius’lrumilientur

1936 5702 1995 5747 ut
2021 5700 2266 5762 surgant,
2293 5698 2347 5745 et
2365 5689 2629 5761 potiorem
2656 5703 2778 5744 esse
2806 5693 3141 5759 cognoscant
3169 5681 3541 5759 concordiam°

1935 5786 2104 5858 pacis,
2135 5798 2191 5842 et
2217 5784 2522 5841 dilectionis
2550 5783 2840 5853 unitatem,
2882 5796 3048 5856 quam
3073 5776 3425 5857 jejuniorum
3461 5777 3535 5852 gl;
