  <div class='ocr_page' id='page_1' title='image "/cluster/home/n/w/nwhite01/storage/ocr_20150623/121/hvd.32044015471642/165.png"; bbox 0 0 4026 6346; ppageno 0'>
   <div class='ocr_carea' id='block_1_1' title="bbox 525 366 631 426">
    <p class='ocr_par' dir='ltr' id='par_1_1' title="bbox 525 366 631 426">
     <span class='ocr_line' id='line_1_1' title="bbox 525 366 631 426; baseline 0.028 -3"><span class='ocrx_word' id='word_1_1' title='bbox 525 366 631 426; x_wconf 73' lang='grc'><strong>519</strong></span> 
     </span>
    </p>
   </div>
   <div class='ocr_carea' id='block_1_2' title="bbox 1551 373 2749 443">
    <p class='ocr_par' dir='ltr' id='par_1_2' title="bbox 1551 373 2749 443">
     <span class='ocr_line' id='line_1_2' title="bbox 1551 373 2749 443; baseline 0.007 -10"><span class='ocrx_word' id='word_1_2' title='bbox 1551 373 1914 435; x_wconf 76' lang='lat' dir='ltr'><strong>RATRAMNI</strong></span> <span class='ocrx_word' id='word_1_3' title='bbox 1952 378 2403 438; x_wconf 83' lang='lat' dir='ltr'><strong>CORBEIENSIS</strong></span> <span class='ocrx_word' id='word_1_4' title='bbox 2444 383 2749 443; x_wconf 84' lang='lat' dir='ltr'><strong>MONACHI</strong></span> 
     </span>
    </p>
   </div>
   <div class='ocr_carea' id='block_1_3' title="bbox 3711 398 3835 453">
    <p class='ocr_par' dir='ltr' id='par_1_3' title="bbox 3711 398 3835 453">
     <span class='ocr_line' id='line_1_3' title="bbox 3711 398 3835 453; baseline 0.016 -1"><span class='ocrx_word' id='word_1_5' title='bbox 3711 398 3835 453; x_wconf 68' lang='lat'><strong>320</strong></span> 
     </span>
    </p>
   </div>
   <div class='ocr_carea' id='block_1_4' title="bbox 523 483 3829 584">
    <p class='ocr_par' dir='ltr' id='par_1_4' title="bbox 523 483 3829 584">
     <span class='ocr_line' id='line_1_4' title="bbox 523 483 3829 584; baseline 0.01 -45"><span class='ocrx_word' id='word_1_6' title='bbox 523 487 874 542; x_wconf 87' lang='lat' dir='ltr'><strong>servantiam.</strong></span> <span class='ocrx_word' id='word_1_7' title='bbox 932 483 1289 545; x_wconf 87' lang='lat' dir='ltr'><strong>Considerent</strong></span> <span class='ocrx_word' id='word_1_8' title='bbox 1327 506 1542 563; x_wconf 88' lang='lat' dir='ltr'><strong>quoque</strong></span> <span class='ocrx_word' id='word_1_9' title='bbox 1586 510 1686 550; x_wconf 92' lang='lat' dir='ltr'><strong>cur</strong></span> <span class='ocrx_word' id='word_1_10' title='bbox 1731 497 1835 553; x_wconf 87' lang='lat' dir='ltr'><strong>ista</strong></span> <span class='ocrx_word' id='word_1_11' title='bbox 1878 499 2112 555; x_wconf 78' lang='lat' dir='ltr'><strong>varietas</strong></span> <span class='ocrx_word' id='word_1_12' title='bbox 2138 502 2191 561; x_wconf 82' lang='lat' dir='ltr'><strong>A</strong></span> <span class='ocrx_word' id='word_1_13' title='bbox 2217 500 2361 555; x_wconf 89' lang='lat' dir='ltr'><strong>ducti</strong></span> <span class='ocrx_word' id='word_1_14' title='bbox 2388 502 2609 574; x_wconf 90' lang='lat' dir='ltr'><strong>triginta</strong></span> <span class='ocrx_word' id='word_1_15' title='bbox 2640 521 2753 573; x_wconf 82' lang='lat' dir='ltr'><strong>sex,</strong></span> <span class='ocrx_word' id='word_1_16' title='bbox 2783 522 2892 562; x_wconf 90' lang='lat' dir='ltr'><strong>non</strong></span> <span class='ocrx_word' id='word_1_17' title='bbox 2923 508 3277 581; x_wconf 80' lang='lat' dir='ltr'><strong>quadraginta</strong></span> <span class='ocrx_word' id='word_1_18' title='bbox 3319 512 3545 584; x_wconf 85' lang='lat' dir='ltr'><strong>implere</strong></span> <span class='ocrx_word' id='word_1_19' title='bbox 3571 533 3829 573; x_wconf 86' lang='lat' dir='ltr'><strong>noscun-</strong></span> 
     </span>
    </p>
   </div>
   <div class='ocr_carea' id='block_1_5' title="bbox 521 576 1543 655">
    <p class='ocr_par' dir='ltr' id='par_1_5' title="bbox 521 576 1543 655">
     <span class='ocr_line' id='line_1_5' title="bbox 521 576 1543 655; baseline 0.009 -23"><span class='ocrx_word' id='word_1_20' title='bbox 521 586 651 632; x_wconf 86' lang='lat' dir='ltr'><strong>ante</strong></span> <span class='ocrx_word' id='word_1_21' title='bbox 684 576 1196 651; x_wconf 88' lang='lat' dir='ltr'><strong>Paschajejunandi</strong></span> <span class='ocrx_word' id='word_1_22' title='bbox 1234 583 1543 655; x_wconf 78' lang='lat' dir='ltr'><strong>contigerit.</strong></span> 
     </span>
    </p>
   </div>
   <div class='ocr_carea' id='block_1_6' title="bbox 597 666 2112 750">
    <p class='ocr_par' dir='ltr' id='par_1_6' title="bbox 597 666 2112 750">
     <span class='ocr_line' id='line_1_6' title="bbox 597 666 2112 750; baseline 0.012 -27"><span class='ocrx_word' id='word_1_23' title='bbox 597 669 837 739; x_wconf 79' lang='lat' dir='ltr'><strong>Denique</strong></span> <span class='ocrx_word' id='word_1_24' title='bbox 872 666 1324 743; x_wconf 43' lang='lat' dir='ltr'><strong>tamevan‘gelica</strong></span> <span class='ocrx_word' id='word_1_25' title='bbox 1347 691 1508 744; x_wconf 90' lang='lat' dir='ltr'><strong>quam</strong></span> <span class='ocrx_word' id='word_1_26' title='bbox 1542 678 1701 750; x_wconf 83' lang='lat' dir='ltr'><strong>legali</strong></span> <span class='ocrx_word' id='word_1_27' title='bbox 1733 680 1990 737; x_wconf 84' lang='lat' dir='ltr'><strong>docemur</strong></span> <span class='ocrx_word' id='word_1_28' title='bbox 2017 700 2112 740; x_wconf 89' lang='lat' dir='ltr'><strong>au-</strong></span> 
     </span>
    </p>
   </div>
   <div class='ocr_carea' id='block_1_7' title="bbox 522 758 2211 845">
    <p class='ocr_par' dir='ltr' id='par_1_7' title="bbox 522 758 2211 845">
     <span class='ocr_line' id='line_1_7' title="bbox 522 758 2211 845; baseline 0.012 -31"><span class='ocrx_word' id='word_1_29' title='bbox 522 760 808 825; x_wconf 86' lang='lat' dir='ltr'><strong>ctoritate,</strong></span> <span class='ocrx_word' id='word_1_30' title='bbox 838 761 1194 831; x_wconf 85' lang='lat' dir='ltr'><strong>quadraginta</strong></span> <span class='ocrx_word' id='word_1_31' title='bbox 1212 758 1431 821; x_wconf 85' lang='lat' dir='ltr'><strong>dierum</strong></span> <span class='ocrx_word' id='word_1_32' title='bbox 1470 769 1850 828; x_wconf 87' lang='lat' dir='ltr'><strong>celebrandum</strong></span> <span class='ocrx_word' id='word_1_33' title='bbox 1881 773 1997 831; x_wconf 85' lang='lat' dir='ltr'><strong>fore</strong></span> <span class='ocrx_word' id='word_1_34' title='bbox 2022 775 2108 845; x_wconf 87' lang='lat' dir='ltr'><strong>je-</strong></span> <span class='ocrx_word' id='word_1_35' title='bbox 2210 782 2211 787; x_wconf 64' lang='grc'><em>“</em></span> 
     </span>
    </p>
   </div>
   <div class='ocr_carea' id='block_1_8' title="bbox 515 847 2112 936">
    <p class='ocr_par' dir='ltr' id='par_1_8' title="bbox 515 847 2112 936">
     <span class='ocr_line' id='line_1_8' title="bbox 515 847 2112 936; baseline 0.011 -33"><span class='ocrx_word' id='word_1_36' title='bbox 515 847 729 918; x_wconf 91' lang='lat' dir='ltr'><strong>junium</strong></span> <span class='ocrx_word' id='word_1_37' title='bbox 764 865 779 904; x_wconf 92' lang='lat'><strong>:</strong></span> <span class='ocrx_word' id='word_1_38' title='bbox 809 866 935 905; x_wconf 91' lang='lat' dir='ltr'><strong>nam</strong></span> <span class='ocrx_word' id='word_1_39' title='bbox 962 851 1217 910; x_wconf 86' lang='lat' dir='ltr'><strong>Salvator</strong></span> <span class='ocrx_word' id='word_1_40' title='bbox 1252 857 1306 910; x_wconf 93' lang='lat' dir='ltr'><strong>in</strong></span> <span class='ocrx_word' id='word_1_41' title='bbox 1336 857 1627 931; x_wconf 88' lang='lat' dir='ltr'><strong>Evangelio</strong></span> <span class='ocrx_word' id='word_1_42' title='bbox 1657 855 1852 934; x_wconf 80' lang='lat' dir='ltr'><strong>legitur</strong></span> <span class='ocrx_word' id='word_1_43' title='bbox 1881 868 2112 936; x_wconf 87' lang='lat' dir='ltr'><strong>quadra-</strong></span> 
     </span>
    </p>
   </div>
   <div class='ocr_carea' id='block_1_9' title="bbox 519 939 2105 1021">
    <p class='ocr_par' dir='ltr' id='par_1_9' title="bbox 519 939 2105 1021">
     <span class='ocr_line' id='line_1_9' title="bbox 519 939 2105 1021; baseline 0.015 -30"><span class='ocrx_word' id='word_1_44' title='bbox 519 939 667 1008; x_wconf 85' lang='lat' dir='ltr'><strong>ginta</strong></span> <span class='ocrx_word' id='word_1_45' title='bbox 713 940 904 997; x_wconf 89' lang='lat' dir='ltr'><strong>diebus</strong></span> <span class='ocrx_word' id='word_1_46' title='bbox 951 951 1007 997; x_wconf 86' lang='lat' dir='ltr'><strong>et</strong></span> <span class='ocrx_word' id='word_1_47' title='bbox 1054 947 1306 1003; x_wconf 89' lang='lat' dir='ltr'><strong>noctibus</strong></span> <span class='ocrx_word' id='word_1_48' title='bbox 1337 949 1604 1021; x_wconf 88' lang='lat' dir='ltr'><strong>jejunium</strong></span> <span class='ocrx_word' id='word_1_49' title='bbox 1651 958 2017 1014; x_wconf 91' lang='lat' dir='ltr'><strong>continuasse.</strong></span> <span class='ocrx_word' id='word_1_50' title='bbox 2049 960 2105 1015; x_wconf 86' lang='lat' dir='ltr'><strong>In</strong></span> 
     </span>
    </p>
   </div>
   <div class='ocr_carea' id='block_1_10' title="bbox 519 1027 2109 1119">
    <p class='ocr_par' dir='ltr' id='par_1_10' title="bbox 519 1027 2109 1119">
     <span class='ocr_line' id='line_1_10' title="bbox 519 1027 2109 1119; baseline 0.016 -37"><span class='ocrx_word' id='word_1_51' title='bbox 519 1027 699 1085; x_wconf 77' lang='lat' dir='ltr'><strong>Veteri</strong></span> <span class='ocrx_word' id='word_1_52' title='bbox 731 1048 862 1089; x_wconf 89' lang='lat' dir='ltr'><strong>vero</strong></span> <span class='ocrx_word' id='word_1_53' title='bbox 907 1033 1258 1093; x_wconf 88' lang='lat' dir='ltr'><strong>Testamento</strong></span> <span class='ocrx_word' id='word_1_54' title='bbox 1304 1042 1563 1097; x_wconf 89' lang='lat' dir='ltr'><strong>scribitur</strong></span> <span class='ocrx_word' id='word_1_55' title='bbox 1588 1047 1730 1115; x_wconf 88' lang='lat' dir='ltr'><strong>quod</strong></span> <span class='ocrx_word' id='word_1_56' title='bbox 1776 1046 1989 1119; x_wconf 87' lang='lat' dir='ltr'><strong>Moyses</strong></span> <span class='ocrx_word' id='word_1_57' title='bbox 2024 1050 2109 1107; x_wconf 90' lang='lat' dir='ltr'><strong>bis</strong></span> 
     </span>
    </p>
   </div>
   <div class='ocr_carea' id='block_1_11' title="bbox 516 1117 2108 1208">
    <p class='ocr_par' dir='ltr' id='par_1_11' title="bbox 516 1117 2108 1208">
     <span class='ocr_line' id='line_1_11' title="bbox 516 1117 2108 1208; baseline 0.016 -35"><span class='ocrx_word' id='word_1_58' title='bbox 516 1117 663 1176; x_wconf 89' lang='lat' dir='ltr'><strong>hunc</strong></span> <span class='ocrx_word' id='word_1_59' title='bbox 680 1121 898 1181; x_wconf 83' lang='lat' dir='ltr'><strong>dierum</strong></span> <span class='ocrx_word' id='word_1_60' title='bbox 944 1124 1241 1196; x_wconf 90' lang='lat' dir='ltr'><strong>jeiunando</strong></span> <span class='ocrx_word' id='word_1_61' title='bbox 1270 1147 1557 1189; x_wconf 91' lang='lat' dir='ltr'><strong>numerum</strong></span> <span class='ocrx_word' id='word_1_62' title='bbox 1583 1117 1967 1208; x_wconf 71' lang='lat' dir='ltr'><strong>compleverit;</strong></span> <span class='ocrx_word' id='word_1_63' title='bbox 2022 1157 2108 1197; x_wconf 92' lang='lat' dir='ltr'><strong>se-</strong></span> 
     </span>
    </p>
   </div>
   <div class='ocr_carea' id='block_1_12' title="bbox 514 1209 2105 1298">
    <p class='ocr_par' dir='ltr' id='par_1_12' title="bbox 514 1209 2105 1298">
     <span class='ocr_line' id='line_1_12' title="bbox 514 1209 2105 1298; baseline 0.014 -34"><span class='ocrx_word' id='word_1_64' title='bbox 514 1209 622 1265; x_wconf 89' lang='lat' dir='ltr'><strong>mel</strong></span> <span class='ocrx_word' id='word_1_65' title='bbox 644 1212 861 1281; x_wconf 90' lang='lat' dir='ltr'><strong>quidem</strong></span> <span class='ocrx_word' id='word_1_66' title='bbox 890 1216 1178 1288; x_wconf 84' lang='lat' dir='ltr'><strong>antequam</strong></span> <span class='ocrx_word' id='word_1_67' title='bbox 1212 1220 1347 1293; x_wconf 84' lang='lat' dir='ltr'><strong>legis</strong></span> <span class='ocrx_word' id='word_1_68' title='bbox 1370 1223 1724 1298; x_wconf 89' lang='lat' dir='ltr'><strong>Decalogum,</strong></span> <span class='ocrx_word' id='word_1_69' title='bbox 1754 1230 1982 1286; x_wconf 91' lang='lat' dir='ltr'><strong>Domino</strong></span> <span class='ocrx_word' id='word_1_70' title='bbox 2008 1233 2105 1287; x_wconf 91' lang='lat' dir='ltr'><strong>tri-</strong></span> 
     </span>
    </p>
   </div>
   <div class='ocr_carea' id='block_1_13' title="bbox 513 1299 2102 1395">
    <p class='ocr_par' dir='ltr' id='par_1_13' title="bbox 513 1299 2102 1395">
     <span class='ocr_line' id='line_1_13' title="bbox 513 1299 2102 1395; baseline 0.016 -40"><span class='ocrx_word' id='word_1_71' title='bbox 513 1299 733 1370; x_wconf 85' lang='lat' dir='ltr'><strong>buente,</strong></span> <span class='ocrx_word' id='word_1_72' title='bbox 772 1310 1115 1378; x_wconf 76' lang='lat' dir='ltr'><strong>perceperit;</strong></span> <span class='ocrx_word' id='word_1_73' title='bbox 1163 1316 1403 1370; x_wconf 88' lang='lat' dir='ltr'><strong>secundo</strong></span> <span class='ocrx_word' id='word_1_74' title='bbox 1434 1333 1564 1373; x_wconf 87' lang='lat' dir='ltr'><strong>vero</strong></span> <span class='ocrx_word' id='word_1_75' title='bbox 1594 1332 1877 1391; x_wconf 83' lang='lat' dir='ltr'><strong>postquam</strong></span> <span class='ocrx_word' id='word_1_76' title='bbox 1918 1325 2102 1395; x_wconf 87' lang='lat' dir='ltr'><strong>populi</strong></span> 
     </span>
    </p>
   </div>
   <div class='ocr_carea' id='block_1_14' title="bbox 511 1399 2103 1473">
    <p class='ocr_par' dir='ltr' id='par_1_14' title="bbox 511 1399 2103 1473">
     <span class='ocr_line' id='line_1_14' title="bbox 511 1399 2103 1473; baseline 0.016 -25"><span class='ocrx_word' id='word_1_77' title='bbox 511 1399 945 1466; x_wconf 83' lang='lat' dir='ltr'><strong>transgressione</strong></span> <span class='ocrx_word' id='word_1_78' title='bbox 972 1413 1298 1471; x_wconf 85' lang='lat' dir='ltr'><strong>provocatus</strong></span> <span class='ocrx_word' id='word_1_79' title='bbox 1318 1447 1333 1473; x_wconf 97' lang='lat'><strong>,</strong></span> <span class='ocrx_word' id='word_1_80' title='bbox 1367 1408 1579 1467; x_wconf 90' lang='lat' dir='ltr'><strong>tabulas</strong></span> <span class='ocrx_word' id='word_1_81' title='bbox 1608 1414 1676 1468; x_wconf 90' lang='lat' dir='ltr'><strong>ad</strong></span> <span class='ocrx_word' id='word_1_82' title='bbox 1700 1416 1911 1472; x_wconf 82' lang='lat' dir='ltr'><strong>radices</strong></span> <span class='ocrx_word' id='word_1_83' title='bbox 1948 1434 2103 1473; x_wconf 84' lang='lat' dir='ltr'><strong>mon-</strong></span> 
     </span>
    </p>
   </div>
   <div class='ocr_carea' id='block_1_15' title="bbox 510 1484 2101 1579">
    <p class='ocr_par' dir='ltr' id='par_1_15' title="bbox 510 1484 2101 1579">
     <span class='ocr_line' id='line_1_15' title="bbox 510 1484 2101 1579; baseline 0.016 -39"><span class='ocrx_word' id='word_1_84' title='bbox 510 1484 584 1541; x_wconf 77' lang='lat' dir='ltr'><strong>tis</strong></span> <span class='ocrx_word' id='word_1_85' title='bbox 618 1487 950 1561; x_wconf 84' lang='lat' dir='ltr'><strong>confregerit</strong></span> <span class='ocrx_word' id='word_1_86' title='bbox 980 1510 994 1547; x_wconf 90' lang='lat'><strong>:</strong></span> <span class='ocrx_word' id='word_1_87' title='bbox 1024 1494 1231 1552; x_wconf 90' lang='lat' dir='ltr'><strong>duabus</strong></span> <span class='ocrx_word' id='word_1_88' title='bbox 1276 1499 1342 1553; x_wconf 82' lang='lat' dir='ltr'><strong>de</strong></span> <span class='ocrx_word' id='word_1_89' title='bbox 1392 1504 1573 1559; x_wconf 89' lang='lat' dir='ltr'><strong>causis</strong></span> <span class='ocrx_word' id='word_1_90' title='bbox 1609 1504 1805 1561; x_wconf 89' lang='lat' dir='ltr'><strong>iterum</strong></span> <span class='ocrx_word' id='word_1_91' title='bbox 1866 1511 2101 1579; x_wconf 89' lang='lat' dir='ltr'><strong>quadra-</strong></span> 
     </span>
    </p>
   </div>
   <div class='ocr_carea' id='block_1_16' title="bbox 508 1576 2098 1666">
    <p class='ocr_par' dir='ltr' id='par_1_16' title="bbox 508 1576 2098 1666">
     <span class='ocr_line' id='line_1_16' title="bbox 508 1576 2098 1666; baseline 0.016 -36"><span class='ocrx_word' id='word_1_92' title='bbox 508 1576 661 1647; x_wconf 86' lang='lat' dir='ltr'><strong>ginta</strong></span> <span class='ocrx_word' id='word_1_93' title='bbox 690 1579 899 1635; x_wconf 90' lang='lat' dir='ltr'><strong>dierum</strong></span> <span class='ocrx_word' id='word_1_94' title='bbox 923 1582 1189 1654; x_wconf 85' lang='lat' dir='ltr'><strong>jejunium</strong></span> <span class='ocrx_word' id='word_1_95' title='bbox 1224 1590 1574 1664; x_wconf 88' lang='lat' dir='ltr'><strong>noctiumque</strong></span> <span class='ocrx_word' id='word_1_96' title='bbox 1598 1598 1958 1666; x_wconf 90' lang='lat' dir='ltr'><strong>continuans;</strong></span> <span class='ocrx_word' id='word_1_97' title='bbox 1993 1618 2098 1657; x_wconf 91' lang='lat' dir='ltr'><strong>una</strong></span> 
     </span>
    </p>
   </div>
   <div class='ocr_carea' id='block_1_17' title="bbox 502 1938 2095 2041">
    <p class='ocr_par' dir='ltr' id='par_1_17' title="bbox 502 1938 2095 2041">
     <span class='ocr_line' id='line_1_17' title="bbox 502 1938 2095 2041; baseline 0.021 -47"><span class='ocrx_word' id='word_1_98' title='bbox 502 1938 654 2041; x_wconf 68' lang='lat' dir='ltr'><strong>Elias</strong></span> <span class='ocrx_word' id='word_1_99' title='bbox 677 1960 894 2018; x_wconf 90' lang='lat' dir='ltr'><strong>quoque</strong></span> <span class='ocrx_word' id='word_1_100' title='bbox 930 1948 1199 2011; x_wconf 88' lang='lat' dir='ltr'><strong>Jezabelis</strong></span> <span class='ocrx_word' id='word_1_101' title='bbox 1226 1938 1655 2032; x_wconf 42' lang='lat' dir='ltr'><strong>indignatio—nem</strong></span> <span class='ocrx_word' id='word_1_102' title='bbox 1693 1938 1907 2039; x_wconf 76' lang='lat' dir='ltr'><strong>fugiens</strong></span> <span class='ocrx_word' id='word_1_103' title='bbox 1926 2012 1939 2035; x_wconf 96' lang='lat'><strong>,</strong></span> <span class='ocrx_word' id='word_1_104' title='bbox 1966 1988 2095 2041; x_wconf 90' lang='lat' dir='ltr'><strong>qua-</strong></span> 
     </span>
    </p>
   </div>
   <div class='ocr_carea' id='block_1_18' title="bbox 502 2030 2088 2132">
    <p class='ocr_par' dir='ltr' id='par_1_18' title="bbox 502 2030 2088 2132">
     <span class='ocr_line' id='line_1_18' title="bbox 502 2030 2088 2132; baseline 0.022 -47"><span class='ocrx_word' id='word_1_105' title='bbox 502 2030 751 2104; x_wconf 87' lang='lat' dir='ltr'><strong>draginta</strong></span> <span class='ocrx_word' id='word_1_106' title='bbox 776 2038 967 2095; x_wconf 89' lang='lat' dir='ltr'><strong>diebus</strong></span> <span class='ocrx_word' id='word_1_107' title='bbox 986 2051 1041 2097; x_wconf 89' lang='lat' dir='ltr'><strong>et</strong></span> <span class='ocrx_word' id='word_1_108' title='bbox 1064 2048 1313 2104; x_wconf 88' lang='lat' dir='ltr'><strong>noctibus</strong></span> <span class='ocrx_word' id='word_1_109' title='bbox 1328 2030 1426 2121; x_wconf 89' lang='lat' dir='ltr'><strong>per</strong></span> <span class='ocrx_word' id='word_1_110' title='bbox 1447 2030 1791 2114; x_wconf 75' lang='lat' dir='ltr'><strong>solitudinem</strong></span> <span class='ocrx_word' id='word_1_111' title='bbox 1816 2030 2088 2132; x_wconf 76' lang='lat' dir='ltr'><strong>gradiens,</strong></span> 
     </span>
    </p>
   </div>
   <div class='ocr_carea' id='block_1_19' title="bbox 498 2129 2091 2225">
    <p class='ocr_par' dir='ltr' id='par_1_19' title="bbox 498 2129 2091 2225">
     <span class='ocr_line' id='line_1_19' title="bbox 498 2129 2091 2225; baseline 0.021 -46"><span class='ocrx_word' id='word_1_112' title='bbox 498 2138 675 2225; x_wconf 75' lang='lat' dir='ltr'><strong>usque</strong></span> <span class='ocrx_word' id='word_1_113' title='bbox 700 2129 827 2185; x_wconf 90' lang='lat' dir='ltr'><strong>dum</strong></span> <span class='ocrx_word' id='word_1_114' title='bbox 864 2133 931 2189; x_wconf 91' lang='lat' dir='ltr'><strong>ad</strong></span> <span class='ocrx_word' id='word_1_115' title='bbox 963 2146 1199 2193; x_wconf 86' lang='lat' dir='ltr'><strong>montem</strong></span> <span class='ocrx_word' id='word_1_116' title='bbox 1234 2140 1328 2196; x_wconf 79' lang='lat' dir='ltr'><strong>Dei</strong></span> <span class='ocrx_word' id='word_1_117' title='bbox 1354 2142 1496 2201; x_wconf 89' lang='lat' dir='ltr'><strong>Oreb</strong></span> <span class='ocrx_word' id='word_1_118' title='bbox 1527 2129 1851 2218; x_wconf 77' lang='lat' dir='ltr'><strong>perveniret,</strong></span> <span class='ocrx_word' id='word_1_119' title='bbox 1881 2129 2091 2225; x_wconf 40' lang='lat' dir='ltr'><strong>jejuna;</strong></span> 
     </span>
    </p>
   </div>
   <div class='ocr_carea' id='block_1_20' title="bbox 496 2213 2091 2317">
    <p class='ocr_par' dir='ltr' id='par_1_20' title="bbox 496 2213 2091 2317">
     <span class='ocr_line' id='line_1_20' title="bbox 496 2213 2091 2317; baseline 0.024 -51"><span class='ocrx_word' id='word_1_120' title='bbox 496 2213 596 2268; x_wconf 89' lang='lat' dir='ltr'><strong>vit.</strong></span> <span class='ocrx_word' id='word_1_121' title='bbox 628 2215 767 2273; x_wconf 86' lang='lat' dir='ltr'><strong>ﬂinc</strong></span> <span class='ocrx_word' id='word_1_122' title='bbox 794 2218 995 2278; x_wconf 75' lang='lat' dir='ltr'><strong>factum</strong></span> <span class='ocrx_word' id='word_1_123' title='bbox 1017 2235 1101 2282; x_wconf 90' lang='lat' dir='ltr'><strong>est</strong></span> <span class='ocrx_word' id='word_1_124' title='bbox 1130 2236 1189 2283; x_wconf 90' lang='lat' dir='ltr'><strong>ut</strong></span> <span class='ocrx_word' id='word_1_125' title='bbox 1212 2246 1329 2287; x_wconf 93' lang='lat' dir='ltr'><strong>mos</strong></span> <span class='ocrx_word' id='word_1_126' title='bbox 1344 2213 1603 2293; x_wconf 42' lang='lat' dir='ltr'><strong>Eccles-iis</strong></span> <span class='ocrx_word' id='word_1_127' title='bbox 1626 2213 2091 2317; x_wconf 50' lang='lat' dir='ltr'><strong>inoleveri&#39;t,-qua-</strong></span> 
     </span>
    </p>
   </div>
   <div class='ocr_carea' id='block_1_21' title="bbox 497 2303 1653 2399">
    <p class='ocr_par' dir='ltr' id='par_1_21' title="bbox 497 2303 1653 2399">
     <span class='ocr_line' id='line_1_21' title="bbox 497 2303 1653 2399; baseline 0.022 -41"><span class='ocrx_word' id='word_1_128' title='bbox 497 2303 749 2379; x_wconf 87' lang='lat' dir='ltr'><strong>draginta</strong></span> <span class='ocrx_word' id='word_1_129' title='bbox 773 2312 981 2370; x_wconf 90' lang='lat' dir='ltr'><strong>dierum</strong></span> <span class='ocrx_word' id='word_1_130' title='bbox 1012 2320 1420 2380; x_wconf 88' lang='lat' dir='ltr'><strong>continuatione</strong></span> <span class='ocrx_word' id='word_1_131' title='bbox 1439 2324 1653 2399; x_wconf 90' lang='lat' dir='ltr'><strong>jejunii.</strong></span> 
     </span>
    </p>
   </div>
   <div class='ocr_carea' id='block_1_22' title="bbox 565 2399 2088 2499">
    <p class='ocr_par' dir='ltr' id='par_1_22' title="bbox 565 2399 2088 2499">
     <span class='ocr_line' id='line_1_22' title="bbox 565 2399 2088 2499; baseline 0.021 -43"><span class='ocrx_word' id='word_1_132' title='bbox 565 2399 703 2458; x_wconf 90' lang='lat' dir='ltr'><strong>Cum</strong></span> <span class='ocrx_word' id='word_1_133' title='bbox 748 2420 877 2478; x_wconf 89' lang='lat' dir='ltr'><strong>ergo</strong></span> <span class='ocrx_word' id='word_1_134' title='bbox 909 2409 1055 2466; x_wconf 91' lang='lat' dir='ltr'><strong>hunc</strong></span> <span class='ocrx_word' id='word_1_135' title='bbox 1091 2412 1204 2469; x_wconf 81' lang='lat' dir='ltr'><strong>fere</strong></span> <span class='ocrx_word' id='word_1_136' title='bbox 1248 2432 1439 2476; x_wconf 88' lang='lat' dir='ltr'><strong>omnes</strong></span> <span class='ocrx_word' id='word_1_137' title='bbox 1481 2437 1767 2481; x_wconf 90' lang='lat' dir='ltr'><strong>numerum</strong></span> <span class='ocrx_word' id='word_1_138' title='bbox 1792 2413 2088 2499; x_wconf 79' lang='lat' dir='ltr'><strong>jejunando</strong></span> 
     </span>
    </p>
   </div>
   <div class='ocr_carea' id='block_1_23' title="bbox 494 2490 2087 2583">
    <p class='ocr_par' dir='ltr' id='par_1_23' title="bbox 494 2490 2087 2583">
     <span class='ocr_line' id='line_1_23' title="bbox 494 2490 2087 2583; baseline 0.021 -37"><span class='ocrx_word' id='word_1_139' title='bbox 494 2490 698 2550; x_wconf 85' lang='lat' dir='ltr'><strong>Christi</strong></span> <span class='ocrx_word' id='word_1_140' title='bbox 719 2497 977 2557; x_wconf 78' lang='lat' dir='ltr'><strong>Ecclesiae</strong></span> <span class='ocrx_word' id='word_1_141' title='bbox 1006 2504 1284 2563; x_wconf 88' lang='lat' dir='ltr'><strong>celebrare</strong></span> <span class='ocrx_word' id='word_1_142' title='bbox 1313 2514 1662 2583; x_wconf 88' lang='lat' dir='ltr'><strong>contendant,</strong></span> <span class='ocrx_word' id='word_1_143' title='bbox 1693 2533 1791 2575; x_wconf 92' lang='lat' dir='ltr'><strong>nec</strong></span> <span class='ocrx_word' id='word_1_144' title='bbox 1821 2530 1998 2577; x_wconf 90' lang='lat' dir='ltr'><strong>tamen</strong></span> <span class='ocrx_word' id='word_1_145' title='bbox 2034 2524 2087 2578; x_wconf 92' lang='lat' dir='ltr'><strong>in</strong></span> 
     </span>
    </p>
   </div>
   <div class='ocr_carea' id='block_1_24' title="bbox 494 2583 2086 2681">
    <p class='ocr_par' dir='ltr' id='par_1_24' title="bbox 494 2583 2086 2681">
     <span class='ocr_line' id='line_1_24' title="bbox 494 2583 2086 2681; baseline 0.021 -41"><span class='ocrx_word' id='word_1_146' title='bbox 494 2583 956 2650; x_wconf 86' lang='lat' dir='ltr'><strong>hebdomadarum</strong></span> <span class='ocrx_word' id='word_1_147' title='bbox 968 2612 1198 2655; x_wconf 90' lang='lat' dir='ltr'><strong>numero</strong></span> <span class='ocrx_word' id='word_1_148' title='bbox 1214 2601 1375 2659; x_wconf 88' lang='lat' dir='ltr'><strong>simul</strong></span> <span class='ocrx_word' id='word_1_149' title='bbox 1388 2620 1579 2664; x_wconf 90' lang='lat' dir='ltr'><strong>omnes</strong></span> <span class='ocrx_word' id='word_1_150' title='bbox 1605 2614 1951 2681; x_wconf 86' lang='lat' dir='ltr'><strong>conveniant,</strong></span> <span class='ocrx_word' id='word_1_151' title='bbox 1968 2617 2086 2672; x_wconf 90' lang='lat' dir='ltr'><strong>die-</strong></span> 
     </span>
    </p>
   </div>
   <div class='ocr_carea' id='block_1_25' title="bbox 492 2680 2083 2763">
    <p class='ocr_par' dir='ltr' id='par_1_25' title="bbox 492 2680 2083 2763">
     <span class='ocr_line' id='line_1_25' title="bbox 492 2680 2083 2763; baseline 0.021 -34"><span class='ocrx_word' id='word_1_152' title='bbox 492 2690 614 2732; x_wconf 92' lang='lat' dir='ltr'><strong>rum</strong></span> <span class='ocrx_word' id='word_1_153' title='bbox 659 2680 789 2736; x_wconf 81' lang='lat' dir='ltr'><strong>facit</strong></span> <span class='ocrx_word' id='word_1_154' title='bbox 839 2684 942 2741; x_wconf 92' lang='lat' dir='ltr'><strong>hoc</strong></span> <span class='ocrx_word' id='word_1_155' title='bbox 980 2689 1261 2748; x_wconf 89' lang='lat' dir='ltr'><strong>variabilis</strong></span> <span class='ocrx_word' id='word_1_156' title='bbox 1286 2695 1622 2756; x_wconf 89' lang='lat' dir='ltr'><strong>vicissitudo.</strong></span> <span class='ocrx_word' id='word_1_157' title='bbox 1675 2700 1900 2759; x_wconf 88' lang='lat' dir='ltr'><strong>Constat</strong></span> <span class='ocrx_word' id='word_1_158' title='bbox 1940 2680 2083 2763; x_wconf 90' lang='lat' dir='ltr'><strong>enim</strong></span> 
     </span>
    </p>
   </div>
   <div class='ocr_carea' id='block_1_26' title="bbox 491 2764 2082 2854">
    <p class='ocr_par' dir='ltr' id='par_1_26' title="bbox 491 2764 2082 2854">
     <span class='ocr_line' id='line_1_26' title="bbox 491 2764 2082 2854; baseline 0.02 -33"><span class='ocrx_word' id='word_1_159' title='bbox 491 2770 634 2838; x_wconf 88' lang='lat' dir='ltr'><strong>apud</strong></span> <span class='ocrx_word' id='word_1_160' title='bbox 660 2764 910 2831; x_wconf 80' lang='lat' dir='ltr'><strong>homines</strong></span> <span class='ocrx_word' id='word_1_161' title='bbox 938 2781 1430 2854; x_wconf 86' lang='lat' dir='ltr'><strong>quadragenarium</strong></span> <span class='ocrx_word' id='word_1_162' title='bbox 1476 2791 1755 2848; x_wconf 83' lang='lat' dir='ltr'><strong>observari</strong></span> <span class='ocrx_word' id='word_1_163' title='bbox 1796 2812 2082 2854; x_wconf 87' lang='lat' dir='ltr'><strong>numerum</strong></span> 
     </span>
    </p>
   </div>
   <div class='ocr_carea' id='block_1_27' title="bbox 490 2856 2083 2956">
    <p class='ocr_par' dir='ltr' id='par_1_27' title="bbox 490 2856 2083 2956">
     <span class='ocr_line' id='line_1_27' title="bbox 490 2856 2083 2956; baseline 0.019 -42"><span class='ocrx_word' id='word_1_164' title='bbox 490 2856 773 2922; x_wconf 89' lang='lat' dir='ltr'><strong>Paschalis</strong></span> <span class='ocrx_word' id='word_1_165' title='bbox 787 2867 1002 2940; x_wconf 88' lang='lat' dir='ltr'><strong>jejunii,</strong></span> <span class='ocrx_word' id='word_1_166' title='bbox 1057 2890 1165 2929; x_wconf 91' lang='lat' dir='ltr'><strong>non</strong></span> <span class='ocrx_word' id='word_1_167' title='bbox 1191 2885 1371 2934; x_wconf 88' lang='lat' dir='ltr'><strong>tamen</strong></span> <span class='ocrx_word' id='word_1_168' title='bbox 1396 2895 1586 2939; x_wconf 90' lang='lat' dir='ltr'><strong>omnes</strong></span> <span class='ocrx_word' id='word_1_169' title='bbox 1627 2885 1855 2956; x_wconf 85' lang='lat' dir='ltr'><strong>singulis</strong></span> <span class='ocrx_word' id='word_1_170' title='bbox 1894 2890 2083 2946; x_wconf 83' lang='lat' dir='ltr'><strong>unius-</strong></span> 
     </span>
    </p>
   </div>
   <div class='ocr_carea' id='block_1_28' title="bbox 488 2952 2080 3045">
    <p class='ocr_par' dir='ltr' id='par_1_28' title="bbox 488 2952 2080 3045">
     <span class='ocr_line' id='line_1_28' title="bbox 488 2952 2080 3045; baseline 0.018 -38"><span class='ocrx_word' id='word_1_171' title='bbox 488 2952 756 3045; x_wconf 64' lang='lat' dir='ltr'><strong>cujusque</strong></span> <span class='ocrx_word' id='word_1_172' title='bbox 778 2959 1132 3021; x_wconf 81' lang='lat' dir='ltr'><strong>hebdomadis</strong></span> <span class='ocrx_word' id='word_1_173' title='bbox 1159 2968 1348 3025; x_wconf 89' lang='lat' dir='ltr'><strong>diebus</strong></span> <span class='ocrx_word' id='word_1_174' title='bbox 1364 2970 1612 3042; x_wconf 91' lang='lat' dir='ltr'><strong>jejunare</strong></span> <span class='ocrx_word' id='word_1_175' title='bbox 1644 2995 1655 3029; x_wconf 94' lang='lat'>:</span> <span class='ocrx_word' id='word_1_176' title='bbox 1690 2952 1908 3045; x_wconf 73' lang='lat' dir='ltr'><strong>quidam</strong></span> <span class='ocrx_word' id='word_1_177' title='bbox 1936 2981 2080 3035; x_wconf 91' lang='lat' dir='ltr'><strong>enim</strong></span> 
     </span>
    </p>
   </div>
   <div class='ocr_carea' id='block_1_29' title="bbox 491 3043 2077 3138">
    <p class='ocr_par' dir='ltr' id='par_1_29' title="bbox 491 3043 2077 3138">
     <span class='ocr_line' id='line_1_29' title="bbox 491 3043 2077 3138; baseline 0.018 -41"><span class='ocrx_word' id='word_1_178' title='bbox 491 3043 769 3104; x_wconf 88' lang='lat' dir='ltr'><strong>Dominica</strong></span> <span class='ocrx_word' id='word_1_179' title='bbox 820 3060 1194 3114; x_wconf 86' lang='lat' dir='ltr'><strong>tantummodo</strong></span> <span class='ocrx_word' id='word_1_180' title='bbox 1242 3065 1532 3130; x_wconf 84' lang='lat' dir='ltr'><strong>prandent,</strong></span> <span class='ocrx_word' id='word_1_181' title='bbox 1568 3066 1657 3123; x_wconf 89' lang='lat' dir='ltr'><strong>alii</strong></span> <span class='ocrx_word' id='word_1_182' title='bbox 1688 3043 1791 3124; x_wconf 84' lang='lat' dir='ltr'><strong>nec</strong></span> <span class='ocrx_word' id='word_1_183' title='bbox 1832 3070 2077 3138; x_wconf 88' lang='lat' dir='ltr'><strong>sabbato,</strong></span> 
     </span>
    </p>
   </div>
   <div class='ocr_carea' id='block_1_30' title="bbox 488 3138 2077 3231">
    <p class='ocr_par' dir='ltr' id='par_1_30' title="bbox 488 3138 2077 3231">
     <span class='ocr_line' id='line_1_30' title="bbox 488 3138 2077 3231; baseline 0.016 -39"><span class='ocrx_word' id='word_1_184' title='bbox 488 3151 593 3194; x_wconf 88' lang='lat' dir='ltr'><strong>nec</strong></span> <span class='ocrx_word' id='word_1_185' title='bbox 616 3138 893 3200; x_wconf 87' lang='lat' dir='ltr'><strong>Dominica</strong></span> <span class='ocrx_word' id='word_1_186' title='bbox 914 3147 1193 3219; x_wconf 88' lang='lat' dir='ltr'><strong>jejunant:</strong></span> <span class='ocrx_word' id='word_1_187' title='bbox 1236 3155 1583 3223; x_wconf 88' lang='lat' dir='ltr'><strong>reperiuntur</strong></span> <span class='ocrx_word' id='word_1_188' title='bbox 1615 3160 1856 3215; x_wconf 89' lang='lat' dir='ltr'><strong>nonnulli</strong></span> <span class='ocrx_word' id='word_1_189' title='bbox 1887 3163 2077 3231; x_wconf 86' lang='lat' dir='ltr'><strong>quinta</strong></span> 
     </span>
    </p>
   </div>
   <div class='ocr_carea' id='block_1_31' title="bbox 492 3227 2151 3325">
    <p class='ocr_par' dir='ltr' id='par_1_31' title="bbox 492 3227 2151 3325">
     <span class='ocr_line' id='line_1_31' title="bbox 492 3227 2151 3325; baseline 0.017 -42"><span class='ocrx_word' id='word_1_190' title='bbox 492 3227 714 3325; x_wconf 78' lang='lat' dir='ltr'><strong>Sabbati</strong></span> <span class='ocrx_word' id='word_1_191' title='bbox 723 3235 989 3305; x_wconf 88' lang='lat' dir='ltr'><strong>jejunium</strong></span> <span class='ocrx_word' id='word_1_192' title='bbox 1015 3242 1250 3300; x_wconf 82' lang='lat' dir='ltr'><strong>solvere.</strong></span> <span class='ocrx_word' id='word_1_193' title='bbox 1283 3245 1392 3302; x_wconf 90' lang='lat' dir='ltr'><strong>Sed</strong></span> <span class='ocrx_word' id='word_1_194' title='bbox 1407 3250 1532 3318; x_wconf 88' lang='lat' dir='ltr'><strong>quia</strong></span> <span class='ocrx_word' id='word_1_195' title='bbox 1566 3251 1849 3308; x_wconf 88' lang='lat' dir='ltr'><strong>Dominica</strong></span> <span class='ocrx_word' id='word_1_196' title='bbox 1874 3227 1980 3310; x_wconf 78' lang='lat' dir='ltr'><strong>non</strong></span> <span class='ocrx_word' id='word_1_197' title='bbox 1998 3255 2079 3325; x_wconf 86' lang='lat' dir='ltr'><strong>je-</strong></span> <span class='ocrx_word' id='word_1_198' title='bbox 2105 3229 2151 3292; x_wconf 78' lang='lat' dir='ltr'>C</span> 
     </span>
    </p>
   </div>
   <div class='ocr_carea' id='block_1_32' title="bbox 482 3318 2077 3406">
    <p class='ocr_par' dir='ltr' id='par_1_32' title="bbox 482 3318 2077 3406">
     <span class='ocr_line' id='line_1_32' title="bbox 482 3318 2077 3406; baseline 0.019 -33"><span class='ocrx_word' id='word_1_199' title='bbox 482 3318 703 3391; x_wconf 86' lang='lat' dir='ltr'><strong>junant,</strong></span> <span class='ocrx_word' id='word_1_200' title='bbox 745 3326 867 3383; x_wconf 91' lang='lat' dir='ltr'><strong>aliis</strong></span> <span class='ocrx_word' id='word_1_201' title='bbox 896 3345 1027 3387; x_wconf 87' lang='lat' dir='ltr'><strong>vero</strong></span> <span class='ocrx_word' id='word_1_202' title='bbox 1054 3348 1150 3402; x_wconf 89' lang='lat' dir='ltr'><strong>per</strong></span> <span class='ocrx_word' id='word_1_203' title='bbox 1177 3335 1420 3406; x_wconf 90' lang='lat' dir='ltr'><strong>singulas</strong></span> <span class='ocrx_word' id='word_1_204' title='bbox 1464 3339 1835 3399; x_wconf 86' lang='lat' dir='ltr'><strong>hebdomadas</strong></span> <span class='ocrx_word' id='word_1_205' title='bbox 1886 3318 2077 3403; x_wconf 81' lang='lat' dir='ltr'><strong>diebus</strong></span> 
     </span>
    </p>
   </div>
   <div class='ocr_carea' id='block_1_33' title="bbox 481 3409 2078 3495">
    <p class='ocr_par' dir='ltr' id='par_1_33' title="bbox 481 3409 2078 3495">
     <span class='ocr_line' id='line_1_33' title="bbox 481 3409 2078 3495; baseline 0.018 -30"><span class='ocrx_word' id='word_1_206' title='bbox 481 3409 767 3484; x_wconf 90' lang='lat' dir='ltr'><strong>jejunant,</strong></span> <span class='ocrx_word' id='word_1_207' title='bbox 825 3422 1321 3495; x_wconf 87' lang='lat' dir='ltr'><strong>quadragenarium</strong></span> <span class='ocrx_word' id='word_1_208' title='bbox 1389 3444 1677 3487; x_wconf 85' lang='lat' dir='ltr'><strong>numerum</strong></span> <span class='ocrx_word' id='word_1_209' title='bbox 1742 3450 1850 3490; x_wconf 90' lang='lat' dir='ltr'><strong>non</strong></span> <span class='ocrx_word' id='word_1_210' title='bbox 1904 3438 2078 3492; x_wconf 87' lang='lat' dir='ltr'><strong>adim-</strong></span> 
     </span>
    </p>
   </div>
   <div class='ocr_carea' id='block_1_34' title="bbox 486 3504 2076 3587">
    <p class='ocr_par' dir='ltr' id='par_1_34' title="bbox 486 3504 2076 3587">
     <span class='ocr_line' id='line_1_34' title="bbox 486 3504 2076 3587; baseline 0.018 -28"><span class='ocrx_word' id='word_1_211' title='bbox 486 3504 987 3582; x_wconf 66' lang='lat' dir='ltr'><strong>plent;&#39;siquidem</strong></span> <span class='ocrx_word' id='word_1_212' title='bbox 1016 3527 1250 3587; x_wconf 88' lang='lat' dir='ltr'><strong>quatuor</strong></span> <span class='ocrx_word' id='word_1_213' title='bbox 1306 3522 1421 3578; x_wconf 92' lang='lat' dir='ltr'><strong>dies</strong></span> <span class='ocrx_word' id='word_1_214' title='bbox 1464 3525 1642 3582; x_wconf 91' lang='lat' dir='ltr'><strong>minus</strong></span> <span class='ocrx_word' id='word_1_215' title='bbox 1687 3527 1739 3581; x_wconf 91' lang='lat' dir='ltr'><strong>in</strong></span> <span class='ocrx_word' id='word_1_216' title='bbox 1788 3545 2076 3587; x_wconf 88' lang='lat' dir='ltr'><strong>numerum</strong></span> 
     </span>
    </p>
   </div>
   <div class='ocr_carea' id='block_1_35' title="bbox 484 3600 2075 3692">
    <p class='ocr_par' dir='ltr' id='par_1_35' title="bbox 484 3600 2075 3692">
     <span class='ocr_line' id='line_1_35' title="bbox 484 3600 2075 3692; baseline 0.018 -41"><span class='ocrx_word' id='word_1_217' title='bbox 484 3600 711 3656; x_wconf 77' lang='lat' dir='ltr'><strong>veniunt</strong></span> <span class='ocrx_word' id='word_1_218' title='bbox 740 3621 752 3656; x_wconf 95' lang='lat'>:</span> <span class='ocrx_word' id='word_1_219' title='bbox 779 3606 921 3661; x_wconf 92' lang='lat' dir='ltr'><strong>unde</strong></span> <span class='ocrx_word' id='word_1_220' title='bbox 945 3609 1024 3672; x_wconf 85' lang='lat' dir='ltr'><strong>lit,</strong></span> <span class='ocrx_word' id='word_1_221' title='bbox 1059 3618 1118 3664; x_wconf 89' lang='lat' dir='ltr'><strong>ut</strong></span> <span class='ocrx_word' id='word_1_222' title='bbox 1138 3613 1629 3686; x_wconf 89' lang='lat' dir='ltr'><strong>quadragenarium</strong></span> <span class='ocrx_word' id='word_1_223' title='bbox 1658 3620 1956 3692; x_wconf 85' lang='lat' dir='ltr'><strong>adimplere</strong></span> <span class='ocrx_word' id='word_1_224' title='bbox 1981 3639 2075 3679; x_wconf 88' lang='lat' dir='ltr'><strong>vo-</strong></span> 
     </span>
    </p>
   </div>
   <div class='ocr_carea' id='block_1_36' title="bbox 484 3688 2074 3783">
    <p class='ocr_par' dir='ltr' id='par_1_36' title="bbox 484 3688 2074 3783">
     <span class='ocr_line' id='line_1_36' title="bbox 484 3688 2074 3783; baseline 0.018 -38"><span class='ocrx_word' id='word_1_225' title='bbox 484 3688 680 3761; x_wconf 88' lang='lat' dir='ltr'><strong>lentes,</strong></span> <span class='ocrx_word' id='word_1_226' title='bbox 737 3713 843 3752; x_wconf 91' lang='lat' dir='ltr'><strong>non</strong></span> <span class='ocrx_word' id='word_1_227' title='bbox 884 3714 980 3755; x_wconf 91' lang='lat' dir='ltr'><strong>sex</strong></span> <span class='ocrx_word' id='word_1_228' title='bbox 1025 3709 1252 3770; x_wconf 88' lang='lat' dir='ltr'><strong>tantum,</strong></span> <span class='ocrx_word' id='word_1_229' title='bbox 1304 3722 1492 3765; x_wconf 86' lang='lat' dir='ltr'><strong>verum</strong></span> <span class='ocrx_word' id='word_1_230' title='bbox 1533 3723 1738 3783; x_wconf 88' lang='lat' dir='ltr'><strong>septem</strong></span> <span class='ocrx_word' id='word_1_231' title='bbox 1782 3688 2074 3773; x_wconf 79' lang='lat' dir='ltr'><strong>hebdoma-</strong></span> 
     </span>
    </p>
   </div>
   <div class='ocr_carea' id='block_1_37' title="bbox 483 3782 2073 3871">
    <p class='ocr_par' dir='ltr' id='par_1_37' title="bbox 483 3782 2073 3871">
     <span class='ocr_line' id='line_1_37' title="bbox 483 3782 2073 3871; baseline 0.017 -32"><span class='ocrx_word' id='word_1_232' title='bbox 483 3782 583 3841; x_wconf 89' lang='lat' dir='ltr'><strong>das</strong></span> <span class='ocrx_word' id='word_1_233' title='bbox 612 3797 739 3843; x_wconf 88' lang='lat' dir='ltr'><strong>ante</strong></span> <span class='ocrx_word' id='word_1_234' title='bbox 776 3790 984 3848; x_wconf 84' lang='lat' dir='ltr'><strong>Pascha</strong></span> <span class='ocrx_word' id='word_1_235' title='bbox 1005 3793 1287 3865; x_wconf 84' lang='lat' dir='ltr'><strong>jejunent,</strong></span> <span class='ocrx_word' id='word_1_236' title='bbox 1321 3804 1571 3871; x_wconf 88' lang='lat' dir='ltr'><strong>quamvis</strong></span> <span class='ocrx_word' id='word_1_237' title='bbox 1595 3822 1691 3861; x_wconf 85' lang='lat' dir='ltr'><strong>sex</strong></span> <span class='ocrx_word' id='word_1_238' title='bbox 1721 3806 2073 3866; x_wconf 71' lang='lat' dir='ltr'><strong>hebdomada:</strong></span> 
     </span>
    </p>
   </div>
   <div class='ocr_carea' id='block_1_38' title="bbox 482 3880 2073 3968">
    <p class='ocr_par' dir='ltr' id='par_1_38' title="bbox 482 3880 2073 3968">
     <span class='ocr_line' id='line_1_38' title="bbox 482 3880 2073 3968; baseline 0.019 -40"><span class='ocrx_word' id='word_1_239' title='bbox 482 3889 590 3930; x_wconf 91' lang='lat' dir='ltr'><strong>non</strong></span> <span class='ocrx_word' id='word_1_240' title='bbox 632 3880 990 3954; x_wconf 89' lang='lat' dir='ltr'><strong>quadraginta</strong></span> <span class='ocrx_word' id='word_1_241' title='bbox 1028 3896 1251 3954; x_wconf 89' lang='lat' dir='ltr'><strong>tantum,</strong></span> <span class='ocrx_word' id='word_1_242' title='bbox 1299 3908 1483 3949; x_wconf 85' lang='lat' dir='ltr'><strong>verum</strong></span> <span class='ocrx_word' id='word_1_243' title='bbox 1527 3900 1886 3968; x_wconf 86' lang='lat' dir='ltr'><strong>quadraginta</strong></span> <span class='ocrx_word' id='word_1_244' title='bbox 1939 3903 2073 3959; x_wconf 90' lang='lat' dir='ltr'><strong>duos</strong></span> 
     </span>
    </p>
   </div>
   <div class='ocr_carea' id='block_1_39' title="bbox 482 3963 2071 4051">
    <p class='ocr_par' dir='ltr' id='par_1_39' title="bbox 482 3963 2071 4051">
     <span class='ocr_line' id='line_1_39' title="bbox 482 3963 2071 4051; baseline 0.021 -33"><span class='ocrx_word' id='word_1_245' title='bbox 482 3963 599 4020; x_wconf 90' lang='lat' dir='ltr'><strong>dies</strong></span> <span class='ocrx_word' id='word_1_246' title='bbox 623 3973 954 4030; x_wconf 88' lang='lat' dir='ltr'><strong>contineant.</strong></span> <span class='ocrx_word' id='word_1_247' title='bbox 996 3976 1300 4038; x_wconf 84' lang='lat' dir='ltr'><strong>Subtractls</strong></span> <span class='ocrx_word' id='word_1_248' title='bbox 1327 3994 1507 4041; x_wconf 89' lang='lat' dir='ltr'><strong>autem</strong></span> <span class='ocrx_word' id='word_1_249' title='bbox 1544 3963 1639 4044; x_wconf 76' lang='lat' dir='ltr'><strong>sex</strong></span> <span class='ocrx_word' id='word_1_250' title='bbox 1680 3963 1973 4050; x_wconf 69' lang='lat' dir='ltr'><strong>Dominicis</strong></span> <span class='ocrx_word' id='word_1_251' title='bbox 2005 3997 2071 4051; x_wconf 90' lang='lat' dir='ltr'><strong>de</strong></span> 
     </span>
    </p>
   </div>
   <div class='ocr_carea' id='block_1_40' title="bbox 479 4058 2072 4155">
    <p class='ocr_par' dir='ltr' id='par_1_40' title="bbox 479 4058 2072 4155">
     <span class='ocr_line' id='line_1_40' title="bbox 479 4058 2072 4155; baseline 0.021 -47"><span class='ocrx_word' id='word_1_252' title='bbox 479 4058 837 4129; x_wconf 86' lang='lat' dir='ltr'><strong>quadraginta</strong></span> <span class='ocrx_word' id='word_1_253' title='bbox 861 4066 1085 4133; x_wconf 91' lang='lat' dir='ltr'><strong>duobus,</strong></span> <span class='ocrx_word' id='word_1_254' title='bbox 1121 4086 1412 4143; x_wconf 89' lang='lat' dir='ltr'><strong>supersunt</strong></span> <span class='ocrx_word' id='word_1_255' title='bbox 1439 4079 1658 4149; x_wconf 85' lang='lat' dir='ltr'><strong>triginta</strong></span> <span class='ocrx_word' id='word_1_256' title='bbox 1690 4098 1785 4139; x_wconf 84' lang='lat' dir='ltr'><strong>sex</strong></span> <span class='ocrx_word' id='word_1_257' title='bbox 1810 4085 1932 4141; x_wconf 83' lang='lat' dir='ltr'><strong>dies.</strong></span> <span class='ocrx_word' id='word_1_258' title='bbox 1952 4087 2072 4155; x_wconf 89' lang='lat' dir='ltr'><strong>qui-</strong></span> 
     </span>
    </p>
   </div>
   <div class='ocr_carea' id='block_1_41' title="bbox 477 4148 2068 4251">
    <p class='ocr_par' dir='ltr' id='par_1_41' title="bbox 477 4148 2068 4251">
     <span class='ocr_line' id='line_1_41' title="bbox 477 4148 2068 4251; baseline 0.019 -48"><span class='ocrx_word' id='word_1_259' title='bbox 477 4148 583 4205; x_wconf 87' lang='lat' dir='ltr'><strong>bus</strong></span> <span class='ocrx_word' id='word_1_260' title='bbox 619 4151 884 4225; x_wconf 90' lang='lat' dir='ltr'><strong>jejunium</strong></span> <span class='ocrx_word' id='word_1_261' title='bbox 933 4161 1288 4233; x_wconf 57' lang='lat' dir='ltr'><strong>celebratur;~</strong></span> <span class='ocrx_word' id='word_1_262' title='bbox 1329 4178 1389 4224; x_wconf 94' lang='lat' dir='ltr'><strong>ut</strong></span> <span class='ocrx_word' id='word_1_263' title='bbox 1434 4148 1566 4227; x_wconf 81' lang='lat' dir='ltr'><strong>vero</strong></span> <span class='ocrx_word' id='word_1_264' title='bbox 1604 4176 2068 4251; x_wconf 79' lang='lat' dir='ltr'><strong>quadragenariu‘s</strong></span> 
     </span>
    </p>
   </div>
   <div class='ocr_carea' id='block_1_42' title="bbox 478 4243 2069 4340">
    <p class='ocr_par' dir='ltr' id='par_1_42' title="bbox 478 4243 2069 4340">
     <span class='ocr_line' id='line_1_42' title="bbox 478 4243 2069 4340; baseline 0.02 -45"><span class='ocrx_word' id='word_1_265' title='bbox 478 4243 793 4340; x_wconf 74' lang='lat' dir='ltr'><strong>perﬁciatur</strong></span> <span class='ocrx_word' id='word_1_266' title='bbox 826 4262 1059 4340; x_wconf 91' lang='lat' dir='ltr'><strong>quatuor</strong></span> <span class='ocrx_word' id='word_1_267' title='bbox 1085 4257 1200 4314; x_wconf 90' lang='lat' dir='ltr'><strong>dies</strong></span> <span class='ocrx_word' id='word_1_268' title='bbox 1228 4260 1567 4319; x_wconf 90' lang='lat' dir='ltr'><strong>hebdomada</strong></span> <span class='ocrx_word' id='word_1_269' title='bbox 1599 4243 2069 4340; x_wconf 48' lang='lat' dir='ltr'><strong>septima—jejuna-</strong></span> 
     </span>
    </p>
   </div>
   <div class='ocr_carea' id='block_1_43' title="bbox 477 4332 2065 4431">
    <p class='ocr_par' dir='ltr' id='par_1_43' title="bbox 477 4332 2065 4431">
     <span class='ocr_line' id='line_1_43' title="bbox 477 4332 2065 4431; baseline 0.021 -46"><span class='ocrx_word' id='word_1_270' title='bbox 477 4340 590 4389; x_wconf 88' lang='lat' dir='ltr'><strong>tur.</strong></span> <span class='ocrx_word' id='word_1_271' title='bbox 622 4332 759 4395; x_wconf 84' lang='lat' dir='ltr'><strong>Hinc</strong></span> <span class='ocrx_word' id='word_1_272' title='bbox 791 4339 1038 4409; x_wconf 75' lang='lat' dir='ltr'><strong>eilicitur,</strong></span> <span class='ocrx_word' id='word_1_273' title='bbox 1066 4356 1125 4402; x_wconf 91' lang='lat' dir='ltr'><strong>ut</strong></span> <span class='ocrx_word' id='word_1_274' title='bbox 1152 4348 1504 4410; x_wconf 87' lang='lat' dir='ltr'><strong>hebdomadis</strong></span> <span class='ocrx_word' id='word_1_275' title='bbox 1539 4332 1782 4427; x_wconf 69' lang='lat' dir='ltr'><strong>septima:</strong></span> <span class='ocrx_word' id='word_1_276' title='bbox 1809 4332 1921 4415; x_wconf 75' lang='lat' dir='ltr'><strong>non</strong></span> <span class='ocrx_word' id='word_1_277' title='bbox 1949 4378 2065 4431; x_wconf 84' lang='lat' dir='ltr'><strong>sex,</strong></span> 
     </span>
    </p>
   </div>
   <div class='ocr_carea' id='block_1_44' title="bbox 475 4424 2066 4525">
    <p class='ocr_par' dir='ltr' id='par_1_44' title="bbox 475 4424 2066 4525">
     <span class='ocr_line' id='line_1_44' title="bbox 475 4424 2066 4525; baseline 0.02 -46"><span class='ocrx_word' id='word_1_278' title='bbox 475 4424 572 4480; x_wconf 75' lang='lat' dir='ltr'><strong>sed</strong></span> <span class='ocrx_word' id='word_1_279' title='bbox 601 4438 834 4497; x_wconf 85' lang='lat' dir='ltr'><strong>quatuor</strong></span> <span class='ocrx_word' id='word_1_280' title='bbox 863 4441 1234 4496; x_wconf 90' lang='lat' dir='ltr'><strong>tantummodo</strong></span> <span class='ocrx_word' id='word_1_281' title='bbox 1255 4441 1372 4499; x_wconf 87' lang='lat' dir='ltr'><strong>dies</strong></span> <span class='ocrx_word' id='word_1_282' title='bbox 1389 4424 1689 4515; x_wconf 81' lang='lat' dir='ltr'><strong>jejunetur,</strong></span> <span class='ocrx_word' id='word_1_283' title='bbox 1712 4452 1804 4521; x_wconf 88' lang='lat' dir='ltr'><strong>qui</strong></span> <span class='ocrx_word' id='word_1_284' title='bbox 1844 4424 2066 4525; x_wconf 81' lang='lat' dir='ltr'><strong>triginta</strong></span> 
     </span>
    </p>
   </div>
   <div class='ocr_carea' id='block_1_45' title="bbox 475 4520 2060 4611">
    <p class='ocr_par' dir='ltr' id='par_1_45' title="bbox 475 4520 2060 4611">
     <span class='ocr_line' id='line_1_45' title="bbox 475 4520 2060 4611; baseline 0.019 -39"><span class='ocrx_word' id='word_1_285' title='bbox 475 4529 575 4611; x_wconf 70' lang='lat' dir='ltr'><strong>sex</strong></span> <span class='ocrx_word' id='word_1_286' title='bbox 621 4520 812 4580; x_wconf 90' lang='lat' dir='ltr'><strong>diebus</strong></span> <span class='ocrx_word' id='word_1_287' title='bbox 864 4529 1193 4599; x_wconf 89' lang='lat' dir='ltr'><strong>superadditi</strong></span> <span class='ocrx_word' id='word_1_288' title='bbox 1223 4520 2060 4611; x_wconf 22' lang='lat' dir='ltr'><strong>quadragenarium&quot;perﬁciunt.</strong></span> 
     </span>
    </p>
   </div>
   <div class='ocr_carea' id='block_1_46' title="bbox 476 4610 2068 4706">
    <p class='ocr_par' dir='ltr' id='par_1_46' title="bbox 476 4610 2068 4706">
     <span class='ocr_line' id='line_1_46' title="bbox 476 4610 2068 4706; baseline 0.018 -40"><span class='ocrx_word' id='word_1_289' title='bbox 476 4610 578 4679; x_wconf 85' lang='lat' dir='ltr'><strong>Qui</strong></span> <span class='ocrx_word' id='word_1_290' title='bbox 608 4629 741 4673; x_wconf 84' lang='lat' dir='ltr'><strong>vero</strong></span> <span class='ocrx_word' id='word_1_291' title='bbox 754 4620 860 4676; x_wconf 86' lang='lat' dir='ltr'><strong>‘nec</strong></span> <span class='ocrx_word' id='word_1_292' title='bbox 887 4623 1137 4690; x_wconf 90' lang='lat' dir='ltr'><strong>sabbato,</strong></span> <span class='ocrx_word' id='word_1_293' title='bbox 1170 4642 1269 4682; x_wconf 90' lang='lat' dir='ltr'><strong>nec</strong></span> <span class='ocrx_word' id='word_1_294' title='bbox 1300 4627 1582 4687; x_wconf 91' lang='lat' dir='ltr'><strong>Dominica</strong></span> <span class='ocrx_word' id='word_1_295' title='bbox 1609 4634 1879 4706; x_wconf 89' lang='lat' dir='ltr'><strong>jejunant,</strong></span> <span class='ocrx_word' id='word_1_296' title='bbox 1909 4648 1963 4693; x_wconf 91' lang='lat' dir='ltr'><strong>et</strong></span> <span class='ocrx_word' id='word_1_297' title='bbox 1987 4647 2068 4695; x_wconf 90' lang='lat' dir='ltr'><strong>ta-</strong></span> 
     </span>
    </p>
   </div>
   <div class='ocr_carea' id='block_1_47' title="bbox 476 4711 2061 4800">
    <p class='ocr_par' dir='ltr' id='par_1_47' title="bbox 476 4711 2061 4800">
     <span class='ocr_line' id='line_1_47' title="bbox 476 4711 2061 4800; baseline 0.018 -41"><span class='ocrx_word' id='word_1_298' title='bbox 476 4719 601 4761; x_wconf 89' lang='lat' dir='ltr'><strong>men</strong></span> <span class='ocrx_word' id='word_1_299' title='bbox 633 4722 759 4765; x_wconf 89' lang='lat' dir='ltr'><strong>ante</strong></span> <span class='ocrx_word' id='word_1_300' title='bbox 790 4711 995 4769; x_wconf 86' lang='lat' dir='ltr'><strong>Pascha</strong></span> <span class='ocrx_word' id='word_1_301' title='bbox 1019 4718 1508 4791; x_wconf 89' lang='lat' dir='ltr'><strong>quadragenariam</strong></span> <span class='ocrx_word' id='word_1_302' title='bbox 1541 4725 1766 4797; x_wconf 92' lang='lat' dir='ltr'><strong>implere</strong></span> <span class='ocrx_word' id='word_1_303' title='bbox 1804 4732 2061 4800; x_wconf 90' lang='lat' dir='ltr'><strong>gestiunt,</strong></span> 
     </span>
    </p>
   </div>
   <div class='ocr_carea' id='block_1_48' title="bbox 476 4810 2062 4892">
    <p class='ocr_par' dir='ltr' id='par_1_48' title="bbox 476 4810 2062 4892">
     <span class='ocr_line' id='line_1_48' title="bbox 476 4810 2062 4892; baseline 0.017 -41"><span class='ocrx_word' id='word_1_304' title='bbox 476 4811 701 4855; x_wconf 87' lang='lat' dir='ltr'><strong>necesse</strong></span> <span class='ocrx_word' id='word_1_305' title='bbox 728 4812 812 4858; x_wconf 88' lang='lat' dir='ltr'><strong>est</strong></span> <span class='ocrx_word' id='word_1_306' title='bbox 844 4814 1110 4863; x_wconf 88' lang='lat' dir='ltr'><strong>utoctava</strong></span> <span class='ocrx_word' id='word_1_307' title='bbox 1132 4810 1468 4869; x_wconf 90' lang='lat' dir='ltr'><strong>hebdomada</strong></span> <span class='ocrx_word' id='word_1_308' title='bbox 1492 4813 1755 4883; x_wconf 88' lang='lat' dir='ltr'><strong>jejunium</strong></span> <span class='ocrx_word' id='word_1_309' title='bbox 1780 4820 2062 4892; x_wconf 89' lang='lat' dir='ltr'><strong>incipiant.</strong></span> 
     </span>
    </p>
   </div>
   <div class='ocr_carea' id='block_1_49' title="bbox 475 4887 2061 4985">
    <p class='ocr_par' dir='ltr' id='par_1_49' title="bbox 475 4887 2061 4985">
     <span class='ocr_line' id='line_1_49' title="bbox 475 4887 2061 4985; baseline 0.016 -41"><span class='ocrx_word' id='word_1_310' title='bbox 475 4887 613 4946; x_wconf 85' lang='lat' dir='ltr'><strong>Nam</strong></span> <span class='ocrx_word' id='word_1_311' title='bbox 640 4897 877 4967; x_wconf 89' lang='lat' dir='ltr'><strong>quinque</strong></span> <span class='ocrx_word' id='word_1_312' title='bbox 923 4909 1130 4956; x_wconf 90' lang='lat' dir='ltr'><strong>tantum</strong></span> <span class='ocrx_word' id='word_1_313' title='bbox 1163 4904 1354 4961; x_wconf 91' lang='lat' dir='ltr'><strong>diebus</strong></span> <span class='ocrx_word' id='word_1_314' title='bbox 1382 4923 1479 4977; x_wconf 89' lang='lat' dir='ltr'><strong>per</strong></span> <span class='ocrx_word' id='word_1_315' title='bbox 1517 4910 1757 4981; x_wconf 87' lang='lat' dir='ltr'><strong>singulas</strong></span> <span class='ocrx_word' id='word_1_316' title='bbox 1804 4887 2061 4985; x_wconf 86' lang='lat' dir='ltr'><strong>septima-</strong></span> 
     </span>
    </p>
   </div>
   <div class='ocr_carea' id='block_1_50' title="bbox 475 4979 2064 5074">
    <p class='ocr_par' dir='ltr' id='par_1_50' title="bbox 475 4979 2064 5074">
     <span class='ocr_line' id='line_1_50' title="bbox 475 4979 2064 5074; baseline 0.018 -41"><span class='ocrx_word' id='word_1_317' title='bbox 475 4994 575 5035; x_wconf 90' lang='lat' dir='ltr'><strong>nas</strong></span> <span class='ocrx_word' id='word_1_318' title='bbox 591 4979 843 5053; x_wconf 87' lang='lat' dir='ltr'><strong>jejunare</strong></span> <span class='ocrx_word' id='word_1_319' title='bbox 887 4992 1331 5061; x_wconf 88' lang='lat' dir='ltr'><strong>comprobantur,</strong></span> <span class='ocrx_word' id='word_1_320' title='bbox 1372 5006 1428 5052; x_wconf 89' lang='lat' dir='ltr'><strong>et</strong></span> <span class='ocrx_word' id='word_1_321' title='bbox 1454 4979 1627 5055; x_wconf 78' lang='lat' dir='ltr'><strong>octies</strong></span> <span class='ocrx_word' id='word_1_322' title='bbox 1649 5002 1800 5071; x_wconf 86' lang='lat' dir='ltr'><strong>quini</strong></span> <span class='ocrx_word' id='word_1_323' title='bbox 1829 4979 2064 5074; x_wconf 80' lang='lat' dir='ltr'><strong>quadra-</strong></span> 
     </span>
    </p>
   </div>
   <div class='ocr_carea' id='block_1_51' title="bbox 474 5071 2068 5165">
    <p class='ocr_par' dir='ltr' id='par_1_51' title="bbox 474 5071 2068 5165">
     <span class='ocr_line' id='line_1_51' title="bbox 474 5071 2068 5165; baseline 0.019 -42"><span class='ocrx_word' id='word_1_324' title='bbox 474 5071 623 5165; x_wconf 81' lang='lat' dir='ltr'><strong>ginta</strong></span> <span class='ocrx_word' id='word_1_325' title='bbox 654 5076 961 5146; x_wconf 72' lang='lat' dir='ltr'><strong>perficiunt,</strong></span> <span class='ocrx_word' id='word_1_326' title='bbox 988 5082 1079 5151; x_wconf 90' lang='lat' dir='ltr'><strong>qui</strong></span> <span class='ocrx_word' id='word_1_327' title='bbox 1109 5085 1573 5159; x_wconf 88' lang='lat' dir='ltr'><strong>quadragenarius</strong></span> <span class='ocrx_word' id='word_1_328' title='bbox 1601 5104 1726 5149; x_wconf 92' lang='lat' dir='ltr'><strong>octo</strong></span> <span class='ocrx_word' id='word_1_329' title='bbox 1748 5071 2068 5165; x_wconf 79' lang='lat' dir='ltr'><strong>septimanis</strong></span> 
     </span>
    </p>
   </div>
   <div class='ocr_carea' id='block_1_52' title="bbox 475 5157 2067 5253">
    <p class='ocr_par' dir='ltr' id='par_1_52' title="bbox 475 5157 2067 5253">
     <span class='ocr_line' id='line_1_52' title="bbox 475 5157 2067 5253; baseline 0.018 -38"><span class='ocrx_word' id='word_1_330' title='bbox 475 5157 595 5230; x_wconf 87' lang='lat' dir='ltr'><strong>lege</strong></span> <span class='ocrx_word' id='word_1_331' title='bbox 639 5168 952 5238; x_wconf 86' lang='lat' dir='ltr'><strong>praescripta</strong></span> <span class='ocrx_word' id='word_1_332' title='bbox 999 5171 1300 5240; x_wconf 82' lang='lat' dir='ltr'><strong>perﬁcitur.</strong></span> <span class='ocrx_word' id='word_1_333' title='bbox 1326 5157 1490 5236; x_wconf 19' lang='lat' dir='ltr'><strong>‘Huic</strong></span> <span class='ocrx_word' id='word_1_334' title='bbox 1530 5196 1662 5240; x_wconf 89' lang='lat' dir='ltr'><strong>vero</strong></span> <span class='ocrx_word' id='word_1_335' title='bbox 1708 5157 1953 5253; x_wconf 80' lang='lat' dir='ltr'><strong>numero,</strong></span> <span class='ocrx_word' id='word_1_336' title='bbox 2011 5187 2067 5244; x_wconf 89' lang='lat' dir='ltr'><strong>id</strong></span> 
     </span>
    </p>
   </div>
   <div class='ocr_carea' id='block_1_53' title="bbox 476 5256 2062 5349">
    <p class='ocr_par' dir='ltr' id='par_1_53' title="bbox 476 5256 2062 5349">
     <span class='ocr_line' id='line_1_53' title="bbox 476 5256 2062 5349; baseline 0.019 -42"><span class='ocrx_word' id='word_1_337' title='bbox 476 5261 582 5349; x_wconf 76' lang='lat' dir='ltr'><strong>est,</strong></span> <span class='ocrx_word' id='word_1_338' title='bbox 639 5256 849 5315; x_wconf 87' lang='lat' dir='ltr'><strong>duobus</strong></span> <span class='ocrx_word' id='word_1_339' title='bbox 898 5260 1196 5321; x_wconf 85' lang='lat' dir='ltr'><strong>Dominicae</strong></span> <span class='ocrx_word' id='word_1_340' title='bbox 1234 5276 1289 5323; x_wconf 91' lang='lat' dir='ltr'><strong>et</strong></span> <span class='ocrx_word' id='word_1_341' title='bbox 1323 5270 1570 5339; x_wconf 88' lang='lat' dir='ltr'><strong>sabbato,</strong></span> <span class='ocrx_word' id='word_1_342' title='bbox 1607 5275 1806 5346; x_wconf 91' lang='lat' dir='ltr'><strong>quibus</strong></span> <span class='ocrx_word' id='word_1_343' title='bbox 1840 5294 1951 5336; x_wconf 91' lang='lat' dir='ltr'><strong>non</strong></span> <span class='ocrx_word' id='word_1_344' title='bbox 1974 5278 2062 5349; x_wconf 90' lang='lat' dir='ltr'><strong>je-</strong></span> 
     </span>
    </p>
   </div>
   <div class='ocr_carea' id='block_1_54' title="bbox 469 5343 2161 5442">
    <p class='ocr_par' dir='ltr' id='par_1_54' title="bbox 469 5343 2161 5442">
     <span class='ocr_line' id='line_1_54' title="bbox 469 5343 2161 5442; baseline 0.02 -45"><span class='ocrx_word' id='word_1_345' title='bbox 469 5343 714 5416; x_wconf 80' lang='lat' dir='ltr'><strong>junatur,</strong></span> <span class='ocrx_word' id='word_1_346' title='bbox 760 5351 853 5421; x_wconf 89' lang='lat' dir='ltr'><strong>qui</strong></span> <span class='ocrx_word' id='word_1_347' title='bbox 886 5354 1131 5423; x_wconf 90' lang='lat' dir='ltr'><strong>quintam</strong></span> <span class='ocrx_word' id='word_1_348' title='bbox 1180 5361 1391 5418; x_wconf 87' lang='lat' dir='ltr'><strong>sabbati</strong></span> <span class='ocrx_word' id='word_1_349' title='bbox 1440 5343 1805 5437; x_wconf 76' lang='lat' dir='ltr'><strong>superaddere</strong></span> <span class='ocrx_word' id='word_1_350' title='bbox 1832 5343 2059 5442; x_wconf 74' lang='lat' dir='ltr'><strong>malunt,</strong></span> <span class='ocrx_word' id='word_1_351' title='bbox 2156 5388 2161 5391; x_wconf 75' lang='lat'><strong>&#39;</strong></span> 
     </span>
    </p>
   </div>
   <div class='ocr_carea' id='block_1_55' title="bbox 476 5442 2059 5538">
    <p class='ocr_par' dir='ltr' id='par_1_55' title="bbox 476 5442 2059 5538">
     <span class='ocr_line' id='line_1_55' title="bbox 476 5442 2059 5538; baseline 0.02 -43"><span class='ocrx_word' id='word_1_352' title='bbox 476 5442 944 5517; x_wconf 88' lang='lat' dir='ltr'><strong>quadragesimam</strong></span> <span class='ocrx_word' id='word_1_353' title='bbox 978 5464 1104 5510; x_wconf 88' lang='lat' dir='ltr'><strong>ante</strong></span> <span class='ocrx_word' id='word_1_354' title='bbox 1151 5455 1359 5515; x_wconf 86' lang='lat' dir='ltr'><strong>Pascha</strong></span> <span class='ocrx_word' id='word_1_355' title='bbox 1383 5460 1635 5532; x_wconf 85' lang='lat' dir='ltr'><strong>jejunare</strong></span> <span class='ocrx_word' id='word_1_356' title='bbox 1672 5483 1778 5522; x_wconf 89' lang='lat' dir='ltr'><strong>non</strong></span> <span class='ocrx_word' id='word_1_357' title='bbox 1802 5482 2059 5538; x_wconf 88' lang='lat' dir='ltr'><strong>possunt;</strong></span> 
     </span>
    </p>
   </div>
   <div class='ocr_carea' id='block_1_56' title="bbox 472 5533 2064 5617">
    <p class='ocr_par' dir='ltr' id='par_1_56' title="bbox 472 5533 2064 5617">
     <span class='ocr_line' id='line_1_56' title="bbox 472 5533 2064 5617; baseline 0.019 -32"><span class='ocrx_word' id='word_1_358' title='bbox 472 5533 580 5588; x_wconf 87' lang='lat' dir='ltr'><strong>nisi</strong></span> <span class='ocrx_word' id='word_1_359' title='bbox 610 5551 800 5593; x_wconf 87' lang='lat' dir='ltr'><strong>novem</strong></span> <span class='ocrx_word' id='word_1_360' title='bbox 844 5541 1107 5613; x_wconf 89' lang='lat' dir='ltr'><strong>jejunium</strong></span> <span class='ocrx_word' id='word_1_361' title='bbox 1138 5548 1489 5609; x_wconf 72' lang='lat' dir='ltr'><strong>hebdomada:</strong></span> <span class='ocrx_word' id='word_1_362' title='bbox 1526 5533 1861 5613; x_wconf 74' lang='lat' dir='ltr'><strong>sortiantur:</strong></span> <span class='ocrx_word' id='word_1_363' title='bbox 1894 5562 2064 5617; x_wconf 89' lang='lat' dir='ltr'><strong>tribus</strong></span> 
     </span>
    </p>
   </div>
   <div class='ocr_carea' id='block_1_57' title="bbox 446 5626 2065 5719">
    <p class='ocr_par' dir='ltr' id='par_1_57' title="bbox 446 5626 2065 5719">
     <span class='ocr_line' id='line_1_57' title="bbox 446 5626 2065 5719; baseline 0.021 -40"><span class='ocrx_word' id='word_1_364' title='bbox 446 5630 620 5703; x_wconf 7' lang='lat' dir='ltr'><strong>genim</strong></span> <span class='ocrx_word' id='word_1_365' title='bbox 674 5626 869 5691; x_wconf 83' lang='lat' dir='ltr'><strong>ablatis</strong></span> <span class='ocrx_word' id='word_1_366' title='bbox 904 5638 969 5693; x_wconf 92' lang='lat' dir='ltr'><strong>de</strong></span> <span class='ocrx_word' id='word_1_367' title='bbox 1024 5650 1255 5712; x_wconf 88' lang='lat' dir='ltr'><strong>septem,</strong></span> <span class='ocrx_word' id='word_1_368' title='bbox 1296 5646 1575 5704; x_wconf 87' lang='lat' dir='ltr'><strong>Dominica</strong></span> <span class='ocrx_word' id='word_1_369' title='bbox 1629 5652 1898 5719; x_wconf 87' lang='lat' dir='ltr'><strong>videlicet,</strong></span> <span class='ocrx_word' id='word_1_370' title='bbox 1941 5657 2065 5713; x_wconf 89' lang='lat' dir='ltr'><strong>sab-</strong></span> 
     </span>
    </p>
   </div>
   <div class='ocr_carea' id='block_1_58' title="bbox 472 5717 2063 5819">
    <p class='ocr_par' dir='ltr' id='par_1_58' title="bbox 472 5717 2063 5819">
     <span class='ocr_line' id='line_1_58' title="bbox 472 5717 2063 5819; baseline 0.018 -43"><span class='ocrx_word' id='word_1_371' title='bbox 472 5717 624 5785; x_wconf 85' lang='lat' dir='ltr'><strong>bato,</strong></span> <span class='ocrx_word' id='word_1_372' title='bbox 649 5730 702 5779; x_wconf 89' lang='lat' dir='ltr'><strong>et</strong></span> <span class='ocrx_word' id='word_1_373' title='bbox 724 5727 911 5795; x_wconf 90' lang='lat' dir='ltr'><strong>quinta</strong></span> <span class='ocrx_word' id='word_1_374' title='bbox 944 5731 1177 5798; x_wconf 87' lang='lat' dir='ltr'><strong>sabbati,</strong></span> <span class='ocrx_word' id='word_1_375' title='bbox 1218 5750 1510 5806; x_wconf 88' lang='lat' dir='ltr'><strong>supersunt</strong></span> <span class='ocrx_word' id='word_1_376' title='bbox 1556 5755 1789 5812; x_wconf 88' lang='lat' dir='ltr'><strong>quatuor</strong></span> <span class='ocrx_word' id='word_1_377' title='bbox 1817 5717 1932 5802; x_wconf 86' lang='lat' dir='ltr'><strong>dies</strong></span> <span class='ocrx_word' id='word_1_378' title='bbox 1965 5765 2063 5819; x_wconf 90' lang='lat' dir='ltr'><strong>per</strong></span> 
     </span>
    </p>
   </div>
   <div class='ocr_carea' id='block_1_59' title="bbox 473 5809 2063 5902">
    <p class='ocr_par' dir='ltr' id='par_1_59' title="bbox 473 5809 2063 5902">
     <span class='ocr_line' id='line_1_59' title="bbox 473 5809 2063 5902; baseline 0.019 -34"><span class='ocrx_word' id='word_1_379' title='bbox 473 5809 714 5887; x_wconf 81' lang='lat' dir='ltr'><strong>singulas</strong></span> <span class='ocrx_word' id='word_1_380' title='bbox 743 5818 1111 5881; x_wconf 86' lang='lat' dir='ltr'><strong>hebdomadas</strong></span> <span class='ocrx_word' id='word_1_381' title='bbox 1136 5826 1328 5897; x_wconf 90' lang='lat' dir='ltr'><strong>jejunii</strong></span> <span class='ocrx_word' id='word_1_382' title='bbox 1354 5846 1368 5893; x_wconf 90' lang='lat'><strong>;</strong></span> <span class='ocrx_word' id='word_1_383' title='bbox 1397 5838 1453 5885; x_wconf 86' lang='lat' dir='ltr'><strong>et</strong></span> <span class='ocrx_word' id='word_1_384' title='bbox 1491 5809 1821 5902; x_wconf 76' lang='lat' dir='ltr'><strong>quaternarii</strong></span> <span class='ocrx_word' id='word_1_385' title='bbox 1872 5809 2063 5898; x_wconf 70' lang='lat' dir='ltr'><strong>novies</strong></span> 
     </span>
    </p>
   </div>
   <div class='ocr_carea' id='block_1_60' title="bbox 2219 600 3826 674">
    <p class='ocr_par' dir='ltr' id='par_1_60' title="bbox 2219 600 3826 674">
     <span class='ocr_line' id='line_1_60' title="bbox 2219 600 3826 674; baseline 0.009 -25"><span class='ocrx_word' id='word_1_386' title='bbox 2219 605 2345 649; x_wconf 90' lang='lat' dir='ltr'><strong>tur:</strong></span> <span class='ocrx_word' id='word_1_387' title='bbox 2389 606 2444 652; x_wconf 89' lang='lat' dir='ltr'><strong>et</strong></span> <span class='ocrx_word' id='word_1_388' title='bbox 2496 612 2618 653; x_wconf 91' lang='lat' dir='ltr'><strong>cum</strong></span> <span class='ocrx_word' id='word_1_389' title='bbox 2676 600 3031 672; x_wconf 86' lang='lat' dir='ltr'><strong>quadraginta</strong></span> <span class='ocrx_word' id='word_1_390' title='bbox 3064 602 3360 674; x_wconf 90' lang='lat' dir='ltr'><strong>jejunando</strong></span> <span class='ocrx_word' id='word_1_391' title='bbox 3414 606 3528 661; x_wconf 89' lang='lat' dir='ltr'><strong>dies</strong></span> <span class='ocrx_word' id='word_1_392' title='bbox 3569 623 3670 663; x_wconf 92' lang='lat' dir='ltr'><strong>non</strong></span> <span class='ocrx_word' id='word_1_393' title='bbox 3702 610 3826 663; x_wconf 77' lang='lat' dir='ltr'><strong>im-</strong></span> 
     </span>
    </p>
   </div>
   <div class='ocr_carea' id='block_1_61' title="bbox 2216 687 3734 767">
    <p class='ocr_par' dir='ltr' id='par_1_61' title="bbox 2216 687 3734 767">
     <span class='ocr_line' id='line_1_61' title="bbox 2216 687 3734 767; baseline 0.009 -26"><span class='ocrx_word' id='word_1_394' title='bbox 2216 687 2422 758; x_wconf 88' lang='lat' dir='ltr'><strong>pleant,</strong></span> <span class='ocrx_word' id='word_1_395' title='bbox 2461 691 2926 763; x_wconf 89' lang='lat' dir='ltr'><strong>quadragesimam</strong></span> <span class='ocrx_word' id='word_1_396' title='bbox 2959 702 3136 749; x_wconf 89' lang='lat' dir='ltr'><strong>tamen</strong></span> <span class='ocrx_word' id='word_1_397' title='bbox 3178 696 3403 767; x_wconf 87' lang='lat' dir='ltr'><strong>implere</strong></span> <span class='ocrx_word' id='word_1_398' title='bbox 3438 714 3497 754; x_wconf 90' lang='lat' dir='ltr'><strong>se</strong></span> <span class='ocrx_word' id='word_1_399' title='bbox 3522 700 3734 755; x_wconf 89' lang='lat' dir='ltr'><strong>dicunt.</strong></span> 
     </span>
    </p>
   </div>
   <div class='ocr_carea' id='block_1_62' title="bbox 2288 779 3825 861">
    <p class='ocr_par' dir='ltr' id='par_1_62' title="bbox 2288 779 3825 861">
     <span class='ocr_line' id='line_1_62' title="bbox 2288 779 3825 861; baseline 0.011 -28"><span class='ocrx_word' id='word_1_400' title='bbox 2288 779 2399 836; x_wconf 85' lang='lat' dir='ltr'><strong>Hac</strong></span> <span class='ocrx_word' id='word_1_401' title='bbox 2448 783 2513 836; x_wconf 89' lang='lat' dir='ltr'><strong>de</strong></span> <span class='ocrx_word' id='word_1_402' title='bbox 2545 798 2709 839; x_wconf 88' lang='lat' dir='ltr'><strong>causa</strong></span> <span class='ocrx_word' id='word_1_403' title='bbox 2742 785 2913 841; x_wconf 56' lang='lat' dir='ltr'><strong>Graeci</strong></span> <span class='ocrx_word' id='word_1_404' title='bbox 2955 802 3059 841; x_wconf 89' lang='lat' dir='ltr'><strong>non</strong></span> <span class='ocrx_word' id='word_1_405' title='bbox 3117 789 3319 844; x_wconf 86' lang='lat' dir='ltr'><strong>habent</strong></span> <span class='ocrx_word' id='word_1_406' title='bbox 3373 792 3500 861; x_wconf 86' lang='lat' dir='ltr'><strong>quid</strong></span> <span class='ocrx_word' id='word_1_407' title='bbox 3541 791 3825 850; x_wconf 82' lang='lat' dir='ltr'><strong>Romanis</strong></span> 
     </span>
    </p>
   </div>
   <div class='ocr_carea' id='block_1_63' title="bbox 2214 862 3823 956">
    <p class='ocr_par' dir='ltr' id='par_1_63' title="bbox 2214 862 3823 956">
     <span class='ocr_line' id='line_1_63' title="bbox 2214 862 3823 956; baseline 0.012 -31"><span class='ocrx_word' id='word_1_408' title='bbox 2214 871 2471 942; x_wconf 90' lang='lat' dir='ltr'><strong>objiciant</strong></span> <span class='ocrx_word' id='word_1_409' title='bbox 2490 862 2668 945; x_wconf 81' lang='lat' dir='ltr'><strong>super</strong></span> <span class='ocrx_word' id='word_1_410' title='bbox 2689 879 3114 947; x_wconf 86' lang='lat' dir='ltr'><strong>septimanarum</strong></span> <span class='ocrx_word' id='word_1_411' title='bbox 3140 883 3517 952; x_wconf 89' lang='lat' dir='ltr'><strong>disparilitate,</strong></span> <span class='ocrx_word' id='word_1_412' title='bbox 3543 889 3823 956; x_wconf 84' lang='lat' dir='ltr'><strong>quoniam</strong></span> 
     </span>
    </p>
   </div>
   <div class='ocr_carea' id='block_1_64' title="bbox 2213 968 3825 1053">
    <p class='ocr_par' dir='ltr' id='par_1_64' title="bbox 2213 968 3825 1053">
     <span class='ocr_line' id='line_1_64' title="bbox 2213 968 3825 1053; baseline 0.012 -34"><span class='ocrx_word' id='word_1_413' title='bbox 2213 969 2355 1037; x_wconf 88' lang='lat' dir='ltr'><strong>quod</strong></span> <span class='ocrx_word' id='word_1_414' title='bbox 2383 968 2456 1023; x_wconf 92' lang='lat' dir='ltr'><strong>illi</strong></span> <span class='ocrx_word' id='word_1_415' title='bbox 2485 970 2537 1025; x_wconf 90' lang='lat' dir='ltr'><strong>in</strong></span> <span class='ocrx_word' id='word_1_416' title='bbox 2568 981 2692 1027; x_wconf 89' lang='lat' dir='ltr'><strong>octo</strong></span> <span class='ocrx_word' id='word_1_417' title='bbox 2724 973 3151 1031; x_wconf 88' lang='lat' dir='ltr'><strong>hebdomadibus</strong></span> <span class='ocrx_word' id='word_1_418' title='bbox 3180 976 3409 1045; x_wconf 83' lang='lat' dir='ltr'><strong>faciunt,</strong></span> <span class='ocrx_word' id='word_1_419' title='bbox 3440 994 3538 1049; x_wconf 79' lang='lat' dir='ltr'><strong>per</strong></span> <span class='ocrx_word' id='word_1_420' title='bbox 3559 982 3825 1053; x_wconf 86' lang='lat' dir='ltr'><strong>singulas</strong></span> 
     </span>
    </p>
   </div>
   <div class='ocr_carea' id='block_1_65' title="bbox 2210 1059 3823 1142">
    <p class='ocr_par' dir='ltr' id='par_1_65' title="bbox 2210 1059 3823 1142">
     <span class='ocr_line' id='line_1_65' title="bbox 2210 1059 3823 1142; baseline 0.011 -28"><span class='ocrx_word' id='word_1_421' title='bbox 2210 1059 2577 1118; x_wconf 88' lang='lat' dir='ltr'><strong>hebdomadas</strong></span> <span class='ocrx_word' id='word_1_422' title='bbox 2599 1064 2781 1134; x_wconf 88' lang='lat' dir='ltr'><strong>quinis</strong></span> <span class='ocrx_word' id='word_1_423' title='bbox 2822 1081 2927 1121; x_wconf 89' lang='lat' dir='ltr'><strong>non</strong></span> <span class='ocrx_word' id='word_1_424' title='bbox 2969 1068 3199 1139; x_wconf 88' lang='lat' dir='ltr'><strong>amplius</strong></span> <span class='ocrx_word' id='word_1_425' title='bbox 3243 1071 3432 1127; x_wconf 89' lang='lat' dir='ltr'><strong>diebus</strong></span> <span class='ocrx_word' id='word_1_426' title='bbox 3470 1071 3823 1142; x_wconf 84' lang='lat' dir='ltr'><strong>jejunantes,</strong></span> 
     </span>
    </p>
   </div>
   <div class='ocr_carea' id='block_1_66' title="bbox 2210 1150 3820 1232">
    <p class='ocr_par' dir='ltr' id='par_1_66' title="bbox 2210 1150 3820 1232">
     <span class='ocr_line' id='line_1_66' title="bbox 2210 1150 3820 1232; baseline 0.012 -27"><span class='ocrx_word' id='word_1_427' title='bbox 2210 1150 2313 1207; x_wconf 91' lang='lat' dir='ltr'><strong>hoc</strong></span> <span class='ocrx_word' id='word_1_428' title='bbox 2348 1162 2455 1209; x_wconf 89' lang='lat' dir='ltr'><strong>tam</strong></span> <span class='ocrx_word' id='word_1_429' title='bbox 2496 1154 2762 1223; x_wconf 85' lang='lat' dir='ltr'><strong>Romana,</strong></span> <span class='ocrx_word' id='word_1_430' title='bbox 2808 1174 2969 1229; x_wconf 90' lang='lat' dir='ltr'><strong>quam</strong></span> <span class='ocrx_word' id='word_1_431' title='bbox 3000 1160 3369 1219; x_wconf 88' lang='lat' dir='ltr'><strong>Occidentalis</strong></span> <span class='ocrx_word' id='word_1_432' title='bbox 3403 1163 3663 1232; x_wconf 82' lang='lat' dir='ltr'><strong>Ecclesia,</strong></span> <span class='ocrx_word' id='word_1_433' title='bbox 3698 1183 3820 1224; x_wconf 80' lang='lat' dir='ltr'><strong>sex</strong></span> 
     </span>
    </p>
   </div>
   <div class='ocr_carea' id='block_1_67' title="bbox 2207 1241 3823 1325">
    <p class='ocr_par' dir='ltr' id='par_1_67' title="bbox 2207 1241 3823 1325">
     <span class='ocr_line' id='line_1_67' title="bbox 2207 1241 3823 1325; baseline 0.012 -30"><span class='ocrx_word' id='word_1_434' title='bbox 2207 1241 2633 1302; x_wconf 87' lang='lat' dir='ltr'><strong>hebdomadibus</strong></span> <span class='ocrx_word' id='word_1_435' title='bbox 2699 1249 2962 1317; x_wconf 81' lang='lat' dir='ltr'><strong>perlicere</strong></span> <span class='ocrx_word' id='word_1_436' title='bbox 3025 1262 3351 1318; x_wconf 89' lang='lat' dir='ltr'><strong>noscuntur;</strong></span> <span class='ocrx_word' id='word_1_437' title='bbox 3435 1258 3823 1325; x_wconf 82' lang='lat' dir='ltr'><strong>superadditis</strong></span> 
     </span>
    </p>
   </div>
   <div class='ocr_carea' id='block_1_68' title="bbox 2206 1340 3822 1415">
    <p class='ocr_par' dir='ltr' id='par_1_68' title="bbox 2206 1340 3822 1415">
     <span class='ocr_line' id='line_1_68' title="bbox 2206 1340 3822 1415; baseline 0.011 -27"><span class='ocrx_word' id='word_1_438' title='bbox 2206 1346 2440 1405; x_wconf 89' lang='lat' dir='ltr'><strong>quatuor</strong></span> <span class='ocrx_word' id='word_1_439' title='bbox 2480 1340 2669 1395; x_wconf 87' lang='lat' dir='ltr'><strong>diebus</strong></span> <span class='ocrx_word' id='word_1_440' title='bbox 2717 1340 3071 1398; x_wconf 75' lang='lat' dir='ltr'><strong>hebdomadis</strong></span> <span class='ocrx_word' id='word_1_441' title='bbox 3109 1345 3370 1415; x_wconf 81' lang='lat' dir='ltr'><strong>septimae.</strong></span> <span class='ocrx_word' id='word_1_442' title='bbox 3411 1344 3544 1400; x_wconf 88' lang='lat' dir='ltr'><strong>Nam</strong></span> <span class='ocrx_word' id='word_1_443' title='bbox 3590 1349 3636 1403; x_wconf 91' lang='lat' dir='ltr'><strong>si</strong></span> <span class='ocrx_word' id='word_1_444' title='bbox 3668 1360 3822 1405; x_wconf 85' lang='lat' dir='ltr'><strong>octo</strong></span> 
     </span>
    </p>
   </div>
   <div class='ocr_carea' id='block_1_69' title="bbox 2204 1428 3824 1507">
    <p class='ocr_par' dir='ltr' id='par_1_69' title="bbox 2204 1428 3824 1507">
     <span class='ocr_line' id='line_1_69' title="bbox 2204 1428 3824 1507; baseline 0.008 -25"><span class='ocrx_word' id='word_1_445' title='bbox 2204 1428 2662 1486; x_wconf 86' lang='lat' dir='ltr'><strong>hebdomadarum</strong></span> <span class='ocrx_word' id='word_1_446' title='bbox 2698 1448 2791 1488; x_wconf 78' lang='lat' dir='ltr'><strong>sex</strong></span> <span class='ocrx_word' id='word_1_447' title='bbox 2844 1433 3034 1489; x_wconf 90' lang='lat' dir='ltr'><strong>diebus</strong></span> <span class='ocrx_word' id='word_1_448' title='bbox 3077 1436 3251 1492; x_wconf 84' lang='lat' dir='ltr'><strong>Graeci</strong></span> <span class='ocrx_word' id='word_1_449' title='bbox 3297 1437 3607 1507; x_wconf 89' lang='lat' dir='ltr'><strong>jejunarent</strong></span> <span class='ocrx_word' id='word_1_450' title='bbox 3653 1440 3824 1495; x_wconf 83' lang='lat' dir='ltr'><strong>sicut</strong></span> 
     </span>
    </p>
   </div>
   <div class='ocr_carea' id='block_1_70' title="bbox 2201 1520 3821 1605">
    <p class='ocr_par' dir='ltr' id='par_1_70' title="bbox 2201 1520 3821 1605">
     <span class='ocr_line' id='line_1_70' title="bbox 2201 1520 3821 1605; baseline 0.01 -30"><span class='ocrx_word' id='word_1_451' title='bbox 2201 1520 2677 1591; x_wconf 79' lang='lat' dir='ltr'><strong>faciuntRomani,</strong></span> <span class='ocrx_word' id='word_1_452' title='bbox 2704 1527 2787 1605; x_wconf 81' lang='lat' dir='ltr'><strong>vel</strong></span> <span class='ocrx_word' id='word_1_453' title='bbox 2818 1544 3008 1586; x_wconf 88' lang='lat' dir='ltr'><strong>omnes</strong></span> <span class='ocrx_word' id='word_1_454' title='bbox 3037 1530 3152 1587; x_wconf 81' lang='lat' dir='ltr'><strong>fere</strong></span> <span class='ocrx_word' id='word_1_455' title='bbox 3189 1532 3387 1600; x_wconf 89' lang='lat' dir='ltr'><strong>Latini,</strong></span> <span class='ocrx_word' id='word_1_456' title='bbox 3422 1549 3527 1588; x_wconf 87' lang='lat' dir='ltr'><strong>non</strong></span> <span class='ocrx_word' id='word_1_457' title='bbox 3565 1535 3617 1588; x_wconf 91' lang='lat' dir='ltr'><strong>in</strong></span> <span class='ocrx_word' id='word_1_458' title='bbox 3658 1551 3821 1605; x_wconf 79' lang='lat' dir='ltr'><strong>qna-</strong></span> 
     </span>
    </p>
   </div>
   <div class='ocr_carea' id='block_1_71' title="bbox 2203 1598 3816 1696">
    <p class='ocr_par' dir='ltr' id='par_1_71' title="bbox 2203 1598 3816 1696">
     <span class='ocr_line' id='line_1_71' title="bbox 2203 1598 3816 1696; baseline 0.009 -29"><span class='ocrx_word' id='word_1_459' title='bbox 2203 1613 2588 1687; x_wconf 89' lang='lat' dir='ltr'><strong>dragesimam,</strong></span> <span class='ocrx_word' id='word_1_460' title='bbox 2641 1598 2749 1674; x_wconf 37' lang='lat' dir='ltr'><strong>sed;</strong></span> <span class='ocrx_word' id='word_1_461' title='bbox 2788 1623 2958 1676; x_wconf 87' lang='lat' dir='ltr'><strong>multo</strong></span> <span class='ocrx_word' id='word_1_462' title='bbox 3008 1623 3244 1693; x_wconf 88' lang='lat' dir='ltr'><strong>amplius</strong></span> <span class='ocrx_word' id='word_1_463' title='bbox 3285 1635 3412 1680; x_wconf 89' lang='lat' dir='ltr'><strong>ante</strong></span> <span class='ocrx_word' id='word_1_464' title='bbox 3445 1624 3816 1696; x_wconf 88' lang='lat' dir='ltr'><strong>jejunarent:</strong></span> 
     </span>
    </p>
   </div>
   <div class='ocr_carea' id='block_1_72' title="bbox 2201 1707 3824 1787">
    <p class='ocr_par' dir='ltr' id='par_1_72' title="bbox 2201 1707 3824 1787">
     <span class='ocr_line' id='line_1_72' title="bbox 2201 1707 3824 1787; baseline 0.008 -26"><span class='ocrx_word' id='word_1_465' title='bbox 2201 1707 2371 1763; x_wconf 89' lang='lat' dir='ltr'><strong>octies</strong></span> <span class='ocrx_word' id='word_1_466' title='bbox 2402 1709 2546 1763; x_wconf 89' lang='lat' dir='ltr'><strong>enim</strong></span> <span class='ocrx_word' id='word_1_467' title='bbox 2574 1710 2688 1765; x_wconf 90' lang='lat' dir='ltr'><strong>seni</strong></span> <span class='ocrx_word' id='word_1_468' title='bbox 2717 1713 3072 1784; x_wconf 87' lang='lat' dir='ltr'><strong>quadraginta</strong></span> <span class='ocrx_word' id='word_1_469' title='bbox 3104 1727 3228 1771; x_wconf 85' lang='lat' dir='ltr'><strong>octo</strong></span> <span class='ocrx_word' id='word_1_470' title='bbox 3250 1717 3562 1787; x_wconf 85' lang='lat' dir='ltr'><strong>perﬁciunt.</strong></span> <span class='ocrx_word' id='word_1_471' title='bbox 3585 1718 3700 1786; x_wconf 87' lang='lat' dir='ltr'><strong>Qua</strong></span> <span class='ocrx_word' id='word_1_472' title='bbox 3739 1720 3824 1776; x_wconf 87' lang='lat' dir='ltr'><strong>de</strong></span> 
     </span>
    </p>
   </div>
   <div class='ocr_carea' id='block_1_73' title="bbox 2204 1800 3819 1882">
    <p class='ocr_par' dir='ltr' id='par_1_73' title="bbox 2204 1800 3819 1882">
     <span class='ocr_line' id='line_1_73' title="bbox 2204 1800 3819 1882; baseline 0.011 -31"><span class='ocrx_word' id='word_1_473' title='bbox 2204 1813 2264 1853; x_wconf 92' lang='lat' dir='ltr'><strong>re</strong></span> <span class='ocrx_word' id='word_1_474' title='bbox 2291 1800 2507 1855; x_wconf 87' lang='lat' dir='ltr'><strong>videant</strong></span> <span class='ocrx_word' id='word_1_475' title='bbox 2532 1800 2726 1868; x_wconf 74' lang='lat' dir='ltr'><strong>Graeci,</strong></span> <span class='ocrx_word' id='word_1_476' title='bbox 2756 1803 2799 1858; x_wconf 91' lang='lat' dir='ltr'><strong>si</strong></span> <span class='ocrx_word' id='word_1_477' title='bbox 2835 1813 2913 1860; x_wconf 91' lang='lat' dir='ltr'><strong>tot</strong></span> <span class='ocrx_word' id='word_1_478' title='bbox 2936 1806 3125 1862; x_wconf 91' lang='lat' dir='ltr'><strong>diebus</strong></span> <span class='ocrx_word' id='word_1_479' title='bbox 3146 1818 3273 1863; x_wconf 89' lang='lat' dir='ltr'><strong>ante</strong></span> <span class='ocrx_word' id='word_1_480' title='bbox 3294 1809 3501 1865; x_wconf 80' lang='lat' dir='ltr'><strong>Pascha</strong></span> <span class='ocrx_word' id='word_1_481' title='bbox 3526 1809 3819 1882; x_wconf 76' lang='lat' dir='ltr'><strong>jejunant,</strong></span> 
     </span>
    </p>
   </div>
   <div class='ocr_carea' id='block_1_74' title="bbox 1367 1870 3822 1967">
    <p class='ocr_par' dir='ltr' id='par_1_74' title="bbox 1367 1870 3822 1967">
     <span class='ocr_line' id='line_1_74' title="bbox 1367 1870 3822 1967; baseline 0.016 -44"><span class='ocrx_word' id='word_1_482' title='bbox 1367 1870 1651 1941; x_wconf 91' lang='lat' dir='ltr'><strong>percipere</strong></span> <span class='ocrx_word' id='word_1_483' title='bbox 1712 1887 2086 1946; x_wconf 79' lang='lat' dir='ltr'><strong>praestaretur.</strong></span> <span class='ocrx_word' id='word_1_484' title='bbox 2121 1870 2168 1930; x_wconf 87' lang='grc' dir='ltr'><strong>Β</strong></span> <span class='ocrx_word' id='word_1_485' title='bbox 2195 1903 2357 1959; x_wconf 89' lang='lat' dir='ltr'><strong>quam</strong></span> <span class='ocrx_word' id='word_1_486' title='bbox 2378 1902 2674 1961; x_wconf 87' lang='lat' dir='ltr'><strong>sequantur</strong></span> <span class='ocrx_word' id='word_1_487' title='bbox 2692 1896 3090 1952; x_wconf 88' lang='lat' dir='ltr'><strong>auctoritatem.</strong></span> <span class='ocrx_word' id='word_1_488' title='bbox 3109 1898 3216 1955; x_wconf 87' lang='lat' dir='ltr'><strong>Nec</strong></span> <span class='ocrx_word' id='word_1_489' title='bbox 3240 1900 3489 1956; x_wconf 73' lang='lat' dir='ltr'><strong>Salvator</strong></span> <span class='ocrx_word' id='word_1_490' title='bbox 3506 1904 3667 1967; x_wconf 89' lang='lat' dir='ltr'><strong>enim,</strong></span> <span class='ocrx_word' id='word_1_491' title='bbox 3693 1920 3822 1962; x_wconf 86' lang='lat' dir='ltr'><strong>nec</strong></span> 
     </span>
    </p>
   </div>
   <div class='ocr_carea' id='block_1_75' title="bbox 2197 1981 3823 2058">
    <p class='ocr_par' dir='ltr' id='par_1_75' title="bbox 2197 1981 3823 2058">
     <span class='ocr_line' id='line_1_75' title="bbox 2197 1981 3823 2058; baseline 0.01 -22"><span class='ocrx_word' id='word_1_492' title='bbox 2197 1981 2362 2049; x_wconf 89' lang='lat' dir='ltr'><strong>Elias,</strong></span> <span class='ocrx_word' id='word_1_493' title='bbox 2407 2001 2508 2040; x_wconf 88' lang='lat' dir='ltr'><strong>nec</strong></span> <span class='ocrx_word' id='word_1_494' title='bbox 2564 1985 2774 2058; x_wconf 84' lang='lat' dir='ltr'><strong>Moyses</strong></span> <span class='ocrx_word' id='word_1_495' title='bbox 2822 1988 2965 2045; x_wconf 91' lang='lat' dir='ltr'><strong>hunc</strong></span> <span class='ocrx_word' id='word_1_496' title='bbox 2989 1988 3586 2058; x_wconf 88' lang='lat' dir='ltr'><strong>jejunandonumcrum</strong></span> <span class='ocrx_word' id='word_1_497' title='bbox 3611 2012 3823 2053; x_wconf 79' lang='lat' dir='ltr'><strong>serva-</strong></span> 
     </span>
    </p>
   </div>
   <div class='ocr_carea' id='block_1_76' title="bbox 2196 2077 3819 2161">
    <p class='ocr_par' dir='ltr' id='par_1_76' title="bbox 2196 2077 3819 2161">
     <span class='ocr_line' id='line_1_76' title="bbox 2196 2077 3819 2161; baseline 0.012 -33"><span class='ocrx_word' id='word_1_498' title='bbox 2196 2090 2341 2132; x_wconf 91' lang='lat' dir='ltr'><strong>vere.</strong></span> <span class='ocrx_word' id='word_1_499' title='bbox 2370 2077 2522 2146; x_wconf 85' lang='lat' dir='ltr'><strong>Quod</strong></span> <span class='ocrx_word' id='word_1_500' title='bbox 2552 2081 2594 2135; x_wconf 91' lang='lat' dir='ltr'><strong>si</strong></span> <span class='ocrx_word' id='word_1_501' title='bbox 2623 2080 2811 2151; x_wconf 88' lang='lat' dir='ltr'><strong>jejunii</strong></span> <span class='ocrx_word' id='word_1_502' title='bbox 2841 2083 2923 2137; x_wconf 91' lang='lat' dir='ltr'><strong>sui</strong></span> <span class='ocrx_word' id='word_1_503' title='bbox 2952 2100 3218 2139; x_wconf 90' lang='lat' dir='ltr'><strong>summam</strong></span> <span class='ocrx_word' id='word_1_504' title='bbox 3274 2089 3630 2161; x_wconf 84' lang='lat' dir='ltr'><strong>quadraginta</strong></span> <span class='ocrx_word' id='word_1_505' title='bbox 3685 2092 3819 2147; x_wconf 85' lang='lat' dir='ltr'><strong>die-</strong></span> 
     </span>
    </p>
   </div>
   <div class='ocr_carea' id='block_1_77' title="bbox 2193 2167 3816 2250">
    <p class='ocr_par' dir='ltr' id='par_1_77' title="bbox 2193 2167 3816 2250">
     <span class='ocr_line' id='line_1_77' title="bbox 2193 2167 3816 2250; baseline 0.012 -28"><span class='ocrx_word' id='word_1_506' title='bbox 2193 2167 2296 2224; x_wconf 91' lang='lat' dir='ltr'><strong>bus</strong></span> <span class='ocrx_word' id='word_1_507' title='bbox 2323 2170 2632 2240; x_wconf 76' lang='lat' dir='ltr'><strong>perficiunt,</strong></span> <span class='ocrx_word' id='word_1_508' title='bbox 2654 2183 2714 2227; x_wconf 87' lang='lat' dir='ltr'><strong>ut</strong></span> <span class='ocrx_word' id='word_1_509' title='bbox 2745 2191 2773 2228; x_wconf 90' lang='lat' dir='ltr'><strong>a</strong></span> <span class='ocrx_word' id='word_1_510' title='bbox 2799 2171 2952 2231; x_wconf 19' lang='lat' dir='ltr'><strong>Novo.</strong></span> <span class='ocrx_word' id='word_1_511' title='bbox 2978 2175 3271 2250; x_wconf 79' lang='lat' dir='ltr'><strong>Veteriqne</strong></span> <span class='ocrx_word' id='word_1_512' title='bbox 3300 2180 3649 2239; x_wconf 86' lang='lat' dir='ltr'><strong>Testamento</strong></span> <span class='ocrx_word' id='word_1_513' title='bbox 3687 2202 3816 2241; x_wconf 90' lang='lat' dir='ltr'><strong>non</strong></span> 
     </span>
    </p>
   </div>
   <div class='ocr_carea' id='block_1_78' title="bbox 2195 2262 3815 2343">
    <p class='ocr_par' dir='ltr' id='par_1_78' title="bbox 2195 2262 3815 2343">
     <span class='ocr_line' id='line_1_78' title="bbox 2195 2262 3815 2343; baseline 0.01 -28"><span class='ocrx_word' id='word_1_514' title='bbox 2195 2262 2523 2335; x_wconf 82' lang='lat' dir='ltr'><strong>discrepent,</strong></span> <span class='ocrx_word' id='word_1_515' title='bbox 2554 2266 2691 2321; x_wconf 88' lang='lat' dir='ltr'><strong>nihil</strong></span> <span class='ocrx_word' id='word_1_516' title='bbox 2719 2270 2862 2337; x_wconf 89' lang='lat' dir='ltr'><strong>quod</strong></span> <span class='ocrx_word' id='word_1_517' title='bbox 2891 2271 3223 2343; x_wconf 87' lang='lat' dir='ltr'><strong>redarguant</strong></span> <span class='ocrx_word' id='word_1_518' title='bbox 3268 2273 3318 2327; x_wconf 89' lang='lat' dir='ltr'><strong>in</strong></span> <span class='ocrx_word' id='word_1_519' title='bbox 3352 2273 3815 2333; x_wconf 84' lang='lat' dir='ltr'><strong>Occidentalibus</strong></span> 
     </span>
    </p>
   </div>
   <div class='ocr_carea' id='block_1_79' title="bbox 2193 2356 3814 2438">
    <p class='ocr_par' dir='ltr' id='par_1_79' title="bbox 2193 2356 3814 2438">
     <span class='ocr_line' id='line_1_79' title="bbox 2193 2356 3814 2438; baseline 0.012 -31"><span class='ocrx_word' id='word_1_520' title='bbox 2193 2356 2493 2423; x_wconf 88' lang='lat' dir='ltr'><strong>reperiunt,</strong></span> <span class='ocrx_word' id='word_1_521' title='bbox 2517 2360 2770 2427; x_wconf 90' lang='lat' dir='ltr'><strong>quoniam</strong></span> <span class='ocrx_word' id='word_1_522' title='bbox 2803 2369 2882 2416; x_wconf 90' lang='lat' dir='ltr'><strong>tot</strong></span> <span class='ocrx_word' id='word_1_523' title='bbox 2926 2363 3118 2418; x_wconf 83' lang='lat' dir='ltr'><strong>diebus</strong></span> <span class='ocrx_word' id='word_1_524' title='bbox 3140 2373 3267 2420; x_wconf 86' lang='lat' dir='ltr'><strong>ante</strong></span> <span class='ocrx_word' id='word_1_525' title='bbox 3302 2365 3533 2436; x_wconf 88' lang='lat' dir='ltr'><strong>Pascha,</strong></span> <span class='ocrx_word' id='word_1_526' title='bbox 3566 2379 3698 2438; x_wconf 90' lang='lat' dir='ltr'><strong>quot</strong></span> <span class='ocrx_word' id='word_1_527' title='bbox 3744 2381 3814 2427; x_wconf 83' lang='lat' dir='ltr'><strong>et</strong></span> 
     </span>
    </p>
   </div>
   <div class='ocr_carea' id='block_1_80' title="bbox 2193 2444 3427 2516">
    <p class='ocr_par' dir='ltr' id='par_1_80' title="bbox 2193 2444 3427 2516">
     <span class='ocr_line' id='line_1_80' title="bbox 2193 2444 3427 2516; baseline 0.015 -19"><span class='ocrx_word' id='word_1_528' title='bbox 2193 2444 2295 2515; x_wconf 86' lang='lat' dir='ltr'><strong>ipsi</strong></span> <span class='ocrx_word' id='word_1_529' title='bbox 2333 2446 2598 2516; x_wconf 90' lang='lat' dir='ltr'><strong>jejunant.</strong></span> <span class='ocrx_word' id='word_1_530' title='bbox 3422 2502 3427 2507; x_wconf 83' lang='lat'><strong>.</strong></span> 
     </span>
    </p>
   </div>
   <div class='ocr_carea' id='block_1_81' title="bbox 2264 2538 3806 2618">
    <p class='ocr_par' dir='ltr' id='par_1_81' title="bbox 2264 2538 3806 2618">
     <span class='ocr_line' id='line_1_81' title="bbox 2264 2538 3806 2618; baseline 0.012 -25"><span class='ocrx_word' id='word_1_531' title='bbox 2264 2538 2416 2606; x_wconf 87' lang='lat' dir='ltr'><strong>Quod</strong></span> <span class='ocrx_word' id='word_1_532' title='bbox 2446 2542 2489 2595; x_wconf 93' lang='lat' dir='ltr'><strong>si</strong></span> <span class='ocrx_word' id='word_1_533' title='bbox 2504 2541 2767 2613; x_wconf 89' lang='lat' dir='ltr'><strong>jejunium</strong></span> <span class='ocrx_word' id='word_1_534' title='bbox 2792 2555 2876 2601; x_wconf 89' lang='lat' dir='ltr'><strong>est</strong></span> <span class='ocrx_word' id='word_1_535' title='bbox 2908 2547 3231 2605; x_wconf 89' lang='lat' dir='ltr'><strong>humilitatis</strong></span> <span class='ocrx_word' id='word_1_536' title='bbox 3260 2552 3556 2618; x_wconf 80' lang='lat' dir='ltr'><strong>exsecutio,</strong></span> <span class='ocrx_word' id='word_1_537' title='bbox 3590 2567 3768 2610; x_wconf 88' lang='lat' dir='ltr'><strong>secnn</strong></span> <span class='ocrx_word' id='word_1_538' title='bbox 3794 2587 3806 2594; x_wconf 85' lang='lat'><strong>~</strong></span> 
     </span>
    </p>
   </div>
   <div class='ocr_carea' id='block_1_82' title="bbox 2193 2632 3803 2705">
    <p class='ocr_par' dir='ltr' id='par_1_82' title="bbox 2193 2632 3803 2705">
     <span class='ocr_line' id='line_1_82' title="bbox 2193 2632 3803 2705; baseline 0.01 -18"><span class='ocrx_word' id='word_1_539' title='bbox 2193 2632 2319 2687; x_wconf 90' lang='lat' dir='ltr'><strong>dum</strong></span> <span class='ocrx_word' id='word_1_540' title='bbox 2352 2633 2481 2688; x_wconf 89' lang='lat' dir='ltr'><strong>illud</strong></span> <span class='ocrx_word' id='word_1_541' title='bbox 2507 2637 2651 2705; x_wconf 89' lang='lat' dir='ltr'><strong>quod</strong></span> <span class='ocrx_word' id='word_1_542' title='bbox 2679 2636 2966 2694; x_wconf 89' lang='lat' dir='ltr'><strong>Psalmista</strong></span> <span class='ocrx_word' id='word_1_543' title='bbox 3020 2641 3357 2697; x_wconf 84' lang='lat' dir='ltr'><strong>conﬁtetur:</strong></span> <span class='ocrx_word' id='word_1_544' title='bbox 3412 2643 3483 2699; x_wconf 82' lang='lat' dir='ltr'><strong>Et</strong></span> <span class='ocrx_word' id='word_1_545' title='bbox 3535 2647 3803 2704; x_wconf 80' lang='lat' dir='ltr'><strong>humilia-</strong></span> 
     </span>
    </p>
   </div>
   <div class='ocr_carea' id='block_1_83' title="bbox 2191 2726 3795 2808">
    <p class='ocr_par' dir='ltr' id='par_1_83' title="bbox 2191 2726 3795 2808">
     <span class='ocr_line' id='line_1_83' title="bbox 2191 2726 3795 2808; baseline 0.011 -30"><span class='ocrx_word' id='word_1_546' title='bbox 2191 2729 2331 2791; x_wconf 84' lang='lat' dir='ltr'><strong>bam,</strong></span> <span class='ocrx_word' id='word_1_547' title='bbox 2350 2726 2625 2797; x_wconf 79' lang='lat' dir='ltr'><strong>inquiens,</strong></span> <span class='ocrx_word' id='word_1_548' title='bbox 2642 2730 2697 2783; x_wconf 82' lang='lat' dir='ltr'><strong>in</strong></span> <span class='ocrx_word' id='word_1_549' title='bbox 2716 2732 2923 2801; x_wconf 81' lang='lat' dir='ltr'><strong>jejunio</strong></span> <span class='ocrx_word' id='word_1_550' title='bbox 2945 2735 3180 2789; x_wconf 78' lang='lat' dir='ltr'><strong>animum</strong></span> <span class='ocrx_word' id='word_1_551' title='bbox 3200 2753 3369 2790; x_wconf 87' lang='lat' dir='ltr'><strong>meam</strong></span> <span class='ocrx_word' id='word_1_552' title='bbox 3393 2734 3570 2808; x_wconf 71' lang='lat' dir='ltr'><strong>(Puri.</strong></span> <span class='ocrx_word' id='word_1_553' title='bbox 3597 2756 3795 2807; x_wconf 77' lang='lat' dir='ltr'><strong>xxnv,</strong></span> 
     </span>
    </p>
   </div>
   <div class='ocr_carea' id='block_1_84' title="bbox 2190 2815 3794 2898">
    <p class='ocr_par' dir='ltr' id='par_1_84' title="bbox 2190 2815 3794 2898">
     <span class='ocr_line' id='line_1_84' title="bbox 2190 2815 3794 2898; baseline 0.012 -29"><span class='ocrx_word' id='word_1_554' title='bbox 2190 2815 2280 2886; x_wconf 74' lang='grc'><strong>16)</strong></span> <span class='ocrx_word' id='word_1_555' title='bbox 2316 2835 2327 2869; x_wconf 89' lang='lat'>:</span> <span class='ocrx_word' id='word_1_556' title='bbox 2360 2817 2541 2886; x_wconf 88' lang='lat' dir='ltr'><strong>plures</strong></span> <span class='ocrx_word' id='word_1_557' title='bbox 2573 2836 2736 2890; x_wconf 89' lang='lat' dir='ltr'><strong>quam</strong></span> <span class='ocrx_word' id='word_1_558' title='bbox 2779 2822 3366 2898; x_wconf 83' lang='lat' dir='ltr'><strong>Constantinopolitani</strong></span> <span class='ocrx_word' id='word_1_559' title='bbox 3404 2839 3512 2885; x_wconf 91' lang='lat' dir='ltr'><strong>tam</strong></span> <span class='ocrx_word' id='word_1_560' title='bbox 3550 2830 3794 2890; x_wconf 83' lang='lat' dir='ltr'><strong>Romani</strong></span> 
     </span>
    </p>
   </div>
   <div class='ocr_carea' id='block_1_85' title="bbox 2188 2904 3788 2992">
    <p class='ocr_par' dir='ltr' id='par_1_85' title="bbox 2188 2904 3788 2992">
     <span class='ocr_line' id='line_1_85' title="bbox 2188 2904 3788 2992; baseline 0.015 -35"><span class='ocrx_word' id='word_1_561' title='bbox 2188 2920 2349 2975; x_wconf 89' lang='lat' dir='ltr'><strong>quam</strong></span> <span class='ocrx_word' id='word_1_562' title='bbox 2373 2904 2754 2967; x_wconf 88' lang='lat' dir='ltr'><strong>Occidentales</strong></span> <span class='ocrx_word' id='word_1_563' title='bbox 2776 2914 3143 2972; x_wconf 87' lang='lat' dir='ltr'><strong>hebdomadas</strong></span> <span class='ocrx_word' id='word_1_564' title='bbox 3176 2915 3427 2986; x_wconf 89' lang='lat' dir='ltr'><strong>jejunant</strong></span> <span class='ocrx_word' id='word_1_565' title='bbox 3457 2938 3472 2977; x_wconf 90' lang='lat'><strong>:</strong></span> <span class='ocrx_word' id='word_1_566' title='bbox 3507 2921 3788 2992; x_wconf 88' lang='lat' dir='ltr'><strong>siquidem</strong></span> 
     </span>
    </p>
   </div>
   <div class='ocr_carea' id='block_1_86' title="bbox 2188 2998 3788 3086">
    <p class='ocr_par' dir='ltr' id='par_1_86' title="bbox 2188 2998 3788 3086">
     <span class='ocr_line' id='line_1_86' title="bbox 2188 2998 3788 3086; baseline 0.012 -36"><span class='ocrx_word' id='word_1_567' title='bbox 2188 2998 2399 3053; x_wconf 88' lang='lat' dir='ltr'><strong>cantica</strong></span> <span class='ocrx_word' id='word_1_568' title='bbox 2455 3000 2713 3057; x_wconf 88' lang='lat' dir='ltr'><strong>solemnia</strong></span> <span class='ocrx_word' id='word_1_569' title='bbox 2776 3004 3028 3062; x_wconf 88' lang='lat' dir='ltr'><strong>videlicet</strong></span> <span class='ocrx_word' id='word_1_570' title='bbox 3051 3007 3305 3076; x_wconf 84' lang='lat' dir='ltr'><strong>Alleluia,</strong></span> <span class='ocrx_word' id='word_1_571' title='bbox 3347 3027 3444 3067; x_wconf 87' lang='lat' dir='ltr'><strong>seu</strong></span> <span class='ocrx_word' id='word_1_572' title='bbox 3474 3022 3788 3086; x_wconf 83' lang='lat' dir='ltr'><strong>martyrum</strong></span> 
     </span>
    </p>
   </div>
   <div class='ocr_carea' id='block_1_87' title="bbox 2188 3089 3785 3174">
    <p class='ocr_par' dir='ltr' id='par_1_87' title="bbox 2188 3089 3785 3174">
     <span class='ocr_line' id='line_1_87' title="bbox 2188 3089 3785 3174; baseline 0.013 -32"><span class='ocrx_word' id='word_1_573' title='bbox 2188 3089 2579 3158; x_wconf 84' lang='lat' dir='ltr'><strong>solemnitates,</strong></span> <span class='ocrx_word' id='word_1_574' title='bbox 2610 3110 2808 3150; x_wconf 88' lang='lat' dir='ltr'><strong>novum</strong></span> <span class='ocrx_word' id='word_1_575' title='bbox 2840 3106 2965 3153; x_wconf 91' lang='lat' dir='ltr'><strong>ante</strong></span> <span class='ocrx_word' id='word_1_576' title='bbox 3003 3099 3213 3156; x_wconf 89' lang='lat' dir='ltr'><strong>Pascha</strong></span> <span class='ocrx_word' id='word_1_577' title='bbox 3264 3104 3583 3174; x_wconf 89' lang='lat' dir='ltr'><strong>septimanis</strong></span> <span class='ocrx_word' id='word_1_578' title='bbox 3617 3105 3785 3162; x_wconf 86' lang='lat' dir='ltr'><strong>Occi-</strong></span> 
     </span>
    </p>
   </div>
   <div class='ocr_carea' id='block_1_88' title="bbox 2187 3180 3788 3266">
    <p class='ocr_par' dir='ltr' id='par_1_88' title="bbox 2187 3180 3788 3266">
     <span class='ocr_line' id='line_1_88' title="bbox 2187 3180 3788 3266; baseline 0.011 -32"><span class='ocrx_word' id='word_1_579' title='bbox 2187 3180 2418 3238; x_wconf 87' lang='lat' dir='ltr'><strong>dentalis</strong></span> <span class='ocrx_word' id='word_1_580' title='bbox 2444 3184 2689 3241; x_wconf 83' lang='lat' dir='ltr'><strong>Ecclesia</strong></span> <span class='ocrx_word' id='word_1_581' title='bbox 2720 3203 3055 3260; x_wconf 89' lang='lat' dir='ltr'><strong>nequaquam</strong></span> <span class='ocrx_word' id='word_1_582' title='bbox 3087 3192 3316 3248; x_wconf 85' lang='lat' dir='ltr'><strong>solemni</strong></span> <span class='ocrx_word' id='word_1_583' title='bbox 3345 3210 3497 3250; x_wconf 90' lang='lat' dir='ltr'><strong>more</strong></span> <span class='ocrx_word' id='word_1_584' title='bbox 3528 3194 3788 3266; x_wconf 79' lang='lat' dir='ltr'><strong>frequen-</strong></span> 
     </span>
    </p>
   </div>
   <div class='ocr_carea' id='block_1_89' title="bbox 2185 3279 3784 3362">
    <p class='ocr_par' dir='ltr' id='par_1_89' title="bbox 2185 3279 3784 3362">
     <span class='ocr_line' id='line_1_89' title="bbox 2185 3279 3784 3362; baseline 0.011 -33"><span class='ocrx_word' id='word_1_585' title='bbox 2185 3283 2281 3339; x_wconf 89' lang='lat' dir='ltr'><strong>tat,</strong></span> <span class='ocrx_word' id='word_1_586' title='bbox 2335 3279 2428 3332; x_wconf 89' lang='lat' dir='ltr'><strong>sed</strong></span> <span class='ocrx_word' id='word_1_587' title='bbox 2476 3281 2561 3362; x_wconf 80' lang='lat' dir='ltr'><strong>ab_</strong></span> <span class='ocrx_word' id='word_1_588' title='bbox 2590 3283 2736 3337; x_wconf 91' lang='lat' dir='ltr'><strong>omni</strong></span> <span class='ocrx_word' id='word_1_589' title='bbox 2772 3284 2974 3339; x_wconf 89' lang='lat' dir='ltr'><strong>celebri</strong></span> <span class='ocrx_word' id='word_1_590' title='bbox 3004 3286 3421 3357; x_wconf 83' lang='lat' dir='ltr'><strong>gloriﬁcatione,</strong></span> <span class='ocrx_word' id='word_1_591' title='bbox 3457 3304 3620 3360; x_wconf 89' lang='lat' dir='ltr'><strong>quam</strong></span> <span class='ocrx_word' id='word_1_592' title='bbox 3675 3306 3784 3362; x_wconf 88' lang='lat' dir='ltr'><strong>per</strong></span> 
     </span>
    </p>
   </div>
   <div class='ocr_carea' id='block_1_90' title="bbox 2182 3352 3783 3445">
    <p class='ocr_par' dir='ltr' id='par_1_90' title="bbox 2182 3352 3783 3445">
     <span class='ocr_line' id='line_1_90' title="bbox 2182 3352 3783 3445; baseline 0.009 -24"><span class='ocrx_word' id='word_1_593' title='bbox 2182 3369 2348 3424; x_wconf 86' lang='lat' dir='ltr'><strong>totius</strong></span> <span class='ocrx_word' id='word_1_594' title='bbox 2377 3371 2503 3425; x_wconf 90' lang='lat' dir='ltr'><strong>anni</strong></span> <span class='ocrx_word' id='word_1_595' title='bbox 2535 3352 2769 3441; x_wconf 77' lang='lat' dir='ltr'><strong>spatium</strong></span> <span class='ocrx_word' id='word_1_596' title='bbox 2800 3373 3147 3445; x_wconf 79' lang='lat' dir='ltr'><strong>frequentare</strong></span> <span class='ocrx_word' id='word_1_597' title='bbox 3168 3380 3475 3444; x_wconf 89' lang='lat' dir='ltr'><strong>consuevit,</strong></span> <span class='ocrx_word' id='word_1_598' title='bbox 3498 3394 3619 3435; x_wconf 89' lang='lat' dir='ltr'><strong>sese</strong></span> <span class='ocrx_word' id='word_1_599' title='bbox 3648 3395 3783 3436; x_wconf 88' lang='lat' dir='ltr'><strong>con-</strong></span> 
     </span>
    </p>
   </div>
   <div class='ocr_carea' id='block_1_91' title="bbox 2180 3461 3781 3536">
    <p class='ocr_par' dir='ltr' id='par_1_91' title="bbox 2180 3461 3781 3536">
     <span class='ocr_line' id='line_1_91' title="bbox 2180 3461 3781 3536; baseline 0.009 -22"><span class='ocrx_word' id='word_1_600' title='bbox 2180 3461 2337 3526; x_wconf 89' lang='lat' dir='ltr'><strong>tinet,</strong></span> <span class='ocrx_word' id='word_1_601' title='bbox 2380 3471 2440 3517; x_wconf 91' lang='lat' dir='ltr'><strong>ut</strong></span> <span class='ocrx_word' id='word_1_602' title='bbox 2497 3472 2648 3519; x_wconf 86' lang='lat' dir='ltr'><strong>tanto</strong></span> <span class='ocrx_word' id='word_1_603' title='bbox 2677 3465 2970 3536; x_wconf 88' lang='lat' dir='ltr'><strong>gloriosius</strong></span> <span class='ocrx_word' id='word_1_604' title='bbox 3002 3470 3056 3523; x_wconf 91' lang='lat' dir='ltr'><strong>in</strong></span> <span class='ocrx_word' id='word_1_605' title='bbox 3090 3471 3176 3526; x_wconf 91' lang='lat' dir='ltr'><strong>die</strong></span> <span class='ocrx_word' id='word_1_606' title='bbox 3204 3471 3647 3529; x_wconf 79' lang='lat' dir='ltr'><strong>Resurrectionis</strong></span> <span class='ocrx_word' id='word_1_607' title='bbox 3675 3488 3781 3530; x_wconf 78' lang='lat' dir='ltr'><strong>ex-</strong></span> 
     </span>
    </p>
   </div>
   <div class='ocr_carea' id='block_1_92' title="bbox 2177 3552 3770 3626">
    <p class='ocr_par' dir='ltr' id='par_1_92' title="bbox 2177 3552 3770 3626">
     <span class='ocr_line' id='line_1_92' title="bbox 2177 3552 3770 3626; baseline 0.011 -21"><span class='ocrx_word' id='word_1_608' title='bbox 2177 3552 2358 3619; x_wconf 89' lang='lat' dir='ltr'><strong>sultet,</strong></span> <span class='ocrx_word' id='word_1_609' title='bbox 2406 3565 2606 3626; x_wconf 89' lang='lat' dir='ltr'><strong>quanto</strong></span> <span class='ocrx_word' id='word_1_610' title='bbox 2657 3558 2860 3614; x_wconf 90' lang='lat' dir='ltr'><strong>diutius</strong></span> <span class='ocrx_word' id='word_1_611' title='bbox 2904 3572 3078 3617; x_wconf 84' lang='lat' dir='ltr'><strong>semet</strong></span> <span class='ocrx_word' id='word_1_612' title='bbox 3132 3562 3471 3621; x_wconf 87' lang='lat' dir='ltr'><strong>humiliando</strong></span> <span class='ocrx_word' id='word_1_613' title='bbox 3509 3577 3770 3623; x_wconf 85' lang='lat' dir='ltr'><strong>sanctum</strong></span> 
     </span>
    </p>
   </div>
   <div class='ocr_carea' id='block_1_93' title="bbox 2177 3642 3775 3718">
    <p class='ocr_par' dir='ltr' id='par_1_93' title="bbox 2177 3642 3775 3718">
     <span class='ocr_line' id='line_1_93' title="bbox 2177 3642 3775 3718; baseline 0.011 -20"><span class='ocrx_word' id='word_1_614' title='bbox 2177 3642 2387 3700; x_wconf 90' lang='lat' dir='ltr'><strong>Pascha</strong></span> <span class='ocrx_word' id='word_1_615' title='bbox 2429 3649 2731 3718; x_wconf 65' lang='lat' dir='ltr'><strong>prmvcnire</strong></span> <span class='ocrx_word' id='word_1_616' title='bbox 2759 3652 2988 3707; x_wconf 89' lang='lat' dir='ltr'><strong>curavit.</strong></span> <span class='ocrx_word' id='word_1_617' title='bbox 3023 3653 3159 3708; x_wconf 89' lang='lat' dir='ltr'><strong>Nam</strong></span> <span class='ocrx_word' id='word_1_618' title='bbox 3196 3665 3253 3712; x_wconf 87' lang='lat' dir='ltr'><strong>et</strong></span> <span class='ocrx_word' id='word_1_619' title='bbox 3304 3655 3433 3712; x_wconf 87' lang='lat' dir='ltr'><strong>ﬁliis</strong></span> <span class='ocrx_word' id='word_1_620' title='bbox 3462 3657 3631 3714; x_wconf 85' lang='lat' dir='ltr'><strong>Israel</strong></span> <span class='ocrx_word' id='word_1_621' title='bbox 3663 3658 3775 3715; x_wconf 87' lang='lat' dir='ltr'><strong>Do-</strong></span> 
     </span>
    </p>
   </div>
   <div class='ocr_carea' id='block_1_94' title="bbox 2177 3738 3776 3819">
    <p class='ocr_par' dir='ltr' id='par_1_94' title="bbox 2177 3738 3776 3819">
     <span class='ocr_line' id='line_1_94' title="bbox 2177 3738 3776 3819; baseline 0.008 -26"><span class='ocrx_word' id='word_1_622' title='bbox 2177 3738 2356 3793; x_wconf 89' lang='lat' dir='ltr'><strong>minus</strong></span> <span class='ocrx_word' id='word_1_623' title='bbox 2382 3752 2478 3806; x_wconf 91' lang='lat' dir='ltr'><strong>per</strong></span> <span class='ocrx_word' id='word_1_624' title='bbox 2509 3738 2743 3810; x_wconf 67' lang='lat' dir='ltr'><strong>Moysen]</strong></span> <span class='ocrx_word' id='word_1_625' title='bbox 2771 3743 3044 3798; x_wconf 87' lang='lat' dir='ltr'><strong>mandavit</strong></span> <span class='ocrx_word' id='word_1_626' title='bbox 3083 3754 3207 3819; x_wconf 72' lang='lat' dir='ltr'><strong>post</strong></span> <span class='ocrx_word' id='word_1_627' title='bbox 3258 3745 3412 3801; x_wconf 89' lang='lat' dir='ltr'><strong>vituli</strong></span> <span class='ocrx_word' id='word_1_628' title='bbox 3453 3746 3776 3805; x_wconf 85' lang='lat' dir='ltr'><strong>fabricatio-</strong></span> 
     </span>
    </p>
   </div>
   <div class='ocr_carea' id='block_1_95' title="bbox 2175 3835 3777 3904">
    <p class='ocr_par' dir='ltr' id='par_1_95' title="bbox 2175 3835 3777 3904">
     <span class='ocr_line' id='line_1_95' title="bbox 2175 3835 3777 3904; baseline 0.007 -20"><span class='ocrx_word' id='word_1_629' title='bbox 2175 3844 2296 3885; x_wconf 91' lang='lat' dir='ltr'><strong>nem</strong></span> <span class='ocrx_word' id='word_1_630' title='bbox 2326 3839 2385 3885; x_wconf 89' lang='lat' dir='ltr'><strong>ut</strong></span> <span class='ocrx_word' id='word_1_631' title='bbox 2408 3840 2658 3885; x_wconf 87' lang='lat' dir='ltr'><strong>ornatum</strong></span> <span class='ocrx_word' id='word_1_632' title='bbox 2684 3848 2838 3887; x_wconf 92' lang='lat' dir='ltr'><strong>suum</strong></span> <span class='ocrx_word' id='word_1_633' title='bbox 2889 3835 3241 3904; x_wconf 63' lang='lat' dir='ltr'><strong>deponerent,</strong></span> <span class='ocrx_word' id='word_1_634' title='bbox 3300 3846 3359 3893; x_wconf 90' lang='lat' dir='ltr'><strong>ut</strong></span> <span class='ocrx_word' id='word_1_635' title='bbox 3387 3839 3554 3895; x_wconf 87' lang='lat' dir='ltr'><strong>sciret</strong></span> <span class='ocrx_word' id='word_1_636' title='bbox 3582 3840 3777 3896; x_wconf 86' lang='lat' dir='ltr'><strong>Domi-</strong></span> 
     </span>
    </p>
   </div>
   <div class='ocr_carea' id='block_1_96' title="bbox 2173 3921 3768 3996">
    <p class='ocr_par' dir='ltr' id='par_1_96' title="bbox 2173 3921 3768 3996">
     <span class='ocr_line' id='line_1_96' title="bbox 2173 3921 3768 3996; baseline 0.008 -22"><span class='ocrx_word' id='word_1_637' title='bbox 2173 3936 2276 3975; x_wconf 89' lang='lat' dir='ltr'><strong>nus</strong></span> <span class='ocrx_word' id='word_1_638' title='bbox 2318 3921 2446 3991; x_wconf 91' lang='lat' dir='ltr'><strong>quid</strong></span> <span class='ocrx_word' id='word_1_639' title='bbox 2494 3922 2574 3976; x_wconf 90' lang='lat' dir='ltr'><strong>cis</strong></span> <span class='ocrx_word' id='word_1_640' title='bbox 2620 3921 2853 3978; x_wconf 70' lang='lat' dir='ltr'><strong>faceret:</strong></span> <span class='ocrx_word' id='word_1_641' title='bbox 2892 3940 2999 3979; x_wconf 91' lang='lat' dir='ltr'><strong>non</strong></span> <span class='ocrx_word' id='word_1_642' title='bbox 3040 3928 3183 3996; x_wconf 90' lang='lat' dir='ltr'><strong>quod</strong></span> <span class='ocrx_word' id='word_1_643' title='bbox 3215 3927 3545 3994; x_wconf 83' lang='lat' dir='ltr'><strong>ignoraverit</strong></span> <span class='ocrx_word' id='word_1_644' title='bbox 3589 3930 3768 3987; x_wconf 81' lang='lat' dir='ltr'><strong>idolo-</strong></span> 
     </span>
    </p>
   </div>
   <div class='ocr_carea' id='block_1_97' title="bbox 2173 4010 3774 4091">
    <p class='ocr_par' dir='ltr' id='par_1_97' title="bbox 2173 4010 3774 4091">
     <span class='ocr_line' id='line_1_97' title="bbox 2173 4010 3774 4091; baseline 0.009 -27"><span class='ocrx_word' id='word_1_645' title='bbox 2173 4010 2344 4065; x_wconf 60' lang='lat' dir='ltr'><strong>latria:</strong></span> <span class='ocrx_word' id='word_1_646' title='bbox 2369 4011 2524 4083; x_wconf 90' lang='lat' dir='ltr'><strong>culpa</strong></span> <span class='ocrx_word' id='word_1_647' title='bbox 2567 4029 2672 4083; x_wconf 88' lang='lat' dir='ltr'><strong>qua</strong></span> <span class='ocrx_word' id='word_1_648' title='bbox 2703 4013 2853 4069; x_wconf 82' lang='lat' dir='ltr'><strong>feriri</strong></span> <span class='ocrx_word' id='word_1_649' title='bbox 2890 4031 3049 4086; x_wconf 87' lang='lat' dir='ltr'><strong>poena</strong></span> <span class='ocrx_word' id='word_1_650' title='bbox 3088 4018 3357 4085; x_wconf 86' lang='lat' dir='ltr'><strong>debuerit,</strong></span> <span class='ocrx_word' id='word_1_651' title='bbox 3388 4021 3483 4075; x_wconf 90' lang='lat' dir='ltr'><strong>sed</strong></span> <span class='ocrx_word' id='word_1_652' title='bbox 3525 4022 3672 4091; x_wconf 90' lang='lat' dir='ltr'><strong>quod</strong></span> <span class='ocrx_word' id='word_1_653' title='bbox 3701 4037 3774 4079; x_wconf 82' lang='lat' dir='ltr'><strong>ex</strong></span> 
     </span>
    </p>
   </div>
   <div class='ocr_carea' id='block_1_98' title="bbox 2171 4103 3775 4182">
    <p class='ocr_par' dir='ltr' id='par_1_98' title="bbox 2171 4103 3775 4182">
     <span class='ocr_line' id='line_1_98' title="bbox 2171 4103 3775 4182; baseline 0.008 -25"><span class='ocrx_word' id='word_1_654' title='bbox 2171 4103 2492 4159; x_wconf 66' lang='lat' dir='ltr'><strong>humiiitatis</strong></span> <span class='ocrx_word' id='word_1_655' title='bbox 2537 4103 2824 4162; x_wconf 79' lang='lat' dir='ltr'><strong>aﬂlictione</strong></span> <span class='ocrx_word' id='word_1_656' title='bbox 2862 4111 3257 4180; x_wconf 67' lang='lat' dir='ltr'><strong>prmvaricator</strong></span> <span class='ocrx_word' id='word_1_657' title='bbox 3304 4111 3537 4182; x_wconf 92' lang='lat' dir='ltr'><strong>populus</strong></span> <span class='ocrx_word' id='word_1_658' title='bbox 3587 4104 3775 4170; x_wconf 83' lang='lat' dir='ltr'><strong>osten-</strong></span> 
     </span>
    </p>
   </div>
   <div class='ocr_carea' id='block_1_99' title="bbox 2170 4192 3775 4277">
    <p class='ocr_par' dir='ltr' id='par_1_99' title="bbox 2170 4192 3775 4277">
     <span class='ocr_line' id='line_1_99' title="bbox 2170 4192 3775 4277; baseline 0.009 -30"><span class='ocrx_word' id='word_1_659' title='bbox 2170 4192 2323 4248; x_wconf 88' lang='lat' dir='ltr'><strong>deret</strong></span> <span class='ocrx_word' id='word_1_660' title='bbox 2362 4196 2815 4264; x_wconf 89' lang='lat' dir='ltr'><strong>quemadmodum</strong></span> <span class='ocrx_word' id='word_1_661' title='bbox 2852 4210 3061 4256; x_wconf 87' lang='lat' dir='ltr'><strong>reatum</strong></span> <span class='ocrx_word' id='word_1_662' title='bbox 3094 4203 3561 4273; x_wconf 66' lang='lat' dir='ltr'><strong>praavaricationis</strong></span> <span class='ocrx_word' id='word_1_663' title='bbox 3599 4222 3775 4277; x_wconf 50' lang='lat' dir='ltr'><strong>agno.</strong></span> 
     </span>
    </p>
   </div>
   <div class='ocr_carea' id='block_1_100' title="bbox 2171 4288 3775 4368">
    <p class='ocr_par' dir='ltr' id='par_1_100' title="bbox 2171 4288 3775 4368">
     <span class='ocr_line' id='line_1_100' title="bbox 2171 4288 3775 4368; baseline 0.008 -29"><span class='ocrx_word' id='word_1_664' title='bbox 2171 4293 2365 4351; x_wconf 89' lang='lat' dir='ltr'><strong>sceret,</strong></span> <span class='ocrx_word' id='word_1_665' title='bbox 2398 4288 2653 4357; x_wconf 88' lang='lat' dir='ltr'><strong>qualique</strong></span> <span class='ocrx_word' id='word_1_666' title='bbox 2679 4290 3051 4349; x_wconf 80' lang='lat' dir='ltr'><strong>satisfactione</strong></span> <span class='ocrx_word' id='word_1_667' title='bbox 3077 4294 3223 4364; x_wconf 90' lang='lat' dir='ltr'><strong>quod</strong></span> <span class='ocrx_word' id='word_1_668' title='bbox 3248 4294 3551 4365; x_wconf 89' lang='lat' dir='ltr'><strong>deliquerat</strong></span> <span class='ocrx_word' id='word_1_669' title='bbox 3576 4312 3775 4368; x_wconf 83' lang='lat' dir='ltr'><strong>expur-</strong></span> 
     </span>
    </p>
   </div>
   <div class='ocr_carea' id='block_1_101' title="bbox 2170 4380 3769 4459">
    <p class='ocr_par' dir='ltr' id='par_1_101' title="bbox 2170 4380 3769 4459">
     <span class='ocr_line' id='line_1_101' title="bbox 2170 4380 3769 4459; baseline 0.008 -27"><span class='ocrx_word' id='word_1_670' title='bbox 2170 4393 2301 4450; x_wconf 87' lang='lat' dir='ltr'><strong>gare</strong></span> <span class='ocrx_word' id='word_1_671' title='bbox 2352 4380 2651 4437; x_wconf 86' lang='lat' dir='ltr'><strong>maluisset.</strong></span> <span class='ocrx_word' id='word_1_672' title='bbox 2687 4382 2827 4449; x_wconf 85' lang='lat' dir='ltr'><strong>Quid</strong></span> <span class='ocrx_word' id='word_1_673' title='bbox 2876 4399 3008 4456; x_wconf 82' lang='lat' dir='ltr'><strong>ergo</strong></span> <span class='ocrx_word' id='word_1_674' title='bbox 3053 4396 3307 4442; x_wconf 90' lang='lat' dir='ltr'><strong>ornatum</strong></span> <span class='ocrx_word' id='word_1_675' title='bbox 3356 4387 3562 4459; x_wconf 87' lang='lat' dir='ltr'><strong>populi,</strong></span> <span class='ocrx_word' id='word_1_676' title='bbox 3600 4404 3769 4459; x_wconf 83' lang='lat' dir='ltr'><strong>quem</strong></span> 
     </span>
    </p>
   </div>
   <div class='ocr_carea' id='block_1_102' title="bbox 2168 4472 3771 4548">
    <p class='ocr_par' dir='ltr' id='par_1_102' title="bbox 2168 4472 3771 4548">
     <span class='ocr_line' id='line_1_102' title="bbox 2168 4472 3771 4548; baseline 0.008 -22"><span class='ocrx_word' id='word_1_677' title='bbox 2168 4472 2439 4543; x_wconf 90' lang='lat' dir='ltr'><strong>deponere</strong></span> <span class='ocrx_word' id='word_1_678' title='bbox 2474 4473 2714 4542; x_wconf 89' lang='lat' dir='ltr'><strong>jubetur,</strong></span> <span class='ocrx_word' id='word_1_679' title='bbox 2767 4477 3013 4548; x_wconf 86' lang='lat' dir='ltr'><strong>accipere</strong></span> <span class='ocrx_word' id='word_1_680' title='bbox 3070 4478 3351 4544; x_wconf 84' lang='lat' dir='ltr'><strong>debemus,</strong></span> <span class='ocrx_word' id='word_1_681' title='bbox 3399 4480 3505 4536; x_wconf 88' lang='lat' dir='ltr'><strong>nisi</strong></span> <span class='ocrx_word' id='word_1_682' title='bbox 3561 4481 3771 4539; x_wconf 68' lang='lat' dir='ltr'><strong>laetitiae</strong></span> 
     </span>
    </p>
   </div>
   <div class='ocr_carea' id='block_1_103' title="bbox 2174 4563 3768 4642">
    <p class='ocr_par' dir='ltr' id='par_1_103' title="bbox 2174 4563 3768 4642">
     <span class='ocr_line' id='line_1_103' title="bbox 2174 4563 3768 4642; baseline 0.008 -25"><span class='ocrx_word' id='word_1_683' title='bbox 2174 4563 2535 4642; x_wconf 89' lang='lat' dir='ltr'><strong>splendorem,</strong></span> <span class='ocrx_word' id='word_1_684' title='bbox 2572 4581 2680 4636; x_wconf 91' lang='lat' dir='ltr'><strong>quo</strong></span> <span class='ocrx_word' id='word_1_685' title='bbox 2706 4565 2876 4621; x_wconf 68' lang='lat' dir='ltr'><strong>laetari</strong></span> <span class='ocrx_word' id='word_1_686' title='bbox 2905 4580 3260 4626; x_wconf 88' lang='lat' dir='ltr'><strong>consueverat</strong></span> <span class='ocrx_word' id='word_1_687' title='bbox 3289 4571 3608 4642; x_wconf 89' lang='lat' dir='ltr'><strong>priusquam</strong></span> <span class='ocrx_word' id='word_1_688' title='bbox 3641 4574 3768 4630; x_wconf 77' lang='lat' dir='ltr'><strong>ido-</strong></span> 
     </span>
    </p>
   </div>
   <div class='ocr_carea' id='block_1_104' title="bbox 2174 4637 3764 4734">
    <p class='ocr_par' dir='ltr' id='par_1_104' title="bbox 2174 4637 3764 4734">
     <span class='ocr_line' id='line_1_104' title="bbox 2174 4637 3764 4734; baseline 0.007 -26"><span class='ocrx_word' id='word_1_689' title='bbox 2174 4637 2399 4712; x_wconf 71' lang='lat' dir='ltr'><strong>lolatriae</strong></span> <span class='ocrx_word' id='word_1_690' title='bbox 2428 4656 2638 4726; x_wconf 89' lang='lat' dir='ltr'><strong>culpam</strong></span> <span class='ocrx_word' id='word_1_691' title='bbox 2673 4660 3050 4716; x_wconf 73' lang='lat' dir='ltr'><strong>contraxerit?</strong></span> <span class='ocrx_word' id='word_1_692' title='bbox 3078 4659 3171 4717; x_wconf 91' lang='lat' dir='ltr'><strong>Sic</strong></span> <span class='ocrx_word' id='word_1_693' title='bbox 3195 4637 3358 4734; x_wconf 75' lang='lat' dir='ltr'><strong>igitur</strong></span> <span class='ocrx_word' id='word_1_694' title='bbox 3377 4664 3462 4719; x_wconf 91' lang='lat' dir='ltr'><strong>vel</strong></span> <span class='ocrx_word' id='word_1_695' title='bbox 3492 4663 3764 4732; x_wconf 80' lang='lat' dir='ltr'><strong>Romana,</strong></span> 
     </span>
    </p>
   </div>
   <div class='ocr_carea' id='block_1_105' title="bbox 2174 4745 3769 4828">
    <p class='ocr_par' dir='ltr' id='par_1_105' title="bbox 2174 4745 3769 4828">
     <span class='ocr_line' id='line_1_105' title="bbox 2174 4745 3769 4828; baseline 0.009 -29"><span class='ocrx_word' id='word_1_696' title='bbox 2174 4745 2261 4801; x_wconf 87' lang='lat' dir='ltr'><strong>vel</strong></span> <span class='ocrx_word' id='word_1_697' title='bbox 2324 4746 2684 4805; x_wconf 87' lang='lat' dir='ltr'><strong>Occidentalis</strong></span> <span class='ocrx_word' id='word_1_698' title='bbox 2728 4749 2993 4818; x_wconf 86' lang='lat' dir='ltr'><strong>Ecclesia,</strong></span> <span class='ocrx_word' id='word_1_699' title='bbox 3036 4763 3290 4809; x_wconf 90' lang='lat' dir='ltr'><strong>ornatum</strong></span> <span class='ocrx_word' id='word_1_700' title='bbox 3334 4768 3492 4812; x_wconf 88' lang='lat' dir='ltr'><strong>suum</strong></span> <span class='ocrx_word' id='word_1_701' title='bbox 3538 4758 3769 4828; x_wconf 83' lang='lat' dir='ltr'><strong>deponit</strong></span> 
     </span>
    </p>
   </div>
   <div class='ocr_carea' id='block_1_106' title="bbox 2174 4839 3764 4923">
    <p class='ocr_par' dir='ltr' id='par_1_106' title="bbox 2174 4839 3764 4923">
     <span class='ocr_line' id='line_1_106' title="bbox 2174 4839 3764 4923; baseline 0.009 -32"><span class='ocrx_word' id='word_1_702' title='bbox 2174 4848 2348 4893; x_wconf 89' lang='lat' dir='ltr'><strong>semet</strong></span> <span class='ocrx_word' id='word_1_703' title='bbox 2375 4839 2728 4908; x_wconf 89' lang='lat' dir='ltr'><strong>humiliando,</strong></span> <span class='ocrx_word' id='word_1_704' title='bbox 2754 4846 2969 4912; x_wconf 89' lang='lat' dir='ltr'><strong>quando</strong></span> <span class='ocrx_word' id='word_1_705' title='bbox 2995 4845 3135 4902; x_wconf 84' lang='lat' dir='ltr'><strong>festa</strong></span> <span class='ocrx_word' id='word_1_706' title='bbox 3163 4847 3363 4905; x_wconf 71' lang='lat' dir='ltr'><strong>laetitiae</strong></span> <span class='ocrx_word' id='word_1_707' title='bbox 3393 4849 3479 4905; x_wconf 90' lang='lat' dir='ltr'><strong>vel</strong></span> <span class='ocrx_word' id='word_1_708' title='bbox 3524 4850 3764 4923; x_wconf 78' lang='lat' dir='ltr'><strong>hymno—</strong></span> 
     </span>
    </p>
   </div>
   <div class='ocr_carea' id='block_1_107' title="bbox 2174 4931 3766 5010">
    <p class='ocr_par' dir='ltr' id='par_1_107' title="bbox 2174 4931 3766 5010">
     <span class='ocr_line' id='line_1_107' title="bbox 2174 4931 3766 5010; baseline 0.011 -29"><span class='ocrx_word' id='word_1_709' title='bbox 2174 4944 2293 4983; x_wconf 89' lang='lat' dir='ltr'><strong>rum</strong></span> <span class='ocrx_word' id='word_1_710' title='bbox 2337 4931 2552 5000; x_wconf 90' lang='lat' dir='ltr'><strong>gaudia,</strong></span> <span class='ocrx_word' id='word_1_711' title='bbox 2605 4934 2802 5003; x_wconf 91' lang='lat' dir='ltr'><strong>quibus</strong></span> <span class='ocrx_word' id='word_1_712' title='bbox 2840 4935 3005 4991; x_wconf 88' lang='lat' dir='ltr'><strong>totius</strong></span> <span class='ocrx_word' id='word_1_713' title='bbox 3032 4938 3158 4993; x_wconf 90' lang='lat' dir='ltr'><strong>anni</strong></span> <span class='ocrx_word' id='word_1_714' title='bbox 3188 4940 3364 5010; x_wconf 90' lang='lat' dir='ltr'><strong>spatio</strong></span> <span class='ocrx_word' id='word_1_715' title='bbox 3394 4950 3766 4998; x_wconf 88' lang='lat' dir='ltr'><strong>consueverat</strong></span> 
     </span>
    </p>
   </div>
   <div class='ocr_carea' id='block_1_108' title="bbox 2172 5019 3758 5103">
    <p class='ocr_par' dir='ltr' id='par_1_108' title="bbox 2172 5019 3758 5103">
     <span class='ocr_line' id='line_1_108' title="bbox 2172 5019 3758 5103; baseline 0.011 -30"><span class='ocrx_word' id='word_1_716' title='bbox 2172 5019 2468 5087; x_wconf 81' lang='lat' dir='ltr'><strong>exsultare,</strong></span> <span class='ocrx_word' id='word_1_717' title='bbox 2495 5022 2735 5091; x_wconf 87' lang='lat' dir='ltr'><strong>dimittit,</strong></span> <span class='ocrx_word' id='word_1_718' title='bbox 2764 5035 2820 5081; x_wconf 87' lang='lat' dir='ltr'><strong>et</strong></span> <span class='ocrx_word' id='word_1_719' title='bbox 2854 5027 3176 5085; x_wconf 88' lang='lat' dir='ltr'><strong>humilitatis</strong></span> <span class='ocrx_word' id='word_1_720' title='bbox 3207 5031 3455 5087; x_wconf 89' lang='lat' dir='ltr'><strong>habitum</strong></span> <span class='ocrx_word' id='word_1_721' title='bbox 3508 5048 3758 5103; x_wconf 88' lang='lat' dir='ltr'><strong>sumens,</strong></span> 
     </span>
    </p>
   </div>
   <div class='ocr_carea' id='block_1_109' title="bbox 2171 5108 3762 5191">
    <p class='ocr_par' dir='ltr' id='par_1_109' title="bbox 2171 5108 3762 5191">
     <span class='ocr_line' id='line_1_109' title="bbox 2171 5108 3762 5191; baseline 0.011 -27"><span class='ocrx_word' id='word_1_722' title='bbox 2171 5108 2550 5168; x_wconf 83' lang='lat' dir='ltr'><strong>exsultationis</strong></span> <span class='ocrx_word' id='word_1_723' title='bbox 2583 5113 2812 5185; x_wconf 90' lang='lat' dir='ltr'><strong>gloriam</strong></span> <span class='ocrx_word' id='word_1_724' title='bbox 2853 5117 3105 5189; x_wconf 89' lang='lat' dir='ltr'><strong>deponit;</strong></span> <span class='ocrx_word' id='word_1_725' title='bbox 3136 5130 3403 5191; x_wconf 91' lang='lat' dir='ltr'><strong>quatenus</strong></span> <span class='ocrx_word' id='word_1_726' title='bbox 3434 5123 3762 5182; x_wconf 82' lang='lat' dir='ltr'><strong>humilitatis</strong></span> 
     </span>
    </p>
   </div>
   <div class='ocr_carea' id='block_1_110' title="bbox 2171 5200 3759 5281">
    <p class='ocr_par' dir='ltr' id='par_1_110' title="bbox 2171 5200 3759 5281">
     <span class='ocr_line' id='line_1_110' title="bbox 2171 5200 3759 5281; baseline 0.013 -28"><span class='ocrx_word' id='word_1_727' title='bbox 2171 5200 2356 5255; x_wconf 90' lang='lat' dir='ltr'><strong>habitu</strong></span> <span class='ocrx_word' id='word_1_728' title='bbox 2383 5201 2579 5259; x_wconf 80' lang='lat' dir='ltr'><strong>faciem</strong></span> <span class='ocrx_word' id='word_1_729' title='bbox 2610 5205 2821 5263; x_wconf 89' lang='lat' dir='ltr'><strong>Domini</strong></span> <span class='ocrx_word' id='word_1_730' title='bbox 2867 5212 3232 5281; x_wconf 70' lang='lat' dir='ltr'><strong>praeveniens,</strong></span> <span class='ocrx_word' id='word_1_731' title='bbox 3280 5213 3565 5272; x_wconf 87' lang='lat' dir='ltr'><strong>Paschalia</strong></span> <span class='ocrx_word' id='word_1_732' title='bbox 3620 5216 3759 5273; x_wconf 80' lang='lat' dir='ltr'><strong>festa</strong></span> 
     </span>
    </p>
   </div>
   <div class='ocr_carea' id='block_1_111' title="bbox 2168 5291 3069 5373">
    <p class='ocr_par' dir='ltr' id='par_1_111' title="bbox 2168 5291 3069 5373">
     <span class='ocr_line' id='line_1_111' title="bbox 2168 5291 3069 5373; baseline 0.017 -29"><span class='ocrx_word' id='word_1_733' title='bbox 2168 5291 2546 5373; x_wconf 82' lang='lat' dir='ltr'><strong>exsultationis</strong></span> <span class='ocrx_word' id='word_1_734' title='bbox 2563 5298 2759 5369; x_wconf 78' lang='lat' dir='ltr'><strong>gaudio</strong></span> <span class='ocrx_word' id='word_1_735' title='bbox 2789 5302 3069 5373; x_wconf 89' lang='lat' dir='ltr'><strong>suscipiat.</strong></span> 
     </span>
    </p>
   </div>
   <div class='ocr_carea' id='block_1_112' title="bbox 2240 5382 3760 5470">
    <p class='ocr_par' dir='ltr' id='par_1_112' title="bbox 2240 5382 3760 5470">
     <span class='ocr_line' id='line_1_112' title="bbox 2240 5382 3760 5470; baseline 0.014 -32"><span class='ocrx_word' id='word_1_736' title='bbox 2240 5382 2358 5440; x_wconf 84' lang='lat' dir='ltr'><strong>Non</strong></span> <span class='ocrx_word' id='word_1_737' title='bbox 2412 5386 2613 5443; x_wconf 88' lang='lat' dir='ltr'><strong>habent</strong></span> <span class='ocrx_word' id='word_1_738' title='bbox 2674 5391 2837 5461; x_wconf 86' lang='lat' dir='ltr'><strong>igitur</strong></span> <span class='ocrx_word' id='word_1_739' title='bbox 2883 5392 3198 5452; x_wconf 66' lang='lat' dir='ltr'><strong>Graecorum</strong></span> <span class='ocrx_word' id='word_1_740' title='bbox 3228 5398 3584 5470; x_wconf 87' lang='lat' dir='ltr'><strong>imperatores</strong></span> <span class='ocrx_word' id='word_1_741' title='bbox 3611 5405 3760 5460; x_wconf 90' lang='lat' dir='ltr'><strong>unde</strong></span> 
     </span>
    </p>
   </div>
   <div class='ocr_carea' id='block_1_113' title="bbox 2171 5475 3754 5560">
    <p class='ocr_par' dir='ltr' id='par_1_113' title="bbox 2171 5475 3754 5560">
     <span class='ocr_line' id='line_1_113' title="bbox 2171 5475 3754 5560; baseline 0.015 -32"><span class='ocrx_word' id='word_1_742' title='bbox 2171 5475 2367 5531; x_wconf 89' lang='lat' dir='ltr'><strong>merito</strong></span> <span class='ocrx_word' id='word_1_743' title='bbox 2398 5478 2617 5549; x_wconf 89' lang='lat' dir='ltr'><strong>culpare</strong></span> <span class='ocrx_word' id='word_1_744' title='bbox 2638 5492 2836 5552; x_wconf 87' lang='lat' dir='ltr'><strong>queant</strong></span> <span class='ocrx_word' id='word_1_745' title='bbox 2853 5485 2935 5541; x_wconf 86' lang='lat' dir='ltr'><strong>vel</strong></span> <span class='ocrx_word' id='word_1_746' title='bbox 2955 5487 3228 5545; x_wconf 82' lang='lat' dir='ltr'><strong>Romanos</strong></span> <span class='ocrx_word' id='word_1_747' title='bbox 3251 5491 3332 5545; x_wconf 85' lang='lat' dir='ltr'><strong>vel</strong></span> <span class='ocrx_word' id='word_1_748' title='bbox 3349 5492 3754 5560; x_wconf 84' lang='lat' dir='ltr'><strong>Occidentales.</strong></span> 
     </span>
    </p>
   </div>
   <div class='ocr_carea' id='block_1_114' title="bbox 2167 5568 3757 5656">
    <p class='ocr_par' dir='ltr' id='par_1_114' title="bbox 2167 5568 3757 5656">
     <span class='ocr_line' id='line_1_114' title="bbox 2167 5568 3757 5656; baseline 0.014 -36"><span class='ocrx_word' id='word_1_749' title='bbox 2167 5568 2211 5621; x_wconf 93' lang='lat' dir='ltr'><strong>si</strong></span> <span class='ocrx_word' id='word_1_750' title='bbox 2254 5584 2358 5623; x_wconf 91' lang='lat' dir='ltr'><strong>non</strong></span> <span class='ocrx_word' id='word_1_751' title='bbox 2400 5581 2478 5626; x_wconf 89' lang='lat' dir='ltr'><strong>tot</strong></span> <span class='ocrx_word' id='word_1_752' title='bbox 2525 5572 2893 5631; x_wconf 84' lang='lat' dir='ltr'><strong>hebdomadas</strong></span> <span class='ocrx_word' id='word_1_753' title='bbox 2946 5589 3073 5635; x_wconf 90' lang='lat' dir='ltr'><strong>ante</strong></span> <span class='ocrx_word' id='word_1_754' title='bbox 3100 5581 3308 5639; x_wconf 85' lang='lat' dir='ltr'><strong>Pascha</strong></span> <span class='ocrx_word' id='word_1_755' title='bbox 3335 5584 3475 5653; x_wconf 90' lang='lat' dir='ltr'><strong>quod</strong></span> <span class='ocrx_word' id='word_1_756' title='bbox 3510 5585 3584 5639; x_wconf 90' lang='lat' dir='ltr'><strong>illi</strong></span> <span class='ocrx_word' id='word_1_757' title='bbox 3612 5586 3757 5656; x_wconf 87' lang='lat' dir='ltr'><strong>jeju-</strong></span> 
     </span>
    </p>
   </div>
   <div class='ocr_carea' id='block_1_115' title="bbox 2168 5666 3758 5748">
    <p class='ocr_par' dir='ltr' id='par_1_115' title="bbox 2168 5666 3758 5748">
     <span class='ocr_line' id='line_1_115' title="bbox 2168 5666 3758 5748; baseline 0.013 -34"><span class='ocrx_word' id='word_1_758' title='bbox 2168 5670 2319 5726; x_wconf 88' lang='lat' dir='ltr'><strong>nant,</strong></span> <span class='ocrx_word' id='word_1_759' title='bbox 2365 5666 2619 5732; x_wconf 90' lang='lat' dir='ltr'><strong>quoniam</strong></span> <span class='ocrx_word' id='word_1_760' title='bbox 2663 5669 2872 5723; x_wconf 85' lang='lat' dir='ltr'><strong>dierum</strong></span> <span class='ocrx_word' id='word_1_761' title='bbox 2936 5689 3163 5730; x_wconf 90' lang='lat' dir='ltr'><strong>numero</strong></span> <span class='ocrx_word' id='word_1_762' title='bbox 3206 5677 3560 5748; x_wconf 82' lang='lat' dir='ltr'><strong>quadraginta</strong></span> <span class='ocrx_word' id='word_1_763' title='bbox 3615 5678 3758 5747; x_wconf 68' lang='lat' dir='ltr'><strong>jeju-</strong></span> 
     </span>
    </p>
   </div>
   <div class='ocr_carea' id='block_1_116' title="bbox 2167 5754 3756 5839">
    <p class='ocr_par' dir='ltr' id='par_1_116' title="bbox 2167 5754 3756 5839">
     <span class='ocr_line' id='line_1_116' title="bbox 2167 5754 3756 5839; baseline 0.014 -32"><span class='ocrx_word' id='word_1_764' title='bbox 2167 5754 2349 5809; x_wconf 88' lang='lat' dir='ltr'><strong>nando</strong></span> <span class='ocrx_word' id='word_1_765' title='bbox 2378 5769 2746 5828; x_wconf 68' lang='lat' dir='ltr'><strong>comqttanlur.</strong></span> <span class='ocrx_word' id='word_1_766' title='bbox 2798 5763 2952 5830; x_wconf 87' lang='lat' dir='ltr'><strong>Quod</strong></span> <span class='ocrx_word' id='word_1_767' title='bbox 2992 5768 3346 5839; x_wconf 87' lang='lat' dir='ltr'><strong>sitjejunium</strong></span> <span class='ocrx_word' id='word_1_768' title='bbox 3381 5771 3756 5829; x_wconf 84' lang='lat' dir='ltr'><strong>humilitatem</strong></span> 
     </span>
    </p>
   </div>
   <div class='ocr_carea' id='block_1_117' title="bbox 2168 5844 3758 5931">
    <p class='ocr_par' dir='ltr' id='par_1_117' title="bbox 2168 5844 3758 5931">
     <span class='ocr_line' id='line_1_117' title="bbox 2168 5844 3758 5931; baseline 0.014 -32"><span class='ocrx_word' id='word_1_769' title='bbox 2168 5844 2457 5916; x_wconf 78' lang='lat' dir='ltr'><strong>signiﬁcat,</strong></span> <span class='ocrx_word' id='word_1_770' title='bbox 2490 5858 2546 5904; x_wconf 91' lang='lat' dir='ltr'><strong>et</strong></span> <span class='ocrx_word' id='word_1_771' title='bbox 2576 5852 2858 5909; x_wconf 88' lang='lat' dir='ltr'><strong>humilitas</strong></span> <span class='ocrx_word' id='word_1_772' title='bbox 2906 5865 2989 5912; x_wconf 85' lang='lat' dir='ltr'><strong>est</strong></span> <span class='ocrx_word' id='word_1_773' title='bbox 3029 5861 3293 5931; x_wconf 90' lang='lat' dir='ltr'><strong>depositio</strong></span> <span class='ocrx_word' id='word_1_774' title='bbox 3335 5863 3533 5919; x_wconf 72' lang='lat' dir='ltr'><strong>ltetitiae</strong></span> <span class='ocrx_word' id='word_1_775' title='bbox 3561 5906 3576 5930; x_wconf 95' lang='lat'><strong>,</strong></span> <span class='ocrx_word' id='word_1_776' title='bbox 3617 5860 3758 5920; x_wconf 73' lang='lat' dir='ltr'><strong>alm-</strong></span> 
     </span>
    </p>
   </div>
  </div>
