4026 6346
208 320 302 377 521

1087 313 1365 373 CONTRA
1402 312 1816 371 GRECORUM
1855 310 2212 370 OPPOSITA.
2253 344 2324 354 ——
2360 313 2490 368 LIB.
2531 311 2607 368 IV.

3341 315 3478 373 ’592

209 433 400 492 ctionis
418 429 883 498 forma,mmroris
904 428 1141 497 habitus,
1160 430 1517 501 jucunditatis
1538 437 1785 495 remotio,
1817 431 1865 492 Α
1894 427 2148 491 audeant,
2174 429 2313 497 quod
2343 428 2644 483 honestatis
2680 428 2804 500 jure
2856 428 3243 503 religionisque
3277 433 3475 492 decore

204 529 319 601 jure
342 525 556 597 quidem
587 525 843 580 dicuntur
871 522 1099 578 Romani
1147 523 1230 576 vel
1268 522 1445 577 Latini
1477 522 1788 577 Constanti-

208 617 529 690 nopolitanis
553 616 673 688 plus
688 614 955 688 jejunare,
987 615 1243 685 quoniam
1271 628 1462 669 novem
1495 614 1789 669 hebdoma-

215 713 369 768 dibus
418 718 591 766 semet
627 709 965 766 humiliando
1014 709 1222 765 Pascha
1255 709 1611 780 praeveniunt,
1661 706 1788 762 licet

209 809 334 865 illud
393 807 496 877 sit,
515 806 866 878 praecipuum.
927 802 1081 859 Unde
1125 801 1546 873 reprehensores
1594 798 1787 853 [toma-

208 915 395 958 norum
443 914 566 956 sese
594 897 791 953 debent
820 896 1164 967 redarguere,
1196 894 1241 949 si
1274 905 1455 948 tamen
1485 891 1789 961 disciplina:

208 993 413 1065 legibus
486 990 711 1063 cupiunt
760 1003 883 1044 esse
940 986 1188 1056 subjecti,
1242 988 1385 1057 quod
1446 982 1787 1042 consuetudo

201 1084 474 1155 jejunandi
502 1093 630 1139 ante
662 1090 909 1139 sanctum
930 1068 1139 1136 Pascha
1164 1079 1374 1136 cunctis
1396 1076 1653 1132 Ecclesiis
1677 1091 1784 1131 non

204 1177 269 1233 sit
302 1174 612 1240 uniformis,
643 1189 745 1230 nec
772 1172 879 1228 ulla
910 1173 1211 1228 divinorum
1263 1170 1641 1225 mandatorum
1671 1169 1787 1240 lege

204 1270 650 1339 constringuntur
675 1267 744 1322 ad
774 1267 917 1332 ista;
970 1265 1065 1321 sed
1121 1263 1411 1333 unicuique
1463 1263 1669 1318 licitum
1718 1262 1788 1317 sit

202 1358 452 1416 Ecclesiae
515 1374 736 1415 suorum
803 1358 957 1429 sequi
1003 1354 1270 1426 majorum
1321 1354 1780 1410 consuetudinem.

204 1453 354 1521 Quod
405 1454 452 1510 si
506 1453 803 1516 novissent,
844 1466 948 1505 non
982 1458 1088 1504 tam
1112 1464 1371 1519 procaces
1400 1448 1454 1502 in
1490 1448 1787 1516 reprehen-

204 1547 354 1601 sione
374 1545 689 1600 viderentur
712 1558 899 1598 eorum
928 1542 1163 1595 maxime
1193 1541 1310 1611 qui,
1346 1539 1487 1610 quod
1510 1544 1785 1603 exercent,

205 1639 501 1710 apostolico
546 1638 764 1710 quidem
816 1636 1175 1692 instituuntur
1216 1633 1551 1706 magisterio,
1593 1640 1649 1687 et
1704 1647 1788 1686 ra-

205 1732 366 1787 tionis
398 1732 533 1786 satis
562 1731 799 1785 honesta:
822 1726 1277 1783 consideratione.
1409 1731 1412 1734 ’

1880 520 2166 573 observari
2210 521 2580 590 cognoverint,
2611 527 2665 575 et
2720 518 2788 574 ad
2832 520 3061 589 unitatis
3117 524 3475 582 concordiam

1888 611 2099 680 paciﬁci
2126 612 2372 677 redeant,
2403 627 2433 666 a
2457 612 2831 688 quadeviasse
2855 611 3020 668 stulta
3041 616 3474 689 prasumptione

1890 713 1997 757 non
2030 702 2336 757 timuerant.

2507 801 2735 859 CAPUT
2784 805 2848 859 v.
3490 791 3499 834 ί

2102 882 2180 938 De
2214 884 2388 938 barba:
2425 901 2519 939 seu
2546 888 2730 956 capitis
2772 889 3009 944 tonsione
3054 901 3247 961 agitur.

1958 984 2078 1041 Jam
2104 986 2384 1042 videamus
2430 989 2572 1059 quod
2617 988 2683 1044 de
2730 988 2913 1046 barbae
2959 994 3206 1050 tonsione
3247 995 3480 1055 clericos

1889 1077 2109 1147 culpare
2161 1094 2266 1132 non
2320 1087 2525 1133 tantum
2568 1079 2961 1147 Romanorum,
3002 1099 3192 1140 verum
3235 1088 3479 1151 omnium

1890 1166 2314 1223 Occidentalium
2361 1167 2563 1224 Christi
2631 1169 2995 1226 Eeclesiarum
3043 1190 3151 1229 non
3202 1187 3476 1234 verentur.

1889 1259 2020 1327 Qum
2068 1270 2177 1315 tam
2227 1260 2360 1316 levis
2406 1262 2739 1332 agnoscitur,
2781 1271 2841 1317 ut
2884 1264 3019 1319 nihil
3064 1266 3115 1321 ei
3164 1271 3479 1339 responderi
3524 1254 3540 1302 ί

1891 1357 2087 1411 merito
2113 1357 2527 1422 decerneretur,
2556 1373 2624 1412 ne
2654 1356 2884 1414 forsitan
2918 1359 3102 1415 talium
3135 1362 3336 1418 levitati
3379 1381 3478 1435 pa-

1893 1463 2000 1515 res,
2023 1450 2109 1504 vel
2132 1460 2279 1505 certe
2301 1450 2532 1506 leviores
2551 1453 2891 1507 aestimentur
2913 1454 3003 1524 qui
3035 1455 3235 1510 nullam
3260 1457 3480 1514 habenti

1892 1541 2156 1596 rationem
2202 1542 2415 1613 objecto
2442 1545 2772 1613 respondere
2800 1546 3000 1615 potius,
3033 1562 3194 1617 quam
3236 1557 3482 1604 contem-

1891 1649 2023 1689 nere
2073 1634 2337 1705 delegere.
2400 1635 2538 1705 Quid
2580 1638 2725 1694 enim
2769 1637 2935 1694 refert
2982 1640 3048 1694 ad
3091 1640 3319 1711 justitia:
3372 1658 3479 1699 non

1895 1731 2103 1779 tantum
2171 1727 2597 1797 perfectionem,
2684 1745 2874 1785 verum
2935 1732 3097 1787 etiam
3175 1732 3479 1789 inchoatio-

265 1822 524 1895 Jejunant
555 1822 787 1891 denique
826 1819 1055 1874 Romani
1106 1834 1199 1872 sex
1232 1826 1356 1872 ante
1388 1816 1595 1872 Pascha
1625 1816 1789 1886 septi-
1817 1811 1864 1871 B
1892 1832 2015 1872 nem
2056 1818 2239 1873 barba:
2280 1821 2548 1887 detonsio,
2598 1820 2680 1876 vel
2727 1824 3106 1879 conservatio?
3138 1824 3330 1881 Dicant
3353 1839 3483 1897 ergo

205 1931 396 1971 manus
441 1912 822 1977 continuatim,
873 1904 1071 1980 praeter
1103 1909 1462 1974 Dominicam,
1510 1922 1614 1979 qua
1644 1906 1788 1975 jeju-

204 2009 348 2063 nium
390 2006 624 2063 solvunt.
672 2004 826 2062 Unde
855 2005 899 2059 si
930 2003 1241 2073 jejunantes
1282 2002 1504 2073 triginta
1548 2016 1641 2055 sex
1672 1999 1788 2055 dies

201 2109 435 2171 quatuor
471 2097 651 2154 minus
678 2113 709 2151 a
735 2095 1092 2168 quadraginta
1139 2094 1411 2164 complere
1466 2098 1783 2157 noscuntur;

201 2206 360 2246 causa
398 2205 496 2245 cur
526 2191 600 2245 ita
632 2187 837 2244 faciant
867 2188 953 2258 pie
996 2186 1343 2242 considerare
1402 2184 1706 2240 volentibus
1734 2189 1789 2237 et

199 2282 427 2337 honesta
455 2282 589 2337 satis
620 2288 741 2346 est,
767 2289 822 2336 et
867 2280 921 2334 in
970 2278 1203 2334 evidenti
1252 2277 1445 2348 posita.
1507 2276 1788 2347 Siquidem

200 2388 373 2429 annus
396 2373 592 2429 solaris
616 2371 874 2427 trecentis
889 2371 1166 2441 sexaginta
1191 2368 1431 2439 quinque
1451 2366 1641 2421 diebus
1664 2382 1789 2438 per-

200 2470 416 2537 agitur;
451 2468 645 2521 horum
674 2465 886 2520 dierum
910 2465 1176 2519 decimam
1206 2463 1250 2518 si
1278 2460 1786 2531 assumas,triginta

199 2574 286 2613 sex
316 2559 437 2612 dies
465 2557 689 2613 habebis
721 2575 736 2614 :
767 2555 1023 2625 jubemur
1054 2562 1233 2608 autem
1270 2552 1516 2606 laborum
1545 2550 1787 2605 decimas

200 2660 514 2705 nostrorum
541 2648 733 2704 offerre
764 2647 1009 2701 Domino.
1042 2643 1159 2700 Non
1202 2644 1367 2714 igitur
1388 2642 1663 2696 immerito
1694 2640 1785 2695 de-

199 2743 370 2798 cimas
391 2742 554 2798 etiam
585 2741 792 2795 dierum
815 2737 892 2793 illi
915 2735 1215 2803 offerimus,
1248 2744 1308 2789 ut
1345 2735 1436 2804 qui
1466 2734 1632 2789 totius
1657 2733 1784 2787 anni

201 2837 377 2907 spatio
430 2834 588 2890 nobis
617 2834 869 2897 viximus,
925 2832 1053 2887 anni
1102 2830 1342 2887 decimas
1389 2829 1467 2883 illi
1507 2827 1786 2883 offerendo

200 2929 435 2994 dierum,
486 2927 715 2982 Domino
751 2927 1027 2992 vivamus;
1060 2934 1120 2979 ut
1163 2922 1357 2979 delicta
1407 2937 1527 2992 qua:
1574 2936 1673 2991 per
1706 2930 1788 2975 to—

198 3029 310 3076 tum
368 3036 575 3076 annum
634 3020 958 3075 admisimus
997 3017 1155 3073 nobis
1196 3016 1451 3082 vivendo,
1490 3029 1787 3086 purgemus

197 3127 291 3183 per
316 3114 420 3168 hos
440 3112 672 3167 Domino
696 3111 814 3167 dies
832 3110 1138 3167 serviendo.

269 3204 379 3261 Sed
422 3206 549 3274 quia
594 3204 850 3276 perpauci
905 3212 1031 3258 sunt
1083 3203 1135 3257 in
1189 3200 1481 3257 Occidente
1528 3199 1621 3270 qui
1673 3213 1780 3253 non

199 3297 557 3369 quadraginta
593 3297 708 3353 dies
731 3306 856 3352 ante
881 3296 1088 3352 Pascha
1123 3294 1421 3367 jejunando
1449 3292 1781 3363 compleant,

197 3393 322 3448 hinc
361 3394 526 3448 etiam
575 3408 738 3447 causa
780 3391 1049 3448 reddenda
1078 3399 1181 3456 est,
1211 3405 1317 3461 qua
1349 3389 1552 3445 factum
1584 3396 1691 3454 est,
1723 3396 1786 3442 ut

197 3484 555 3555 quadraginta
578 3482 788 3537 dierum
814 3495 1039 3535 numero
1089 3481 1200 3536 sint
1230 3479 1492 3536 contenti.
1530 3477 1784 3548 Seposita

198 3576 363 3648 igitur
410 3574 736 3630 auctoritate
791 3572 875 3627 vel
922 3571 1232 3643 evangelica
1299 3570 1384 3626 vel
1428 3570 1621 3641 legali,
1668 3585 1785 3651 [qua

198 3666 458 3723 docemur
477 3666 755 3721 evidenter
782 3663 1140 3736 quadraginta
1165 3662 1281 3719 dies
1302 3677 1401 3718 nos
1433 3661 1639 3733 jejunio
1671 3660 1785 3716 fore

196 3759 585 3831 mancipandos
611 3775 627 3811 :
658 3758 923 3828 siquidem
947 3766 1074 3812 sunt
1102 3758 1288 3812 decem
1329 3763 1602 3826 praacepta
1649 3753 1786 3825 legis

197 3850 394 3920 quibus
422 3850 629 3905 servire
671 3849 1038 3921 praecipimur,
1072 3849 1368 3903 secundum
1401 3846 1648 3902 instituta
1684 3844 1785 3899 Ve-

196 3944 328 3998 teris
354 3942 720 4008 Testamenti,
756 3951 809 3996 et
863 3953 1105 4012 quatuor
1145 3938 1457 4010 Evangelia,
1496 3937 1692 4008 quibus
1729 3935 1785 3990 in

196 4036 495 4090 novitatem
557 4035 681 4090 vitae
748 4033 1088 4089 deducimur;
1152 4030 1355 4099 Quatcr
1410 4029 1613 4085 etenim
1663 4028 1786 4083 deni

197 4127 694 4197 quadragenarium
753 4125 1083 4197 perficiunt;
1127 4133 1181 4180 et
1248 4124 1620 4193 unusquisque
1681 4121 1786 4176 Do-

200 4221 347 4275 mino
397 4220 639 4275 serviens
668 4220 735 4274 ad
764 4217 1116 4289 perfectionis
1158 4232 1423 4271 summam
1455 4214 1670 4269 venisse
1696 4229 1787 4268 co-

198 4319 506 4389 gnoscitur,
539 4317 585 4373 si
616 4316 789 4389 legale
813 4316 1139 4385 Decalogum
1157 4312 1432 4385 Evangelii
1450 4310 1786 4381 perfectione

198 4410 556 4482 suppleverit.
618 4408 843 4464 Constat
895 4408 1060 4462 etiam
1106 4407 1271 4461 homo
1333 4412 1589 4474 quatuor,
1642 4401 1787 4455 sicut

197 4502 439 4557 mundus
463 4500 766 4556 elementis.
803 4498 870 4554 Et
900 4498 1158 4569 quoniam
1183 4494 1510 4565 Decalogum
1531 4492 1669 4564 legis
1689 4506 1787 4564 per

197 4594 369 4650 multa
403 4592 852 4665 transgredimur,
891 4605 1115 4647 necesse
1161 4596 1245 4645 est
1281 4597 1343 4643 ut
1385 4594 1577 4657 quater
1608 4585 1787 4642 decies
1812 4575 1867 4635 D

197 4685 309 4744 nos
327 4685 618 4758 affligendo
646 4686 966 4742 delictorum
1002 4685 1218 4739 veniam
1251 4695 1672 4753 consequamur.

268 4780 404 4837 Haec
432 4781 598 4852 igitur
625 4794 789 4835 causa
812 4787 895 4834 est
941 4793 1039 4833 cur
1060 4777 1328 4848 placuerit
1378 4774 1647 4830 Romanis
1694 4787 1786 4828 seu

196 4876 415 4932 Latinis
436 4872 689 4946 jejunare
710 4871 1072 4943 quadraginta
1097 4871 1214 4927 dies
1246 4880 1375 4925 ante
1402 4868 1645 4931 Pascha;
1670 4880 1794 4936 qua)

197 4984 322 5023 cum
375 4966 651 5037 religiosa,
690 4973 800 5019 tum
829 4962 944 5018 fore
990 4964 1218 5035 mystica
1246 4963 1650 5032 comprobatur,
1681 4959 1790 5015 sie-

196 5070 256 5114 ut
287 5060 544 5131 superius
573 5066 849 5114 ostensum
882 5065 984 5113 est.
1008 5056 1105 5112 Est
1152 5057 1316 5128 igitur
1359 5064 1414 5111 et
1447 5056 1564 5110 haec
1614 5067 1793 5124 repre-

196 5153 398 5210 hensio
450 5150 732 5224 jejunandi
779 5164 945 5219 super
999 5147 1462 5204 hebdomadarum
1508 5159 1792 5201 numerum

196 5256 330 5302 ante
383 5244 593 5299 Pascha
636 5251 693 5299 et
736 5240 957 5311 iniusta,
997 5250 1054 5297 et
1103 5239 1252 5296 nullo
1284 5239 1512 5296 rationis
1549 5238 1792 5308 pondere

197 5337 423 5393 suﬂ'ulta
456 5356 470 5391 :
510 5343 845 5408 quapropter
868 5349 968 5405 pro
1010 5333 1180 5390 nihilo
1219 5335 1487 5397 ducenda,
1522 5333 1623 5387 nisi
1650 5330 1791 5400 quod

196 5431 467 5494 charitas,
514 5445 635 5501 quae
689 5427 871 5485 omnia
917 5424 1129 5493 suffert,
1176 5427 1319 5497 cogit
1363 5422 1687 5494 respondere
1716 5432 1793 5476 ta-

200 5519 370 5583 libus,
413 5535 534 5589 qua:
563 5527 759 5588 praeter
800 5518 1070 5573 rationem
1116 5515 1326 5585 objecta
1374 5514 1792 5585 deprehendun-

200 5621 329 5677 tur;
369 5622 638 5682 quatenus
686 5612 901 5683 cognita
948 5611 1185 5677 ratione,
1246 5609 1643 5680 reprehendere
1688 5624 1793 5662 non

276 5759 305 5787 ι
342 5744 535 5819 Capita
571 5758 703 5819 reste
744 5748 1067 5819 cooperient.
1110 5744 1316 5819 Locum
1339 5746 1485 5799 hunc
1508 5744 1666 5819 velim
1698 5758 1794 5797 ex-

201 5815 476 5890 pendan't,
506 5818 599 5891 qui
624 5819 691 5874 de
715 5817 1054 5874 vestimentis
1075 5816 1465 5875 monachorum
1493 5815 1791 5887 disputant.

1802 3144 1855 3245 ἀ

1897 1910 2286 1981 redargueutes
2331 1912 2459 1981 quid
2502 1912 2629 1967 hinc
2659 1913 2743 1968 vel
2786 1914 2840 1968 in
2883 1913 3033 1970 Novo
3061 1915 3143 1971 vel
3188 1917 3242 1972 in
3298 1915 3483 1976 Veteri

1894 1998 2244 2055 Testamento
2271 2010 2601 2073 praeceptum
2632 2005 2933 2074 reperiatur
2963 2023 2974 2062 :
3004 2014 3081 2073 et,
3114 2017 3173 2061 ut
3200 2008 3321 2078 plus
3350 2006 3484 2066 infe-

1894 2108 2034 2159 ram,
2061 2094 2189 2163 quid
2215 2094 2268 2148 in
2299 2095 2663 2164 apostolorum
2696 2098 2937 2168 scriptis,
2965 2099 3049 2154 vel
3080 2100 3480 2159 ecclesiastico.

1892 2201 2014 2240 rum
2066 2187 2376 2242 constitutis
2422 2190 2804 2260 magistrorum
2848 2191 2975 2246 hinc
3005 2207 3124 2248 esse
3157 2194 3483 2252 determina-

1894 2286 2007 2333 tum
2038 2277 2315 2334 insinuare
2344 2281 2610 2350 possunt?
2638 2281 2734 2336 Est
2759 2281 2903 2337 enim
2936 2282 3102 2351 istud,
3139 2286 3279 2341 sicut
3310 2295 3365 2342 et
3388 2303 3476 2344 re-

1892 2370 2035 2439 liqua
2092 2372 2297 2437 multa,
2351 2371 2685 2443 singularum
2729 2375 3102 2430 consuetudini
3156 2376 3474 2434 derelictum

1894 2463 2283 2530 Ecclesiarum,
2312 2451 2373 2519 ut
2417 2479 2515 2534 pro
2560 2475 2811 2535 respectu
2854 2465 3119 2536 majorum
3151 2469 3343 2540 capitis
3384 2483 3481 2526 co-

1891 2551 2059 2621 mam,
2090 2558 2202 2612 sive
2227 2557 2450 2612 barbam
2470 2597 2485 2623 ,
2510 2556 2597 2612 vel
2622 2558 2901 2623 nutriant,
2930 2558 3016 2614 vel
3042 2560 3319 2615 tondeant.
3342 2560 3481 2618 Aliis

1891 2650 2153 2719 siquidem
2180 2665 2297 2705 mos
2325 2650 2465 2705 inest
2492 2649 2716 2706 barbam
2742 2666 2836 2707 seu
2860 2660 3024 2722 caput
3048 2653 3273 2710 tondere
3303 2672 3317 2708 :
3343 2669 3481 2710 non-

1891 2741 2051 2795 nullis
2078 2756 2206 2795 vero
2230 2740 2455 2796 barbam
2484 2741 2701 2813 quidem
2730 2758 2838 2798 non
2879 2745 3122 2812 tondere,
3153 2754 3319 2817 caput
3343 2762 3479 2805 vero

1889 2830 2040 2884 crine
2071 2839 2241 2884 totum
2271 2830 2476 2886 nudare
2513 2848 2526 2884 :
2558 2832 2830 2888 nonnullis
2852 2842 3032 2890 autem
3074 2834 3254 2906 placet
3284 2834 3479 2893 faciem

1888 2918 2011 2989 pilis
2041 2921 2293 2975 omnibus
2335 2920 2586 2991 spoliare,
2622 2922 2884 2978 verticem
2926 2924 3123 2997 capitis
3161 2926 3478 2998 capillorum

1891 3012 2135 3066 tonsione
2164 3013 2465 3082 detergere,
2500 3012 2687 3069 relicta
2716 3016 3033 3085 capillorum
3062 3027 3218 3088 parte
3247 3035 3367 3089 qua:
3396 3020 3478 3076 in-

1891 3114 1975 3160 ter
2012 3106 2195 3160 nudati
2233 3107 2454 3162 verticis
2491 3115 2674 3178 partes
2716 3117 2772 3163 et
2812 3117 3055 3182 tempora
3099 3112 3365 3169 consistit.
3407 3113 3481 3169 At

1889 3214 2019 3254 vero
2048 3200 2263 3269 quidam
2295 3200 2520 3254 barbam
2555 3217 2660 3255 non
2688 3202 3005 3269 attondent,
3043 3214 3208 3275 caput
3243 3221 3372 3261 vero
3411 3220 3479 3262 ex

1889 3299 2045 3360 parte
2081 3291 2320 3354 tondent,
2350 3298 2404 3346 et
2427 3292 2713 3347 detonsum
2753 3304 3000 3365 ex-parte
3030 3296 3359 3368 relinquunt.
3385 3298 3481 3355 Est

1891 3382 2108 3451 quidem
2140 3383 2241 3438 iste
2281 3382 2600 3439 clericorum
2635 3385 2853 3441 habitus
2892 3402 2999 3441 non
3030 3388 3314 3446 uniformis
3339 3406 3476 3446 cun-

1891 3476 1994 3530 etis
2030 3476 2293 3542 ecclesiis,
2324 3475 2418 3530 sed
2448 3492 2546 3546 pro
2583 3479 2973 3535 consuetudine
3005 3478 3270 3550 majorum
3299 3482 3480 3538 varius

1890 3575 2054 3638 atque
2101 3567 2379 3634 diversus;
2418 3583 2519 3624 nec
2549 3569 2675 3624 hinc
2701 3569 2993 3640 aliquando
3034 3571 3178 3628 inter
3215 3573 3478 3632 ecclesias

1889 3663 1975 3718 vel
2003 3663 2403 3729 Occidentales,
2441 3663 2524 3717 vel
2560 3663 2868 3721 Orientales
2895 3667 3173 3723 contentio
3206 3678 3332 3724 nata
3368 3677 3475 3736 est,

1890 3756 1983 3812 sed
2010 3763 2297 3811 tenuerunt
2326 3756 2548 3827 singulae
2577 3757 2718 3826 quod
2745 3758 2858 3813 suis
2895 3774 2925 3812 a
2969 3758 3268 3828 majoribus
3293 3776 3479 3817 susce-

1858 3850 2050 3923 pere;
2101 3849 2186 3904 vel
2240 3850 2381 3919 quod
2437 3850 2836 3920 provinciarum
2882 3867 3012 3907 usus
3050 3852 3233 3924 potius
3282 3869 3479 3925 appro-

1887 3941 2052 3997 bavit.

1961 4033 2256 4105 Redarguit
2282 4035 2562 4105 apostolus
2608 4034 2807 4092 Paulus
2841 4037 3151 4094 Corinthios
3188 4040 3333 4110 quod
3373 4040 3477 4097 viri

1890 4128 2106 4200 quidem
2130 4127 2212 4183 vel
2238 4144 2447 4183 comam
2477 4130 2819 4194 nutriebant,
2858 4130 2940 4185 vel
2971 4132 3147 4204 capita
3178 4133 3473 4200 volabant;

1890 4218 2147 4274 mulieres
2174 4229 2353 4273 autem
2384 4234 2485 4274 nec
2508 4221 2688 4290 capita
2718 4220 2992 4287 velabanl,
3021 4238 3125 4277 uec
3144 4238 3353 4277 comam
3379 4239 3478 4277 nu-

1890 4309 2145 4364 triebant.
2210 4307 2340 4376 Quae
2387 4309 2723 4366 consuetudo
2772 4308 2896 4380 jure
2948 4311 3367 4383 reprehenditur
3410 4314 3478 4368 ab

1893 4402 2188 4475 Apostolo;
2217 4403 2474 4474 quoniam
2497 4404 2595 4460 etsi
2611 4403 2909 4461 Corinthiis
2926 4405 3210 4462 videbatur
3233 4404 3482 4476 probabi-

1889 4498 1977 4565 lis,
2006 4507 2215 4553 naturae
2245 4506 2426 4554 tamen
2446 4498 2742 4570 apparebat
2769 4499 3180 4556 inconveniens.
3207 4499 3277 4554 Et
3302 4514 3402 4555 cur
3424 4499 3480 4555 id

1891 4591 2325 4663 reprehenderit,
2372 4606 2593 4647 causam
2624 4590 2903 4647 evidenter
2941 4592 3197 4658 ostendit,
3245 4591 3431 4647 dicens
3461 4607 3475 4645 :

1904 4680 1999 4736 Vir
2033 4682 2244 4751 quidem
2274 4698 2378 4735 non
2424 4681 2571 4736 debet
2618 4680 2785 4736 velare
2825 4691 2980 4752 caput
3009 4698 3186 4747 suum,
3230 4682 3478 4752 quoniam

1893 4775 2067 4844 imago
2092 4784 2138 4827 et
2166 4774 2334 4845 gloria
2359 4773 2453 4827 Dei
2480 4782 2554 4827 est
2585 4772 2635 4844 (I
2659 4771 2782 4827 Cor.
2812 4790 2890 4837 ιι,
2926 4772 3000 4843 7).
3025 4771 3136 4829 Cur
3158 4783 3340 4829 autem
3366 4788 3481 4830 mtt-

1896 4867 1994 4922 lier
2034 4867 2227 4921 debeat
2267 4865 2350 4920 vel
2386 4881 2599 4921 comam
2650 4866 2882 4931 nutrire,
2932 4864 3017 4920 vel
3063 4875 3227 4936 caput
3272 4866 3478 4932 velare,

1899 4975 2121 5015 causam
2161 4958 2413 5013 similiter
2441 4958 2653 5023 edocet,
2684 4958 2869 5013 dicens
2899 4976 2910 5011 :
2938 4958 3097 5014 Debet
3124 4959 3313 5014 mulier
3337 4971 3483 5032 pote—
3531 4999 3534 5003 η

1907 5064 2093 5108 atatem
2138 5053 2327 5107 habere
2372 5068 2529 5123 super
2567 5061 2721 5123 caput
2766 5061 2977 5123 propter
3024 5052 3235 5123 angelos
3288 5051 3479 5124 (Ibid.,

1900 5145 2013 5217 20).
2043 5143 2180 5200 Hinc
2208 5144 2372 5216 igitur
2397 5144 2746 5215 considerent
2768 5143 2952 5201 clerici
2979 5145 3073 5216 qui
3103 5129 3332 5202 barbam
3359 5148 3482 5219 qui-

1901 5239 2023 5294 dem
2049 5237 2371 5303 nutrientes,
2408 5245 2466 5293 at
2500 5251 2631 5293 vero
2657 5244 2820 5308 caput
2846 5236 3063 5307 penitus
3099 5237 3308 5310 capillis
3332 5239 3482 5295 omni

1900 5349 1966 5389 ex
1998 5341 2149 5404 parte
2179 5331 2400 5396 nudant,
2438 5340 2493 5386 et
2520 5331 2606 5386 vel
2621 5322 2732 5387 vim
2752 5331 2972 5405 frigoris
3001 5331 3085 5387 vel
3118 5332 3315 5389 caloris
3338 5333 3483 5390 ferre

1901 5440 2006 5480 non
2057 5422 2318 5486 valentes,
2358 5422 2443 5477 vel
2473 5422 2651 5492 potius
2691 5422 2997 5493 hujusmodi
3045 5422 3517 5494 deturpationem.

1900 5518 2118 5573 habitus
2140 5524 2415 5586 utcunque
2429 5516 2606 5571 celare
2621 5516 2890 5583 volentes,
2914 5517 3093 5588 capita
3121 5527 3269 5573 veste
3289 5533 3487 5589 coope-

1901 5610 2073 5664 riunta
2091 5651 2105 5675 ,
2130 5626 2196 5664 an
2220 5617 2407 5665 contra
2425 5618 2749 5680 praeceptum
2766 5609 3116 5681 apostolicum
3134 5611 3319 5667 venire
3331 5627 3483 5667 com-

1898 5740 2032 5796 Nam
2065 5757 2186 5796 cum
2214 5754 2419 5795 morem
2444 5756 2633 5796 eorum
2663 5741 2754 5811 qui
2780 5743 2958 5811 capita
2985 5740 3205 5806 radunt,
3246 5757 3311 5796 ac
3341 5749 3488 5795 veste

1898 5814 2216 5884 cooperiunt
2235 5811 2488 5884 redargui
2516 5818 2788 5884 utcunque
2814 5827 2973 5886 posse
2995 5820 3214 5876 moneat
3236 5812 3486 5868 Ratrantw
