4026 6346
560 299 670 373 δεῖ,
874 284 883 291 λ
1610 253 1975 340 [tunsum
2013 266 2465 338 CORBEIENSIS
2504 275 2812 334 nomen!
3698 282 3785 359 sui,

564 411 884 485 probentur.
933 406 1213 479 Siquidem
1263 417 1462 479 negare
1523 415 1628 455 non
1683 408 1910 470 possunt
1962 405 2147 452 contra
2178 400 2227 458 Α
2255 391 2515 469 ﬁgurant.
2574 403 2673 461 per
2722 403 2887 460 quam
2939 388 3272 447 sacerdotale
3332 387 3495 448 decus
3536 391 3771 453 insinuant

564 482 889 563 sententiam
938 500 1090 556 Pauli
1140 513 1197 553 se
1258 496 1438 551 facere
1494 492 1728 547 dicentis
1778 511 1789 544 :
1845 489 2028 544 Omnis
2083 490 2161 544 vir
2264 482 2434 539 Porro
2466 485 2672 557 reliqua
2693 503 2822 558 pars
2847 488 3167 559 capillorum
3191 497 3354 559 caput
3377 488 3623 557 ambiens,
3646 508 3789 575 neque

566 613 761 687 orans,
801 594 877 651 vel
906 592 1220 666 prophetans
1262 586 1429 643 velato
1475 585 1664 656 capite,
1709 584 1952 652 deturpat
2005 589 2158 651 caput
2266 589 2444 634 tamen
2465 581 2725 637 verticem
2757 582 3100 654 contingens,
3129 581 3361 652 speciem
3395 588 3597 638 coronas
3630 578 3790 655 repre-

566 664 723 743 iuum
744 664 939 759 i(lbid.,
968 682 1044 752 4).
2260 679 2465 737 sentat,
2498 688 2604 743 qua
2635 673 2834 744 regalis
2873 674 3109 745 dignitas
3139 680 3461 729 ostentatur.
3502 671 3587 730 Sic
3609 683 3792 748 utraque

640 778 755 833 Non
787 778 887 831 ista
930 773 1163 828 dicimus
1210 784 1320 842 quo
1366 767 1553 827 forsan
1599 765 1763 821 talem
1813 763 2158 820 consuetudi-
2265 761 2366 817 bac
2393 764 2573 834 specie
2596 764 3159 836 regalesacerdotium
3187 764 3514 836 designatur.

569 886 693 927 nem
741 866 1139 943 reprehendere
1190 850 1445 918 malimus
1476 879 1491 915 :
1526 859 1729 916 scimus
1768 857 1913 912 enim
1955 864 2011 910 et
2058 855 2159 909 hu-
2332 853 2583 911 Christus
2635 858 2801 911 etiam
2833 874 2929 912 rex
2959 866 3012 911 et
3066 856 3324 911 sacerdos
3350 857 3671 927 exprimitur,
3695 875 3793 930 pro-

558 959 796 1035 jusmodi
823 957 1065 1012 habitum
1113 953 1437 1009 humilitatis
1477 966 1598 1006 esse
1642 948 1935 1017 indicium;
1963 945 2056 1001 sed
2095 951 2158 999 ut
2260 944 2424 1016 pheta
2457 945 2784 1001 testiﬁcante
2822 965 2834 1001 :
2869 946 3130 1021 Dominus
3161 946 3345 1018 legifer
3366 956 3555 1012 noster,
3583 947 3795 1004 Dominus

568 1033 881 1107 maneamus
930 1044 1244 1103 Graecorum
1282 1044 1640 1114 imperatores
1682 1054 1714 1095 e
1747 1038 1926 1094 vicino
1954 1038 2158 1093 habere
2262 1033 2378 1089 Rea:
2428 1046 2607 1091 noster
2653 1036 2788 1108 (Isa.
2822 1054 2905 1104 ut,
2939 1035 3059 1108 ‘22).
3098 1037 3231 1093 ltem
3266 1035 3468 1107 :Reges
3490 1053 3571 1092 eos
3598 1039 3645 1091 in
3680 1041 3795 1111 virga

566 1143 708 1213 quod
761 1126 976 1212 possint
1028 1139 1116 1194 vel
1145 1139 1489 1209 redarguere,
1547 1133 1633 1190 vel
1684 1131 2008 1197 emendare;
2057 1145 2159 1186 nec
2261 1127 2434 1198 ferrea
2468 1127 2642 1201 (Psal.
2677 1146 2741 1198 ιι,
2772 1131 2853 1203 9).
2886 1130 3042 1199 Quod
3078 1140 3262 1185 autem
3287 1130 3538 1186 sacerdos
3561 1129 3643 1196 sit,
3669 1115 3807 1203 Ρίῖιειιτ

506 1298 511 1303 η
566 1233 723 1303 longe
744 1231 951 1303 positos
976 1230 1058 1285 vel
1089 1228 1365 1284 Romanos
1394 1227 1480 1285 vel
1512 1225 1739 1281 Latinos
1761 1222 1951 1279 leviter
1976 1238 2158 1294 repre-
2262 1216 2403 1273 Filio
2428 1219 2773 1285 testiﬁcatur,
2815 1222 3001 1276 dicens
3028 1235 3043 1273 :
3077 1219 3155 1273 Tu
3177 1237 3230 1275 es
3252 1222 3495 1275 sacerdos
3516 1220 3568 1274 in
3591 1229 3797 1277 wternun

567 1322 845 1378 hendant:
886 1321 977 1392 qui
1015 1321 1060 1375 si
1102 1320 1297 1374 radant
1322 1319 1570 1383 barbam,
1601 1331 1817 1372 comam
1847 1326 2027 1370 tamen
2058 1329 2159 1371 nec
2261 1311 2551 1364 secundum
2580 1311 2817 1365 ordinem
2848 1309 3231 1366 Melchisedech
3261 1308 3433 1381 (Psal.
3476 1327 3579 1377 cu,
3627 1312 3696 1385 4).
3721 1315 3799 1386 lgi-

568 1414 838 1479 nutriunt,
894 1427 995 1467 nec
1048 1420 1210 1481 caput
1240 1409 1325 1465 vel
1365 1410 1773 1480 prophetautes,
1826 1407 1909 1462 vel
1937 1416 2157 1463 orantes
2264 1405 2349 1450 llll‘
2401 1398 2515 1453 Sive
2552 1398 2755 1454 Christi
2819 1401 3183 1473 sacerdotium
3234 1411 3396 1472 atque
3442 1403 3610 1474 regale
3646 1404 3800 1462 solium

566 1502 1188 1559 velantzlicethabeant
1212 1501 1266 1556 in
1293 1511 1603 1556 sanctarum
1626 1499 1952 1554 auctoritate
1977 1496 2160 1568 Scrip—
2261 1486 2447 1577 clerici
2490 1488 2808 1545 Latinorum
2860 1490 3172 1563 signiﬁcare
3220 1492 3484 1559 volentes,
3539 1492 3800 1565 huiusmodi

570 1593 815 1652 mmmm
854 1594 998 1651 unde
1049 1602 1203 1648 Suam
1237 1592 1684 1648 consuetudinem
1716 1591 1919 1660 optime
1973 1587 2156 1644 dere".
2262 1572 2486 1633 Schema
2529 1580 2705 1650 capite
2736 1591 2999 1651 gestant':
3034 1582 3151 1641 sive
3177 1584 3322 1653 quod
3349 1584 3524 1639 omnis
3543 1582 3802 1641 Christiana

571 1686 719 1742 dant.
748 1685 815 1741 Et
838 1685 891 1741 in
917 1684 1100 1741 Veteri
1123 1671 1341 1754 quidem
1366 1681 1714 1738 Testamento
1742 1680 2003 1736 Nazareis
2028 1696 2157 1735 con-
2261 1670 2411 1724 natio
2433 1671 2579 1740 regia
2603 1671 2763 1726 simul
2796 1682 2960 1742 atque
2983 1675 3309 1730 sacerdotali
3331 1676 3584 1748 dignitate
3605 1679 3804 1747 praemi.

572 1780 798 1835 suetudo
826 1777 1100 1843 manebat,
1150 1785 1209 1831 ut
1261 1776 1689 1832 consecrationis
1736 1783 1947 1846 tempus
1982 1775 2156 1830 adim-
2188 1767 2234 1827 Β
2263 1770 2413 1829 neat,
2446 1764 2540 1820 tali
2591 1765 2773 1836 specie
2821 1767 3132 1840 designant.
3179 1767 3240 1823 In
3272 1768 3432 1826 faciei
3465 1786 3587 1827 vero
3614 1770 3805 1827 denuda-

570 1871 785 1947 plentes
809 1879 972 1941 caput
996 1878 1053 1925 et
1076 1869 1301 1926 barbam
1329 1870 1601 1936 raderent,
1624 1878 1679 1924 et
1705 1870 1757 1923 in
1787 1870 1965 1941 ignem
1990 1868 2162 1924 sacri-
2269 1856 2415 1912 tione
2457 1856 2639 1913 cordis
2680 1858 2977 1916 ostendunt
3024 1860 3342 1931 puritatem,
3392 1861 3520 1916 illud
3566 1862 3807 1919 innuentes

574 1961 683 2018 licii
718 1970 985 2031 ponerent
1026 1974 1041 2014 :
1086 1960 1192 2015 hoc
1232 1960 1623 2032 significantes,
1677 1961 1824 2030 quod
1858 1974 1965 2016 non
1989 1958 2162 2014 solum

2267 1948 2649 2018 apostolicum,
2691 1950 2782 2004 ubi
2812 1950 2890 2005 ait
2923 1970 2934 2003 :
2975 1948 3089 2005 Nos
3118 1961 3296 2007 autem
3328 1952 3547 2008 revelata
3571 1954 3691 2023 [acie
3722 1953 3806 2024 glo-

573 2064 751 2121 actus,
797 2068 987 2108 verum
1041 2052 1209 2107 etiam
1248 2067 1437 2107 omnes
1470 2051 1740 2122 cogitatus
1778 2065 1906 2107 suos
1936 2050 2164 2105 Domino
2270 2041 2405 2095 riam
2431 2040 2644 2097 θοηιὺιί
2674 2043 3095 2114 speculantes,“
3120 2045 3360 2099 eamdem
3384 2046 3650 2117 imaginem
3672 2056 3808 2101 ιηηε·

573 2155 977 2205 consecrarent.
1025 2143 1162 2200 Hinc
1192 2144 1464 2200 Ezechieli
1504 2145 1781 2214 propheta:
1810 2157 1991 2199 sermo
2031 2142 2167 2196 divi-
2267 2133 2563 2203 formantur
2604 2133 2688 2206 (II
2722 2134 2845 2189 Cor.
2882 2151 2965 2204 ut,
3026 2136 3137 2208 18).
3171 2136 3370 2193 Facies
3397 2139 3540 2194 enim
3567 2139 3733 2209 capitis
3749 2137 3808 2193 la-

570 2232 676 2298 nus
697 2239 937 2311 loquitur
971 2255 985 2292 :
1015 2237 1082 2292 Et
1137 2246 1215 2303 tu,
1258 2235 1339 2306 ﬁli
1368 2235 1613 2301 hominis,
1641 2252 1787 2290 sume
1811 2234 1905 2288 tibi
1930 2233 2164 2306 gladium
2271 2224 2410 2279 ciem
2436 2225 2617 2280 cordis
2648 2226 2923 2282 insinuat:
2952 2229 3094 2283 sicut
3123 2229 3273 2285 enim
3312 2238 3474 2300 caput
3500 2246 3593 2285 arx
3621 2238 3695 2286 est
3717 2244 3808 2285 cor-

575 2343 814 2399 acutum,
872 2330 1142 2386 radentem
1189 2329 1367 2400 pilos;
1409 2345 1681 2384 assumens
1708 2345 1849 2394 eum,
1885 2328 2042 2381 duces
2075 2341 2168 2397 per
2271 2315 2375 2383 dis.
2416 2317 2497 2372 Sic
2526 2332 2682 2373 mens
2718 2318 2996 2386 ι1061000.
3028 2336 3149 2392 quae
3179 2336 3280 2377 001‘
3306 2322 3614 2394 appellauit“,
3655 2323 3808 2377 illim

574 2436 729 2496 caput
756 2433 904 2478 tuum
926 2434 973 2476 et
1031 2420 1247 2475 barbam
1291 2430 1438 2475 tuam
1478 2419 1697 2491 (Ezech.
1744 2434 1799 2485 v,
1848 2418 1922 2490 l).
1966 2417 2166 2472 Fuerat
2271 2409 2486 2465 culmen
2536 2411 2764 2467 existit:
2803 2413 2963 2469 debet
3009 2417 3151 2469 enim
3183 2416 3355 2473 facies
3383 2417 3556 2472 cordis
3576 2416 3810 2488 cogitatio-

573 2515 718 2571 enim
743 2512 999 2571 sacerdos
1026 2526 1132 2566 non
1154 2511 1401 2566 extranei
1427 2510 1662 2583 generis,
1686 2510 1779 2565 sed
1811 2508 1877 2565 de
1908 2508 2183 2564 sacerdo-.
2275 2503 2438 2560 nibus
2485 2506 2720 2562 terrenis
2757 2504 2962 2577 iugiter
2995 2508 3235 2577 spoliari,
3266 2509 3500 2580 qualiter
3530 2524 3657 2580 puro
3677 2509 3809 2563 since-

578 2605 671 2661 tali
702 2606 944 2677 germine
972 2612 1296 2677 procreatus
1330 2621 1343 2657 :
1371 2603 1515 2659 unde
1547 2602 1845 2658 secundum
1876 2609 2169 2657 consuetu—
2280 2611 2451 2666 roque
2481 2606 2776 2669 conspectu
2804 2599 3033 2669 gloriam
3061 2599 3280 2655 Domini
3309 2600 3480 2670 possit
3499 2598 3810 2671 speculari,et

578 2697 761 2752 dinem
809 2694 1190 2750 Nazaraeorum
1242 2694 1436 2750 radere
1485 2693 1776 2749 mandatur
1818 2703 1873 2749 et
1919 2699 2081 2764 caput
2116 2700 2172 2747 et
2278 2689 2332 2744 in
2378 2703 2498 2744 eam
2529 2703 2629 2759 per
2679 2691 3158 2762 contemplationis
3199 2693 3432 2763 gratiam
3468 2688 3807 2746 transformari.

579 2788 829 2847 barbam.
861 2789 921 2843 In
969 2788 1331 2860 apostolorum
1368 2787 1597 2844 Actibus
1627 2802 1841 2859 quoque
1888 2787 2169 2853 scribitur,
2345 2781 2544 2838 Beatus
2586 2797 2802 2854 quoque
2838 2782 3036 2840 Petrus
3071 2784 3376 2855 apostolus,
3430 2799 3628 2840 necnon
3667 2791 3714 2837 et
3741 2780 3809 2835 alii

579 2877 824 2936 Priscam
855 2888 910 2934 et
929 2879 1200 2949 Aquilam,
1231 2877 1448 2934 Judaaos
1474 2878 1528 2933 in
1557 2877 1835 2934 Christum
1863 2876 2170 2944 credentes,
2274 2874 2461 2948 plures
2500 2883 2611 2931 tam
2665 2875 2731 2931 de
2776 2892 3003 2932 numero
3049 2875 3445 2947 apostolorum,
3493 2890 3645 2947 quam
3682 2873 3810 2933 etiam

582 2971 640 3029 in
667 2970 930 3027 Cenchris
963 2980 1128 3041 caput
1161 2970 1264 3044 sibi
1298 2970 1595 3027 tetendisse
1648 2989 1662 3025 :
1708 2971 1978 3027 habebant
2026 2972 2171 3027 enim
2275 2970 2341 3025 de
2407 2968 2608 3024 Christi
2663 2968 3088 3040 discipulorum,
3146 2962 3403 3041 leguntur
3464 2979 3519 3025 et
3566 2967 3738 3025 barbas
3772 2973 3813 3020 et

583 3071 791 3127 votum,
815 3062 960 3117 sicut
989 3069 1382 3132 consequenter
1402 3059 1681 3131 Scriptura
1711 3062 2000 3133 significat.
2030 3062 2098 3116 Et
2116 3062 2172 3117 in
2275 3062 2455 3133 capita
2521 3061 2742 3117 rasisse.
2785 3061 3064 3133 Siquidem
3114 3064 3217 3119 hoc
3268 3064 3450 3138 egisse
3499 3063 3699 3120 Petrum
3749 3060 3812 3131 ip-

586 3151 976 3225 Hierosolymis
1023 3152 1265 3208 seniores
1316 3152 1558 3223 apostolo
1603 3152 1770 3209 Paulo
1816 3153 2109 3224 loquuntur
2156 3143 2247 3209 :C
2279 3154 2393 3211 sius
2455 3153 2722 3225 hodieque
2777 3162 3049 3211 testantur
3102 3156 3391 3228 imagines,
3436 3172 3553 3228 quae
3579 3154 3661 3210 tali
3697 3152 3815 3209 sche-

589 3245 725 3302 Sunt
758 3246 907 3299 nobis
949 3245 1047 3300 viri
1083 3255 1344 3316 quatuor;
1381 3256 1554 3300 votum
1592 3246 1837 3301 habentes
1877 3263 2033 3318 super
2059 3264 2116 3303 se
2155 3263 2174 3305 :
2281 3258 2424 3305 mate
2445 3251 2715 3320 pictorum
2745 3260 2863 3306 arte
2894 3249 3216 3306 formantur.
3265 3248 3381 3306 Nec
3414 3256 3681 3321 propterea
3704 3243 3818 3301 Gra-

586 3338 668 3392 his
698 3337 998 3409 assumptis,
1034 3336 1307 3405 sanctiﬁca
1340 3346 1388 3390 te
1436 3353 1554 3390 cum
1602 3335 1725 3403 illis,
1761 3346 1807 3391 et
1838 3338 2077 3408 impende
2122 3338 2177 3394 in
2279 3358 2466 3399 corum
2495 3343 2650 3401 veriti
2678 3350 2807 3398 sunt
2833 3344 3315 3414 reprehensionem
3338 3343 3423 3411 vel
3447 3340 3730 3413 Apostolus,
3753 3332 3817 3393 vel

585 3428 693 3484 illis
723 3438 777 3483 ut
803 3429 993 3483 radunt
1034 3428 1230 3500 capita,
1256 3437 1304 3482 et
1339 3428 1499 3483 scient
1524 3444 1700 3483 omnes
1726 3431 1850 3500 quia
1878 3447 1997 3501 qua?
2028 3432 2091 3485 de
2128 3442 2178 3487 te
2281 3435 2476 3504 reliqui
2516 3434 2719 3491 Christi
2749 3436 3157 3505 discipulorum,
3197 3436 3400 3507 quibus
3444 3450 3549 3491 non
3593 3427 3818 3504 displicuit

588 3521 869 3576 audierunt
914 3520 1051 3591 falsa
1081 3529 1226 3584 sunt,
1257 3519 1347 3575 sed
1378 3518 1618 3573 ambulas
1658 3530 1707 3574 et
1744 3522 1851 3592 ipse
1878 3524 2178 3579 custodiens
2282 3527 2584 3581 istiusmodi
2613 3526 2856 3582 habitum
2893 3527 2997 3583 sibi
3032 3542 3335 3584 assumere.
3376 3527 3585 3583 Etcum
3611 3537 3702 3580 nec
3721 3529 3818 3587 ante

589 3609 753 3682 legem
780 3610 920 3683 (Aet.
955 3627 1067 3677 xxx,
1092 3609 1183 3675 23,
1213 3611 1328 3682 24).
1360 3610 1426 3664 Et
1454 3609 1617 3679 paulo
1640 3620 1764 3680 post
1799 3630 1811 3665 :
1852 3610 1995 3665 Tune
2027 3611 2176 3666 Pau-
2281 3617 2483 3687 legem,
2526 3632 2626 3672 nec
2666 3626 2789 3688 post
2824 3618 3174 3690 Evangelium
3209 3620 3477 3677 hactenus
3520 3616 3818 3689 quiestiom

591 3703 674 3759 lus
696 3706 975 3774 assumptis
1006 3705 1154 3769 viris,
1186 3713 1391 3773 postera
1433 3704 1538 3769 die,
1569 3704 1882 3774 puriﬁcatus
1919 3722 2035 3758 cum
2071 3704 2177 3773 illis
2284 3712 2421 3767 hanc
2444 3711 2639 3781 aliquis
2669 3712 2978 3778 intenderir,
3002 3714 3238 3770 viderim,
3258 3714 3674 3772 earumearum
3692 3711 3821 3779 impe-

589 3798 801 3853 intravit
839 3797 891 3851 in
922 3796 1203 3867 templum,
1246 3796 1567 3849 annuntians
1605 3795 1946 3865 expletionem
1972 3797 2177 3850 dierum
2284 3812 2496 3858 ratores
2525 3804 2924 3874 reprehendere
2946 3806 3262 3874 moliantur,
3281 3809 3427 3880 quod
3442 3798 3820 3878 reprehensionis

587 3887 974 3959 puriﬁcationis
1026 3886 1224 3957 (Ibid.,
1273 3886 1386 3958 26).
1430 3885 1583 3941 Hunc
1619 3902 1826 3941 morem
1893 3895 2181 3955 sequentes
2285 3894 2571 3951 calumnia:
2607 3896 2891 3965 subjaeere
2943 3912 3284 3969 nequaquam
3343 3900 3534 3955 merito
3578 3895 3744 3968 possit.
3777 3888 3821 3947 Si

592 3983 774 4038 clerici
800 3982 1187 4045 Romanorum,
1214 3982 1297 4036 vel
1321 3991 1637 4038 cunctarum
1662 3981 1777 4038 fere
1806 3997 1899 4053 per
1920 3983 2182 4040 Occiden-
2285 3985 2430 4039 enim
2466 3983 2691 4041 barbam
2741 3986 2963 4043 tondere
2988 3998 3271 4057 peccatum
3301 3998 3389 4046 est
3425 3988 3650 4060 aliquod,
3676 3983 3744 4039 vel
3766 3979 3823 4035 dir

592 4083 703 4131 tem
736 4073 1125 4138 Ecclesiarum,
1156 4074 1353 4129 barbas
1386 4075 1607 4140 radunt,
1639 4084 1691 4128 et
1716 4076 1891 4145 capita
1924 4077 2179 4143 tondent,
2286 4077 2423 4132 vina:
2465 4075 2600 4145 legis
2652 4076 2759 4131 ulla
2810 4081 3197 4148 transgressio,
3245 4078 3437 4136 dicant
3482 4096 3583 4135 cur
3606 4076 3822 4149 propheta

592 4165 825 4221 formam
851 4164 1180 4236 accipientes
1209 4175 1316 4220 tam
1349 4167 1417 4221 ab
1443 4168 1524 4221 eis
1554 4169 1645 4238 qui
1678 4168 1730 4222 in
1761 4166 1942 4224 Veteri
1987 4168 2180 4223 Testa-
2288 4167 2527 4222 Domino
2547 4168 2772 4237 jubentc
2800 4170 3027 4225 barbam
3059 4172 3289 4238 raserit;
3339 4187 3437 4229 cur
3466 4170 3715 4227 Nazaraeis
3745 4164 3824 4220 istc

594 4267 778 4314 mento
799 4256 1045 4312 Nazaraai
1081 4258 1420 4324 dicebantur,
1448 4274 1609 4329 quam
1634 4258 1702 4313 ab
1727 4259 1807 4314 eis
1835 4261 1927 4330 qui
1950 4260 2002 4314 in
2033 4259 2183 4315 Novo
2288 4274 2405 4314 mos
2424 4259 2726 4325 exstiterit;
2764 4276 2862 4315 cur
2892 4262 3125 4334 denique
3151 4264 3386 4334 apostoli
3417 4265 3553 4321 hanc
3589 4266 3824 4318 consuetu-

595 4347 951 4406 Testamento
986 4347 1113 4403 talia
1155 4348 1347 4404 fecisse
1382 4349 1655 4420 leguntur.
1693 4348 1798 4404 Sed
1832 4366 1938 4403 non
1968 4350 2184 4421 penitus
2290 4350 2471 4406 dinem
2521 4366 2624 4406 non
2661 4353 3062 4409 exhorruerint.
3104 4354 3213 4410 Sed
3263 4356 3394 4415 huic
3424 4350 3822 4427 appositionisu:

595 4443 806 4515 capillis
828 4442 1008 4514 capita
1035 4442 1265 4506 nudant,
1294 4457 1480 4497 verum
1505 4458 1606 4513 pro
1628 4452 1783 4512 parte
1814 4442 2183 4513 signiﬁcantes
2214 4506 2256 4515 Α
2289 4441 2692 4510 persedcamus,
2738 4443 2995 4513 quoniam
3034 4460 3136 4500 nec
3166 4445 3394 4503 rationis
3431 4447 3622 4502 virtute
3658 4441 3824 4501 nixam.

597 4506 693 4590 tali
718 4506 997 4590 schemate
1025 4546 1132 4589 tam
1165 4532 1343 4606 regale
1365 4506 1551 4600 decus,
1574 4506 1739 4603 quam
1765 4506 1977 4606 insigne
2006 4551 2183 4592 sacer—
2211 4506 2264 4566 Β
2418 4506 2702 4606 gravitatis
2738 4506 2858 4591 eam
2885 4535 3062 4607 aliqua
3090 4537 3355 4610 dignitate
3373 4538 3637 4597 suffultam
3658 4527 3825 4601 conspi-

598 4626 795 4683 dotale.
831 4624 1111 4695 Siquidem
1145 4625 1364 4698 regibus
1413 4625 1686 4680 decusest
1713 4625 1988 4697 preprium
2021 4643 2180 4684 coro-
2291 4628 2466 4683 cimus
2496 4646 2509 4682 :
2540 4636 2594 4684 et
2620 4628 2721 4684 nisi
2752 4629 2930 4684 minus
2957 4631 3318 4700 prudentibus
3343 4633 3558 4703 subrepi
3596 4641 3737 4702 posse
3753 4636 3822 4679 ar-

596 4734 697 4774 nas
720 4718 771 4772 in
804 4717 981 4786 capite
1014 4715 1187 4783 ferre;
1216 4714 1499 4787 pontiﬁces
1521 4726 1703 4770 autem
1725 4717 1780 4772 in
1811 4717 2010 4788 templo
2038 4719 2183 4775 thia-
2289 4725 2638 4791 hitraremur,
2670 4726 2874 4781 nullam
2912 4741 2980 4782 ex
3016 4728 3120 4784 hoc
3151 4728 3269 4784 fieri
3299 4725 3659 4802 responsionis
3680 4722 3826 4791 displ-

599 4824 690 4866 ras
721 4810 922 4864 vertice
953 4808 1240 4879 portabant
1274 4827 1286 4861 :
1327 4815 1383 4863 et
1406 4808 1582 4863 thiara
1611 4809 1827 4879 quidem
1861 4811 2183 4883 hemisphae-
2291 4814 2733 4887 tationisjustius
2763 4820 3167 4876 decerneretur.

597 4901 666 4992 rii
704 4901 845 4974 gerit
885 4901 1332 4966 similitudinem;
1380 4915 1579 4957 corona
1609 4917 1737 4957 vero
1767 4903 1956 4959 circuli
1988 4920 2184 4977 gerens
2522 4901 2525 4903 ’
2913 4932 3143 4992 CAPUT
3173 4932 3260 4992 γι,

598 4991 829 5098 ligurem
872 5002 1034 5098 caput
1074 4992 1836 5098 assolet‘ambireiloquitur
1869 4997 2058 5098 beatus
2087 4997 2187 5054 Pe-
2290 5020 2574 5098 aqua,“
2616 5021 2926 5098 clericorum
2955 5037 3315 5098 pmpwmr
3350 5028 3594 5085 “mm
3628 5022 3823 5081 θηται,

599 5093 722 5141 trus
768 5085 1044 5156 apostolus
1088 5084 1486 5141 credentibus:
1526 5084 1630 5141 Vos
1660 5097 1835 5143 autem
1865 5090 1986 5145 estis
2023 5106 2187 5160 genus
2361 5090 2644 5175 Cretibatus
2696 5084 3005 5151 clericorum
3048 5084 3257 5170 legibus
3308 5084 3662 5165 ecclesiasticis
3709 5104 3825 5161 0‘“?

600 5177 839 5245 electum,
890 5176 1062 5248 regale
1099 5178 1453 5232 sacerdotium
1484 5177 1562 5251 -(I
1616 5177 1763 5235 Petr.
1815 5197 1875 5249 ιι,
1924 5181 2001 5253 9).
2035 5181 2188 5249 Quod
2361 5173 2514 5217 mm-
2746 5176 2751 5179 ’

602 5266 913 5340 signiﬁcare
942 5265 1184 5323 volentes
1224 5268 1409 5325 clerici
1438 5268 1835 5339 Romanorum,
1877 5273 1993 5328 sive
2041 5273 2189 5329 Lati-
2363 5276 2518 5334 Nunc
2545 5275 2675 5334 illud
2699 5278 3153 5338 considerandum
3201 5282 3349 5354 quod
3383 5283 3637 5355 objiciunt
3664 5276 3825 5335 ἣοωισ

602 5373 818 5426 norum,
862 5358 914 5414 in
947 5358 1169 5417 verticis
1210 5360 1507 5419 nudatione
1540 5364 1730 5420 thiarre
1779 5362 2189 5423 similitudinem
2293 5386 2393 5429 nos
2421 5372 2636 5443 nuptias
2682 5372 2960 5440 damnare,
3011 5375 3266 5446 quoniam
3307 5373 3630 5448 presbyteris
3664 5376 3825 5425 usum

606 5529 731 5605 nus,
756 5514 1112 5605 addaqueid
1143 5534 1203 5602 se
1234 5520 1582 5605 non'idcirco
1618 5522 1879 5605 scribere,
1905 5524 2191 5605 quod_mo-
2295 5531 2436 5605 apud
2459 5530 2679 5605 Latinos
2700 5540 3057 5605 usurpatum;
3084 5535 3235 5600 satis,
3266 5550 3383 5592 mea
3412 5534 3621 5605 quidem
3648 5532 3825 5605 senteuj

609 5601 723 5677 E93“
741 5585 911 5677 illi!!!
930 5585 1149 5677 limini)
1175 5590 1591 5677 ίξηρτρῒξεηιιιιπη
1627 5603 1800 5666 putet.
1828 5585 2186 5677 sédjurcrae-
2293 5585 2369 5655 u'a
2390 5641 2405 5667 ,
2427 5585 2669 5657 ostendit
2697 5585 2765 5658 iii
2777 5585 2867 5659 in;
2880 5585 3723 5677 ageam;Laecanium
3741 5603 3825 5677 quo

610 5656 686 5741 eis
737 5657 1076 5741 principibus
1134 5656 1407 5741 ostendat,
1452 5665 1593 5741 apud
1627 5656 1729 5720 'eos
1782 5656 2188 5741 nonnihilesse
2295 5656 3516 5741 nudc"utuniui',"ﬁibi.3}:iid§Qu;'sibi;
3541 5656 3684 5727 "usos
3739 5656 3826 5718 lion

609 5731 751 5798 quod
778 5731 1174 5800 reprehendere
1201 5731 1416 5790 facilius
1443 5731 1674 5804 possint,
1721 5750 1885 5805 quam
1915 5739 2059 5809 quod
2104 5746 2187 5795 est
2281 5740 2479 5798 .fuisse.
