4026 6346
199 326 313 384 ³ᾶῦ

1067 275 1383 376 ἐθχτιιΑ
1416 315 1829 375 οιυιεαοιὶωι
1868 306 2226 371 orrosm.
2265 344 2334 357 .-
2376 313 2507 370 LIB.
2546 312 2636 369 1v.

200 440 401 496 ducere
446 452 553 493 non
580 436 753 493 solum
786 451 892 491 non
941 436 1309 499 consentiunt,
1357 450 1545 488 verum
1579 433 1794 502 penitus
1821 439 1867 495 Α
1897 427 2015 479 dico
2062 426 2347 481 secundum
2391 425 2796 497 indulgentiam,
2840 440 2944 482 non
2988 429 3276 485 secundum
3322 433 3484 504 impee

200 530 553 589 interdicunt.
584 528 840 595 Quamvis
891 529 943 582 in
988 526 1200 582 caeteris
1259 525 1484 581 nimium
1536 525 1791 595 supersti-

199 627 325 684 tiosi
362 625 647 680 videantur
679 623 929 691 objectis,
954 622 1010 676 in
1049 622 1154 676 isto
1184 632 1364 676 tamen
1401 620 1485 675 vel
1515 619 1788 689 stupendi,

195 718 283 775 vel
308 717 521 774 dolendi
546 716 838 787 plurimum
874 715 1142 770 videntur.
1177 712 1437 782 Stupendi
1475 711 1710 781 quidem,
1744 709 1791 765 si

196 817 311 864 tam
336 816 467 862 sunt
488 820 519 861 a
544 804 824 877 sapientite
862 804 1068 859 lumine
1101 804 1314 869 remoti,
1345 818 1453 873 quo
1481 818 1587 857 non
1627 801 1789 857 intel-

195 901 370 973 ligant
396 897 672 954 Romanos
701 896 756 951 in
785 896 890 951 hoc
915 894 1061 950 facto
1083 909 1190 949 non
1219 893 1393 950 solum
1415 909 1520 948 non
1552 892 1793 963 culpabi-

196 990 278 1046 les
297 1002 585 1060 apparere,
607 1001 796 1045 verum
826 985 989 1040 etiam
1011 983 1385 1056 praedicabiles
1404 983 1631 1038 enitere.
1655 980 1792 1039 Nam

196 1078 548 1137 continentiae
570 1076 774 1133 bonum
811 1084 867 1131 et
901 1076 1169 1132 castitatis
1196 1073 1404 1143 insigne
1440 1081 1549 1129 tam
1578 1080 1793 1130 constat

194 1184 318 1226 esse
345 1166 692 1239 praeclarum,
732 1166 977 1223 utetiam
1015 1166 1310 1238 gentilibus
1330 1166 1404 1221 sit
1428 1165 1787 1232 admirabile;

194 1268 249 1316 et
278 1259 335 1314 in
374 1257 521 1314 omni
562 1258 753 1313 ordine
788 1273 913 1313 cum
960 1257 1034 1314 sit
1068 1256 1433 1329 praedicabile,
1470 1264 1582 1312 turn
1610 1257 1795 1327 praeci-

194 1366 302 1423 pue
338 1350 397 1405 in
433 1350 828 1413 sacerdotibus,
864 1364 928 1405 ac
972 1349 1197 1420 reliquis
1222 1349 1365 1405 sacri
1396 1348 1587 1406 altaris
1632 1349 1793 1407 mini-

194 1448 360 1509 stris;
400 1459 537 1515 quos
573 1459 698 1500 cum
747 1442 971 1514 reliqua:
1005 1443 1236 1499 virtutes
1276 1441 1485 1499 faciunt
1529 1443 1791 1509 illustres,

190 1540 523 1597 illustriores
551 1547 728 1594 tamen
760 1536 995 1594 reddunt
1035 1533 1411 1593 sanctimoniae
1434 1536 1709 1608 splendor,
1739 1538 1795 1592 et

193 1628 467 1685 castitatis
491 1628 660 1686 decus
699 1627 996 1700 egregium.
1026 1625 1250 1683 Doleudi
1286 1641 1416 1683 vero
1454 1636 1601 1692 sunt,
1631 1628 1685 1683 si
1706 1636 1792 1683 ta-

194 1720 264 1776 lia
299 1736 429 1777 cum
479 1721 753 1786 noverint,
795 1720 1059 1777 adversus
1098 1721 1487 1778 conscientiam
1513 1724 1791 1794 propriam

1898 520 2035 572 rium
2081 516 2272 584 (Ibid.,
2313 518 2390 589 6).
2413 517 2510 572 Cui
2556 518 2805 588 protinus
2850 519 3118 590 subjecit:
3156 519 3283 576 Volo
3308 534 3483 580 autem

1896 624 2072 665 omnes
2103 607 2337 662 homines
2357 625 2468 662 esse
2492 610 2625 663 sicut
2648 611 2925 680 meipsum,
2953 620 3008 667 et
3036 612 3262 684 reliqua.
3278 614 3485 683 Quibus

1894 700 2182 755 manifeste
2209 699 2477 770 signiﬁcat
2512 716 2570 756 se
2601 701 2841 763 caelibem
2876 717 3020 769 esse,
3047 720 3150 760 nec
3181 707 3367 763 umris
3394 723 3485 763 co-

1895 791 2020 864 pula
2054 792 2307 847 detineri.
2360 791 2499 847 Hinc
2527 792 2655 848 alibi
2688 794 2915 850 scribit:
2962 794 3045 852 An
3098 814 3200 852 non
3233 799 3485 855 habemus

1894 895 2204 956 potestatem
2255 902 2490 940 sororem
2531 887 2800 942 mulierem
2840 890 3264 964 circumducendi
3319 891 3483 964 (Ibid.

1895 990 1973 1041 rx,
2000 976 2094 1049 5)?
2116 976 2172 1031 lu
2202 991 2307 1046 qua
2334 992 2394 1031 re
2419 977 2624 1032 socium
2656 978 2757 1033 sibi
2787 960 3087 1036 Barnabani
3113 981 3229 1038 fore
3256 960 3362 1039 non
3390 986 3489 1040 ab-

1898 1075 2083 1138 negat,
2110 1067 2299 1124 dicens
2324 1086 2337 1122 :
2371 1067 2453 1122 An
2501 1084 2594 1138 ego
2617 1077 2666 1122 et
2694 1067 2974 1124 Barnabas
3017 1070 3153 1126 hanc
3183 1083 3488 1144 potestatem

1896 1175 2001 1237 non
2031 1159 2282 1215 habemus
2332 1158 2520 1231 (lbid.,
2552 1159 2645 1230 6)?
2686 1159 2754 1214 Et
2786 1166 2968 1216 tamen
2998 1161 3101 1217 ista
3137 1179 3259 1218 cum
3290 1164 3490 1222 beatus

1895 1249 2187 1320 Apostolus
2238 1249 2309 1306 de
2372 1265 2431 1307 se
2482 1250 2837 1322 proﬁteatur,
2887 1267 3230 1324 nequaquam
3271 1257 3489 1327 nuptias

1896 1340 2239 1405 condemnat,
2273 1341 2339 1397 de
2374 1342 2573 1412 quibus
2601 1349 2655 1397 et
2681 1350 2948 1413 praecepta
2981 1342 3281 1418 coniugatis
3307 1348 3487 1416 dedit,

1896 1445 1953 1492 et
2008 1436 2410 1493 incontinentes
2442 1438 2708 1501 hortatur,
2741 1444 2802 1492 ut
2840 1440 2886 1492 si
2931 1452 2993 1494 se
3036 1455 3143 1495 non
3187 1442 3487 1511 continent,

1896 1530 2121 1586 nubant.
2169 1528 2322 1586 Adeo
2375 1545 2612 1600 namque
2658 1538 2766 1585 tam
2818 1529 3069 1587 Salvator
3103 1547 3262 1602 quam
3301 1534 3491 1591 beatus

1896 1625 2097 1683 Paulus
2127 1627 2459 1687 matrimonii
2483 1636 2642 1697 pacta
2667 1643 2773 1684 non
2805 1629 3113 1698 reprobant,
3145 1636 3203 1680 ut
3250 1634 3492 1683 statuant

1899 1732 2126 1773 uxorem
2154 1735 2185 1774 a
2212 1720 2333 1775 viro
2354 1734 2462 1774 non
2491 1717 2794 1785 discedere,
2822 1735 2923 1775 nec
2950 1719 3126 1774 virum
3153 1733 3375 1775 uxorem
3406 1732 3492 1773 re-

192 1812 457 1878 nitentes,
480 1812 880 1883 reprehendere
904 1825 1015 1869 non
1056 1821 1318 1868 verentur
1342 1813 1486 1884 quod
1522 1813 1796 1870 laudabile
1824 1810 1873 1881 Β
1900 1811 2164 1885 linquere,
2198 1816 2302 1870 nisi
2331 1830 2497 1871 causa
2526 1815 2901 1873 fornicationis
2929 1835 2943 1871 :
2969 1817 3112 1887 quod
3146 1817 3192 1872 si
3221 1816 3489 1873 discesse-

192 1904 308 1961 fore
336 1920 447 1961 non
474 1906 743 1979 ignorant.
769 1904 986 1961 Timere
1014 1919 1249 1975 namque
1292 1905 1605 1965 debuissent
1643 1908 1788 1979 quod

153 1989 287 2072 'per
323 2001 527 2058 Isaiam
578 2001 816 2073 loquitur
857 2000 1093 2072 Spiritus
1148 2010 1411 2057 sanctus:
1452 2000 1544 2057 Va:
1592 2002 1665 2056 eis
1699 2002 1791 2070 qui

190 2092 375 2149 dicunt
412 2090 612 2147 malum
646 2091 861 2158 bonum,
898 2101 946 2145 et
968 2091 1158 2146 bonum
1198 2089 1420 2158 malum,
1446 2101 1692 2162 ponentes
1713 2100 1789 2148 tes

191 2186 383 2242 ubras
414 2187 607 2253 lucem,
637 2196 688 2241 et
712 2185 877 2241 lucem
908 2184 1146 2241 tenebras
1173 2184 1312 2256 (Isa.
1337 2201 1395 2251 v,
1418 2186 1532 2257 20).

256 2278 731 2347 Quemadmodum
766 2292 897 2352 ergo
941 2293 1281 2351 consequens
1306 2295 1428 2336 esse
1468 2282 1786 2349 decernunt,

188 2378 245 2426 ut
268 2370 508 2429 Romani
538 2372 799 2428 danmare
830 2373 1046 2443 nuptias
1068 2372 1402 2445 iudicentur,
1453 2374 1499 2429 si
1531 2390 1696 2446 penes
1727 2374 1790 2429 il-

187 2462 269 2520 ιω
289 2464 541 2535 episcopi
568 2478 664 2520 seu
697 2465 1000 2536 presbyteri
1029 2464 1374 2520 matrimonia
1402 2480 1510 2520 non
1558 2466 1790 2520 sortiun-

188 2564 276 2611 tur
313 2571 335 2613 :
382 2568 514 2628 ergo
545 2555 594 2611 si
620 2564 917 2627 propterea
955 2555 1266 2626 nuptiarum
1303 2556 1648 2613 damnatores
1686 2559 1786 2613 lia-

1894 1905 2025 1972 rint,
2056 1906 2313 1977 innuptos
2350 1923 2589 1964 manere.

1961 1998 2213 2054 Attamen
2235 2001 2625 2056 continentiam
2651 2003 2979 2072 persuadere
2999 2003 3319 2059 desiderans
3347 2000 3488 2057 Pau-

1890 2088 1994 2154 lus,
2030 2091 2109 2146 sic
2142 2091 2345 2147 eisdem
2368 2091 2667 2149 Corinthiis
2700 2094 2893 2151 scribit
2924 2113 2939 2148 :
2971 2093 3087 2150 Hoc
3132 2096 3309 2167 itaque
3342 2094 3487 2162 dico,

1888 2181 2080 2253 fratres
2110 2198 2129 2236 :
2160 2182 2382 2255 Tempus
2418 2183 2567 2239 breve
2609 2194 2716 2251 est,
2762 2184 3021 2258 reliquum
3050 2195 3126 2241 est
3172 2195 3227 2240 ut
3252 2187 3340 2258 qui
3388 2186 3489 2240 ha-

1891 2272 2006 2326 bent
2038 2289 2246 2341 uxores,
2273 2285 2526 2347 tanquam
2553 2292 2658 2332 non
2672 2277 2925 2335 habentes
2956 2280 3093 2346 sint;
3127 2289 3175 2335 et
3218 2281 3308 2351 qui
3336 2280 3489 2351 ﬂent,

1892 2370 2142 2435 tanquam
2184 2382 2288 2420 non
2330 2368 2547 2438 ﬂentes;
2587 2378 2636 2423 et
2666 2371 2757 2441 qui
2795 2371 3045 2441 gaudent,
3087 2381 3338 2442 tanquam
3384 2387 3491 2427 non

1889 2456 2207 2526 gaudentes;
2232 2466 2282 2512 et
2304 2458 2394 2530 qui
2420 2469 2598 2514 emunt
2627 2457 2888 2533 tanquam
2914 2478 3019 2516 non
3047 2463 3406 2533 possidentes;
3436 2470 3489 2517 et

1889 2546 1979 2617 qui
2008 2557 2231 2601 utuntur
2253 2554 2351 2603 hoc
2378 2549 2596 2617 mundo,
2636 2560 2887 2622 tanquam
2935 2568 3038 2607 non
3070 2560 3327 2605 utantur:
3356 2566 3490 2623 prat-

186 2647 347 2703 bendi
378 2658 526 2713 sunt,
557 2648 733 2704 eidem
766 2648 1052 2704 sententiae
1080 2647 1439 2719 subiacebunt
1460 2647 1650 2706 Patres
1678 2661 1785 2704 tam

1896 2638 2011 2692 terit
2033 2641 2172 2694 enim
2197 2639 2368 2711 ﬁgura
2395 2641 2557 2711 hujus
2580 2643 2761 2698 mundi
2793 2642 2844 2714 (1
2875 2642 2996 2699 Cor.
3029 2659 3124 2709 vn,
3155 2643 3489 2719 29—51).Qui

187 2740 409 2799 Veteris
431 2756 597 2812 quam
618 2739 752 2797 Novi
783 2739 1137 2796 Testamenti.
1156 2738 1304 2794 Elias
1330 2740 1614 2811 propheta,
1634 2741 1790 2812 cujus
1891 2734 2139 2801 superius
2161 2734 2623 2791 incontinentibus
2649 2737 2884 2792 nubendi
2926 2736 3200 2793 licentiam
3238 2737 3485 2805 dederat,

188 2832 255 2888 ad
293 2831 589 2901 imperium
629 2830 824 2888 omium
854 2837 1135 2886 reseratur
1163 2837 1219 2884 et
1264 2829 1554 2896 clauditur,
1587 2831 1790 2902 quique
1893 2832 2153 2894 tanquam
2189 2824 2656 2902 inllrmigsalutis
2683 2827 2981 2885 remedium
3008 2829 3293 2900 porrigens
3332 2829 3489 2897 dicit,

189 2923 502 2981 ministerio
533 2923 780 2994 angelico
824 2921 1128 2979 sustollitur
1153 2922 1220 2977 ad
1253 2922 1440 2987 cmlos,
1486 2938 1594 2978 non
1637 2923 1790 2979 duxit
1894 2912 2088 2973 Melius
2128 2926 2205 2971 est
2260 2906 2399 2971 enim
2438 2906 2633 2995 ﬂere
2657 2933 2816 2989 quam
2855 2919 2939 2972 uri
2986 2917 3172 2991 (Ibid.,
3210 2918 3309 2991 9).
3338 2918 3494 2977 Nune

189 3031 439 3074 uxorem.
468 3015 735 3074 Jeremias
756 3024 910 3072 vates
934 3016 990 3071 in
1016 3023 1174 3072 utero
1204 3014 1595 3082 sanctiﬁcatus,
1620 3016 1786 3088 virgi-
1891 3007 2136 3077 ρηθοὶρίι
2175 3006 2325 3063 frena
2372 3009 2599 3095 luxuria:
2643 3026 2767 3067 cum
2797 3012 3016 3084 propria
3047 3028 3264 3085 quoque
3311 3029 3483 3073 uxore

187 3110 625 3175 ιιίιιιίιιιοηιιω,
655 3117 712 3165 ει
741 3096 1077 3166 castimonia:
1112 3109 1407 3180 puritatem
1438 3108 1788 3164 matrimonio
1834 3179 1841 3180 ί
1894 3098 2169 3154 cohibere.
2194 3099 2440 3173 Quidjest
2467 3103 2781 3161 enimaliud
2805 3105 2949 3176 quod
2978 3106 3107 3162 dicit
3131 3125 3143 3161 :
3169 3107 3276 3174 Qui
3296 3108 3490 3164 habent

188 3202 447 3275 ρηωιίι,
472 3201 680 3266 Daniel,
713 3200 800 3257 vir
818 3179 1214 3257 desideriupum
1247 3200 1568 3273 appellatus,
1608 3202 1784 3271 magis
1812 3179 1857 3243 C
1890 3206 2099 3255 uxores,
2127 3198 2381 3265 tanquam
2422 3210 2526 3248 non
2556 3194 2801 3250 habentes
2820 3197 2944 3262 sint,
2991 3197 3094 3252 lliSi
3131 3198 3331 3264 dicere,
3372 3198 3496 3255 libi-

190 3296 585 3354 continentiam
613 3310 776 3366 quam
797 3293 1137 3366 coniugalem
1148 3292 1399 3365 copulam
1422 3292 1641 3365 delegit.
1672 3292 1786 3348 Nec

190 3400 379 3446 tamen
414 3389 506 3445 isti
548 3389 767 3459 nuptias
798 3386 1154 3452 damnavere,
1186 3386 1438 3458 quamvis
1470 3386 1786 3458 nuptiarum

190 3480 401 3539 hedera
439 3496 549 3537 non
603 3480 911 3537 habuerint.
963 3479 1212 3535 Salvator
1257 3479 1325 3535 de
1371 3480 1585 3551 virgine
1634 3478 1785 3534 nasci

189 3576 415 3642 maluit;
464 3583 527 3631 ut
570 3589 786 3632 sacrum
831 3571 1142 3645 coniugium
1188 3574 1545 3645 approbaret,
1585 3572 1788 3643 nuptiis

192 3670 462 3726 interesse
490 3684 598 3725 non
642 3668 842 3724 renuit.
872 3665 1109 3723 Joannes
1135 3667 1334 3722 amoris
1372 3665 1711 3737 privilegium
1755 3679 1787 3719 a

190 3762 413 3819 Christo
440 3761 763 3833 promeruit,
810 3760 1064 3831 quoniam
1094 3759 1216 3831 plus
1254 3758 1456 3814 Christi
1498 3756 1789 3828 discipula-

191 3862 329 3919 tum,
369 3867 535 3924 quam
579 3852 794 3924 nuptias
825 3851 1008 3922 elegit.
1051 3848 1248 3905 Petrus
1298 3848 1590 3921 apostolus,
1639 3857 1790 3902 ante-

190 3960 354 4015 quam
391 3945 644 4002 Christus
686 3959 810 4000 cum
838 3944 895 3999 in
933 3942 1271 4013 apostolatus
1310 3942 1623 4013 dignitatem
1661 3939 1793 3995 sub-

191 4048 443 4113 rogaret,
507 4040 919 4095 matrimonium
966 4052 1075 4094 non
1132 4036 1337 4109 sprevit
1387 4050 1401 4089 :
1454 4034 1790 4106 apostolatus

190 4142 374 4187 autem
405 4132 672 4204 dignitate
718 4130 1059 4195 sublimatus,
1092 4138 1148 4183 et
1175 4128 1230 4182 in
1257 4125 1624 4198 evangelicam
1651 4139 1791 4196 prae-

190 4223 524 4281 dicationem
568 4224 891 4288 destinatus,
939 4225 1042 4278 etsi
1074 4221 1357 4291 coniugem
1394 4236 1501 4276 non
1559 4219 1784 4290 repulit,

191 4331 329 4388 epus
354 4325 531 4372 tamen
554 4317 838 4389 coniugale
860 4315 1168 4372 declinavit.
1194 4313 1348 4382 Quod
1372 4314 1536 4369 etiam
1560 4321 1789 4368 caeteros

192 4406 472 4477 apostolos
518 4405 713 4462 fecisse
757 4421 864 4461 non
924 4404 1301 4460 dubitandum.
1347 4403 1598 4457 Attamen
1656 4401 1789 4457 istos

1889 3280 2032 3344 diuis
2054 3282 2328 3339 lasciviam
2352 3301 2381 3339 a
2405 3286 2640 3356 propriis
2678 3288 2844 3344 etiam
2875 3291 3137 3345 uxoribus
3169 3292 3491 3362 reprimere,

1887 3384 1943 3432 et
1969 3378 2141 3432 amori
2170 3379 2341 3449 magis
2376 3378 2635 3447 filiorum,
2676 3396 2840 3453 quam
2869 3384 3051 3440 carnis
3072 3385 3344 3442 desiderio
3368 3402 3490 3443 ser-

1889 3469 2183 3526 viendum?
2222 3472 2452 3543 Propter
2496 3475 2640 3544 quod
2688 3476 2902 3531 dixerat
2948 3479 3195 3547 superius
3228 3497 3243 3534 :
3282 3479 3493 3537 Bonum

1888 3573 1964 3617 est
2020 3563 2222 3620 homini
2276 3565 2547 3621 mulierem
2603 3583 2707 3623 non
2753 3577 2966 3640 tangere
3015 3570 3206 3643 (ΗΜΛ,
3269 3573 3339 3645 1).
3386 3571 3493 3630 Sed

1888 3654 2142 3723 quoniam
2174 3657 2291 3712 haec
2321 3656 2494 3712 virtus
2524 3673 2631 3712 non
2675 3658 2931 3716 omnibus
2973 3661 3147 3727 adest,
3172 3692 3175 3695 ι
3200 3670 3489 3732 propterea

1890 3745 2033 3810 dico,
2068 3743 2294 3817 Prapter
2321 3748 2721 3819 fornicationem
2746 3760 2926 3805 autem
2952 3754 3309 3825 unusquisque
3336 3770 3493 3810 suam

1891 3854 2109 3893 uxorem
2160 3838 2370 3905 habeat,
2419 3852 2467 3894 et
2517 3857 2843 3914 unaquaque
2889 3850 3045 3898 suum
3096 3845 3264 3900 virum
3303 3845 3494 3900 habent

1890 3928 2080 4000 (lbid.,
2122 3929 2212 4002 2).
2263 3930 2417 3998 Quod
2469 3933 2572 3987 hoc
2611 3931 2730 3989 loco
2792 3932 3098 3990 inﬁrmitati
3149 3936 3489 4004 conceditur,

1890 4020 2162 4091 posterius
2187 4034 2436 4077 resecare
2464 4022 2723 4093 gestiens,
2767 4023 2844 4078 ait
2872 4043 2887 4078 :
2922 4023 3027 4091 Qui
3054 4026 3247 4081 habent
3275 4042 3491 4094 mres,

1891 4122 2142 4184 tanquam
2177 4130 2281 4169 non
2324 4114 2570 4170 habentes
2610 4116 2734 4171 sint.
2773 4117 2994 4174 ilioneus
3018 4134 3127 4175 non
3176 4135 3392 4193 semper
3417 4120 3495 4176 in-

1892 4206 2136 4263 ﬁrmitati
2168 4207 2610 4280 deserviendurn,
2634 4222 2823 4264 verum
2854 4210 3189 4267 castimonia:
3216 4213 3494 4273 sanctitati

1892 4300 2385 4365 consuescendum;
2454 4300 2711 4372 quoniam
2777 4302 3023 4373 praeterit
3092 4303 3264 4376 ﬁgura
3332 4303 3495 4375 huius

1893 4392 2099 4447 mundi.
2154 4391 2353 4464 Figura
2396 4390 2499 4447 fuit
2547 4392 2733 4457 mundi
2778 4394 3058 4451 carnalem
3107 4397 3492 4468 posteritatem

191 4517 358 4558 nemo
382 4515 547 4555 sanus
570 4500 718 4555 dicet
744 4500 1029 4556 damnasse
1056 4498 1324 4569 coniugia,
1354 4496 1482 4553 licet
1504 4496 1791 4552 continen-

1896 4500 2158 4556 quterere,
2186 4494 2242 4541 et
2274 4485 2509 4541 ﬁliorum
2536 4487 3060 4560 progeniegandere,
3087 4490 3355 4561 turbaque
3367 4507 3495 4562 pro-

191 4594 280 4650 tite
309 4591 732 4647 sanctimoniam
761 4590 963 4645 iuerint
990 4589 1298 4660 amplexati.

259 4686 442 4742 Porro
481 4683 712 4739 Romani
747 4683 1204 4753 quemadmodum
1248 4680 1536 4752 culpantur
1566 4679 1794 4749 «nuptiae

192 4792 311 4832 rum
357 4776 564 4830 hedera
593 4776 873 4840 damnare,
906 4773 1342 4846 quandoquidem
1374 4772 1517 4844 apud
1550 4786 1646 4826 eos
1686 4786 1789 4825 nu-

193 4873 320 4939 ptia:
345 4866 715 4931 celebrentur,
741 4873 798 4920 et
814 4880 883 4922 ex
910 4864 1154 4937 legitimo
1175 4863 1521 4918 matrimonio
1548 4860 1641 4917 lilii
1671 4876 1793 4932 pro-

195 4960 489 5017 creentur‘i
511 4959 715 5015 Scribit
738 4959 929 5014 beatus
949 4958 1227 5027 apostolus
1246 4955 1445 5011 Paulus
1469 4954 1787 5021 Corinthiis,

196 5049 437 5109 licens:
491 5046 619 5105 Volo
668 5060 844 5105 autem
873 5064 1051 5103 omnes
1097 5049 1331 5105 homines
1374 5063 1487 5102 esse
1505 5048 1642 5102 sicut
1687 5062 1796 5101 me-

195 5142 406 5213 ipsutn;
427 5141 518 5196 sed
539 5142 867 5213 unuquisque
890 5139 1044 5194 habet
1063 5138 1334 5210 proprium
1353 5137 1551 5191 donum
1570 5153 1635 5191 ea:
1653 5136 1793 5192 Deo:

194 5234 339 5289 alius
368 5234 581 5306 quidem
610 5234 713 5299 sic,
733 5232 871 5287 alius
900 5248 1021 5287 vero
1045 5231 1120 5285 sic
1157 5229 1211 5302 (Ι
1249 5229 1374 5284 Cor.
1398 5244 1495 5295 vn,
1530 5229 1607 5299 7).
1640 5227 1795 5285 Unde

196 5340 333 5384 vero
371 5327 587 5382 dicebat
612 5326 757 5398 quod
795 5324 959 5381 vellet
982 5339 1174 5380 omnes
1210 5323 1459 5378 homines
1494 5336 1616 5378 esse
1658 5322 1800 5377 sicut

196 5421 461 5491 seipsum,
504 5418 669 5491 paulo
687 5418 940 5489 superius
979 5416 1175 5489 aperit,
1205 5415 1296 5470 ubi
1325 5412 1628 5485 coniugatis
1658 5407 1798 5484 prata

199 5522 358 5582 cepta
383 5515 564 5571 sanxit
584 5514 816 5570 invicem
837 5512 942 5568 sibi
955 5510 1410 5582 quemadmodum
1432 5507 1796 5575 deservirem,

201 5605 287 5660 sui
341 5608 587 5678 corporis
612 5614 939 5679 potestatem
984 5613 1095 5660 tam
1125 5605 1209 5659 vir
1250 5619 1411 5675 quam
1455 5602 1652 5659 femina
1691 5616 1797 5657 non

202 5693 476 5761 habendo,
506 5697 600 5753 sed
627 5713 696 5756 ex
708 5696 932 5753 alterius
945 5695 1301 5767 permissione
1332 5694 1616 5751 servando.
1646 5692 1800 5750 Unde

206 5786 263 5842 in
314 5786 664 5846 conclusione
698 5792 779 5847 sic
830 5789 1015 5846 intulit
1057 5806 1071 5844 :
1125 5788 1239 5867 Hoc
1271 5799 1465 5857 autem,
1524 5788 1797 5860 inquiens,

1820 4546 1871 4603 Ι)

1898 4578 2224 4649 pinquorum
2249 4577 2522 4634 exsultare
2574 4597 2588 4634 :
2636 4587 2695 4635 at
2718 4594 2848 4636 vero
2879 4580 3141 4652 quoniam
3168 4582 3398 4636 mundus
3438 4582 3495 4638 in

1896 4680 2142 4727 extremo
2191 4673 2397 4742 positus
2434 4673 2596 4728 linem
2626 4675 3003 4745 praestolatur;
3052 4684 3125 4741 et,
3160 4683 3217 4729 ut
3259 4675 3336 4730 ait
3366 4676 3495 4731 bea~

1899 4772 1986 4819 tus
2008 4762 2262 4831 Joannes,
2294 4764 2595 4820 Novissima
2620 4767 2752 4820 hora
2771 4776 2847 4821 est
2876 4766 2926 4834 (l
2955 4766 3118 4821 Joan.
3143 4783 3204 4830 ll,
3234 4764 3321 4838 18)
3347 4783 3360 4832 ;
3386 4782 3493 4823 non

1897 4859 2131 4916 carnalis
2177 4876 2414 4933 propago
2446 4861 2538 4917 sed
2585 4861 2885 4933 spiritualis
2906 4861 3079 4933 magis
3123 4861 3282 4917 debet
3313 4862 3492 4932 appeti

1897 4951 2215 5006 successio:
2251 4949 2319 5006 Ut
2366 4954 2455 5023 qui
2482 4951 2681 5018 vivunt,
2702 4952 2819 5022 jam
2867 4967 2974 5007 non
3024 4952 3125 5006 sibi
3153 4953 3348 5017 vivant,
3400 4953 3492 5008 sed

1898 5040 2107 5098 Christo
2134 5043 2224 5113 qui
2266 5058 2361 5113 pro
2405 5042 2481 5096 eis
2512 5050 2751 5096 mortuus
2772 5051 2869 5107 est,
2904 5051 2952 5097 et
2981 5043 3266 5097 resurrexit
3289 5041 3343 5114 (I
3364 5041 3487 5098 Cor.

1897 5150 1951 5201 v,
1985 5134 2098 5207 15).
2130 5135 2423 5207 Propterea
2453 5134 2586 5190 dicit
2612 5133 2806 5191 ﬂentes
2848 5134 2965 5190 ﬁeri
2996 5136 3197 5192 debere
3235 5143 3492 5206 tanquam

1899 5232 2005 5281 non
2045 5224 2258 5292 ﬂentes,
2311 5234 2370 5281 ut
2410 5224 2572 5296 huius
2622 5225 2809 5281 mundi
2855 5225 3069 5281 ruinam
3090 5235 3270 5303 ‘atque
3302 5227 3494 5284 'tribu-

1898 5318 2128 5374 lationes
2200 5327 2526 5374 aeternorum
2580 5333 2677 5389 spe
2726 5318 3044 5390 gaudiorum
3115 5318 3489 5376 consolentur.

1906 5411 2169 5470 Similiter
2243 5412 2542 5485 gaudentes
2618 5413 2674 5466 in
2752 5413 3107 5469 saecularibus
3180 5412 3495 5485 temporali-

1908 5516 1991 5562 ter
2047 5505 2545 5571 commodisﬂiant
2592 5513 2852 5576 tanquam
2910 5520 3016 5560 non
3054 5504 3380 5578 gaudentes;
3434 5512 3496 5561 ut

1905 5599 2216 5671 temporalis
2267 5598 2392 5653 boni
2427 5595 2623 5669 gaudia
2677 5604 3089 5653 contemnentes
3139 5604 3361 5668 propter
3407 5591 3495 5651 sui

1907 5692 2272 5765 fragilitatem,
2301 5699 2463 5760 atque
2488 5688 2966 5761 permutationem,
2994 5689 3058 5744 de
3079 5688 3298 5743 aeternis
3316 5686 3494 5758 potius

1908 5788 2179 5857 gaudeant
2220 5795 2277 5843 et
2320 5785 2623 5854 exsultent;
2675 5772 2947 5857 quatenus
2997 5783 3193 5857 gaudia
3234 5780 3494 5857 perennis
